  <div class='ocr_page' id='page_1' title='image "/cluster/home/n/w/nwhite01/storage/ocr_20150623/32:no.4/coo.31924054869296/702.png"; bbox 0 0 4082 6386; ppageno 0'>
   <div class='ocr_carea' id='block_1_1' title="bbox 199 247 3631 309">
    <p class='ocr_par' dir='ltr' id='par_1_1' title="bbox 199 247 3631 309">
     <span class='ocr_line' id='line_1_1' title="bbox 199 247 3631 309; baseline 0 -2"><span class='ocrx_word' id='word_1_1' title='bbox 199 254 350 309; x_wconf 82' lang='grc'><strong><em>1385</em></strong></span> <span class='ocrx_word' id='word_1_2' title='bbox 1438 250 1780 307; x_wconf 72' lang='grc' dir='ltr'><strong><em>ΑΒΒΕΝΠΑ</em></strong></span> <span class='ocrx_word' id='word_1_3' title='bbox 1819 250 1905 306; x_wconf 81' lang='grc' dir='ltr'><strong><em>ΕΤ</em></strong></span> <span class='ocrx_word' id='word_1_4' title='bbox 1940 247 2398 308; x_wconf 71' lang='grc' dir='ltr'><strong><em>ΒΜΕΝΒΑΝΒΔ.</em></strong></span> <span class='ocrx_word' id='word_1_5' title='bbox 3492 250 3631 307; x_wconf 78' lang='grc'><strong><em>1386</em></strong></span> 
     </span>
    </p>
   </div>
   <div class='ocr_carea' id='block_1_2' title="bbox 198 371 3634 451">
    <p class='ocr_par' dir='ltr' id='par_1_2' title="bbox 198 371 3634 451">
     <span class='ocr_line' id='line_1_2' title="bbox 198 371 3634 451; baseline -0.001 -19"><span class='ocrx_word' id='word_1_6' title='bbox 198 381 351 443; x_wconf 83' lang='lat'><strong>239;</strong></span> <span class='ocrx_word' id='word_1_7' title='bbox 381 376 600 450; x_wconf 78' lang='lat' dir='ltr'><strong><em>vixque</em></strong></span> <span class='ocrx_word' id='word_1_8' title='bbox 619 375 877 433; x_wconf 86' lang='lat' dir='ltr'><strong><em>dubium</em></strong></span> <span class='ocrx_word' id='word_1_9' title='bbox 905 377 1056 451; x_wconf 88' lang='lat' dir='ltr'><strong><em>quin</em></strong></span> <span class='ocrx_word' id='word_1_10' title='bbox 1083 390 1374 448; x_wconf 81' lang='lat' dir='ltr'><strong><em>magnam</em></strong></span> <span class='ocrx_word' id='word_1_11' title='bbox 1402 377 1637 449; x_wconf 90' lang='lat' dir='ltr'><strong><em>partem</em></strong></span> <span class='ocrx_word' id='word_1_12' title='bbox 1658 390 1868 431; x_wconf 86' lang='lat' dir='ltr'><strong><em>earum</em></strong></span> <span class='ocrx_word' id='word_1_13' title='bbox 1899 379 1945 432; x_wconf 76' lang='grc' dir='ltr'><strong>Α</strong></span> <span class='ocrx_word' id='word_1_14' title='bbox 1976 373 2322 444; x_wconf 85' lang='lat' dir='ltr'><strong><em>Eustathio,</em></strong></span> <span class='ocrx_word' id='word_1_15' title='bbox 2345 389 2517 447; x_wconf 84' lang='lat' dir='ltr'><strong><em>quem</em></strong></span> <span class='ocrx_word' id='word_1_16' title='bbox 2543 373 2781 447; x_wconf 88' lang='lat' dir='ltr'><strong><em>quidem</em></strong></span> <span class='ocrx_word' id='word_1_17' title='bbox 2810 389 3191 446; x_wconf 76' lang='lat' dir='ltr'><strong><em>congressum</em></strong></span> <span class='ocrx_word' id='word_1_18' title='bbox 3220 371 3634 433; x_wconf 76' lang='lat' dir='ltr'><strong><em>consecutisu-</em></strong></span> 
     </span>
    </p>
   </div>
   <div class='ocr_carea' id='block_1_3' title="bbox 198 463 3635 540">
    <p class='ocr_par' dir='ltr' id='par_1_3' title="bbox 198 463 3635 540">
     <span class='ocr_line' id='line_1_3' title="bbox 198 463 3635 540; baseline -0 -18"><span class='ocrx_word' id='word_1_19' title='bbox 198 482 414 523; x_wconf 89' lang='lat' dir='ltr'><strong><em>rerum</em></strong></span> <span class='ocrx_word' id='word_1_20' title='bbox 444 466 793 523; x_wconf 78' lang='lat' dir='ltr'><strong><em>sustinuerit</em></strong></span> <span class='ocrx_word' id='word_1_21' title='bbox 816 471 1173 540; x_wconf 76' lang='lat' dir='ltr'><strong><em>Ancyranus</em></strong></span> <span class='ocrx_word' id='word_1_22' title='bbox 1192 466 1533 539; x_wconf 84' lang='lat' dir='ltr'><strong><em>episcopus,</em></strong></span> <span class='ocrx_word' id='word_1_23' title='bbox 1560 480 1630 522; x_wconf 88' lang='lat' dir='ltr'><strong><em>ac</em></strong></span> <span class='ocrx_word' id='word_1_24' title='bbox 1650 480 1867 522; x_wconf 84' lang='lat' dir='ltr'><strong><em>nume-</em></strong></span> <span class='ocrx_word' id='word_1_25' title='bbox 1975 480 2130 520; x_wconf 91' lang='lat' dir='ltr'><strong><em>mus.</em></strong></span> <span class='ocrx_word' id='word_1_26' title='bbox 2161 463 2330 530; x_wconf 84' lang='lat' dir='ltr'><strong><em>Illud,</em></strong></span> <span class='ocrx_word' id='word_1_27' title='bbox 2357 465 2813 534; x_wconf 78' lang='lat' dir='ltr'><strong><em>expectabatur,</em></strong></span> <span class='ocrx_word' id='word_1_28' title='bbox 2834 469 2891 520; x_wconf 92' lang='lat' dir='ltr'><strong><em>et</em></strong></span> <span class='ocrx_word' id='word_1_29' title='bbox 2915 479 3053 537; x_wconf 64' lang='lat' dir='ltr'><strong><em>qum</em></strong></span> <span class='ocrx_word' id='word_1_30' title='bbox 3084 464 3451 537; x_wconf 71' lang='lat' dir='ltr'><strong><em>praecedunt,</em></strong></span> <span class='ocrx_word' id='word_1_31' title='bbox 3483 465 3635 521; x_wconf 84' lang='lat' dir='ltr'><strong><em>Era-</em></strong></span> 
     </span>
    </p>
   </div>
   <div class='ocr_carea' id='block_1_4' title="bbox 201 552 3637 628">
    <p class='ocr_par' dir='ltr' id='par_1_4' title="bbox 201 552 3637 628">
     <span class='ocr_line' id='line_1_4' title="bbox 201 552 3637 628; baseline -0 -16"><span class='ocrx_word' id='word_1_32' title='bbox 201 554 334 612; x_wconf 86' lang='lat' dir='ltr'><strong><em>rari</em></strong></span> <span class='ocrx_word' id='word_1_33' title='bbox 364 552 584 611; x_wconf 87' lang='lat' dir='ltr'><strong><em>debeat</em></strong></span> <span class='ocrx_word' id='word_1_34' title='bbox 606 554 760 611; x_wconf 89' lang='lat' dir='ltr'><strong><em>inter</em></strong></span> <span class='ocrx_word' id='word_1_35' title='bbox 785 553 918 610; x_wconf 90' lang='lat' dir='ltr'><strong><em>illos</em></strong></span> <span class='ocrx_word' id='word_1_36' title='bbox 941 554 1220 623; x_wconf 79' lang='lat' dir='ltr'><strong><em>Arianos,</em></strong></span> <span class='ocrx_word' id='word_1_37' title='bbox 1251 553 1355 628; x_wconf 86' lang='lat' dir='ltr'><strong><em>qui</em></strong></span> <span class='ocrx_word' id='word_1_38' title='bbox 1385 569 1561 610; x_wconf 89' lang='lat' dir='ltr'><strong><em>suam</em></strong></span> <span class='ocrx_word' id='word_1_39' title='bbox 1592 569 1868 609; x_wconf 91' lang='lat' dir='ltr'><strong><em>commu-</em></strong></span> <span class='ocrx_word' id='word_1_40' title='bbox 1976 569 2108 610; x_wconf 85' lang='lat' dir='ltr'><strong><em>mus</em></strong></span> <span class='ocrx_word' id='word_1_41' title='bbox 2158 554 2334 610; x_wconf 86' lang='lat' dir='ltr'><strong><em>etiam</em></strong></span> <span class='ocrx_word' id='word_1_42' title='bbox 2391 569 2522 610; x_wconf 87' lang='lat' dir='ltr'><strong><em>cum</em></strong></span> <span class='ocrx_word' id='word_1_43' title='bbox 2572 555 2861 625; x_wconf 73' lang='lat' dir='ltr'><strong><em>episcopis</em></strong></span> <span class='ocrx_word' id='word_1_44' title='bbox 2919 554 3193 611; x_wconf 70' lang='lat' dir='ltr'><strong><em>secundae</em></strong></span> <span class='ocrx_word' id='word_1_45' title='bbox 3234 555 3637 625; x_wconf 70' lang='lat' dir='ltr'><strong><em>Cappadociae</em></strong></span> 
     </span>
    </p>
   </div>
   <div class='ocr_carea' id='block_1_5' title="bbox 201 642 3635 717">
    <p class='ocr_par' dir='ltr' id='par_1_5' title="bbox 201 642 3635 717">
     <span class='ocr_line' id='line_1_5' title="bbox 201 642 3635 717; baseline 0 -16"><span class='ocrx_word' id='word_1_46' title='bbox 201 643 458 701; x_wconf 88' lang='lat' dir='ltr'><strong><em>nionem</em></strong></span> <span class='ocrx_word' id='word_1_47' title='bbox 504 648 755 717; x_wconf 71' lang='lat' dir='ltr'><strong><em>Ancyrae</em></strong></span> <span class='ocrx_word' id='word_1_48' title='bbox 812 644 875 700; x_wconf 90' lang='lat' dir='ltr'><strong><em>in</em></strong></span> <span class='ocrx_word' id='word_1_49' title='bbox 927 643 1212 700; x_wconf 87' lang='lat' dir='ltr'><strong><em>domibus</em></strong></span> <span class='ocrx_word' id='word_1_50' title='bbox 1264 643 1512 717; x_wconf 76' lang='lat' dir='ltr'><strong><em>privatis</em></strong></span> <span class='ocrx_word' id='word_1_51' title='bbox 1561 642 1869 699; x_wconf 87' lang='lat' dir='ltr'><strong><em>Eustathio</em></strong></span> <span class='ocrx_word' id='word_1_52' title='bbox 1978 644 2745 714; x_wconf 85' lang='lat' dir='ltr'><strong><em>congressuri,referuntur</em></strong></span> <span class='ocrx_word' id='word_1_53' title='bbox 2774 643 2852 701; x_wconf 92' lang='lat' dir='ltr'><strong><em>ad</em></strong></span> <span class='ocrx_word' id='word_1_54' title='bbox 2894 643 3125 700; x_wconf 91' lang='lat' dir='ltr'><strong><em>initium</em></strong></span> <span class='ocrx_word' id='word_1_55' title='bbox 3158 642 3449 717; x_wconf 70' lang='lat' dir='ltr'><strong><em>epistolae,</em></strong></span> <span class='ocrx_word' id='word_1_56' title='bbox 3486 645 3635 701; x_wconf 88' lang='lat' dir='ltr'><strong><em>Cum</em></strong></span> 
     </span>
    </p>
   </div>
   <div class='ocr_carea' id='block_1_6' title="bbox 205 731 3642 807">
    <p class='ocr_par' dir='ltr' id='par_1_6' title="bbox 205 731 3642 807">
     <span class='ocr_line' id='line_1_6' title="bbox 205 731 3642 807; baseline -0 -17"><span class='ocrx_word' id='word_1_57' title='bbox 205 739 662 805; x_wconf 86' lang='lat' dir='ltr'><strong><em>concesserunt,</em></strong></span> <span class='ocrx_word' id='word_1_58' title='bbox 719 749 790 791; x_wconf 85' lang='lat' dir='ltr'><strong><em>ac</em></strong></span> <span class='ocrx_word' id='word_1_59' title='bbox 832 732 1273 807; x_wconf 80' lang='lat' dir='ltr'><strong><em>perhonoriﬁca</em></strong></span> <span class='ocrx_word' id='word_1_60' title='bbox 1330 733 1409 790; x_wconf 89' lang='lat' dir='ltr'><strong><em>ab</em></strong></span> <span class='ocrx_word' id='word_1_61' title='bbox 1456 749 1528 790; x_wconf 90' lang='lat' dir='ltr'><strong><em>eo</em></strong></span> <span class='ocrx_word' id='word_1_62' title='bbox 1560 748 1591 788; x_wconf 90' lang='lat' dir='ltr'><strong><em>e</em></strong></span> <span class='ocrx_word' id='word_1_63' title='bbox 1641 731 1871 790; x_wconf 88' lang='lat' dir='ltr'><strong><em>Galatia</em></strong></span> <span class='ocrx_word' id='word_1_64' title='bbox 1976 734 2318 804; x_wconf 74' lang='lat' dir='ltr'><strong><em>Nicopolim</em></strong></span> <span class='ocrx_word' id='word_1_65' title='bbox 2368 739 2565 790; x_wconf 81' lang='lat' dir='ltr'><strong><em>mente</em></strong></span> <span class='ocrx_word' id='word_1_66' title='bbox 2608 735 2931 806; x_wconf 88' lang='lat' dir='ltr'><strong><em>animoque</em></strong></span> <span class='ocrx_word' id='word_1_67' title='bbox 2977 733 3198 803; x_wconf 83' lang='lat' dir='ltr'><strong><em>ferrer.</em></strong></span> <span class='ocrx_word' id='word_1_68' title='bbox 3247 731 3444 789; x_wconf 80' lang='lat' dir='ltr'><strong><em>Alium</em></strong></span> <span class='ocrx_word' id='word_1_69' title='bbox 3496 731 3642 789; x_wconf 80' lang='lat' dir='ltr'><strong><em>dicit</em></strong></span> 
     </span>
    </p>
   </div>
   <div class='ocr_carea' id='block_1_7' title="bbox 207 822 3641 897">
    <p class='ocr_par' dir='ltr' id='par_1_7' title="bbox 207 822 3641 897">
     <span class='ocr_line' id='line_1_7' title="bbox 207 822 3641 897; baseline -0.001 -16"><span class='ocrx_word' id='word_1_70' title='bbox 207 824 512 887; x_wconf 81' lang='lat' dir='ltr'><strong><em>accersiti,</em></strong></span> <span class='ocrx_word' id='word_1_71' title='bbox 539 823 728 880; x_wconf 89' lang='lat' dir='ltr'><strong><em>multa</em></strong></span> <span class='ocrx_word' id='word_1_72' title='bbox 758 823 921 880; x_wconf 89' lang='lat' dir='ltr'><strong><em>mala</em></strong></span> <span class='ocrx_word' id='word_1_73' title='bbox 950 822 1056 880; x_wconf 88' lang='lat' dir='ltr'><strong><em>toti</em></strong></span> <span class='ocrx_word' id='word_1_74' title='bbox 1084 823 1314 893; x_wconf 84' lang='lat' dir='ltr'><strong><em>regioni</em></strong></span> <span class='ocrx_word' id='word_1_75' title='bbox 1336 822 1651 879; x_wconf 88' lang='lat' dir='ltr'><strong><em>dederunt.</em></strong></span> <span class='ocrx_word' id='word_1_76' title='bbox 1977 825 2141 882; x_wconf 89' lang='lat' dir='ltr'><strong><em>hunc</em></strong></span> <span class='ocrx_word' id='word_1_77' title='bbox 2166 839 2586 894; x_wconf 85' lang='lat' dir='ltr'><strong><em>congressum,</em></strong></span> <span class='ocrx_word' id='word_1_78' title='bbox 2632 823 2778 897; x_wconf 89' lang='lat' dir='ltr'><strong><em>quia</em></strong></span> <span class='ocrx_word' id='word_1_79' title='bbox 2816 824 2947 896; x_wconf 90' lang='lat' dir='ltr'><strong><em>jam</em></strong></span> <span class='ocrx_word' id='word_1_80' title='bbox 2995 822 3070 879; x_wconf 91' lang='lat' dir='ltr'><strong><em>de</em></strong></span> <span class='ocrx_word' id='word_1_81' title='bbox 3117 837 3451 894; x_wconf 80' lang='lat' dir='ltr'><strong><em>congressu</em></strong></span> <span class='ocrx_word' id='word_1_82' title='bbox 3498 836 3641 880; x_wconf 85' lang='lat' dir='ltr'><strong><em>eum</em></strong></span> 
     </span>
    </p>
   </div>
   <div class='ocr_carea' id='block_1_8' title="bbox 288 909 1869 986">
    <p class='ocr_par' dir='ltr' id='par_1_8' title="bbox 288 909 1869 986">
     <span class='ocr_line' id='line_1_8' title="bbox 288 909 1869 986; baseline -0.004 -16"><span class='ocrx_word' id='word_1_83' title='bbox 288 914 474 986; x_wconf 84' lang='lat' dir='ltr'><strong><em>Epist.</em></strong></span> <span class='ocrx_word' id='word_1_84' title='bbox 525 918 615 981; x_wconf 80' lang='lat'><strong><em>55,</em></strong></span> <span class='ocrx_word' id='word_1_85' title='bbox 647 929 708 985; x_wconf 90' lang='lat' dir='ltr'><strong><em>p.</em></strong></span> <span class='ocrx_word' id='word_1_86' title='bbox 749 916 870 969; x_wconf 71' lang='lat' dir='ltr'><strong><em>M9:</em></strong></span> <span class='ocrx_word' id='word_1_87' title='bbox 933 912 1166 986; x_wconf 73' lang='grc' dir='ltr'><strong><em>’Δγαμία</em></strong></span> <span class='ocrx_word' id='word_1_88' title='bbox 1223 909 1283 965; x_wconf 59' lang='grc' dir='ltr'><strong><em>δὴ</em></strong></span> <span class='ocrx_word' id='word_1_89' title='bbox 1331 911 1381 965; x_wconf 77' lang='grc' dir='ltr'><strong><em>ἓν</em></strong></span> <span class='ocrx_word' id='word_1_90' title='bbox 1435 914 1601 983; x_wconf 75' lang='grc' dir='ltr'><strong>τούτῳ</strong></span> <span class='ocrx_word' id='word_1_91' title='bbox 1655 915 1768 984; x_wconf 79' lang='grc' dir='ltr'><strong><em>ἔχει</em></strong></span> <span class='ocrx_word' id='word_1_92' title='bbox 1813 914 1869 964; x_wconf 79' lang='grc' dir='ltr'><strong><em>τὸ</em></strong></span> 
     </span>
    </p>
   </div>
   <div class='ocr_carea' id='block_1_9' title="bbox 212 997 1872 1077">
    <p class='ocr_par' dir='ltr' id='par_1_9' title="bbox 212 997 1872 1077">
     <span class='ocr_line' id='line_1_9' title="bbox 212 997 1872 1077; baseline -0.002 -20"><span class='ocrx_word' id='word_1_93' title='bbox 212 1006 425 1077; x_wconf 72' lang='grc' dir='ltr'><strong><em>σεμνὸν,</em></strong></span> <span class='ocrx_word' id='word_1_94' title='bbox 480 1001 528 1055; x_wconf 74' lang='grc' dir='ltr'><strong><em>ἐν</em></strong></span> <span class='ocrx_word' id='word_1_95' title='bbox 567 1010 639 1073; x_wconf 78' lang='grc' dir='ltr'><strong><em>τῷ</em></strong></span> <span class='ocrx_word' id='word_1_96' title='bbox 692 1004 1022 1076; x_wconf 77' lang='grc' dir='ltr'><strong><em>κεχωρίσθαι</em></strong></span> <span class='ocrx_word' id='word_1_97' title='bbox 1093 1010 1187 1064; x_wconf 78' lang='grc' dir='ltr'><strong><em>τῆς</em></strong></span> <span class='ocrx_word' id='word_1_98' title='bbox 1271 1004 1403 1075; x_wconf 72' lang='grc' dir='ltr'><strong><em>μετὰ</em></strong></span> <span class='ocrx_word' id='word_1_99' title='bbox 1471 1006 1714 1074; x_wconf 70' lang='grc' dir='ltr'><strong><em>γυναικὸς</em></strong></span> <span class='ocrx_word' id='word_1_100' title='bbox 1791 997 1872 1054; x_wconf 83' lang='grc' dir='ltr'><strong><em>δι-</em></strong></span> 
     </span>
    </p>
   </div>
   <div class='ocr_carea' id='block_1_10' title="bbox 209 1090 1869 1165">
    <p class='ocr_par' dir='ltr' id='par_1_10' title="bbox 209 1090 1869 1165">
     <span class='ocr_line' id='line_1_10' title="bbox 209 1090 1869 1165; baseline 0.001 -21"><span class='ocrx_word' id='word_1_101' title='bbox 209 1101 442 1165; x_wconf 70' lang='grc' dir='ltr'><strong><em>αγωγῆς.</em></strong></span> <span class='ocrx_word' id='word_1_102' title='bbox 484 1093 614 1149; x_wconf 85' lang='lat' dir='ltr'><strong><em>Vita</em></strong></span> <span class='ocrx_word' id='word_1_103' title='bbox 639 1098 840 1149; x_wconf 88' lang='lat' dir='ltr'><strong><em>autem</em></strong></span> <span class='ocrx_word' id='word_1_104' title='bbox 869 1091 1081 1149; x_wconf 73' lang='lat' dir='ltr'><strong><em>ccelebs</em></strong></span> <span class='ocrx_word' id='word_1_105' title='bbox 1110 1093 1173 1147; x_wconf 86' lang='lat' dir='ltr'><strong><em>in</em></strong></span> <span class='ocrx_word' id='word_1_106' title='bbox 1201 1105 1264 1149; x_wconf 91' lang='lat' dir='ltr'><strong><em>eo</em></strong></span> <span class='ocrx_word' id='word_1_107' title='bbox 1285 1090 1647 1148; x_wconf 74' lang='lat' dir='ltr'><strong><em>honestatem</em></strong></span> <span class='ocrx_word' id='word_1_108' title='bbox 1673 1090 1869 1157; x_wconf 83' lang='lat' dir='ltr'><strong><em>habet,</em></strong></span> 
     </span>
    </p>
   </div>
   <div class='ocr_carea' id='block_1_11' title="bbox 210 1179 1872 1252">
    <p class='ocr_par' dir='ltr' id='par_1_11' title="bbox 210 1179 1872 1252">
     <span class='ocr_line' id='line_1_11' title="bbox 210 1179 1872 1252; baseline -0.001 -15"><span class='ocrx_word' id='word_1_109' title='bbox 210 1188 279 1237; x_wconf 81' lang='lat' dir='ltr'><strong><em>ut</em></strong></span> <span class='ocrx_word' id='word_1_110' title='bbox 310 1196 347 1237; x_wconf 93' lang='lat' dir='ltr'><strong><em>a</em></strong></span> <span class='ocrx_word' id='word_1_111' title='bbox 374 1182 649 1237; x_wconf 89' lang='lat' dir='ltr'><strong><em>convictu</em></strong></span> <span class='ocrx_word' id='word_1_112' title='bbox 692 1181 966 1237; x_wconf 76' lang='lat' dir='ltr'><strong><em>mulieris</em></strong></span> <span class='ocrx_word' id='word_1_113' title='bbox 1008 1186 1345 1250; x_wconf 79' lang='lat' dir='ltr'><strong><em>separetur.</em></strong></span> <span class='ocrx_word' id='word_1_114' title='bbox 1392 1179 1680 1235; x_wconf 81' lang='lat' dir='ltr'><strong><em>Videntur</em></strong></span> <span class='ocrx_word' id='word_1_115' title='bbox 1724 1195 1872 1252; x_wconf 89' lang='lat' dir='ltr'><strong><em>pos-</em></strong></span> 
     </span>
    </p>
   </div>
   <div class='ocr_carea' id='block_1_12' title="bbox 210 1268 1874 1343">
    <p class='ocr_par' dir='ltr' id='par_1_12' title="bbox 210 1268 1874 1343">
     <span class='ocr_line' id='line_1_12' title="bbox 210 1268 1874 1343; baseline -0.003 -16"><span class='ocrx_word' id='word_1_116' title='bbox 210 1274 411 1327; x_wconf 86' lang='lat' dir='ltr'><strong><em>trema</em></strong></span> <span class='ocrx_word' id='word_1_117' title='bbox 430 1269 619 1327; x_wconf 78' lang='lat' dir='ltr'><strong><em>verba</em></strong></span> <span class='ocrx_word' id='word_1_118' title='bbox 648 1269 735 1326; x_wconf 90' lang='lat' dir='ltr'><strong><em>sic</em></strong></span> <span class='ocrx_word' id='word_1_119' title='bbox 762 1268 941 1326; x_wconf 65' lang='lat' dir='ltr'><strong><em>etiam</em></strong></span> <span class='ocrx_word' id='word_1_120' title='bbox 972 1268 1142 1325; x_wconf 85' lang='lat' dir='ltr'><strong><em>reddi</em></strong></span> <span class='ocrx_word' id='word_1_121' title='bbox 1173 1285 1354 1343; x_wconf 86' lang='lat' dir='ltr'><strong><em>posse</em></strong></span> <span class='ocrx_word' id='word_1_122' title='bbox 1380 1286 1392 1325; x_wconf 93' lang='lat'><strong>:</strong></span> <span class='ocrx_word' id='word_1_123' title='bbox 1424 1275 1489 1325; x_wconf 90' lang='lat' dir='ltr'><strong><em>ut</em></strong></span> <span class='ocrx_word' id='word_1_124' title='bbox 1514 1269 1649 1341; x_wconf 89' lang='lat' dir='ltr'><strong><em>quis</em></strong></span> <span class='ocrx_word' id='word_1_125' title='bbox 1676 1285 1712 1325; x_wconf 83' lang='grc' dir='ltr'><strong><em>ιι</em></strong></span> <span class='ocrx_word' id='word_1_126' title='bbox 1743 1285 1874 1325; x_wconf 88' lang='lat' dir='ltr'><strong><em>con-</em></strong></span> 
     </span>
    </p>
   </div>
   <div class='ocr_carea' id='block_1_13' title="bbox 210 1360 1048 1439">
    <p class='ocr_par' dir='ltr' id='par_1_13' title="bbox 210 1360 1048 1439">
     <span class='ocr_line' id='line_1_13' title="bbox 210 1360 1048 1439; baseline -0.002 -23"><span class='ocrx_word' id='word_1_127' title='bbox 210 1360 385 1416; x_wconf 78' lang='lat' dir='ltr'><strong><em>victu</em></strong></span> <span class='ocrx_word' id='word_1_128' title='bbox 415 1360 688 1416; x_wconf 76' lang='lat' dir='ltr'><strong><em>mulieris</em></strong></span> <span class='ocrx_word' id='word_1_129' title='bbox 712 1364 1048 1439; x_wconf 78' lang='lat' dir='ltr'><strong><em>separetur.</em></strong></span> 
     </span>
    </p>
   </div>
   <div class='ocr_carea' id='block_1_14' title="bbox 290 1447 1875 1522">
    <p class='ocr_par' dir='ltr' id='par_1_14' title="bbox 290 1447 1875 1522">
     <span class='ocr_line' id='line_1_14' title="bbox 290 1447 1875 1522; baseline -0.001 -17"><span class='ocrx_word' id='word_1_130' title='bbox 290 1449 473 1522; x_wconf 83' lang='lat' dir='ltr'><strong><em>Epist.</em></strong></span> <span class='ocrx_word' id='word_1_131' title='bbox 506 1453 597 1521; x_wconf 85' lang='lat'><strong>69,</strong></span> <span class='ocrx_word' id='word_1_132' title='bbox 627 1464 687 1521; x_wconf 92' lang='lat' dir='ltr'><strong><em>p.</em></strong></span> <span class='ocrx_word' id='word_1_133' title='bbox 730 1453 862 1505; x_wconf 87' lang='lat' dir='ltr'><strong><em>l63:</em></strong></span> <span class='ocrx_word' id='word_1_134' title='bbox 893 1449 1093 1519; x_wconf 85' lang='lat' dir='ltr'><strong><em>Igitur</em></strong></span> <span class='ocrx_word' id='word_1_135' title='bbox 1122 1454 1176 1505; x_wconf 89' lang='lat' dir='ltr'><strong><em>et</em></strong></span> <span class='ocrx_word' id='word_1_136' title='bbox 1216 1450 1386 1505; x_wconf 88' lang='lat' dir='ltr'><strong><em>illius</em></strong></span> <span class='ocrx_word' id='word_1_137' title='bbox 1428 1447 1756 1519; x_wconf 83' lang='lat' dir='ltr'><strong><em>(Marcelli),</em></strong></span> <span class='ocrx_word' id='word_1_138' title='bbox 1809 1455 1875 1504; x_wconf 91' lang='lat' dir='ltr'><strong><em>ut</em></strong></span> 
     </span>
    </p>
   </div>
   <div class='ocr_carea' id='block_1_15' title="bbox 210 1539 1876 1609">
    <p class='ocr_par' dir='ltr' id='par_1_15' title="bbox 210 1539 1876 1609">
     <span class='ocr_line' id='line_1_15' title="bbox 210 1539 1876 1609; baseline -0.001 -14"><span class='ocrx_word' id='word_1_139' title='bbox 210 1554 336 1609; x_wconf 87' lang='lat' dir='ltr'><strong><em>par</em></strong></span> <span class='ocrx_word' id='word_1_140' title='bbox 360 1546 461 1609; x_wconf 80' lang='lat' dir='ltr'><strong><em>est,</em></strong></span> <span class='ocrx_word' id='word_1_141' title='bbox 489 1540 625 1608; x_wconf 83' lang='lat' dir='ltr'><strong><em>ﬁeri</em></strong></span> <span class='ocrx_word' id='word_1_142' title='bbox 647 1539 1001 1595; x_wconf 78' lang='lat' dir='ltr'><strong><em>mentionem</em></strong></span> <span class='ocrx_word' id='word_1_143' title='bbox 1034 1554 1128 1595; x_wconf 87' lang='lat' dir='ltr'><strong><em>res</em></strong></span> <span class='ocrx_word' id='word_1_144' title='bbox 1166 1543 1491 1608; x_wconf 66' lang='lat' dir='ltr'><strong><em>praesentes</em></strong></span> <span class='ocrx_word' id='word_1_145' title='bbox 1536 1539 1876 1608; x_wconf 89' lang='lat' dir='ltr'><strong><em>postulant,</em></strong></span> 
     </span>
    </p>
   </div>
   <div class='ocr_carea' id='block_1_16' title="bbox 216 1629 1881 1700">
    <p class='ocr_par' dir='ltr' id='par_1_16' title="bbox 216 1629 1881 1700">
     <span class='ocr_line' id='line_1_16' title="bbox 216 1629 1881 1700; baseline 0.001 -17"><span class='ocrx_word' id='word_1_146' title='bbox 216 1635 285 1685; x_wconf 89' lang='lat' dir='ltr'><strong><em>ut</em></strong></span> <span class='ocrx_word' id='word_1_147' title='bbox 317 1631 422 1700; x_wconf 84' lang='lat' dir='ltr'><strong><em>qui</em></strong></span> <span class='ocrx_word' id='word_1_148' title='bbox 467 1630 834 1685; x_wconf 84' lang='lat' dir='ltr'><strong><em>occasionem</em></strong></span> <span class='ocrx_word' id='word_1_149' title='bbox 864 1635 1167 1700; x_wconf 66' lang='lat' dir='ltr'><strong><em>quaerunt,</em></strong></span> <span class='ocrx_word' id='word_1_150' title='bbox 1207 1629 1579 1685; x_wconf 82' lang='lat' dir='ltr'><strong><em>occasionem</em></strong></span> <span class='ocrx_word' id='word_1_151' title='bbox 1612 1643 1733 1683; x_wconf 90' lang='lat' dir='ltr'><strong><em>non</em></strong></span> <span class='ocrx_word' id='word_1_152' title='bbox 1778 1629 1881 1684; x_wconf 72' lang='lat' dir='ltr'><strong><em>ha.</em></strong></span> 
     </span>
    </p>
   </div>
   <div class='ocr_carea' id='block_1_17' title="bbox 1980 912 2680 987">
    <p class='ocr_par' dir='ltr' id='par_1_17' title="bbox 1980 912 2680 987">
     <span class='ocr_line' id='line_1_17' title="bbox 1980 912 2680 987; baseline 0 -17"><span class='ocrx_word' id='word_1_153' title='bbox 1980 913 2282 987; x_wconf 85' lang='lat' dir='ltr'><strong><em>episcopis</em></strong></span> <span class='ocrx_word' id='word_1_154' title='bbox 2310 912 2547 969; x_wconf 91' lang='lat' dir='ltr'><strong><em>locutus</em></strong></span> <span class='ocrx_word' id='word_1_155' title='bbox 2568 917 2680 970; x_wconf 90' lang='lat' dir='ltr'><strong><em>est.</em></strong></span> 
     </span>
    </p>
   </div>
   <div class='ocr_carea' id='block_1_18' title="bbox 2054 1002 3637 1076">
    <p class='ocr_par' dir='ltr' id='par_1_18' title="bbox 2054 1002 3637 1076">
     <span class='ocr_line' id='line_1_18' title="bbox 2054 1002 3637 1076; baseline 0.001 -17"><span class='ocrx_word' id='word_1_156' title='bbox 2054 1002 2233 1076; x_wconf 85' lang='lat' dir='ltr'><strong><em>Epist.</em></strong></span> <span class='ocrx_word' id='word_1_157' title='bbox 2269 1005 2359 1070; x_wconf 85' lang='lat'><strong>99,</strong></span> <span class='ocrx_word' id='word_1_158' title='bbox 2390 1018 2452 1075; x_wconf 90' lang='lat' dir='ltr'><strong><em>p.</em></strong></span> <span class='ocrx_word' id='word_1_159' title='bbox 2480 1006 2614 1059; x_wconf 69' lang='lat'><strong>£93:</strong></span> <span class='ocrx_word' id='word_1_160' title='bbox 2642 1002 2817 1069; x_wconf 83' lang='lat' dir='ltr'><strong><em>Quod</em></strong></span> <span class='ocrx_word' id='word_1_161' title='bbox 2842 1003 2925 1059; x_wconf 89' lang='lat' dir='ltr'><strong><em>ait</em></strong></span> <span class='ocrx_word' id='word_1_162' title='bbox 2965 1002 3084 1059; x_wconf 92' lang='lat' dir='ltr'><strong><em>hoc</em></strong></span> <span class='ocrx_word' id='word_1_163' title='bbox 3111 1002 3245 1059; x_wconf 89' lang='lat' dir='ltr'><strong><em>loco</em></strong></span> <span class='ocrx_word' id='word_1_164' title='bbox 3287 1002 3543 1061; x_wconf 81' lang='lat' dir='ltr'><strong><em>Basilius</em></strong></span> <span class='ocrx_word' id='word_1_165' title='bbox 3573 1017 3637 1060; x_wconf 87' lang='lat' dir='ltr'><strong><em>se</em></strong></span> 
     </span>
    </p>
   </div>
   <div class='ocr_carea' id='block_1_19' title="bbox 1982 1091 3642 1161">
    <p class='ocr_par' dir='ltr' id='par_1_19' title="bbox 1982 1091 3642 1161">
     <span class='ocr_line' id='line_1_19' title="bbox 1982 1091 3642 1161; baseline -0.001 -12"><span class='ocrx_word' id='word_1_166' title='bbox 1982 1108 2117 1149; x_wconf 91' lang='lat' dir='ltr'><strong><em>cum</em></strong></span> <span class='ocrx_word' id='word_1_167' title='bbox 2148 1092 2453 1149; x_wconf 88' lang='lat' dir='ltr'><strong><em>Eustathio</em></strong></span> <span class='ocrx_word' id='word_1_168' title='bbox 2478 1092 2693 1148; x_wconf 84' lang='lat' dir='ltr'><strong><em>iterum</em></strong></span> <span class='ocrx_word' id='word_1_169' title='bbox 2721 1091 3104 1161; x_wconf 84' lang='lat' dir='ltr'><strong><em>disseruisse,</em></strong></span> <span class='ocrx_word' id='word_1_170' title='bbox 3155 1096 3213 1148; x_wconf 90' lang='lat' dir='ltr'><strong><em>et</em></strong></span> <span class='ocrx_word' id='word_1_171' title='bbox 3265 1092 3642 1149; x_wconf 73' lang='lat' dir='ltr'><strong><em>Pmmenium</em></strong></span> 
     </span>
    </p>
   </div>
   <div class='ocr_carea' id='block_1_20' title="bbox 1983 1180 3663 1257">
    <p class='ocr_par' dir='ltr' id='par_1_20' title="bbox 1983 1180 3663 1257">
     <span class='ocr_line' id='line_1_20' title="bbox 1983 1180 3663 1257; baseline 0.001 -19"><span class='ocrx_word' id='word_1_172' title='bbox 1983 1182 2405 1257; x_wconf 82' lang='lat' dir='ltr'><strong><em>presbyterum</em></strong></span> <span class='ocrx_word' id='word_1_173' title='bbox 2432 1180 2721 1239; x_wconf 76' lang='lat' dir='ltr'><strong><em>doctrinae</em></strong></span> <span class='ocrx_word' id='word_1_174' title='bbox 2768 1197 2895 1238; x_wconf 69' lang='lat' dir='ltr'><strong><em>sum</em></strong></span> <span class='ocrx_word' id='word_1_175' title='bbox 2926 1180 3312 1238; x_wconf 80' lang='lat' dir='ltr'><strong><em>vehementer</em></strong></span> <span class='ocrx_word' id='word_1_176' title='bbox 3350 1181 3663 1247; x_wconf 61' lang='lat' dir='ltr'><strong><em>adversa--~</em></strong></span> 
     </span>
    </p>
   </div>
   <div class='ocr_carea' id='block_1_21' title="bbox 1985 1269 3648 1343">
    <p class='ocr_par' dir='ltr' id='par_1_21' title="bbox 1985 1269 3648 1343">
     <span class='ocr_line' id='line_1_21' title="bbox 1985 1269 3648 1343; baseline -0.001 -16"><span class='ocrx_word' id='word_1_177' title='bbox 1985 1288 2124 1327; x_wconf 90' lang='lat' dir='ltr'><strong><em>sum</em></strong></span> <span class='ocrx_word' id='word_1_178' title='bbox 2152 1286 2312 1339; x_wconf 88' lang='lat' dir='ltr'><strong><em>esse;</em></strong></span> <span class='ocrx_word' id='word_1_179' title='bbox 2343 1270 2402 1327; x_wconf 88' lang='lat' dir='ltr'><strong><em>id</em></strong></span> <span class='ocrx_word' id='word_1_180' title='bbox 2425 1270 2508 1326; x_wconf 87' lang='lat' dir='ltr'><strong><em>ita</em></strong></span> <span class='ocrx_word' id='word_1_181' title='bbox 2527 1270 2718 1343; x_wconf 81' lang='lat' dir='ltr'><strong><em>accipi</em></strong></span> <span class='ocrx_word' id='word_1_182' title='bbox 2740 1287 2865 1327; x_wconf 89' lang='lat' dir='ltr'><strong><em>non</em></strong></span> <span class='ocrx_word' id='word_1_183' title='bbox 2891 1269 3091 1337; x_wconf 88' lang='lat' dir='ltr'><strong><em>debet,</em></strong></span> <span class='ocrx_word' id='word_1_184' title='bbox 3114 1270 3292 1343; x_wconf 84' lang='lat' dir='ltr'><strong><em>quasi</em></strong></span> <span class='ocrx_word' id='word_1_185' title='bbox 3309 1269 3648 1327; x_wconf 71' lang='lat' dir='ltr'><strong><em>Paamenius</em></strong></span> 
     </span>
    </p>
   </div>
   <div class='ocr_carea' id='block_1_22' title="bbox 1986 1359 3651 1432">
    <p class='ocr_par' dir='ltr' id='par_1_22' title="bbox 1986 1359 3651 1432">
     <span class='ocr_line' id='line_1_22' title="bbox 1986 1359 3651 1432; baseline 0 -15"><span class='ocrx_word' id='word_1_186' title='bbox 1986 1361 2273 1418; x_wconf 75' lang='lat' dir='ltr'><strong><em>Arianam</em></strong></span> <span class='ocrx_word' id='word_1_187' title='bbox 2315 1360 2676 1417; x_wconf 88' lang='lat' dir='ltr'><strong><em>sententiam</em></strong></span> <span class='ocrx_word' id='word_1_188' title='bbox 2730 1366 2935 1432; x_wconf 87' lang='lat' dir='ltr'><strong><em>aperte</em></strong></span> <span class='ocrx_word' id='word_1_189' title='bbox 2972 1359 3363 1416; x_wconf 85' lang='lat' dir='ltr'><strong><em>defendisset.</em></strong></span> <span class='ocrx_word' id='word_1_190' title='bbox 3413 1363 3561 1417; x_wconf 83' lang='lat' dir='ltr'><strong><em>Nam</em></strong></span> <span class='ocrx_word' id='word_1_191' title='bbox 3596 1359 3651 1417; x_wconf 88' lang='lat' dir='ltr'><strong><em>si</em></strong></span> 
     </span>
    </p>
   </div>
   <div class='ocr_carea' id='block_1_23' title="bbox 1986 1448 3651 1523">
    <p class='ocr_par' dir='ltr' id='par_1_23' title="bbox 1986 1448 3651 1523">
     <span class='ocr_line' id='line_1_23' title="bbox 1986 1448 3651 1523; baseline -0.001 -16"><span class='ocrx_word' id='word_1_192' title='bbox 1986 1451 2355 1523; x_wconf 81' lang='lat' dir='ltr'><strong><em>impietatem</em></strong></span> <span class='ocrx_word' id='word_1_193' title='bbox 2376 1466 2502 1522; x_wconf 77' lang='lat' dir='ltr'><strong><em>prae</em></strong></span> <span class='ocrx_word' id='word_1_194' title='bbox 2525 1466 2588 1505; x_wconf 90' lang='lat' dir='ltr'><strong><em>se</em></strong></span> <span class='ocrx_word' id='word_1_195' title='bbox 2606 1449 2842 1505; x_wconf 87' lang='lat' dir='ltr'><strong><em>tulisset</em></strong></span> <span class='ocrx_word' id='word_1_196' title='bbox 2868 1448 3229 1517; x_wconf 82' lang='lat' dir='ltr'><strong><em>Eustathius,</em></strong></span> <span class='ocrx_word' id='word_1_197' title='bbox 3254 1448 3454 1505; x_wconf 85' lang='lat' dir='ltr'><strong><em>statim</em></strong></span> <span class='ocrx_word' id='word_1_198' title='bbox 3479 1449 3651 1505; x_wconf 91' lang='lat' dir='ltr'><strong><em>illum</em></strong></span> 
     </span>
    </p>
   </div>
   <div class='ocr_carea' id='block_1_24' title="bbox 1992 1536 3650 1597">
    <p class='ocr_par' dir='ltr' id='par_1_24' title="bbox 1992 1536 3650 1597">
     <span class='ocr_line' id='line_1_24' title="bbox 1992 1536 3650 1597; baseline -0.001 -2"><span class='ocrx_word' id='word_1_199' title='bbox 1992 1539 2241 1597; x_wconf 86' lang='lat' dir='ltr'><strong><em>Basilius</em></strong></span> <span class='ocrx_word' id='word_1_200' title='bbox 2267 1538 2522 1595; x_wconf 90' lang='lat' dir='ltr'><strong><em>missum</em></strong></span> <span class='ocrx_word' id='word_1_201' title='bbox 2559 1537 2819 1594; x_wconf 79' lang='lat' dir='ltr'><strong><em>fecisset.</em></strong></span> <span class='ocrx_word' id='word_1_202' title='bbox 2856 1536 2973 1594; x_wconf 87' lang='lat' dir='ltr'><strong><em>Sed</em></strong></span> <span class='ocrx_word' id='word_1_203' title='bbox 3002 1553 3142 1594; x_wconf 91' lang='lat' dir='ltr'><strong><em>cum</em></strong></span> <span class='ocrx_word' id='word_1_204' title='bbox 3171 1537 3252 1594; x_wconf 88' lang='lat' dir='ltr'><strong><em>ab</em></strong></span> <span class='ocrx_word' id='word_1_205' title='bbox 3282 1553 3355 1595; x_wconf 90' lang='lat' dir='ltr'><strong><em>eo</em></strong></span> <span class='ocrx_word' id='word_1_206' title='bbox 3397 1537 3650 1594; x_wconf 83' lang='lat' dir='ltr'><strong><em>Basilius</em></strong></span> 
     </span>
    </p>
   </div>
   <div class='ocr_carea' id='block_1_25' title="bbox 1991 1626 3650 1701">
    <p class='ocr_par' dir='ltr' id='par_1_25' title="bbox 1991 1626 3650 1701">
     <span class='ocr_line' id='line_1_25' title="bbox 1991 1626 3650 1701; baseline -0.001 -16"><span class='ocrx_word' id='word_1_207' title='bbox 1991 1628 2220 1687; x_wconf 86' lang='lat' dir='ltr'><strong><em>claram</em></strong></span> <span class='ocrx_word' id='word_1_208' title='bbox 2250 1634 2307 1685; x_wconf 91' lang='lat' dir='ltr'><strong><em>et</em></strong></span> <span class='ocrx_word' id='word_1_209' title='bbox 2344 1628 2733 1701; x_wconf 87' lang='lat' dir='ltr'><strong><em>perspicuam</em></strong></span> <span class='ocrx_word' id='word_1_210' title='bbox 2778 1626 2923 1683; x_wconf 82' lang='lat' dir='ltr'><strong><em>fidei</em></strong></span> <span class='ocrx_word' id='word_1_211' title='bbox 2965 1626 3452 1684; x_wconf 81' lang='lat' dir='ltr'><strong><em>confessionnem</em></strong></span> <span class='ocrx_word' id='word_1_212' title='bbox 3490 1633 3650 1700; x_wconf 84' lang='lat' dir='ltr'><strong><em>pete—</em></strong></span> 
     </span>
    </p>
   </div>
   <div class='ocr_carea' id='block_1_26' title="bbox 221 1715 3654 1791">
    <p class='ocr_par' dir='ltr' id='par_1_26' title="bbox 221 1715 3654 1791">
     <span class='ocr_line' id='line_1_26' title="bbox 221 1715 3654 1791; baseline -0.001 -15"><span class='ocrx_word' id='word_1_213' title='bbox 221 1718 580 1788; x_wconf 86' lang='lat' dir='ltr'><strong><em>beant,dum</em></strong></span> <span class='ocrx_word' id='word_1_214' title='bbox 597 1718 1085 1775; x_wconf 87' lang='lat' dir='ltr'><strong><em>saniadtuamse</em></strong></span> <span class='ocrx_word' id='word_1_215' title='bbox 1104 1720 1483 1775; x_wconf 84' lang='lat' dir='ltr'><strong><em>sanctitatem</em></strong></span> <span class='ocrx_word' id='word_1_216' title='bbox 1503 1718 1879 1788; x_wconf 80' lang='lat' dir='ltr'><strong><em>adjungunt,</em></strong></span> <span class='ocrx_word' id='word_1_217' title='bbox 1914 1734 1952 1788; x_wconf 76' lang='grc' dir='ltr'><strong>Β</strong></span> <span class='ocrx_word' id='word_1_218' title='bbox 1991 1723 2100 1789; x_wconf 88' lang='lat' dir='ltr'><strong><em>ret,</em></strong></span> <span class='ocrx_word' id='word_1_219' title='bbox 2134 1718 2481 1775; x_wconf 83' lang='lat' dir='ltr'><strong><em>Eustathius</em></strong></span> <span class='ocrx_word' id='word_1_220' title='bbox 2509 1717 2621 1791; x_wconf 91' lang='lat' dir='ltr'><strong><em>qui</em></strong></span> <span class='ocrx_word' id='word_1_221' title='bbox 2650 1716 2890 1773; x_wconf 87' lang='lat' dir='ltr'><strong><em>medius</em></strong></span> <span class='ocrx_word' id='word_1_222' title='bbox 2936 1732 3066 1773; x_wconf 92' lang='lat' dir='ltr'><strong><em>esse</em></strong></span> <span class='ocrx_word' id='word_1_223' title='bbox 3104 1715 3371 1786; x_wconf 87' lang='lat' dir='ltr'><strong><em>volebat,</em></strong></span> <span class='ocrx_word' id='word_1_224' title='bbox 3420 1732 3491 1773; x_wconf 88' lang='lat' dir='ltr'><strong><em>ac</em></strong></span> <span class='ocrx_word' id='word_1_225' title='bbox 3539 1732 3654 1774; x_wconf 89' lang='lat' dir='ltr'><strong><em>nec</em></strong></span> 
     </span>
    </p>
   </div>
   <div class='ocr_carea' id='block_1_27' title="bbox 214 1808 1884 1881">
    <p class='ocr_par' dir='ltr' id='par_1_27' title="bbox 214 1808 1884 1881">
     <span class='ocr_line' id='line_1_27' title="bbox 214 1808 1884 1881; baseline -0.001 -15"><span class='ocrx_word' id='word_1_226' title='bbox 214 1815 271 1866; x_wconf 87' lang='lat' dir='ltr'><strong><em>et</em></strong></span> <span class='ocrx_word' id='word_1_227' title='bbox 306 1810 414 1881; x_wconf 91' lang='lat' dir='ltr'><strong><em>qui</em></strong></span> <span class='ocrx_word' id='word_1_228' title='bbox 436 1810 595 1865; x_wconf 84' lang='lat' dir='ltr'><strong><em>circa</em></strong></span> <span class='ocrx_word' id='word_1_229' title='bbox 618 1823 821 1865; x_wconf 82' lang='lat' dir='ltr'><strong><em>veram</em></strong></span> <span class='ocrx_word' id='word_1_230' title='bbox 838 1808 1017 1877; x_wconf 77' lang='lat' dir='ltr'><strong><em>ﬁdem</em></strong></span> <span class='ocrx_word' id='word_1_231' title='bbox 1043 1808 1419 1873; x_wconf 81' lang='lat' dir='ltr'><strong><em>claudicant,</em></strong></span> <span class='ocrx_word' id='word_1_232' title='bbox 1436 1809 1747 1878; x_wconf 82' lang='lat' dir='ltr'><strong><em>manifesti</em></strong></span> <span class='ocrx_word' id='word_1_233' title='bbox 1767 1823 1884 1864; x_wconf 90' lang='lat' dir='ltr'><strong><em>om-</em></strong></span> 
     </span>
    </p>
   </div>
   <div class='ocr_carea' id='block_1_28' title="bbox 220 1896 1878 1968">
    <p class='ocr_par' dir='ltr' id='par_1_28' title="bbox 220 1896 1878 1968">
     <span class='ocr_line' id='line_1_28' title="bbox 220 1896 1878 1968; baseline -0.001 -15"><span class='ocrx_word' id='word_1_234' title='bbox 220 1898 402 1954; x_wconf 86' lang='lat' dir='ltr'><strong><em>nibus</em></strong></span> <span class='ocrx_word' id='word_1_235' title='bbox 430 1898 609 1966; x_wconf 71' lang='lat' dir='ltr'><strong><em>ﬁunt.</em></strong></span> <span class='ocrx_word' id='word_1_236' title='bbox 636 1897 826 1968; x_wconf 80' lang='lat' dir='ltr'><strong><em>Hujus</em></strong></span> <span class='ocrx_word' id='word_1_237' title='bbox 849 1896 966 1952; x_wconf 91' lang='lat' dir='ltr'><strong><em>loci</em></strong></span> <span class='ocrx_word' id='word_1_238' title='bbox 996 1896 1233 1952; x_wconf 88' lang='lat' dir='ltr'><strong><em>videtur</em></strong></span> <span class='ocrx_word' id='word_1_239' title='bbox 1276 1911 1348 1953; x_wconf 84' lang='lat' dir='ltr'><strong><em>ea</em></strong></span> <span class='ocrx_word' id='word_1_240' title='bbox 1380 1911 1515 1953; x_wconf 88' lang='lat' dir='ltr'><strong><em>esse</em></strong></span> <span class='ocrx_word' id='word_1_241' title='bbox 1547 1897 1878 1952; x_wconf 88' lang='lat' dir='ltr'><strong><em>sententia:</em></strong></span> 
     </span>
    </p>
   </div>
   <div class='ocr_carea' id='block_1_29' title="bbox 218 1984 1883 2053">
    <p class='ocr_par' dir='ltr' id='par_1_29' title="bbox 218 1984 1883 2053">
     <span class='ocr_line' id='line_1_29' title="bbox 218 1984 1883 2053; baseline -0.001 -9"><span class='ocrx_word' id='word_1_242' title='bbox 218 1988 279 2045; x_wconf 92' lang='lat' dir='ltr'><strong><em>Si</em></strong></span> <span class='ocrx_word' id='word_1_243' title='bbox 308 1984 617 2043; x_wconf 79' lang='lat' dir='ltr'><strong><em>Marcellus</em></strong></span> <span class='ocrx_word' id='word_1_244' title='bbox 649 1985 995 2053; x_wconf 82' lang='lat' dir='ltr'><strong><em>damnetur,</em></strong></span> <span class='ocrx_word' id='word_1_245' title='bbox 1047 1985 1280 2041; x_wconf 88' lang='lat' dir='ltr'><strong><em>nullam</em></strong></span> <span class='ocrx_word' id='word_1_246' title='bbox 1308 1985 1688 2042; x_wconf 85' lang='lat' dir='ltr'><strong><em>occasionem</em></strong></span> <span class='ocrx_word' id='word_1_247' title='bbox 1717 1985 1883 2042; x_wconf 88' lang='lat' dir='ltr'><strong><em>relic-</em></strong></span> 
     </span>
    </p>
   </div>
   <div class='ocr_carea' id='block_1_30' title="bbox 215 2074 1884 2148">
    <p class='ocr_par' dir='ltr' id='par_1_30' title="bbox 215 2074 1884 2148">
     <span class='ocr_line' id='line_1_30' title="bbox 215 2074 1884 2148; baseline -0.001 -16"><span class='ocrx_word' id='word_1_248' title='bbox 215 2082 349 2132; x_wconf 89' lang='lat' dir='ltr'><strong><em>tum</em></strong></span> <span class='ocrx_word' id='word_1_249' title='bbox 379 2074 447 2131; x_wconf 91' lang='lat' dir='ltr'><strong><em>iri</em></strong></span> <span class='ocrx_word' id='word_1_250' title='bbox 473 2074 566 2130; x_wconf 90' lang='lat' dir='ltr'><strong><em>his</em></strong></span> <span class='ocrx_word' id='word_1_251' title='bbox 595 2075 702 2147; x_wconf 89' lang='lat' dir='ltr'><strong><em>qui</em></strong></span> <span class='ocrx_word' id='word_1_252' title='bbox 734 2074 1116 2131; x_wconf 87' lang='lat' dir='ltr'><strong><em>occasionem</em></strong></span> <span class='ocrx_word' id='word_1_253' title='bbox 1138 2080 1454 2147; x_wconf 70' lang='lat' dir='ltr'><strong><em>quaerunt:</em></strong></span> <span class='ocrx_word' id='word_1_254' title='bbox 1484 2075 1711 2148; x_wconf 87' lang='lat' dir='ltr'><strong><em>quippe</em></strong></span> <span class='ocrx_word' id='word_1_255' title='bbox 1743 2091 1884 2131; x_wconf 92' lang='lat' dir='ltr'><strong><em>cum</em></strong></span> 
     </span>
    </p>
   </div>
   <div class='ocr_carea' id='block_1_31' title="bbox 216 2163 1880 2247">
    <p class='ocr_par' dir='ltr' id='par_1_31' title="bbox 216 2163 1880 2247">
     <span class='ocr_line' id='line_1_31' title="bbox 216 2163 1880 2247; baseline -0.001 -26"><span class='ocrx_word' id='word_1_256' title='bbox 216 2165 492 2221; x_wconf 75' lang='lat' dir='ltr'><strong><em>futurum</em></strong></span> <span class='ocrx_word' id='word_1_257' title='bbox 522 2165 615 2232; x_wconf 91' lang='lat' dir='ltr'><strong><em>sit,</em></strong></span> <span class='ocrx_word' id='word_1_258' title='bbox 648 2168 715 2220; x_wconf 92' lang='lat' dir='ltr'><strong><em>ut</em></strong></span> <span class='ocrx_word' id='word_1_259' title='bbox 743 2164 876 2220; x_wconf 88' lang='lat' dir='ltr'><strong><em>sani</em></strong></span> <span class='ocrx_word' id='word_1_260' title='bbox 904 2179 1137 2231; x_wconf 89' lang='lat' dir='ltr'><strong><em>omnes,</em></strong></span> <span class='ocrx_word' id='word_1_261' title='bbox 1173 2164 1289 2220; x_wconf 88' lang='lat' dir='ltr'><strong><em>hoc</em></strong></span> <span class='ocrx_word' id='word_1_262' title='bbox 1333 2164 1621 2237; x_wconf 87' lang='lat' dir='ltr'><strong><em>scrupulo</em></strong></span> <span class='ocrx_word' id='word_1_263' title='bbox 1647 2163 1880 2247; x_wconf 60' lang='lat' dir='ltr'><strong><em>evulso,</em></strong></span> 
     </span>
    </p>
   </div>
   <div class='ocr_carea' id='block_1_32' title="bbox 214 2253 1884 2326">
    <p class='ocr_par' dir='ltr' id='par_1_32' title="bbox 214 2253 1884 2326">
     <span class='ocr_line' id='line_1_32' title="bbox 214 2253 1884 2326; baseline 0 -17"><span class='ocrx_word' id='word_1_264' title='bbox 214 2254 472 2310; x_wconf 88' lang='lat' dir='ltr'><strong><em>libenter</em></strong></span> <span class='ocrx_word' id='word_1_265' title='bbox 497 2270 557 2310; x_wconf 90' lang='lat' dir='ltr'><strong><em>se</em></strong></span> <span class='ocrx_word' id='word_1_266' title='bbox 587 2270 727 2309; x_wconf 90' lang='lat' dir='ltr'><strong><em>cum</em></strong></span> <span class='ocrx_word' id='word_1_267' title='bbox 757 2253 1087 2309; x_wconf 76' lang='lat' dir='ltr'><strong><em>Athanasio</em></strong></span> <span class='ocrx_word' id='word_1_268' title='bbox 1115 2254 1523 2325; x_wconf 82' lang='lat' dir='ltr'><strong><em>conjungant:</em></strong></span> <span class='ocrx_word' id='word_1_269' title='bbox 1546 2255 1653 2326; x_wconf 88' lang='lat' dir='ltr'><strong><em>qui</em></strong></span> <span class='ocrx_word' id='word_1_270' title='bbox 1679 2258 1884 2309; x_wconf 90' lang='lat' dir='ltr'><strong><em>autem</em></strong></span> 
     </span>
    </p>
   </div>
   <div class='ocr_carea' id='block_1_33' title="bbox 217 2341 1885 2414">
    <p class='ocr_par' dir='ltr' id='par_1_33' title="bbox 217 2341 1885 2414">
     <span class='ocr_line' id='line_1_33' title="bbox 217 2341 1885 2414; baseline -0.001 -15"><span class='ocrx_word' id='word_1_271' title='bbox 217 2342 565 2399; x_wconf 87' lang='lat' dir='ltr'><strong><em>claudicant</em></strong></span> <span class='ocrx_word' id='word_1_272' title='bbox 590 2341 651 2398; x_wconf 90' lang='lat' dir='ltr'><strong><em>in</em></strong></span> <span class='ocrx_word' id='word_1_273' title='bbox 682 2341 825 2414; x_wconf 80' lang='lat' dir='ltr'><strong><em>fide,</em></strong></span> <span class='ocrx_word' id='word_1_274' title='bbox 857 2341 1090 2397; x_wconf 83' lang='lat' dir='ltr'><strong><em>nudent</em></strong></span> <span class='ocrx_word' id='word_1_275' title='bbox 1135 2359 1198 2397; x_wconf 87' lang='lat' dir='ltr'><strong><em>se</em></strong></span> <span class='ocrx_word' id='word_1_276' title='bbox 1230 2346 1287 2398; x_wconf 91' lang='lat' dir='ltr'><strong><em>et</em></strong></span> <span class='ocrx_word' id='word_1_277' title='bbox 1338 2342 1561 2399; x_wconf 82' lang='lat' dir='ltr'><strong><em>malum</em></strong></span> <span class='ocrx_word' id='word_1_278' title='bbox 1619 2346 1885 2398; x_wconf 88' lang='lat' dir='ltr'><strong><em>mentem</em></strong></span> 
     </span>
    </p>
   </div>
   <div class='ocr_carea' id='block_1_34' title="bbox 219 2430 1885 2506">
    <p class='ocr_par' dir='ltr' id='par_1_34' title="bbox 219 2430 1885 2506">
     <span class='ocr_line' id='line_1_34' title="bbox 219 2430 1885 2506; baseline -0.002 -17"><span class='ocrx_word' id='word_1_279' title='bbox 219 2433 516 2506; x_wconf 85' lang='lat' dir='ltr'><strong><em>aperiant,</em></strong></span> <span class='ocrx_word' id='word_1_280' title='bbox 549 2432 597 2487; x_wconf 90' lang='lat' dir='ltr'><strong><em>si</em></strong></span> <span class='ocrx_word' id='word_1_281' title='bbox 626 2437 768 2505; x_wconf 91' lang='lat' dir='ltr'><strong><em>post</em></strong></span> <span class='ocrx_word' id='word_1_282' title='bbox 820 2430 1184 2488; x_wconf 89' lang='lat' dir='ltr'><strong><em>damnatum</em></strong></span> <span class='ocrx_word' id='word_1_283' title='bbox 1231 2430 1575 2488; x_wconf 72' lang='lat' dir='ltr'><strong><em>Marcellum</em></strong></span> <span class='ocrx_word' id='word_1_284' title='bbox 1604 2446 1885 2504; x_wconf 62' lang='lat' dir='ltr'><strong><em>recusent</em></strong></span> 
     </span>
    </p>
   </div>
   <div class='ocr_carea' id='block_1_35' title="bbox 219 2521 1883 2595">
    <p class='ocr_par' dir='ltr' id='par_1_35' title="bbox 219 2521 1883 2595">
     <span class='ocr_line' id='line_1_35' title="bbox 219 2521 1883 2595; baseline -0.002 -15"><span class='ocrx_word' id='word_1_285' title='bbox 219 2522 736 2595; x_wconf 72' lang='lat' dir='ltr'><strong><em>coniunctionem.</em></strong></span> <span class='ocrx_word' id='word_1_286' title='bbox 758 2521 932 2592; x_wconf 87' lang='lat' dir='ltr'><strong><em>cujus</em></strong></span> <span class='ocrx_word' id='word_1_287' title='bbox 962 2522 1254 2578; x_wconf 84' lang='lat' dir='ltr'><strong><em>hactenus</em></strong></span> <span class='ocrx_word' id='word_1_288' title='bbox 1277 2521 1634 2579; x_wconf 78' lang='lat' dir='ltr'><strong><em>recusandae</em></strong></span> <span class='ocrx_word' id='word_1_289' title='bbox 1666 2537 1883 2578; x_wconf 89' lang='lat' dir='ltr'><strong><em>ansam</em></strong></span> 
     </span>
    </p>
   </div>
   <div class='ocr_carea' id='block_1_36' title="bbox 227 2611 1036 2682">
    <p class='ocr_par' dir='ltr' id='par_1_36' title="bbox 227 2611 1036 2682">
     <span class='ocr_line' id='line_1_36' title="bbox 227 2611 1036 2682; baseline -0.007 -11"><span class='ocrx_word' id='word_1_290' title='bbox 227 2630 302 2671; x_wconf 79' lang='lat' dir='ltr'><strong><em>ex</em></strong></span> <span class='ocrx_word' id='word_1_291' title='bbox 330 2611 607 2669; x_wconf 78' lang='lat' dir='ltr'><strong><em>Marcello</em></strong></span> <span class='ocrx_word' id='word_1_292' title='bbox 632 2611 1036 2682; x_wconf 83' lang='lat' dir='ltr'><strong><em>arripuerunt.</em></strong></span> 
     </span>
    </p>
   </div>
   <div class='ocr_carea' id='block_1_37' title="bbox 294 2701 711 2757">
    <p class='ocr_par' dir='ltr' id='par_1_37' title="bbox 294 2701 711 2757">
     <span class='ocr_line' id='line_1_37' title="bbox 294 2701 711 2757; baseline -0.012 0"><span class='ocrx_word' id='word_1_293' title='bbox 294 2701 522 2757; x_wconf 84' lang='lat' dir='ltr'><strong><em>Ibidem</em></strong></span> <span class='ocrx_word' id='word_1_294' title='bbox 559 2718 572 2756; x_wconf 90' lang='lat'>:</span> <span class='ocrx_word' id='word_1_295' title='bbox 634 2704 711 2753; x_wconf 75' lang='grc' dir='ltr'><strong><em>Τὰ</em></strong></span> 
     </span>
    </p>
   </div>
   <div class='ocr_carea' id='block_1_38' title="bbox 223 2790 1880 2864">
    <p class='ocr_par' dir='ltr' id='par_1_38' title="bbox 223 2790 1880 2864">
     <span class='ocr_line' id='line_1_38' title="bbox 223 2790 1880 2864; baseline -0.001 -15"><span class='ocrx_word' id='word_1_296' title='bbox 223 2800 406 2863; x_wconf 85' lang='lat' dir='ltr'><strong><em>verte,</em></strong></span> <span class='ocrx_word' id='word_1_297' title='bbox 437 2806 572 2864; x_wconf 74' lang='lat' dir='ltr'><strong><em>quo?</em></strong></span> <span class='ocrx_word' id='word_1_298' title='bbox 596 2791 677 2847; x_wconf 88' lang='lat' dir='ltr'><strong><em>ad</em></strong></span> <span class='ocrx_word' id='word_1_299' title='bbox 725 2790 1205 2846; x_wconf 83' lang='lat' dir='ltr'><strong><em>constituendam</em></strong></span> <span class='ocrx_word' id='word_1_300' title='bbox 1227 2805 1435 2859; x_wconf 90' lang='lat' dir='ltr'><strong><em>pacem</em></strong></span> <span class='ocrx_word' id='word_1_301' title='bbox 1471 2790 1880 2847; x_wconf 83' lang='lat' dir='ltr'><strong><em>Ecclesiarum</em></strong></span> 
     </span>
    </p>
   </div>
   <div class='ocr_carea' id='block_1_39' title="bbox 224 2883 552 2953">
    <p class='ocr_par' dir='ltr' id='par_1_39' title="bbox 224 2883 552 2953">
     <span class='ocr_line' id='line_1_39' title="bbox 224 2883 552 2953; baseline -0.006 -15"><span class='ocrx_word' id='word_1_302' title='bbox 224 2883 552 2953; x_wconf 84' lang='lat' dir='ltr'><strong><em>pertinent.</em></strong></span> 
     </span>
    </p>
   </div>
   <div class='ocr_carea' id='block_1_40' title="bbox 296 2972 716 3046">
    <p class='ocr_par' dir='ltr' id='par_1_40' title="bbox 296 2972 716 3046">
     <span class='ocr_line' id='line_1_40' title="bbox 296 2972 716 3046; baseline 0 -19"><span class='ocrx_word' id='word_1_303' title='bbox 296 2972 473 3046; x_wconf 79' lang='lat' dir='ltr'><strong><em>Epist.</em></strong></span> <span class='ocrx_word' id='word_1_304' title='bbox 516 2974 605 3040; x_wconf 82' lang='lat'><strong>76,</strong></span> <span class='ocrx_word' id='word_1_305' title='bbox 656 2986 716 3044; x_wconf 89' lang='lat' dir='ltr'><strong><em>p.</em></strong></span> 
     </span>
    </p>
   </div>
   <div class='ocr_carea' id='block_1_41' title="bbox 775 2699 1879 2765">
    <p class='ocr_par' dir='ltr' id='par_1_41' title="bbox 775 2699 1879 2765">
     <span class='ocr_line' id='line_1_41' title="bbox 775 2699 1879 2765; baseline 0 -15"><span class='ocrx_word' id='word_1_306' title='bbox 775 2699 866 2759; x_wconf 64' lang='grc' dir='ltr'><strong><em>ἑῆς</em></strong></span> <span class='ocrx_word' id='word_1_307' title='bbox 939 2702 1312 2762; x_wconf 64' lang='grc' dir='ltr'><strong><em>καταστάσεως</em></strong></span> <span class='ocrx_word' id='word_1_308' title='bbox 1366 2709 1463 2751; x_wconf 75' lang='grc' dir='ltr'><strong><em>τῶν</em></strong></span> <span class='ocrx_word' id='word_1_309' title='bbox 1539 2700 1879 2765; x_wconf 67' lang='grc' dir='ltr'><strong><em>Ὶῦκκλησιῶν,</em></strong></span> 
     </span>
    </p>
   </div>
   <div class='ocr_carea' id='block_1_42' title="bbox 1017 2966 1879 3027">
    <p class='ocr_par' dir='ltr' id='par_1_42' title="bbox 1017 2966 1879 3027">
     <span class='ocr_line' id='line_1_42' title="bbox 1017 2966 1879 3027; baseline -0.002 -5"><span class='ocrx_word' id='word_1_310' title='bbox 1017 2968 1310 3022; x_wconf 70' lang='grc' dir='ltr'><strong><em>Ἐπὶέλοιπε</em></strong></span> <span class='ocrx_word' id='word_1_311' title='bbox 1366 2966 1426 3022; x_wconf 69' lang='grc' dir='ltr'><strong><em>δὲ</em></strong></span> <span class='ocrx_word' id='word_1_312' title='bbox 1476 2968 1655 3021; x_wconf 62' lang='lat' dir='ltr'><strong><em>lamin</em></strong></span> <span class='ocrx_word' id='word_1_313' title='bbox 1711 2974 1800 3021; x_wconf 78' lang='grc' dir='ltr'>καὶ</span> <span class='ocrx_word' id='word_1_314' title='bbox 1849 2971 1879 3027; x_wconf 74' lang='grc' dir='ltr'>ἦ</span> 
     </span>
    </p>
   </div>
   <div class='ocr_carea' id='block_1_43' title="bbox 797 2974 943 3025">
    <p class='ocr_par' dir='ltr' id='par_1_43' title="bbox 797 2974 943 3025">
     <span class='ocr_line' id='line_1_43' title="bbox 797 2974 943 3025; baseline -0.007 0"><span class='ocrx_word' id='word_1_315' title='bbox 797 2974 943 3025; x_wconf 74' lang='grc' dir='ltr'>171ε</span> 
     </span>
    </p>
   </div>
   <div class='ocr_carea' id='block_1_44' title="bbox 223 3056 1957 3149">
    <p class='ocr_par' dir='ltr' id='par_1_44' title="bbox 223 3056 1957 3149">
     <span class='ocr_line' id='line_1_44' title="bbox 223 3056 1957 3149; baseline -0.001 -34"><span class='ocrx_word' id='word_1_316' title='bbox 223 3071 324 3115; x_wconf 76' lang='grc' dir='ltr'><strong><em>τῶν</em></strong></span> <span class='ocrx_word' id='word_1_317' title='bbox 356 3060 644 3114; x_wconf 68' lang='grc' dir='ltr'><strong><em>άναλκαίων</em></strong></span> <span class='ocrx_word' id='word_1_318' title='bbox 686 3056 946 3121; x_wconf 72' lang='grc' dir='ltr'><strong><em>διάθεσις.</em></strong></span> <span class='ocrx_word' id='word_1_319' title='bbox 973 3059 1112 3115; x_wconf 88' lang='lat' dir='ltr'><strong><em>Jam</em></strong></span> <span class='ocrx_word' id='word_1_320' title='bbox 1161 3058 1381 3129; x_wconf 82' lang='lat' dir='ltr'><strong><em>defecit</em></strong></span> <span class='ocrx_word' id='word_1_321' title='bbox 1434 3074 1633 3115; x_wconf 86' lang='lat' dir='ltr'><strong><em>rerum</em></strong></span> <span class='ocrx_word' id='word_1_322' title='bbox 1684 3073 1882 3116; x_wconf 88' lang='lat' dir='ltr'><strong><em>neces-</em></strong></span> <span class='ocrx_word' id='word_1_323' title='bbox 1917 3092 1957 3149; x_wconf 78' lang='lat' dir='ltr'><strong>C</strong></span> 
     </span>
    </p>
   </div>
   <div class='ocr_carea' id='block_1_45' title="bbox 226 3148 1381 3209">
    <p class='ocr_par' dir='ltr' id='par_1_45' title="bbox 226 3148 1381 3209">
     <span class='ocr_line' id='line_1_45' title="bbox 226 3148 1381 3209; baseline -0.003 -2"><span class='ocrx_word' id='word_1_324' title='bbox 226 3153 533 3209; x_wconf 86' lang='lat' dir='ltr'><strong><em>sariarum</em></strong></span> <span class='ocrx_word' id='word_1_325' title='bbox 561 3148 1037 3205; x_wconf 73' lang='lat' dir='ltr'><strong><em>adminish&#39;atio.</em></strong></span> <span class='ocrx_word' id='word_1_326' title='bbox 1375 3189 1381 3194; x_wconf 87' lang='grc'><strong>-</strong></span> 
     </span>
    </p>
   </div>
   <div class='ocr_carea' id='block_1_46' title="bbox 297 3238 1883 3313">
    <p class='ocr_par' dir='ltr' id='par_1_46' title="bbox 297 3238 1883 3313">
     <span class='ocr_line' id='line_1_46' title="bbox 297 3238 1883 3313; baseline -0.001 -17"><span class='ocrx_word' id='word_1_327' title='bbox 297 3240 485 3313; x_wconf 88' lang='lat' dir='ltr'><strong><em>Epist.</em></strong></span> <span class='ocrx_word' id='word_1_328' title='bbox 512 3244 599 3309; x_wconf 86' lang='lat'><strong><em>87,</em></strong></span> <span class='ocrx_word' id='word_1_329' title='bbox 635 3254 694 3310; x_wconf 92' lang='lat' dir='ltr'><strong><em>p.</em></strong></span> <span class='ocrx_word' id='word_1_330' title='bbox 730 3243 867 3294; x_wconf 77' lang='lat'><strong>179:</strong></span> <span class='ocrx_word' id='word_1_331' title='bbox 901 3238 1010 3294; x_wconf 86' lang='lat' dir='ltr'><strong><em>Sin</em></strong></span> <span class='ocrx_word' id='word_1_332' title='bbox 1037 3239 1486 3303; x_wconf 86' lang='lat' dir='ltr'><strong><em>minus,sattem</em></strong></span> <span class='ocrx_word' id='word_1_333' title='bbox 1511 3244 1723 3295; x_wconf 87' lang='lat' dir='ltr'><strong><em>contra</em></strong></span> <span class='ocrx_word' id='word_1_334' title='bbox 1751 3248 1883 3308; x_wconf 84' lang='lat' dir='ltr'><strong><em>pre-</em></strong></span> 
     </span>
    </p>
   </div>
   <div class='ocr_carea' id='block_1_47' title="bbox 225 3326 1885 3401">
    <p class='ocr_par' dir='ltr' id='par_1_47' title="bbox 225 3326 1885 3401">
     <span class='ocr_line' id='line_1_47' title="bbox 225 3326 1885 3401; baseline -0.003 -14"><span class='ocrx_word' id='word_1_335' title='bbox 225 3330 759 3401; x_wconf 60' lang='lat' dir='ltr'><strong><em>sbyteros,&quot;eosque</em></strong></span> <span class='ocrx_word' id='word_1_336' title='bbox 779 3333 1067 3398; x_wconf 86' lang='lat' dir='ltr'><strong><em>quotquot</em></strong></span> <span class='ocrx_word' id='word_1_337' title='bbox 1095 3327 1253 3383; x_wconf 88' lang='lat' dir='ltr'><strong><em>idem</em></strong></span> <span class='ocrx_word' id='word_1_338' title='bbox 1276 3342 1348 3383; x_wconf 86' lang='lat' dir='ltr'><strong><em>ac</em></strong></span> <span class='ocrx_word' id='word_1_339' title='bbox 1373 3343 1478 3383; x_wconf 87' lang='lat' dir='ltr'><strong><em>nos</em></strong></span> <span class='ocrx_word' id='word_1_340' title='bbox 1505 3329 1793 3395; x_wconf 87' lang='lat' dir='ltr'><strong><em>sentiunt,</em></strong></span> <span class='ocrx_word' id='word_1_341' title='bbox 1822 3326 1885 3382; x_wconf 91' lang='lat' dir='ltr'><strong><em>id</em></strong></span> 
     </span>
    </p>
   </div>
   <div class='ocr_carea' id='block_1_48' title="bbox 226 3416 1881 3489">
    <p class='ocr_par' dir='ltr' id='par_1_48' title="bbox 226 3416 1881 3489">
     <span class='ocr_line' id='line_1_48' title="bbox 226 3416 1881 3489; baseline -0.002 -13"><span class='ocrx_word' id='word_1_342' title='bbox 226 3426 334 3487; x_wconf 89' lang='lat' dir='ltr'><strong><em>est,</em></strong></span> <span class='ocrx_word' id='word_1_343' title='bbox 369 3417 581 3474; x_wconf 78' lang='lat' dir='ltr'><strong><em>saltem</em></strong></span> <span class='ocrx_word' id='word_1_344' title='bbox 606 3423 814 3473; x_wconf 86' lang='lat' dir='ltr'><strong><em>contra</em></strong></span> <span class='ocrx_word' id='word_1_345' title='bbox 835 3417 1244 3488; x_wconf 84' lang='lat' dir='ltr'><strong><em>presbyteros,</em></strong></span> <span class='ocrx_word' id='word_1_346' title='bbox 1295 3416 1626 3489; x_wconf 71' lang='lat' dir='ltr'><strong><em>praesertim</em></strong></span> <span class='ocrx_word' id='word_1_347' title='bbox 1658 3417 1707 3471; x_wconf 90' lang='lat' dir='ltr'><strong><em>si</em></strong></span> <span class='ocrx_word' id='word_1_348' title='bbox 1751 3432 1881 3489; x_wconf 90' lang='lat' dir='ltr'><strong><em>pre-</em></strong></span> 
     </span>
    </p>
   </div>
   <div class='ocr_carea' id='block_1_49' title="bbox 229 3506 1314 3581">
    <p class='ocr_par' dir='ltr' id='par_1_49' title="bbox 229 3506 1314 3581">
     <span class='ocr_line' id='line_1_49' title="bbox 229 3506 1314 3581; baseline -0.002 -17"><span class='ocrx_word' id='word_1_349' title='bbox 229 3507 453 3581; x_wconf 76' lang='lat' dir='ltr'><strong><em>sbyteri</em></strong></span> <span class='ocrx_word' id='word_1_350' title='bbox 483 3506 564 3563; x_wconf 89' lang='lat' dir='ltr'><strong><em>illi</em></strong></span> <span class='ocrx_word' id='word_1_351' title='bbox 596 3506 755 3562; x_wconf 89' lang='lat' dir='ltr'><strong><em>idem</em></strong></span> <span class='ocrx_word' id='word_1_352' title='bbox 791 3522 861 3561; x_wconf 86' lang='lat' dir='ltr'><strong><em>ac</em></strong></span> <span class='ocrx_word' id='word_1_353' title='bbox 892 3522 1003 3561; x_wconf 91' lang='lat' dir='ltr'><strong><em>nos</em></strong></span> <span class='ocrx_word' id='word_1_354' title='bbox 1032 3506 1314 3562; x_wconf 86' lang='lat' dir='ltr'><strong><em>sentiant.</em></strong></span> 
     </span>
    </p>
   </div>
   <div class='ocr_carea' id='block_1_50' title="bbox 300 3596 1885 3671">
    <p class='ocr_par' dir='ltr' id='par_1_50' title="bbox 300 3596 1885 3671">
     <span class='ocr_line' id='line_1_50' title="bbox 300 3596 1885 3671; baseline -0.004 -17"><span class='ocrx_word' id='word_1_355' title='bbox 300 3597 483 3671; x_wconf 75' lang='lat' dir='ltr'><strong><em>Epist.</em></strong></span> <span class='ocrx_word' id='word_1_356' title='bbox 531 3601 622 3666; x_wconf 86' lang='lat'><strong><em>90,</em></strong></span> <span class='ocrx_word' id='word_1_357' title='bbox 673 3612 732 3669; x_wconf 92' lang='lat' dir='ltr'><strong><em>p.</em></strong></span> <span class='ocrx_word' id='word_1_358' title='bbox 789 3601 932 3653; x_wconf 73' lang='lat'><strong><em>182:</em></strong></span> <span class='ocrx_word' id='word_1_359' title='bbox 995 3598 1147 3648; x_wconf 63' lang='lat' dir='ltr'><strong><em>(ﬁxo:</em></strong></span> <span class='ocrx_word' id='word_1_360' title='bbox 1209 3596 1494 3669; x_wconf 68' lang='grc' dir='ltr'>εὐκτήριοι,</span> <span class='ocrx_word' id='word_1_361' title='bbox 1554 3598 1739 3670; x_wconf 71' lang='grc' dir='ltr'>ἔρημοι</span> <span class='ocrx_word' id='word_1_362' title='bbox 1788 3598 1885 3650; x_wconf 73' lang='grc' dir='ltr'><strong><em>τῶν</em></strong></span> 
     </span>
    </p>
   </div>
   <div class='ocr_carea' id='block_1_51' title="bbox 230 3686 1885 3754">
    <p class='ocr_par' dir='ltr' id='par_1_51' title="bbox 230 3686 1885 3754">
     <span class='ocr_line' id='line_1_51' title="bbox 230 3686 1885 3754; baseline 0 -13"><span class='ocrx_word' id='word_1_363' title='bbox 230 3686 697 3747; x_wconf 66' lang='grc' dir='ltr'><strong><em>ἐκκλησιαζόντων.</em></strong></span> <span class='ocrx_word' id='word_1_364' title='bbox 761 3687 945 3752; x_wconf 85' lang='lat' dir='ltr'><strong><em>Verte,</em></strong></span> <span class='ocrx_word' id='word_1_365' title='bbox 996 3687 1258 3742; x_wconf 59' lang='lat' dir='ltr'><strong><em>Deserta</em></strong></span> <span class='ocrx_word' id='word_1_366' title='bbox 1324 3686 1533 3741; x_wconf 85' lang='lat' dir='ltr'><strong><em>domus</em></strong></span> <span class='ocrx_word' id='word_1_367' title='bbox 1573 3687 1885 3754; x_wconf 88' lang='lat' dir='ltr'><strong><em>orationis,</em></strong></span> 
     </span>
    </p>
   </div>
   <div class='ocr_carea' id='block_1_52' title="bbox 228 3775 1888 3848">
    <p class='ocr_par' dir='ltr' id='par_1_52' title="bbox 228 3775 1888 3848">
     <span class='ocr_line' id='line_1_52' title="bbox 228 3775 1888 3848; baseline -0.001 -15"><span class='ocrx_word' id='word_1_368' title='bbox 228 3793 335 3833; x_wconf 89' lang='lat' dir='ltr'><strong><em>nec</em></strong></span> <span class='ocrx_word' id='word_1_369' title='bbox 362 3777 676 3848; x_wconf 84' lang='lat' dir='ltr'><strong><em>quisquam</em></strong></span> <span class='ocrx_word' id='word_1_370' title='bbox 709 3776 771 3831; x_wconf 89' lang='lat' dir='ltr'><strong><em>in</em></strong></span> <span class='ocrx_word' id='word_1_371' title='bbox 793 3776 876 3831; x_wconf 83' lang='lat' dir='ltr'><strong><em>eis</em></strong></span> <span class='ocrx_word' id='word_1_372' title='bbox 897 3781 1320 3845; x_wconf 82' lang='lat' dir='ltr'><strong><em>congregatur.</em></strong></span> <span class='ocrx_word' id='word_1_373' title='bbox 1339 3775 1741 3831; x_wconf 83' lang='lat' dir='ltr'><strong><em>Contirmatur</em></strong></span> <span class='ocrx_word' id='word_1_374' title='bbox 1759 3776 1888 3831; x_wconf 64' lang='lat' dir='ltr'><strong><em>haec</em></strong></span> 
     </span>
    </p>
   </div>
   <div class='ocr_carea' id='block_1_53' title="bbox 228 3863 1884 3937">
    <p class='ocr_par' dir='ltr' id='par_1_53' title="bbox 228 3863 1884 3937">
     <span class='ocr_line' id='line_1_53' title="bbox 228 3863 1884 3937; baseline 0 -16"><span class='ocrx_word' id='word_1_375' title='bbox 228 3865 637 3937; x_wconf 88' lang='lat' dir='ltr'><strong><em>interpretatio</em></strong></span> <span class='ocrx_word' id='word_1_376' title='bbox 687 3881 760 3920; x_wconf 76' lang='lat' dir='ltr'><strong><em>ex</em></strong></span> <span class='ocrx_word' id='word_1_377' title='bbox 816 3863 908 3919; x_wconf 87' lang='lat' dir='ltr'><strong><em>his</em></strong></span> <span class='ocrx_word' id='word_1_378' title='bbox 968 3864 1166 3919; x_wconf 81' lang='lat' dir='ltr'><strong><em>verbis</em></strong></span> <span class='ocrx_word' id='word_1_379' title='bbox 1223 3864 1396 3936; x_wconf 87' lang='lat' dir='ltr'><strong><em>epist.</em></strong></span> <span class='ocrx_word' id='word_1_380' title='bbox 1457 3868 1546 3932; x_wconf 80' lang='lat'><strong><em>92,</em></strong></span> <span class='ocrx_word' id='word_1_381' title='bbox 1601 3880 1661 3937; x_wconf 89' lang='lat' dir='ltr'><strong><em>p.</em></strong></span> <span class='ocrx_word' id='word_1_382' title='bbox 1735 3866 1884 3921; x_wconf 76' lang='lat'><strong><em>185:</em></strong></span> 
     </span>
    </p>
   </div>
   <div class='ocr_carea' id='block_1_54' title="bbox 227 3952 1889 4024">
    <p class='ocr_par' dir='ltr' id='par_1_54' title="bbox 227 3952 1889 4024">
     <span class='ocr_line' id='line_1_54' title="bbox 227 3952 1889 4024; baseline -0.001 -11"><span class='ocrx_word' id='word_1_383' title='bbox 227 3956 496 4024; x_wconf 83' lang='lat' dir='ltr'><strong><em>Fugiunt</em></strong></span> <span class='ocrx_word' id='word_1_384' title='bbox 517 3954 886 4024; x_wconf 86' lang='lat' dir='ltr'><strong><em>precationis</em></strong></span> <span class='ocrx_word' id='word_1_385' title='bbox 908 3952 1111 4008; x_wconf 88' lang='lat' dir='ltr'><strong><em>domos</em></strong></span> <span class='ocrx_word' id='word_1_386' title='bbox 1138 3955 1358 4023; x_wconf 89' lang='lat' dir='ltr'><strong><em>populi</em></strong></span> <span class='ocrx_word' id='word_1_387' title='bbox 1378 3955 1671 4021; x_wconf 86' lang='lat' dir='ltr'><strong><em>saniores,</em></strong></span> <span class='ocrx_word' id='word_1_388' title='bbox 1697 3959 1763 4010; x_wconf 86' lang='lat' dir='ltr'><strong><em>ut</em></strong></span> <span class='ocrx_word' id='word_1_389' title='bbox 1783 3955 1889 4013; x_wconf 85' lang='lat' dir='ltr'><strong><em>im-</em></strong></span> 
     </span>
    </p>
   </div>
   <div class='ocr_carea' id='block_1_55' title="bbox 223 4042 1888 4118">
    <p class='ocr_par' dir='ltr' id='par_1_55' title="bbox 223 4042 1888 4118">
     <span class='ocr_line' id='line_1_55' title="bbox 223 4042 1888 4118; baseline -0.001 -17"><span class='ocrx_word' id='word_1_390' title='bbox 223 4046 469 4118; x_wconf 82' lang='lat' dir='ltr'><strong><em>pietatis</em></strong></span> <span class='ocrx_word' id='word_1_391' title='bbox 490 4042 751 4111; x_wconf 81' lang='lat' dir='ltr'><strong><em>scholas,</em></strong></span> <span class='ocrx_word' id='word_1_392' title='bbox 774 4058 843 4099; x_wconf 80' lang='lat' dir='ltr'><strong><em>ae</em></strong></span> <span class='ocrx_word' id='word_1_393' title='bbox 864 4044 926 4098; x_wconf 91' lang='lat' dir='ltr'><strong><em>in</em></strong></span> <span class='ocrx_word' id='word_1_394' title='bbox 960 4043 1389 4099; x_wconf 84' lang='lat' dir='ltr'><strong><em>solitudinibus</em></strong></span> <span class='ocrx_word' id='word_1_395' title='bbox 1438 4042 1520 4099; x_wconf 89' lang='lat' dir='ltr'><strong><em>ad</em></strong></span> <span class='ocrx_word' id='word_1_396' title='bbox 1565 4044 1888 4100; x_wconf 85' lang='lat' dir='ltr'><strong><em>Dominum</em></strong></span> 
     </span>
    </p>
   </div>
   <div class='ocr_carea' id='block_1_56' title="bbox 230 4134 1890 4207">
    <p class='ocr_par' dir='ltr' id='par_1_56' title="bbox 230 4134 1890 4207">
     <span class='ocr_line' id='line_1_56' title="bbox 230 4134 1890 4207; baseline -0.001 -14"><span class='ocrx_word' id='word_1_397' title='bbox 230 4140 293 4194; x_wconf 92' lang='lat' dir='ltr'><strong><em>in</em></strong></span> <span class='ocrx_word' id='word_1_398' title='bbox 318 4137 484 4193; x_wconf 72' lang='lat' dir='ltr'><strong><em>caelis</em></strong></span> <span class='ocrx_word' id='word_1_399' title='bbox 530 4134 971 4191; x_wconf 84' lang='lat' dir='ltr'><strong><em>inhabitantem</em></strong></span> <span class='ocrx_word' id='word_1_400' title='bbox 1006 4149 1138 4190; x_wconf 86' lang='lat' dir='ltr'><strong><em>cum</em></strong></span> <span class='ocrx_word' id='word_1_401' title='bbox 1166 4134 1483 4204; x_wconf 84' lang='lat' dir='ltr'><strong><em>gemitibus</em></strong></span> <span class='ocrx_word' id='word_1_402' title='bbox 1514 4140 1569 4191; x_wconf 89' lang='lat' dir='ltr'><strong><em>et</em></strong></span> <span class='ocrx_word' id='word_1_403' title='bbox 1602 4136 1890 4207; x_wconf 83' lang='lat' dir='ltr'><strong><em>lacrymis</em></strong></span> 
     </span>
    </p>
   </div>
   <div class='ocr_carea' id='block_1_57' title="bbox 232 4225 1595 4282">
    <p class='ocr_par' dir='ltr' id='par_1_57' title="bbox 232 4225 1595 4282">
     <span class='ocr_line' id='line_1_57' title="bbox 232 4225 1595 4282; baseline -0.004 -2"><span class='ocrx_word' id='word_1_404' title='bbox 232 4241 442 4282; x_wconf 84' lang='lat' dir='ltr'><strong><em>manus</em></strong></span> <span class='ocrx_word' id='word_1_405' title='bbox 467 4225 787 4281; x_wconf 81' lang='lat' dir='ltr'><strong><em>attollunt.</em></strong></span> <span class='ocrx_word' id='word_1_406' title='bbox 1588 4257 1595 4263; x_wconf 75' lang='lat'><strong><em>~</em></strong></span> 
     </span>
    </p>
   </div>
   <div class='ocr_carea' id='block_1_58' title="bbox 303 4314 1893 4388">
    <p class='ocr_par' dir='ltr' id='par_1_58' title="bbox 303 4314 1893 4388">
     <span class='ocr_line' id='line_1_58' title="bbox 303 4314 1893 4388; baseline 0.001 -18"><span class='ocrx_word' id='word_1_407' title='bbox 303 4319 366 4371; x_wconf 91' lang='lat' dir='ltr'><strong><em>ln</em></strong></span> <span class='ocrx_word' id='word_1_408' title='bbox 395 4316 511 4371; x_wconf 89' lang='lat' dir='ltr'><strong><em>hac</em></strong></span> <span class='ocrx_word' id='word_1_409' title='bbox 540 4314 795 4387; x_wconf 89' lang='lat' dir='ltr'><strong><em>epistola</em></strong></span> <span class='ocrx_word' id='word_1_410' title='bbox 824 4318 916 4384; x_wconf 82' lang='lat'><strong>92,</strong></span> <span class='ocrx_word' id='word_1_411' title='bbox 960 4331 1022 4388; x_wconf 89' lang='lat' dir='ltr'><strong><em>p.</em></strong></span> <span class='ocrx_word' id='word_1_412' title='bbox 1074 4318 1209 4370; x_wconf 77' lang='grc' dir='ltr'><strong><em>184ε</em></strong></span> <span class='ocrx_word' id='word_1_413' title='bbox 1258 4314 1464 4388; x_wconf 88' lang='lat' dir='ltr'><strong><em>Neque</em></strong></span> <span class='ocrx_word' id='word_1_414' title='bbox 1503 4316 1679 4371; x_wconf 87' lang='lat' dir='ltr'><strong><em>aliud</em></strong></span> <span class='ocrx_word' id='word_1_415' title='bbox 1717 4316 1893 4387; x_wconf 87' lang='lat' dir='ltr'><strong><em>quid-</em></strong></span> 
     </span>
    </p>
   </div>
   <div class='ocr_carea' id='block_1_59' title="bbox 1995 1804 3654 1873">
    <p class='ocr_par' dir='ltr' id='par_1_59' title="bbox 1995 1804 3654 1873">
     <span class='ocr_line' id='line_1_59' title="bbox 1995 1804 3654 1873; baseline 0 -11"><span class='ocrx_word' id='word_1_416' title='bbox 1995 1808 2255 1864; x_wconf 81' lang='lat' dir='ltr'><strong><em>Arianus</em></strong></span> <span class='ocrx_word' id='word_1_417' title='bbox 2287 1805 2627 1869; x_wconf 83' lang='lat' dir='ltr'><strong><em>Catholicis,</em></strong></span> <span class='ocrx_word' id='word_1_418' title='bbox 2654 1822 2765 1863; x_wconf 91' lang='lat' dir='ltr'><strong><em>nec</em></strong></span> <span class='ocrx_word' id='word_1_419' title='bbox 2796 1806 3032 1863; x_wconf 86' lang='lat' dir='ltr'><strong><em>Arianis</em></strong></span> <span class='ocrx_word' id='word_1_420' title='bbox 3069 1804 3412 1863; x_wconf 89' lang='lat' dir='ltr'><strong><em>Catholicus</em></strong></span> <span class='ocrx_word' id='word_1_421' title='bbox 3442 1804 3654 1873; x_wconf 87' lang='lat' dir='ltr'><strong><em>videri,</em></strong></span> 
     </span>
    </p>
   </div>
   <div class='ocr_carea' id='block_1_60' title="bbox 1994 1894 3657 1968">
    <p class='ocr_par' dir='ltr' id='par_1_60' title="bbox 1994 1894 3657 1968">
     <span class='ocr_line' id='line_1_60' title="bbox 1994 1894 3657 1968; baseline -0.002 -15"><span class='ocrx_word' id='word_1_422' title='bbox 1994 1897 2299 1953; x_wconf 86' lang='lat' dir='ltr'><strong><em>declinare</em></strong></span> <span class='ocrx_word' id='word_1_423' title='bbox 2330 1900 2387 1953; x_wconf 90' lang='lat' dir='ltr'><strong><em>et</em></strong></span> <span class='ocrx_word' id='word_1_424' title='bbox 2416 1895 2658 1952; x_wconf 88' lang='lat' dir='ltr'><strong><em>eludere</em></strong></span> <span class='ocrx_word' id='word_1_425' title='bbox 2690 1894 2965 1952; x_wconf 87' lang='lat' dir='ltr'><strong><em>tentabat</em></strong></span> <span class='ocrx_word' id='word_1_426' title='bbox 2988 1910 3126 1968; x_wconf 68' lang='lat' dir='ltr'><strong><em>quae</em></strong></span> <span class='ocrx_word' id='word_1_427' title='bbox 3161 1911 3197 1954; x_wconf 71' lang='grc' dir='ltr'>α</span> <span class='ocrx_word' id='word_1_428' title='bbox 3246 1894 3464 1952; x_wconf 82' lang='lat' dir='ltr'><strong><em>Basilio</em></strong></span> <span class='ocrx_word' id='word_1_429' title='bbox 3514 1909 3657 1967; x_wconf 82' lang='lat' dir='ltr'><strong><em>pro-</em></strong></span> 
     </span>
    </p>
   </div>
   <div class='ocr_carea' id='block_1_61' title="bbox 1994 1982 3657 2060">
    <p class='ocr_par' dir='ltr' id='par_1_61' title="bbox 1994 1982 3657 2060">
     <span class='ocr_line' id='line_1_61' title="bbox 1994 1982 3657 2060; baseline -0.001 -17"><span class='ocrx_word' id='word_1_430' title='bbox 1994 1986 2379 2060; x_wconf 87' lang='lat' dir='ltr'><strong><em>ponebantur</em></strong></span> <span class='ocrx_word' id='word_1_431' title='bbox 2411 2004 2423 2042; x_wconf 91' lang='lat'><strong>:</strong></span> <span class='ocrx_word' id='word_1_432' title='bbox 2454 1985 2517 2041; x_wconf 91' lang='lat' dir='ltr'><strong><em>in</em></strong></span> <span class='ocrx_word' id='word_1_433' title='bbox 2541 2000 2665 2057; x_wconf 93' lang='lat' dir='ltr'><strong><em>quo</em></strong></span> <span class='ocrx_word' id='word_1_434' title='bbox 2696 1983 3039 2041; x_wconf 77' lang='lat' dir='ltr'><strong><em>Poemenius</em></strong></span> <span class='ocrx_word' id='word_1_435' title='bbox 3063 2000 3316 2058; x_wconf 87' lang='lat' dir='ltr'><strong><em>operam</em></strong></span> <span class='ocrx_word' id='word_1_436' title='bbox 3349 1982 3657 2042; x_wconf 83' lang='lat' dir='ltr'><strong><em>Eustathio</em></strong></span> 
     </span>
    </p>
   </div>
   <div class='ocr_carea' id='block_1_62' title="bbox 1994 2072 3092 2132">
    <p class='ocr_par' dir='ltr' id='par_1_62' title="bbox 1994 2072 3092 2132">
     <span class='ocr_line' id='line_1_62' title="bbox 1994 2072 3092 2132; baseline -0.004 0"><span class='ocrx_word' id='word_1_437' title='bbox 1994 2075 2267 2132; x_wconf 88' lang='lat' dir='ltr'><strong><em>navabat</em></strong></span> <span class='ocrx_word' id='word_1_438' title='bbox 2294 2079 2351 2131; x_wconf 90' lang='lat' dir='ltr'><strong><em>et</em></strong></span> <span class='ocrx_word' id='word_1_439' title='bbox 2377 2073 2822 2131; x_wconf 84' lang='lat' dir='ltr'><strong><em>adversabatur</em></strong></span> <span class='ocrx_word' id='word_1_440' title='bbox 2855 2072 3092 2129; x_wconf 87' lang='lat' dir='ltr'><strong><em>Basilio.</em></strong></span> 
     </span>
    </p>
   </div>
   <div class='ocr_carea' id='block_1_63' title="bbox 2068 2161 3660 2238">
    <p class='ocr_par' dir='ltr' id='par_1_63' title="bbox 2068 2161 3660 2238">
     <span class='ocr_line' id='line_1_63' title="bbox 2068 2161 3660 2238; baseline -0.001 -18"><span class='ocrx_word' id='word_1_441' title='bbox 2068 2165 2253 2238; x_wconf 87' lang='lat' dir='ltr'><strong><em>Epist.</em></strong></span> <span class='ocrx_word' id='word_1_442' title='bbox 2287 2167 2405 2235; x_wconf 72' lang='grc'>104,</span> <span class='ocrx_word' id='word_1_443' title='bbox 2442 2181 2501 2237; x_wconf 90' lang='lat' dir='ltr'><strong><em>p.</em></strong></span> <span class='ocrx_word' id='word_1_444' title='bbox 2541 2168 2685 2219; x_wconf 68' lang='grc'>1992</span> <span class='ocrx_word' id='word_1_445' title='bbox 2735 2164 2851 2224; x_wconf 85' lang='grc' dir='ltr'><strong><em>Τοῖς</em></strong></span> <span class='ocrx_word' id='word_1_446' title='bbox 2900 2161 2981 2216; x_wconf 77' lang='grc' dir='ltr'><strong><em>ἀεὶ</em></strong></span> <span class='ocrx_word' id='word_1_447' title='bbox 3038 2165 3531 2236; x_wconf 74' lang='grc' dir='ltr'><strong><em>καταπονουμένοις.</em></strong></span> <span class='ocrx_word' id='word_1_448' title='bbox 3587 2163 3660 2220; x_wconf 83' lang='lat' dir='ltr'><strong><em>iis</em></strong></span> 
     </span>
    </p>
   </div>
   <div class='ocr_carea' id='block_1_64' title="bbox 1994 2251 3661 2327">
    <p class='ocr_par' dir='ltr' id='par_1_64' title="bbox 1994 2251 3661 2327">
     <span class='ocr_line' id='line_1_64' title="bbox 1994 2251 3661 2327; baseline -0.002 -17"><span class='ocrx_word' id='word_1_449' title='bbox 1994 2256 2101 2327; x_wconf 81' lang='lat' dir='ltr'><strong><em>qui</em></strong></span> <span class='ocrx_word' id='word_1_450' title='bbox 2131 2255 2337 2327; x_wconf 82' lang='lat' dir='ltr'><strong><em>quovis</em></strong></span> <span class='ocrx_word' id='word_1_451' title='bbox 2361 2261 2623 2324; x_wconf 89' lang='lat' dir='ltr'><strong><em>tempore</em></strong></span> <span class='ocrx_word' id='word_1_452' title='bbox 2649 2254 3044 2325; x_wconf 79' lang='lat' dir='ltr'><strong><em>afﬂiguntur.</em></strong></span> <span class='ocrx_word' id='word_1_453' title='bbox 3085 2251 3247 2307; x_wconf 85' lang='lat' dir='ltr'><strong><em>Verli</em></strong></span> <span class='ocrx_word' id='word_1_454' title='bbox 3272 2255 3555 2325; x_wconf 88' lang='lat' dir='ltr'><strong><em>possunt,</em></strong></span> <span class='ocrx_word' id='word_1_455' title='bbox 3587 2252 3661 2307; x_wconf 87' lang='lat' dir='ltr'><strong><em>iis</em></strong></span> 
     </span>
    </p>
   </div>
   <div class='ocr_carea' id='block_1_65' title="bbox 1994 2340 3662 2416">
    <p class='ocr_par' dir='ltr' id='par_1_65' title="bbox 1994 2340 3662 2416">
     <span class='ocr_line' id='line_1_65' title="bbox 1994 2340 3662 2416; baseline 0 -19"><span class='ocrx_word' id='word_1_456' title='bbox 1994 2344 2100 2415; x_wconf 84' lang='lat' dir='ltr'><strong><em>qui</em></strong></span> <span class='ocrx_word' id='word_1_457' title='bbox 2110 2359 2225 2416; x_wconf 90' lang='lat' dir='ltr'><strong><em>quo</em></strong></span> <span class='ocrx_word' id='word_1_458' title='bbox 2235 2345 2316 2399; x_wconf 73' lang='lat' dir='ltr'><strong><em>eis</em></strong></span> <span class='ocrx_word' id='word_1_459' title='bbox 2335 2348 2598 2412; x_wconf 89' lang='lat' dir='ltr'><strong><em>tempore</em></strong></span> <span class='ocrx_word' id='word_1_460' title='bbox 2607 2357 2902 2413; x_wconf 88' lang='lat' dir='ltr'><strong><em>pauperes</em></strong></span> <span class='ocrx_word' id='word_1_461' title='bbox 2920 2347 3081 2398; x_wconf 89' lang='lat' dir='ltr'><strong><em>sunt.</em></strong></span> <span class='ocrx_word' id='word_1_462' title='bbox 3098 2344 3217 2397; x_wconf 82' lang='lat' dir='ltr'><strong><em>Hoc</em></strong></span> <span class='ocrx_word' id='word_1_463' title='bbox 3231 2340 3394 2397; x_wconf 89' lang='lat' dir='ltr'><strong><em>enim</em></strong></span> <span class='ocrx_word' id='word_1_464' title='bbox 3411 2340 3662 2398; x_wconf 87' lang='lat' dir='ltr'><strong><em>verbum</em></strong></span> 
     </span>
    </p>
   </div>
   <div class='ocr_carea' id='block_1_66' title="bbox 1996 2430 3650 2507">
    <p class='ocr_par' dir='ltr' id='par_1_66' title="bbox 1996 2430 3650 2507">
     <span class='ocr_line' id='line_1_66' title="bbox 1996 2430 3650 2507; baseline -0.001 -17"><span class='ocrx_word' id='word_1_465' title='bbox 1996 2434 2079 2490; x_wconf 91' lang='lat' dir='ltr'><strong><em>sic</em></strong></span> <span class='ocrx_word' id='word_1_466' title='bbox 2100 2433 2395 2507; x_wconf 86' lang='lat' dir='ltr'><strong><em>accipitur</em></strong></span> <span class='ocrx_word' id='word_1_467' title='bbox 2414 2434 2475 2488; x_wconf 91' lang='lat' dir='ltr'><strong><em>in</em></strong></span> <span class='ocrx_word' id='word_1_468' title='bbox 2501 2432 2676 2504; x_wconf 84' lang='lat' dir='ltr'><strong><em>epist.</em></strong></span> <span class='ocrx_word' id='word_1_469' title='bbox 2696 2436 2816 2499; x_wconf 76' lang='grc'>142,</span> <span class='ocrx_word' id='word_1_470' title='bbox 2850 2436 2906 2488; x_wconf 92' lang='lat' dir='ltr'><strong><em>et</em></strong></span> <span class='ocrx_word' id='word_1_471' title='bbox 2935 2430 3211 2504; x_wconf 87' lang='lat' dir='ltr'><strong><em>pluribus</em></strong></span> <span class='ocrx_word' id='word_1_472' title='bbox 3235 2431 3366 2488; x_wconf 86' lang='lat' dir='ltr'><strong><em>aliis</em></strong></span> <span class='ocrx_word' id='word_1_473' title='bbox 3387 2432 3450 2487; x_wconf 90' lang='lat' dir='ltr'><strong><em>in</em></strong></span> <span class='ocrx_word' id='word_1_474' title='bbox 3475 2430 3650 2488; x_wconf 90' lang='lat' dir='ltr'><strong><em>locis.</em></strong></span> 
     </span>
    </p>
   </div>
   <div class='ocr_carea' id='block_1_67' title="bbox 2067 2520 3660 2597">
    <p class='ocr_par' dir='ltr' id='par_1_67' title="bbox 2067 2520 3660 2597">
     <span class='ocr_line' id='line_1_67' title="bbox 2067 2520 3660 2597; baseline -0.003 -17"><span class='ocrx_word' id='word_1_475' title='bbox 2067 2524 2248 2597; x_wconf 83' lang='lat' dir='ltr'><strong><em>Epist.</em></strong></span> <span class='ocrx_word' id='word_1_476' title='bbox 2288 2525 2407 2593; x_wconf 83' lang='grc'>117,</span> <span class='ocrx_word' id='word_1_477' title='bbox 2444 2540 2503 2596; x_wconf 92' lang='lat' dir='ltr'><strong><em>p.</em></strong></span> <span class='ocrx_word' id='word_1_478' title='bbox 2536 2526 2639 2579; x_wconf 79' lang='lat'><strong><em>209</em></strong></span> <span class='ocrx_word' id='word_1_479' title='bbox 2665 2540 2677 2578; x_wconf 88' lang='lat'>:</span> <span class='ocrx_word' id='word_1_480' title='bbox 2709 2521 3032 2592; x_wconf 82' lang='lat' dir='ltr'><strong><em>Ejusmodi</em></strong></span> <span class='ocrx_word' id='word_1_481' title='bbox 3053 2522 3426 2589; x_wconf 82' lang='lat' dir='ltr'><strong><em>ministeriis,</em></strong></span> <span class='ocrx_word' id='word_1_482' title='bbox 3457 2520 3518 2578; x_wconf 87' lang='lat' dir='ltr'><strong><em>id</em></strong></span> <span class='ocrx_word' id='word_1_483' title='bbox 3550 2525 3660 2593; x_wconf 87' lang='lat' dir='ltr'><strong><em>est,</em></strong></span> 
     </span>
    </p>
   </div>
   <div class='ocr_carea' id='block_1_68' title="bbox 1994 2611 2999 2684">
    <p class='ocr_par' dir='ltr' id='par_1_68' title="bbox 1994 2611 2999 2684">
     <span class='ocr_line' id='line_1_68' title="bbox 1994 2611 2999 2684; baseline -0.003 -15"><span class='ocrx_word' id='word_1_484' title='bbox 1994 2613 2327 2683; x_wconf 81' lang='lat' dir='ltr'><strong><em>gratiarum</em></strong></span> <span class='ocrx_word' id='word_1_485' title='bbox 2358 2612 2738 2684; x_wconf 85' lang='lat' dir='ltr'><strong><em>agendarum</em></strong></span> <span class='ocrx_word' id='word_1_486' title='bbox 2765 2611 2999 2668; x_wconf 84' lang='lat' dir='ltr'><strong><em>ofﬁciis.</em></strong></span> 
     </span>
    </p>
   </div>
   <div class='ocr_carea' id='block_1_69' title="bbox 2068 2697 3661 2775">
    <p class='ocr_par' dir='ltr' id='par_1_69' title="bbox 2068 2697 3661 2775">
     <span class='ocr_line' id='line_1_69' title="bbox 2068 2697 3661 2775; baseline -0.003 -17"><span class='ocrx_word' id='word_1_487' title='bbox 2068 2703 2251 2775; x_wconf 84' lang='lat' dir='ltr'><strong><em>Epist.</em></strong></span> <span class='ocrx_word' id='word_1_488' title='bbox 2304 2706 2424 2770; x_wconf 82' lang='grc'>130,</span> <span class='ocrx_word' id='word_1_489' title='bbox 2479 2719 2540 2775; x_wconf 89' lang='lat' dir='ltr'><strong><em>p.</em></strong></span> <span class='ocrx_word' id='word_1_490' title='bbox 2606 2707 2748 2758; x_wconf 75' lang='lat'><strong><em>222:</em></strong></span> <span class='ocrx_word' id='word_1_491' title='bbox 2801 2697 3012 2759; x_wconf 75' lang='grc' dir='ltr'>Ἐπειδὴ</span> <span class='ocrx_word' id='word_1_492' title='bbox 3071 2698 3130 2754; x_wconf 63' lang='lat' dir='ltr'><strong><em>de</em></strong></span> <span class='ocrx_word' id='word_1_493' title='bbox 3164 2706 3254 2753; x_wconf 77' lang='grc' dir='ltr'><strong><em>καὶ</em></strong></span> <span class='ocrx_word' id='word_1_494' title='bbox 3308 2706 3374 2762; x_wconf 84' lang='grc' dir='ltr'><strong><em>εἱς</em></strong></span> <span class='ocrx_word' id='word_1_495' title='bbox 3425 2700 3661 2755; x_wconf 76' lang='grc' dir='ltr'><strong><em>Κιλικίαν</em></strong></span> 
     </span>
    </p>
   </div>
   <div class='ocr_carea' id='block_1_70' title="bbox 1993 2790 3191 2864">
    <p class='ocr_par' dir='ltr' id='par_1_70' title="bbox 1993 2790 3191 2864">
     <span class='ocr_line' id='line_1_70' title="bbox 1993 2790 3191 2864; baseline -0.003 -19"><span class='ocrx_word' id='word_1_496' title='bbox 1993 2792 2168 2859; x_wconf 75' lang='grc' dir='ltr'>ἐλθὼν,</span> <span class='ocrx_word' id='word_1_497' title='bbox 2246 2798 2336 2844; x_wconf 72' lang='grc' dir='ltr'><strong><em>καὶ</em></strong></span> <span class='ocrx_word' id='word_1_498' title='bbox 2415 2797 2693 2864; x_wconf 76' lang='grc' dir='ltr'><strong><em>συντυχὼν</em></strong></span> <span class='ocrx_word' id='word_1_499' title='bbox 2771 2790 3001 2862; x_wconf 59' lang='lat' dir='ltr'><strong><em>Pelusio)</em></strong></span> <span class='ocrx_word' id='word_1_500' title='bbox 3068 2795 3191 2855; x_wconf 80' lang='grc' dir='ltr'>τινὶ,</span> 
     </span>
    </p>
   </div>
   <div class='ocr_carea' id='block_1_71' title="bbox 1994 2878 3661 2956">
    <p class='ocr_par' dir='ltr' id='par_1_71' title="bbox 1994 2878 3661 2956">
     <span class='ocr_line' id='line_1_71' title="bbox 1994 2878 3661 2956; baseline -0.001 -20"><span class='ocrx_word' id='word_1_501' title='bbox 1994 2883 2207 2953; x_wconf 78' lang='grc' dir='ltr'><strong><em>ἐξέθετο,</em></strong></span> <span class='ocrx_word' id='word_1_502' title='bbox 2278 2883 2336 2940; x_wconf 74' lang='grc' dir='ltr'><strong><em>ἣν</em></strong></span> <span class='ocrx_word' id='word_1_503' title='bbox 2402 2887 2562 2956; x_wconf 76' lang='grc' dir='ltr'><strong><em>μόνον</em></strong></span> <span class='ocrx_word' id='word_1_504' title='bbox 2625 2878 2685 2941; x_wconf 74' lang='grc' dir='ltr'><em>ἦν</em></span> <span class='ocrx_word' id='word_1_505' title='bbox 2740 2880 2933 2955; x_wconf 75' lang='grc' dir='ltr'><strong><em>Ἀρείου</em></strong></span> <span class='ocrx_word' id='word_1_506' title='bbox 3004 2880 3331 2956; x_wconf 66' lang='grc' dir='ltr'>συγγράψαι,</span> <span class='ocrx_word' id='word_1_507' title='bbox 3374 2886 3463 2933; x_wconf 81' lang='grc' dir='ltr'><strong><em>καὶ</em></strong></span> <span class='ocrx_word' id='word_1_508' title='bbox 3502 2884 3545 2934; x_wconf 75' lang='lat' dir='ltr'><strong><em>si</em></strong></span> <span class='ocrx_word' id='word_1_509' title='bbox 3583 2901 3661 2943; x_wconf 85' lang='grc' dir='ltr'>τις</span> 
     </span>
    </p>
   </div>
   <div class='ocr_carea' id='block_1_72' title="bbox 1993 2970 3656 3045">
    <p class='ocr_par' dir='ltr' id='par_1_72' title="bbox 1993 2970 3656 3045">
     <span class='ocr_line' id='line_1_72' title="bbox 1993 2970 3656 3045; baseline 0.001 -20"><span class='ocrx_word' id='word_1_510' title='bbox 1993 2972 2152 3025; x_wconf 66' lang='grc' dir='ltr'><strong><em>αὐτοῦ</em></strong></span> <span class='ocrx_word' id='word_1_511' title='bbox 2192 2977 2405 3045; x_wconf 74' lang='grc' dir='ltr'><strong><em>γνήσως</em></strong></span> <span class='ocrx_word' id='word_1_512' title='bbox 2443 2972 2707 3044; x_wconf 69' lang='grc' dir='ltr'><strong><em>μαθητής,</em></strong></span> <span class='ocrx_word' id='word_1_513' title='bbox 2749 2976 2862 3027; x_wconf 89' lang='lat' dir='ltr'><strong><em>etc.</em></strong></span> <span class='ocrx_word' id='word_1_514' title='bbox 2919 2970 3257 3042; x_wconf 88' lang='lat' dir='ltr'><strong><em>Postquam</em></strong></span> <span class='ocrx_word' id='word_1_515' title='bbox 3306 2985 3444 3027; x_wconf 85' lang='lat' dir='ltr'><strong><em>vero</em></strong></span> <span class='ocrx_word' id='word_1_516' title='bbox 3493 2976 3548 3027; x_wconf 85' lang='lat' dir='ltr'><strong><em>et</em></strong></span> <span class='ocrx_word' id='word_1_517' title='bbox 3593 2973 3656 3027; x_wconf 88' lang='lat' dir='ltr'><strong><em>in</em></strong></span> 
     </span>
    </p>
   </div>
   <div class='ocr_carea' id='block_1_73' title="bbox 1995 3054 3658 3133">
    <p class='ocr_par' dir='ltr' id='par_1_73' title="bbox 1995 3054 3658 3133">
     <span class='ocr_line' id='line_1_73' title="bbox 1995 3054 3658 3133; baseline -0.001 -14"><span class='ocrx_word' id='word_1_518' title='bbox 1995 3063 2274 3121; x_wconf 81' lang='lat' dir='ltr'><strong><em>Ciliciam</em></strong></span> <span class='ocrx_word' id='word_1_519' title='bbox 2306 3064 2486 3132; x_wconf 86' lang='lat' dir='ltr'><strong><em>venit,</em></strong></span> <span class='ocrx_word' id='word_1_520' title='bbox 2522 3066 2704 3133; x_wconf 85' lang='lat' dir='ltr'><strong><em>atque</em></strong></span> <span class='ocrx_word' id='word_1_521' title='bbox 2751 3060 3054 3117; x_wconf 87' lang='lat' dir='ltr'><strong><em>Gelasium</em></strong></span> <span class='ocrx_word' id='word_1_522' title='bbox 3086 3060 3403 3133; x_wconf 88' lang='lat' dir='ltr'><strong><em>quemdam</em></strong></span> <span class='ocrx_word' id='word_1_523' title='bbox 3452 3054 3658 3118; x_wconf 77' lang='lat' dir='ltr'><strong><em>canue-</em></strong></span> 
     </span>
    </p>
   </div>
   <div class='ocr_carea' id='block_1_74' title="bbox 1991 3150 3660 3222">
    <p class='ocr_par' dir='ltr' id='par_1_74' title="bbox 1991 3150 3660 3222">
     <span class='ocr_line' id='line_1_74' title="bbox 1991 3150 3660 3222; baseline -0.001 -13"><span class='ocrx_word' id='word_1_524' title='bbox 1991 3153 2182 3215; x_wconf 86' lang='lat' dir='ltr'><strong><em>niens,</em></strong></span> <span class='ocrx_word' id='word_1_525' title='bbox 2209 3151 2392 3208; x_wconf 87' lang='lat' dir='ltr'><strong><em>eidem</em></strong></span> <span class='ocrx_word' id='word_1_526' title='bbox 2411 3150 2591 3220; x_wconf 79' lang='lat' dir='ltr'><strong><em>fidem</em></strong></span> <span class='ocrx_word' id='word_1_527' title='bbox 2613 3151 2909 3221; x_wconf 74' lang='lat' dir='ltr'><strong><em>exposuit,</em></strong></span> <span class='ocrx_word' id='word_1_528' title='bbox 2925 3165 3107 3222; x_wconf 89' lang='lat' dir='ltr'><strong><em>quam</em></strong></span> <span class='ocrx_word' id='word_1_529' title='bbox 3126 3151 3502 3208; x_wconf 86' lang='lat' dir='ltr'><strong><em>conscribere</em></strong></span> <span class='ocrx_word' id='word_1_530' title='bbox 3526 3157 3660 3209; x_wconf 85' lang='lat' dir='ltr'><strong><em>erat</em></strong></span> 
     </span>
    </p>
   </div>
   <div class='ocr_carea' id='block_1_75' title="bbox 1992 3240 3655 3313">
    <p class='ocr_par' dir='ltr' id='par_1_75' title="bbox 1992 3240 3655 3313">
     <span class='ocr_line' id='line_1_75' title="bbox 1992 3240 3655 3313; baseline -0.001 -15"><span class='ocrx_word' id='word_1_531' title='bbox 1992 3243 2120 3299; x_wconf 78' lang='lat' dir='ltr'><strong><em>Arii</em></strong></span> <span class='ocrx_word' id='word_1_532' title='bbox 2143 3242 2351 3309; x_wconf 88' lang='lat' dir='ltr'><strong><em>solius,</em></strong></span> <span class='ocrx_word' id='word_1_533' title='bbox 2387 3246 2440 3297; x_wconf 91' lang='lat' dir='ltr'><strong><em>et</em></strong></span> <span class='ocrx_word' id='word_1_534' title='bbox 2479 3243 2536 3296; x_wconf 87' lang='lat' dir='ltr'><strong><em>si</em></strong></span> <span class='ocrx_word' id='word_1_535' title='bbox 2562 3242 2695 3313; x_wconf 89' lang='lat' dir='ltr'><strong><em>quis</em></strong></span> <span class='ocrx_word' id='word_1_536' title='bbox 2738 3255 3066 3312; x_wconf 86' lang='lat' dir='ltr'><strong><em>germanus</em></strong></span> <span class='ocrx_word' id='word_1_537' title='bbox 3102 3240 3272 3296; x_wconf 87' lang='lat' dir='ltr'><strong><em>illius</em></strong></span> <span class='ocrx_word' id='word_1_538' title='bbox 3302 3241 3655 3311; x_wconf 85' lang='lat' dir='ltr'><strong><em>discipulus,</em></strong></span> 
     </span>
    </p>
   </div>
   <div class='ocr_carea' id='block_1_76' title="bbox 1992 3328 3657 3404">
    <p class='ocr_par' dir='ltr' id='par_1_76' title="bbox 1992 3328 3657 3404">
     <span class='ocr_line' id='line_1_76' title="bbox 1992 3328 3657 3404; baseline -0.002 -14"><span class='ocrx_word' id='word_1_539' title='bbox 1992 3336 2101 3390; x_wconf 90' lang='lat' dir='ltr'><strong><em>etc.</em></strong></span> <span class='ocrx_word' id='word_1_540' title='bbox 2139 3330 2425 3404; x_wconf 86' lang='lat' dir='ltr'><strong><em>Loquitur</em></strong></span> <span class='ocrx_word' id='word_1_541' title='bbox 2457 3330 2708 3387; x_wconf 89' lang='lat' dir='ltr'><strong><em>Basilius</em></strong></span> <span class='ocrx_word' id='word_1_542' title='bbox 2740 3328 2853 3385; x_wconf 90' lang='lat' dir='ltr'><strong><em>sub</em></strong></span> <span class='ocrx_word' id='word_1_543' title='bbox 2905 3328 3091 3385; x_wconf 85' lang='lat' dir='ltr'><strong><em>ﬁnem</em></strong></span> <span class='ocrx_word' id='word_1_544' title='bbox 3138 3328 3409 3402; x_wconf 75' lang='lat' dir='ltr'><strong><em>epistolae</em></strong></span> <span class='ocrx_word' id='word_1_545' title='bbox 3452 3333 3551 3385; x_wconf 78' lang='grc'><strong><em>124</em></strong></span> <span class='ocrx_word' id='word_1_546' title='bbox 3580 3328 3657 3386; x_wconf 88' lang='lat' dir='ltr'><strong><em>de</em></strong></span> 
     </span>
    </p>
   </div>
   <div class='ocr_carea' id='block_1_77' title="bbox 1993 3418 3655 3493">
    <p class='ocr_par' dir='ltr' id='par_1_77' title="bbox 1993 3418 3655 3493">
     <span class='ocr_line' id='line_1_77' title="bbox 1993 3418 3655 3493; baseline -0.002 -15"><span class='ocrx_word' id='word_1_547' title='bbox 1993 3420 2208 3478; x_wconf 91' lang='lat' dir='ltr'><strong><em>eadem</em></strong></span> <span class='ocrx_word' id='word_1_548' title='bbox 2248 3419 2390 3489; x_wconf 87' lang='lat' dir='ltr'><strong><em>tide,</em></strong></span> <span class='ocrx_word' id='word_1_549' title='bbox 2422 3434 2611 3493; x_wconf 89' lang='lat' dir='ltr'><strong><em>quam</em></strong></span> <span class='ocrx_word' id='word_1_550' title='bbox 2653 3418 2890 3475; x_wconf 87' lang='lat' dir='ltr'><strong><em>Gelasio</em></strong></span> <span class='ocrx_word' id='word_1_551' title='bbox 2930 3418 3308 3474; x_wconf 87' lang='lat' dir='ltr'><strong><em>Eustathium</em></strong></span> <span class='ocrx_word' id='word_1_552' title='bbox 3350 3418 3429 3475; x_wconf 88' lang='lat' dir='ltr'><strong><em>ait</em></strong></span> <span class='ocrx_word' id='word_1_553' title='bbox 3477 3418 3655 3475; x_wconf 84' lang='lat' dir='ltr'><strong><em>tradi-</em></strong></span> 
     </span>
    </p>
   </div>
   <div class='ocr_carea' id='block_1_78' title="bbox 1994 3506 3659 3581">
    <p class='ocr_par' dir='ltr' id='par_1_78' title="bbox 1994 3506 3659 3581">
     <span class='ocr_line' id='line_1_78' title="bbox 1994 3506 3659 3581; baseline -0.001 -15"><span class='ocrx_word' id='word_1_554' title='bbox 1994 3511 2175 3567; x_wconf 90' lang='lat' dir='ltr'><strong><em>disse.</em></strong></span> <span class='ocrx_word' id='word_1_555' title='bbox 2210 3512 2372 3565; x_wconf 88' lang='lat' dir='ltr'><strong><em>Patet</em></strong></span> <span class='ocrx_word' id='word_1_556' title='bbox 2397 3508 2555 3564; x_wconf 90' lang='lat' dir='ltr'><strong><em>hanc</em></strong></span> <span class='ocrx_word' id='word_1_557' title='bbox 2604 3507 2745 3564; x_wconf 86' lang='lat' dir='ltr'><strong><em>ﬁdei</em></strong></span> <span class='ocrx_word' id='word_1_558' title='bbox 2776 3507 3218 3565; x_wconf 86' lang='lat' dir='ltr'><strong><em>confessionem</em></strong></span> <span class='ocrx_word' id='word_1_559' title='bbox 3252 3506 3332 3563; x_wconf 90' lang='lat' dir='ltr'><strong><em>ab</em></strong></span> <span class='ocrx_word' id='word_1_560' title='bbox 3370 3507 3508 3581; x_wconf 91' lang='lat' dir='ltr'><strong><em>ipso</em></strong></span> <span class='ocrx_word' id='word_1_561' title='bbox 3552 3510 3659 3565; x_wconf 87' lang='lat' dir='ltr'><strong><em>Eu-</em></strong></span> 
     </span>
    </p>
   </div>
   <div class='ocr_carea' id='block_1_79' title="bbox 1995 3597 3657 3672">
    <p class='ocr_par' dir='ltr' id='par_1_79' title="bbox 1995 3597 3657 3672">
     <span class='ocr_line' id='line_1_79' title="bbox 1995 3597 3657 3672; baseline -0.001 -16"><span class='ocrx_word' id='word_1_562' title='bbox 1995 3600 2214 3658; x_wconf 86' lang='lat' dir='ltr'><strong><em>stathio</em></strong></span> <span class='ocrx_word' id='word_1_563' title='bbox 2245 3597 2648 3672; x_wconf 88' lang='lat' dir='ltr'><strong><em>compositam</em></strong></span> <span class='ocrx_word' id='word_1_564' title='bbox 2676 3597 2880 3653; x_wconf 85' lang='lat' dir='ltr'><strong><em>fuisse.</em></strong></span> <span class='ocrx_word' id='word_1_565' title='bbox 2907 3597 3073 3653; x_wconf 85' lang='lat' dir='ltr'><strong><em>Hanc</em></strong></span> <span class='ocrx_word' id='word_1_566' title='bbox 3102 3597 3261 3653; x_wconf 90' lang='lat' dir='ltr'><strong><em>enim</em></strong></span> <span class='ocrx_word' id='word_1_567' title='bbox 3290 3610 3657 3669; x_wconf 88' lang='lat' dir='ltr'><strong><em>componere</em></strong></span> 
     </span>
    </p>
   </div>
   <div class='ocr_carea' id='block_1_80' title="bbox 1996 3684 3659 3759">
    <p class='ocr_par' dir='ltr' id='par_1_80' title="bbox 1996 3684 3659 3759">
     <span class='ocr_line' id='line_1_80' title="bbox 1996 3684 3659 3759; baseline -0.001 -13"><span class='ocrx_word' id='word_1_568' title='bbox 1996 3688 2249 3747; x_wconf 87' lang='lat' dir='ltr'><strong><em>Basilius</em></strong></span> <span class='ocrx_word' id='word_1_569' title='bbox 2275 3687 2403 3743; x_wconf 91' lang='lat' dir='ltr'><strong><em>solo</em></strong></span> <span class='ocrx_word' id='word_1_570' title='bbox 2435 3687 2576 3743; x_wconf 83' lang='lat' dir='ltr'><strong><em>Ario</em></strong></span> <span class='ocrx_word' id='word_1_571' title='bbox 2606 3687 2860 3757; x_wconf 82' lang='lat' dir='ltr'><strong><em>dignum</em></strong></span> <span class='ocrx_word' id='word_1_572' title='bbox 2886 3685 3139 3759; x_wconf 88' lang='lat' dir='ltr'><strong><em>judicat,</em></strong></span> <span class='ocrx_word' id='word_1_573' title='bbox 3163 3684 3216 3741; x_wconf 90' lang='lat' dir='ltr'><strong><em>ei</em></strong></span> <span class='ocrx_word' id='word_1_574' title='bbox 3259 3685 3309 3741; x_wconf 87' lang='lat' dir='ltr'><strong><em>si</em></strong></span> <span class='ocrx_word' id='word_1_575' title='bbox 3353 3687 3489 3759; x_wconf 90' lang='lat' dir='ltr'><strong><em>quis</em></strong></span> <span class='ocrx_word' id='word_1_576' title='bbox 3537 3687 3659 3744; x_wconf 77' lang='lat' dir='ltr'><strong><em>Arii</em></strong></span> 
     </span>
    </p>
   </div>
   <div class='ocr_carea' id='block_1_81' title="bbox 1997 3773 3658 3850">
    <p class='ocr_par' dir='ltr' id='par_1_81' title="bbox 1997 3773 3658 3850">
     <span class='ocr_line' id='line_1_81' title="bbox 1997 3773 3658 3850; baseline -0.001 -15"><span class='ocrx_word' id='word_1_577' title='bbox 1997 3793 2324 3850; x_wconf 88' lang='lat' dir='ltr'><strong><em>germanus</em></strong></span> <span class='ocrx_word' id='word_1_578' title='bbox 2345 3775 2704 3849; x_wconf 88' lang='lat' dir='ltr'><strong><em>discipulus,</em></strong></span> <span class='ocrx_word' id='word_1_579' title='bbox 2728 3775 2928 3848; x_wconf 88' lang='lat' dir='ltr'><strong><em>qualis</em></strong></span> <span class='ocrx_word' id='word_1_580' title='bbox 2949 3779 3079 3831; x_wconf 89' lang='lat' dir='ltr'><strong><em>erat</em></strong></span> <span class='ocrx_word' id='word_1_581' title='bbox 3102 3773 3467 3832; x_wconf 85' lang='lat' dir='ltr'><strong><em>Eustathius.</em></strong></span> <span class='ocrx_word' id='word_1_582' title='bbox 3490 3776 3658 3834; x_wconf 85' lang='lat' dir='ltr'><strong><em>Idem</em></strong></span> 
     </span>
    </p>
   </div>
   <div class='ocr_carea' id='block_1_82' title="bbox 1999 3864 3659 3942">
    <p class='ocr_par' dir='ltr' id='par_1_82' title="bbox 1999 3864 3659 3942">
     <span class='ocr_line' id='line_1_82' title="bbox 1999 3864 3659 3942; baseline -0.001 -18"><span class='ocrx_word' id='word_1_583' title='bbox 1999 3868 2218 3942; x_wconf 88' lang='lat' dir='ltr'><strong><em>probat</em></strong></span> <span class='ocrx_word' id='word_1_584' title='bbox 2244 3868 2497 3923; x_wconf 85' lang='lat' dir='ltr'><strong><em>verbum</em></strong></span> <span class='ocrx_word' id='word_1_585' title='bbox 2528 3865 2745 3935; x_wconf 70' lang='grc' dir='ltr'><strong><em>ἐξέθετο,</em></strong></span> <span class='ocrx_word' id='word_1_586' title='bbox 2770 3865 3065 3934; x_wconf 76' lang='lat' dir='ltr'><strong><em>exposuit.</em></strong></span> <span class='ocrx_word' id='word_1_587' title='bbox 3095 3864 3188 3920; x_wconf 90' lang='lat' dir='ltr'><strong><em>Sic</em></strong></span> <span class='ocrx_word' id='word_1_588' title='bbox 3214 3864 3378 3920; x_wconf 82' lang='lat' dir='ltr'><strong><em>enim</em></strong></span> <span class='ocrx_word' id='word_1_589' title='bbox 3410 3865 3659 3923; x_wconf 83' lang='lat' dir='ltr'><strong><em>Basilius</em></strong></span> 
     </span>
    </p>
   </div>
   <div class='ocr_carea' id='block_1_83' title="bbox 1997 3952 3659 4028">
    <p class='ocr_par' dir='ltr' id='par_1_83' title="bbox 1997 3952 3659 4028">
     <span class='ocr_line' id='line_1_83' title="bbox 1997 3952 3659 4028; baseline -0.001 -14"><span class='ocrx_word' id='word_1_590' title='bbox 1997 3958 2073 4014; x_wconf 90' lang='lat' dir='ltr'><strong><em>de</em></strong></span> <span class='ocrx_word' id='word_1_591' title='bbox 2090 3957 2270 4013; x_wconf 89' lang='lat' dir='ltr'><strong><em>variis</em></strong></span> <span class='ocrx_word' id='word_1_592' title='bbox 2292 3955 2584 4027; x_wconf 83' lang='lat' dir='ltr'><strong><em>formulis,</em></strong></span> <span class='ocrx_word' id='word_1_593' title='bbox 2604 3970 2758 4027; x_wconf 86' lang='lat' dir='ltr'><strong><em>quas</em></strong></span> <span class='ocrx_word' id='word_1_594' title='bbox 2775 3953 3122 4010; x_wconf 80' lang='lat' dir='ltr'><strong><em>Eustathius</em></strong></span> <span class='ocrx_word' id='word_1_595' title='bbox 3144 3952 3224 4009; x_wconf 87' lang='lat' dir='ltr'><strong><em>ad</em></strong></span> <span class='ocrx_word' id='word_1_596' title='bbox 3238 3952 3659 4028; x_wconf 89' lang='lat' dir='ltr'><strong><em>episcopatum</em></strong></span> 
     </span>
    </p>
   </div>
   <div class='ocr_carea' id='block_1_84' title="bbox 1999 4042 3662 4116">
    <p class='ocr_par' dir='ltr' id='par_1_84' title="bbox 1999 4042 3662 4116">
     <span class='ocr_line' id='line_1_84' title="bbox 1999 4042 3662 4116; baseline -0.001 -13"><span class='ocrx_word' id='word_1_597' title='bbox 1999 4051 2243 4103; x_wconf 89' lang='lat' dir='ltr'><strong><em>evectus</em></strong></span> <span class='ocrx_word' id='word_1_598' title='bbox 2278 4042 2589 4101; x_wconf 62' lang='lat' dir='ltr'><strong><em>ediderat?</em></strong></span> <span class='ocrx_word' id='word_1_599' title='bbox 2625 4045 2748 4106; x_wconf 73' lang='grc' dir='ltr'><strong><em>ὅσας</em></strong></span> <span class='ocrx_word' id='word_1_600' title='bbox 2799 4043 3021 4108; x_wconf 77' lang='grc' dir='ltr'><strong><em>ἐξέθεντο</em></strong></span> <span class='ocrx_word' id='word_1_601' title='bbox 3061 4046 3297 4112; x_wconf 56' lang='lat' dir='ltr'><strong><em>«ictuc;</em></strong></span> <span class='ocrx_word' id='word_1_602' title='bbox 3334 4051 3478 4116; x_wconf 87' lang='lat' dir='ltr'><strong><em>quot</em></strong></span> <span class='ocrx_word' id='word_1_603' title='bbox 3516 4046 3662 4115; x_wconf 87' lang='lat' dir='ltr'><strong><em>ﬁdei</em></strong></span> 
     </span>
    </p>
   </div>
   <div class='ocr_carea' id='block_1_85' title="bbox 1998 4130 3662 4208">
    <p class='ocr_par' dir='ltr' id='par_1_85' title="bbox 1998 4130 3662 4208">
     <span class='ocr_line' id='line_1_85' title="bbox 1998 4130 3662 4208; baseline -0.001 -15"><span class='ocrx_word' id='word_1_604' title='bbox 1998 4137 2302 4208; x_wconf 80' lang='lat' dir='ltr'><strong><em>formulas</em></strong></span> <span class='ocrx_word' id='word_1_605' title='bbox 2334 4130 2700 4192; x_wconf 80' lang='lat' dir='ltr'><strong><em>ediderunt?</em></strong></span> <span class='ocrx_word' id='word_1_606' title='bbox 2734 4133 2849 4191; x_wconf 83' lang='lat' dir='ltr'><strong><em>Sed</em></strong></span> <span class='ocrx_word' id='word_1_607' title='bbox 2880 4150 3003 4206; x_wconf 87' lang='lat' dir='ltr'><strong><em>quo</em></strong></span> <span class='ocrx_word' id='word_1_608' title='bbox 3039 4132 3288 4190; x_wconf 90' lang='lat' dir='ltr'><strong><em>consilio</em></strong></span> <span class='ocrx_word' id='word_1_609' title='bbox 3321 4133 3480 4191; x_wconf 89' lang='lat' dir='ltr'><strong><em>hanc</em></strong></span> <span class='ocrx_word' id='word_1_610' title='bbox 3518 4134 3662 4192; x_wconf 86' lang='lat' dir='ltr'><strong><em>ﬁdei</em></strong></span> 
     </span>
    </p>
   </div>
   <div class='ocr_carea' id='block_1_86' title="bbox 2001 4222 3664 4299">
    <p class='ocr_par' dir='ltr' id='par_1_86' title="bbox 2001 4222 3664 4299">
     <span class='ocr_line' id='line_1_86' title="bbox 2001 4222 3664 4299; baseline -0.002 -15"><span class='ocrx_word' id='word_1_611' title='bbox 2001 4226 2445 4284; x_wconf 80' lang='lat' dir='ltr'><strong><em>confessionem</em></strong></span> <span class='ocrx_word' id='word_1_612' title='bbox 2474 4223 2710 4299; x_wconf 87' lang='lat' dir='ltr'><strong><em>petierit</em></strong></span> <span class='ocrx_word' id='word_1_613' title='bbox 2740 4222 3043 4292; x_wconf 87' lang='lat' dir='ltr'><strong><em>Gclasius;</em></strong></span> <span class='ocrx_word' id='word_1_614' title='bbox 3078 4228 3280 4279; x_wconf 90' lang='lat' dir='ltr'><strong><em>utrum</em></strong></span> <span class='ocrx_word' id='word_1_615' title='bbox 3326 4222 3406 4279; x_wconf 91' lang='lat' dir='ltr'><strong><em>ab</em></strong></span> <span class='ocrx_word' id='word_1_616' title='bbox 3455 4225 3664 4282; x_wconf 87' lang='lat' dir='ltr'><strong><em>Eusta-</em></strong></span> 
     </span>
    </p>
   </div>
   <div class='ocr_carea' id='block_1_87' title="bbox 2002 4310 3661 4383">
    <p class='ocr_par' dir='ltr' id='par_1_87' title="bbox 2002 4310 3661 4383">
     <span class='ocr_line' id='line_1_87' title="bbox 2002 4310 3661 4383; baseline -0.002 -9"><span class='ocrx_word' id='word_1_617' title='bbox 2002 4317 2128 4374; x_wconf 88' lang='lat' dir='ltr'><strong><em>thio</em></strong></span> <span class='ocrx_word' id='word_1_618' title='bbox 2159 4315 2400 4372; x_wconf 87' lang='lat' dir='ltr'><strong><em>edoceri</em></strong></span> <span class='ocrx_word' id='word_1_619' title='bbox 2429 4313 2704 4383; x_wconf 86' lang='lat' dir='ltr'><strong><em>voluerit,</em></strong></span> <span class='ocrx_word' id='word_1_620' title='bbox 2736 4328 2815 4369; x_wconf 88' lang='lat' dir='ltr'><strong><em>an</em></strong></span> <span class='ocrx_word' id='word_1_621' title='bbox 2861 4312 2939 4369; x_wconf 90' lang='lat' dir='ltr'><strong><em>ab</em></strong></span> <span class='ocrx_word' id='word_1_622' title='bbox 2969 4327 3041 4369; x_wconf 92' lang='lat' dir='ltr'><strong><em>eo</em></strong></span> <span class='ocrx_word' id='word_1_623' title='bbox 3066 4310 3365 4368; x_wconf 87' lang='lat' dir='ltr'><strong><em>recantari</em></strong></span> <span class='ocrx_word' id='word_1_624' title='bbox 3402 4311 3661 4370; x_wconf 85' lang='lat' dir='ltr'><strong><em>subscri—</em></strong></span> 
     </span>
    </p>
   </div>
   <div class='ocr_carea' id='block_1_88' title="bbox 3269 2791 3659 2862">
    <p class='ocr_par' dir='ltr' id='par_1_88' title="bbox 3269 2791 3659 2862">
     <span class='ocr_line' id='line_1_88' title="bbox 3269 2791 3659 2862; baseline 0.003 -19"><span class='ocrx_word' id='word_1_625' title='bbox 3269 2795 3451 2843; x_wconf 75' lang='grc' dir='ltr'><strong><em>πίστιν</em></strong></span> <span class='ocrx_word' id='word_1_626' title='bbox 3517 2791 3659 2862; x_wconf 67' lang='grc' dir='ltr'><strong><em>αὐτῷ</em></strong></span> 
     </span>
    </p>
   </div>
   <div class='ocr_carea' id='block_1_89' title="bbox 236 4400 3661 4504">
    <p class='ocr_par' dir='ltr' id='par_1_89' title="bbox 236 4400 3661 4504">
     <span class='ocr_line' id='line_1_89' title="bbox 236 4400 3661 4504; baseline 0.001 -47"><span class='ocrx_word' id='word_1_627' title='bbox 236 4419 413 4477; x_wconf 86' lang='lat' dir='ltr'><strong><em>quam</em></strong></span> <span class='ocrx_word' id='word_1_628' title='bbox 445 4403 777 4459; x_wconf 86' lang='lat' dir='ltr'><strong><em>humanum</em></strong></span> <span class='ocrx_word' id='word_1_629' title='bbox 823 4405 1114 4473; x_wconf 86' lang='lat' dir='ltr'><strong><em>cogitetis,</em></strong></span> <span class='ocrx_word' id='word_1_630' title='bbox 1147 4403 1209 4459; x_wconf 92' lang='lat' dir='ltr'><strong><em>id</em></strong></span> <span class='ocrx_word' id='word_1_631' title='bbox 1255 4410 1369 4470; x_wconf 87' lang='lat' dir='ltr'><strong><em>est,</em></strong></span> <span class='ocrx_word' id='word_1_632' title='bbox 1419 4404 1775 4462; x_wconf 84' lang='lat' dir='ltr'><strong><em>formidetis.</em></strong></span> <span class='ocrx_word' id='word_1_633' title='bbox 1832 4406 1895 4461; x_wconf 93' lang='lat' dir='ltr'><strong><em>ld</em></strong></span> <span class='ocrx_word' id='word_1_634' title='bbox 1930 4451 1971 4504; x_wconf 68' lang='grc' dir='ltr'>ο</span> <span class='ocrx_word' id='word_1_635' title='bbox 2004 4410 2175 4481; x_wconf 88' lang='lat' dir='ltr'><strong><em>ptam</em></strong></span> <span class='ocrx_word' id='word_1_636' title='bbox 2205 4405 2391 4478; x_wconf 90' lang='lat' dir='ltr'><strong><em>petitu</em></strong></span> <span class='ocrx_word' id='word_1_637' title='bbox 2413 4402 2612 4459; x_wconf 91' lang='lat' dir='ltr'><strong><em>Basilii</em></strong></span> <span class='ocrx_word' id='word_1_638' title='bbox 2634 4400 3062 4471; x_wconf 83' lang='lat' dir='ltr'><strong><em>formulam,id</em></strong></span> <span class='ocrx_word' id='word_1_639' title='bbox 3090 4400 3328 4457; x_wconf 89' lang='lat' dir='ltr'><strong><em>videtur</em></strong></span> <span class='ocrx_word' id='word_1_640' title='bbox 3337 4400 3661 4504; x_wconf 67' lang='lat' dir='ltr'><strong><em>incertum.</em></strong></span> 
     </span>
    </p>
   </div>
   <div class='ocr_carea' id='block_1_90' title="bbox 239 4491 1896 4568">
    <p class='ocr_par' dir='ltr' id='par_1_90' title="bbox 239 4491 1896 4568">
     <span class='ocr_line' id='line_1_90' title="bbox 239 4491 1896 4568; baseline 0.001 -20"><span class='ocrx_word' id='word_1_641' title='bbox 239 4494 397 4549; x_wconf 87' lang='lat' dir='ltr'><strong><em>enim</em></strong></span> <span class='ocrx_word' id='word_1_642' title='bbox 440 4496 615 4547; x_wconf 84' lang='lat' dir='ltr'><strong><em>sonat</em></strong></span> <span class='ocrx_word' id='word_1_643' title='bbox 664 4491 811 4546; x_wconf 90' lang='lat' dir='ltr'><strong><em>illud</em></strong></span> <span class='ocrx_word' id='word_1_644' title='bbox 850 4491 1099 4547; x_wconf 86' lang='lat' dir='ltr'><strong><em>verbum</em></strong></span> <span class='ocrx_word' id='word_1_645' title='bbox 1153 4492 1595 4564; x_wconf 73' lang='grc' dir='ltr'><strong><em>ὺπολογίσασοαι,</em></strong></span> <span class='ocrx_word' id='word_1_646' title='bbox 1652 4501 1715 4552; x_wconf 88' lang='lat' dir='ltr'><strong><em>ut</em></strong></span> <span class='ocrx_word' id='word_1_647' title='bbox 1765 4511 1896 4568; x_wconf 88' lang='lat' dir='ltr'><strong><em>per-</em></strong></span> 
     </span>
    </p>
   </div>
   <div class='ocr_carea' id='block_1_91' title="bbox 242 4580 1897 4655">
    <p class='ocr_par' dir='ltr' id='par_1_91' title="bbox 242 4580 1897 4655">
     <span class='ocr_line' id='line_1_91' title="bbox 242 4580 1897 4655; baseline 0.002 -18"><span class='ocrx_word' id='word_1_648' title='bbox 242 4582 387 4655; x_wconf 87' lang='lat' dir='ltr'><strong><em>spici</em></strong></span> <span class='ocrx_word' id='word_1_649' title='bbox 411 4584 608 4655; x_wconf 87' lang='lat' dir='ltr'><strong><em>potest</em></strong></span> <span class='ocrx_word' id='word_1_650' title='bbox 632 4580 693 4636; x_wconf 91' lang='lat' dir='ltr'><strong><em>in</em></strong></span> <span class='ocrx_word' id='word_1_651' title='bbox 719 4580 896 4653; x_wconf 90' lang='lat' dir='ltr'><strong><em>epist.</em></strong></span> <span class='ocrx_word' id='word_1_652' title='bbox 931 4584 999 4635; x_wconf 73' lang='lat' dir='ltr'><strong>9T</strong></span> <span class='ocrx_word' id='word_1_653' title='bbox 1033 4581 1111 4635; x_wconf 89' lang='lat' dir='ltr'><strong><em>ad</em></strong></span> <span class='ocrx_word' id='word_1_654' title='bbox 1162 4587 1444 4637; x_wconf 88' lang='lat' dir='ltr'><strong><em>senatum</em></strong></span> <span class='ocrx_word' id='word_1_655' title='bbox 1486 4584 1897 4655; x_wconf 63' lang='lat' dir='ltr'><strong><em>&#39;l‘yanensem,</em></strong></span> 
     </span>
    </p>
   </div>
   <div class='ocr_carea' id='block_1_92' title="bbox 311 4672 1900 4744">
    <p class='ocr_par' dir='ltr' id='par_1_92' title="bbox 311 4672 1900 4744">
     <span class='ocr_line' id='line_1_92' title="bbox 311 4672 1900 4744; baseline -0.002 -19"><span class='ocrx_word' id='word_1_656' title='bbox 311 4672 495 4743; x_wconf 80' lang='lat' dir='ltr'><strong><em>Epist.</em></strong></span> <span class='ocrx_word' id='word_1_657' title='bbox 528 4673 617 4739; x_wconf 69' lang='lat'><strong>91-,</strong></span> <span class='ocrx_word' id='word_1_658' title='bbox 640 4685 702 4741; x_wconf 88' lang='lat' dir='ltr'><strong><em>p.</em></strong></span> <span class='ocrx_word' id='word_1_659' title='bbox 741 4672 879 4724; x_wconf 71' lang='lat'><strong><em>188:</em></strong></span> <span class='ocrx_word' id='word_1_660' title='bbox 913 4673 1043 4731; x_wconf 72' lang='grc' dir='ltr'><strong><em>Τοὺς</em></strong></span> <span class='ocrx_word' id='word_1_661' title='bbox 1098 4673 1567 4744; x_wconf 67' lang='grc' dir='ltr'><strong><em>παραπέμποντας,</em></strong></span> <span class='ocrx_word' id='word_1_662' title='bbox 1618 4672 1900 4728; x_wconf 80' lang='lat' dir='ltr'><strong><em>deducto-</em></strong></span> 
     </span>
    </p>
   </div>
   <div class='ocr_carea' id='block_1_93' title="bbox 240 4758 1902 4831">
    <p class='ocr_par' dir='ltr' id='par_1_93' title="bbox 240 4758 1902 4831">
     <span class='ocr_line' id='line_1_93' title="bbox 240 4758 1902 4831; baseline 0.001 -15"><span class='ocrx_word' id='word_1_663' title='bbox 240 4776 349 4817; x_wconf 89' lang='lat' dir='ltr'><strong><em>res.</em></strong></span> <span class='ocrx_word' id='word_1_664' title='bbox 387 4759 635 4829; x_wconf 81' lang='lat' dir='ltr'><strong><em>lntelligi</em></strong></span> <span class='ocrx_word' id='word_1_665' title='bbox 665 4767 922 4831; x_wconf 85' lang='lat' dir='ltr'><strong><em>possunt</em></strong></span> <span class='ocrx_word' id='word_1_666' title='bbox 945 4758 1350 4830; x_wconf 88' lang='lat' dir='ltr'><strong><em>jumentorem</em></strong></span> <span class='ocrx_word' id='word_1_667' title='bbox 1384 4759 1766 4827; x_wconf 85' lang='lat' dir='ltr'><strong><em>deductores,</em></strong></span> <span class='ocrx_word' id='word_1_668' title='bbox 1793 4762 1902 4818; x_wconf 86' lang='lat' dir='ltr'><strong><em>sic-</em></strong></span> 
     </span>
    </p>
   </div>
   <div class='ocr_carea' id='block_1_94' title="bbox 241 4846 1122 4922">
    <p class='ocr_par' dir='ltr' id='par_1_94' title="bbox 241 4846 1122 4922">
     <span class='ocr_line' id='line_1_94' title="bbox 241 4846 1122 4922; baseline -0.003 -17"><span class='ocrx_word' id='word_1_669' title='bbox 241 4866 356 4922; x_wconf 87' lang='lat' dir='ltr'><strong><em>que</em></strong></span> <span class='ocrx_word' id='word_1_670' title='bbox 386 4847 674 4904; x_wconf 82' lang='lat' dir='ltr'><strong><em>intellexit</em></strong></span> <span class='ocrx_word' id='word_1_671' title='bbox 704 4846 1122 4904; x_wconf 83' lang='lat' dir='ltr'><strong><em>Combetisius.</em></strong></span> 
     </span>
    </p>
   </div>
   <div class='ocr_carea' id='block_1_95' title="bbox 314 4936 1902 5014">
    <p class='ocr_par' dir='ltr' id='par_1_95' title="bbox 314 4936 1902 5014">
     <span class='ocr_line' id='line_1_95' title="bbox 314 4936 1902 5014; baseline 0.001 -19"><span class='ocrx_word' id='word_1_672' title='bbox 314 4938 499 5012; x_wconf 80' lang='lat' dir='ltr'><strong><em>Epist.</em></strong></span> <span class='ocrx_word' id='word_1_673' title='bbox 531 4936 622 5007; x_wconf 86' lang='lat'><strong><em>98,</em></strong></span> <span class='ocrx_word' id='word_1_674' title='bbox 652 4953 714 5010; x_wconf 88' lang='lat' dir='ltr'><strong><em>p.</em></strong></span> <span class='ocrx_word' id='word_1_675' title='bbox 758 4943 895 4993; x_wconf 76' lang='lat'><strong><em>191:</em></strong></span> <span class='ocrx_word' id='word_1_676' title='bbox 953 4937 1250 4992; x_wconf 83' lang='lat' dir='ltr'><strong><em>llcllenius</em></strong></span> <span class='ocrx_word' id='word_1_677' title='bbox 1295 4937 1392 4994; x_wconf 89' lang='lat' dir='ltr'><strong><em>ille</em></strong></span> <span class='ocrx_word' id='word_1_678' title='bbox 1446 4940 1721 4996; x_wconf 85' lang='lat' dir='ltr'><strong><em>Nazianzi</em></strong></span> <span class='ocrx_word' id='word_1_679' title='bbox 1767 4957 1902 5014; x_wconf 87' lang='lat' dir='ltr'><strong><em>per-</em></strong></span> 
     </span>
    </p>
   </div>
   <div class='ocr_carea' id='block_1_96' title="bbox 244 5026 1906 5102">
    <p class='ocr_par' dir='ltr' id='par_1_96' title="bbox 244 5026 1906 5102">
     <span class='ocr_line' id='line_1_96' title="bbox 244 5026 1906 5102; baseline 0.001 -17"><span class='ocrx_word' id='word_1_680' title='bbox 244 5034 515 5102; x_wconf 76' lang='lat' dir='ltr'><strong><em>zequator</em></strong></span> <span class='ocrx_word' id='word_1_681' title='bbox 539 5026 703 5082; x_wconf 90' lang='lat' dir='ltr'><strong><em>idem</em></strong></span> <span class='ocrx_word' id='word_1_682' title='bbox 729 5044 859 5083; x_wconf 88' lang='lat' dir='ltr'><strong><em>esse</em></strong></span> <span class='ocrx_word' id='word_1_683' title='bbox 900 5027 1158 5092; x_wconf 77' lang='lat' dir='ltr'><strong><em>videtur,</em></strong></span> <span class='ocrx_word' id='word_1_684' title='bbox 1194 5043 1263 5082; x_wconf 89' lang='lat' dir='ltr'><strong><em>ac</em></strong></span> <span class='ocrx_word' id='word_1_685' title='bbox 1291 5028 1340 5083; x_wconf 91' lang='lat' dir='ltr'><strong><em>is</em></strong></span> <span class='ocrx_word' id='word_1_686' title='bbox 1370 5028 1446 5084; x_wconf 91' lang='lat' dir='ltr'><strong><em>de</em></strong></span> <span class='ocrx_word' id='word_1_687' title='bbox 1484 5045 1608 5101; x_wconf 89' lang='lat' dir='ltr'><strong><em>quo</em></strong></span> <span class='ocrx_word' id='word_1_688' title='bbox 1658 5030 1906 5087; x_wconf 88' lang='lat' dir='ltr'><strong><em>Bazilius</em></strong></span> 
     </span>
    </p>
   </div>
   <div class='ocr_carea' id='block_1_97' title="bbox 244 5116 831 5189">
    <p class='ocr_par' dir='ltr' id='par_1_97' title="bbox 244 5116 831 5189">
     <span class='ocr_line' id='line_1_97' title="bbox 244 5116 831 5189; baseline -0.007 -14"><span class='ocrx_word' id='word_1_689' title='bbox 244 5119 411 5175; x_wconf 89' lang='lat' dir='ltr'><strong><em>initio</em></strong></span> <span class='ocrx_word' id='word_1_690' title='bbox 441 5116 713 5189; x_wconf 71' lang='lat' dir='ltr'><strong><em>epistola:</em></strong></span> <span class='ocrx_word' id='word_1_691' title='bbox 742 5122 831 5172; x_wconf 80' lang='grc'><strong><em>71.</em></strong></span> 
     </span>
    </p>
   </div>
   <div class='ocr_carea' id='block_1_98' title="bbox 314 5204 1904 5281">
    <p class='ocr_par' dir='ltr' id='par_1_98' title="bbox 314 5204 1904 5281">
     <span class='ocr_line' id='line_1_98' title="bbox 314 5204 1904 5281; baseline 0.001 -17"><span class='ocrx_word' id='word_1_692' title='bbox 314 5207 497 5281; x_wconf 85' lang='lat' dir='ltr'><strong><em>Epist.</em></strong></span> <span class='ocrx_word' id='word_1_693' title='bbox 522 5210 613 5269; x_wconf 76' lang='lat'><strong><em>98,</em></strong></span> <span class='ocrx_word' id='word_1_694' title='bbox 640 5221 702 5277; x_wconf 91' lang='lat' dir='ltr'><strong><em>p.</em></strong></span> <span class='ocrx_word' id='word_1_695' title='bbox 755 5210 891 5262; x_wconf 70' lang='lat'>492:</span> <span class='ocrx_word' id='word_1_696' title='bbox 931 5205 1029 5261; x_wconf 86' lang='lat' dir='ltr'><strong><em>Hic</em></strong></span> <span class='ocrx_word' id='word_1_697' title='bbox 1082 5204 1252 5261; x_wconf 88' lang='lat' dir='ltr'><strong><em>locus</em></strong></span> <span class='ocrx_word' id='word_1_698' title='bbox 1302 5207 1663 5264; x_wconf 88' lang='lat' dir='ltr'><strong><em>scribendus</em></strong></span> <span class='ocrx_word' id='word_1_699' title='bbox 1712 5215 1769 5266; x_wconf 90' lang='lat' dir='ltr'><strong><em>et</em></strong></span> <span class='ocrx_word' id='word_1_700' title='bbox 1817 5210 1904 5266; x_wconf 86' lang='lat' dir='ltr'><strong><em>iu-</em></strong></span> 
     </span>
    </p>
   </div>
   <div class='ocr_carea' id='block_1_99' title="bbox 247 5294 1016 5371">
    <p class='ocr_par' dir='ltr' id='par_1_99' title="bbox 247 5294 1016 5371">
     <span class='ocr_line' id='line_1_99' title="bbox 247 5294 1016 5371; baseline -0.007 -17"><span class='ocrx_word' id='word_1_701' title='bbox 247 5295 665 5371; x_wconf 85' lang='lat' dir='ltr'><strong><em>terpretaudus</em></strong></span> <span class='ocrx_word' id='word_1_702' title='bbox 714 5294 950 5350; x_wconf 74' lang='lat' dir='ltr'><strong><em>videtur</em></strong></span> <span class='ocrx_word' id='word_1_703' title='bbox 1004 5314 1016 5350; x_wconf 89' lang='lat'><strong>:</strong></span> 
     </span>
    </p>
   </div>
   <div class='ocr_carea' id='block_1_100' title="bbox 253 5382 1905 5459">
    <p class='ocr_par' dir='ltr' id='par_1_100' title="bbox 253 5382 1905 5459">
     <span class='ocr_line' id='line_1_100' title="bbox 253 5382 1905 5459; baseline 0.001 -20"><span class='ocrx_word' id='word_1_704' title='bbox 253 5392 538 5459; x_wconf 72' lang='grc' dir='ltr'><strong><em>σνντνχία,</em></strong></span> <span class='ocrx_word' id='word_1_705' title='bbox 597 5392 689 5438; x_wconf 64' lang='lat' dir='ltr'><strong><em>toi</em></strong></span> <span class='ocrx_word' id='word_1_706' title='bbox 746 5382 1172 5457; x_wconf 62' lang='grc' dir='ltr'><strong><em>αἰδεσιμωτεὶτου</em></strong></span> <span class='ocrx_word' id='word_1_707' title='bbox 1232 5385 1524 5439; x_wconf 69' lang='grc' dir='ltr'><strong><em>ἐπισκόπου</em></strong></span> <span class='ocrx_word' id='word_1_708' title='bbox 1584 5388 1905 5456; x_wconf 66' lang='grc' dir='ltr'><strong><em>Εὑσταθίου,</em></strong></span> 
     </span>
    </p>
   </div>
   <div class='ocr_carea' id='block_1_101' title="bbox 255 5475 1910 5549">
    <p class='ocr_par' dir='ltr' id='par_1_101' title="bbox 255 5475 1910 5549">
     <span class='ocr_line' id='line_1_101' title="bbox 255 5475 1910 5549; baseline 0.005 -23"><span class='ocrx_word' id='word_1_709' title='bbox 255 5479 282 5533; x_wconf 75' lang='grc' dir='ltr'>ἡ</span> <span class='ocrx_word' id='word_1_710' title='bbox 323 5480 412 5528; x_wconf 80' lang='grc' dir='ltr'><strong><em>καὶ</em></strong></span> <span class='ocrx_word' id='word_1_711' title='bbox 440 5479 688 5549; x_wconf 69' lang='grc' dir='ltr'><strong><em>γενομένη</em></strong></span> <span class='ocrx_word' id='word_1_712' title='bbox 718 5476 865 5547; x_wconf 77' lang='grc' dir='ltr'><strong><em>ἡμῖν.</em></strong></span> <span class='ocrx_word' id='word_1_713' title='bbox 887 5475 1381 5545; x_wconf 78' lang='lat' dir='ltr'><strong><em>Exspectabatur</em></strong></span> <span class='ocrx_word' id='word_1_714' title='bbox 1419 5483 1620 5533; x_wconf 89' lang='lat' dir='ltr'><strong><em>autem</em></strong></span> <span class='ocrx_word' id='word_1_715' title='bbox 1649 5485 1705 5534; x_wconf 89' lang='lat' dir='ltr'><strong><em>et</em></strong></span> <span class='ocrx_word' id='word_1_716' title='bbox 1748 5479 1910 5536; x_wconf 86' lang='lat' dir='ltr'><strong><em>alius</em></strong></span> 
     </span>
    </p>
   </div>
   <div class='ocr_carea' id='block_1_102' title="bbox 258 5568 1912 5642">
    <p class='ocr_par' dir='ltr' id='par_1_102' title="bbox 258 5568 1912 5642">
     <span class='ocr_line' id='line_1_102' title="bbox 258 5568 1912 5642; baseline 0.003 -19"><span class='ocrx_word' id='word_1_717' title='bbox 258 5581 629 5636; x_wconf 84' lang='lat' dir='ltr'><strong><em>congressus,</em></strong></span> <span class='ocrx_word' id='word_1_718' title='bbox 658 5581 866 5637; x_wconf 86' lang='lat' dir='ltr'><strong><em>nempe</em></strong></span> <span class='ocrx_word' id='word_1_719' title='bbox 904 5581 1040 5623; x_wconf 90' lang='lat' dir='ltr'><strong><em>cum</em></strong></span> <span class='ocrx_word' id='word_1_720' title='bbox 1089 5568 1586 5626; x_wconf 79' lang='lat' dir='ltr'><strong><em>reverendissimo</em></strong></span> <span class='ocrx_word' id='word_1_721' title='bbox 1638 5570 1912 5642; x_wconf 83' lang='lat' dir='ltr'><strong><em>episcopo</em></strong></span> 
     </span>
    </p>
   </div>
   <div class='ocr_carea' id='block_1_103' title="bbox 543 5675 1225 5737">
    <p class='ocr_par' dir='ltr' id='par_1_103' title="bbox 543 5675 1225 5737">
     <span class='ocr_line' id='line_1_103' title="bbox 543 5675 1225 5737; baseline 0.006 -4"><span class='ocrx_word' id='word_1_722' title='bbox 543 5677 791 5735; x_wconf 76' lang='grc' dir='ltr'>ΡΑτιιοι..</span> <span class='ocrx_word' id='word_1_723' title='bbox 833 5677 935 5735; x_wconf 79' lang='lat' dir='ltr'><strong><em>Gn.</em></strong></span> <span class='ocrx_word' id='word_1_724' title='bbox 978 5675 1225 5737; x_wconf 81' lang='lat' dir='ltr'><strong><em>XXXII.</em></strong></span> 
     </span>
    </p>
   </div>
   <div class='ocr_carea' id='block_1_104' title="bbox 1068 5293 1910 5372">
    <p class='ocr_par' dir='ltr' id='par_1_104' title="bbox 1068 5293 1910 5372">
     <span class='ocr_line' id='line_1_104' title="bbox 1068 5293 1910 5372; baseline 0.006 -25"><span class='ocrx_word' id='word_1_725' title='bbox 1068 5293 1438 5370; x_wconf 70' lang='grc' dir='ltr'><strong><em>Ηροσεδωιᾶτο</em></strong></span> <span class='ocrx_word' id='word_1_726' title='bbox 1506 5293 1566 5351; x_wconf 70' lang='grc' dir='ltr'><em>δὲ</em></span> <span class='ocrx_word' id='word_1_727' title='bbox 1623 5303 1712 5350; x_wconf 70' lang='grc' dir='ltr'><strong><em>καὶ</em></strong></span> <span class='ocrx_word' id='word_1_728' title='bbox 1760 5299 1910 5372; x_wconf 74' lang='grc' dir='ltr'><strong><em>ἑτέρα</em></strong></span> 
     </span>
    </p>
   </div>
   <div class='ocr_carea' id='block_1_105' title="bbox 2080 4485 3666 4567">
    <p class='ocr_par' dir='ltr' id='par_1_105' title="bbox 2080 4485 3666 4567">
     <span class='ocr_line' id='line_1_105' title="bbox 2080 4485 3666 4567; baseline -0.006 -16"><span class='ocrx_word' id='word_1_729' title='bbox 2080 4495 2264 4567; x_wconf 82' lang='lat' dir='ltr'><strong><em>Epist.</em></strong></span> <span class='ocrx_word' id='word_1_730' title='bbox 2314 4498 2429 4559; x_wconf 79' lang='grc'>138,</span> <span class='ocrx_word' id='word_1_731' title='bbox 2472 4509 2533 4565; x_wconf 88' lang='lat' dir='ltr'><strong><em>p.</em></strong></span> <span class='ocrx_word' id='word_1_732' title='bbox 2573 4496 2717 4549; x_wconf 76' lang='lat'><strong><em>230:</em></strong></span> <span class='ocrx_word' id='word_1_733' title='bbox 2790 4489 3081 4566; x_wconf 70' lang='grc' dir='ltr'><strong><em>Πρεσδείαν</em></strong></span> <span class='ocrx_word' id='word_1_734' title='bbox 3148 4491 3264 4542; x_wconf 73' lang='grc' dir='ltr'>τινὰ</span> <span class='ocrx_word' id='word_1_735' title='bbox 3324 4485 3398 4542; x_wconf 71' lang='grc' dir='ltr'><strong><em>δι’</em></strong></span> <span class='ocrx_word' id='word_1_736' title='bbox 3460 4486 3666 4566; x_wconf 76' lang='grc' dir='ltr'><strong><em>ἀνδρῶν</em></strong></span> 
     </span>
    </p>
   </div>
   <div class='ocr_carea' id='block_1_106' title="bbox 2010 4580 3668 4656">
    <p class='ocr_par' dir='ltr' id='par_1_106' title="bbox 2010 4580 3668 4656">
     <span class='ocr_line' id='line_1_106' title="bbox 2010 4580 3668 4656; baseline 0 -20"><span class='ocrx_word' id='word_1_737' title='bbox 2010 4584 2311 4656; x_wconf 71' lang='grc' dir='ltr'>ἀξιολόγων,</span> <span class='ocrx_word' id='word_1_738' title='bbox 2351 4583 2710 4653; x_wconf 85' lang='lat' dir='ltr'><strong><em>legationem</em></strong></span> <span class='ocrx_word' id='word_1_739' title='bbox 2741 4581 3015 4652; x_wconf 85' lang='lat' dir='ltr'><strong><em>aliquam</em></strong></span> <span class='ocrx_word' id='word_1_740' title='bbox 3062 4593 3177 4648; x_wconf 91' lang='lat' dir='ltr'><strong><em>per</em></strong></span> <span class='ocrx_word' id='word_1_741' title='bbox 3217 4580 3374 4635; x_wconf 84' lang='lat' dir='ltr'><strong><em>viros</em></strong></span> <span class='ocrx_word' id='word_1_742' title='bbox 3407 4580 3529 4650; x_wconf 85' lang='lat' dir='ltr'><strong><em>ﬁde</em></strong></span> <span class='ocrx_word' id='word_1_743' title='bbox 3579 4580 3668 4636; x_wconf 87' lang='lat' dir='ltr'><strong><em>di-</em></strong></span> 
     </span>
    </p>
   </div>
   <div class='ocr_carea' id='block_1_107' title="bbox 2008 4668 3488 4746">
    <p class='ocr_par' dir='ltr' id='par_1_107' title="bbox 2008 4668 3488 4746">
     <span class='ocr_line' id='line_1_107' title="bbox 2008 4668 3488 4746; baseline -0.001 -17"><span class='ocrx_word' id='word_1_744' title='bbox 2008 4690 2177 4746; x_wconf 89' lang='lat' dir='ltr'><strong><em>gnos.</em></strong></span> <span class='ocrx_word' id='word_1_745' title='bbox 2204 4671 2432 4738; x_wconf 86' lang='lat' dir='ltr'><strong><em>Melius,</em></strong></span> <span class='ocrx_word' id='word_1_746' title='bbox 2460 4686 2573 4741; x_wconf 89' lang='lat' dir='ltr'><strong><em>per</em></strong></span> <span class='ocrx_word' id='word_1_747' title='bbox 2603 4672 2764 4726; x_wconf 87' lang='lat' dir='ltr'><strong><em>viros</em></strong></span> <span class='ocrx_word' id='word_1_748' title='bbox 2794 4668 3158 4726; x_wconf 86' lang='lat' dir='ltr'><strong><em>auctoritate</em></strong></span> <span class='ocrx_word' id='word_1_749' title='bbox 3179 4668 3488 4739; x_wconf 59' lang='lat' dir='ltr'><strong><em>praditos.</em></strong></span> 
     </span>
    </p>
   </div>
   <div class='ocr_carea' id='block_1_108' title="bbox 2084 4756 3670 4834">
    <p class='ocr_par' dir='ltr' id='par_1_108' title="bbox 2084 4756 3670 4834">
     <span class='ocr_line' id='line_1_108' title="bbox 2084 4756 3670 4834; baseline -0.004 -17"><span class='ocrx_word' id='word_1_750' title='bbox 2084 4761 2362 4834; x_wconf 70' lang='lat' dir='ltr'><strong><em>Epistolze</em></strong></span> <span class='ocrx_word' id='word_1_751' title='bbox 2409 4765 2531 4832; x_wconf 77' lang='lat'><strong><em>155,</em></strong></span> <span class='ocrx_word' id='word_1_752' title='bbox 2583 4775 2645 4831; x_wconf 91' lang='lat' dir='ltr'><strong><em>p.</em></strong></span> <span class='ocrx_word' id='word_1_753' title='bbox 2693 4762 2820 4824; x_wconf 69' lang='grc'>244,</span> <span class='ocrx_word' id='word_1_754' title='bbox 2880 4756 3087 4813; x_wconf 90' lang='lat' dir='ltr'><strong><em>titulus</em></strong></span> <span class='ocrx_word' id='word_1_755' title='bbox 3147 4757 3232 4813; x_wconf 90' lang='lat' dir='ltr'><strong><em>sic</em></strong></span> <span class='ocrx_word' id='word_1_756' title='bbox 3292 4757 3475 4814; x_wconf 89' lang='lat' dir='ltr'><strong><em>habet</em></strong></span> <span class='ocrx_word' id='word_1_757' title='bbox 3508 4776 3521 4814; x_wconf 91' lang='lat'><strong>:</strong></span> <span class='ocrx_word' id='word_1_758' title='bbox 3553 4757 3670 4811; x_wconf 76' lang='grc' dir='ltr'><strong><em>’Λν-</em></strong></span> 
     </span>
    </p>
   </div>
   <div class='ocr_carea' id='block_1_109' title="bbox 2013 4847 3675 4925">
    <p class='ocr_par' dir='ltr' id='par_1_109' title="bbox 2013 4847 3675 4925">
     <span class='ocr_line' id='line_1_109' title="bbox 2013 4847 3675 4925; baseline 0.002 -21"><span class='ocrx_word' id='word_1_759' title='bbox 2013 4857 2313 4925; x_wconf 69' lang='grc' dir='ltr'><strong><em>επίγρᾳφος,</em></strong></span> <span class='ocrx_word' id='word_1_760' title='bbox 2351 4849 2435 4903; x_wconf 82' lang='grc' dir='ltr'><strong><em>ἐπὶ</em></strong></span> <span class='ocrx_word' id='word_1_761' title='bbox 2469 4848 2706 4922; x_wconf 51' lang='lat' dir='ltr'><strong><em>dictum.</em></strong></span> <span class='ocrx_word' id='word_1_762' title='bbox 2730 4849 2875 4905; x_wconf 87' lang='lat' dir='ltr'><strong><em>Sine</em></strong></span> <span class='ocrx_word' id='word_1_763' title='bbox 2909 4847 3322 4916; x_wconf 75' lang='lat' dir='ltr'><strong><em>inscriptione,</em></strong></span> <span class='ocrx_word' id='word_1_764' title='bbox 3353 4861 3537 4905; x_wconf 86' lang='lat' dir='ltr'><strong><em>causa</em></strong></span> <span class='ocrx_word' id='word_1_765' title='bbox 3561 4850 3675 4907; x_wconf 86' lang='lat' dir='ltr'><strong><em>ali-</em></strong></span> 
     </span>
    </p>
   </div>
   <div class='ocr_carea' id='block_1_110' title="bbox 2012 4934 3671 5013">
    <p class='ocr_par' dir='ltr' id='par_1_110' title="bbox 2012 4934 3671 5013">
     <span class='ocr_line' id='line_1_110' title="bbox 2012 4934 3671 5013; baseline -0.001 -15"><span class='ocrx_word' id='word_1_766' title='bbox 2012 4948 2150 5012; x_wconf 62' lang='lat' dir='ltr'><strong><em>pta.</em></strong></span> <span class='ocrx_word' id='word_1_767' title='bbox 2181 4939 2372 4998; x_wconf 81' lang='lat' dir='ltr'><strong><em>Credo</em></strong></span> <span class='ocrx_word' id='word_1_768' title='bbox 2400 4937 2685 4995; x_wconf 88' lang='lat' dir='ltr'><strong><em>librarios</em></strong></span> <span class='ocrx_word' id='word_1_769' title='bbox 2712 4937 2874 4993; x_wconf 91' lang='lat' dir='ltr'><strong><em>hunc</em></strong></span> <span class='ocrx_word' id='word_1_770' title='bbox 2910 4934 3148 4992; x_wconf 89' lang='lat' dir='ltr'><strong><em>titulum</em></strong></span> <span class='ocrx_word' id='word_1_771' title='bbox 3198 4935 3422 4994; x_wconf 90' lang='lat' dir='ltr'><strong><em>idcirco</em></strong></span> <span class='ocrx_word' id='word_1_772' title='bbox 3470 4954 3671 5013; x_wconf 87' lang='lat' dir='ltr'><strong><em>appo-</em></strong></span> 
     </span>
    </p>
   </div>
   <div class='ocr_carea' id='block_1_111' title="bbox 2015 5024 3676 5101">
    <p class='ocr_par' dir='ltr' id='par_1_111' title="bbox 2015 5024 3676 5101">
     <span class='ocr_line' id='line_1_111' title="bbox 2015 5024 3676 5101; baseline -0.001 -14"><span class='ocrx_word' id='word_1_773' title='bbox 2015 5031 2212 5087; x_wconf 89' lang='lat' dir='ltr'><strong><em>suisse</em></strong></span> <span class='ocrx_word' id='word_1_774' title='bbox 2239 5029 2377 5085; x_wconf 88' lang='lat' dir='ltr'><strong><em>huic</em></strong></span> <span class='ocrx_word' id='word_1_775' title='bbox 2416 5026 2706 5101; x_wconf 78' lang='lat' dir='ltr'><strong><em>epistolae,</em></strong></span> <span class='ocrx_word' id='word_1_776' title='bbox 2730 5025 2875 5100; x_wconf 89' lang='lat' dir='ltr'><strong><em>quia</em></strong></span> <span class='ocrx_word' id='word_1_777' title='bbox 2904 5025 2956 5081; x_wconf 91' lang='lat' dir='ltr'><strong><em>is</em></strong></span> <span class='ocrx_word' id='word_1_778' title='bbox 2988 5024 3067 5081; x_wconf 91' lang='lat' dir='ltr'><strong><em>ad</em></strong></span> <span class='ocrx_word' id='word_1_779' title='bbox 3097 5041 3281 5097; x_wconf 89' lang='lat' dir='ltr'><strong><em>quem</em></strong></span> <span class='ocrx_word' id='word_1_780' title='bbox 3313 5027 3535 5100; x_wconf 84' lang='lat' dir='ltr'><strong><em>scripta</em></strong></span> <span class='ocrx_word' id='word_1_781' title='bbox 3565 5035 3676 5099; x_wconf 86' lang='lat' dir='ltr'><strong><em>est,</em></strong></span> 
     </span>
    </p>
   </div>
   <div class='ocr_carea' id='block_1_112' title="bbox 2016 5114 3683 5190">
    <p class='ocr_par' dir='ltr' id='par_1_112' title="bbox 2016 5114 3683 5190">
     <span class='ocr_line' id='line_1_112' title="bbox 2016 5114 3683 5190; baseline -0.001 -11"><span class='ocrx_word' id='word_1_782' title='bbox 2016 5123 2287 5179; x_wconf 88' lang='lat' dir='ltr'><strong><em>hortator</em></strong></span> <span class='ocrx_word' id='word_1_783' title='bbox 2312 5124 2441 5175; x_wconf 89' lang='lat' dir='ltr'><strong><em>erat</em></strong></span> <span class='ocrx_word' id='word_1_784' title='bbox 2466 5122 2524 5174; x_wconf 90' lang='lat' dir='ltr'><strong><em>et</em></strong></span> <span class='ocrx_word' id='word_1_785' title='bbox 2552 5117 2737 5190; x_wconf 90' lang='lat' dir='ltr'><strong><em>alipta</em></strong></span> <span class='ocrx_word' id='word_1_786' title='bbox 2776 5131 2987 5172; x_wconf 89' lang='lat' dir='ltr'><strong><em>eorum</em></strong></span> <span class='ocrx_word' id='word_1_787' title='bbox 3018 5114 3123 5187; x_wconf 90' lang='lat' dir='ltr'><strong><em>qui</em></strong></span> <span class='ocrx_word' id='word_1_788' title='bbox 3157 5131 3268 5189; x_wconf 90' lang='lat' dir='ltr'><strong><em>pro</em></strong></span> <span class='ocrx_word' id='word_1_789' title='bbox 3318 5116 3532 5174; x_wconf 87' lang='lat' dir='ltr'><strong><em>Christi</em></strong></span> <span class='ocrx_word' id='word_1_790' title='bbox 3575 5134 3683 5179; x_wconf 92' lang='lat' dir='ltr'><strong><em>no-</em></strong></span> 
     </span>
    </p>
   </div>
   <div class='ocr_carea' id='block_1_113' title="bbox 2016 5203 3683 5283">
    <p class='ocr_par' dir='ltr' id='par_1_113' title="bbox 2016 5203 3683 5283">
     <span class='ocr_line' id='line_1_113' title="bbox 2016 5203 3683 5283; baseline -0.002 -14"><span class='ocrx_word' id='word_1_791' title='bbox 2016 5211 2180 5269; x_wconf 84' lang='lat' dir='ltr'><strong><em>mine</em></strong></span> <span class='ocrx_word' id='word_1_792' title='bbox 2238 5207 2727 5283; x_wconf 86' lang='lat' dir='ltr'><strong><em>persecutionem</em></strong></span> <span class='ocrx_word' id='word_1_793' title='bbox 2777 5203 3187 5279; x_wconf 85' lang='lat' dir='ltr'><strong><em>patiebantur.</em></strong></span> <span class='ocrx_word' id='word_1_794' title='bbox 3248 5206 3439 5263; x_wconf 85' lang='lat' dir='ltr'><strong><em>Simili</em></strong></span> <span class='ocrx_word' id='word_1_795' title='bbox 3493 5224 3683 5266; x_wconf 88' lang='lat' dir='ltr'><strong><em>sensu</em></strong></span> 
     </span>
    </p>
   </div>
   <div class='ocr_carea' id='block_1_114' title="bbox 2022 5293 3682 5370">
    <p class='ocr_par' dir='ltr' id='par_1_114' title="bbox 2022 5293 3682 5370">
     <span class='ocr_line' id='line_1_114' title="bbox 2022 5293 3682 5370; baseline 0 -14"><span class='ocrx_word' id='word_1_796' title='bbox 2022 5300 2277 5356; x_wconf 89' lang='lat' dir='ltr'><strong><em>Basilius</em></strong></span> <span class='ocrx_word' id='word_1_797' title='bbox 2310 5300 2366 5354; x_wconf 86' lang='lat' dir='ltr'><strong><em>S.</em></strong></span> <span class='ocrx_word' id='word_1_798' title='bbox 2398 5296 2745 5353; x_wconf 80' lang='lat' dir='ltr'><strong><em>Ascholium</em></strong></span> <span class='ocrx_word' id='word_1_799' title='bbox 2778 5293 3022 5352; x_wconf 77' lang='grc' dir='ltr'><strong><em>ἀλείπτην</em></strong></span> <span class='ocrx_word' id='word_1_800' title='bbox 3051 5296 3108 5352; x_wconf 91' lang='lat' dir='ltr'><strong><em>S.</em></strong></span> <span class='ocrx_word' id='word_1_801' title='bbox 3167 5294 3339 5352; x_wconf 83' lang='lat' dir='ltr'><strong><em>Saboe</em></strong></span> <span class='ocrx_word' id='word_1_802' title='bbox 3392 5299 3682 5370; x_wconf 87' lang='lat' dir='ltr'><strong><em>martyris</em></strong></span> 
     </span>
    </p>
   </div>
   <div class='ocr_carea' id='block_1_115' title="bbox 2022 5388 2896 5461">
    <p class='ocr_par' dir='ltr' id='par_1_115' title="bbox 2022 5388 2896 5461">
     <span class='ocr_line' id='line_1_115' title="bbox 2022 5388 2896 5461; baseline -0.007 -15"><span class='ocrx_word' id='word_1_803' title='bbox 2022 5394 2201 5446; x_wconf 85' lang='lat' dir='ltr'><strong><em>vocat</em></strong></span> <span class='ocrx_word' id='word_1_804' title='bbox 2229 5389 2289 5444; x_wconf 91' lang='lat' dir='ltr'><strong><em>in</em></strong></span> <span class='ocrx_word' id='word_1_805' title='bbox 2321 5388 2492 5461; x_wconf 89' lang='lat' dir='ltr'><strong><em>epist.</em></strong></span> <span class='ocrx_word' id='word_1_806' title='bbox 2528 5389 2645 5451; x_wconf 81' lang='grc'>164,</span> <span class='ocrx_word' id='word_1_807' title='bbox 2678 5402 2737 5459; x_wconf 92' lang='lat' dir='ltr'><strong><em>p.</em></strong></span> <span class='ocrx_word' id='word_1_808' title='bbox 2772 5390 2896 5441; x_wconf 78' lang='lat'><strong><em>255.</em></strong></span> 
     </span>
    </p>
   </div>
   <div class='ocr_carea' id='block_1_116' title="bbox 2094 5475 3688 5552">
    <p class='ocr_par' dir='ltr' id='par_1_116' title="bbox 2094 5475 3688 5552">
     <span class='ocr_line' id='line_1_116' title="bbox 2094 5475 3688 5552; baseline 0.001 -17"><span class='ocrx_word' id='word_1_809' title='bbox 2094 5479 2276 5552; x_wconf 90' lang='lat' dir='ltr'><strong><em>Epist.</em></strong></span> <span class='ocrx_word' id='word_1_810' title='bbox 2314 5482 2436 5547; x_wconf 89' lang='grc'>189,</span> <span class='ocrx_word' id='word_1_811' title='bbox 2464 5493 2524 5550; x_wconf 91' lang='lat' dir='ltr'><strong><em>p.</em></strong></span> <span class='ocrx_word' id='word_1_812' title='bbox 2554 5482 2693 5533; x_wconf 79' lang='lat'><strong><em>276:</em></strong></span> <span class='ocrx_word' id='word_1_813' title='bbox 2726 5478 2934 5548; x_wconf 89' lang='lat' dir='ltr'><strong><em>Neque</em></strong></span> <span class='ocrx_word' id='word_1_814' title='bbox 2974 5475 3392 5535; x_wconf 87' lang='lat' dir='ltr'><strong><em>contradicere</em></strong></span> <span class='ocrx_word' id='word_1_815' title='bbox 3431 5477 3688 5537; x_wconf 83' lang='lat' dir='ltr'><strong><em>homini-</em></strong></span> 
     </span>
    </p>
   </div>
   <div class='ocr_carea' id='block_1_117' title="bbox 2025 5568 3693 5641">
    <p class='ocr_par' dir='ltr' id='par_1_117' title="bbox 2025 5568 3693 5641">
     <span class='ocr_line' id='line_1_117' title="bbox 2025 5568 3693 5641; baseline 0 -12"><span class='ocrx_word' id='word_1_816' title='bbox 2025 5572 2134 5629; x_wconf 87' lang='lat' dir='ltr'><strong><em>bus</em></strong></span> <span class='ocrx_word' id='word_1_817' title='bbox 2155 5569 2467 5629; x_wconf 87' lang='lat' dir='ltr'><strong><em>mendacio</em></strong></span> <span class='ocrx_word' id='word_1_818' title='bbox 2488 5569 2765 5640; x_wconf 86' lang='lat' dir='ltr'><strong><em>armatis,</em></strong></span> <span class='ocrx_word' id='word_1_819' title='bbox 2779 5570 2943 5626; x_wconf 88' lang='lat' dir='ltr'><strong><em>malo</em></strong></span> <span class='ocrx_word' id='word_1_820' title='bbox 2963 5568 3072 5625; x_wconf 87' lang='lat' dir='ltr'><strong><em>illo</em></strong></span> <span class='ocrx_word' id='word_1_821' title='bbox 3085 5568 3322 5639; x_wconf 85' lang='lat' dir='ltr'><strong><em>jaculo,</em></strong></span> <span class='ocrx_word' id='word_1_822' title='bbox 3336 5569 3563 5641; x_wconf 87' lang='lat' dir='ltr'><strong><em>quodet</em></strong></span> <span class='ocrx_word' id='word_1_823' title='bbox 3582 5586 3693 5641; x_wconf 87' lang='lat' dir='ltr'><strong><em>per</em></strong></span> 
     </span>
    </p>
   </div>
   <div class='ocr_carea' id='block_1_118' title="bbox 3334 5677 3408 5735">
    <p class='ocr_par' dir='ltr' id='par_1_118' title="bbox 3334 5677 3408 5735">
     <span class='ocr_line' id='line_1_118' title="bbox 3334 5677 3408 5735; baseline 0.014 -1"><span class='ocrx_word' id='word_1_824' title='bbox 3334 5677 3408 5735; x_wconf 66' lang='grc'>41</span> 
     </span>
    </p>
   </div>
  </div>
