4082 6414
148 295 285 350 1389

810 286 879 340 ΙΝ
921 284 1191 341 LIBRUM
1232 285 1321 340 DE
1362 284 1630 341 SPIRITU
1672 283 1941 341 SANCTO
1984 284 2189 340 ΝΟΤΑΕ
2229 284 2622 342 FRONTONIS
2660 284 2914 342 DUCzEl.

3442 287 3578 341 £390

1147 598 1473 682 NOT/E
1529 597 2151 681 FRONTONIS
2212 600 2571 685 DUCZEI

1277 773 1347 827 IN
1393 770 1653 829 LIBRUM
1702 775 1790 829 DE
1843 773 2107 830 SPIRITU
2150 774 2439 831 SANCTO.

757 948 1019 1023 (Pagina).
1050 952 1192 1007 sunt
1220 949 1499 1007 editionis
1530 950 1935 1022 Garnerianae,
1963 951 2123 1025 typis
2157 951 2587 1023 grandioribus
2623 957 2972 1028 expressae.)

1826 1107 1897 1122 .—

221 1209 564 1265 Praeﬁxerat
608 1208 791 1279 hujus
834 1205 974 1263 libri
1002 1204 1473 1280 interpretationi
1505 1206 1636 1260 Des.
1666 1204 1807 1257 Era-
1840 1204 1889 1258 Α
1918 1201 2071 1257 inter
2100 1201 2377 1257 Ecclesiae
2399 1202 2706 1259 catholicae
2738 1202 3117 1259 adversarios
3149 1201 3225 1270 is,
3247 1200 3582 1274 quisolitus

151 1314 323 1355 smus
353 1296 1076 1371 epistolam,suspiciones
1098 1311 1239 1351 suas
1259 1294 1533 1349 sinistras
1556 1296 1613 1347 et
1633 1296 1811 1347 teme-

145 1388 340 1444 rarias
372 1400 683 1459 exponens
705 1384 1334 1457 conjecturas,qnibus
1366 1387 1599 1456 partem
1626 1381 1809 1451 hujus

146 1477 349 1548 operis
376 1480 672 1548 tanquam
694 1474 771 1531 ab
793 1475 923 1545 ejus
945 1472 1101 1545 stylo
1118 1472 1382 1529 alienam
1402 1470 1484 1527 illi
1501 1470 1810 1542 abjudica-

148 1567 255 1622 bat
287 1583 298 1621 :
336 1564 442 1621 sed
468 1581 657 1638 quam
690 1564 900 1638 iniqua
930 1564 1008 1619 sit
1033 1568 1090 1619 et
1114 1562 1345 1619 insulsa
1360 1561 1626 1618 hominis
1652 1559 1811 1615 illius

149 1680 432 1734 censura,
464 1663 740 1737 pluribus
794 1661 995 1718 verbis
1045 1661 1519 1717 luculentissime
1550 1658 1813 1715 ostendit

157 1754 244 1809 vir
273 1752 646 1809 clarissimus
670 1751 932 1810 Iacobus
964 1750 1248 1815 Billius,S.
1274 1749 1569 1808 Michaelis
1590 1750 1651 1804 in
1681 1763 1812 1804 ere-

151 1859 255 1900 mo
269 1841 828 1909 coenobiarchadib.
845 1859 882 1910 ι,
896 1856 1034 1913 cap.
1051 1840 1440 1907 9,Sacrarum
1455 1838 1814 1895 observatio-

153 1949 324 2002 num,
347 1948 418 1988 ac
448 1932 607 1987 leves
632 1920 932 2005 planeque
951 1934 1242 2002 stuppeas
1266 1927 1637 1986 ratiunculas
1656 1926 1813 1983 retu-

156 2035 264 2087 tat.
297 2029 559 2086 Primum
618 2029 781 2085 enim
820 2028 964 2085 vitio
1017 2028 1191 2085 vertit
1228 2026 1459 2084 auctori
1509 2029 1813 2096 Erasmus,

154 2117 324 2192 quod
345 2117 651 2174 interdum
665 2117 741 2174 ad
764 2116 1058 2188 tragicum
1087 2116 1453 2173 cothurnum
1481 2118 1532 2189 ej
1545 2134 1612 2173 us
1624 2117 1817 2174 oratio

154 2200 540 2274 intumescat,
574 2223 736 2263 nunc
766 2223 976 2263 rursus
1015 2206 1092 2263 ad
1124 2206 1440 2277 vulgarem
1472 2222 1817 2264 sermonem

155 2305 645 2372 subsidat.0uasi
678 2321 818 2362 vero
848 2320 973 2362 non
1003 2305 1291 2361 omnibus
1324 2304 1673 2362 auctoribus
1702 2305 1818 2362 hoc

153 2393 452 2451 familiare
485 2394 580 2461 sit,
633 2398 693 2450 ut
732 2410 871 2450 cum
924 2392 1177 2450 materia
1233 2392 1348 2450 hoc
1388 2394 1601 2465 poscit,
1644 2393 1819 2450 altius

157 2482 384 2555 stylum
399 2482 1054 2555 attollant,grandioriq
1064 2499 1133 2538 ue
1155 2498 1373 2553 genere
1390 2483 1631 2540 dicendi
1652 2488 1819 2540 utan-

1920 1300 2010 1347 est
2040 1294 2355 1347 Erasmum
2387 1292 2683 1350 adversus
2716 1293 2974 1350 aliorum
2998 1308 3288 1349 censuras
3316 1292 3489 1359 tueri,
3518 1294 3579 1348 in

1919 1382 2035 1436 hoc
2061 1382 2113 1437 ei
2146 1397 2206 1437 se
2236 1397 2359 1437 non
2415 1383 2692 1439 assentiri
2745 1386 2995 1439 testatur
3025 1382 3088 1438 in
3128 1398 3252 1438 81113
3282 1381 3580 1440 adversus

1918 1471 2389 1529 illustrissimum
2416 1463 2790 1530 cardin'alem
2818 1473 3163 1542 Barouium,
3181 1473 3584 1531 Exercitatio-

1921 1562 2096 1617 nibus
2143 1578 2254 1633 xvr,
2285 1578 2454 1618 num.
2490 1567 2592 1631 33;
2623 1569 2681 1619 et
2704 1566 2765 1619 in
2805 1563 3043 1631 eadem,
3075 1578 3332 1618 numero
3358 1567 3447 1627 43,
3479 1578 3583 1618 eos

1921 1651 2278 1724 planissime
2300 1651 2424 1709 falli
2450 1653 2683 1725 asserit,
2708 1653 2814 1726 qui
2844 1668 2980 1710 eam
3012 1657 3245 1726 partem
3276 1651 3411 1707 libri
3444 1667 3584 1706 sus-

1922 1743 2161 1812 pectam
2201 1741 2449 1811 habent,
2482 1746 2539 1799 et
2570 1742 2768 1799 Basilii
2820 1757 2951 1798 esse
2992 1746 3240 1812 negant,
3270 1741 3331 1796 in
3360 1755 3485 1813 qua
3511 1738 3586 1794 de

1923 1828 2312 1899 dogmatibus
2343 1830 2578 1889 silentio
2622 1831 2971 1905 premendis
3001 1830 3200 1902 agitur
3229 1835 3286 1886 et
3310 1830 3386 1887 de
3416 1844 3587 1886 arca-

1924 1919 2018 1974 nis
2044 1919 2293 1976 minime
2323 1920 2735 1991 divulgandis.

1996 2010 2135 2079 Pag.
2160 1994 2220 2077 ‘2,
2249 2026 2416 2066 num.
2446 2015 2478 2066 2
2504 2029 2517 2066 :
2545 2012 2717 2081 Quod
2734 2013 2788 2067 si
2805 2014 3014 2068 stulto.
3047 2012 3195 2068 Hinc
3226 2009 3589 2067 subodorari

1925 2102 2122 2169 potest
2160 2098 2365 2167 lector,
2418 2116 2605 2174 quam
2672 2101 2734 2157 in
2784 2102 3095 2175 Scriptura
3137 2116 3312 2158 sacra
3358 2100 3588 2172 hospes

1926 2190 2082 2243 esset
2108 2188 2401 2259 interpres
2430 2193 2709 2262 Batavus,
2736 2207 2877 2247 cum
2906 2192 3037 2248 hinc
3063 2190 3186 2247 duo
3214 2189 3351 2247 loca
3380 2190 3587 2245 minus

1925 2275 2182 2333 ﬁdeliter
2234 2280 2491 2335 verterit.
2550 2280 2713 2336 Prior
2756 2287 2845 2337 est
2891 2280 3267 2338 Proverbior.
3303 2295 3438 2345 xm,
3468 2282 3538 2333 29
3573 2294 3586 2332 :

1931 2365 2158 2438 Ἀνοήτῳ
2198 2366 2521 2440 ἐρωτήσαντι
2575 2374 2781 2442 σοφίαν,
2815 2372 3108 2439 Dementi,
3140 2372 3235 2427 vet
3259 2372 3464 2439 stulto,
3496 2373 3589 2426 in-

1930 2458 2272 2527 terroganti
2293 2460 2674 2528 sapientiam,
2688 2461 2990 2530 sapientia
3006 2461 3413 2531 imputabitur
3424 2476 3595 2534 .‘pos—

156 2545 273 2628 tur.
304 2575 452 2628 Nam
501 2578 567 2628 ut
606 2545 765 2629 idem
814 2545 1065 2628 Basilius
1124 2545 1322 2645 inquit
1346 2572 1407 2629 in
1428 2577 1688 2629 tractatu
1734 2574 1821 2628 De

1933 2545 2111 2600 terior
2132 2546 2297 2602 Isaiae
2319 2561 2397 2613 m,
2428 2553 2473 2617 1,
2502 2552 2569 2602 2:
2599 2551 2781 2623 Κύριος
2823 2548 3039 2602 Σαϐαὼθ
3080 2548 3255 2622 ἀφελεῖ
3276 2552 3377 2602 ὑπὸ
3407 2549 3593 2624 Ἰερου-

158 2685 305 2727 vera
344 2670 485 2739 ﬁde,
541 2684 684 2742 pag.
717 2674 814 2725 2⁸51
851 2668 1043 2723 ε”Δλλο
1101 2666 1241 2732 εἶδος
1288 2669 1447 2741 λόγου
1497 2669 1819 2743 {Arimini},

159 2764 251 2811 καὶ
318 2757 438 2812 ἄλλο
488 2754 624 2819 εἶδος
681 2757 839 2829 λόγου
906 2757 1325 2832 παρακλητικοῡ.
1376 2757 1536 2818 ”Αλλη
1591 2758 1823 2820 ἁπλότης

160 2855 260 2901 τῶν
311 2846 358 2899 ἐν
410 2847 584 2922 εἰρήνῃ
648 2852 742 2906 τὴν
796 2846 1059 2901 εὐσέϐειαν
1114 2847 1523 2920 ὁμολογούντων,
1583 2854 1670 2902 καὶ
1725 2848 1820 2902 ἀλ-

160 2938 242 2990 λοι
294 2933 507 3011 ἱδρῶτες
571 2945 672 2989 τῶν
736 2940 869 3011 πρὸς
918 2940 1007 2998 τὰς
1066 2935 1348 2999 ἀντιθέσεις
1400 2946 1494 3001 τῆς
1555 2935 1824 3009 ψευδωνύ·

162 3047 262 3100 μου
284 3032 519 3100 γνώσεως
544 3030 850 3100 ἱσταμένων.
879 3026 1101 3084 Deinde
1130 3028 1298 3101 quod
1322 3028 1623 3085 subinane
1651 3027 1824 3103 quid—

160 3126 309 3183 dam
338 3126 563 3184 habere
599 3126 880 3183 videatur
909 3131 1139 3197 auctor,
1166 3126 1450 3200 velutque
1482 3131 1738 3185 ostentet
1761 3143 1824 3186 se

161 3216 463 3283 didicisse,
518 3232 656 3288 quas
709 3216 1057 3273 Aristoteles
1108 3216 1170 3273 in
1220 3217 1730 3285 Praedicamentis,
1768 3222 1826 3275 et

161 3314 528 3386 Porphyrius
546 3315 608 3370 in
637 3312 847 3372 libello
861 3317 947 3372 De
984 3316 1249 3386 quinque
1277 3316 1518 3373 veribus
1560 3317 1823 3374 tradide-

158 3410 318 3475 runt,
369 3404 595 3461 idcirco
669 3405 992 3476 indignum
1061 3406 1280 3463 Basilio
1328 3412 1536 3464 censet
1574 3407 1823 3479 librum,

160 3493 338 3565 quasi
350 3508 490 3550 vero
506 3506 646 3550 cum
664 3494 844 3551 totius
864 3493 1290 3565 disputationis
1303 3496 1489 3552 cardo
1506 3496 1569 3554 in
1582 3496 1824 3566 exigua-

159 3600 295 3640 rum
325 3584 829 3656 prmpositionum
859 3584 1257 3655 explicatione
1288 3590 1635 3652 verteretur,
1655 3586 1824 3643 ﬁdei-

161 3698 280 3755 que
312 3680 640 3738 adversarii
662 3689 921 3738 externaa
943 3682 1279 3755 disciplinae
1300 3684 1595 3755 praesidiis
1622 3684 1827 3741 abute-

159 3774 384 3836 rentur,
430 3772 905 3828 eruditissimum
956 3772 1152 3829 virum
1203 3789 1328 3830 non
1375 3774 1661 3841 decuerit,
1701 3792 1826 3847 quo

164 3861 371 3930 gladio
400 3860 480 3917 illi
512 3877 620 3933 per
648 3861 840 3933 ipsius
870 3861 1029 3917 latus
1057 3863 1385 3919 Ecclesiam
1412 3865 1716 3936 petebant,
1731 3880 1826 3920 eo-

162 3927 303 4005 dem
330 3950 499 4023 ipsos
512 3927 847 4007 truci-dare.
877 3952 1028 4006 Nam
1061 3952 1137 4008 de
1166 3927 1429 4024 phrasis.
1449 3927 1824 4009 dissimilitu-
1859 3927 1898 3981 δ

161 4040 323 4107 dine,
356 4055 547 4112 quam
574 4044 863 4097 causatur
901 4040 960 4096 in
993 4057 1087 4112 eo,
1118 4043 1647 4114 quemadmodum
1675 4050 1733 4100 et
1762 4044 1825 4099 in

162 4129 434 4186 secunda
487 4129 744 4186 Homilia
773 4130 860 4186 De
897 4130 1155 4201 jejunio,
1185 4133 1505 4205 perspicue
1549 4132 1776 4190 fallitur
1807 4149 1822 4188 :

160 4234 360 4291 neque
390 4219 553 4275 enim
583 4218 775 4275 ullum
808 4220 942 4290 ejus
972 4220 1300 4277 discrimen
1331 4222 1584 4293 agnosci
1604 4228 1821 4295 potest.

163 4317 427 4389 Opponit
471 4317 694 4374 deinde
722 4317 886 4374 idem
945 4318 1144 4374 Billius
1176 4321 1478 4393 Euthymii
1509 4321 1695 4378 Graeci
1725 4338 1826 4378 au-

161 4406 525 4469 ctoritatem,
542 4406 648 4477 qui
677 4405 863 4462 Alexii
888 4408 1271 4479 imperatoris
1297 4413 1469 4465 estate
1491 4409 1825 4484 ﬂoruit,qui

165 4494 229 4547 in
259 4508 376 4549 sua
408 4492 701 4563 Panoplia
733 4509 899 4565 saepe
924 4494 1149 4551 librum
1180 4496 1348 4553 illum
1386 4498 1627 4569 triginta
1665 4499 1827 4571 capi-

164 4584 294 4635 tum
323 4579 671 4638 citat.Addit
683 4580 874 4637 multo
894 4581 1098 4653 plures
1122 4582 1435 4656 multoque
1456 4586 1826 4659 antiquiores

164 4673 345 4725 testes
382 4669 827 4725 illustrissimus
857 4670 1184 4727 cardinalis
1212 4673 1528 4729 Perronius
1556 4675 1618 4730 in
1640 4691 1826 4731 aureo

165 4773 279 4813 suo
309 4764 366 4815 et
394 4758 617 4816 eximia
664 4759 942 4816 doctrina
973 4759 1189 4817 referto
1216 4763 1506 4820 Examine
1535 4764 1670 4820 libri
1697 4765 1829 4820 Phi-

162 4848 315 4920 lippi
344 4848 583 4906 Mornmi
611 4848 903 4906 adversus
934 4850 1324 4908 Eucharistiaa
1354 4859 1823 4923 sacramentum,

161 4937 453 4994 nimirum
469 4945 752 4995 sanctum
767 4940 1224 5012 Hieronymum,
1244 4942 1302 4997 in
1334 4943 1621 5015 Catatogo
1641 4945 1826 5014 scrip-

163 5043 261 5092 tor
291 5037 777 5105 ,Theodoretum,
794 5037 1038 5108 dialogo
1060 5042 1108 5109 1,
1127 5044 1185 5095 et
1200 5040 1260 5096 in
1273 5042 1826 5100 Anathematismo-

161 5142 299 5183 rum
368 5127 591 5197 Cyritli
636 5127 1196 5204 refutatione,.cap.
1262 5136 1313 5199 ὅ,
1376 5133 1826 5189 Damascenum

161 5230 315 5282 orat.
341 5229 370 5282 3
404 5226 492 5282 De
518 5225 900 5296 imaginibus,
925 5227 1246 5284 concilium
1302 5230 1609 5287 Nicaanum
1635 5247 1695 5300 ιι,
1729 5248 1827 5288 ac-

162 5316 326 5373 tione
349 5316 713 5385 4.Photium,
738 5316 798 5372 in
828 5318 1270 5389 Nomocanone,
1304 5321 1741 5389 Burchardum,
1766 5323 1829 5378 in

1932 2633 2109 2706 σαλὴμ
2168 2636 2470 2709 θαυμαστὸν
2526 2637 2840 2711 σύμϐουλον,
2889 2644 2978 2691 καὶ
3029 2643 3186 2711 σοφὸν
3218 2637 3592 2714 ἀρχιτέκτονα,

1930 2727 2018 2774 καὶ
2052 2728 2260 2776 συνετὸν
2310 2724 2589 2799 ἀκροατήν,
2618 2728 2911 2784 Dominus
2950 2730 3322 2785 exercituum
3356 2730 3596 2799 auferet

1930 2814 2003 2870 de
2012 2815 2394 2873 Hierusalem
2407 2817 2828 2874 admirabilem
2846 2819 3348 2883 consitiarium,et
3362 2822 3595 2888 sapien-

1933 2910 2046 2960 tem
2068 2905 2488 2978 architectum,
2514 2913 2566 2963 et
2582 2908 2949 2976 prudentem
2970 2908 3329 2965 auditorem.
3356 2913 3428 2976 At
3453 2911 3591 2965 Era-

1934 3010 2107 3049 smus
2153 3000 2414 3051 verterat
2456 3014 2468 3051 :
2509 2996 2855 3066 Sapientem
2903 2999 3373 3064 auscutatorem,
3421 3014 3594 3071 quem

1928 3083 2225 3152 propheta
2272 3085 2636 3141 admirando
2686 3087 3021 3142 consultori
3072 3093 3411 3157 comparat.
3463 3090 3593 3144 Non

1932 3172 2110 3242 igitur
2152 3174 2494 3230 auditorem
2544 3180 2744 3248 aequat
2797 3175 3167 3241 consiliario,
3200 3175 3293 3233 vel
3351 3193 3493 3233 cum
3523 3192 3594 3233 eo

1932 3261 2182 3333 confert,
2218 3265 2323 3318 sed
2344 3262 2405 3319 in
2437 3265 2708 3321 oratione
2739 3280 2851 3321 sua
2880 3265 3061 3322 simul
3084 3270 3418 3337 enumerat,
3445 3266 3597 3322 inter

1931 3366 2035 3406 eos
2052 3352 2211 3408 viros
2238 3353 2673 3427 eximios,quos
2688 3353 2766 3411 ab
2782 3353 3151 3410 Hierusalem
3166 3357 3321 3410 Deus
3342 3354 3593 3426 auferet,

2004 3442 2149 3511 Pag.
2177 3444 2230 3510 9,
2264 3458 2437 3500 num.
2479 3448 2543 3499 t2
2577 3460 2590 3498 :
2621 3443 2881 3501 Carnem
2917 3445 3042 3500 Dei.
3076 3444 3380 3515 Insignem
3432 3444 3595 3500 hunc

1930 3530 2132 3586 locum
2146 3530 2295 3587 dum
2316 3533 3595 3604 verteretErasmus,insignemoscitantiam

1935 3636 2112 3676 suam
2127 3621 2407 3686 ostendit.
2427 3638 2611 3696 seque
2632 3624 2886 3679 tenuiter
2905 3622 3240 3680 admodum
3259 3622 3321 3679 in
3350 3626 3595 3681 Patrum

1931 3706 2186 3766 lectione
2208 3716 2516 3767 versatum
2548 3727 2702 3780 esse,
2736 3717 2800 3766 ut
2824 3712 2929 3785 qui
2958 3724 3091 3767 non‘
3113 3711 3423 3769 didicisset
3450 3713 3595 3769 olim

1932 3798 2376 3855 Theodoretum
2428 3800 2487 3855 in
2536 3802 3020 3870 Reprehensione
3065 3802 3594 3859 anathematismo-

1933 3903 2069 3943 rum
2100 3888 2454 3961 Cyritli,qui
2486 3894 2607 3945 tam
2633 3889 2898 3946 celebres
2927 3889 2989 3945 in
3011 3889 3266 3947 concilio
3293 3890 3594 3964 Ephesino

1932 3976 2192 4049 fuerunt,
2227 3979 2343 4034 hoc
2370 3979 2506 4036 loco
2546 3979 2810 4035 abusum
2842 3995 2994 4036 esse.
3045 3980 3226 4037 Vertit
3262 3980 3485 4051 igitur:
3524 3982 3595 4038 Ut

1933 4069 2265 4126 ostenderet
2278 4084 2521 4126 carnem
2536 4073 2597 4126 in
2622 4070 2861 4126 Christo
2875 4071 3095 4127 divinae
3106 4077 3346 4127 naturae
3360 4072 3593 4128 unitam

1932 4174 2008 4215 ea:
2028 4158 2293 4215 humano
2319 4161 2550 4232 liquore
2570 4166 2910 4217 concretam
2928 4161 3161 4233 fuisse?
3184 4161 3365 4234 Atqui
3382 4163 3595 4236 φύραμα

1930 4248 2028 4305 hic
2056 4264 2180 4304 non
2208 4247 2525 4321 liquorem,
2552 4249 2658 4305 sed
2688 4266 2959 4307 massam
2986 4250 3075 4305 vel
3097 4250 3592 4322 conspersionem

1933 4336 2251 4409 signiﬁcat,
2285 4343 2349 4395 ut
2403 4340 2659 4396 Roman.
2683 4344 2857 4405 ix,2t
2889 4339 3010 4394 z'Ex
3064 4346 3156 4391 τοῦ
3210 4340 3370 4390 αὑτοῦ
3431 4339 3591 4412 φύρά-

1932 4446 2116 4499 ματος,
2173 4427 2273 4484 Ea:
2323 4428 2530 4485 eadem
2577 4443 2777 4485 massa
2798 4430 2816 4497 ";
2850 4433 2907 4485 et
2963 4428 3379 4498 Rom.x1,16:
3414 4427 3473 4483 Εἰ
3532 4422 3592 4479 δὲ

1934 4516 2155 4591 ἀπαρχὴ
2216 4516 2362 4589 ἁγία,
2393 4521 2483 4569 καὶ
2535 4521 2593 4569 τό
2662 4520 2874 4592 φύραμα
2908 4534 2920 4572 :
2952 4516 3055 4573 ubi
3112 4520 3399 4573 Erasmus
3457 4515 3592 4590 ipse

1930 4606 2305 4671 vertit,Quod
2329 4606 2382 4661 si
2407 4607 2690 4676 primitiw
2712 4611 3188 4679 sanctw,sancta
3210 4612 3296 4663 est
3318 4620 3594 4676 consper-

1932 4694 2037 4749 sio.
2066 4697 2139 4749 At
2201 4696 2442 4768 θεοφόρος
2504 4695 2639 4768 σάρξ
2702 4694 2922 4751 dicitur
2987 4695 3198 4753 Christi
3264 4710 3506 4770 corpus,
3528 4699 3595 4755 ut

1934 4787 2115 4839 antea
2143 4783 2205 4839 in
2235 4783 2545 4857 psalmum
2608 4800 2804 4849 xxxix,
2834 4800 2894 4857 p.
2928 4788 3071 4840 296:
3101 4781 3356 4859 ὑπόδημα
3398 4780 3457 4838 δὲ
3496 4793 3591 4849 τῆς

1938 4875 2176 4935 θεότητος
2197 4876 2227 4932 ἠ
2255 4875 2492 4949 θεοφόρος
2551 4873 2701 4949 σάρξ,
2726 4874 3078 4932 Divinitatis
3134 4880 3332 4932 autem
3363 4876 3595 4934 calcea-

1933 4969 2199 5019 mentum
2225 4969 2307 5019 est
2331 4978 2472 5020 caro
2503 4964 2691 5021 Deum
2714 4965 2918 5035 ferens
2944 4982 2957 5033 ;
2991 4967 3047 5021 et
3074 4963 3135 5022 in
3166 4980 3204 5021 ιι
3238 4981 3373 5039 cap.
3402 4965 3590 5035 Isaiae,

1934 5068 2077 5126 pag.
2107 5057 2208 5110 8'73
2240 5069 2251 5107 :
2283 5052 2409 5105 Ἀπὸ
2464 5060 2555 5105 τοῦ
2612 5059 2993 5130 σκοπευτηρίου
3036 5057 3329 5127 γενομένην,
3365 5052 3465 5107 ἀπὸ
3497 5062 3592 5117 τῆς

1940 5146 2135 5217 σαρκὸς
2168 5144 2434 5216 θεοφόρου,
2472 5144 2517 5197 Α
2555 5144 2802 5212 specula
2849 5151 3142 5221 exortam,
3173 5160 3210 5201 a
3238 5158 3423 5200 carne
3463 5159 3594 5215 quae

1935 5234 2193 5302 gestavit
2226 5235 2432 5288 Deum.
2461 5234 2718 5288 Carnem
2778 5232 2993 5288 Christi
3040 5234 3278 5310 θεοφόρον
3306 5232 3592 5306 appellat,

1937 5336 2060 5376 non
2086 5320 2398 5376 hominem
2444 5319 2762 5392 Christum,
2789 5325 2851 5377 ut
2879 5320 3032 5377 falso
3080 5321 3285 5378 citavit
3322 5320 3595 5378 Theodo-

163 5406 780 5477 Decreto,Zonaram,
816 5405 875 5461 in
906 5406 1411 5477 Nomocanonem,
1446 5411 1829 5467 Anastasium
1935 5415 2101 5467 retus
2167 5410 2228 5465 in
2293 5410 2777 5481 Reprehensione
2845 5410 3335 5467 anathematismi
3398 5411 3596 5484 quinti

164 5491 498 5563 Nicaeuum,
525 5498 848 5567 σιωπῶ,
881 5495 1264 5553 Theodorum
1296 5499 1737 5571 Balsamonem,
1768 5500 1831 5556 in
1937 5514 2081 5571 pag.
2142 5502 2244 5554 558
2298 5498 2437 5554 edit.
2461 5501 2771 5568 Romanae,
2795 5506 2962 5571 parte
3011 5515 3072 5555 m
3115 5498 3353 5555 concilii
3396 5498 3595 5573 Ephe-

165 5579 524 5654 Nomocan.,
551 5589 607 5640 et
633 5584 1059 5658 Nicephorum,
1083 5584 1189 5642 lib.
1219 5602 1316 5656 xu,
1344 5603 1394 5644 c.
1414 5589 1503 5647 20.
1524 5591 1821 5647 Postremo

1943 5587 2059 5644 sini
2100 5604 2113 5644 :
2154 5594 2265 5641 Τῶν
2334 5584 2393 5640 δὲ
2454 5590 2654 5661 φύσεων
2693 5592 2787 5648 τὴν
2846 5585 3103 5664 διαφορὰν
3132 5589 3473 5664 γνωρίζομεν,
3505 5593 3596 5642 καὶ
