4082 6416
212 362 348 417 1393

1428 367 1632 434 NQT/E
1693 369 2086 428 FBONTONIS
2104 370 2386 429 .DUCJ‘EI.

3473 376 3613 431 1394

194 486 452 541 multum
492 488 776 543 momenti
803 487 1024 545 habent
1045 489 1127 545 ad
1153 491 1547 560 mysterium:
1576 497 1634 549 at
1655 492 1716 549 in
1750 496 1843 550 Ec-
1877 501 1922 552 Α
1954 511 2101 551 num
2158 502 2360 552 autem
2406 495 2490 552 sic
2520 495 2775 566 legitur:
2822 496 3006 553 Verba
3028 497 3451 566 invocationis,
3475 513 3610 554 cum

194 573 376 630 clesia
433 576 638 630 Grteca
702 590 827 632 non
887 577 1243 648 ostenditur,
1298 595 1495 653 neque
1562 582 1850 639 attollitur

195 662 583 720 adorandum
616 664 833 721 Christi
863 682 1085 739 corpus
1116 667 1233 723 nisi
1272 675 1409 741 post
1444 671 1847 728 consecratio-

194 768 504 823 nem,cum
545 752 766 811 dicitur
811 756 997 828 pauld
1033 762 1171 814 ante
1215 761 1729 826 communionem,
1770 764 1848 818 Τὰ

196 840 322 913 ἅγια
346 851 455 903 τοῖς
486 841 677 915 ἁγίοις,
703 845 931 902 Sancta
958 849 1676 920 sanctis.Signiticatergo
1706 867 1847 907 cou-

194 933 593 989 secrationem
635 939 691 990 ct
721 934 1087 992 oblationem
1123 938 1528 1010 Eucharistite,
1553 942 1732 1013 quasi
1764 941 1847 994 ἐπὶ

195 1018 456 1084 ἀναδείξει
475 1022 637 1078 idem
670 1023 883 1093 valeat,
906 1026 1072 1099 quod
1094 1043 1226 1083 cum
1243 1029 1561 1097 con/icitur
1590 1031 1683 1087 vel
1705 1047 1846 1088 con-

188 1114 652 1181 sem‘aturpanis
666 1114 1085 1171 Eucliaristiic.
1115 1120 1262 1173 Nam
1291 1115 1641 1171 ἀναδεικνύειν
1672 1126 1849 1177 sonat

190 1199 351 1257 idem
375 1202 541 1274 quod
568 1204 892 1276 efﬁcere,ut
909 1204 1181 1277 pluribus
1207 1208 1500 1281 exemplis
1525 1210 1847 1267 conﬁrmat

194 1290 446 1347 Budaeus
504 1310 576 1348 ex
635 1295 917 1366 Gregorio
965 1298 1334 1355 Nazianzeno
1390 1299 1582 1355 citans
1607 1305 1756 1357 orat.
1781 1303 1844 1357 in

188 1397 411 1438 nonam
452 1384 847 1453 Dominicam,
876 1402 1015 1458 pag.
1049 1391 1152 1444 699
1187 1378 1526 1451 :Ts‘u-szo;
1566 1394 1591 1442 ά
1646 1390 1843 1465 ἀνθρω-

188 1468 615 1544 eximieque,
668 1476 1014 1531 Postremus
1054 1476 1228 1534 homo
1284 1486 1523 1536 creatus
1572 1486 1653 1537 est
1690 1481 1843 1536 Etin

187 1562 696 1617 Annotationibus
746 1563 807 1619 in
864 1566 1196 1623 Pandectas
1224 1566 1368 1623 item
1394 1568 1579 1625 verbo
1614 1570 1840 1632 Latino,

185 1651 467 1720 Designo,
499 1651 722 1720 tribuit,
756 1657 821 1710 ut
844 1654 1159 1712 ostendere
1213 1656 1411 1713 valeat
1466 1662 1525 1714 et
1580 1664 1839 1729 patrare,

185 1740 708 1812 quemadmodum
740 1750 797 1800 et
826 1747 871 1798 ll
893 1743 970 1801 ad
991 1744 1139 1801 Tim.
1198 1763 1274 1813 1v,
1335 1748 1401 1802 14
1432 1767 1446 1812 ;
1503 1744 1843 1823 Ἀλέξανδρος

186 1832 211 1881 ὁ
270 1828 494 1901 χαὶκεὺς
542 1831 703 1884 πολλά
750 1853 842 1906 μοι
910 1836 1049 1886 κακά
1102 1832 1407 1903 ἐνεδείξατο,

186 1920 439 1975 (orarias
469 1922 665 1977 multa
692 1923 858 1979 mala
878 1924 1029 1980 mihi
1055 1925 1333 1982 ostendit.
1364 1925 1457 1982 Sic
1482 1931 1541 1983 et
1564 1925 1701 1999 ipsa
1734 1927 1838 1983 Ba-

187 2007 301 2063 silii
361 2008 640 2079 Liturgia,
691 2010 840 2067 dum
888 2017 1021 2070 orat
1077 2013 1384 2084 sacerdos,
1443 2014 1652 2087 petita
1698 2019 1835 2085 Deo,

186 2096 435 2168 Ἀγιάσαι
455 2104 545 2151 καί
571 2097 841 2163 ἀναδεῖξαι
866 2106 952 2155 τὸν
990 2105 1080 2176 μὲν
1108 2106 1262 2176 ἦρι-ον
1288 2124 1469 2157 τουτον
1520 2104 1646 2157 αὐτὸ
1678 2109 1736 2158 τὸ
1763 2110 1842 2158 7i-

183 2193 302 2258 μίον
337 2196 490 2260 σῶμα
514 2196 604 2241 τοῦ
633 2194 850 2263 Κυρίου,
891 2193 961 2249 σι
992 2195 1327 2263 sancti/teet
1346 2201 1399 2252 ct
1423 2196 1651 2265 efﬁciat
1682 2195 1842 2251 hunc

181 2278 360 2348 quidc
382 2298 415 2331 Η
430 2293 646 2348 panem
661 2281 851 2349 ipsum
862 2283 1188 2351 pretiosum
1204 2299 1421 2353 corpus
1434 2285 1839 2341 Domini.Nam

183 2370 240 2421 et
268 2364 350 2422 ita
377 2383 407 2423 e
432 2368 682 2439 Syriaco
709 2370 883 2427 vertit
911 2372 1184 2428 Andreas
1235 2373 1453 2429 Mazius
1511 2373 1572 2429 in
1622 2374 1839 2430 eadem

182 2454 447 2527 LitUrgia
470 2457 779 2528 Basilii,Et
791 2461 1021 2530 efﬁciat
1028 2478 1247 2532 panem
1273 2464 1452 2520 istum
1486 2479 1703 2534 corpus
1714 2464 1840 2533 glo-

182 2546 409 2603 riosum
465 2549 731 2605 Domini.
784 2553 849 2607 Et
885 2550 947 2606 in
1004 2551 1269 2624 Liturgia
1316 2554 1373 2611 S.
1427 2553 1657 2624 Jacobi,
1731 2552 1841 2605 Ἵνα

182 2633 405 2707 ἁγιάσῃ,
460 2642 551 2689 καὶ
608 2645 806 2712 ποιήσῃ
871 2659 955 2693 τον
1017 2645 1108 2713 μὲν
1160 2644 1316 2717 ἄρτον
1345 2662 1525 2695 τουτον
1560 2651 1710 2715 σῶμα
1748 2662 1839 2694 του

188 2731 441 2796 Χριστοῦ.
510 2729 578 2783 Et
628 2726 690 2783 in
738 2745 809 2786 ea
865 2730 1279 2802 Chrysostomi
1321 2737 1543 2790 ποὶησον
1574 2735 1659 2784 τὸν
1685 2732 1839 2806 ἄρτον

179 2821 364 2865 τοῦτον
434 2818 604 2889 τίμιον
661 2827 815 2891 σῶμα
877 2828 969 2871 τοῦ
1014 2820 1265 2895 Χριστοῦ.
1326 2824 1633 2877 Postremo
1671 2819 1840 2894 apud

177 2902 568 2974 Clementem,
597 2908 703 2967 lib.
732 2926 855 2981 xm,
885 2925 936 2965 c.
962 2911 1581 2977 '17,Constitutionum
1612 2919 1836 2983 apost.,

173 2992 238 3049 in
287 2994 500 3053 eadem
560 2997 822 3057 formula
863 3001 1355 3070 consecrationis,
1411 3003 1545 3063 ὅπως
1601 3000 1832 3076 ἀποφήνῃ

172 3090 262 3139 τὸν
329 3089 484 3161 ἄρτον
537 3094 715 3142 τοῦτον
763 3088 915 3164 σῶμα
942 3098 1034 3145 τοῦ
1064 3100 1322 3167 Χρισσοῦ,
1368 3093 1436 3149 Ut
1468 3094 1690 3163 efﬁciat
1725 3108 1834 3163 pa-

170 3192 305 3233 nem
349 3179 512 3236 hunc
535 3195 751 3251 corpus
774 3182 1097 3239 Christi.ln
1111 3181 1292 3238 veteri
1337 3182 1515 3239 etiam
1547 3181 1836 3255 interpre-

167 3267 399 3326 tatione
428 3270 594 3343 apud
616 3271 1120 3344 Burchardum,in
1138 3275 1406 3351 Decreto,
1429 3272 1581 3330 libro
1598 3276 1680 3331 De
1701 3275 1835 3329 uni-

171 3373 349 3414 versa
378 3360 673 3428 Ecclesia,
714 3377 848 3434 cap.
883 3366 1010 3434 2‘23,
1040 3361 1137 3418 hic
1170 3362 1364 3418 Basilii
1392 3362 1562 3419 locus
1585 3364 1667 3419 ita
1696 3380 1832 3420 ver-

171 3449 349 3505 titur:
376 3450 515 3518 Qua:
541 3452 697 3506 enim
709 3450 1031 3521 Scriptura
1059 3453 1399 3522 salutifera:
1412 3454 1608 3510 crucis
1634 3455 1833 3525 signa-

170 3539 312 3595 culo
361 3540 568 3608 ﬁdeles
614 3541 814 3597 docuit
844 3543 1127 3613 insigniri
1162 3546 1190 3596 ?
1234 3543 1371 3603 Quae
1419 3543 1830 3613 multifariam

168 3630 410 3700 digesta
436 3645 621 3701 super
634 3645 854 3701 panem
894 3638 948 3689 et
974 3632 1223 3689 calicem
1246 3634 1493 3702 prolixa
1541 3635 1831 3690 orationis

166 3727 225 3778 et
240 3722 710 3779 consecrationis
726 3721 905 3780 verba
919 3722 1357 3780 commendavit
1370 3723 1397 3779 ?
1413 3722 1591 3796 Apud
1604 3724 1762 3781 Grati
1773 3741 1832 3781 a-

1950 588 2130 655 panis
2154 588 2557 643 Eucltaristize
2578 592 2630 643 et
2659 589 2825 643 calix
2857 587 3284 644 benedictionis
3335 588 3607 659 offertur,

1953 677 2084 747 quis
2116 692 2191 733 es:
2215 680 2437 733 sanctis
2468 678 2672 733 Patris
2697 679 2928 746 scripta
2958 677 3121 733 nobis
3144 678 3385 748 reliquit
3418 680 3445 732 ?
3476 680 3610 732 Haec

1953 771 2010 822 et
2029 766 2147 822 alia
2176 765 2479 836 ejusmodi
2504 765 2942 836 colligebamus
2975 766 3054 821 ad
3081 772 3231 821 tuen.
3248 768 3368 821 tam
3382 766 3609 821 versio-

1952 856 2046 911 nis
2075 855 2829 926 hujusemendationemin
2866 855 3127 911 Elencho
3157 871 3430 911 errorum
3477 854 3609 910 Plii-

1951 945 2098 1019 lippi
2127 946 2386 1014 Mornmi,
2415 962 2555 1020 cap.
2600 950 2643 1012 Ι,
2675 945 2777 1001 lib.
2809 962 2867 1014 v,
2896 961 2931 1001 a
2953 945 3132 1001 nobis
3157 944 3483 1001 vernacula
3501 944 3607 1000 lin-

1954 1050 2076 1105 gua
2106 1035 2265 1091 edito
2305 1041 2445 1092 ante
2472 1051 2667 1091 annos
2698 1052 2852 1102 xvm;
2912 1033 3082 1107 quod
3113 1034 3339 1090 idcirco
3361 1049 3602 1105 moneo,

1952 1141 2028 1180 ne
2058 1124 2193 1196 quis
2216 1126 2363 1180 forte
2377 1125 2677 1181 existimet
2708 1125 2836 1179 haec
2858 1140 2892 1180 a
2920 1124 3095 1180 nobis
3122 1123 3306 1179 fuisse
3322 1124 3608 1196 decerpta

1953 1230 1984 1271 e
2014 1215 2183 1270 novis
2208 1213 2973 1271 Exercitationibuslsaaci
3027 1212 3389 1282 Casauboni,
3440 1228 3607 1268 exer-

1953 1303 2113 1359 citat.
2154 1309 2234 1375 ιθ,
2264 1319 2429 1358 num.
2466 1308 2553 1370 33,
2589 1301 2944 1357 cuicuicum
2970 1300 3606 1357 taliamultaillustris-

1953 1392 2141 1448 simus
2162 1392 2483 1448 cardiualis
2501 1390 2963 1447 Perroniusloca
2990 1394 3228 1447 Patrum
3257 1390 3602 1458 indicasset,

1952 1498 2091 1537 cum
2148 1481 2251 1544 illi,
2308 1480 2663 1555 tum.nobis
2712 1496 2876 1552 saepe
2929 1480 3240 1553 professus
3262 1484 3408 1547 crat,
3444 1495 3508 1534 se
3529 1478 3604 1534 de

1951 1570 2319 1626 sanctissimi
2345 1569 2727 1625 Eucharistite
2751 1569 3115 1625 sacramenti
3161 1568 3407 1624 veritate
3464 1584 3603 1623 cum

1949 1658 2208 1715 Ecclesia
2238 1662 2511 1715 Romana
2544 1658 2786 1725 sentire,
2817 1673 2887 1713 ac
2913 1657 3100 1713 tidem
3122 1657 3372 1713 dederat
3393 1672 3455 1713 se
3478 1655 3604 1713 Cal-

1947 1747 2204 1802 vinianis
2236 1747 2542 1803 erroribus
2572 1747 2855 1803 nuntium
2885 1747 3178 1819 proximis
3208 1746 3368 1802 feriis
3399 1749 3603 1803 Pente-

1487 1837 1843 1893 Alexandcr
1874 1860 1911 1912 Β
1947 1842 2141 1893 costes
2169 1838 2601 1905 remissurum;
2626 1837 2732 1893 sed
2753 1837 3040 1892 nimirum
3071 1835 3403 1909 aliquando
3423 1841 3605 1892 θιασε-

1944 1923 2074 1981 lum
2099 1930 2155 1981 et
2184 1925 2462 1981 animum
2488 1929 2748 1993 mutant,
2770 1924 2878 1996 qui
2922 1928 3087 1980 trans
3112 1939 3281 1979 mare
3307 1928 3557 1980 currunt
3586 1941 3598 1979 :

1948 2014 2174 2070 uiinam
2194 2030 2317 2070 non
2333 2014 2511 2070 caelos
2527 2018 2583 2070 et
2603 2013 2841 2070 animas
2866 2028 3286 2086 saepenumero
3318 2012 3599 2085 perdant.

1947 2102 2049 2158 Hic
2079 2117 2192 2173 ego
2223 2107 2427 2160 tamen
2454 2101 2649 2159 facere
2665 2117 2786 2158 non
2814 2101 3249 2175 possum,quin
3275 2101 3475 2156 mirari
3504 2118 3601 2157 me

1946 2197 2123 2249 tester
2138 2210 2209 2250 ac
2239 2193 2508 2249 miserari
2536 2193 2800 2249 hominis
2828 2193 3156 2249 caecitatem
3187 2191 3599 2248 etinconstan-

1947 2283 2113 2351 tiam,
2172 2282 2276 2356 qui
2335 2300 2475 2339 cum
2529 2282 2608 2340 ad
2630 2283 2818 2353 hujus
2840 2281 3303 2339 illustrationem
3330 2280 3446 2337 loci
3478 2286 3601 2337 tam

1946 2372 2139 2429 multa
2169 2375 2408 2429 Patrum
2436 2371 2779 2429 testimonia
2807 2371 3234 2442 congessisset,
3265 2386 3337 2426 ex
3375 2370 3600 2443 quibus

1947 2466 2180 2518 constal
2213 2461 2349 2518 illos
2376 2462 2758 2519 existimasse
2791 2461 3004 2519 Christi
3025 2460 3213 2516 verba
3241 2475 3314 2516 ex
3341 2475 3600 2530 evange-

1944 2551 2215 2608 listarum
2242 2551 2408 2607 libris
2436 2552 2802 2624 deprompta
2823 2549 3203 2624 pronuntiari
3229 2549 3449 2605 debere
3466 2566 3603 2606 cum

1950 2641 2321 2698 Eucharistia
2351 2646 2757 2709 consecratur,
2791 2640 3076 2712 Spiritum
3102 2644 3379 2696 sanctum
3437 2639 3605 2695 invo-

1949 2732 2091 2799 cari,
2127 2736 2183 2787 et
2211 2731 2361 2787 alias
2394 2746 2582 2787 sacrte
2604 2731 2878 2786 formulae
2908 2746 3089 2785 voces
3140 2728 3418 2801 proferri,
3448 2745 3603 2801 quas

1949 2820 2223 2891 Liturgite
2247 2824 2462 2878 Grmcae
2494 2821 2841 2892 Latinaeque
2893 2818 3293 2892 praescribunt
3327 2836 3339 2873 :
3396 2824 3601 2874 tamen

1946 2912 2009 2967 in
2043 2911 2335 2985 templum
2368 2928 2403 2967 a
2433 2926 2647 2967 museo
2677 2910 2996 2966 discedens
3027 2909 3087 2964 in
3120 2908 3307 2965 verba
3374 2907 3601 2965 Calvini

1942 3002 2191 3074 juraret,
2214 3001 2488 3059 ordinem
2519 2999 3055 3058 administrationis
3080 3003 3603 3055 sacramentorum

1948 3091 2027 3147 ab
2057 3107 2128 3147 eo
2160 3091 2448 3148 traditum
2469 3092 2842 3160 observaret,
2866 3089 2972 3163 qui
3001 3089 3208 3145 omnia
3228 3087 3328 3144 illa
3349 3102 3460 3159 pro
3480 3105 3604 3145 ma-

1945 3180 2091 3252 gicis
2115 3180 2629 3238 incantationibus
2657 3180 2862 3247 habet,
2894 3195 3005 3235 nec
3032 3177 3184 3235 ullas
3205 3176 3605 3249 evangelista.

1944 3286 2078 3326 rum
2126 3287 2309 3327 voces
2333 3270 2586 3344 proferri
2618 3271 2777 3341 sinit,
2804 3268 2913 3325 sed
2928 3284 3049 3324 una
3073 3285 3214 3324 cum
3242 3283 3399 3340 pane
3421 3272 3476 3323 et
3503 3284 3602 3324 ca-

1941 3360 2053 3417 lice
2107 3362 2547 3434 promissiones
2604 3359 2888 3416 ﬁdelibus
2950 3358 3172 3421 offerri,
3205 3372 3328 3413 non
3352 3356 3473 3414 ulla
3501 3357 3602 3413 dc-

1943 3452 2314 3509 murmurari
2361 3452 2548 3508 verba
2577 3455 2795 3524 praeter
2824 3450 3027 3506 vivam
3079 3448 3596 3521 praedicationem,

1942 3558 2080 3616 qua:
2133 3542 2439 3599 auditores
2487 3541 2764 3610 aedificet,
2797 3557 2908 3596 nec
2952 3538 3117 3596 aliud
3139 3537 3591 3611 prescribitlib.

1940 3649 2000 3688 1v
2034 3635 2327 3702 Institut.,
2356 3650 2409 3689 c.
2458 3634 2541 3701 t7,
2570 3648 2743 3690 num.
2774 3636 2868 3689 39.

779 3849 999 3907 Plures
1025 3849 1235 3906 Ducaei
1261 3855 1435 3907 notas
1465 3850 1791 3920 omisimus,
1824 3852 1968 3924 quia
1999 3853 2193 3908 minus
2225 3853 2575 3908 necessariae
2608 3850 2989 3906 videbantur.
