4082 6442
174 328 320 383 1445

173 449 301 505 silio
332 450 607 505 omnium
637 450 1053 518 charissimus,
1086 455 1140 507 2.
1182 449 1473 519 Fugiebat
1519 450 1821 518 Basiliam,

176 521 265 575 vel
297 524 493 592 potius
537 523 1004 583 ordinationem,
1045 524 1169 576 251.
1221 523 1332 578 Sed
1366 539 1501 577 eum
1536 524 1822 577 Dominus

171 593 617 648 ineviti‘ibilibus
651 594 854 662 gratiae
884 594 1114 649 retibus
1149 594 1415 662 illigavit,
1449 599 1570 648 251.
1599 597 1824 649 Beccns

173 665 515 719 ordinatum
542 666 787 720 Basilius
811 666 1158 720 consolatur
1184 671 1240 721 et
1260 666 1552 732 hortatur,
1570 670 1823 730 251,252.

174 735 420 790 Basilius
460 736 627 791 illum
661 737 869 791 invitat
917 737 993 791 ad
1043 737 1202 790 diem
1233 737 1452 792 festum
1497 740 1688 791 sancti
1719 739 1828 792 Eii-

173 807 427 880 psychii,
460 813 581 862 263.
617 806 843 880 Nullius
879 809 1258 880 przesentiam
1305 809 1498 875 magis
1527 808 1831 863 desiderat

176 879 554 951 Caesariensis
578 879 862 950 pepulus.
886 897 1071 950 quam
1097 879 1516 951 Amphilochii,
1543 884 1664 935 263.
1695 882 1830 934 1101·-

175 956 332 1022 tatur
380 950 690 1017 Basiliuni,
740 959 801 1005 ut
851 951 1073 1006 scribat
1116 950 1463 1022 de’Spiritu
1511 957 1738 1016 saneto,
1776 955 1828 1005 3.

177 1021 410 1101 Nullam
463 1039 531 1076 ex
577 1023 824 1103 vocibus
863 1039 1017 1103 quia
1044 1023 1116 1077 de
1153 1021 1584 1103 Deo’iisurpari
1618 1022 1828 1103 solent,

177 1093 324 1174 citra
342 1109 602 1174 tutamen
637 1092 899 1174 relinqui
924 1093 1144 1174 debere
1175 1092 1833 1174 existimabat,‘1“..Mul-

175 1170 304 1218 tum
336 1164 445 1218 fuit
474 1181 609 1219 cum
652 1163 865 1220 Basilio
905 1165 1167 1232 graviter
1211 1170 1560 1234 aegrotante,
1591 1165 1714 1219 254.
1759 1163 1831 1218 11-

175 1236 288 1289 lius
316 1236 528 1298 igneus
558 1236 863 1291 charitatis
897 1236 1109 1294 fervor.
1157 1240 1244 1292 67.
1297 1240 1519 1293 Morum
1568 1236 1832 1298 gravitas

178 1313 234 1362 et
269 1308 662 1372 taciturnitas,
706 1313 791 1380 677.
841 1309 1172 1380 Humilitas,
1229 1310 1418 1380 utqui
1449 1307 1678 1362 discere
1711 1322 1829 1361 non

177 1384 481 1446 gravetur,
535 1396 669 1433 cum
717 1379 974 1434 docendi
1020 1380 1222 1434 locum
1259 1379 1474 1440 teneat.
1508 1385 1629 1434 290.
1680 1381 1826 1433 Basi-

175 1450 320 1503 lium
366 1451 639 1516 consulit,
685 1454 807 1513 208,
839 1455 959 1518 290,
994 1455 1116 1517 321,
1151 1456 1274 1506 355.
1309 1451 1634 1505 1”1τ11‹,1ρ111ρ1·
1667 1453 1836 1503 curat

179 1520 499 1594 Ecclesiam
535 1525 1044 1594 lsaiirorum,282.
1074 1527 1215 1578 Cum
1249 1522 1664 1594 Amphilochio
1688 1520 1835 1594 mul-

178 1592 355 1665 tisde
405 1594 604 1646 causis
652 1593 937 1659 congredi
982 1594 1144 1665 cupit
1189 1592 1458 1654 Basilius,
1492 1597 1613 1646 298.
1651 1592 1838 1659 Inpri-

177 1664 292 1717 mis
327 1671 387 1717 ut
416 1680 486 1718 eo
518 1664 859 1719 consiliario
892 1664 1110 1724 utatur,
1152 1670 1274 1720 298.
1321 1668 1472 1718 More
1503 1664 1836 1735 apostolico

176 1752 272 1788 res
310 1736 620 1806 Lycaoniae
652 1735 984 1806 componit,
1028 1740 1149 1791 298.
1205 1736 1346 1792 lluie
1395 1736 1643 1790 Basilius
1678 1752 1838 1788 coin-

178 1807 428 1862 mendat
459 1807 771 1862 ecclesiam
822 1823 1016 1866 suam.
1053 1807 1216 1862 brevi
1249 1807 1604 1861 moriturum
1635 1823 1695 1860 se
1728 1823 1836 1877 pu—

178 1883 334 1938 tans.
380 1882 501 1932 298.
537 1879 866 1934 Concilium
895 1879 1068 1945 cogit.
1105 1883 1227 1934 299.
1284 1879 1533 1932 Basilius
1574 1878 1646 1933 ad
1685 1877 1835 1931 futu-

178 1965 314 2030 rum
349 1951 746 2030 se‘promittit,
781 1949 826 2003 si
856 1951 915 2030 in
942 1966 1168 2030 paucos
1191 1950 1315 2030 dies
1348 1950 1655 2030 dil‘l'eratiir

181 2023 332 2074 (Iura
380 2020 536 2074 illius
585 2022 850 2075 maxima
904 2021 1172 2077 Basilius.
1217 2024 1342 2074 351.
1403 2021 1562 2074 Mittit
1623 2020 1837 2074 Basilio

181 2107 434 2145 munera
475 2091 551 2145 ad
584 2092 786 2146 Natale
837 2093 1089 2157 Domini,
1126 2097 1248 2146 2:15;.
1309 2099 1367 2146 1n
1411 2091 1628 2146 Pisidia
1678 2099 1837 2146 tran-

179 2162 404 2234 quillus
439 2167 526 2216 est
568 2163 715 2218 dum
768 2163 1148 2234 Cappadocia
1192 2168 1478 2228 vastatur,
1514 2167 1637 2218 384.
1678 2161 1836 2216 Illius

181 2233 422 2306 Videndi
455 2250 643 2306 quam
685 2233 943 2306 cupidus
980 2234 1253 2294 Basilius,
1287 2238 1410 2289 351.

253 2305 649 2376 Amphipolis,
682 2309 767 2360 91.

253 2377 606 2446 Amygdala
638 2376 990 2444 amariores,
1026 2379 1149 2430 477.

254 2448 553 2502 Anarchia
575 2449 832 2519 populos
853 2449 1090 2515 invasit,
1115 2463 1184 2502 eo
1210 2447 1374 2520 quod
1398 2447 1656 2518 quisque
1681 2447 1837 2518 prin—

179 2519 445 2590 cipatum
480 2519 733 2585 ambiat,
769 2524 853 2573 66.

253 2599 489 2662 Ancyra
535 2591 663 2645 lites
708 2596 763 2644 et
812 2590 1146 2645 discordias
1188 2595 1432 2659 experta
1459 2589 1520 2662 in
1555 2588 1841 2643 electione

183 2662 491 2714 Athanasii
521 2663 812 2733 episcopi.
853 2667 971 2718 109.
1016 2663 1154 2715 Vide
1181 2661 1544 2716 Athanasius
1575 2666 1841 2733 Ancyra-

180 2749 318 2786 nus.
371 2733 505 2786 Visa
553 2731 642 2786 est
683 2731 905 2786 habere
961 2748 1372 2786 successorem
1428 2731 1737 2784 Athanasu
1787 2738 1842 2783 et

182 2803 457 2871 quiescit,
517 2807 631 2857 110.
687 2809 939 2873 Ancyra:
989 2803 1256 2873 synodos
1310 2802 1469 2870 cogit
1519 2804 1840 2868 Gregorius

185 2877 519 2943 Nyssenus,
550 2877 672 2927 196.
741 2876 880 2929 Vide
912 2873 1156 2928 Galatia.
1206 2880 1454 2944 Ancyrae
1500 2873 1841 2926 communi-

182 2950 283 2998 cat
319 2945 658 2999 Eustathius
689 2962 824 3000 cum
866 2945 1121 3000 Arianis.
1150 2948 1268 2998 347.
1320 2953 1638 3015 Ancyrana
1669 2944 1840 3004 ﬁdes,

256 3088 637 3142 Andronicus
666 3088 809 3148 dux,
846 3092 968 3143 201.
997 3087 1165 3142 Nullo
1197 3087 1455 3142 deterius
1486 3086 1843 3159 philosopho

181 3173 278 3212 res
307 3159 608 3214 humanas
636 3160 1139 3223 eonsideraverat,
1173 3163 1295 3214 205.

258 3248 516 3316 Angelus
560 3264 812 3302 numero
847 3265 1023 3314 unus,
1056 3263 1177 3302 non
1205 3253 1440 3316 natura,
1473 3262 1667 3318 neque
1701 3246 1841 3300 sim-

181 3319 344 3391 plex.
380 3324 462 3372 82.
511 3320 815 3390 Siquidem
848 3320 1044 3391 angeli
1077 3319 1422 3391 hypostasis
1457 3324 1546 3391 est
1587 3326 1842 3391 essci’itia

182 3389 323 3445 cum
359 3389 690 3456 sanctitate.
722 3395 808 3446 82.
843 3389 1205 3460 Angelorum
1239 3390 1572 3444 substantia
1602 3389 1844 3460 spiritus

183 3463 406 3520 aerius.
438 3471 540 3515 aut
561 3463 716 3527 ignis
740 3463 1174 3528 irnmaterialis,
1311 3465 1454 3515 llinc
1479 3462 1530 3513 iu
1560 3461 1689 3513 loco
1709 3465 1844 3514 sunt

178 3541 239 3587 et
263 3534 331 3585 iis
355 3535 456 3602 qui
477 3534 643 3600 digni
668 3543 807 3587 sunt
829 3539 1124 3603 apparent
1143 3539 1204 3586 in
1228 3533 1423 3603 specie
1453 3547 1841 3602 propriorum

184 3621 536 3674 corporum,
557 3609 643 3659 32.
672 3607 821 3658 Loco
854 3604 1310 3674 circumscripti,
1344 3607 1431 3657 40.
1458 3603 1717 3673 Angelus
1741 3604 1844 3673 qui

183 3673 482 3730 allocutus
505 3683 592 3730 est
622 3676 991 3736 Zachariam.
1025 3692 1146 3728 non
1170 3673 1380 3729 eodem
1407 3679 1714 3728 momento
1737 3673 1844 3727 im-

183 3748 390 3818 plebat
422 3748 477 3800 in
505 3747 656 3800 crelo
689 3763 861 3802 suam
898 3747 1242 3812 stationem,
1276 3751 1361 3800 46.
1402 3746 1596 3801 Sancti
1630 3752 1845 3800 suntet

184 3819 581 3873 nominantur
605 3835 673 3872 ex
696 3821 882 3880 gratia
920 3819 1189 3888 Spiritus.
1216 3822 1302 3872 31.
1331 3818 1692 3882 Angeloriim
1716 3833 1844 3887 pcr-

184 3890 462 3943 fectioest
481 3891 946 3944 sanctiticatioet
964 3887 1023 3944 in
1038 3890 1151 3943 hac
1169 3890 1639 3957 perseverantia,
1655 3893 1710 3941 31
1730 3887 1845 3941 .Α1›

184 3962 320 4031 ipsa
351 3962 624 4031 protinus
664 3962 963 4015 creatione
998 3961 1258 4031 perfecti,
1294 3965 1381 4014 33.
1416 3963 1542 4013 Non
1575 3965 1844 4031 suntna-

187 4030 321 4086 tiira
353 4030 565 4099 sancti,
590 4037 675 4086 32.
714 4030 1114 4088 Sanetiticatio
1145 4037 1231 4085 est
1256 4038 1422 4085 extra
1444 4030 1844 4084 substantiam

184 4103 565 4168 angelorum,
601 4109 686 4159 32.
735 4103 1080 4157 Siibstantia
1117 4118 1322 4157 eorum
1371 4101 1703 4172 completur
1744 4118 1848 4172 per

188 4177 472 4244 Spiritum
505 4181 802 4242 sanctum,
832 4180 921 4230 33.
955 4176 1212 4243 Angelos
1244 4190 1376 4227 esse
1403 4173 1640 4234 liberos,
1675 4189 1847 4244 teque

188 4246 269 4300 ad
315 4247 520 4301 vitium
562 4254 617 4301 et
663 4248 936 4302 virtutem
979 4247 1297 4311 vertibiles,
1347 4253 1508 4316 patet
1540 4262 1624 4316 ex
1672 4247 1846 4314 lapsu

187 4318 514 4380 malorum,
550 4323 636 4373 32.
670 4319 808 4373 lndc
841 4320 1019 4373 etiam
1053 4335 1154 4372 eos
1185 4315 1365 4386 egere
1390 4315 1612 4370 auxilio
1639 4317 1694 4372 S.
1726 4317 1847 4387 Spi-

183 4390 335 4444 ritus
363 4396 542 4458 patet.
573 4394 656 4442 32.
693 4394 818 4444 Non
862 4396 1112 4460 possent
1151 4389 1346 4442 dicere
1375 4409 1384 4442 :
1423 4389 1630 4442 Gloria
1663 4389 1722 4442 in
1751 4403 1848 4443 c.2-

185 4460 357 4513 celsz‘s
393 4463 530 4524 Deo,
558 4460 667 4512 nisi
694 4477 728 4512 a
757 4461 972 4530 Spiritu
997 4467 1205 4513 sancto
1227 4460 1488 4513 roborati
1518 4464 1733 4518 essent.
1759 4463 1824 4513 32

187 4536 250 4584 ln
276 4530 504 4590 angelis
536 4535 591 4582 et
621 4531 1001 4591 archangelis
1035 4531 1285 4584 confusa
1316 4535 1514 4583 essent
1539 4531 1764 4586 omnia.
1800 4530 1844 4582 si

186 4602 443 4668 Spiritus
492 4606 736 4653 sanctus
789 4602 865 4655 ab
916 4602 998 4654 eis
1029 4602 1382 4665 discederet,
1413 4604 1498 4653 32.
1553 4604 1673 4654 Non
1711 4617 1848 4670 pos-

183 4677 318 4725 sent
351 4671 549 4725 futura
575 4671 922 4742 przedicerc,
957 4688 1027 4724 ac
1075 4672 1290 4726 docere
1318 4687 1560 4742 arcana,
1598 4672 1712 4724 nisi
1743 4688 1845 4741 per

185 4741 473 4812 Spiritum
499 4741 798 4799 sanctum.
833 4748 917 4797 32.
957 4746 1079 4796 Non
1131 4748 1269 4795 sunt
1317 4741 1493 4808 beati.
1553 4742 1662 4813 nisi
1705 4742 1845 4813 quia

184 4817 375 4869 Deum
454 4814 674 4870 vident.
757 4819 843 4869 33.
927 4817 1051 4868 Non
1102 4814 1302 4867 vident.
1344 4822 1561 4884 autem
1613 4812 1844 4884 absque

181 4886 430 4954 Spiritu.
478 4891 565 4940 33.
618 4886 985 4956 Angeloriim
1037 4887 1157 4938 dux
1203 4883 1453 4955 Spiritus
1507 4883 1761 4937 sanctus
1793 4891 1847 4938 et

176 4958 349 5011 chori
384 4958 718 5027 praefectus,
754 4963 840 5012 33.
876 4956 1080 5012 Officia
1102 4972 1213 5009 sua
1242 4961 1519 5010 exercent
1549 4956 1608 5009 in
1640 4957 1844 5010 virtute

177 5026 460 5098 Spiritus,
498 5033 585 5085 33.
622 5029 934 5100 Sci-apium
988 5043 1103 5100 non
1145 5032 1389 5098 possent.
1430 5026 1663 5100 dicere;
1698 5034 1841 5100 ﬁan-

173 5105 332 5166 ctus,
363 5108 626 5165 sanctus,
668 5098 934 5164 san—ctus,
988 5099 1099 5153 nisi
1147 5115 1252 5152 eos
1298 5100 1538 5152 doceret
1572 5098 1840 5168 Spiritus,

171 5172 417 5242 quoties
441 5172 606 5242 pium
632 5171 703 5225 sit
725 5173 851 5226 haec
881 5171 1065 5227 verba
1097 5185 1332 5226 canere.
1369 5175 1460 5224 33.
1504 5169 1676 5232 Quod
1705 5188 1841 5224 eum

177 5249 300 5297 Deo
337 5243 644 5312 conjuncti
675 5249 814 5297 sunt.
845 5251 899 5295 et
926 5242 1004 5296 ad
1051 5242 1340 5295 malitiam
1378 5243 1518 5294 verti
1555 5257 1671 5294 non
1708 5259 1842 5312 pos-

174 5322 342 5370 sunt.
378 5322 428 5367 et
473 5317 529 5368 in
579 5315 946 5368 beatitudine
991 5319 1284 5383 perpetuo
1334 5320 1738 5382 perseverant.
1785 5312 1840 5366 id

167 5385 291 5441 illis
327 5402 360 5440 a
393 5387 610 5455 Spiritu
644 5386 891 5440 accedit.
923 5389 1008 5438 41.
1047 5387 1199 5438 Inter
1228 5383 1475 5455 angelos
1509 5384 1673 5455 nulla
1702 5384 1842 5436 libe-

170 5471 385 5511 roriiin
419 5454 474 5511 et
507 5473 822 5511 servorum
855 5456 1184 5517 distinctio,
1209 5458 1297 5508 43.
1325 5454 1526 5508 Nullus
1561 5454 1708 5507 inter
1740 5473 1841 5508 eos

172 5529 452 5594 imperat.
489 5531 709 5583 Omnes
737 5529 890 5581 servi
920 5532 1058 5580 sunt
1089 5528 1207 5591 Dei,
1228 5529 1313 5579 43.
1345 5528 1613 5596 Exceptis
1642 5526 1842 5579 descr-

171 5596 429 5661 toribus,
481 5602 568 5653 43.
629 5603 846 5653 Eorum
902 5599 1123 5653 creatio
1181 5613 1286 5651 cur
1348 5599 1757 5665 iii-intermissa
1806 5615 1840 5653 a

173 5671 355 5733 Mese,
389 5673 476 5725 31.
511 5671 950 5744 Contemplatio
980 5685 1115 5743 quin
1156 5667 1216 5723 in
1259 5669 1406 5740 ipsis
1459 5674 1547 5722 est
1588 5670 1838 5738 angelis,

1274 326 1488 382 INDEX
1526 327 1965 386 ANALYTICUS
2005 331 2073 384 IN
2108 330 2355 386 TOMUM
2396 326 2494 385 ιν.

3460 332 3600 388 1446

1935 468 2057 507 non
2112 458 2447 508 extremum
2508 451 2742 507 bonum
2793 452 3212 521 desiderabile,
3247 457 3332 509 85.
3383 457 3598 510 Crassa

1937 525 2096 598 enim
2127 541 2333 598 eorum
2365 524 2641 598 scientia.
2673 525 2718 578 si
2756 532 3138 598 comparetur
3170 542 3306 580 cum
3340 542 3431 584 ea.
3463 543 3598 598 quae

1937 603 2025 651 est
2057 595 2207 670 facie
2241 596 2314 649 ad
2352 596 2586 670 facient.
2623 600 2707 650 85.
2756 596 3019 670 Angelus
3053 598 3318 670 ecclesia:
3344 595 3599 670 inspec-

1938 672 2048 734 tor,
2081 668 2203 722 3'07.
2238 668 2500 733 Angelus
2535 673 2760 731 custos,
2795 672 2915 722 505.
2954 669 3250 723 Paciticus
3281 668 3517 738 adjiitor
3544 673 3601 723 et

1939 740 2046 793 vise
2079 755 2302 798 comes,
2343 743 2428 793 92.
2479 738 2685 803 Angeli
2737 739 2998 810 prmfceti
3049 744 3188 795 sunt
3227 739 3599 804 hominibus,

1939 826 2044 864 ceu
2078 809 2328 881 quidam
2364 810 2700 880 paedagogi,
2741 815 2863 865 125.
2916 811 3293 866 Precantium
3327 811 3384 865 in
3415 811 3600 866 eccle-

1940 883 2030 936 sia
2061 881 2240 936 verba
2266 881 2632 943 describunt,
2663 886 2786 934 525.
2822 887 3264 936 (lonservoruni
3298 883 3605 952 adjutores

1941 958 1997 1007 et
2025 952 2233 1007 ﬁdeles
2278 953 2544 1006 veritatis
2580 958 2778 1024 testes,
2812 957 2900 1006 21.
2950 953 3360 1022 Jejiinantiiini
3404 954 3603 1024 capita

1937 1031 2286 1088 recensent,
2332 1029 2458 1078 5211.
2513 1023 2786 1077 Adiuturi
2831 1031 2968 1077 sunt
3011 1024 3240 1079 Christo
3283 1023 3601 1094 judicanti,

2013 1167 2225 1220 Anima
2256 1183 2324 1219 ex
2359 1164 2752 1220 divinioribus
2798 1171 3065 1236 accepta,
3115 1169 3238 1220 421.
3290 1166 3431 1221 Hinc
3484 1169 3605 1222 Dee

1943 1237 2155 1306 subjici
2203 1237 2399 1300 debet,
2461 1237 2554 1290 cui
2606 1237 2979 1305 gravissimis
3031 1236 3319 1291 obstricta
3363 1237 3603 1303 debitis,

1941 1313 2064 1364 421.
2115 1308 2198 1362 Ad
2243 1307 2450 1362 Christi
2482 1308 2808 1368 imaginem
2843 1307 3046 1375 efﬁngi
3078 1308 3274 1376 debet,
3310 1313 3432 1364 247.
3472 1311 3608 1364 Ani-

1943 1398 2058 1435 ma:
2092 1396 2236 1433 cura
2278 1381 2454 1448 longe
2508 1380 2884 1451 praeferenda
2940 1382 3209 1450 corporis
3259 1397 3440 1444 curas,
3476 1385 3598 1436 584.

1946 1455 2060 1506 Nos
2087 1451 2291 1505 anima
2325 1467 2533 1523 sumus
2568 1457 2624 1504 et
2656 1466 2845 1520 mens,
2896 1456 3094 1504 nostra
3125 1469 3266 1505 vero
3300 1468 3520 1523 corpus
3549 1458 3605 1507 et

1945 1539 2183 1586 census,
2214 1525 2334 1576 584.
2377 1524 2439 1574 lit
2475 1522 2530 1575 in
2580 1527 2811 1576 staterm
2851 1523 3192 1588 momentis,
3236 1523 3381 1577 dum
3410 1522 3600 1578 unum

1945 1593 2320 1663 deprimitur.
2373 1593 2626 1647 alterum
2677 1593 2982 1656 attollitur,
3029 1596 3109 1648 ita
3149 1596 3205 1648 in
3255 1610 3505 1665 corpore
3551 1601 3605 1650 et

1948 1668 2172 1721 anima.
2209 1668 2332 1718 585.
2364 1666 2588 1718 Animi-i3
2621 1665 2982 1734 cupiditates
3013 1671 3306 1734 posterius
3339 1682 3604 1720 accesse-

1949 1744 2087 1790 runt
2111 1736 2194 1808 ob
2220 1753 2491 1790 amorem
2525 1738 2862 1808 carnis,720.
2891 1737 3114 1790 Anima:
3147 1738 3601 1808 expurgationis

1948 1807 2308 1887 principium
2336 1808 2631 1887 quies.7‘2.
2658 1807 2884 1887 Animae
2907 1809 3117 1887 oculus
3146 1811 3600 1887 eXpurgandus,

1946 1883 2069 1934 239.
2125 1877 2638 1932 .(niinaicarualis
2689 1878 2930 1948 spiritus
2974 1877 3428 1933 “lustrationem
3463 1882 3604 1934 reci-

1949 1967 2085 2020 pere
2138 1965 2257 2004 non
2301 1955 2514 2017 potest.
2549 1953 2671 2004 317.
2707 1950 2933 2003 Animae
2976 1950 3095 2003 vim
3124 1950 3407 2018 frangunt
3441 1967 3605 2006 acro-

1947 2026 2148 2076 amata
2193 2021 2395 2074 mollia
2434 2027 2488 2073 et
2530 2020 2857 2074 facetorum
2907 2021 3221 2075 hominum
3265 2024 3471 2082 verba.
3513 2027 3600 2078 72.

1950 2092 2225 2158 Quandiu
2268 2093 2472 2146 anima
2524 2092 2580 2145 in
2631 2095 2745 2145 Deo
2778 2091 3070 2149 ambulat.
3102 2109 3211 2147 nec
3243 2093 3468 2148 damna
3494 2110 3604 2149 nec

1951 2164 2142 2219 morbi
2177 2164 2366 2217 virum
2403 2162 2667 2234 probum
2699 2163 3020 2230 attingunt,
3049 2166 3174 2219 432.

2021 2253 2311 2308 Animalis
2362 2268 2434 2306 ne
2485 2251 2870 2306 minutissimi
2920 2252 3165 2323 quidem
3197 2258 3476 2309 naturam
3509 2271 3603 2308 ex-

1949 2325 2172 2397 plicare
2211 2340 2554 2397 possumus.
2607 2327 2692 2376 95.
2748 2322 3114 2378 Aniinalium
3160 2325 3384 2379 eaedem
3438 2342 3603 2381 aver—

1951 2396 2160 2451 santur
2188 2396 2486 2464 Magusaei,
2524 2398 2650 2450 39’i.

2023 2469 2376 2522 Animorum
2401 2467 2695 2533 imagines
2722 2470 2859 2518 sunt
2882 2480 3216 2534 sermones,
3239 2471 3326 2522 90.
3355 2467 3606 2522 Animus

1950 2539 2096 2594 vitio
2146 2538 2534 2609 turpitudinis
2569 2538 2800 2609 lippus.
2855 2542 2978 2590 251.
3029 2541 3090 2591 111
3145 2540 3350 2593 animo
3378 2547 3603 2607 nostro,

1951 2608 2256 2680 tanquam
2294 2610 2367 2680 in,
2400 2608 2642 2680 templo,
2702 2609 3115 2680 consecranda
3161 2611 3260 2664 Dei
3302 2611 3604 2679 cogitatio,

1949 2678 2293 2735 237._Animi
2323 2678 2453 2732 elati
2477 2679 2621 2732 dum
2657 2678 2951 2742 coluntur,
2977 2678 3418 2749 arrogaiitiores
3437 2681 3605 2746 ﬁunt,

2023 2821 2261 2876 Annesi.
2294 2835 2486 2890 pagus
2515 2821 2641 2874 solo
2676 2821 2822 2876 Iride
2846 2835 2880 2874 a
2907 2821 3099 2876 Basilii
3124 2824 3490 2878 monasterio
3523 2839 3608 2877 se-

1956 2900 2223 2965 paratus.
2250 2896 2337 2946 76.

2025 2971 2343 3018 Annonam
2377 2962 2663 3017 militibus
2691 2962 3081 3034 suppeditant
3109 2963 3385 3032 curiales,
3414 2970 3532 3019 177.

2026 3038 2457 3110 Anomoeoriim
2489 3035 2767 3110 impietas
2817 3051 2975 3110 nunc
3026 3035 3604 3110 cirCiimstrepit._90.

1955 3108 2258 3162 Anomieis
2307 3107 2567 3178 primum
2617 3106 2856 3178 semina
2899 3107 3220 3176 impietatis
3275 3106 3606 3178 priebuisse

1958 3179 2306 3250 Dionysium
2367 3177 2665 3250 existimat
2715 3177 3102 3250 1111511111590.
3168 3177 3438 3232 Anommi
3478 3194 3610 3250 per-

1954 3256 2134 3322 petuo
2163 3249 2456 3322 objiciunt
2485 3249 2921 3315 ignorationem
2956 3249 3070 3302 diei
3103 3256 3156 3302 et
3185 3252 3366 3312 horae,
3397 3249 3526 3305 360.

2026 3320 2506 3386 .\iitliiinus,1:)2,
2544 3323 2660 3374 183.
2689 3323 2821 3392 l’ost
2846 3325 3081 3391 pactam
3107 3337 3244 3376 cum
3278 3322 3485 3376 Basilio
3508 3337 3608 3392 pa-

1954 3409 2105 3446 cem.
2140 3395 2489 3462 episcopum
2517 3391 2803 3444 Armeniaa
2823 3398 3030 3444 contra
3051 3408 3315 3445 canones
3349 3391 3607 3458 ordinat,

1953 3469 2076 3530 212,
2118 3468 2240 3517 213.
2280 3463 2524 3516 Basilius
2555 3462 2602 3515 ei
2638 3463 2752 3516 cito
2780 3463 3074 3533 placatus.
3125 3467 3240 3516 218.
3293 3465 3609 3518 Anthimus

1960 3535 2151 3588 Basilii
2201 3535 2528 3594 unanimis,
2577 3537 2698 3588 316.
2751 3536 3032 3587 Authimo
3074 3535 3376 3589 insinuare
3431 3552 3608 3589 cona-

1956 3614 2048 3660 tur
2102 3608 2377 3660 liaeresim
2431 3605 2666 3660 Sabellii
2724 3606 3045 3676 cpisc0piis
3085 3609 3606 3671 Neoei'esarieiisis,

2026 3747 2441 3805 Antichristus,
2503 3750 2625 3800 231.
2694 3746 3030 3800 Antichristi
3091 3747 3400 3816 ingressus
3444 3747 3611 3802 initia

1955 3836 2086 3873 esse
2127 3819 2486 3872 videbantur
2520 3817 2747 3870 Basilio.
2783 3833 2918 3889 quae
2955 3824 3090 3871 tunc
3123 3818 3366 3886 ﬁebant,
3402 3822 3522 3873 108.

2027 3890 2396 3944 Antiochena
2451 3890 2706 3941 Ecclesia
2763 3905 2880 3942 non
2937 3889 3117 3942 modo
3176 3891 3254 3943 ab
3313 3890 3608 3944 hiei'etieis

1958 3964 2168 4027 scissa,
2202 3961 2308 4015 sed
2339 3960 2520 4014 etiam
2552 3960 2628 4013 ab
2663 3959 2749 4022 iis,
2785 3960 2885 4030 qui
2919 3960 3080 4015 idem
3113 3962 3262 4015 inter
3293 3979 3354 4014 se
3389 3962 3608 4015 sentire

1957 4052 2018 4087 se
2063 4033 2287 4095 dicunt,
2339 4032 2709 4101 discerpitur,
2763 4034 2874 4094 160,
2930 4035 3052 4085 391.
3100 4035 3260 4086 llanc
3293 4034 3610 4087 ecclesiam

1956 4105 2320 4160 Athanasuis
2359 4119 2460 4170 per
2493 4119 2555 4155 se
2584 4103 2708 4156 sine
2744 4101 2915 4156 ullius
2950 4103 3210 4157 hominis
3242 4104 3610 4159 admiuimilo

1957 4192 2164 4230 curare
2194 4180 2446 4247 poterat.
2494 4179 2611 4228 159.
2659 4176 2846 4240 Rogat
2891 4189 3030 4247 eum
3079 4175 3351 4247 Basilius.
3394 4183 3456 4229 ut
3498 4177 3611 4230 hoc

1956 4265 2110 4319 Opus
2141 4246 2544 4319 aggrediatur.
2585 4250 2702 4306 159,
2744 4249 2855 4319 111ολ.
2890 4246 3030 4299 Vide
3051 4246 3327 4301 Meletius.
3366 4247 3612 4301 Basilius

1956 4317 2178 4374 nullius
2209 4335 2279 4372 ex
2309 4318 2400 4379 iis,
2434 4319 2536 4388 qui
2572 4322 2705 4386 post
2745 4317 3038 4370 Meletium
3075 4334 3307 4382 venere,
3344 4334 3613 4388 commu-

1955 4391 2203 4445 nionem
2234 4389 2549 4460 amplcxus
2584 4393 2688 4442 est.
2743 4391 3017 4460 139.1530.
3069 4391 3214 4460 Non,
3244 4389 3408 4460 quod
3464 4387 3612 4442 indi-

1957 4477 2109 4525 gnos
2133 4458 2380 4529 judicet.
2410 4459 2511 4511 sed
2537 4460 2679 4529 quia
2712 4458 2852 4511 nihil
2888 4458 3069 4512 habet
3099 4458 3448 4513 iinde‘liunc
3476 4476 3613 4514 cou-

1957 4533 2216 4586 demnet.
2258 4535 2374 4598 159,
2416 4534 2534 4584 160.
2570 4529 2951 4582 Antiochense
2991 4529 3257 4583 Ecclesiae
3284 4547 3494 4601 pacem
3529 4530 3610 4584 vi-

1957 4604 2096 4656 dere
2155 4601 2319 4672 cupit
2373 4601 2639 4672 Basilius,
2685 4603 2804 4654 393.
2851 4601 3132 4654 inimicus
3183 4603 3234 4655 ei
3278 4607 3609 4660 succenset.

1956 4675 2099 4744 quia
2131 4671 2244 4726 illic
2273 4671 2799 4744 Christianicrepit
2831 4672 3176 4744 appellatio.
3213 4677 3337 4727 394.
3373 4672 3525 4727 Nihil
3551 4675 3611 4726 in

1956 4741 2101 4798 orbe
2134 4748 2424 4797 terrarum
2459 4741 2898 4813 przet‘ereni‘liim
2942 4743 3287 4813 Antiochiae,
3336 4749 3446 4811 159,
3493 4748 3610 4799 163.

1957 4817 2098 4879 Quie
2129 4815 2175 4868 si
2211 4814 2286 4869 ad
2335 4812 2723 4867 concordiam
2774 4813 2996 4876 redeat,
3033 4813 3208 4886 velut
3257 4812 3439 4886 eaput
3489 4831 3614 4869 eor-

1954 4887 2305 4940 roboratum
2336 4885 2615 4957 universo
2638 4885 3231 4957 corporisanitatem
3266 4885 3616 4957 suppedita-

1956 4960 2059 5023 bit,
2112 4962 2229 5011 160.
2288 4955 2616 5010 Antiochiae
2675 4955 2968 5010 nonnulla
3023 4955 3614 5024 gesta.1lil_._t}ravis

1959 5029 2291 5100 persecutio
2322 5027 2438 5100 sub
2485 5027 2744 5100 Valente.
2778 5031 2900 5081 232.
2949 5028 3298 5082 Antioclieni
3331 5031 3388 5083 in
3422 5045 3618 5099 perse-

1952 5102 2213 5160 catione.
2245 5099 2402 5153 velut
2436 5099 2610 5152 tristis
2664 5099 2883 5151 chorus
2939 5115 3330 5154 communem
3380 5101 3612 5154 lamen-

1955 5171 2238 5225 tationem
2287 5171 2492 5224 edunt.
2546 5173 2666 5222 232.
2704 5169 3052 5223 Antioclieui
3110 5171 3163 5223 id
3199 5177 3304 5240 est,
3341 5172 3611 5234 Eiizoius,

1957 5248 2079 5297 387.

2023 5313 2350 5368 Antiochus
2379 5315 2504 5376 (5.).
2542 5314 2640 5364 217
2710 5311 2767 5364 111
2803 5313 3004 5365 litteris
3041 5314 3298 5376 Eusebii,
3355 5312 3612 5366 salutem

1951 5401 2138 5439 manu
2171 5401 2277 5438 sua
2307 5384 2477 5436 mittit
2514 5381 2740 5442 Basilio.
2773 5387 2900 5435 2:17.
2934 5389 3080 5436 llum
3114 5391 3322 5437 natruo
3361 5385 3615 5438 Eusebio

1948 5457 2257 5510 exsulanti}
2286 5462 2578 5516 versatur,
2615 5459 2735 5508 2217.
2769 5455 2973 5508 Missus
3009 5457 3323 5508 Samosata
3359 5457 3506 5509 redit
3537 5456 3615 5508 ad

1951 5541 2254 5599 patruum.
2285 5530 2406 5580 367.
2451 5528 2697 5599 Litteras
2725 5525 2912 5579 defert
2946 5526 3158 5581 Basilii.
3197 5528 3318 5578 2117.

2020 5599 2324 5668 Antipater
2357 5597 2755 5668 tlappai'lociee
2807 5614 3050 5668 praeses,
3076 5599 3223 5668 228.
3270 5597 3489 5651 Abesse
3525 5612 3623 5650 co-

1947 5671 2104 5740 gitur
2161 5667 2409 5724 Basilius
2459 5667 2528 5722 eo
2583 5675 2933 5740 eapessente
2987 5667 3427 5736 gubernacula,
3485 5671 3614 5722 228.
