4082 6384
486 340 620 396 1463

558 463 797 522 Ciconia
825 463 1003 519 docet
1029 464 1308 534 parentes
1332 460 1562 534 fovere,
1592 462 1714 515 586.
1751 453 2005 534 ciconia
2032 468 2132 534 eo-

485 538 626 594 dem
666 527 1206 608 temporehoinues
1259 527 1586 608 aediﬁcant,
1619 535 1678 608 et
1721 527 1837 608 sub
1889 541 2012 582 uno
2057 527 2134 608 si-

487 624 609 679 gno
657 599 870 663 omn’es
927 605 1266 674 discedunt,
1317 607 1446 660 581.
1497 599 1776 658 Cernices
1813 599 1980 670 ipsas
2027 599 2134 651 sti-

532 683 658 737 ant.
683 683 804 735 581.

487 696 658 754 pani,
683 696 804 735 581.

561 751 792 806 Cilicia.
832 753 897 805 In
924 747 1125 804 Cilicia
1158 747 1326 802 multi
1352 745 1575 813 Ariani,
1610 749 1734 800 161.

563 822 773 894 Cilicio
797 836 1016 891 corpus
1045 819 1446 894 lancinatum,
1474 822 1628 894 _133._
1734 890 1742 894 _

565 884 1193 962 Cingulum-tunicam
1229 891 1313 946 ita
1345 890 1656 962 astringat,
1686 890 1749 942 ut
1776 900 1888 941 nec
1914 884 2012 940 ilia
2044 899 2140 938 ex-

494 961 755 1032 superet,
785 979 897 1020 nec
924 961 1104 1018 nimis
1130 961 1339 1017 laxum
1370 961 1464 1029 sit,
1487 963 1575 1032 74.

611 1025 1110 1109 ircumscriptum
1148 1038 1238 1088 est
1283 1048 1408 1109 non
1448 1025 1646 1109 solum
1667 1025 1975 1109 quidquid
2005 1026 2140 1082 loco

495 1107 855 1174 continetur,
887 1101 989 1160 sed
1037 1105 1220 1161 etiam
1265 1103 1566 1176 quidquid
1595 1101 1844 1158 scientia
1874 1113 2143 1170 compre-

495 1178 1082 1250 hendipotest,‘282.
1325 1247 1335 1250 _
1669 1244 1697 1250 Α,
1830 1247 1837 1250 _
2129 1239 2140 1249 ,

568 1239 744 1304 Civis.
790 1250 862 1304 Ut
900 1239 1046 1304 civis
1085 1252 1273 1304 status
1322 1247 1552 1314 integer
1593 1244 1944 1310 retineatur,
1972 1239 2145 1296 liberi

497 1320 774 1398 homines
813 1318 962 1398 nihil
985 1319 1344 1398 intentatum
1367 1317 1920 1398 relinquunt,‘238.,n
2006 1387 2017 1398 ‘
2130 1381 2141 1392 .

572 1392 808 1447 Civitas.
851 1393 914 1445 In
956 1390 1299 1447 civitatibus
1347 1383 1585 1456 magnis
1625 1390 1832 1443 noctes
1863 1383 2146 1440 illustrari

501 1463 713 1532 solitae,
750 1465 870 1518 169.
905 1461 1124 1518 Civitas
1149 1462 1212 1517 in
1244 1460 1630 1532 solitudinem
1663 1461 1914 1532 mutata,
1955 1459 2074 1532 170.

571 1529 887 1590 Cleanthes
925 1549 1148 1605 aquam
1193 1531 1474 1605 mercede
1520 1529 1842 1605 hauriebat
1867 1543 1898 1583 e
1925 1529 2142 1605 _putee,

499 1606 663 1680 unde
679 1611 737 1661 et
753 1606 885 1676 ipse
896 1598 1744 1680 yic’titabat,etmagistris_aera
1757 1598 2145 1680 solvebat,76.

569 1671 848 1732 Clemens
893 1671 1226 1744 Romanus,
1277 1679 1366 1732 61.
1412 1675 1554 1745 Ejus
1600 1671 2014 1728 testimonium
2071 1671 2146 1728 de

499 1749 805 1817 Trinitate,
831 1751 922 1803 61.

573 1814 904 1875 Clementia
942 1822 1000 1875 et
1045 1817 1516 1888 magnanimitas
1541 1814 1863 1888 quomodo
1899 1815 2149 1886 conjun-

502 1893 734 1972 gendie,
750 1895 845 1972 73.
875 1891 1026 1948 Satis
1042 1896 1130 1972 est
1149 1886 1591 1972 suppliciiviris
1606 1886 1986 1972 poteutibu‘s,
2009 1901 2148 1972 cum

499 1956 572 2018 iis
602 1956 954 2035 qublmsere
997 1956 1575 2035 metum‘i‘ncut'unt,
1606 1956 1733 2035 2404ἶ
1751 1960 1862 2035 Sic
1888 1963 1945 2013 et
1970 1958 2040 2035 in
2064 1956 2149 2012 ul-

499 2030 782 2090 ciscendo
821 2038 878 2089 et
919 2035 982 2089 in
1028 2032 1328 2089 servando
1358 2030 1924 2099 magnanimitatem
1955 2033 2150 2084 osten-

500 2105 692 2233 dpntt,
918 2103 1228 2176 Quidquid
1277 2102 1433 2158 ultra
1479 2100 1799 2172 adjiciunt,
1851 2102 2003 2158 iram
2051 2115 2148 2156 ex-

500 2191 638 2233 ben
671 2221 686 2233 .
787 2199 837 2232 o.

565 2183 686 2234 ent.
710 2178 837 2232 205.

499 2191 980 2304 plb‘iéiﬁﬁme
1020 2249 1078 2320 et
1121 2245 1422 2320 paroecise,
1455 2249 1580 2302 3'70.
1609 2244 1812 2320 Clerus
1850 2249 2150 2320 tanquam

501 2319 791 2392 caputein
837 2314 1183 2392 summitate
1229 2318 1497 2392 positum
1535 2315 1819 2392 subjectis
1857 2314 2150 2372 membris

500 2387 798 2462 providet,
831 2394 957 2462 335,
991 2389 1055 2445 In
1083 2387 1308 2445 clerum
1329 2388 1501 2462 multi
1522 2387 1742 2444 militiae
1769 2393 1932 2462 metu
1959 2402 2151 2442 seme-

501 2459 692 2533 tipsos
733 2460 1082 2533 conjiciunt,
1138 2463 1264 2516 148.
1323 2459 1559 2533 Clerum
1607 2461 2152 2533 Neocaesariensem

502 2530 780 2589 hortatur
809 2530 1083 2600 Basilius,
1106 2547 1180 2586 ne
1208 2531 1635 2603 populumuDei
1669 2531 1748 2586 ab
1768 2533 2058 2603 episcopo
2089 2530 2150 2585 in

502 2619 768 2660 errorem
793 2603 1000 2658 induci
1015 2601 1312 2675 patiatur,
1340 2606 1463 2658 310.
1493 2601 1697 2675 Clerus
1723 2601 1964 2658 mortuo
1982 2601 2150 2675 epis-

505 2690 659 2748 copo
708 2675 919 2748 scribit
949 2672 1380 2748 adepiscopos
1413 2673 1758 2748 provinciae,
1809 2677 1953 2748 141.
1980 2672 2149 2748 Cleri-

504 2744 716 2827 cerum
762 2746 861 2802 alii
891 2745 974 2827 in‘
995 2744 1208 2816 gradu,
1243 2744 1365 2827 525:
1409 2744 1519 2799 Alii
1553 2751 1912 2827 permanent
1942 2747 2003 2827 in
2035 2745 2152 2827 ‘mi-

503 2817 769 2890 nisterio,
806 2816 978 2890 quod
1004 2833 1320 2890 manuum
1351 2816 1742 2890 impositione
1785 2833 1908 2872 non
1947 2817 2147 2890 datur,

504 2893 648 2970 32.5..
670 2888 878 2970 Clerici
921 2889 1209 2970 episeopo
1242 2888 1679 2970 ministrantes,
1728 2893 1847 2970 11.0.
1882 2891 1946 2970 1n
1974 2888 2150 2970 pagis

504 2960 761 3032 ministri
807 2958 978 3032 omni
1018 2958 1334 3032 diligentia
1370 2958 1936 3032 probarisolebant
1961 2958 1992 3029 ,"
2029 2962 2144 3032 148.

506 3031 849 3104 Presbyteri
892 3037 949 3086 et
995 3029 1391 3104 diaconiieos—
1449 3030 1912 3104 examinabant,
1954 3034 2035 3104 Aet
2069 3029 2151 3086 ad

505 3101 1041 3175 chorespiscopum
1065 3102 1420 3170 referebant,
1443 3101 1552 3175 qui
1569 3101 1820 3175 testibus
1853 3102 2073 3158 auditis
2095 3107 2152 3158 et

508 3173 815 3231 admonito
870 3173 1158 3246 episcopo
1226 3190 1328 3229 eos
1373 3173 1721 3246 recipiebat,
1772 3177 1890 3246 148,
1942 3175 2149 3246 Coepe-

507 3250 649 3302 runt
698 3244 1113 3318 chorepiscopi
1145 3249 1334 3318 totam
1362 3244 1989 3318 rem’sibiattribuere,
2016 3244 2153 3318 pos-

507 3322 605 3399 tea
659 3317 1024 3399 presbyteris
1054 3317 1476 3399 :reliquerunnt,
1512 3319 1631 3399 148.
1683 3317 1954 3399 Basilius.
1990 3318 2152 3399 hunc

506 3387 770 3470 abusum
809 3387 1072 3470 abrogat
1096 3433 1110 3457 ,
1147 3387 1370 3470 laicum
1413 3387 1539 3470 fere
1575 3387 1866 3470 declarat,
1909 3389 1958 3444 si
2009 3391 2151 3470 quis

509 3461 639 3516 sine
669 3477 778 3516 suo
802 3460 1033 3530 judicio
1056 3460 1400 3531 recipiatur,
1430 3459 1934 3531 149.1nterlaicos
1961 3459 2154 3530 rejicit

507 3547 614 3587 eos
649 3532 753 3604 qui
803 3548 838 3586 a
879 3530 1248 3604 presbyteris
1285 3534 1425 3601 post
1469 3530 1730 3604 primam
1762 3531 2152 3604 indictionem

506 3601 730 3675 recepti
766 3601 1101 3675 eorumque
1128 3602 1340 3675 denuo
1361 3601 1772 3675 examenﬁeri
1796 3603 1989 3674 jubet,
2027 3607 2146 3660 149.

509 3672 909 3731 Μ101ὲ110111111
942 3672 1287 3746 catalogum
1327 3673 1387 3728 in
1438 3672 1705 3746 singulis
1741 3672 1914 3746 pagis
1963 3675 2040 3729 ad
2087 3690 2150 3730 se

508 3746 662 3802 mitti
677 3746 852 3815 jubet
877 3745 1148 3820 Basilius,
1175 3748 1297 3820 149.
1330 3749 1410 3800 Ac
1436 3744 1606 3820 ipsos
1637 3744 1816 3802 etiam
1841 3746 2150 3820 chorepis-

507 3833 694 3890 copos
725 3816 1009 3890 eumdem
1051 3816 1392 3890 catalogum
1435 3815 1682 3890 habere,
1729 3833 1805 3872 ne
1853 3819 1990 3889 quis
2028 3815 2150 3874 sei-

505 3887 712 3960 psiim,
741 3905 880 3944 cum
911 3887 1162 3961 voluerit
1186 3888 1498 3961 inscribat,
1524 3889 1642 3944 149.
1679 3887 2012 3961 Antequam
2044 3893 2152 3946 mi-

489 3958 679 4042 11ἰεῖ111
735 3961 856 4041 sive
917 3958 1285 4042 .subdiaconi
1336 3962 1766 4042 reciperentur
1816 3958 1874 4016 in
1935 3963 2148 4042 pagis,

511 4030 723 4086 sedulo
761 4030 1199 4103 inquirebatur,
1215 4047 1303 4103 an
1326 4030 1700 4102 juventutem
1731 4048 1905 4088 suam
1932 4030 2153 4089 ita’fre4

505 4107 743 4184 parent,
774 4102 1333 4184 utsanctimoniam
1391 4119 1664 4158 exercere
1696 4110 1968 4184 possent,
2009 4106 2141 4161 148.

508 4173 760 4228 Basilius
787 4189 1082 4229 canonem
1124 4173 1421 4229 Nicenum
1467 4173 1850 4232 exsequitur:
1887 4181 2046 4231 vetat
2076 4192 2151 4232 ne

510 4261 650 4299 cum
680 4245 816 4319 viris
846 4245 1118 4319 habitent
1139 4245 1442 4319 mulieres,
1469 4245 1988 4319 149.Presbytero
2017 4263 2150 4319 sep-

508 4318 860 4385 tuagenario
895 4317 1097 4384 edicit,
1129 4321 1194 4371 ut
1223 4317 1536 4372 mulierem
1568 4317 1762 4387 ejiciat
1792 4334 1863 4373 ex
1895 4317 2148 4387 aedibus,

508 4404 682 4460 secus
713 4388 1148 4460 depositionem
1178 4389 1465 4460 minatur,
1483 4394 1662 4459 atque
1687 4390 1882 4460 ipsam
1913 4407 2153 4446 excom-

509 4459 999 4522 municationem,
1048 4460 1097 4512 si
1137 4459 1282 4514 citra
1324 4459 1806 4515 emendationem
1871 4463 2150 4517 sacerdo-

507 4534 656 4586 tium
703 4531 814 4586 sibi
844 4532 1132 4590 vindicet,
1165 4531 1288 4598 149,
1324 4532 1444 4585 150.
1488 4532 1734 4586 Etiamsi
1779 4533 1925 4587 nihil
1955 4534 2154 4589 libidi-

506 4618 654 4657 nose
684 4601 808 4667 ﬁat,
839 4601 1270 4674 offendiculum
1301 4601 1463 4674 fratri
1493 4603 1846 4674 ponendum
1886 4621 2008 4660 non
2038 4610 2151 4674 est,

509 4675 631 4748 149.
672 4676 869 4748 _'l‘_anto
916 4673 1110 4743 magis
1139 4673 1301 4748 huic
1337 4673 1453 4743 legi
1498 4673 1868 4748 parendum,
1919 4673 2149 4748 quanto

506 4744 645 4817 quis
671 4743 917 4800 liberior
945 4751 1037 4799 est
1063 4761 1108 4817 ea
1137 4744 1406 4813 libidine,
1441 4743 1558 4800 149.
1593 4746 1796 4801 Clerici
1828 4743 2151 4802 Caesarien-

506 4816 600 4870 ses
648 4821 926 4870 exercent
973 4816 1346 4872 sedentarias
1395 4821 1571 4887 artes,
1624 4821 1748 4872 290.
1803 4821 1927 4873 Non
1980 4819 2151 4876 facile

503 4887 723 4959 reperit
774 4887 1196 4959 Basilius,rqui
1252 4903 1394 4943 suas
1438 4888 1667 4943 litteras
1705 4889 1983 4959 perferat,
2021 4896 2148 4947 290.

507 4958 826 5030 Presbyter
855 4959 913 5013 in
944 4958 1205 5014 Ecclesia
1235 4959 1584 5014 Caesariensi
1615 4958 1820 5016 labore
1852 4978 2147 5017 manuum

501 5031 732 5088 vivens.
764 5032 881 5084 174.
912 5031 1215 5102 Glycerius
1245 5031 1322 5084 ad
1356 5047 1647 5087 manuum
1680 5048 1866 5102 opera
1903 5032 2146 5102 habilis,

502 5102 818 5156 ordinatur
844 5118 878 5156 a
903 5102 1112 5157 Basilio
1151 5103 1468 5169 diaconus,
1500 5109 1565 5158 ut
1591 5111 1944 5173 presbytero
1975 5107 2149 5160 mini-

501 5177 644 5228 stret
671 5179 727 5228 et
755 5189 908 5245 opus
935 5173 1194 5228 ecclesiae
1224 5179 1408 5242 curet,
1440 5179 1562 5228 258.
1595 5175 1834 5229 Clericis
1855 5193 2150 5232 concessa

499 5244 851 5300 immunitas
873 5244 1465 5316 peccatoresimultos
1495 5246 1877 5316 imperatoris
1905 5248 2145 5303 familiae

496 5316 798 5385 conciliat,
857 5332 927 5371 ac
977 5318 1126 5387 ipsis
1167 5315 1347 5371 rebus
1393 5315 1650 5387 publicis
1697 5319 1960 5387 prodest,
2021 5323 2142 5376 199.

494 5387 754 5442 Clericos
809 5392 981 5442 vetus
1020 5403 1237 5460 census
1283 5388 1586 5443 immunes
1633 5387 1976 5460 reliquerat,
2018 5393 2138 5446 198.

492 5460 851 5527 Censitores,
881 5464 948 5513 ut
976 5459 1142 5513 nullo
1169 5464 1416 5530 accepto
1457 5460 1744 5515 mandato
1762 5459 1806 5516 7a
1839 5463 2139 5530 praefecto,

490 5545 592 5585 eos
639 5546 1013 5593 recensucre,
1048 5532 1150 5602 199
1203 5531 1347 5585 Petit
1394 5530 1636 5584 Basilius
1682 5547 1714 5585 a
1756 5532 2034 5602 praefecto
2075 5539 2140 5588 ut

488 5602 740 5672 antiqua
786 5601 1165 5657 consuetudo
1215 5606 1510 5668 servetur,
1545 5601 1665 5656 199.
1715 5601 1806 5658 Sic
1839 5610 2042 5658 tamen
2075 5609 2140 5661 ut

485 5671 759 5728 remissio
798 5674 860 5726 in
900 5689 1190 5744 personas
1222 5673 1577 5728 clericorum
1618 5689 1740 5730 non
1773 5674 2135 5746 conferatur,

1599 333 1811 392 INDEX
1846 326 2278 385 ANALYTICUS
2318 329 2384 383 ΙΝ
2426 328 2674 388 TOMUM
2709 330 2779 385 1V

3787 323 3917 377 1464

2245 451 2351 526 sed
2394 453 2626 526 judicio
2656 451 2945 526 episcopi
2998 449 3422 526 dispensanda
3471 447 3916 526 committatur,

2248 523 2367 578 199.
2397 520 2609 580 Clerici
2638 520 3054 591 Cae'sarienses,
3089 520 3144 578 et
3169 522 3278 594 qui
3313 520 3603 594 Sebastiae
3638 533 3920 573 commu-

2246 594 2528 650 nicabant
2559 613 2700 652 cum
2733 595 2948 652 Basilio
2976 591 3342 651 addicuntur
3367 591 3574 659 curiae,
3614 594 3750 646 365.

2317 667 2556 720 Clinias.
2579 672 2704 720 549.

2385 667 2556 735 inias,
2579 672 2704 724 549.

2317 737 2546 794 Caelum
2575 737 2905 794 divinitatis
2956 736 3154 793 velum
3192 735 3464 792 extendit
3507 736 3676 789 Deus
3709 748 3793 789 ne
3824 747 3924 804 pe-

2246 824 2512 877 reamus,
2545 814 2667 865 555.
2699 809 3003 865 Ccelorum
3038 822 3296 876 regnum
3335 805 3488 862 nihil
3517 805 3697 861 aliud
3728 819 3922 877 quam

2249 895 2624 960 eorumquae
2659 879 3278 960 sunt'contemplatie,
3308 883 3400 935 89.

2318 948 2685 1019 Cogitatione
2723 951 2921 1022 prima
2949 948 3335 1012 cohibendus,
3353 949 3430 1022 ad
3458 948 3706 1022 malum
3731 949 3925 1022 impe-

2250 1027 2371 1089 tus,
2404 1028 2526 1078 503.
2569 1019 2858 1090 Cogitatio
2911 1023 3010 1077 Dei
3051 1037 3290 1092 semper
3328 1019 3537 1092 animo
3587 1020 3924 1092 observari

2249 1093 2446 1163 debet,
2479 1098 2602 1150 523.
2636 1098 2818 1149 Nemo
2857 1093 3088 1150 malum
3136 1091 3424 1162 cogitabit
3463 1095 3572 1163 aut
3619 1091 3927 1162 perﬁciet,

2252 1166 2301 1221 si
2340 1161 2526 1220 Deum
2554 1165 2778 1237 ubique
2801 1169 3158 1237 praesentem
3188 1161 3402 1237 adesse
3433 1161 3676 1232 credat,
3713 1165 3854 1237 524.

2324 1238 2596 1305 Cognitio
2626 1234 2831 1292 m'ulti's
2875 1235 3072 1292 modis
3117 1235 3484 1304 intelligitur,
3526 1238 3660 1289 357.
3701 1234 3932 1302 Cogni-

2252 1307 2334 1364 tio
2380 1307 2729 1375 multiplicis
2775 1307 3031 1376 generis,
3064 1311 3188 1374 359,
3217 1308 3342 1362 360.
3377 1307 3779 1374 Cognoscere
3802 1375 3807 1376 ί
3831 1305 3936 1376 sei-

2253 1379 2748 1503 gsumuifticile,
2788 1375 2929 1433 576.
2982 1379 3263 1459 .Cognitlo
3317 1377 3518 1458 emnis
3573 1375 3934 1454 materialis

2296 1451 2461 1503 hristi
2495 1466 2747 1503 regnum
2774 1466 2906 1503 esse
2934 1449 3152 1503 dmitur
3185 1467 3196 1503 :
3243 1451 3342 1503 Dei
3375 1453 3576 1503 autem
3610 1452 3676 1502 et
3709 1449 3934 1503 Patris.

2296 1451 2461 1506 hristi
2495 1466 2747 1520 regnum
2774 1466 2906 1504 esse
2934 1449 3152 1504 dicitur
3185 1467 3196 1504 :
3243 1449 3342 1504 Dei
3375 1453 3576 1520 autem
3610 1452 3676 1520 et
3709 1448 3936 1520 Patris,

2254 1522 2517 1592 cognitio
2557 1518 2971 1576 immaterialis
2998 1525 3054 1575 et
3083 1518 3940 1592 contemplatiodivinitatis,

2255 1588 2358 1649 85f
2376 1594 2745 1664 Cognitionis
2777 1591 3094 1648 intervalla
3140 1608 3177 1647 a
3226 1588 3350 1647 sole
3398 1589 3792 1660 intelligibili
3827 1588 3949 1645 fac-

2254 1669 2338 1732 ta,
2371 1668 2459 1720 86.

2327 1734 2705 1807 Colloquium
2744 1750 2885 1790 cum
2915 1733 3220 1790 unanimis
3251 1733 3536 1790 solatium
3568 1736 3673 1788 est
3730 1734 3951 1788 omnis

2257 1807 2549 1874 maeroris,
2580 1809 2704 1862 266.

2329 1877 2577 1949 Colonia
2620 1877 2680 1932 in
2711 1877 2996 1949 Armenia
3026 1892 3062 1932 a
3087 1877 3200 1931 viis
3225 1875 3486 1949 publicis
3521 1875 3787 1949 dissita,
3825 1878 3955 1949 286,

2256 1952 2349 2006 351
2369 1948 2759 2006 .Coloniensis
2783 1947 3042 2004 Ecclesia
3064 1947 3274 2004 maeret
3294 1947 3566 2003 discessu
3595 1947 3955 2018 Euphronii

2259 2020 2528 2093 episcopi
2558 2020 2672 2093 sui,
2709 2019 3268 2093 350,_351_._Quidam
3293 2019 3604 2075 minantur
3638 2017 3718 2093 se
3747 2017 3954 2074 abitu-

2257 2090 2358 2148 ros
2391 2090 2737 2162 ad‘publica
2760 2090 3071 2159 subsellia,
3093 2095 3217 2146 351.
3264 2092 3326 2145 Et
3355 2105 3449 2146 res
3475 2090 3952 2162 commissuros

2258 2160 2514 2220 inimicis
2546 2161 2839 2230 Ecclesiae,
2867 2166 2992 2218 351.
3020 2162 3397 2233 Magistratus
3420 2160 3849 2233 Colonienses
3871 2161 3954 2233 Ade

2257 2234 2440 2290 rebus
2482 2233 2898 2290 ecclesiasticis
2941 2236 3005 2288 ut
3053 2231 3141 2288 de'
3176 2233 3424 2305 proprio
3468 2232 3732 2302 negotio
3787 2231 3952 2288 solli-

2259 2306 2382 2374 citi,
2414 2308 2537 2361 351.

2332 2373 2579 2433 Colonia
2625 2376 2795 2431 locus
2843 2373 2946 2430 ubi
2995 2375 3360 2431 constitutus
3405 2390 3549 2428 cum
3604 2375 3949 2430 Eustathio

2258 2463 2662 2517 congressus,
2712 2450 2837 2501 218.
2882 2445 3070 2516 Hujus
3117 2445 3232 2501 loci
3282 2445 3572 2517 dominus
3627 2447 3945 2513 Basilius,

2259 2516 2504 2576 377.1bi
2552 2523 2885 2573 conventus
2932 2517 3362 2588 episcoporum
3409 2516 3796 2588 designatus
3826 2564 3842 2584 ,
3887 2523 3948 2572 ut

2256 2607 2372 2664 pa;
2399 2606 2540 2664 eum
2568 2589 2874 2664 Eustathio
2902 2588 3246 2664 fieret,_3‘7_7.

2328 2661 2570 2718 Colores
2637 2659 2871 2716 caerulei
2925 2676 2996 2716 ac
3051 2658 3273 2715 virides
3331 2663 3611 2715 recreant
3671 2661 3942 2728 oculos,

2261 2737 2381 2789 113.

2327 2802 2632 2887 Columbae
2662 2806 3080 2887 quanamarte
3107 2803 3452 2873 capiuntur,
3477 2804 3570 2856 92.

2326 2875 2634 2930 Comanici
2663 2875 2834 2941 fines,
2869 2877 2994 2930 309.

2327 2948 2542 3002 Comes
2573 2945 2848 3013 Ponticae,
2889 2947 3013 3000 426.
3039 2945 3346 2999 Consentit
3374 2943 3632 2998 Basilius
3662 2949 3735 3000 ut
3765 2948 3941 3000 Com-

2256 3017 2676 3087 mentariensis
2707 3016 2784 3071 ad
2815 3032 2953 3071 eum
2983 3015 3202 3071 referat
3229 3015 3304 3069 de
3343 3015 3622 3087 quodam
3659 3020 3938 3086 negotio.

2254 3092 2377 3144 426.
2415 3085 2625 3144 Comes
2652 3089 2735 3143 rei
2766 3086 3032 3159 privatae,
3063 3090 3188 3142 440.
3222 3085 3436 3142 Comes
3465 3085 3940 3154 thesaurorum,

2328 3227 2778 3286 Commendans
2823 3227 3088 3285 amicum
3144 3229 3395 3284 Basilius
3426 3229 3730 3300 postulat,
3770 3236 3865 3296 ut,
3900 3232 3940 3284 si

2256 3301 2405 3374 nihil
2451 3301 3064 3374 peccavitchritatis
3103 3299 3399 3374 beneﬁcio
3429 3299 3656 3355 salvus
3706 3303 3788 3356 sit
3824 3320 3837 3356 :
3896 3305 3938 3354 si

2256 3373 2404 3445 quid
2439 3371 2729 3441 peccavit,
2758 3371 2820 3427 id
2861 3387 2968 3427 sua
3005 3371 3404 3444 supplicantis
3437 3388 3630 3428 causa
3665 3376 3941 3429 remitta-

2256 3448 2532 3512 tur,203.

2327 3513 2924 3581 Commentariensis,
2957 3517 3082 3570 425.
3127 3513 3446 3569 Contendit
3475 3513 3693 3569 furum
3741 3516 3809 3569 in
3842 3532 3936 3571 ec-

2258 3586 2440 3643 clesia
2477 3586 3059 3659 comprehensorum
3101 3586 3508 3657 receptionem
3552 3587 3632 3640 ad
3682 3603 3750 3641 se
3797 3603 3936 3659 per-

2259 3659 2465 3724 tinere,
2501 3656 2833 3726 Negat
2875 3656 3146 3725 Basilius,
3179 3656 3305 3712 425.

2327 3728 2764 3786 Communibus
2807 3729 2988 3783 rebus
3019 3727 3376 3785 cadentibus
3399 3771 3412 3798 ,
3447 3727 3712 3800 privatae
3748 3730 3936 3785 simul

2255 3805 2530 3874 pereunt,
2561 3805 2686 3856 227.

2329 3889 2712 3946 Communio.
2771 3889 2931 3945 Vide.
2983 3888 3380 3944 Eucharistia.
3422 3890 3808 3946 Communio
3845 3909 3940 3948 ne-

2329 3909 2712 3946 UOIDIDUHIO.
2781 3909 2931 3945 γιαε.
2984 3909 3380 3944 nucnarlsua.
3422 3909 3808 3946 Commumo
3888 3909 3934 3948 Θ-

2256 3962 2451 4018 rutilis
2474 3963 2535 4016 in
2565 3959 2866 4033 precibus,
2893 3964 3018 4016 240.
3043 3961 3303 4033 Quidam
3328 3959 3440 4015 sibi
3465 3960 3761 4017 videntur
3788 3909 3934 4020 allio-

2256 4050 2392 4089 rum
2424 4031 2853 4088 communione
2881 4047 3003 4087 non
3044 4031 3334 4096 indigere,
3369 4036 3492 4086 301.
3540 4033 3936 4091 Absciudunt

2262 4122 2326 4160 se
2353 4105 2431 4161 ab
2450 4104 2594 4160 orbe
2619 4109 2936 4165 terrarum,
2957 4119 3065 4158 nec
3085 4077 3795 4174 cosapudetsolitudinis,
3828 4112 3921 4162 301

2259 4180 2449 4232 Prava
2466 4175 2957 4247 opinio,aliorum
2981 4175 3411 4247 communione
3435 4174 3550 4247 sibi
3573 4175 3774 4231 videri
3807 4174 3933 4233 non

2259 4244 2550 4315 indigere,
2579 4249 2678 4301 158
2717 4247 2993 4311 Queritur
3018 4245 3267 4300 Basilius
3289 4244 3452 4318 quod
3476 4249 3839 4316 persecutio
3857 4250 3932 4304 ad

2259 4319 2608 4374 charitatem
2632 4333 2754 4372 non
2784 4317 3641 4388 commoveat,393.Lapsibus
3674 4321 3930 4376 insulta-

2259 4395 2372 4457 tur,
2393 4394 2518 4445 393.
2542 4389 2649 4453 Qui
2673 4389 2830 4443 idem
2853 4390 3003 4460 inter
3023 4405 3083 4443 se
3109 4389 3371 4443 sentiunt
3393 4395 3683 4460 acceptas
3709 4391 3928 4446 0111100-

2257 4461 2436 4516 riticis
2493 4460 2742 4530 injurias
2798 4459 3136 4520 intendunt.
3179 4465 3301 4515 395.
3352 4459 3576 4515 Omnes
3624 4464 3925 4518 omnibus

2261 4534 2756 4612 suspecti.“392.”
2795 4531 3067 4612 Plerique
3125 4532 3463 4612 inceptorcs
3516 4547 3654 4586 esse
3698 4535 3924 4612 uolunt

2258 4602 2435 4658 amici
2478 4603 2761 4674 colloquii
2791 4603 2865 4656 ad
2908 4602 3336 4674 restituendam
3387 4606 3916 4662 communionem.

2259 4679 2382 4729 284.
2422 4673 2780 4728 Communio
2830 4673 3092 4744 duplex,
3147 4690 3350 4729 coram
3394 4681 3451 4728 et
3506 4689 3616 4744 per
3662 4675 3910 4734 litteras.

2259 4751 2383 4801 2'21.
2412 4745 2752 4800 Theodotus
2785 4745 3067 4800 Basilium
3092 4761 3201 4799 nec
3229 4745 3306 4800 ad
3339 4745 3676 4802 matutinas
3706 4764 3824 4803 nec
3847 4747 3909 4802 ad

2257 4817 2632 4891 vespertinas
2677 4833 2883 4891 preces
2915 4817 3186 4884 assumit,
3220 4821 3342 4891 193.
3380 4818 3606 4891 Litterae
3630 4860 3646 4884 ,
3687 4820 3751 4874 in
3798 4820 3899 4891 qui-

2257 4887 2384 4943 bus
2414 4889 2648 4969 aliquis
2685 4887 3419 4969 episcopus“appellatur,
3452 4887 3709 4969 signum
3766 4887 3900 4969 cem-

2258 4959 2586 5026 muniouis,
2619 4961 2742 5015 378.
2781 4963 2892 5014 Nec
2919 4959 3180 5031 scribere
3206 4975 3314 5014 nec
3343 4961 3574 5015 mittere
3595 4963 3911 5031 (1111011110-

2255 5036 2345 5085 tos
2375 5033 2779 5098 consolentur,
2822 5031 3058 5094 signum
3094 5029 3407 5085 subtractae
3435 5029 3917 5096 communionis,

2255 5104 2379 5157 300.
2413 5102 2869 5156 Communionis
2903 5102 3074 5160 signa
3104 5102 3390 5156 brevibus
3426 5103 3583 5156 notis
3625 5105 3713 5158 ab
3751 5108 3918 5160 orbis

2257 5174 2542 5228 terminos
2591 5173 3207 5241 circumferebantur,
3261 5174 3385 5227 1’01.
3447 5177 3920 5231 Communionis

2254 5247 2515 5313 signum,
2548 5244 2595 5298 si
2627 5247 2762 5316 quis
2793 5243 3015 5298 scribat
3047 5244 3374 5298 eanonicas
3405 5245 3655 5306 litteras.
3691 5251 3824 5301 343.
3872 5250 3924 5304 Si

2253 5318 2445 5371 mittat
2498 5317 2760 5386 clericos,
2799 5322 2901 5371 aut
2951 5317 3027 5370 ab
3078 5316 3194 5370 alio
3241 5317 3463 5370 missos
3508 5317 3804 5374 admittat
3848 5320 3924 5374 ad

2248 5404 2474 5458 preces,
2509 5392 2628 5443 543.
2665 5388 3122 5444 Communionis
3170 5388 3376 5441 litteras
3408 5387 3624 5442 breves
3665 5396 3921 5446 tessera:

2249 5465 2305 5512 et
2343 5460 2524 5514 veluti
2573 5460 2884 5530 quoddam
2928 5459 3388 5518 γ11111011111,281.
3424 5459 3573 5514 Olim
3623 5460 3709 5514 ab
3750 5463 3927 5516 orbis

2249 5534 2503 5586 termino
2538 5531 2612 5585 ad
2653 5531 2971 5586 terminum
3007 5531 3422 5587 mittebantur.
3456 5538 3509 5584 et
3545 5531 3781 5601 ubique.
3814 5534 3928 5589 fra-

2248 5607 2361 5656 tres
2394 5619 2461 5656 ac
2492 5606 2692 5674 patres
2722 5601 3137 5674 inveniebant,
3171 5605 3300 5674 284.
3344 5602 3621 5674 Queritur
3660 5606 3925 5660 Basilius

2243 5675 2409 5744 quod
2435 5673 2658 5730 idcum
2683 5673 2812 5729 aliis
2833 5673 3132 5745 praedatus
3161 5673 3442 5728 sitbostis
3476 5675 3919 5747 Ecclesiarum,
