4082 6390
541 350 676 409 1467

610 473 1000 532 Οοηῑίηθιιιὶω
1029 476 1263 544 votum,
1300 477 1420 531 134.

609 546 1167 603 Controversiarum
1217 543 1454 617 judices
1520 545 1842 619 Scriptura:
1900 548 1958 602 et
2013 543 2195 600 tradi-

537 618 642 684 tio,
670 621 758 673 66.

609 692 950 762 Conventus
981 688 1339 762 spirituales,
1368 692 1490 746 128.
1533 688 1760 746 Utilitas
1803 705 1940 762 qua;
1984 704 2056 744 ex
2080 686 2195 744 illis

536 760 887 834 percipitur,
919 760 1040 834 128'.
1189 831 1204 834 _
1523 831 1538 834 _
1751 830 1767 834 Α
1823 760 1874 834 ί
1939 771 1947 778 '

611 830 962 888 Convicium
985 833 1141 887 intra
1171 831 1380 904 dentes
1401 831 1712 904 prolatum
1742 830 1877 904 ferri
1932 847 2075 904 non,
2094 831 2189 886 de-

535 901 659 971 bet,
687 906 810 958 305.
865 904 956 959 Sic
1013 903 1338 959 conviciari
1391 901 1564 959 facile
1622 909 1710 959 est
1755 903 1850 958 vel
1901 903 2196 958 ancillaee

535 973 812 1046 pistrino,
845 978 968 1030 305.
1013 977 1289 1031 Fraterna
1309 974 1646 1030 admonitio
1677 975 2049 1044 adhibenda,
2072 990 2198 1030 non

536 1045 897 1110 convicium,
931 1049 1056 1101 305.
1183 1051 1193 1059 '

607 1115 927 1172 Convictus
949 1133 1087 1172 cum
1109 1116 1458 1172 hominibus
1481 1120 1669 1173 Deum
1689 1117 2061 1186 timentibus,
2087 1116 2198 1173 bo-

533 1203 684 1243 num
707 1193 797 1242 est
825 1188 1109 1243 viaticum
1143 1188 1219 1243 ad
1249 1189 1510 1243 futuram
1544 1190 1750 1257 vitam,
1784 1191 1907 1244 384.

608 1259 895 1315 Convivia
914 1259 1181 1332 publica,
1216 1263 1338 1315 314.
1373 1261 1792 1316 Conviviorum
1823 1259 2198 1332 ordo,appa-

534 1335 710 1403 ratus
758 1332 1215 1403 et_certamina,
1249 1335 1370 1386 560.
1419 1332 1706 1388 Convivio
1761 1331 2014 1403 spiritali
2057 1345 2197 1403 cum

535 1401 714 1474 amici
744 1407 801 1457 et
824 1401 1036 1458 fratres
1065 1403 1464 1474 excipiuntur,
1486 1401 1810 1474 pulsandte
1831 1403 1987 1457 fores
2012 1402 2201 1474 scien-

533 1472 629 1600 tiae
658 1477 743 1597 eg”
761 1474 1118 1530 excitandus
1164 1472 1596 1547 paterfamilias
1643 1475 1746 1546 qui
1790 1489 1978 1546 panes
2024 1473 2176 1542 largi

559 1560 650 1600 ur.
716 1565 765 1598 5.

559 1560 650 1604 ur.
681 1549 765 1598 85.

606 1614 812 1688 cordis
871 1615 1234 1688 praeparatio
1291 1615 1352 1670 in
1404 1631 1529 1688 quo
1579 1617 1794 1688 posita,
1849 1621 1934 1672 72.
1989 1614 2196 1672 Cordis

533 1686 911 1759 profundum
936 1703 971 1741 a
1004 1686 1244 1742 nemine
1267 1686 1795 1759 comprehensum.
1833 1692 1954 1745 107.

609 1758 887 1882 (Illorniugg
919 1759 1146 1830 stipant
1178 1757 1463 1814 ciconias.
1499 1763 1620 1814 581.
1672 1759 1903 1835 Cornici
1941 1773 2113 1814 amor
2136 1757 2198 1813 in

609 1845 618 1882 ι
667 1844 757 1882 os.
785 1851 814 1882 ο
894 1871 908 1882 .

581 1833 757 1890 ullos,
785 1833 908 1886 586.
1673 1833 1675 1835 ’

531 1842 1182 2026 ῗυὲἕὲέὲίέδῖηυεῑτὶοτ
1209 1899 1582 1974 imponenda
1616 1901 1820 1974 amplo
1841 1900 2198 1957 fundamen-

558 1985 616 2026 o.
764 2011 777 2025 .

558 1985 616 2039 o,
651 1985 777 2026 266.

605 2041 881 2168 Cort'ngi;
905 2046 1193 2099 venustas
1223 2047 1326 2100 aut
1352 2043 1570 2101 morbo
1603 2049 1710 2100 aut
1745 2049 2016 2117 tempore
2045 2043 2194 2100 ﬂac-

607 2129 687 2168 351
719 2153 730 2168 .
878 2155 891 2166 .

537 2120 730 2176 cessit,
765 2120 891 2168 422.

609 2183 972 2269 Corruptela:
999 2186 1267 2269 suspicio
1299 2186 1448 2269 forte
1478 2203 1614 2269 esse
1645 2189 1868 2269 posset
1900 2185 2195 2269 inAaliqua

536 2255 775 2331 vocula,
805 2255 927 2311 non
959 2255 1160 2331 autem
1191 2259 1252 2313 in
1276 2258 1524 2331 prolixis
1545 2255 1927 2326 testimoniis,
1959 2262 2048 2314 62.

609 2330 990 2397 Corsagaana,
1025 2330 1150 2384 422.

609 2397 929 2469 Corydala,
959 2402 1088 2454 331.

607 2469 864 2526 Crambe
902 2469 1123 2542 eximia
1165 2469 1496 2542 juventutis
1546 2471 1766 2528 nutrix.
1810 2472 1901 2528 Bis
1940 2470 2194 2528 Crambe

536 2554 702 2595 mors
732 2545 841 2608 est,
871 2541 994 2596 267.

610 2611 902 2667 Crastina.
935 2614 1015 2667 De
1046 2612 1312 2669 crastina
1341 2628 1464 2669 non
1491 2617 1751 2682 constat,
1788 2618 1907 2670 101.

608 2683 932 2758 Creationis
964 2683 1079 2758 tria
1125 2699 1346 2754 genera
1387 2685 1446 2740 in
1501 2685 1839 2758 Scripturis,
1873 2685 2193 2757 productio

535 2766 607 2809 ex
633 2753 822 2835 nihilo
853 2755 915 2835 in
945 2755 1158 2810 melius
1185 2772 1262 2835 ex
1312 2758 1518 2829 pejore
1549 2753 1960 2828 commutatio,
1995 2773 2190 2813 resur-

533 2831 716 2882 rectio
745 2831 1146 2894 mortuorum,
1179 2831 1266 2883 88.

605 2916 892 2986 Creatura
920 2915 1122 2970 omnis
1147 2932 1324 2972 serva
1347 2923 1438 2972 est
1459 2916 1772 2986 Creatoris,
1801 2921 1888 2973 87.
1909 2919 2194 2973 Creatura

533 2984 704 3041 nulla
733 2985 1142 3060 quodcunque
1173 2987 1300 3042 vult
1341 2987 1538 3044 facere
1587 2984 1802 3060 potest,
1822 2992 1920 3060 78,7.
1955 2991 2192 3045 Creatu-

532 3057 1157 3134 rarum’rationalium
1206 3057 1608 3131 unaquaeque
1645 3059 1876 3132 aliquid
1923 3075 1960 3115 a
1991 3061 2194 3134 seipsa

531 3126 730 3209 facere
758 3133 975 3209 potest,
999 3133 1089 3209 87.
1123 3126 1420 3209 Creatufaa
1454 3126 1666 3186 omnes
1691 3126 1797 3209 aut
1821 3126 2191 3209 constant_ex

535 3203 873 3275 contrariis,
930 3205 1039 3275 aut
1089 3203 1533 3275 contrariorum
1586 3207 1725 3257 sunt
1781 3219 2060 3275 capaces,
2099 3205 2192 3261 87.

534 3270 823 3347 C_rea_tura
855 3271 1182 3347 sanctitatis
1204 3274 1510 3346 particeps
1541 3288 1664 3343 non
1695 3270 1913 3347 natura
1950 3274 2052 3329 sed
2087 3290 2194 3347 per

533 3340 912 3414 electionem,
940 3345 1036 3414 48.
1069 3343 1124 3400 Si
1147 3340 1574 3400 orbatura—non
1613 3340 1702 3400 est
1730 3345 2015 3414 Christus,
2041 3340 2193 3402 Patri

534 3412 1068 3490 consubstantialis
1092 3419 1197 3490 est.
1222 3419 1308 3470 87.
1346 3415 1700 3490 Sicreatura
1731 3431 1854 3472 non
1885 3422 1972 3472 est
2005 3412 2188 3489 Spiri-

533 3486 630 3540 tus
662 3489 928 3546 sanctus,
952 3485 1492 3543 'consubstantialis
1511 3492 1602 3542 est
1623 3490 1762 3554 Deo,
1786 3490 1873 3543 87.
1893 3485 2191 3545 Creafurae

533 3554 856 3636 discrimen
868 3571 938 3636 Aa.
951 3556 1173 3636 Spiritu
1203 3563 1432 3636 sancto,
1463 3561 1588 3614 248.

606 3628 843 3711 Crcnsus
862 3624 964 3681 filii
989 3624 1530 3711 ipterfectoriiram
1549 3629 2086 3711 remisit,‘seips_um
2110 3629 2192 3686 ad

537 3697 917 3780 supplicium
949 3697 1242 3780 oﬂ'erenti,
1272 3705 1395 3780 205.
1444 3704 1644 3759 Crasso
1688 3707 1827 3774 post
1871 3697 2190 3758 victoriam

538 3767 773 3826 amicus
801 3767 1232 3843 factusCyrus,
1266 3775 1390 3829 205.

606 3843 760 3896 Crux
804 3839 862 3894 in
898 3839 1226 3914 Scripturis'
1251 3847 1498 3900 vocatur
1532 3843 1799 3914 signum,
1832 3846 1960 3903 400.
1984 3843 2190 3900 Crucis

535 3911 711 3986 signo
738 3911 1060 3986 signantur
1087 3915 1193 3985 qui
1222 3920 1467 3986 sperant
1486 3915 1548 3971 in
1569 3911 1890 3982 Christum,
1924 3920 2009 3971 54.

605 3983 777 4058 Cum.
808 3983 956 4038 Cum
987 3983 1334 4058 praepositio
1361 3987 1560 4042 invisa
1599 3987 2190 4054 Pneumatomachis,

534 4055 622 4109 49.
658 4053 822 4130 l_dem
872 4053 1047 4130 sonat
1077 4053 1147 4130 ac
1191 4063 1266 4124 et,
1308 4057 1567 4128 ideoque
1598 4058 1874 4130 appetior
1914 4058 1994 4114 ad
2023 4053 2193 4114 obtu-

535 4124 801 4180 randum
833 4140 901 4180 os
921 4125 1360 4192 haereticorum,
1392 4124 1516 4185 449.

581 4195 782 4278 ,συνίει
817 4199 1736 4278 exemerathenemqucmdam
1779 4199 2052 4278 diploma
2100 4215 2194 4278 ref

535 4270 725 4337 gium,
778 4272 834 4323 et
880 4275 1048 4335 aetas,
1107 4275 1224 4326 177.
1267 4270 1440 4339 Regis
1487 4270 2197 4328 beneficium—conﬁrmat

534 4354 776 4414 praeses,
829 4339 935 4395 sed
985 4340 1146 4396 senis
1191 4346 1498 4412 nepotem,
1556 4343 1775 4398 orbum
1819 4343 2188 4414 parentibus,

532 4410 808 4466 nondum
839 4425 1032 4466 annos
1055 4410 1316 4482 quatuor
1345 4420 1556 4468 natum
1586 4414 1760 4469 curiae
1791 4410 2032 4482 addicit,
2070 4410 2190 4470 177'.

533 4483 918 4558 Demonstrat
947 4483 1198 4558 Basilius
1231 4499 1436 4539 senem
1468 4484 1528 4540 in
1560 4491 1776 4558 nepote
1816 4487 1892 4541 ad
1935 4501 2194 4542 munera

533 4552 819 4629 pertrahi,
852 4568 923 4608 ac
949 4554 1292 4629 praesidem
1320 4561 1513 4624 rogat,
1548 4562 1611 4629 ut
1642 4552 1982 4629 'utriusque
2016 4558 2193 4612 mise-

534 4629 755 4696 reatur,
791 4628 912 4696 177.
939 4625 1126 4696 Curia;
1151 4625 1518 4682 addicuntur
1547 4628 1740 4683 clerici
1769 4625 2190 4696 Caesarienses,
2221 4636 2224 4637 '

532 4699 590 4750 et
614 4695 723 4767 qui
749 4695 1032 4767 Sebastite
1065 4698 1604 4754 communicabant
1634 4716 1770 4754 cum
1807 4699 2041 4763 Basilio,
2063 4695 2187 4756 365.

532 4765 795 4822 Curiales
818 4765 1041 4824 tributa
1068 4768 1380 4840 colligunt,
1405 4770 1694 4826 militibus
1716 4786 2028 4828 annonam
2055 4787 2194 4844 sup-

532 4837 825 4893 peditant.
863 4842 981 4893 177.

531 4839 825 4910 peditant,
863 4842 981 4910 177.

604 4909 824 4964 Currus
855 4909 1010 4964 duos
1042 4925 1313 4967 sessores
1331 4910 1557 4968 habere
1583 4911 1879 4971 solebant.
1908 4916 2190 4972 283.Trcs

532 4978 845 5036 habebant
872 4995 1136 5037 sessores
1161 4983 1492 5038 Pharaonis
1513 4999 1745 5049 currus.
1777 4987 1905 5042 283.

609 5051 835 5128 Cursus
855 5053 1169 5128 equestris,
1200 5059 1324 5110 318.
1356 5057 1421 5128 l_n
1451 5071 1630 5110 cursu
1653 5055 1894 5128 publico
1923 5054 2190 5127 regendo

526 5121 828 5203 nonnullae
858 5121 1058 5203 partes
1083 5125 1451 5203 principalis,
1465 5128 1573 5203 7111
1590 5167 1605 5182 .

598 5193 879 5270 Cypriani
909 5193 1202 5270 sententia
1226 5193 1301 5252 de
1328 5196 1660 5270 baptismo,
1689 5201 1816 5254 270.

599 5265 886 5337 Gyriacus
921 5265 1236 5338 presbyter
1271 5265 1599 5335 Tarsensis,
1630 5272 1756 5325 207.

599 5338 889 5410 Cyriacus
919 5337 1250 5410 presbyter,
1279 5342 1404 5394 274.

603 5408 888 5480 Gyriacus
915 5408 1230 5482 presbyter
1252 5410 1574 5482 calumniae
1598 5425 1831 5482 expers,
1858 5414 1982 5468 418.
2018 5411 2189 5468 Nulla

531 5479 840 5552 cirstructa
870 5479 1179 5537 calumnia
1207 5481 1287 5536 ab
1339 5481 1432 5552 his
1462 5481 1565 5552 qui
1605 5479 1825 5538 manus
1859 5483 1918 5538 in
1971 5499 2186 5538 omnes

529 5549 827 5677 i‘qjliciunt,
859 5554 984 5608 417.
1009 5554 1175 5610 Hunc
1206 5551 1463 5609 Eusebio
1482 5549 1882 5610 commendat
1914 5555 2184 5617 Basilius,

601 5693 915 5765 Cyriacus,
938 5695 1065 5750 448.

1635 351 1850 406 INDEX
1886 345 2318 404 ANALYTICUS
2356 346 2426 402 ΙΝ
2466 344 2714 403 TOMUM
2753 347 2823 402 IV

3879 342 3996 399 1468

2372 467 2626 541 Cyrinus
2674 468 2736 541 in
2787 467 3068 541 Armenia
3098 459 4000 541 episcopus,195_._Calumnias

2304 539 2384 595 ab
2409 534 2481 595 éo
2509 539 2828 613 propulsat
2853 534 3351 613 Basiliusfeique
3375 534 3600 613 placat
3635 534 3995 613 satalenses,

2307 615 2426 666 195.
2456 607 2596 683 Ej'us
2615 607 2750 668 l'oco
2779 615 3029 668 Faustus
3054 607 3311 683 quidam
3335 607 3398 664 in
3435 607 3759 662 Armenia
3781 609 4000 680 episco-

2303 698 2419 759 pus
2446 682 2782 759 ordinatur,
2811 682 3110 759 212,_213._
3187 755 3196 759 Α
3429 755 3438 759 _
3524 748 3536 759 ,

2375 753 2566 826 Cyrus
2591 749 2801 826 Craeso
2822 756 3056 810 amicus
3084 753 3276 826 factus
3299 755 3446 826 post
3474 749 3857 826 victoriam,
3891 755 3995 806 205.

2375 821 2565 898 cyzici
2589 825 2850 898 formula
2879 826 3057 890 edita,
3090 824 3152 880 in
3179 821 3320 897 qua
3337 821 3679 878 silentium
3711 821 3994 878 indictum

2306 897 2838 965 consubstantiali,
2869 901 2995 953 382.

3100 969 3152 1035 D

2377 1057 2602 1133 Daedali
2631 1072 2750 1118 ars.
2783 1060 2908 1133 462.
3008 1127 3024 1133 _
3275 1115 3284 1133 ι

2381 1131 2625 1202 Dmmon
2650 1129 2934 1202 potentia
2950 1127 3206 1202 adversa
3223 1123 3417 1202 quaee
3444 1123 3624 1202 caelo
3641 1124 3904 1202 cecidit,
3931 1129 3998 1180 ετ.

2306 1198 2466 1256 Illius
2504 1196 2740 1256 insidiae
2787 1201 2849 1255 in
2900 1199 3120 1254 divitiis
3175 1196 3748 1261 efvoluptatibus
3813 1196 4002 1261 latent,

2305 1274 2428 1327 470.
2468 1272 2763 1328 Dasmonis
2795 1271 2939 1326 mali
2970 1273 3285 1326 incursum
3311 1269 3618 1340 deplorat
3668 1269 3941 1340 Basilius
3960 1271 4006 1322 in

2307 1348 2496 1398 morte
2526 1343 2630 1398 filii
2671 1343 2948 1403 Nectarii,
2976 1347 3064 1398 79.
3096 1345 3344 1397 Daemon
3384 1339 3578 1395 vanae
3616 1339 3873 1409 gloriae,
3905 1344 4005 1395 129.

2381 1417 2600 1470 Damae
2630 1414 3056 1470 celeberrimus
3087 1419 3338 1484 martyr,
3361 1414 3496 1484 388.

2379 1487 2675 1541 Damasus
2722 1483 3260 1542 reverendissimus
3310 1483 3701 1555 episcopus,
3735 1487 3870 1553 163,
3902 1486 4009 1550 323,

2306 1560 2429 1624 368,
2461 1561 2586 1613 412.
3326 1595 3338 1604 -

2379 1628 2604 1684 Danieli
2630 1627 2836 1684 oblata
2887 1627 3036 1684 visio
3086 1626 3388 1699 judicium
3439 1626 3648 1683 nobis
3686 1626 3782 1682 ob
3815 1625 4012 1682 oculos

2349 1701 2494 1768 onit,
2522 1705 2641 1756 139.

2305 1715 2494 1771 ponit,
2522 1715 2641 1756 139.

2376 1772 2663 1844 Daphnus
2701 1771 3047 1844 episcopUS,
3079 1768 3205 1826 183.

2381 1843 2702 1908 Dardania,
2735 1846 2858 1898 347.

2379 1914 2565 1970 David
2586 1929 2918 1986 generosus
2943 1913 3007 1986 in
3026 1911 3255 1986 bellicis
3277 1909 3722 1986 facinoribus,
3746 1911 4006 1986 clemens

2301 1984 2366 2040 in
2397 1983 2763 2053 ulciscendo,
2793 1989 2880 2040 73.
2933 1984 3073 2055 Ejus
3110 1983 3343 2052 lenitas,
3379 1987 3510 2038 565.
3555 1983 3891 2038 Davidem
3936 1985 4004 2037 sic

2301 2056 2646 2127 objurgavit
2666 2057 2982 2128 propheta,
3013 2060 3082 2128 ut
3108 2069 3468 2128 succensere
3496 2069 3637 2109 non
3677 2059 3911 2128 posset
3932 2071 4002 2107 ar-

2303 2129 2528 2198 guenti,
2561 2134 2648 2195 74,
2682 2127 2806 2184 480.
2845 2127 3357 2199 Davidis_lapsus,
3400 2129 3528 2199 126.
3567 2128 3818 2194 Magna
3850 2127 4000 2199 dese

2301 2196 2592 2270 senserat,
2651 2204 2771 2254 511.
2825 2201 2902 2254 Ex
2946 2196 3149 2253 ovium
3192 2196 3378 2270 grege
3420 2198 3744 2270 princeps
3777 2196 3996 2270 populo

2303 2268 2624 2327 suscitauis
2676 2286 2714 2326 a
2767 2274 2906 2337 Deo,
2961 2273 3087 2324 287.
3147 2268 3383 2324 Davidis
3427 2268 3747 2335 thronus,
3779 2268 3994 2339 inquo

2298 2343 2569 2398 Christus
2600 2342 2773 2407 sedit,
2804 2357 3060 2411 regnum
3101 2339 3250 2395 nulli
3277 2339 3593 2411 eversioni
3623 2340 3997 2404 obnoxium,

2300 2418 2424 2470 363.
2460 2413 2668 2469 Davidi
2697 2410 3002 2482 vectigalis
3036 2412 3145 2468 fuit
3180 2410 3394 2466 Judaea
3424 2411 3667 2481 omnis,
3705 2412 3998 2474 Idumzea,

2300 2486 2694 2541 Moabitarum
2725 2486 2907 2554 regio,
2943 2485 3124 2555 Syriae
3153 2487 3355 2555 partes
3380 2498 3582 2554 usque
3606 2482 3701 2555 ad
3729 2486 4000 2555 mesopo-

2297 2557 2575 2625 tamiam,
2623 2561 2681 2612 et
2730 2553 2818 2612 exi
2859 2553 3050 2611 altera
3103 2553 3274 2626 parte
3327 2553 3531 2626 usque
3602 2553 3701 2609 ad
3771 2553 3997 2610 ﬂumen

2299 2629 2559 2696 Egypti,
2587 2631 2711 2684 363.

2372 2644 2716 2765 ἕξιξῖἔέἓέ
2767 2701 2891 2754 318.
2934 2695 3319 2752 Dazimonem
3351 2694 3764 2767 perturbavit
3798 2699 3997 2752 Eusta-

2299 2770 2486 2842 thius,
2516 2777 2573 2826 et
2602 2769 2825 2826 multos
2857 2784 2894 2824 a
2938 2768 3143 2824 Basilii
3185 2767 3633 2824 communione
3665 2767 3989 2832 abstraxit,

2372 2912 2593 2969 Dazina
2649 2911 2730 2966 ad
2795 2926 2979 2982 quem
3020 2908 3364 2966 Eustathius
3422 2914 3647 2966 contra
3701 2911 3984 2968 Basiliam

2299 2985 2556 3058 scripsit,
2584 2986 2710 3038 223.
2746 2982 2961 3058 Daziza‘
2994 2985 3264 3058 vocatur,
3295 2984 3421 3058 379.

2369 3052 2767 3112 Déductiones
2811 3053 3346 3126 proﬁciscentium,
3395 3056 3526 3108 375.
3578 3052 3978 3118 Deductores,

2372 3198 2630 3255 Deiectio
2651 3197 2814 3264 ﬁdei,

2301 3271 2487 3343 Hujus
2515 3271 2760 3343 praemia
2787 3267 3024 3326 videtur
3070 3269 3180 3324 sibi
3220 3267 3580 3343 perspicere
3635 3269 3983 3343 Basiliusin

2298 3340 2691 3413 blasphemiis
2744 3341 3462 3413 Pneumatomachorum,
3533 3343 3627 3406 59,
3703 3344 3850 3413 408.
3913 3342 3984 3393 Eo

2298 3411 2468 3484 quod
2518 3413 2677 3468 facta.
2728 3412 2846 3468 sint
2897 3412 3208 3484 ambigua,
3265 3411 3492 3482 quibus
3549 3411 3985 3484 contradicere

2299 3483 2469 3540 nefas
2498 3489 2646 3554 erat,
2679 3487 2766 3553 59,
2789 3483 3140 3556 408._Hostis
3159 3485 3446 3556 perﬁcere
3490 3490 3772 3556 conatur
3799 3489 3866 3538 ut
3893 3483 3987 3537 (ἰε-

2299 3556 2572 3612 fectionis
2603 3556 2834 3610 semina
2878 3554 2957 3610 ab
2987 3554 3224 3611 Oriente
3253 3554 3421 3610 initio
3450 3557 3639 3626 capto
3670 3554 3741 3626 in
3791 3560 3984 3610 totum

2299 3627 2510 3682 orbem
2567 3625 3004 3692 diﬁ‘undantur,
3064 3629 3190 3682 374.
3247 3624 3873 3690 Quorum‘deﬁnitio
3911 3626 3987 3681 di-

2298 3713 2498 3767 versa,
2529 3713 2741 3754 eorum
2767 3698 2946 3753 etiam
2969 3703 3188 3753 natura
3212 3696 3472 3766 diversa,
3493 3699 3627 3767 281.

2373 3768 2781 3848 Demophilus
2813 3768 3384 3848 Constantinopolis
3421 3766 3793 3848 episcopus,
3835 3772 3976 3848 [141.

2301 3839 2635 3896 Simulacro
2663 3845 2841 3896 rectae
2887 3840 3029 3896 ﬁdei
3075 3846 3135 3895 et
3185 3839 3422 3911 pietatis
3463 3839 3688 3910 partes
3719 3839 3979 3895 civitatis

2299 3911 2662 3967 dissidentes
2691 3911 2752 3966 in
2781 3926 2974 3966 unum
3012 3911 3350 3983 conjungit,
3399 3913 3520 3966 142.
3573 3911 3886 3983 Nonnulli
3915 3926 3980 3965 ex

2299 3983 2511 4038 vicinis
2578 3983 2880 4056 episcopis
2936 3980 3428 4054 conjunctionem
3485 3980 3975 4052 amplectuntur,

2304 4058 2424 4110 142.

2376 4126 2801 4182 Demosthenes
2820 4125 3129 4196 Choragus
3158 4123 3364 4181 vocari
3391 4123 3602 4193 voluit,
3626 4129 3728 4180 75.

2374 4199 2803 4252 Demosthenes
2854 4197 3115 4252 vicarius
3170 4197 3449 4262 Ponticae,
3494 4199 3624 4261 345,
3680 4200 3824 4254 365.
3875 4196 3979 4252 Pri-

2300 4284 2471 4323 mum
2526 4273 2584 4324 et
2634 4267 2971 4324 maximum
3021 4267 3422 4339 Cappadociae
3470 4266 3822 4336 malorum,
3859 4273 3973 4333 345,

2301 4344 2424 4396 365.
2456 4339 2767 4412 Synodum
2790 4341 2949 4412 cogit
2975 4339 3037 4394 in
3068 4339 3386 4403 Galatia,et
3404 4339 3568 4408 cjicit
3593 4341 3971 4410 Hypsinum,

2300 4427 2371 4466 ac
2410 4411 2715 4466 Ecdicium
2746 4411 2875 4482 ejus
2898 4413 3032 4468 loco
3063 4412 3390 4477 constituit,
3416 4415 3542 4480 345,
3585 4415 3724 4482 365.
3761 4414 3973 4482 Grego-

2296 4482 2454 4538 rium
2495 4481 2834 4554 Nyssenum
2864 4483 3085 4538 abduci
3115 4483 3309 4554 jussit,
3356 4486 3479 4547 345,
3512 4484 3646 4537 365.
3681 4481 3968 4554 Caesareae

2299 4569 2512 4609 omnes
2540 4553 2787 4610 clericos
2813 4554 2995 4609 curiae
3026 4553 3224 4621 tradit,
3273 4556 3396 4615 345,
3445 4557 3573 4608 365.
3629 4553 3812 4610 Idem
3844 4555 3969 4610 facit

2301 4625 2580 4681 Sebastiae
2637 4625 3258 4681 communicatoribus
3325 4624 3563 4691 Basilii,
3627 4629 3781 4690 345,
3852 4627 3960 4682 365'.

2301 4699 2502 4752 Postea
2550 4699 2756 4768 Nyssae
2808 4696 3128 4768 concilium
3183 4695 3645 4768 Galatarum_et
3696 4699 3957 4753 Pontico-

2297 4766 2610 4836 rum,3i5,
2637 4773 2760 4824 365.
2808 4767 2895 4823 lbi
2934 4768 3246 4823 immissus
3303 4767 3384 4824 ad
3437 4766 3749 4824 Ecclesias
3793 4771 3949 4825 homo

2297 4838 2777 4907 indignissimus,
2823 4842 2946 4895 366.
2998 4839 3376 4895 Eustathium
3423 4855 3565 4894 cum
3597 4841 3935 4896 Arianorum

2300 4910 2559 4982 agmine
2593 4910 2926 4982 Nicopolim
2983 4911 3160 4966 mittit
3219 4911 3700 4978 Demosthenes,
3767 4921 3832 4968 ut
3884 4907 3948 4964 ab

2299 4981 2606 5054 Eustathio
2631 4981 2930 5054 accipiant
2968 4982 3328 5054 episcopum
3372 4983 3816 5054 Nicopolitani,
3851 4985 3958 5038 366.

2301 5053 2410 5126 tibi
2437 5053 2598 5126 videt
2622 5069 2726 5108 eos
2767 5052 3076 5126 resistere,
3125 5052 3233 5126 per
3262 5055 3387 5110 vim
3439 5052 3712 5111 conatur
3759 5056 3963 5110 datum

2295 5124 2410 5180 illis
2443 5125 2798 5200 episcopum
2825 5124 3205 5200 constituere,
3234 5127 3360 5182 366.
3391 5127 3592 5181 Doara
3624 5127 3967 5200 perturbat,

2298 5201 2421 5252 354.
2452 5197 2905 5264 Demosthenes,
2946 5201 3070 5252 cete
3101 5197 3378 5260 obesum,
3404 5199 3529 5252 354.
3565 5197 3850 5260 Angelus
3883 5201 3973 5255 Sa-

2297 5269 2626 5342 ῑειηερπ384.
2659 5271 2737 5323 Ne
2769 5267 3047 5342 sanguini
3076 5269 3321 5340 quidem
3351 5268 3568 5342 parcit,
3600 5273 3736 5327 384.

2369 5339 2738 5394 Desiderium
2765 5355 2859 5394 res
2891 5339 3168 5404 violenta,
3200 5343 3325 5396 236.

2371 5410 2761 5487 Desponsata.
2798 5411 3020 5487 Siquis
3052 5411 3430 5487 desponsam
3460 5411 3630 5487 alteri
3677 5416 3974 5487 rapuerit,

2296 5481 2749 5556 restituendaei
2774 5481 3144 5556 cuiu'ablata,
3167 5481 3312 5556 i293.
3347 5483 3404 5539 Si
3445 5485 3586 5556 quis
3644 5481 3978 5545 vae—antem

2295 5554 2586 5626 rapuerit,
2642 5552 2823 5627 debet
2874 5553 2973 5627 illa
3025 5555 3379 5627 parentibus
3420 5552 3682 5627 restitui.
3725 5563 3864 5616 293.
3899 5561 3982 5617 Ita

2296 5629 2594 5752 ἱμειῗηῖἓὲ
2621 5625 3073 5682 matrimonium
3107 5625 3238 5682 ﬁeri
3267 5625 3481 5698 possit,
3509 5627 3560 5684 si
3591 5627 3676 5685 illi
3705 5645 3978 5689 consen-

2343 5712 2417 5752 an
2452 5739 2466 5752 .
2606 5737 2620 5752 .

2322 5695 2466 5762 iant,
2493 5700 2620 5754 293.

2890 3213 3032 3253 nam
3082 3196 3344 3253 minatus
3395 3201 3485 3252 est
3526 3195 3877 3265 Dominus,
3907 3201 3977 3252 59.
