4062 6208
1100 238 1103 239 ,
1156 237 1177 240 -
1360 236 1365 239 .
1622 232 1743 235 η-τ-
1854 232 1895 235 U7
1940 232 1943 233 7
2112 234 2115 235 7
2200 234 2207 235 7
2248 232 2499 238 λ--κρςι
2534 235 3327 247 κῂ--Ἣω,
3442 243 3519 248 ᾐ-

1454 489 2255 611 PR/EFATIO.

357 766 412 820 IN
446 765 573 830 QUA
614 766 706 819 DE
749 762 1091 817 PLURIBUS
1134 760 1352 815 ΗΕΒυὸ
1394 759 1487 813 ΑΙ)
1526 757 1926 811 DOCTRINAM
1969 756 2025 811 S.
2069 756 2315 811 BASlLll
2356 758 2900 817 PERTINENTIBUS
2941 763 3366 822 DlSSERlTUR.

244 1127 343 1178 Hoc
380 1120 684 1177 volumine
729 1118 1110 1174 continentur
1157 1112 1618 1186 praeclarissima
1657 1108 1802 1164 anti-
1838 1109 1886 1162 Α
1918 1110 2307 1179 pendendum
2338 1113 2531 1185 fuerit,
2564 1129 2686 1171 non
2717 1117 2965 1189 quidem
2996 1119 3056 1173 in
3086 1120 3437 1177 evolvendis
3467 1138 3562 1178 co-

180 1212 391 1283 quitatis
435 1212 853 1271 monumenta,
902 1207 959 1263 S.
1003 1204 1198 1259 Basilii
1244 1202 1396 1257 liber
1442 1203 1528 1256 De
1566 1199 1803 1268 Spiritu

176 1308 377 1364 sancto,
406 1299 656 1369 ejusque
703 1296 1011 1365 Epistolar.
1046 1296 1258 1363 Magna
1294 1306 1439 1346 sane
1488 1286 1806 1359 cujuslibet

178 1404 355 1461 operis
404 1384 874 1453 commendatio,
931 1398 1155 1438 nomen
1214 1383 1270 1436 S.
1324 1378 1553 1443 Basilii;
1607 1390 1803 1446 neque

177 1478 322 1532 enim
350 1476 680 1547 quidquam
724 1476 804 1529 ab
847 1473 948 1528 illo
979 1470 1222 1541 ingenio
1253 1469 1606 1542 profectum,
1637 1464 1803 1538 quod

181 1565 421 1620 medium
463 1572 518 1619 et
565 1561 874 1619 tolerabile
916 1560 1102 1615 videri
1135 1558 1344 1630 possit.
1379 1556 1491 1613 Sed
1539 1556 1674 1610 libri
1720 1555 1805 1610 De

180 1656 392 1723 Spiritu
419 1658 632 1709 sancto
661 1667 731 1706 eo
761 1650 962 1720 majus
1010 1648 1290 1720 pretium,
1322 1644 1489 1717 quod
1532 1660 1670 1699 eum
1704 1646 1805 1698 Ba-

183 1744 335 1798 silius
379 1748 431 1797 et
474 1743 666 1812 longo
696 1756 808 1796 usu
840 1740 900 1794 in
935 1737 1262 1793 haeresihus
1301 1733 1617 1790 vincendis
1646 1748 1806 1788 exer.

184 1833 379 1887 citatus
419 1831 709 1903 suscepit,
742 1836 799 1884 et
830 1844 1070 1884 summo
1102 1825 1322 1893 studio,
1352 1829 1417 1880 ut
1445 1826 1504 1879 in
1539 1829 1808 1895 tempore

186 1922 405 1989 magnis
434 1920 721 1975 doctrina:
752 1916 1049 1990 prasidiis
1083 1914 1409 1986 indigente,
1439 1912 1663 1968 invicta
1686 1911 1812 1967 ani-

186 2009 261 2063 mi
304 2007 656 2071 fortitudine,
701 2012 765 2062 ut
809 2010 1102 2061 adversus
1151 2008 1425 2075 potentes
1474 2000 1808 2066 haereticos,

185 2097 553 2153 elucubravit.
579 2100 639 2151 ln
666 2096 957 2165 Epistolis
984 2096 1035 2149 S.
1075 2091 1272 2147 Basilii
1300 2097 1471 2146 vetus
1493 2089 1814 2160 disciplina

186 2188 464 2259 praelaris
486 2186 773 2242 institutis
805 2191 864 2240 et
890 2182 1229 2239 canonibus
1259 2180 1611 2247 illustratur,
1635 2178 1815 2234 histo-

182 2277 260 2330 ria
294 2275 691 2331 ecclesiastica
733 2273 958 2328 ditatur
1004 2271 1173 2327 uberi
1222 2274 1277 2324 et
1325 2268 1572 2340 copiosa
1611 2281 1814 2322 rerum

196 2372 466 2432 gestarum
508 2369 734 2434 segete,
767 2363 1107 2418 formantur
1150 2374 1349 2414 mores
1388 2356 1632 2428 optimis
1659 2370 1813 2427 prae-

194 2454 377 2525 ceptis,
408 2460 478 2519 et,
512 2453 681 2525 quod
727 2454 1031 2523 praecepta
1058 2448 1239 2516 longe
1271 2450 1533 2519 superat,
1565 2444 1815 2516 depictis
1855 2456 1895 2511 Β

198 2545 305 2599 sine
357 2549 471 2599 arte
526 2542 764 2598 eximiis
835 2541 889 2595 S.
958 2537 1151 2594 Basilii
1215 2535 1557 2591 virtutibus.
1614 2537 1815 2605 Neque

202 2632 355 2685 etiam
401 2630 741 2703 spernenda
788 2642 926 2701 quae
976 2628 1034 2682 in
1092 2625 1491 2698 appendicem
1544 2623 1816 2691 conjecta

203 2726 344 2783 sunt,
370 2720 553 2789 viginti
589 2724 860 2792 quatuor
906 2717 1206 2772 orationes
1237 2731 1273 2770 a
1304 2714 1581 2771 Simeone
1632 2714 1815 2781 Logoo

195 2807 341 2863 theta
366 2824 432 2863 ex
456 2812 505 2863 S.
538 2808 737 2863 Basilii
768 2805 973 2861 verbis
1004 2810 1059 2860 et
1090 2802 1401 2859 sententiis
1430 2804 1811 2865 constructae,

190 2902 239 2951 et
276 2898 416 2953 liber
450 2901 528 2955 De
567 2898 925 2967 virginitate
967 2898 1273 2951 auctorem
1317 2891 1548 2947 habens
1590 2890 1814 2962 episco-

191 3001 323 3057 pum
352 2990 405 3041 S.
432 2988 640 3043 Basilio
669 2985 974 3057 aequalem
1005 2982 1097 3038 vel
1127 2987 1281 3037 certe
1314 2995 1659 3052 supparem.

255 3076 360 3131 Sed
388 3093 505 3147 quo
527 3076 715 3148 pluris
745 3074 901 3129 ﬁunt
928 3074 1057 3128 haec
1084 3076 1499 3136 monumenta,
1523 3084 1593 3124 eo
1618 3069 1813 3136 magis

192 3164 501 3219 verendum
529 3182 599 3220 ne
622 3165 861 3234 longior
900 3177 1070 3218 mora
1100 3160 1375 3233 pluribus
1406 3157 1809 3229 displicuerit;

192 3258 247 3307 et
277 3254 414 3323 quia
436 3260 562 3309 octo
596 3269 890 3309 annorum
932 3251 1246 3308 intervallo
1270 3249 1466 3322 prodit
1496 3249 1610 3303 hoc
1636 3248 1812 3303 volu-

190 3358 352 3403 men,
380 3343 567 3396 minus
592 3360 740 3398 cum
770 3342 1053 3399 habuisse
1080 3340 1393 3413 publicum
1420 3337 1813 3393 commodum

191 3430 522 3485 videamur.
548 3434 668 3486 Non
692 3437 885 3487 tamen
911 3430 1297 3501 negligentia,
1324 3427 1431 3483 sed
1462 3426 1812 3482 necessariae

191 3533 391 3574 causae
436 3535 631 3574 moras
674 3518 1012 3575 attulerunt.
1052 3522 1200 3574 Nam
1247 3516 1517 3573 erudit-us
1566 3514 1811 3584 sodalis,

184 3608 281 3679 qui
310 3607 672 3664 edendorum
706 3609 894 3664 sancti
938 3607 1137 3663 Basilii
1165 3621 1421 3678 operum
1470 3620 1680 3659 curam
1711 3619 1813 3657 su-

182 3699 383 3770 scepit,
410 3698 536 3768 jam
572 3699 740 3768 gravi
782 3697 1139 3768 aegritudine
1169 3700 1480 3767 correptus
1521 3698 1813 3749 eratcum

1914 1198 2150 1254 dicibus
2176 1217 2324 1256 mss.
2350 1202 2572 1273 (collati
2596 1205 2757 1261 enim
2783 1222 2920 1262 cum
2952 1208 3125 1264 editis
3162 1209 3397 1266 fuerant
3425 1211 3563 1267 dili-

1914 1286 2074 1354 genti
2123 1303 2330 1356 manu,
2359 1297 2609 1363 excepto
2653 1297 2857 1348 tamen
2902 1294 3233 1361 Harltuano,
3269 1298 3373 1368 qui
3419 1314 3559 1355 cum

1912 1374 2190 1432 Medicam
2228 1383 2285 1433 et
2324 1378 2683 1436 Coisliniano
2724 1382 3061 1439 maximum
3100 1387 3323 1442 exstitit
3363 1388 3565 1459 praesi-

1912 1463 2124 1536 dium),
2154 1466 2260 1521 sed
2288 1468 2348 1523 in
2380 1467 2511 1523 aliis
2536 1470 2742 1539 rebus,
2773 1487 2910 1543 qua:
2939 1472 3018 1527 ad
3064 1480 3414 1532 accuratam
3442 1478 3564 1533 edi-

1914 1552 2137 1609 tionem
2176 1558 2528 1613 necessariae
2570 1564 2729 1625 sunt,
2761 1562 3092 1631 praesertim
3133 1564 3195 1619 in
3234 1564 3562 1637 disponen-

1914 1641 2007 1697 dis
2037 1644 2247 1699 ordine
2276 1646 2705 1718 chronologico
2733 1650 3019 1721 epistolis,
3056 1652 3115 1706 in
3143 1655 3566 1712 concinnanda

1916 1731 1979 1785 S.
2014 1732 2233 1788 Basilii
2271 1735 2425 1805 Vita,
2458 1735 2710 1808 ejusque
2749 1738 3137 1809 explananda
3178 1741 3470 1806 doctrina,
3502 1744 3567 1799 id

1917 1819 2085 1889 quod
2120 1820 2249 1890 jam
2300 1822 2496 1892 nobis,
2527 1824 2714 1880 misso
2761 1824 3018 1896 longiori
3050 1829 3319 1898 exordio,
3352 1846 3565 1903 aggre-

1919 1906 2209 1965 diendum
2236 1917 2347 1968 est.

2690 2007 2799 2070 §I.

1924 2100 1963 2152 l.
2005 2097 2067 2151 S.
2097 2098 2367 2174 Basilius
2396 2101 2594 2155 minus
2621 2103 2924 2174 commode
2951 2105 3391 2174 interpretatur
3412 2108 3575 2164 illud

1994 2169 2220 2249 _s_yngdi_
2245 2170 2527 2249 Nicasnae,
2558 2188 2633 2227 ex
2661 2172 2781 2229 alia
2809 2176 3075 2249 essentia
3101 2169 3205 2249 aut
3236 2178 3569 2249 hypostasi.

1996 2240 2061 2318 l_l.
2103 2238 2220 2318 Sed
2261 2243 2472 2318 merito
2511 2238 2712 2318 negat
2740 2260 2925 2302 unam
2970 2248 3031 2301 in
3071 2248 3262 2304 tribus
3278 2238 3572 2318 'ﬁersonis

1996 2309 2362 2388 hypostgsim
2426 2329 2461 2369 a
2514 2309 2746 2388 synodo
2799 2318 3142 2374 admissam.
3202 2309 3330 2388 Ipsi
3394 2323 3572 2378 etiam

1996 2383 2177 2436 trium
2212 2383 2623 2460 lii/postasium
2653 2388 2993 2456 defensores
3023 2405 3175 2459 saepe
3204 2383 3571 2460 liypostasim

1990 2467 2104 2534 pro
2132 2458 2415 2534 essentid
2432 2465 2700 2534 sumunt.
2743 2461 2832 2513 lll.
2872 2458 3123 2534 Novitas
3164 2458 3339 2518 unius
3388 2465 3577 2534 hypo-

1993 2526 2188 2580 stasis.
2233 2528 2319 2581 IV.
2366 2529 2505 2603 Tres
2538 2528 2884 2598 hypostases
2913 2533 3080 2602 apud
3114 2526 3576 2603 scriptores'Ni-

1996 2610 2161 2652 caena
2199 2599 2428 2679 synodo
2460 2602 2849 2727 antisquiores.
2885 2599 2964 2657 νς
2993 2604 3148 2669 Quid
3176 2599 3441 2674 synodus
3469 2607 3575 2662 Ni-

1996 2682 2161 2723 czena
2190 2676 2440 2725 senserit
2471 2686 2545 2726 ex
2622 2714 2633 2725 .
2664 2673 3020 2727 Alexandro
3060 2682 3113 2727 et
3142 2676 3202 2727 S.
3234 2677 3575 2727 Athanasio

1996 2682 2161 2723 caena
2190 2672 2440 2725 senserit
2471 2686 2545 2726 ex
2573 2672 2633 2727 S.
2664 2673 3020 2729 Alexandro
3060 2682 3113 2730 et
3142 2672 3575 2733 SfAt/ianasio

1993 2745 2321 2819 spectatur.
2366 2743 2452 2796 Vl.
2498 2742 2975 2819 Occidentalium
3020 2750 3315 2802 sententia
3355 2750 3427 2804 de
3470 2750 3574 2819 hy-

1993 2812 2239 2888 postasi.
2272 2811 2599 2888 Quosensu
2652 2816 2855 2871 eadem
2896 2832 3014 2872 vox
3056 2825 3352 2888 usurpata
3383 2821 3445 2874 in
3474 2811 3575 2875 sa:-

1995 2881 2225 2936 laribus
2254 2884 2495 2939 scholis.
3200 2881 3217 2888 ’
3296 2910 3303 2917 ο

1995 2981 2034 3033 l.
2077 2980 2330 3035 Sanetus
2357 2981 2634 3048 Basilius,
2658 2988 2725 3039 ut
2754 2990 2881 3039 erat
2905 2987 3237 3042 acerrimus
3260 2987 3436 3042 trium
3468 2988 3576 3059 hy~

1923 3069 2256 3139 postasium
2291 3068 2591 3139 defensor,
2623 3072 2767 3128 dare
2799 3074 2991 3129 noluit
3036 3074 3398 3131 adversariis
3429 3078 3572 3146 suis,

1921 3173 2131 3214 vocem
2174 3158 2523 3230 hypostasis
2570 3161 2787 3218 eodem
2838 3178 3019 3218 sensu
3065 3180 3137 3219 ac
3182 3167 3507 3222 essentiam
3538 3183 3575 3223 a

1923 3247 2159 3317 synodo
2210 3248 2446 3303 Nicaana
2490 3255 2846 3323 usurpatam
2887 3252 3089 3308 fuisse.
3122 3254 3350 3311 Refellit
3380 3255 3574 3311 Basilii

1921 3335 2473 3409 interpretationem
2520 3342 2789 3396 Petavius
2821 3343 2919 3413 (l),
2950 3359 3207 3417 eamque
3247 3345 3364 3401 hoc
3395 3362 3572 3417 argu-

1922 3430 2127 3481 mento
2154 3426 2492 3498 impugnat,
2520 3430 2683 3500 quod
2706 3433 2811 3502 qui
2851 3434 2954 3487 isti
2989 3435 3216 3503 synodo
3247 3436 3575 3505 inter/uere

1920 3517 2134 3572 Patres
2178 3518 2389 3587 aliqui,
2432 3525 2541 3573 aut
2567 3521 2754 3588 paulo
2785 3527 2943 3577 certe
2976 3529 3183 3592 postea
3208 3526 3570 3593 ﬂoruerunt,

1922 3611 2048 3660 tum
2080 3606 2318 3661 collecti
2345 3607 2483 3662 aliis
2511 3608 2575 3662 in
2611 3609 2879 3678 synodis,
2911 3616 3037 3667 tum
3074 3616 3317 3669 seorsim
3346 3615 3577 3683 singuli

1923 3696 2216 3747 ὑπόστασιν
2251 3711 2364 3765 pro
2411 3697 2569 3769 οὐσίᾳ
2613 3707 3045 3768 sumpserunt:
3074 3703 3234 3771 quod
3261 3718 3571 3774 nunquam

183 3787 502 3842 secundum
540 3789 821 3845 volumen
866 3788 925 3842 in
966 3786 1161 3842 lucem
1213 3784 1415 3840 edidit.
1459 3783 1813 3839 Defunctum
1852 3804 1895 3861 ο
1919 3785 2219 3857 fecissent,
2251 3788 2305 3841 si
2334 3790 2709 3844 contrarium
2749 3791 2916 3859 apud
2939 3792 3202 3847 Niczam
3232 3799 3375 3849 ante
3398 3794 3571 3862 fecis-

177 3875 282 3932 hoc
324 3876 531 3933 labore
572 3878 875 3950 cupiditas
919 3875 1073 3932 bene
1117 3875 1191 3932 de
1226 3891 1289 3930 re
1328 3872 1730 3931 ecclesiastica
1759 3876 1817 3928 et

175 3964 448 4023 litteraria
494 3968 765 4024 merendi
815 3966 1117 4036 incitavit,
1167 3970 1233 4020 ut
1283 3964 1524 4021 tertium
1581 3968 1813 4019 tomum

173 4062 537 4126 repugnante
589 4056 940 4111 valetudine
996 4060 1256 4127 pararet.
1321 4054 1433 4111 Sed
1494 4052 1814 4121 languidos

170 4151 418 4200 conatus
468 4147 897 4217 ingravescens
953 4144 1203 4199 morbus
1262 4142 1535 4214 abrupit,
1595 4143 1813 4212 vixque

167 4232 480 4290 dimidium
519 4232 1033 4306 interpretationis
1077 4249 1203 4288 sua:
1240 4234 1684 4296 retractaverat,
1714 4245 1816 4301 ap-

167 4324 367 4393 positis
413 4340 445 4380 e
486 4324 864 4380 'l’illemontio
905 4322 1203 4378 historicis
1237 4322 1415 4393 notis,
1448 4337 1624 4393 quas,
1653 4319 1815 4390 abje-

165 4420 251 4467 cto
297 4413 640 4470 scribenda:
689 4414 755 4469 S.
786 4413 1004 4468 Basilii
1053 4413 1198 4467 Vita:
1241 4410 1515 4476 consilio,
1544 4424 1816 4465 necessa-

162 4502 282 4556 rias
319 4502 623 4569 ducebat;
655 4502 774 4569 vix,
815 4501 1090 4573 inquam,
1123 4500 1251 4556 haec
1275 4503 1645 4565 narraverat,
1677 4514 1817 4554 cum

162 4590 314 4646 vires
342 4592 586 4663 penitus
614 4590 979 4661 defecerunt,
1012 4607 1081 4646 ac
1127 4590 1373 4646 tandem
1403 4589 1568 4661 piam
1599 4593 1656 4643 et
1695 4588 1821 4643 lau-

158 4680 428 4735 dabilem
450 4681 637 4737 vitam
660 4679 923 4751 pretiosa
943 4680 1004 4734 in
1025 4682 1353 4751 conspectu
1376 4677 1609 4733 Domini
1629 4682 1820 4733 morte

156 4770 455 4827 conclusit
500 4785 671 4826 anno
719 4774 877 4838 £725,
904 4769 1001 4825 die
1032 4774 1061 4824 3
1090 4768 1267 4824 Junii.
1303 4767 1391 4823 Ad
1429 4766 1816 4833 desiderium,

155 4860 318 4931 quod
345 4860 514 4916 illius
545 4860 835 4915 virtutum
863 4862 1219 4914 ornamenta
1244 4856 1517 4912 omnium
1548 4860 1820 4911 nostrum

149 4950 375 5006 animis
422 4950 847 5015 incusserunt,
886 4947 1035 5003 illud
1081 4946 1338 5003 accessit
1385 4944 1704 5013 molestiae,
1757 4950 1822 5001 ut

146 5056 297 5113 Opus
327 5040 418 5095 ab
448 5038 705 5094 eruditis
734 5042 1173 5109 exspectatum,
1197 5036 1484 5109 quodque
1510 5034 1681 5091 multi
1708 5050 1821 5090 εει-θ

1922 3882 2070 3932 sent.
2107 3878 2234 3931 Duo
2263 3876 2646 3932 continentur
2684 3878 2800 3933 hac
2838 3879 3058 3934 Petavii
3096 3882 3405 3953 sententia,
3435 3898 3572 3955 quae

1920 3964 2097 4020 nobis
2126 3964 2557 4034 distinguenda
2581 3972 2739 4031 sunt,
2763 3969 3043 4039 quamvis
3067 3969 3197 4041 ipse
3222 3986 3343 4025 non
3369 3971 3574 4027 distin-

1922 4058 2101 4122 guat:
2136 4069 2279 4109 nam
2322 4069 2444 4109 non
2494 4054 2688 4110 solum
2735 4057 3028 4109 ὑπόστασιν
3062 4073 3173 4130 pro
3220 4059 3378 4131 οὐσίᾳ
3407 4076 3572 4115 sum-

1920 4148 2089 4215 ptam
2131 4159 2168 4199 a
2221 4143 2471 4199 Niczenis
2520 4144 2791 4200 Patribus
2842 4146 2960 4202 hoc
3012 4146 3144 4202 loco
3196 4148 3414 4213 fuisse,
3465 4150 3575 4205 sed

1921 4231 2104 4287 etiam
2134 4246 2320 4286 uuam
2352 4231 2412 4286 in
2443 4232 2631 4287 tribus
2656 4235 2932 4304 personis
2956 4235 3335 4307 hypostasim
3357 4237 3435 4293 ab
3459 4238 3576 4294 hac

1923 4320 2160 4391 synodo
2191 4323 2246 4375 et
2274 4320 2351 4375 ab
2392 4320 2524 4376 aliis
2566 4338 2722 4393 quos
2753 4322 2894 4379 citat
2924 4324 3194 4380 Patribus
3239 4326 3577 4383 admissam

1924 4409 2252 4467 contendit.
2285 4409 2774 4466 Examinandum
2819 4427 2961 4482 ergo
2992 4412 3167 4468 nobis
3198 4419 3289 4469 est
3317 4430 3393 4469 an
3421 4416 3576 4471 Basi-

1922 4498 2037 4554 lius
2066 4498 2127 4552 in
2153 4502 2405 4569 utroque
2431 4498 2967 4570 reprehendendus
2997 4502 3090 4567 sit,
3115 4506 3171 4557 et
3198 4502 3366 4573 quod
3388 4503 3578 4575 hypo-

1926 4590 2135 4645 stasim
2166 4588 2227 4643 in
2257 4588 2376 4643 fide
2407 4588 2646 4644 Nicaana
2676 4589 2838 4644 idem
2882 4590 3079 4646 valere
3110 4606 3180 4646 ac
3229 4594 3576 4660 essentiam,

1926 4682 1983 4735 et
2028 4677 2191 4749 quod
2242 4692 2431 4732 unam
2480 4677 2540 4733 in
2594 4677 2781 4733 tribus
2816 4680 3091 4751 personis
3131 4679 3510 4752 hypostasim
3543 4700 3579 4739 a

1928 4767 2162 4839 synodo
2193 4766 2530 4822 admissam
2561 4766 2742 4822 fuisse
2770 4769 3098 4838 negaverit.

2001 4860 2189 4913 Locus
2220 4872 2292 4911 ex
2335 4872 2457 4927 quo
2502 4855 2851 4926 ambigendi
2881 4862 3024 4914 nata
3062 4860 3335 4928 materia,
3367 4860 3582 4930 legitur

1928 4948 1988 5003 in
2018 4946 2158 5001 ﬁdei
2188 4944 2448 5001 formula
2494 4944 2572 5001 ab
2604 4945 2931 5011 Eustathio,
2965 4947 3306 5019 postulante
3340 4948 3578 5018 Basilio,

1930 5035 2295 5105 subscripta,
2348 5050 2484 5105 quas
2533 5039 2623 5090 est
2670 5034 2924 5106 epistola
2975 5040 3093 5102 125,
3127 5038 3270 5093 olim
3315 5042 3384 5092 78
3431 5038 3583 5093 inter

144 5146 250 5186 suo
274 5126 674 5200 jamdudum
718 5131 1010 5193 emerant,
1039 5141 1163 5182 non
1204 5131 1407 5182 tamen
1451 5124 1567 5179 cito
1610 5139 1819 5180 eorum
1854 5156 1900 5211 D
1932 5125 2280 5181 Basilianas.
2316 5124 2403 5179 lbi
2435 5122 2757 5211 Sabelliani
2802 5124 2895 5180 his
2934 5126 3152 5198 synodi
3190 5126 3389 5183 verbis
3420 5126 3585 5182 abuti

143 5221 440 5277 manibus
491 5219 555 5272 et
595 5215 837 5286 judiciis
883 5216 1178 5272 committi
1219 5218 1443 5287 posset.
1483 5215 1614 5269 lam
1663 5214 1813 5269 enim

1942 5214 2251 5269 dicuntur:
2323 5212 2439 5264 Ἐὰν
2507 5208 2567 5263 δέ
2626 5232 2702 5272 τις
2769 5217 2889 5285 λέγῃ
2959 5212 3013 5275 ἐξ
3080 5214 3249 5287 ἐτέρας
3305 5215 3490 5273 οὐσίας
3549 5214 3579 5271 ἦ

148 5312 408 5383 quisque
455 5305 742 5375 intelligit
781 5310 1079 5378 quantum
1128 5305 1355 5362 laboris
1386 5321 1458 5360 ex
1490 5319 1671 5376 opere
1718 5304 1825 5359 im-

200 5440 282 5509 (t)
329 5432 474 5491 Lib.
506 5446 590 5497 ιν,
620 5430 707 5486 De
740 5430 929 5496 Trin.,
962 5445 1098 5502 cap.
1131 5435 1175 5485 ί.

447 5531 700 5591 ΡΑ-ηιοι..
746 5529 844 5583 Gn.
890 5529 1086 5587 XXXII.

173 5749 625 6131 si")

1935 5304 2269 5363 ὑποστάσεως
2335 5304 2421 5353 τὸν
2483 5303 2598 5353 Υἱὸν
2655 5300 3019 5375 ἁναθεματίζει
3080 5306 3108 5360 ἠ
3178 5302 3425 5359 taedai;
3494 5308 3583 5357 καὶ

3272 5532 3293 5584 1
