4050 6202
462 230 481 282 1
500 232 522 282 ι
840 214 845 215 ⁷
1972 218 2076 272 PR.

2195 212 2357 275 mo.
3793 253 3851 304 ,2

455 350 774 407 ἀποστολική
810 348 1125 406 Ἐκκλησίαε
1159 348 1225 405 Si
1265 362 1403 404 vero
1446 346 1746 419 quispiam
1775 342 2000 401 dixerit
2030 356 2104 398 ex
2140 341 2188 395 Α
2217 342 2388 415 dum,
2422 351 2534 405 etsi
2563 352 2943 425 hypostasim
2976 372 3087 429 pro
3117 361 3381 417 essentia.
3408 362 3527 419 hoc
3554 364 3675 423 loco
3703 386 3850 427 sum.

454 440 581 497 alia
610 438 861 496 essentia
890 443 995 495 aut
1028 438 1339 509 hypostasi
1364 437 1592 492 Filium
1622 450 1759 506 esse,
1798 450 1931 492 eum
1956 446 2107 489 ana-

453 529 710 585 themate
759 529 906 599 ferit
960 528 1265 585 catholica
1321 533 1375 583 et
1430 526 1762 596 apostolica
1810 522 2102 579 Ecclesia.

452 617 673 673 Deinde
703 617 983 674 additur:
1017 616 1091 669 Οὑ
1130 620 1231 690 γὰρ
1271 618 1453 669 ταυτὸν
1485 614 1624 668 εἶπον
1670 614 1770 666 ἐκεῖ
1811 612 1992 664 οὐσίαν
2019 614 2106 661 καὶ

380 702 391 707 ’
452 709 766 764 ὑπόστασιν.
794 707 856 760 Εἰ
898 708 1002 778 γὰρ
1045 711 1167 778 μίαν
1216 711 1304 758 καὶ
1339 710 1433 763 τὴν
1471 705 1632 763 αὐτὴν
1664 700 1882 760 ἐδήλουν
1911 703 2103 753 insveta»

450 800 503 849 αἱ
544 802 726 869 φωναὶ,
759 800 837 857 τίς
875 800 1036 869 χρεία
1084 792 1144 853 ἧν
1189 795 1477 869 ἑκατέρων;
1513 793 1665 846 Ἀλλὰ
1706 788 1863 851 δῆλον
1900 791 2001 859 ὅτι,
2034 791 2102 850 ὡς

447 894 546 937 τῶν
586 888 676 957 μὲν
716 884 1035 958 ἀρνουμένων
1061 886 1118 937 τό
1159 882 1214 936 ἐκ
1252 892 1349 945 τῆς
1378 883 1564 943 οὐσίας
1589 878 1718 935 εἶναι
1755 887 1847 932 τοῦ
1880 881 2099 953 Πατρός,

448 982 547 1026 τῶν
580 970 651 1025 δὲ
701 972 967 1046 λε’]ὀνιίιον³
1021 976 1137 1025 οὔτε
1185 970 1239 1024 ἐκ
1286 980 1377 1032 τῆς
1431 971 1630 1037 οὐσίας,
1677 968 1785 1021 ἀλλ’
1838 967 1891 1030 ἐξ
1941 966 2099 1027 illi);

446 1066 585 1125 τινὸς
630 1064 986 1130 ὑποστάσεως,
1034 1062 1199 1124 οὕτως
1254 1060 1541 1136 ἀμφότερα,
1592 1063 1662 1122 ὡς
1718 1057 1962 1131 ἀλλότρια
2005 1063 2097 1109 τοῦ

444 1153 887 1211 ἐκκλησιαστιχοῦ
931 1156 1280 1225 φρονήματος,
1321 1149 1685 1226 ἀπηγόρευσαν
1710 1170 1723 1182 ·
1761 1146 1869 1201 ἐπεὶ
1909 1148 2099 1218 ὄπουγε

441 1247 499 1299 τὸ
549 1243 738 1296 ἑαυτῶν
784 1238 1004 1300 ἐδήλουν
1044 1246 1301 1315 φρόνημα,
1344 1239 1485 1293 εἷπον
1530 1238 1585 1291 ἐκ
1632 1248 1723 1299 τῆς
1775 1236 1957 1297 οὐσίας
2004 1242 2095 1288 τοῦ

442 1336 646 1406 Πατρός
693 1335 782 1385 τὸν
833 1334 987 1386 Υὶόν·
1039 1330 1213 1383 οὑιιέτι
1258 1331 1567 1405 προσθέντες
1618 1332 1708 1381 καὶ
1763 1329 1844 1393 τό,
1888 1345 1943 1379 εκ
1999 1333 2095 1387 τῆς

440 1423 793 1481 ὑποστάσεως.
824 1421 962 1478 Νοη
1008 1421 1163 1477 enim
1206 1419 1362 1477 idem
1408 1420 1697 1476 dixerunt
1735 1418 1866 1473 illic
1903 1430 2094 1473 essen-

436 1513 584 1570 tiam
633 1518 689 1569 et
740 1511 1131 1582 hypostasim.
1186 1510 1428 1566 Etenim
1482 1510 1538 1565 si
1585 1523 1711 1565 una
1776 1513 1829 1563 et
1889 1507 2091 1563 eadem

433 1604 597 1659 notio
633 1601 905 1671 subjecta
942 1599 1202 1667 vocibus,
1234 1599 1383 1672 quid
1419 1614 1568 1669 opus
1611 1604 1745 1654 erat
1787 1599 2093 1667 utraque?

2215 435 2353 528 psit,
2378 453 2500 528 non
2522 440 2748 499 idcirco
2770 460 2957 501 unam
2984 446 3046 501 in
3076 448 3268 504 tribus
3288 453 3569 521 personis
3591 455 3847 528 hyposta-

2217 523 2329 617 sim
2364 527 2723 586 admisisse:
2759 536 2876 588 tres
2915 538 3117 591 autem
3145 537 3517 610 hypostases
3551 523 3766 617 semper
3790 549 3842 604 in

2216 612 2467 686 Oriente,
2501 618 2711 674 saltem
2742 636 2778 675 a
2804 622 2967 677 Noeti
3014 626 3411 696 temporibus,
3441 612 3697 688 summo.
3726 651 3843 691 con-

2212 716 2396 792 sensu
2410 705 2691 774 viguisse.
2712 710 2948 766 Petavio
2965 714 3372 771 assentiuntur
3396 717 3494 773 alii
3512 719 3851 792 theologi,in

2209 791 2422 863 primis
2444 795 2871 853 Thomassinus
2891 801 2998 871 qui
3023 801 3082 856 in
3102 802 3259 859 libro
3282 807 3447 862 tertio
3468 809 3557 864 De
3579 791 3855 868 incarna-

2211 881 2367 937 tione
2406 883 2595 954 Verbi,
2623 902 2755 958 cap.
2788 892 2835 955 l,
2869 891 3194 955 contendit,
3228 909 3345 949 non
3376 896 3491 951 nisi
3525 907 3859 957 senescente

2209 977 2425 1041 quarto
2445 973 2727 1029 Ecclesiae
2757 979 2976 1033 szculo
3007 980 3345 1049 hypostasis
3377 1000 3583 1041 nomen
3615 988 3690 1042 ab
3726 992 3855 1047 usia

2205 1073 2307 1148 seu
2321 1062 2570 1117 essentia
2586 1063 3067 1124 discriminatum
3081 1084 3223 1136 esse,
3236 1070 3416 1144 idque
3429 1073 3616 1130 allatis
3636 1079 3853 1148 synodi

2206 1147 2459 1204 Nicaeum
2485 1154 2543 1206 et
2581 1151 2886 1209 Athanasii
2932 1157 3288 1214 testimoniis
3326 1161 3557 1218 edicere
3586 1147 3841 1222 conatur.

2278 1240 2342 1293 ll.
2386 1241 2607 1295 Fucum
2632 1242 3000 1301 doctissimis
3022 1246 3162 1302 viris
3192 1247 3329 1304 fecit
3348 1250 3690 1323 hypostasis
3715 1257 3845 1312 voci

2204 1325 2484 1396 subjecta
2507 1327 2806 1385 interdum
2834 1334 3104 1389 essentiae
3124 1336 3527 1413 _signiﬁcatio;
3550 1346 3605 1396 et
3624 1344 3847 1413 quoties

2202 1414 2406 1472 vident
2448 1417 2611 1489 apud
2660 1419 2941 1492 antiquos
2981 1424 3300 1496 scriptores
3330 1426 3710 1500 hypostasim
3738 1433 3850 1490 hoc

2202 1520 2382 1560 sensu
2403 1508 2699 1577 usurpari,
2726 1507 2865 1564 inde
2892 1512 3258 1571 concludunt
3280 1532 3466 1572 unam
3494 1519 3587 1574 his
3612 1520 3844 1593 scripto-

2199 1593 2368 1651 ribus
2390 1594 2771 1666 hypostasim
2793 1597 3049 1669 placere.
3065 1607 3134 1658 At
3157 1603 3484 1674 plurimum
3502 1615 3706 1678 peccat
3721 1611 3841 1667 haec

431 1691 550 1748 Sed
594 1691 985 1762 perspicuum
1034 1694 1149 1759 est,
1200 1689 1341 1745 aliis
1397 1687 1636 1759 quidem
1690 1686 1960 1756 (Filium)
2017 1699 2092 1741 ea:
2131 1691 2171 1744 Β
2200 1683 2449 1740 rationis
2469 1685 2796 1742 conclusio.
2823 1691 2971 1744 Nam
2996 1691 3173 1747 trium
3196 1692 3619 1766 hypostasium
3638 1702 3843 1757 acerri-

430 1781 639 1838 Patris
678 1780 934 1838 essentia
978 1793 1101 1835 esse
1143 1777 1528 1848 negantibus,
1560 1777 1698 1832 aliis
1728 1790 1867 1832 vero
1904 1789 2094 1845 neque

430 1885 506 1927 ex
558 1871 815 1927 essentia
871 1883 1026 1937 esse,
1074 1867 1180 1925 sed
1234 1881 1309 1923 ex
1365 1867 1578 1937 aliqua
1634 1864 1943 1934 hypostasi
2006 1864 2092 1919 di-

429 1960 721 2028 centibus,
766 1959 905 2015 illos
961 1959 1049 2014 ita
1096 1957 1333 2014 demum
1387 1960 1707 2027 utramque
1752 1953 2089 2023 opinionem

426 2056 721 2122 tanquam
760 2063 801 2106 a
839 2048 1137 2105 sententia
1180 2046 1585 2103 ecclesiastica
1630 2045 1893 2101 alienam
1937 2044 2088 2112 reje-

426 2144 595 2197 cisse.
635 2139 791 2196 Nam
842 2137 945 2193 ubi
980 2151 1150 2194 suam
1200 2136 1469 2205 ipsorum
1515 2133 1916 2191 declarabant
1962 2147 2090 2189 sen-

427 2230 695 2300 tentiam,
736 2229 1026 2285 dixerunt
1066 2241 1141 2283 ea:
1183 2226 1436 2283 essentia
1466 2223 1673 2281 Patris
1700 2223 1926 2279 Filium
1965 2237 2085 2278 non

425 2320 688 2391 amplius
718 2316 1075 2388 adjicientes
1105 2316 1286 2382 illud,
1319 2330 1395 2371 ex
1426 2314 1760 2384 hypostasi.

496 2413 625 2467 Non
660 2407 835 2464 facile
864 2412 952 2464 est
994 2410 1253 2463 statuere
1305 2419 1604 2477 quosnam
1634 2402 1947 2458 haereticos
1971 2400 2083 2457 Ba-

424 2500 612 2567 silius,
637 2497 717 2554 ob
752 2495 872 2553 Filii
902 2496 1195 2567 originem
1221 2510 1295 2550 ex
1325 2493 1445 2550 alia
1468 2508 1654 2565 quam
1681 2491 1868 2548 Patris
1894 2491 2084 2562 hypo-

425 2589 574 2647 stasi
603 2586 948 2657 deductam,
983 2600 1020 2642 a
1058 2584 1297 2657 synodo
1336 2587 1577 2639 notatos
1620 2581 1800 2637 dicat.
1843 2579 2083 2634 Videtur

422 2679 519 2736 vel
564 2675 1013 2735 Valentinianos
1061 2674 1283 2743 dicere,
1327 2676 1395 2728 ut
1434 2670 1737 2728 existimat
1778 2667 2078 2736 Petavius,

421 2769 528 2841 qui
557 2783 631 2825 ex
655 2764 940 2823 collatitia
968 2763 1131 2819 velut
1160 2762 1311 2834 stipe
1340 2760 1418 2817 ab
1448 2758 1720 2819 monibus
1751 2758 2077 2814 conﬂatum

421 2872 552 2914 esse
591 2858 793 2912 Jesum
839 2852 1221 2918 asserebant;
1254 2850 1350 2907 vel
1385 2848 1714 2920 generatim
1746 2846 2077 2915 Gnosticos,

420 2946 526 3020 qui
556 2944 860 3002 Christum
888 2957 1015 2999 non
1041 2940 1254 2997 mundi
1284 2939 1589 3008 creatoris,
1624 2938 1729 2993 sed
1756 2936 1944 3006 ignoti
1975 2951 2074 2990 cu-

2199 1789 2338 1829 mus
2368 1773 2651 1830 defensor
2673 1776 2920 1832 Basilius
2948 1796 3107 1851 saepe
3132 1781 3516 1853 hypostasim
3534 1786 3650 1843 hoc
3668 1804 3842 1846 sensu

2198 1862 2437 1934 accipit.
2470 1862 2560 1919 Ait
2604 1864 2665 1919 in
2713 1864 2867 1921 libro
2910 1869 2994 1923 De
3038 1868 3270 1937 Spiritu
3311 1880 3545 1941 sancto,
3576 1892 3707 1949 cap.
3755 1883 3836 1943 16,

2198 1966 2261 2023 p.
2293 1954 2381 2019 33,
2414 1951 2695 2023 Spiritum
2742 1959 3020 2011 sanctum
3068 1958 3324 2026 gratiam
3373 1978 3547 2018 suam
3578 1964 3841 2024 conferre

2197 2039 2449 2110 angelis,
2484 2041 2572 2102 Εἰς
2597 2045 2684 2093 τόν
2717 2042 3047 2117 ἀπαρτισμὸν
3073 2052 3162 2100 καὶ
3195 2049 3571 2123 συμπλήρωσιν
3600 2060 3690 2114 τῆς
3718 2056 3842 2107 ὑποο

2199 2131 2428 2189 στάσεως
2449 2129 2635 2201 αὐτῶν,
2662 2133 2732 2187 In
2756 2132 2866 2189 hoc
2889 2139 2953 2189 ut
2974 2137 3331 2204 perﬁciatur
3358 2142 3842 2214 compleaturque

2193 2218 2442 2275 illorum
2470 2220 2832 2277 substantia-
2865 2225 2992 2278 Non
3024 2229 3218 2295 potest
3247 2226 3363 2283 hoc
3392 2228 3528 2285 loco
3553 2232 3837 2295 ὑπόστασις

2192 2306 2360 2363 aliter
2388 2307 2579 2380 accipi
2618 2324 2688 2365 ac
2727 2310 2903 2365 οὐσία.
2930 2312 3073 2368 Hinc
3100 2314 3160 2369 in
3187 2316 3402 2372 eodem
3432 2319 3645 2391 capite,
3668 2336 3727 2392 p.
3750 2325 3841 2390 32,

2191 2397 2479 2452 sanctitas
2524 2396 2742 2455 dicitur
2783 2415 2913 2455 esse
2944 2408 3120 2459 extra
3164 2404 3563 2464 substantiam
3594 2410 3841 2479 angelo-

2190 2501 2325 2542 rum
2356 2486 2535 2548 ἔξωθεν
2584 2495 2672 2547 τῆς
2722 2488 2926 2553 οὐσίας,
2956 2491 3101 2561 quia
3131 2495 3512 2552 sanctitatem
3541 2498 3839 2570 accipiunt

2190 2590 2228 2630 a
2258 2574 2476 2646 Spiritu
2506 2582 2733 2644 sancto,
2766 2593 2875 2633 nec
2902 2594 3038 2635 eam
3069 2596 3105 2636 a
3135 2597 3243 2637 sua
3272 2582 3546 2654 ipsorum
3586 2588 3843 2644 essentia

2188 2662 2436 2719 habent.
2474 2664 2705 2721 Similer
2745 2666 2850 2722 lib.
2885 2685 2920 2723 v
2968 2669 3257 2727 adversus
3304 2672 3586 2744 Eunom.,
3626 2691 3686 2747 p.
3713 2680 3842 2749 321,

2188 2753 2388 2809 omnis
2432 2755 2771 2811 substantia
2806 2756 3110 2827 justorum
3143 2775 3179 2815 a
3216 2762 3433 2833 Spiritu
3478 2764 3839 2822 sanctiﬁcari

2186 2840 2430 2898 dicitur:
2458 2849 2614 2896 Πᾶσα
2641 2845 2933 2909 ὑπόστασις
2960 2844 3226 2906 δικαίων..
3249 2892 3262 2905 .
3301 2852 3569 2921 ἡγίασται.
3596 2856 3658 2908 In
3677 2852 3835 2911 libro

2188 2932 2477 2997 secundo,
2507 2949 2567 3004 p.
2602 2937 2726 3001 252,
2753 2938 2942 2991 totam
2971 2939 3158 2993 Patris
3188 2943 3461 2996 naturam
3487 2941 3570 2997 ait
3597 2942 3660 2997 in
3690 2942 3839 3000 Filio

416 3019 665 3105 jusdam
706 3032 803 3089 dei
830 3029 1021 3086 ﬁlium
1052 3044 1183 3084 esse
1226 3026 1555 3098 ﬁngebant.
1592 3024 1937 3097 Legendum
1967 3039 2075 3095 pu-
2117 3044 2157 3100 ρ
2186 3019 2451 3092 imprimi
2491 3022 2653 3078 velut
2688 3023 2749 3079 in
2791 3024 3020 3094 sigillo:
3055 3031 3159 3083 aut
3185 3028 3705 3099 quemadmodum
3737 3049 3841 3089 ar-

421 3125 510 3179 tat
547 3119 964 3182 Combeﬁsius,
992 3122 1057 3174 ut
1084 3121 1174 3174 est
1208 3116 1270 3172 in
1299 3131 1424 3172 uno
1467 3115 1672 3171 codice
1713 3129 1865 3169 mss.
1907 3115 1987 3165 ὅτι
2025 3111 2078 3175 ἐξ

422 3211 627 3278 οὐσίας,
660 3210 800 3265 aliis
835 3223 911 3264 ea:
938 3208 1193 3265 essentia
1230 3207 1403 3261 illum
1435 3205 1673 3275 quidem
1704 3218 1844 3269 esse,
1874 3203 1979 3259 sed
2002 3217 2077 3261 ex

420 3302 549 3358 alia
578 3299 891 3369 hypostasi
913 3296 1263 3352 dicentibus.
1289 3293 1406 3349 Sed
1432 3293 1564 3347 haec
1592 3291 1957 3348 emendandi
1986 3307 2075 3348 ra-

420 3390 503 3446 tio
525 3404 634 3444 nec
655 3387 853 3442 lucem
874 3383 1067 3447 affert,
1084 3398 1197 3438 nec
1217 3380 1630 3437 difﬁcultatem
1650 3380 1883 3436 minuit.
1905 3380 2078 3452 Equi-

421 3478 562 3533 dem
600 3491 726 3532 non
754 3474 973 3530 invitus
1004 3471 1338 3528 concedam
1364 3469 1604 3526 Petavio
1632 3468 1784 3524 nihil
1824 3469 2074 3524 omnino

422 3566 499 3624 de
520 3563 816 3638 ejusmodi
840 3561 1132 3619 haereticis
1161 3558 1586 3633 pronuntiasse
1612 3557 1940 3629 synodum,
1963 3572 2074 3613 nec

418 3656 564 3713 satis
594 3654 770 3710 ﬁrmo
790 3654 1149 3722 argumento
1176 3648 1457 3707 Basilium
1483 3647 1609 3714 niti,
1634 3647 1782 3703 dum
1804 3646 1898 3702 his
1917 3646 2072 3702 voci-

415 3746 644 3814 bus,e:c
667 3744 793 3799 alia
818 3741 1071 3799 essentia
1100 3745 1207 3797 aut
1234 3735 1736 3809 hypostasi,duas
1764 3752 1861 3792 res
1892 3736 2070 3806 signi-

414 3833 585 3890 ﬁcari
612 3831 930 3905 pertendit.
961 3828 1114 3886 Nihil
1143 3827 1306 3884 enim
1336 3830 1493 3883 vetat
1521 3825 1800 3883 eamdem
1830 3829 2069 3882 senten-

413 3925 562 3981 tiam
581 3920 832 3979 diversis
850 3919 1047 3977 verbis
1068 3917 1414 3976 conﬁrmari
1429 3934 1442 3971 :
1460 3932 1656 3988 neque
1676 3916 1807 3972 haec
1826 3915 1888 3971 in
1908 3932 2068 3988 sym-

412 4013 555 4070 bolo
576 4012 815 4069 Niceeno
836 4009 1127 4066 damnata
1150 4005 1503 4080 propositio,
1526 4006 1680 4061 Erat
1709 4005 2063 4077 aliquando,

411 4102 653 4175 quando
684 4116 806 4157 non
839 4104 990 4166 erat,
1014 4096 1321 4153 dissimilis
1346 4099 1435 4151 est
1455 4094 1751 4167 sequenti,
1773 4095 1908 4151 Non
1933 4100 2065 4151 erat

409 4198 731 4263 antequam
756 4192 1126 4246 nasceretur.
1158 4185 1401 4242 Videtur
1422 4199 1566 4255 ergo
1596 4183 1761 4240 idem
1789 4183 2064 4240 evenisse

406 4282 655 4345 Basilio,
675 4278 841 4352 quod
869 4277 1173 4334 interdum
1196 4275 1492 4347 optimam
1519 4273 1876 4330 sententiam
1898 4277 2064 4330 tuen-

2186 3109 2335 3165 tium
2367 3110 2706 3168 substantia
2734 3128 2808 3168 ex
2851 3113 3208 3171 docentibus
3250 3117 3311 3173 in
3347 3118 3680 3191 discipulos
3708 3126 3841 3179 tota

2185 3200 2416 3272 transit,
2458 3202 2611 3253 ὁποία
2656 3210 2756 3254 τῶν
2802 3212 2998 3275 τεχνῶν
3030 3207 3058 3263 ἠ
3093 3207 3385 3271 ὑπόστασις
3428 3206 3482 3260 ἐκ
3521 3218 3619 3261 τῶν
3668 3207 3838 3264 διδα-

2187 3293 2412 3341 σκόντων
2438 3290 2528 3348 ὅλη
2560 3297 2670 3353 τοῖς
2698 3293 3136 3365 μαθητιυομένοις
3162 3294 3487 3369 ἐγγινομένη,

2256 3379 2573 3448 Gregorius
2623 3381 3045 3446 Nazianzenus,
3094 3384 3267 3455 cujus
3321 3403 3569 3444 summa
3622 3389 3843 3447 exstitit

2183 3481 2323 3522 cum
2366 3467 2583 3523 Basilio
2624 3469 2687 3524 in
2731 3470 2921 3526 tribus
2968 3466 3399 3544 hypostasibus
3436 3476 3844 3535 defendendis

2182 3557 2522 3629 consensio,
2556 3558 2826 3616 divinam
2863 3563 3184 3618 essentiam
3212 3563 3554 3635 hypostasis
3582 3568 3842 3627 nomine

2180 3645 2458 3716 designat
2499 3647 2561 3703 in
2600 3654 2754 3705 orat.
2784 3652 2873 3718 34,
2903 3667 2965 3723 p.
2999 3654 3122 3723 542,
3148 3651 3249 3707 ubi
3278 3652 3351 3707 de
3391 3656 3512 3710 Deo
3536 3659 3596 3710 et
3636 3655 3715 3712 de
3751 3656 3834 3713 iis

2177 3751 2313 3808 quae
2334 3736 2495 3793 circa
2524 3740 2711 3794 Deum
2739 3739 3171 3811 praedicantur,
3194 3741 3280 3797 sic
3306 3740 3602 3814 loquitur:
3633 3750 3696 3798 Ti
3719 3748 3833 3819 γὰρ

2177 3829 2286 3877 ὄντι
2316 3825 2455 3896 αὐτῷ
2499 3829 2634 3879 κατὰ
2662 3832 2757 3887 τὴν
2805 3831 2960 3899 φύσιν
2991 3834 3079 3881 καὶ
3127 3835 3222 3889 τὴν
3250 3833 3561 3900 ὑπόστασιν,
3594 3834 3832 3907 ὑπάρχιι

2173 3918 2231 3967 τό
2260 3918 2332 3987 μὴ
2368 3914 2542 3990 ἀρχὴν
2572 3918 2713 3987 ἔχειν
2743 3913 2882 3989 μηδέ
2912 3917 3243 3988 ἐξίστασθαι,
3270 3917 3409 3992 μηδὲ
3446 3926 3836 3997 περατοῦσθαι,

2176 4003 2303 4057 ἀλλὰ
2321 4005 2432 4058 ὅλον
2454 4010 2512 4058 τό
2535 4003 2663 4059 εἶναι
2691 4006 3109 4080 περιλαμϐάνειν,
3134 4008 3362 4064 λείπεται
3390 4012 3840 4085 προσγιλοσογεῖν

2170 4113 2224 4148 τι
2252 4100 2339 4148 καὶ
2368 4096 2797 4171 προσεξετάζιιν·
2832 4097 2948 4165 Qui
2988 4100 3145 4156 enim
3183 4103 3508 4159 secundum
3538 4110 3837 4162 naturam

2171 4191 2227 4241 et
2276 4185 2641 4256 hypostasim
2691 4189 3021 4258 exsistenti,
3053 4193 3367 4249 conveniat
3414 4194 3471 4249 ei
3506 4209 3612 4251 nec
3654 4195 3839 4264 prin-

2171 4276 2391 4344 cipium
2423 4276 2662 4347 habere,
2694 4294 2800 4334 nec
2842 4292 2880 4334 a
2927 4294 2989 4335 se
3026 4295 3291 4351 unquam
3339 4282 3681 4351 desciscere,
3714 4299 3839 4341 nec

407 4370 569 4427 tibus
615 4369 833 4431 evenit,
874 4372 941 4423 ut
984 4366 1048 4422 in
1086 4366 1160 4422 iis
1202 4364 1508 4421 solvendis
1549 4378 1688 4436 quae
1737 4363 2061 4421 adversarii
2088 4392 2135 4448 ι)
2167 4365 2289 4435 ﬁne
2320 4367 2450 4422 ullo
2500 4367 2820 4423 terminari
2859 4369 2963 4423 sed
2999 4374 3187 4427 totum
3232 4386 3354 4428 esse
3395 4373 3728 4444 complecti,
3762 4375 3841 4431 id

404 4460 729 4531 objiciunt,
787 4457 991 4512 minus
1047 4454 1368 4511 commode
1418 4458 1752 4511 versentur.
1818 4452 2061 4509 Difﬁcile

403 4549 567 4606 enim
597 4553 686 4604 est
712 4562 837 4603 non
868 4545 1039 4603 fateri
1076 4544 1172 4601 his
1194 4544 1420 4615 verbis,
1453 4559 1527 4600 ex
1565 4546 1694 4601 alia
1728 4544 2057 4614 hypostasi,

403 4638 731 4696 essentiam
781 4635 1107 4707 designari.
1159 4634 1274 4691 Sed
1320 4634 1662 4690 levissimus
1707 4634 1804 4690 hic
1864 4632 2061 4690 Basilii

399 4743 609 4783 naevus
641 4730 750 4791 est,
783 4740 896 4782 nec
921 4740 1121 4781 causae
1151 4739 1457 4780 summam
1483 4722 1738 4793 attingit,
1769 4739 1905 4796 quae
1934 4727 2059 4781 tota

397 4816 741 4873 vertebatur
785 4814 901 4871 hoc
945 4813 1209 4878 cardine,
1250 4818 1453 4869 utrum
1496 4812 1767 4887 synodus
1816 4813 2058 4870 Nicaeus

396 4920 582 4961 unam
631 4903 690 4960 in
739 4902 931 4959 tribus
978 4901 1255 4975 personis
1284 4901 1659 4974 hypostasim
1689 4902 2052 4960 admisisset.

398 4994 643 5053 Etiamsi
693 4992 946 5049 Basilius
996 4993 1171 5048 unius
1215 4992 1539 5049 testimonii
1589 4991 2051 5064 explicationem

393 5085 634 5155 longius
659 5086 908 5155 repetat,
938 5080 1173 5138 etiamsi
1202 5081 1531 5138 concedere
1558 5081 1915 5138 adversariis
1946 5097 2055 5139 no-

391 5174 474 5243 lit,
498 5173 667 5248 quod
685 5172 975 5230 incolumi
996 5188 1106 5229 sua
1126 5187 1311 5228 causa
1341 5171 1672 5228 concedere
1701 5176 1961 5244 poterat;
1989 5172 2051 5229 in

394 5279 465 5321 eo
505 5270 660 5322 certe
696 5262 918 5337 synodi
945 5267 1212 5318 mentem
1241 5261 1689 5317 accuratissime
1720 5263 2047 5335 perspexit,

393 5353 563 5424 quod
608 5358 728 5410 tres
772 5353 1132 5426 hypostases
1162 5350 1243 5407 ab
1286 5366 1358 5406 ea
1401 5350 1672 5407 sublatas
1714 5353 2045 5422 negaverit.

392 5444 584 5513 Atque
611 5442 675 5498 id
704 5442 953 5515 quidem
994 5439 1173 5498 nobis
1217 5438 1402 5513 paulo
1444 5440 1781 5496 accuratius
1827 5442 2049 5499 exami-

390 5530 668 5591 nandum
698 5536 810 5601 est,
837 5547 909 5589 ac
946 5527 1491 5590 demonstrandum
1529 5529 1834 5589 Nicaeum
1859 5546 2043 5605 syno-

2164 4460 2461 4524 praeterea
2497 4456 3048 4526 philosophandum
3091 4464 3147 4516 et
3186 4460 3612 4532 inquirendum
3640 4463 3841 4520 relin~

2168 4547 2395 4618 quitur.

2241 4634 2493 4706 Cyrillus
2524 4635 3122 4709 Hierosolymitanus,
3144 4654 3329 4711 quem
3354 4654 3493 4695 cum
3516 4641 3573 4696 S.
3597 4637 3846 4698 Meletio

2167 4728 2224 4780 et
2267 4723 2399 4780 aliis
2429 4725 2610 4781 trium
2651 4726 3077 4800 hypostasium
3118 4728 3541 4785 defensoribus
3571 4730 3847 4801 conjun-

2166 4813 2464 4869 tissimum
2494 4814 2677 4871 fuisse
2703 4820 2962 4885 constat,
2993 4816 3297 4873 interdum
3326 4818 3675 4891 hypostasis
3710 4834 3843 4875 no-

2162 4906 2326 4960 mine
2371 4903 2772 4961 substantiam
2800 4904 3092 4976 intelligit.
3128 4906 3222 4964 Sic
3263 4908 3427 4964 enim
3468 4908 3730 4980 loquitur
3757 4908 3843 4966 in

2162 4998 2276 5049 cat.
2307 4996 2358 5063 6,
2386 5008 2447 5049 n.
2473 4998 2502 5048 5
2533 5011 2545 5048 :
2577 4993 2966 5056 Ἀκατάληπτός
3014 4994 3154 5048 ἐστιν
3194 4998 3223 5053 ἡ
3275 4998 3566 5059 ὑπόστασις
3595 4998 3624 5053 ἡ
3660 4998 3786 5050 θεία
3816 5019 3835 5033 ο

2161 5082 2602 5153 Comprehendi
2656 5100 2776 5140 non
2830 5088 3024 5154 potest
3072 5084 3414 5143 substantia
3468 5087 3709 5156 divina,“
3763 5093 3845 5147 et

2159 5177 2274 5229 cat.
2321 5177 2407 5243 t6,
2434 5172 2509 5229 de
2548 5172 2767 5245 Spiritu
2792 5170 3048 5245 loquens
3092 5175 3209 5230 ait:
3242 5178 3401 5228 Φύσιν
3430 5172 3489 5230 δὴ
3517 5177 3546 5235 ἡ
3580 5177 3842 5231 ὑπόστα-

2162 5281 2243 5314 σιν
2285 5268 2357 5335 μὴ
2403 5261 2863 5334 πολυπραγμόνειε
2912 5263 3218 5321 Naturam
3258 5270 3365 5322 aut
3407 5266 3838 5326 substantiam

2155 5368 2232 5409 ne
2256 5354 2486 5409 curiose
2508 5352 2845 5422 investiges.

2230 5443 2323 5499 Sic
2366 5441 2547 5498 etiam
2590 5441 2962 5515 Epiphanius
3004 5442 3310 5500 interdum
3357 5445 3650 5499 ὑπόστασιν
3698 5462 3841 5519 pro

2155 5532 2313 5605 οὐσίᾳ
2342 5531 2546 5604 sumit,
2572 5530 2737 5589 velut
2760 5547 2900 5589 cum
2938 5531 3021 5591 ait
3056 5532 3272 5593 haeres.
3305 5550 3484 5603 mm,
3517 5550 3579 5592 n.
3610 5538 3664 5608 4,
3698 5542 3837 5590 Μία
