4062 6208
196 314 263 367 ,3
1716 297 2109 357 PREFATIO.
2200 372 2202 375 _
3542 317 3608 373 ιι

176 438 354 493 Θώτης
426 438 531 490 τῆς
600 429 766 489 αὐτῆς
830 426 1101 501 δυνάμεως
1133 470 1146 496 ,
1225 435 1322 489 τῆς
1396 427 1555 501 αὐτῆς
1620 423 1848 476 ὗποστοὶ-
1876 422 1923 478 Α
1961 420 2022 475 δὲ
2058 428 2148 476 καὶ
2188 425 2331 500 παρὰ
2376 431 2487 489 τοῖς
2525 426 2738 489 Ἰταλοῖς
2785 430 2988 503 ὁμοίως,
3040 431 3145 485 ἀλλ’
3194 433 3254 486 οὐ
3303 432 3609 510 δυναμένοις

181 542 320 582 seu:
390 521 527 577 Una
574 519 889 590 divinitas,
961 518 1221 588 ejusdem
1264 518 1527 585 virtutis,
1586 514 1848 584 ejusdem

184 611 543 681 hypostasis.
572 607 743 662 Idem
786 612 991 663 tamen
1038 607 1357 674 sentiebat,
1403 612 1537 679 τρεῖς
1576 603 1852 675 ἀναγκαῖον

192 696 334 752 dum
387 700 477 757 τὰς
527 697 866 759 ὑποστάσεις,
927 694 1223 767 ὁμολογεῖν,
1277 708 1509 750 necesse
1567 707 1689 748 esse
1736 696 1855 746 tres

208 790 535 858 hypostases
554 786 854 854 conﬁteri,
888 784 1072 857 idque
1103 784 1411 856 conceptis
1455 781 1656 838 verbis
1702 779 1855 835 Basi-

207 878 288 933 lio
312 876 637 947 scripserat,
670 874 775 947 qui
796 874 957 929 hanc
979 873 1137 929 illius
1167 873 1504 929 doctrinam
1526 869 1856 943 plurimum

205 965 389 1023 laudat
425 966 490 1019 in
530 964 708 1035 epist.
752 967 882 1019 258.
942 964 1135 1028 Quare
1179 962 1318 1018 vitio
1365 977 1491 1018 non
1522 962 1685 1017 caret
1721 957 1856 1030 Epi-

205 1054 387 1129 phanii
434 1056 761 1109 contextus
812 1052 872 1107 in
920 1054 1248 1122 Ancorato,
1279 1067 1341 1107 n.
1376 1055 1427 1119 6,
1461 1050 1566 1106 ubi
1606 1049 1689 1104 sic
1719 1046 1861 1117 legi-

199 1152 309 1199 tur:
364 1142 489 1195 ἐὰν
537 1145 641 1215 γὰρ
699 1145 849 1214 εἴπῃς
896 1144 954 1193 τὸ
993 1143 1292 1212 ὀμοούσιον,
1334 1140 1527 1201 ἔλυσας
1583 1135 1857 1196 Σαϐελλίου

188 1240 266 1291 τήν
313 1230 571 1303 δύναμιν·
626 1232 756 1283 ὅπου
805 1232 909 1305 ’γὰρ
966 1232 1265 1303 ὁμοούσιον,
1326 1234 1451 1302 μιᾶς
1514 1228 1858 1281 ὑποστάσεώς

181 1322 287 1374 ἐστι
316 1318 643 1378 δηλωτικόν.
685 1319 1044 1375 Addendam
1079 1335 1209 1375 esse
1248 1317 1636 1389 negationem
1682 1331 1753 1371 ac
1782 1314 1861 1369 le‘

182 1411 451 1481 gendum
485 1410 546 1461 οὐ
577 1416 700 1482 μιᾶς
730 1408 882 1464 vidit
910 1409 1038 1481 ipse
1070 1408 1371 1472 Petavius,
1404 1406 1509 1480 qui
1548 1406 1633 1461 sic
1676 1404 1862 1460 inter-

181 1504 497 1571 pretatur:
556 1498 922 1568 Usurpando
973 1497 1507 1554 consubstantialis
1559 1494 1855 1551 vocabulo

182 1589 439 1645 Sabellii
463 1589 653 1643 robur
682 1588 1015 1658 infringis:
1045 1603 1166 1644 non
1196 1587 1355 1644 enim
1381 1584 1859 1642 consubstantia-

183 1680 253 1735 lis
277 1695 398 1735 vox
424 1679 807 1748 singularem
840 1677 1210 1748 hypostasim
1238 1677 1567 1748 signiﬁcat.

1961 509 2057 565 διὰ
2114 518 2391 574 στενότητα
2441 524 2537 577 τῆς
2573 517 2697 591 παρ’
2751 517 2928 580 αὐτοῖς
2981 521 3216 591 γλώττης
3267 528 3356 576 καὶ
3418 509 3610 598 ὄνομά-

1958 621 2059 654 των
2111 608 2308 676 πενίαν,
2370 602 2553 657 δειλεῖν
2606 605 2706 659 ἀπὸ
2753 615 2849 670 τῆς
2906 608 3087 672 οὐσίας
3144 616 3237 671 τὴν
3290 615 3605 684 ὑπόστασιν,

1962 697 2050 743 καὶ
2101 688 2193 744 διὰ
2237 701 2390 746 τοῦτο
2446 694 2857 768 ἀντεισαγούσης
2904 696 3046 772 [leg.
3105 699 3495 776 ἁντεισάγουσι]
3543 708 3609 758 τὰ

1961 785 2238 856 πρόσωπα·
2270 782 2351 835 ἵνα
2380 787 2450 855 μὴ
2483 791 2616 857 τρεῖς
2644 785 2822 838 οὐσίαι
2850 784 3281 862 παραδειχθῶσι,
3310 795 3364 844 τί
3386 798 3605 864 ﬂutat;

1967 871 2055 934 Ὠς
2082 872 2190 923 λίαν
2228 872 2423 945 γελοῖον
2475 876 2505 933 ἢ
2552 874 2781 929 ἐλεεινόν·
2830 881 3057 941 πίστεως
3104 876 3247 943 ἔδοξε
3285 877 3531 957 διαφορά,
3573 885 3605 942 ἠ

1964 967 2080 1035 περὶ
2117 967 2203 1014 τόν
2248 960 2384 1035 ἦχον
2430 965 2763 1040 μικρολογία.
2812 969 2971 1025 Nam
3014 984 3149 1025 cum
3187 974 3442 1030 essentia
3485 990 3611 1031 una

1966 1056 2021 1106 et
2061 1056 2177 1107 tres
2220 1052 2560 1123 hypostases
2602 1071 2639 1111 a
2685 1056 2861 1113 nobis
2899 1058 3001 1127 pie
3045 1059 3394 1117 dicerentur
3428 1062 3615 1135 (quod

1966 1141 2226 1197 alterum
2264 1142 2603 1200 divinitatis
2640 1151 2949 1215 naturam,
2981 1148 3237 1206 alterum
3266 1151 3452 1208 trium
3473 1168 3615 1223 per-

1965 1244 2250 1285 sonarum
2273 1234 2679 1302 proprietates
2705 1235 3014 1303 declaret),
3043 1244 3224 1311 atque
3256 1242 3457 1299 eodem
3486 1243 3615 1315 qui-

1967 1319 2096 1374 dem
2118 1320 2290 1375 modo
2312 1322 2479 1390 apud
2497 1323 2794 1381 Romanos
2812 1326 3319 1398 intelligerentur,
3337 1337 3614 1390 caeterum

1968 1407 2037 1462 ob
2070 1408 2293 1479 lingua
2328 1410 2495 1466 illius
2524 1414 2866 1484 angustiam
2897 1421 2951 1472 et
2981 1418 3295 1476 verborum
3323 1422 3613 1493 inopiam,

1968 1496 2336 1567 hypostasim
2353 1498 2427 1555 ab
2448 1503 2700 1558 essentia
2720 1502 3093 1575 distinguere
3113 1522 3234 1563 non
3252 1516 3616 1578 possent,eoo

1966 1599 2080 1657 que
2100 1586 2334 1655 factum
2364 1596 2528 1659 esset,
2561 1596 2626 1646 ut
2655 1606 2731 1647 ne
2758 1598 2877 1649 tres
2906 1596 3272 1653 substantias
3296 1599 3614 1658 admittere

1965 1675 2345 1743 viderentur,
2389 1694 2785 1748 personarum
2826 1684 3183 1742 vocabulum
3233 1688 3612 1760 inducerent,

253 1773 458 1825 Ruunt
508 1783 656 1838 ergo
713 1773 1077 1838 argumenta
1127 1767 1373 1835 Petavii,
1432 1771 1490 1823 et
1536 1781 1610 1821 ex
1660 1763 1856 1821 allatis
1885 1777 1926 1832 Β
1963 1765 2111 1835 quid
2130 1766 2370 1823 tandem
2394 1770 2684 1839 contigit?
2703 1772 2813 1827 Res
2830 1774 3379 1843 profectoridicula
3397 1780 3491 1835 vel
3511 1794 3615 1849 po-

181 1858 476 1930 exemplis
488 1857 1243 1930 perspiciturhypostasim
1260 1856 1562 1912 interdum
1578 1871 1689 1928 pro
1698 1853 1856 1927 οὐσίᾳ

186 1948 339 2004 sumi
365 1964 573 2019 posse,
602 1946 888 2018 quamvis
909 1951 1027 2002 tres
1046 1947 1410 2020 hypostases
1436 1946 1853 2011 admittuntur,

187 2054 250 2095 ac
266 2036 533 2111 proinde
550 2036 824 2092 Nicanos
846 2038 1069 2104 Patres,
1094 2037 1326 2093 etiamsi
1344 2035 1721 2108 hypostasim
1742 2049 1855 2106 pro

182 2128 335 2199 οὐσίᾳ
366 2126 771 2197 sumpserint,
803 2141 928 2181 non
958 2126 1179 2181 idcirco
1207 2141 1395 2181 unam
1422 2126 1485 2180 in
1516 2124 1706 2181 tribus
1727 2138 1853 2195 per-

180 2217 345 2273 sonis
360 2214 758 2287 hypostasim
779 2213 1138 2270 decrevisse.
1154 2217 1357 2287 Neque
1374 2214 1556 2284 hujus
1572 2213 1654 2268 rei
1674 2212 1855 2282 longe

181 2305 443 2380 petenda
473 2304 820 2377 explicatio.
856 2304 1144 2370 Quamvis
1174 2304 1338 2360 enim
1383 2303 1647 2359 essentia
1678 2302 1753 2358 sit
1793 2301 1856 2357 id

187 2396 342 2469 quod
362 2410 697 2451 commune
715 2397 806 2450 est
823 2393 1019 2449 tribus
1031 2394 1326 2466 personis,
1346 2392 1690 2466 hypostasis
1712 2407 1857 2448 vero

187 2486 243 2542 id
270 2485 437 2558 quod
469 2485 797 2558 proprium
823 2501 837 2551 ;
873 2499 1035 2556 saepe
1075 2488 1277 2539 tamen
1308 2482 1582 2538 essentiae
1608 2482 1857 2537 nomine

189 2576 539 2648 hypostasis
582 2573 1143 2645 comprehenditur,
1192 2589 1262 2629 ac
1291 2572 1553 2629 vicissim
1593 2572 1726 2645 ipsa
1750 2571 1858 2643 hy-

198 2664 453 2736 postasis
469 2663 800 2720 essentiam
815 2662 1295 2735 comprehendit.
1310 2665 1463 2717 Dum
1481 2662 1641 2717 enim
1662 2676 1859 2717 essen-

196 2752 273 2808 tia
303 2752 424 2808 sive
452 2758 673 2808 natura
702 2749 1149 2818 consideratur,
1182 2753 1484 2823 quatenus
1528 2749 1857 2820 conjuncta

191 2847 273 2898 est
299 2858 439 2897 cum
464 2838 901 2915 personalibus
922 2839 1412 2911 proprietatibus,
1442 2839 1566 2895 sive
1587 2854 1726 2895 cum
1747 2838 1857 2911 hy-

190 2930 431 3004 postasi,
460 2937 607 2986 tunc
654 2930 877 2986 eodem
920 2944 1106 2984 sensu
1134 2934 1462 3000 usurpatur
1490 2944 1561 2985 ac
1594 2943 1855 3000 persona

191 3022 304 3077 sive
333 3018 695 3092 hypostasis
720 3035 736 3073 :
769 3018 934 3073 unde
954 3019 1010 3074 S.
1029 3016 1372 3074 Alexander
1396 3015 1851 3081 Alexandrinus,

1966 1855 2082 1909 tius
2113 1857 2501 1914 miseranda:
2533 1859 2783 1915 diversa:
2801 1860 2947 1929 ﬁdei
2972 1865 3218 1932 speciem
3244 1868 3505 1935 praebuit
3536 1870 3612 1926 ιε.

1967 1946 2050 1998 vis
2076 1943 2188 1999 illa
2218 1950 2273 2000 et
2283 1947 2505 2015 jejuna
2525 1947 2597 2003 de
2622 1963 2828 2004 vocum
2849 1965 2992 2006 sono
3019 1952 3364 2010 altercatio.

2036 2033 2340 2090 Habemus
2380 2050 2523 2107 ergo
2570 2037 2751 2093 totius
2790 2038 3181 2098 dissensionis
3213 2043 3528 2114 originem,
3560 2049 3617 2103 et

1963 2120 2201 2177 initium
2227 2125 2406 2180 unius
2436 2125 2804 2198 hypostasis.
2825 2132 3168 2202 Antequam
3190 2133 3409 2189 Latinis
3436 2134 3498 2191 in
3525 2134 3617 2192 in-

1964 2213 2352 2283 terpretanda
2380 2214 2723 2286 hypostasis
2758 2232 2900 2275 voce
2930 2219 3272 2279 molestiam
3300 2223 3621 2282 facesseret

1963 2300 2185 2372 linguae
2226 2303 2452 2376 inopia,
2488 2305 2656 2362 nulla
2703 2313 2829 2365 erat
2875 2309 3041 2382 apud
3070 2313 3304 2369 Graecos
3334 2329 3405 2371 ea
3452 2314 3527 2371 de
3555 2330 3620 2372 re

1965 2392 2391 2459 controversia,
2418 2392 2585 2452 nulla
2606 2397 2889 2467 varietas;
2914 2415 2986 2456 ac
3004 2401 3259 2473 proinde
3275 2418 3400 2459 non
3422 2404 3622 2461 solum

1966 2479 2186 2537 Nicmni
2207 2484 2428 2554 Patres,
2446 2484 2551 2540 sed
2572 2489 2630 2542 et
2643 2490 2943 2560 quotquot
2960 2489 3307 2562 hypostasis
3324 2492 3621 2551 vocabulo

1968 2570 2045 2627 ad
2075 2570 2449 2628 eﬂerendum
2478 2574 2707 2646 dogma
2738 2578 2834 2633 usi
2860 2584 3020 2647 sunt,
3061 2597 3183 2637 non
3214 2599 3401 2639 unam
3430 2583 3624 2657 hypo-

1966 2660 2198 2727 stasim,
2229 2661 2336 2717 sed
2364 2666 2485 2719 tres
2508 2663 2869 2737 hypostases
2894 2668 3191 2726 dixerunt.
3220 2673 3481 2743 Gregorii
3510 2678 3624 2731 tes—

1965 2749 2287 2807 timonium
2318 2753 2640 2811 conﬁrmat
2668 2757 2920 2814 Acacius
2945 2761 3287 2828 Beraeensis,
3309 2764 3415 2836 qui
3432 2763 3515 2819 sic
3538 2763 3625 2821 lo-

1965 2839 2170 2911 quitur
2188 2841 2355 2911 apud
2372 2842 2659 2914 Cyrillum
2678 2845 3174 2919 Alexandrinum,
3187 2851 3363 2923 epist.
3383 2856 3465 2907 13:
3487 2854 3622 2910 Bea-

1968 2934 2062 2983 tus
2092 2930 2405 2997 Paulinus,
2432 2932 2645 3003 inquit,
2678 2939 2797 2989 tres
2823 2936 3173 3005 hypostases
3195 2946 3404 3008 aperte
3426 2940 3625 2997 dicere

1967 3018 2305 3089 recusabat,
2328 3021 2601 3090 quamvis
2626 3022 2829 3078 eadem
2857 3025 3081 3083 virtute
3100 3032 3155 3082 et
3176 3028 3428 3084 veritate
3446 3031 3624 3085 senti-

190 3112 353 3181 cujus
378 3108 572 3166 verba
593 3124 739 3164 mox
758 3107 1111 3174 referemus,
1134 3110 1365 3164 Patrem
1390 3112 1448 3164 et
1470 3107 1681 3163 Filium
1702 3107 1854 3164 duas
1886 3132 1926 3187 ρ
1966 3112 2057 3162 ret
2086 3122 2157 3163 ac
2180 3108 2564 3176 praedicaret.
2592 3110 2847 3166 Secutus
2867 3118 2951 3168 est
2972 3120 3171 3171 autem
3197 3116 3493 3185 piissimos
3516 3117 3619 3175 0c.

193 3199 501 3269 hypostasi
520 3204 783 3254 naturas
804 3203 997 3253 vocat.
1019 3196 1111 3253 Sic
1132 3196 1314 3259 etiam
1330 3195 1853 3269 hypostasis,dum

192 3288 616 3345 consideratur
630 3292 931 3359 quatenus
949 3302 1089 3343 cum
1107 3286 1368 3342 essentia
1392 3285 1717 3357 conjuncta
1744 3288 1852 3355 est,

192 3377 511 3434 interdum
550 3391 661 3446 pro
706 3377 958 3433 essentia
997 3377 1274 3433 sumitur.
1325 3374 1855 3442 Quemadmodum

200 3481 353 3534 ergo
404 3463 600 3519 sancti
644 3465 855 3528 Patres,
892 3466 1001 3522 etsi
1043 3465 1348 3522 interdum
1400 3464 1729 3521 essentiam
1760 3481 1854 3519 su-

200 3558 377 3611 munt
405 3567 524 3625 pro
541 3551 870 3626 hypostasi,
895 3555 1018 3611 sive
1040 3570 1321 3627 persona,
1346 3570 1470 3611 non
1489 3554 1715 3609 idcirco
1736 3557 1855 3609 tres

195 3643 492 3700 essentias
537 3641 895 3711 admittunt;
947 3645 1031 3700 ita
1060 3660 1133 3700 ex
1163 3659 1233 3700 eo
1280 3643 1449 3717 quod
1477 3642 1856 3715 hypostasim

194 3747 642 3804 nonnunquam
678 3737 923 3788 sumant
964 3749 1075 3805 pro
1118 3733 1382 3789 essentia
1418 3747 1544 3789 non
1587 3731 1858 3804 sequitur

195 3837 380 3879 unam
409 3821 634 3877 abillis
663 3820 1049 3894 hypostasim
1081 3822 1340 3879 admitti.

259 3914 354 3967 m.
399 3911 517 3968 Sed
544 3912 675 3983 jam
702 3911 947 3981 longius
977 3911 1154 3969 nobis
1193 3910 1616 3984 promovenda
1662 3909 1857 3967 Basilii

192 4001 486 4057 defensio:
499 4000 799 4057 hactenus
815 4003 973 4057 enim
987 4001 1637 4073 probatum,immerito
1650 4000 1859 4072 aﬂingi

192 4092 435 4163 synodo
470 4091 725 4147 Nicena:
746 4106 937 4148 unam
966 4092 1377 4165 hypostasim:
1408 4106 1573 4147 nunc
1596 4091 1859 4163 proban-

189 4180 337 4237 dum
372 4186 499 4237 tres
523 4180 893 4253 hypostases
920 4197 1158 4254 semper
1179 4181 1242 4237 in
1272 4181 1507 4238 Oriente
1531 4185 1860 4255 usurpatas

191 4285 438 4326 summo
471 4285 781 4326 consensu
809 4270 1012 4335 fuisse,
1039 4270 1256 4327 saltem
1284 4287 1320 4327 a
1342 4270 1586 4326 Sabellii
1616 4276 1672 4327 et
1693 4270 1859 4327 Noeti

189 4364 489 4431 tempore;
502 4372 616 4414 nec
628 4358 784 4415 ullos
798 4358 1085 4415 habuisse
1107 4359 1735 4432 adversarios,praater
1748 4362 1864 4415 An-

1965 3195 2219 3251 cidentis
2241 3196 2541 3266 episcopos
2553 3206 2877 3268 propterea
2892 3202 3054 3273 quod
3074 3207 3393 3275 angustior
3410 3213 3494 3263 est
3514 3209 3625 3265 lin-

1964 3299 2088 3355 gua
2108 3286 2399 3352 Romana,
2422 3300 2603 3357 quam
2630 3294 2696 3343 ut
2717 3291 3043 3348 secundum
3064 3292 3333 3352 ercam
3355 3303 3621 3356 nostram

1957 3374 2236 3443 phrasim
2267 3379 2385 3430 tres
2417 3374 2765 3448 hypostases
2791 3379 2991 3437 dicere
3017 3389 3218 3454 queat.

2038 3462 2190 3518 Illud
2217 3463 2397 3519 etiam
2426 3466 2753 3523 novitatem
2785 3468 2963 3525 unius
2989 3469 3341 3544 hypostasis
3367 3475 3620 3533 demon-

1965 3555 2152 3608 strare
2180 3552 2390 3624 possit,
2426 3553 2593 3626 quod
2631 3571 2770 3612 cum
2805 3558 3069 3630 epistolae
3102 3562 3471 3620 Sardicensis
3519 3583 3619 3639 sy-

1964 3640 2111 3696 nodi
2141 3641 2432 3712 adjuncta
2459 3658 2497 3698 a
2539 3644 2848 3700 nonnullis
2896 3646 3103 3704 fuisset
3148 3652 3434 3722 quaedam
3478 3654 3618 3711 tidei

1964 3728 2282 3793 confessio,
2305 3730 2366 3786 in
2386 3744 2510 3802 qua
2535 3746 2659 3789 una
2682 3732 3054 3805 hypostasis,
3076 3742 3141 3793 ut
3162 3740 3494 3810 apostolica
3513 3743 3620 3799 do-

1965 3818 2175 3882 ctrina,
2197 3818 2565 3889 tradebatur,
2580 3820 2737 3876 hanc
2754 3822 2895 3878 ﬁdei
2915 3824 3357 3885 confessionem
3373 3828 3618 3887 Alexan-

1966 3906 2141 3963 drina
2168 3907 2444 3978 synodus
2476 3912 2542 3965 ut
2565 3910 2836 3981 spuriam
2862 3912 3082 3983 rejecit,
3117 3930 3187 3971 ac
3212 3918 3618 3977 Antiochenos

1964 3997 2203 4054 hortata
2232 4003 2323 4055 est
2351 3999 2447 4070 (2),
2480 4003 2548 4055 ut
2587 4015 2723 4057 eam
2760 4017 2872 4057 nec
2896 4002 3012 4073 legi
3038 4020 3150 4061 nec
3178 4007 3428 4079 proferri
3458 4014 3619 4083 pate-

1964 4091 2189 4143 rentur.
2223 4087 2515 4143 Eusebius
2534 4089 2921 4147 Vercellensis
2939 4092 2999 4148 in
3022 4094 3461 4155 subscribendo
3480 4115 3616 4157 eam

1966 4191 2042 4232 ne
2072 4176 2498 4248 proferendam
2527 4179 2775 4250 quidem
2806 4196 2937 4237 esse
2964 4185 3331 4254 pronuntiat.

2040 4269 2125 4321 IV.
2153 4265 2267 4322 Sed
2286 4266 2661 4339 praecipuum
2681 4269 2858 4325 nobis
2880 4278 3306 4341 argumentum
3338 4276 3620 4349 suppedi-

1966 4358 2097 4411 tant
2123 4354 2483 4427 scriptorum
2523 4356 3068 4415 ecclesiasticorum
3096 4362 3456 4433 testimonia,
3489 4369 3619 4422 tum

191 4449 511 4505 tiochenos
527 4448 881 4519 nonnullos,
896 4464 1049 4521 quos
1063 4449 1377 4506 Latinihac
1388 4465 1535 4506 voce
1546 4448 1859 4519 oblingum
1889 4476 1934 4531 ο
1968 4459 2178 4501 eorum
2195 4442 2301 4515 qui
2317 4447 2453 4499 ante
2471 4444 2792 4500 concilium
2810 4446 3116 4505 Niczenum
3133 4450 3619 4522 ﬂoruerunt,tum

191 4556 314 4595 suae
338 4538 621 4611 inopiam
642 4539 856 4595 offensi
877 4540 938 4595 in
952 4541 1312 4597 sententiam
1332 4556 1508 4596 suam
1530 4543 1858 4597 traxerunt.

259 4631 411 4703 Ipsa
466 4629 572 4685 illa
616 4631 1047 4697 controversia,
1103 4647 1239 4704 quae
1294 4631 1371 4687 de
1424 4630 1861 4703 hypostasibus

191 4726 407 4778 exorta
458 4724 570 4787 est,
624 4721 845 4777 eximio
893 4721 1072 4776 nobis
1103 4726 1462 4791 argumento
1504 4725 1862 4793 perpetuam

192 4810 456 4867 Orientis
483 4808 825 4866 doctrinam
855 4811 1251 4867 demonstrat.
1277 4810 1571 4865 Discimus
1599 4809 1759 4865 enim
1790 4824 1864 4865 ex

193 4898 487 4970 Gregorio
536 4899 904 4955 Nazianzeno
954 4904 1072 4955 tres
1121 4899 1504 4972 hypostases,
1534 4902 1863 4970 antequam

191 4989 315 5045 hac
360 4987 641 5062 prodiret
683 4989 1004 5052 dissensio,
1056 4988 1331 5045 Ecclesiae
1377 4988 1689 5046 Orientalis
1728 5004 1861 5059 usu,

193 5079 440 5135 nemine
501 5083 902 5150 repugnante,
951 5078 1241 5134 contritas
1288 5077 1495 5133 fuisse.
1557 5077 1647 5133 Sic
1697 5076 1861 5132 enim

194 5166 467 5241 loquitur
495 5168 553 5224 S.
586 5169 903 5238 Gregorius
933 5168 995 5224 in
1025 5172 1176 5225 orat.
1211 5172 1299 5235 '2',
1332 5181 1394 5239 p.
1422 5172 1560 5224 395:
1606 5173 1712 5227 Τῆς
1758 5167 1861 5241 γὰρ

200 5264 313 5323 μᾶς
370 5257 587 5325 οὐσίας,
646 5263 738 5309 καὶ
799 5266 898 5309 τῶν
954 5266 1115 5333 τριῶν
1178 5258 1516 5309 ὑποστάσεων
1581 5255 1863 5327 λεγομένων

202 5346 279 5413 μὲν
309 5348 399 5419 ὑφ’
437 5350 587 5418 ἡμῶν
619 5345 865 5407 εὐσεϐῶς·
894 5349 953 5399 τὸ
1001 5350 1090 5419 μὲν
1127 5348 1226 5418 γὰρ
1270 5349 1363 5403 τὴν
1394 5347 1549 5417 φύσιν
1582 5340 1737 5402 δηλοῖ
1772 5353 1866 5404 τῆς

204 5436 463 5508 θεότητος,
513 5440 575 5491 τὸ
630 5434 693 5490 δί
736 5440 829 5500 τὰς
876 5445 976 5491 τῶν
1031 5444 1188 5512 τριῶν
1245 5432 1535 5499 ἰδιότητας,
1579 5439 1866 5508 νοουμένων

267 5635 344 5708 (2)
383 5635 688 5695 Athanas.
728 5633 903 5708 epist.
936 5633 1019 5694 ad
1057 5631 1507 5691 Antiochenses.

1969 4548 2182 4591 eorum
2212 4531 2317 4605 qui
2343 4532 2579 4605 synodo
2608 4533 3021 4609 interfuerunt,
3048 4542 3153 4594 aut
3176 4546 3312 4612 post
3331 4557 3466 4599 eam
3484 4543 3622 4600 scri-

1968 4639 2164 4697 psere.
2196 4622 2400 4678 Nullus
2426 4638 2571 4680 sane
2591 4622 2843 4696 proferri
2864 4631 3076 4699 potest,
3101 4629 3204 4702 qui
3230 4646 3416 4688 unam
3437 4632 3499 4689 in
3519 4634 3624 4690 tri-

1970 4713 2086 4769 bus
2106 4712 2380 4786 personis
2408 4712 2787 4784 hypostasim
2807 4714 3022 4772 dixerit
3048 4734 3060 4773 :
3093 4722 3393 4792 quotquot
3421 4726 3622 4779 autem

1970 4802 2403 4876 inexplicando
2414 4802 2709 4859 Trinitatis
2722 4806 3008 4877 mysterio
3018 4812 3521 4881 hypostasisvoce
3535 4813 3629 4869 usi

1973 4897 2137 4957 sunt,
2164 4896 2281 4948 tres
2301 4892 2664 4964 hypostases
2688 4910 2930 4951 summo
2961 4912 3263 4955 consensu
3282 4908 3625 4959 numerant.

2046 4982 2330 5053 Origenes
2362 4986 2508 5037 tom.
2540 4998 2583 5037 ιι
2620 4985 2682 5038 in
2720 4985 3036 5055 Joannem,
3071 5004 3130 5061 p.
3167 4994 3253 5060 56,
3299 4992 3383 5048 sic
3421 4998 3630 5049 contra

1973 5071 2341 5130 Sabellianos
2382 5073 2770 5143 pronuntiat:
2828 5074 3005 5148 Ἡμεῖς
3043 5083 3278 5152 μέντοιγε
3322 5090 3458 5156 τρεῖς
3505 5083 3627 5133 bno-

1974 5166 2184 5224 στάσεις
2231 5162 2522 5233 πειθόμενοι
2576 5165 2902 5235 τυγχάνειν,
2972 5169 3059 5219 τὸν
3128 5174 3333 5245 Πατέρα
3398 5170 3627 5221 καὶτὸν

1972 5255 2090 5305 Υἰὸν
2134 5256 2222 5304 καὶ
2278 5253 2336 5303 τὸ
2380 5250 2528 5323 ἅγιον
2580 5258 2807 5327 Πνεῦμα·
2858 5255 2985 5312 Nos
3031 5264 3231 5314 autem
3276 5273 3631 5327 persuasum

1975 5342 2256 5398 habemus
2287 5346 2407 5397 tres
2446 5356 2567 5398 esse
2606 5342 2969 5415 hypostases,
3003 5346 3237 5402 Patrem
3259 5350 3314 5400 et
3329 5346 3556 5405 Filium
3575 5352 3634 5406 et

1974 5431 2267 5502 Spiritum
2296 5436 2597 5501 sanctum.
2630 5432 2860 5491 Refellit
2881 5434 2944 5490 in
2971 5433 3126 5492 libro
3158 5449 3230 5490 vn
3261 5441 3477 5494 contra
3504 5437 3635 5495 Cet.
