4062 6208
236 311 285 357 17
1731 291 2114 351 ΡΒτΕιτΑΤΙΟ.
3564 299 3583 353 t
3597 300 3628 349 8

234 429 335 495 pia.
359 426 413 478 ln
446 419 1578 493 primotestimoniomiriﬁeeconsentit
1618 418 1873 473 Athana-
1901 420 1949 472 A
1989 427 2124 492 τρεῖς
2168 422 2502 487 ὀποστάσιις,
2561 422 2755 494 inquit
2804 422 2865 476 in
2906 423 3129 491 Expos.
3158 423 3264 490 ﬁd.
3298 438 3357 479 ιι.
3390 429 3441 494 2,
3473 444 3628 496 μιμε-

238 518 341 570 sius
371 528 495 566 cum
528 510 667 564 aliis
702 510 976 565 Patribus
1007 512 1245 573 Graecis,
1271 511 1374 582 qui
1399 507 1747 581 hypostasis
1770 522 1872 561 no-

242 618 367 659 men
391 615 720 672 opposuere
746 599 1039 655 haereticis
1070 599 1328 655 Verbum
1371 596 1718 670 etSpiritum
1741 611 1873 651 san-

250 700 396 746 ctum
419 689 649 744 existere
684 687 1076 757 negantibus,
1102 693 1159 743 et
1187 687 1409 742 idcirco
1437 691 1553 741 tres
1585 686 1871 756 hyposta-

264 795 344 833 ses
368 776 762 833 defenderunt.
798 781 860 831 In
897 777 1083 832 altero
1108 780 1342 832 Patrem
1372 774 1689 831 manifeste
1716 773 1873 829 desi-

265 874 392 939 gnat,
417 872 462 921 et
483 866 729 921 deitatis
757 866 1050 922 unitatem
1074 882 1145 921 ex
1176 882 1246 922 eo
1270 863 1681 938 probat,quod
1705 863 1872 917 solus

265 960 391 1010 Pater
422 956 791 1027 principium
830 955 923 1021 sit,
973 971 1009 1011 a
1047 971 1169 1027 quo
1199 955 1335 1010 dua:
1388 954 1519 1009 alia;
1576 966 1869 1024 personae.

305 1050 461 1116 Atque
487 1044 732 1100 etiamsi
755 1044 1120 1100 Athanasius
1153 1045 1213 1099 in
1241 1042 1668 1115 aliisoperibus
1682 1056 1869 1095 unam

243 1134 592 1205 bypostasim
609 1134 975 1205 admisisset,
993 1135 1144 1190 nihil
1166 1135 1227 1189 id
1248 1134 1564 1189 detrahere
1578 1136 1781 1205 posset
1794 1131 1869 1186 de

233 1223 548 1279 testimonio
579 1224 749 1295 quod
769 1224 1042 1279 eruimus
1072 1241 1141 1278 ex
1175 1223 1325 1278 libro
1357 1224 1417 1278 in
1440 1222 1608 1286 illud,
1654 1222 1870 1276 Omnia

226 1314 353 1368 mihi
371 1315 608 1370 tradita
630 1322 791 1369 sunt.
822 1314 1091 1385 Scriptus
1123 1314 1283 1368 enim
1329 1314 1423 1369 hic
1450 1312 1685 1368 libellus
1732 1316 1871 1366 ante

226 1408 451 1457 mortem
471 1403 715 1457 Eusebii
737 1402 1237 1467 Nicomediensis,
1266 1402 1327 1457 id
1347 1408 1454 1471 est,
1482 1406 1612 1456 ante
1636 1416 1871 1455 annum

218 1496 327 1545 3&2.
354 1492 639 1547 Nondum
665 1498 800 1547 tunc
817 1492 1712 1565 percrebuerantdehypostasi
1732 1505 1872 1545 cou'

222 1582 504 1635 trorersiaa
531 1598 548 1645 ;
572 1598 680 1636 nec
703 1597 890 1637 causa
930 1581 1177 1637 suberat
1201 1582 1339 1647 ulla,
1364 1598 1469 1636 cur
1504 1579 1873 1635 Athanasius

218 1685 341 1724 eam
382 1669 682 1741 loquendi
734 1670 1030 1726 rationem
1063 1672 1312 1740 fugeret,
1348 1685 1625 1742 qua-non
1675 1669 1871 1724 solum

224 1760 568 1825 Alexander,
588 1761 692 1814 sed
707 1762 886 1816 etiam
914 1761 1198 1829 Origenes
1214 1767 1270 1816 et
1292 1760 1613 1831 Dionysius
1626 1759 1873 1813 Alexan'
1906 1770 1943 1825 Β

218 1850 345 1903 «irin
355 1865 421 1903 us
434 1850 522 1904 usi
544 1850 1214 1915 fuerant.0uamobrem
1229 1851 1463 1905 etiamsi
1476 1849 1873 1904 Athanasium

223 1946 377 1994 arcta
424 1956 560 1994 cum
618 1940 837 1995 Latinis
876 1946 934 1996 et
971 1940 1360 1996 Autiochenis
1399 1939 1746 2009 conjunctio
1794 1938 1873 1992 ad

224 2027 658 2097 professionem
714 2030 892 2083 unius
940 2030 1290 2101 hypostasis
1346 2028 1717 2095 adduxisset,
1750 2042 1872 2081 non

221 2118 433 2171 idcirco
466 2118 671 2189 priora
696 2117 858 2172 illius
889 2119 1113 2189 scripta
1142 2118 1202 2172 in
1234 2118 1489 2172 dubium
1540 2116 1741 2172 venire
1772 2116 1873 2171 de-

222 2205 437 2261 berent.
464 2207 581 2261 Sed
604 2212 812 2261 tamen
858 2222 1197 2263 asseverare
1223 2206 1356 2261 licet
1387 2221 1696 2277 nusquam
1735 2220 1873 2259 eum

221 2311 394 2349 unam
429 2296 485 2350 in
516 2296 715 2351 tribus
740 2297 1013 2367 personis
1035 2297 1416 2367 hypostasim
1456 2310 1685 2366 ponere
1714 2312 1725 2361 ;
1752 2294 1874 2349 imo

225 2400 285 2436 ex
298 2390 515 2454 quarta
534 2385 703 2438 illius
728 2385 1025 2439 adversus
1045 2387 1297 2439 Arianos
1320 2384 1588 2438 oratione
1604 2384 1725 2438 duo
1741 2398 1875 2454 pro-

227 2474 389 2527 ieram
407 2474 845 2543 testimonia,in
859 2473 1081 2545 quibus
1094 2474 1475 2545 hypostasim
1490 2473 1703 2528 eodem
1717 2487 1877 2543 pror-

230 2579 323 2614 sus
346 2578 520 2617 sensu
542 2578 618 2617 ac
639 2563 930 2633 Origenes
948 2569 1005 2617 et
1021 2566 1078 2618 S.
1105 2563 1742 2632 Alexander,usurpat.
1786 2562 1877 2617 Sic

235 2651 398 2717 igitur
436 2652 701 2723 loquitur
755 2668 815 2705 n.
869 2656 958 2716 25,
1008 2668 1067 2723 p.
1117 2655 1218 2707 636

244 2740 427 2810 Ἄρειος
476 2741 523 2803 ἐξ
574 2743 672 2793 οὐκ
714 2747 871 2792 ὄντων
923 2739 1049 2793 εἶναι
1097 2742 1252 2811 λέγων
1308 2746 1392 2792 τὸν
1442 2744 1580 2797 Υὶον,

1280 2669 1291 2705 :
1340 2657 1587 2705 Μαίνεται
1641 2654 1730 2721 μὲν
1790 2647 1877 2702 οὖν

1656 2746 1746 2791 καὶ
1817 2738 1875 2797 ἦν

233 2848 366 2895 ππν,
416 2832 495 2882 ὅτι
537 2832 633 2882 οὐκ
692 2828 772 2888 ἦν·
819 2836 1058 2902 μαίνεται
1114 2828 1172 2882 δὲ
1224 2838 1311 2881 καὶ
1374 2830 1643 2891 Σαϐέλλιος
1718 2830 1876 2899 λέγων

230 2936 306 2967 τον
356 2926 559 2993 Πατέρα
601 2918 736 2971 εἶναι
814 2924 952 2985 Tios,
1002 2926 1089 2971 xui
1138 2920 1353 2990 ἔμπαλιν
1409 2938 1493 2969 τον
1544 2922 1662 2971 Υὶὸν
1746 2916 1874 2969 εἶναι

232 3014 443 3081 Πατέρα,
484 3012 777 3061 ὑποστάσει
806 3012 897 3080 μὲν
929 3009 998 3073 ἓν,
1034 3010 1245 3080 ὀνόματι
1273 3007 1331 3061 δὲ
1371 3006 1487 3060 δύο·
1548 3008 1673 3074 Quo
1712 3009 1876 3063 circa

1982 515 2229 581 ρισμένας
2278 514 2390 563 κατ’
2441 513 2643 577 ἑαυτὰς,
2738 513 2909 585 ὥσπερ
2980 519 3334 582 σωμποφυώς
3404 513 3479 563 ἐπ’
3548 513 3630 564 ἁν-

1983 600 2219 671 Optimam,
2250 604 2358 652 ἔστι
2396 600 2734 672 λογίσασθαι.
2763 600 2965 670 Neque
2992 605 3108 656 tres
3147 602 3491 670 hypostases
3519 617 3632 669 per

1980 690 2199 756 seipsas
2221 690 2464 760 divisas,
2495 696 2559 744 ut
2584 689 2915 744 hominibus
2931 704 3041 757 pro
3068 696 3290 745 natura
3312 705 3629 759 corporum

1980 778 2219 843 accidit,
2250 781 2347 847 fas
2374 786 2457 835 est
2490 782 2551 834 in
2583 780 2702 835 Deo
2744 781 3028 847 cogitare.

2039 869 2512 925 Postconcilium
2528 869 2715 924 multo
2732 868 3071 923 uberiorem
3083 866 3379 922 habemus
3392 867 3632 923 testium

1981 957 2222 1028 copiam
2258 975 2269 1011 :
2297 975 2441 1014 nam
2474 958 2523 1013 si
2556 957 2827 1029 singulos
2860 955 3062 1011 saeculi
3082 954 3283 1027 quarti
3313 955 3632 1026 scriptores

1984 1048 2216 1101 Graecos
2229 1063 2679 1113 enumeremus,
2704 1046 2953 1102 totidem
2971 1048 3143 1100 erunt
3158 1044 3338 1099 trium
3351 1043 3634 1116 hyposta-

1984 1136 2139 1189 sium
2165 1137 2537 1203 defensores,
2571 1136 2791 1207 quibus
2822 1134 3007 1190 etiam
3057 1133 3517 1205 adjungendum
3549 1140 3639 1190 est

1984 1224 2303 1280 concilium
2345 1225 2609 1296 primum
2655 1225 2845 1291 CPol.,
2899 1224 3020 1279 sive
3070 1222 3510 1279 cecumenicum
3550 1238 3637 1279 se-

1983 1313 2271 1368 cundum.
2302 1318 2478 1369 Docet
2506 1314 2668 1368 enim
2696 1313 2825 1367 haec
2858 1311 3130 1384 synodus
3178 1313 3235 1367 in
3276 1311 3529 1383 epistola
3556 1312 3638 1367 ad

1989 1406 2349 1458 Damascum
2402 1418 2591 1458 unam
2649 1418 2781 1457 esse
2832 1403 3016 1458 Patris
3064 1407 3120 1457 et
3151 1402 3275 1457 Filii
3300 1406 3357 1456 et
3387 1401 3639 1473 Spiritus

1985 1492 2175 1546 sancti
2240 1492 2587 1559 essentiam,
2657 1491 2703 1542 ἐν
2780 1497 2923 1563 τρισὶ
2981 1491 3195 1551 τελείαις
3254 1491 3633 1555 ὑποστάσεσι-ν,

1986 1585 2145 1650 ἤγουν
2192 1585 2335 1653 τρισὶ
2393 1581 2601 1640 τελείοις
2654 1586 2973 1653 προσώποις,
3018 1582 3079 1634 in
3112 1580 3302 1634 tribus
3353 1578 3637 1647 perfectis

1991 1671 2426 1738 hypostasibus,
2460 1672 2581 1726 sive
2613 1670 2803 1725 tribus
2834 1670 3118 1739 perfectis
3159 1669 3454 1737 personis.
3509 1670 3637 1723 Non

1987 1764 2122 1813 utar
2151 1760 2507 1814 auctoritate
2569 1759 2785 1815 Gelasii
2815 1758 3108 1829 Cyziceni,
3140 1757 3246 1829 qui
3276 1756 3337 1811 in
3364 1755 3523 1811 Actis
3550 1755 3640 1811 Ni-

1985 1848 2383 1903 casniconcilii
2411 1848 2864 1904 Osiumiuducit
2881 1849 3070 1919 (parte
3091 1861 3153 1914 ιι,
3182 1862 3233 1901 c.
3263 1845 3440 1915 i2)ex
3459 1859 3638 1900 man-

1983 1938 2125 1992 dato
2146 1953 2215 1991 ac
2233 1937 2470 1992 decreto
2485 1937 2665 1992 totius
2683 1934 3387 2007 synodirespondentem
3400 1950 3471 1989 ac
3496 1936 3641 2005 τριά-

1987 2024 2057 2076 δα
2068 2027 2404 2077 ὑποστάσεων
2416 2024 2885 2095 ,prasdicantem.
2902 2026 3086 2078 Nemo
3100 2025 3188 2076 est
3198 2021 3359 2076 enim
3372 2021 3475 2092 qui
3491 2020 3642 2076 mul-

1986 2121 2110 2170 tum
2132 2115 2315 2184 hujus
2341 2113 2651 2185 scriptoris
2668 2112 3015 2168 testimonio
3044 2110 3371 2166 tribuat.At
3386 2124 3642 2180 sequen-

1987 2203 2145 2258 tibus
2168 2202 2403 2258 saeculis
2429 2216 2741 2257 summum
2763 2200 2979 2257 fatetur
2991 2199 3262 2256 Petavius
3276 2208 3643 2254 consensum

1986 2294 2286 2349 exstitisse
2306 2296 2645 2349 Graecorum
2667 2292 2727 2348 in
2755 2289 3398 2362 tribushypostasibus
3424 2287 3644 2360 prtedi-

1988 2383 2221 2438 caudis.

2059 2473 2144 2525 Vl.
2175 2474 2192 2525 l
2201 2471 2291 2542 psi
2311 2471 2722 2527 Occidentales
2753 2470 3033 2527 eamdem
3054 2468 3341 2542 loquendi
3352 2467 3647 2523 rationem

1986 2560 2240 2615 libenter
2261 2561 2340 2615 ad
2368 2577 2515 2616 usus
2536 2576 2678 2615 suos
2705 2560 3065 2630 asciverunt,
3128 2564 3457 2632 postquam
3502 2555 3647 2612 sub-

1989 2651 2270 2706 sistentia:
2309 2666 2458 2706 voce
2506 2651 2755 2707 inventa
2802 2649 3128 2705 difﬁcultas
3146 2648 3344 2705 omnis
3373 2646 3641 2703 evanuit.

1988 2743 2180 2811 Atque
2198 2741 2258 2795 id
2278 2741 2529 2812 quidem
2551 2740 2777 2796 smeulo
2797 2742 3009 2813 quinto
3026 2739 3291 2809 contigit.
3304 2738 3420 2795 Sed
3442 2742 3648 2794 tamen

1985 2830 2163 2899 longe
2184 2836 2362 2886 antea
2389 2830 2668 2887 videntur
2691 2830 3075 2902 perspexisse
3120 2833 3237 2885 tres
3284 2827 3648 2899 hypostases

1986 2920 2417 2990 percommode
2444 2922 2647 2975 Grmco
2685 2934 2967 2974 sermone
3003 2916 3382 2989 usurpari.ld
3422 2913 3649 2983 colligi-

1988 3015 2083 3066 tur
2114 3026 2184 3065 ex
2225 3010 2480 3082 epistola
2519 3011 2622 3064 214
2674 3009 2889 3075 Basilii,
2922 3024 2982 3063 n.
3005 3011 3058 3074 4,
3082 3007 3189 3061 ubi
3221 3006 3307 3060 sic
3325 3004 3596 3075 loquitur
3624 3019 3647 3059 .'

228 3099 444 3152 insanit
463 3102 725 3167 profecto
743 3100 951 3165 Arius,
969 3114 1101 3154 cum
1115 3100 1200 3153 ait
1213 3100 1434 3153 Filium
1449 3098 1722 3153 exui/uio
1737 3112 1873 3159 esse,

1990 3105 2111 3173 Περὶ
2143 3096 2200 3151 δὲ
2230 3106 2341 3163 τοῦ,
2372 3101 2448 3150 ὅτι
2479 3101 2775 3158 ὑπόστασις
2812 3102 2902 3148 καὶ
2931 3096 3089 3147 οὐσία
3117 3095 3176 3147 οὐ
3203 3096 3391 3146 ταυτὸν
3413 3092 3646 3160 ἑστι,καὶ

225 3187 523 3257 fuisseque
537 3188 870 3258 aliquando
894 3203 1027 3242 cum
1055 3204 1174 3242 non
1196 3195 1369 3252 esset;
1391 3188 1619 3243 insanit
1644 3188 1882 3255 pariter

229 3274 543 3338 Sabetiius,
556 3278 928 3331 cumPatrem
945 3277 1167 3331 Filium
1182 3283 1386 3341 esse,et
1401 3276 1622 3330 Filium
1640 3277 1877 3330 Patrem

233 3377 352 3415 esse
370 3363 556 3427 docet,
575 3380 750 3419 unum
766 3366 998 3435 quidem
1015 3365 1449 3433 hypostasi,sed
1459 3365 1693 3419 nomine
1706 3365 1873 3418 duos.

246 3453 310 3502 Et
369 3449 481 3502 sub
534 3451 708 3505 ﬁnem
750 3454 1019 3522 ejusdem
1064 3454 1350 3509 orationis
1392 3458 1502 3507 εΤὸ
1534 3458 1704 3504 τοίνυν
1734 3452 1877 3523 λεγό-

240 3558 389 3608 .299:
434 3541 533 3589 ὑπὸ
569 3548 658 3591 τοῦ
708 3550 959 3616 μακαρίον
1017 3550 1235 3617 Πέτρου,
1294 3544 1463 3615 ὀρθὸν,
1497 3546 1587 3594 καὶ
1626 3543 1871 3616 εἰλικρινῆ

234 3634 323 3683 τήν
350 3631 566 3685 deorum
594 3638 787 3683 τοῦτοῦ
818 3640 1134 3703 Μονογινοῦς
1174 3638 1453 3705 κηρύσσει,
1496 3634 1554 3684 οὐ
1612 3636 1702 3690 τὴν
1752 3633 1877 3683 imo-

226 3736 412 3768 στασιν
454 3720 697 3791 χωρίζων
748 3729 840 3772 τοῦ
890 3730 1022 3774 Θεοῦ
1072 3727 1246 3793 Λόγου
1306 3722 1405 3773 ἀπὸ
1456 3730 1545 3773 τοῦ
1577 3721 1630 3772 ἐκ
1670 3727 1877 3793 Μαρίας

220 3808 518 3879 ανθρώπου·
543 3810 783 3865 Rectum
808 3816 890 3866 est
912 3812 1102 3880 igitur
1120 3813 1281 3882 quod
1298 3814 1383 3867 ait
1430 3814 1632 3868 beatus
1666 3814 1876 3867 Petrus

213 3900 319 3967 qui
348 3914 554 3953 veram
587 3900 895 3969 Unigeniti
914 3902 1208 3969 praedicat
1234 3902 1616 3956 divinitatem
1640 3916 1743 3955 nec
1775 3902 1877 3958 Dei

230 3988 400 4042 Verbi
449 3990 823 4057 hypostasim
875 3992 1173 4059 disjungit
1213 3990 1287 4046 ab
1312 3991 1548 4045 homine
1570 4005 1644 4045 ea:
1674 3990 1876 4045 Maria

207 4084 543 4145 assumpto,
599 4082 662 4133 ln
707 4080 821 4134 hoc
842 4086 1150 4150 postremo
1175 4080 1875 4151 testimoniohypostasis

203 4166 398 4221 multo
422 4168 631 4238 aptius
667 4169 744 4223 ad
786 4184 1115 4239 personam
1146 4185 1334 4240 quam
1366 4168 1443 4223 ad
1474 4168 1873 4224 substantiam

200 4262 547 4310 revocatur.
584 4261 645 4310 In
669 4257 866 4327 primo
889 4263 1089 4313 autem
1119 4258 1429 4313 contendit
1454 4258 1721 4313 Petavius
1751 4274 1873 4313 non

197 4361 564 4417 personam,
588 4346 699 4400 sed
720 4346 779 4401 id
800 4352 1035 4402 tantum
1056 4348 1222 4419 quod
1240 4364 1449 4403 revera
1470 4348 1684 4414 existit,
1708 4348 1874 4404 intel-

1988 3190 2155 3255 αὐτοὶ,
2207 3192 2273 3249 ὡς
2320 3189 2537 3259 νομιζω,
2601 3188 3001 3258 ὐπεσημήναντο
3056 3187 3105 3236 οἱ
3167 3183 3268 3236 ἀπὸ
3316 3192 3413 3245 τῆς
3443 3182 3644 3240 Atiam;

1987 3274 2222 3348 ἀδελφοὶ,
2284 3276 2332 3327 ἐν
2385 3279 2457 3337 οἷς
2510 3280 2569 3328 τὸ
2624 3280 2801 3327 amoti
2846 3283 2937 3334 τῆς
2986 3274 3179 3326 ἑαυτῶν
3231 3272 3468 3344 γλώττης
3542 3271 3645 3340 ὐφ-

1985 3372 2252 3440 ορώμενοι,
2333 3370 2391 3418 τὸ
2451 3376 2543 3426 τῆς
2623 3366 2810 3427 οὐσίας
2857 3367 3019 3437 ὄνομά
3085 3371 3148 3435 τῇ
3213 3359 3425 3415 Ἐλλάδι
3495 3368 3634 3433 φωνῇ

1984 3453 2451 3529 παραδεδώκασιν·
2521 3460 2623 3526 ἳνα,
2695 3460 2738 3508 εἰ
2793 3475 2869 3515 τις
2930 3458 3007 3512 εἴη
3036 3450 3263 3527 διαφορή
3295 3460 3391 3513 τῆς
3423 3450 3641 3519 ἐννοίας,

1986 3547 2210 3606 σώζοιτο
2241 3546 2371 3603 αὑτὴ
2402 3546 2449 3597 ἐν
2488 3554 2550 3617 τῇ
2582 3546 2807 3618 εὐκρινεῖ
2860 3550 2948 3596 καὶ
2994 3543 3288 3614 ἀσυγχύτῳ
3351 3538 3638 3594 διαστάσει

1981 3644 2080 3687 τῶν
2113 3636 2397 3707 ὀνομάτων
2443 3635 2610 3700 Quod
2649 3641 2847 3691 autem
2898 3634 3237 3703 hypostasis
3282 3637 3335 3687 et
3378 3631 3634 3687 essentia

1981 3726 2132 3781 idem
2154 3741 2271 3780 non
2290 3731 2453 3793 sunt,
2478 3724 2539 3779 id
2561 3730 2615 3779 et
2633 3725 2748 3793 ipsi
2766 3729 2828 3778 ut
2847 3731 3019 3792 puto,
3041 3721 3511 3777 subindicarunt
3527 3720 3641 3776 Oc-

1982 3815 2309 3870 cidentales
2320 3814 2569 3881 fratres,
2586 3812 2728 3867 dum
2746 3814 3100 3882 tinguzsua’
3113 3811 3426 3880 angustias
3437 3809 3642 3866 subve-

1982 3905 2087 3959 riti
2097 3945 2109 3968 ,
2129 3905 2395 3959 essentias
2411 3918 2625 3958 nomen
2647 3902 2860 3971 lingua
2874 3902 3086 3957 Graeca
3107 3899 3569 3956 tradideruntut
3590 3901 3645 3955 si

1982 4008 2101 4065 qua
2117 3998 2261 4048 esset
2279 3993 2586 4048 sententia:
2599 3992 3030 4059 discrepantia,
3064 3991 3178 4045 itta
3210 3990 3342 4058 ipsa
3370 4002 3641 4045 servare-

1982 4090 2084 4137 tur
2098 4083 2161 4137 in
2175 4082 2348 4137 clara
2363 4086 2417 4136 et
2432 4082 2674 4136 minime
2684 4081 2829 4149 conf
2825 4094 2935 4135 usa
2947 4080 3253 4135 nominum
3270 4077 3635 4133 diversitate.

2054 4170 2394 4235 Quinetiam
2410 4170 2538 4241 ipse
2559 4170 2858 4226 Damasus
2881 4174 2998 4225 tres
3018 4168 3381 4239 hypostases
3407 4165 3642 4222 videtur

1980 4259 2315 4315 admisisse.
2343 4263 2486 4315 Nam
2517 4260 2579 4316 in
2610 4258 2869 4331 epistola
2900 4257 2978 4313 ad
3010 4256 3326 4314 Paulinum
3352 4252 3643 4328 praedicat

1978 4366 2165 4405 unum
2191 4351 2379 4405 Deum
2399 4350 2462 4404 in
2489 4349 2681 4404 tribus
2705 4346 3284 4417 hypostasibuszesév
3332 4346 3419 4398 ἕνα
3456 4343 3506 4395 ἐν
3534 4364 3641 4417 τρι-

195 4435 528 4503 ligendum
551 4451 709 4491 esse.
731 4442 803 4490 At
822 4451 1045 4505 negare
1073 4452 1192 4491 non
1227 4442 1367 4509 post
1386 4453 1569 4493 unam
1590 4438 1873 4509 byposta-
1905 4471 1949 4523 Β
1982 4444 2063 4491 σὶν
2077 4441 2451 4493 ὑποστάσεσιν.
2471 4438 2684 4511 Spuria
2699 4437 3119 4493 videnturhaec
3131 4440 3436 4508 postrema
3452 4434 3642 4490 verba

196 4524 309 4578 sim
341 4525 541 4593 rejici.
566 4527 752 4579 Porro
775 4530 892 4579 tres
920 4526 1279 4597 hypostases
1306 4542 1429 4581 non
1465 4527 1582 4581 alio
1622 4526 1872 4582 consilio

193 4616 395 4668 sancti
422 4617 637 4668 Patres
668 4612 1088 4679 defenderunt,
1112 4615 1223 4669 nisi
1267 4621 1329 4670 ut
1358 4616 1562 4670 Filium
1599 4622 1653 4670 et
1696 4616 1875 4687 Spiri-

191 4712 320 4757 tum
352 4719 484 4757 non
500 4701 858 4758 efﬁcientias
876 4705 1177 4773 quasdam
1198 4722 1267 4760 ac
1286 4706 1531 4760 nomine
1553 4711 1723 4761 tenus
1745 4721 1874 4777 per-

186 4810 379 4848 sonas
420 4808 591 4858 esse,
637 4792 744 4846 sed
787 4793 993 4848 l-‘ilium
1033 4810 1169 4849 vere
1221 4801 1283 4850 ut
1324 4795 1553 4859 Filium,
1588 4796 1873 4866 Spiritum

185 4888 489 4937 sanctum
542 4896 685 4935 vere
736 4890 795 4935 ut
837 4883 1121 4953 Spiritum
1143 4884 1393 4939 existere
1422 4884 1767 4956 probarent.
1811 4888 1875 4939 ln

179 4973 488 5027 eamdem
511 4986 770 5041 prorsus
796 4974 1155 5027 sententiam
1194 4972 1460 5043 loquitur
1490 4974 1869 5043 Athanasius,

178 5063 329 5116 dum
390 5065 649 5116 Patrem
691 5066 748 5114 et
789 5060 999 5116 Filium
1040 5062 1360 5134 hypostasi
1384 5079 1572 5117 unum
1602 5063 1721 5118 dici
1751 5079 1874 5119 non

180 5154 442 5222 patitur.
478 5154 545 5204 ln
578 5164 703 5220 quo
725 5152 1018 5207 consentit
1050 5168 1188 5206 cum
1229 5152 1548 5208 decessore
1598 5169 1727 5223 suo,
1773 5153 1877 5225 qui

174 5241 338 5297 duas
373 5242 443 5295 in
484 5240 669 5293 Patre
709 5249 765 5293 et
807 5240 952 5294 Filio
976 5240 1338 5313 hypostases
1371 5242 1648 5311 agnoscit
1682 5261 1695 5309 ;
1730 5257 1875 5297 con-

178 5331 363 5385 sentit
384 5344 548 5382 cum
579 5328 815 5393 Basilio,
838 5330 942 5400 qui
964 5346 1151 5384 unum
1175 5330 1493 5400 bypostasi
1522 5326 1758 5387 Deumia
1779 5334 1878 5388 Sa-

180 5421 369 5475 bellio
396 5415 743 5491 praedicari
769 5416 962 5481 docet,
987 5420 1162 5490 epist.
1185 5422 1309 5483 2H,
1360 5434 1417 5473 n.
1452 5424 1504 5473 3.
1550 5422 1742 5475 Unum
1775 5421 1878 5476 ad-

180 5508 327 5564 dam
364 5504 706 5563 Athanasii
731 5505 953 5575 locum,
977 5508 1035 5561 in
1058 5523 1182 5579 quo
1207 5508 1522 5564 manifeste
1552 5513 1666 5564 tres
1687 5510 1875 5582 hypo-

186 5607 413 5667 stases,
454 5602 528 5651 ut
558 5611 746 5667 supra
779 5596 1097 5667 Dionysius
1129 5604 1397 5669 uterque,
1425 5598 1703 5655 admittit.
1747 5604 1879 5653 Οὔτε

1978 4527 2330 4591 doctissimo
2372 4527 2777 4599 Epistolarum
2827 4526 3185 4598 pontiﬁcum
3228 4526 3640 4579 Romanorum

1980 4617 2192 4672 editori
2214 4620 2529 4689 propterea
2559 4615 2727 4688 quod
2751 4615 2965 4671 desunt
2984 4614 3045 4670 in
3068 4612 3513 4685 exemplaribus
3538 4614 3642 4669 La-

1983 4706 2139 4761 tinis.
2171 4707 2285 4763 Sed
2318 4709 2522 4763 tamen
2548 4704 2896 4763 conﬁrmari
2923 4707 3171 4775 possent
3195 4702 3639 4759 Flavianitesti-

1982 4803 2209 4864 monio,
2242 4804 2348 4874 qui
2366 4802 2684 4858 Paulinum
2717 4818 2925 4859 coram
2947 4800 3239 4869 magistro
3264 4799 3525 4855 militum
3554 4799 3639 4855 sic

1983 4892 2307 4962 alloquitur
2329 4892 2495 4963 apud
2513 4890 2963 4946 Theodoretum
2988 4888 3029 4943 l.
3053 4906 3104 4955 γ,
3131 4905 3183 4944 c.
3207 4892 3258 4953 3,
3284 4904 3344 4961 p.
3385 4890 3485 4945 201
3530 4906 3542 4944 :
3580 4879 3639 4941 Εἰ

1983 4986 2074 5038 τὴν
2144 4982 2441 5051 Δαμάσου,·
2487 4982 2525 5030 ὧ
2600 4981 2835 5051 φιλότης,
2910 4982 3178 5031 κοινωνίαν
3238 4977 3477 5051 ἀσπάζῃ,
3533 4976 3639 5028 επις

1986 5062 2153 5126 δειξον
2234 5068 2358 5138 ἡμῖν
2439 5074 2617 5137 σαφῶς
2700 5070 2793 5122 τὴν
2852 5073 2950 5117 τῶν
3006 5061 3288 5137 δογμάτων
3318 5068 3633 5135 συγγένειαν.

1986 5154 2204 5214 Ἐκεῖνος
2257 5158 2355 5227 γὰρ
2410 5160 2534 5225 μίαν
2574 5162 2667 5215 τῆς
2715 5149 2943 5229 Τριάδος
2995 5152 3176 5205 οὐσίαν
3234 5152 3513 5225 ὁμολογῶν,
3544 5150 3635 5209 τὰς

1984 5250 2122 5317 τρεῖς
2179 5245 2492 5303 ὑποστάσεις
2550 5239 2848 5317 ὃιαρῥὴδην
2910 5245 3170 5313 κηρύττει·
3232 5244 3296 5292 σὺ
3354 5236 3411 5291 δὲ
3466 5238 3640 5289 ἄντικ-

1986 5354 2077 5405 ρυς
2141 5341 2240 5385 τῶν
2294 5334 2633 5387 ὑποστάσιων
2664 5333 2891 5407 ἀναιρεῖς
2926 5339 3024 5391 τὴν
3048 5327 3275 5404 Τριάδα.
3299 5328 3365 5383 St
3392 5329 3644 5387 Damasi

1988 5424 2459 5480 communionem
2530 5425 2929 5495 amplecteris,
2990 5437 3021 5476 ο
3080 5418 3287 5483 amice,
3348 5418 3641 5478 doctrinae

1990 5514 2155 5568 nobis
2177 5514 2560 5582 manifestam
2588 5512 3042 5570 similitudinem
3068 5507 3324 5563 ostende.
3346 5507 3506 5566 Nam
3538 5511 3642 5566 itte

1991 5603 2226 5674 quidem
2257 5619 2439 5660 unam
2471 5605 2851 5672 eamdemque
2884 5598 3194 5654 Trinitatis
3240 5599 3639 5657 substantiam
