4050 6202
416 240 482 294 t9
1927 240 2329 301 PBJEFATIO.
3760 261 3838 317 20

412 364 725 433 conﬁtens,
749 370 868 420 tres
889 365 1238 437 hypostases
1268 369 1487 427 diserte
1507 370 1912 441 pradicatj'u
1935 383 2068 425 con-
2096 368 2148 423 Α
2183 366 2611 440 hypostasibus
2628 372 3016 429 traditionem
3040 374 3314 431 Ecclesiae
3334 380 3573 433 secutus
3587 377 3837 449 sit,forte

413 458 534 524 tra,
580 454 935 511 Trinitatem
976 456 1136 514 tollis
1185 458 1608 529 hypostasewn.
1655 464 1740 517 Ex
1782 461 1877 517 his
1905 462 2069 533 patet

410 545 742 598 Damasum
770 543 866 599 sui
889 559 1030 602 cum
1057 548 1270 605 Graecis
1287 565 1621 606 consensus
1666 549 1917 624 aliquod
1943 564 2070 605 mo-

408 635 771 687 numentum
798 633 1082 706 edidisse,
1104 638 1271 709 quod
1297 641 1360 694 in
1383 639 1617 696 Oriente
1633 644 1847 697 notum
1878 638 2071 695 omni-

408 718 527 774 bus
559 722 616 775 et
646 723 929 780 testatum
961 728 1136 782 esset.
1164 730 1313 783 Nam
1344 728 1497 785 nihil
1526 745 1774 802 prorsus
1816 742 2069 800 respon-

409 807 550 864 dere
580 812 777 882 potuit
794 813 1102 883 Paulinus,
1128 820 1273 873 teste
1290 818 1681 876 Theodoreto.
1710 818 1944 875 Nullam
1965 834 2068 874 au-

409 902 530 956 tem
547 900 785 957 videtur
804 904 1006 976 aptius
1022 906 1278 978 proferri
1299 922 1479 979 posse
1499 916 1990 979 monumentum,
2006 908 2068 963 in

409 1005 535 1062 quo
560 990 622 1046 id
650 993 998 1063 praestiterit
1009 998 1323 1065 Damasus,
1343 1014 1531 1070 quam
1544 998 1798 1071 epistola
1818 999 1898 1055 ad
1917 1002 2066 1055 Pau-

410 1078 621 1136 linum.
650 1081 867 1154 Objicit
884 1084 1163 1141 Petavius
1193 1087 1414 1157 synodi
1444 1090 1728 1153 Romanae
1748 1088 2064 1161 epistolam

411 1169 526 1225 sub
551 1170 770 1228 eodem
792 1173 1077 1245 Damaso,
1111 1174 1173 1230 in
1203 1191 1328 1248 qua
1354 1192 1481 1234 una
1504 1178 1853 1250 hypostasis
1878 1181 1936 1237 et
1975 1193 2068 1233 es-

411 1259 602 1317 sentia
622 1260 890 1318 docetur.
906 1262 1021 1319 Sed
1032 1264 1381 1337 hypostasis
1400 1267 1844 1339 vocemfmerito
1857 1266 2068 1323 deesse

410 1350 474 1406 in
492 1350 946 1424 exemplaribus
981 1354 1202 1411 Latinis
1224 1355 1644 1427 probavimus,
1674 1360 1802 1414 not.
1827 1372 1863 1413 a
1892 1355 2064 1428 epist.

411 1445 501 1511 93,
524 1457 589 1513 p.
635 1445 755 1498 186.

481 1531 698 1589 Videor
726 1533 876 1590 mihi
921 1549 995 1590 ex
1024 1534 1119 1590 his
1141 1549 1324 1606 posse
1356 1534 1719 1592 concludere
1764 1536 2074 1593 neminem

409 1638 660 1697 prorsus
681 1624 979 1680 exstitisse
1007 1623 1162 1680 inter
1182 1625 1525 1682 Catholicos
1580 1626 1930 1695 Orientales,
1970 1643 2077 1702 qui

2182 458 2386 513 tamen
2434 475 2471 515 a
2516 460 2825 516 nonnullis
2869 477 2941 518 eo
2962 463 3208 518 nomine
3240 464 3648 532 accusabitur,
3669 469 3838 539 quod

2178 544 2368 602 nimio
2398 548 2688 622 abreptus
2706 550 2907 607 studio
2929 567 2965 607 a
2986 553 3485 624 temperamentis
3507 554 3569 609 in
3605 557 3838 626 synodo

2176 634 2585 696 Alexandrina
2609 642 2976 713 praescriptis
3004 640 3367 699 discesserit.
3386 646 3535 699 Cum
3562 645 3839 703 enimau-

2178 724 2426 783 divisset
2455 743 2617 785 anno
2649 735 2751 786 375
2782 731 3101 787 Paulinum
3127 733 3386 804 acceptis
3406 735 3598 790 Roma
3628 735 3839 806 perho-

2175 815 2443 872 noriﬁcis
2474 817 2681 875 litteris
2692 819 3078 877 vehementer
3089 820 3307 889 efferri,
3329 823 3583 896 ejusque
3608 825 3837 882 amicos

2176 920 2317 960 cum
2350 906 2611 963 Ecclesia
2632 910 2688 964 S.
2716 910 2927 966 Meletii
2957 911 3244 981 conjungi
3274 912 3443 978 velle,
3484 929 3555 969 ac
3584 930 3836 987 operam

2175 993 2323 1050 dare
2366 999 2433 1053 ut
2477 997 2816 1055 Terentium
2865 1000 2927 1055 in
2970 1004 3173 1072 partes
3195 1017 3309 1059 sua
3334 1001 3681 1071 traherent;
3717 1009 3834 1061 sta-

2176 1082 2284 1139 tim
2338 1084 2575 1157 scripsit
2619 1087 2699 1142 ad
2750 1088 2915 1145 hunc
2974 1089 3367 1155 comitem,ut
3408 1093 3539 1161 ejus
3558 1092 3831 1150 animum

2173 1180 2647 1246 praeoccuparet,
2672 1181 2774 1233 aut
2799 1177 2847 1232 si
2875 1193 2999 1250 qua
3021 1194 3163 1233 eum
3188 1178 3475 1250 opinione
3507 1180 3832 1239 adversarii

2174 1268 2694 1335 praeocupassent,
2712 1266 2952 1338 penitus
2972 1267 3350 1324 convelleret.
3376 1272 3441 1325 ln
3480 1269 3596 1325 hac
3632 1275 3832 1327 autem

2176 1352 2431 1424 epistola
2455 1354 2538 1409 sic
2561 1370 2735 1412 suam
2763 1354 2839 1411 de
2864 1356 3300 1428 hypostasibus
3341 1358 3703 1415 sententiam
3731 1376 3834 1415 ex-

2178 1440 2404 1514 ponit:
2464 1443 2540 1495 Οὑ
2598 1448 2768 1515 μέντοι
2822 1448 3009 1499 τούτου
3068 1466 3127 1518 γε
3183 1447 3344 1499 ἕνεκεν
3403 1444 3673 1520 δυνάμεθά
3711 1469 3837 1504 ποτε

2182 1530 2389 1592 ἑαυτοὺς
2456 1539 2655 1601 πεῖσαι,
2724 1534 2755 1592 ἡ
2818 1534 3061 1588 Μελέτιον
3131 1534 3408 1607 ἀγνοῆσαι,
3476 1538 3503 1596 ἣ
3571 1546 3667 1599 τῆς
3745 1539 3832 1593 ὑπ’

2183 1619 2337 1673 αὐτὸν
2430 1620 2614 1680 Ἐκκλη
2625 1627 2744 1685 σίας
2830 1623 3189 1692 ἐπιλαθέσθαι,

408 1728 600 1770 unam
637 1713 700 1769 in
749 1713 936 1770 tribus
985 1715 1264 1787 personis
1302 1715 1682 1787 hypostasim
1711 1715 2072 1794 admitteret,

2184 1710 2308 1782 ὑπὲρ
2353 1711 2420 1761 ὧν
2477 1709 2529 1774 ἐξ
2567 1710 2744 1787 ἀρχῆς
2790 1715 2818 1771 ἡ
2883 1709 3165 1775 διάστασις
3212 1719 3407 1787 γέγονε,
3476 1720 3643 1791 μικρὰ
3705 1720 3833 1789 ἠγὴ-

410 1806 628 1875 preeter
657 1802 983 1861 Paulinum
1022 1804 1468 1861 Antiochenum
1521 1806 1778 1878 ejusque
1821 1806 2071 1863 amicos-

410 1896 615 1965 Neque
643 1893 827 1950 etiam
849 1892 1048 1950 dicere
1075 1894 1326 1951 verebor
1350 1898 1467 1951 tres
1484 1895 1846 1967 hypostases
1866 1895 2075 1952 imme‘

408 1981 524 2039 rito
572 1998 610 2039 a
651 1985 706 2039 S.
747 1983 1142 2056 Hieronymo,
1198 1988 1264 2041 ut
1314 1984 1605 2062 loquendi
1632 1984 1930 2041 rationem
1960 2000 2074 2041 sua

409 2075 623 2143 sponte
636 2087 758 2129 non
771 2073 1493 2146 accuratamjvituperari.
1520 2076 1667 2132 Tota
1681 2076 2070 2132 sweularium

410 2160 755 2218 litterarum
773 2163 1003 2235 schola,
1028 2162 1224 2236 inquit
1251 2162 1314 2219 in
1342 2163 1598 2237 epistola
1633 2163 1714 2220 ad
1743 2167 2070 2220 Damasum

411 2251 823 2324 papam,nihil
842 2252 1020 2310 aliud
1039 2252 1413 2325 hypostasim
1434 2254 1555 2310 nisi
1571 2254 1761 2310 usiam
1783 2253 1948 2310 novit
1971 2269 1984 2308 :
2013 2258 2070 2309 et

409 2341 752 2413 quisquam,
773 2358 939 2414 rogo,
957 2357 1059 2399 ore
1076 2343 1372 2414 sacrilego
1390 2349 1510 2400 tres
1530 2344 1897 2400 substantias
1914 2359 2069 2414 pra:-

409 2430 635 2488 dicabit
655 2432 807 2487 ?Etsi
819 2431 1181 2489 abundabat
1199 2433 1536 2489 eruditione
1556 2434 1613 2491 S.
1639 2433 2064 2507 Hieronymus,

410 2520 690 2576 videntur
719 2524 924 2577 tamen
965 2522 1082 2578 hac
1110 2522 1169 2577 in
1193 2537 1257 2578 re
1285 2522 1604 2595 opiniones
1633 2523 1976 2595 anticipata;
2007 2523 2062 2579 ei

407 2610 687 2667 illusisse.
711 2614 862 2667 Nam
893 2611 1148 2667 Budaeus
1180 2615 1239 2669 et
1278 2616 1417 2685 post
1446 2629 1587 2669 eum
1616 2612 1904 2669 Henricus
1936 2615 2065 2670 Ste-

409 2701 652 2774 phanus
673 2700 999 2759 observant
1018 2718 1177 2775 saepe
1204 2705 1372 2775 apud
1412 2703 1694 2776 antiquos
1742 2703 2066 2776 scriptores

409 2790 794 2864 hypostasim
814 2791 890 2847 de
919 2791 992 2847 iis
1011 2791 1132 2847 dici
1151 2807 1290 2864 quae
1313 2807 1454 2849 vere
1478 2792 1762 2861 existunt,
1791 2796 1848 2849 et
1870 2792 1942 2849 iis
1964 2808 2068 2865 op-

410 2882 554 2954 poni
603 2897 742 2954 qua:
795 2881 995 2954 specie
1044 2885 1278 2937 tantum
1316 2885 1422 2938 aut
1463 2882 1772 2952 cogitandi
1812 2883 2064 2939 ratione.

413 2971 580 3028 Unde
602 2970 858 3026 Budmus
880 2971 944 3026 in
977 2971 1433 3029 Commentariis
1472 2971 1698 3043 profert
1744 2972 1908 3029 hunc
1946 2971 2069 3028 Ari-

2185 1802 2403 1870 σασθαι,
2452 1805 2542 1854 καὶ
2580 1801 2760 1873 ὀλίγην
2808 1805 2948 1874 ἔχοιν
3006 1800 3260 1878 διαφορὰν
3326 1809 3540 1876 νομίσαι
3585 1810 3714 1881 πρὸς
3742 1810 3829 1859 τὸν

2181 1898 2275 1951 τῆς
2330 1889 2590 1953 εὐσεϐείας
2641 1896 2855 1947 σκοπόν.
2908 1892 3037 1964 Ἐγὼ
3090 1895 3215 1967 γὰρ,
3270 1893 3375 1965 οὐχ
3441 1896 3581 1957 ὅπως
3630 1896 3672 1948 εἰ
3722 1894 3830 1948 ἑπι-

2183 1978 2369 2037 στολὴν
2421 1999 2501 2040 τις
2567 1979 2848 2053 ἀνθρώπων
2904 1978 3177 2054 δεξάμενος
3233 1980 3320 2034 ἐπ’
3359 1982 3490 2055 αὐτῇ
3550 1987 3685 2056 μέγα
3714 2004 3831 2057 φρο-

2177 2074 2253 2121 νεῖ
2318 2071 2507 2121 τούτου
2601 2070 2763 2123 ἕνεκεν
2851 2070 3211 2130 ὑποσταλῆναί
3274 2090 3399 2125 ποτε
3455 2070 3831 2146 καταδέξομαι·

2179 2156 2285 2210 ἀλλ’
2311 2156 2426 2211 οὐδ’
2466 2157 2526 2210 ἂν
2556 2157 2609 2221 ἕξ
2640 2159 2810 2212 αὐτῶν
2842 2162 2943 2233 ἥκῃ
2976 2169 3076 2213 τῶν
3105 2161 3353 2235 οὐρανῶν,
3408 2166 3480 2234 μὴ
3536 2170 3730 2235 στοιχῇ
3774 2159 3835 2217 δὴ

2174 2255 2247 2318 τῷ
2300 2248 2584 2320 ὑγιαίνοντι
2636 2248 2774 2321 λόγῳ
2841 2259 2937 2312 τῆς
2993 2254 3237 2318 πίστεως,
3273 2247 3503 2323 δύναμαι
3547 2253 3705 2305 αὐτὸν
3732 2272 3838 2307 κοι-

2175 2341 2328 2390 νωνὸν
2382 2340 2691 2410 ἡγήσασθαι
2737 2348 2837 2391 τῶν
2899 2339 3081 2411 ἀγίων²
3135 2341 3272 2397 Νοη
3323 2341 3549 2397 idcirco
3630 2347 3837 2398 tamen

2174 2429 2324 2485 mihi
2346 2430 2474 2499 ipse
2501 2445 2765 2501 unquam
2785 2431 3153 2499 persuadere
3175 2432 3484 2501 possim,ut
3508 2438 3615 2488 aut
3638 2433 3826 2489 Mele-

2177 2518 2327 2573 tium
2356 2519 2644 2589 ignorem,
2680 2524 2786 2575 aut
2818 2521 3104 2576 Ecclesia
3133 2521 3233 2577 cui
3255 2526 3466 2589 praeest
3501 2520 3831 2577 obliviscar

2173 2613 2282 2664 aut
2308 2608 2687 2679 quaestiones,
2716 2608 2788 2664 de
2818 2609 3032 2680 quibus
3052 2609 3128 2665 ab
3148 2609 3323 2667 initio
3348 2615 3499 2666 nata
3522 2610 3834 2679 dissensio,

2176 2698 2360 2755 exiles
2379 2704 2608 2768 putem,
2636 2703 2689 2754 et
2721 2699 2903 2767 parvi
2930 2700 3011 2755 ad
3040 2700 3283 2768 pietatis
3303 2700 3681 2769 propositum
3712 2715 3834 2755 mo-

2173 2787 2379 2843 menti.
2400 2787 2531 2858 Ego
2552 2788 2711 2844 enim
2741 2803 2863 2843 non
2881 2790 3095 2857 solum,
3117 2789 3170 2843 si
3188 2791 3317 2859 quis
3337 2789 3409 2843 ob
3430 2795 3735 2858 acceptam
3756 2788 3833 2845 ab

2177 2875 2514 2932 hominibus
2526 2877 2839 2945 epistolam
2857 2878 3164 2947 eﬂ’eratur,
3179 2893 3300 2933 non
3316 2878 3547 2934 idcirco
3564 2879 3839 2935 abstrahi

2174 2981 2250 3021 ne
2288 2981 2578 3038 ounquum
2632 2972 2685 3022 et
2738 2966 2994 3022 subduci
3013 2967 3398 3035 patiarzsed
3440 2983 3650 3039 neque,
3681 2969 3733 3023 si
3758 2983 3835 3025 ea:

412 3060 954 3119 stotelislocumDe
982 3062 1229 3131 mundo,
1257 3077 1398 3135 cap.
1427 3065 1489 3118 4:
1514 3060 1816 3122 Συλλήϐδην
1863 3060 1921 3115 δὲ
1966 3070 2064 3115 τῶν
2100 3072 2140 3129 c
2178 3056 2322 3125 ipsis
2360 3055 2542 3111 missa
2586 3054 2663 3110 sit
2713 3056 2900 3125 caelis,
2950 3069 3058 3111 nec
3101 3070 3315 3112 sanam
3342 3056 3451 3112 ille
3475 3058 3837 3126 proﬁteatur

414 3151 463 3204 ἐν
512 3150 623 3226 ἀέρι
669 3152 1055 3224 φαντασμάτων
1106 3154 1172 3204 τά
1222 3156 1314 3223 μέν
1358 3152 1472 3205 ἔστι
1512 3153 1627 3205 κατ’
1680 3156 1927 3226 ἔμφασιν.
2001 3154 2067 3205 τά

416 3238 477 3294 8's
524 3240 641 3293 καθ’
695 3243 1007 3295 ὑπόστασιν·
1058 3243 1151 3298 Ad
1199 3258 1493 3300 summam
1542 3260 1766 3311 eorum,
1827 3260 1958 3315 qua
2004 3244 2069 3301 in

415 3331 1021 3400 aereapparent,alia
1032 3332 1404 3401 specietenus
1417 3333 1838 3400 existunt,alia
1852 3334 2070 3391 habent

418 3422 596 3478 etiam
622 3420 1217 3491 hypostasim.Addit
1246 3421 1427 3477 etiam
1469 3420 1620 3477 illud
1662 3421 1965 3480 Themistii
2011 3424 2076 3479 in

416 3510 601 3582 Phys.
654 3526 694 3565 n
741 3525 755 3565 :
800 3508 864 3563 Ἀ
905 3506 1045 3582 μηδὲ
1103 3517 1175 3562 τῶ
1228 3509 1364 3582 λόγῳ
1436 3514 1702 3584 χωριστὰ,
1765 3520 1933 3565 ταῦτα
1987 3518 2076 3565 καὶ

417 3605 710 3657 ὑποστάσει
774 3601 1099 3678 χωρίζουσι·
1148 3600 1289 3669 Quae
1327 3616 1403 3657 ne
1445 3601 1681 3658 ratione
1730 3603 1967 3674 quidem
1996 3619 2080 3662 se.

415 3696 639 3767 parari
649 3697 925 3765 possunt,
943 3707 1014 3749 ea
1036 3692 1217 3749 etiam
1247 3690 1560 3763 hypostasi
1581 3698 1886 3762 separant.
1930 3698 2078 3753 Cum

420 3802 564 3858 ergo
584 3782 934 3858 hypostasis
958 3784 1307 3855 opponatur
1326 3781 1399 3837 iis
1414 3797 1550 3854 quae
1573 3782 1702 3839 sola
1725 3784 1959 3842 ratione
1975 3791 2081 3843 aut

421 3876 619 3950 specie
666 3877 901 3931 tantum
945 3872 1230 3941 existunt,
1277 3871 1495 3928 merito
1540 3872 1733 3929 sancti
1754 3876 1972 3939 Patres,
2012 3880 2079 3933 ut

422 3969 657 4023 Patrem
680 3978 820 4020 vere
846 3977 977 4018 esse
997 3964 1254 4034 patrem,
1285 3960 1498 4017 Filium
1523 3977 1658 4018 vere
1688 3977 1819 4020 esse
1860 3964 2072 4037 ﬁlium,

422 4055 707 4129 Spiritum
731 4067 867 4109 vere
892 4067 1027 4108 esse
1053 4051 1330 4124 spiritum
1359 4052 1761 4125 ostenderent,
1813 4058 1932 4111 tres
1970 4056 2076 4127 hy-

423 4148 701 4219 postases
747 4140 1161 4215 praedicarunt
1209 4143 1420 4197 contra
1468 4140 1797 4199 Sabellium
1845 4148 1902 4199 et
1926 4147 2071 4202 Noe-

424 4241 575 4301 tum,
634 4231 916 4304 quicum
961 4234 1081 4287 tres
1120 4229 1370 4302 quidem
1422 4242 1721 4303 personas
1783 4232 2073 4306 dicerent,

424 4328 571 4381 teste
603 4321 819 4379 Basilio
841 4321 1014 4394 epist.
1046 4321 1172 4387 214,
1195 4335 1257 4376 n.
1291 4325 1344 4390 3,
1373 4321 1481 4377 sed
1518 4321 1635 4379 hoc
1663 4337 1940 4394 personae
1965 4339 2072 4381 no-

426 4429 567 4470 men
582 4412 661 4469 ad
672 4411 1118 4484 metaphoricos
1130 4426 1343 4467 sensus
1357 4411 1789 4485 dotorquerent
1816 4429 1828 4468 :
1847 4413 2074 4487 aliquid
2111 4429 2154 4485 ι)

428 4504 515 4561 eis
538 4501 766 4575 opponi
794 4500 1025 4565 debuit,
1043 4500 1210 4573 quod
1231 4500 1453 4572 pariter
1500 4500 1741 4557 eludere
1778 4517 1902 4559 non
1946 4520 2077 4575 pos—

429 4597 580 4650 sent.
605 4596 676 4649 At
702 4591 853 4648 nihil
874 4590 954 4646 ad
979 4605 1113 4646 eam
1132 4605 1259 4646 rem
1294 4591 1516 4663 aptius,
1543 4590 1691 4647 nihil
1729 4592 2077 4662 signiﬁcan-

428 4685 545 4742 tius
566 4682 915 4757 hypostasis
926 4698 1099 4739 voce.
1125 4681 1290 4739 Unde
1305 4681 1598 4738 Sabellius
1613 4697 1803 4738 unum
1830 4699 2079 4755 prorsus

427 4774 744 4849 hypostasi
775 4775 964 4829 Deum
994 4786 1129 4830 esse
1158 4771 1583 4843 contendebat,
1641 4776 1708 4829 ut
1735 4773 1962 4831 ibidem
2000 4779 2079 4832 te-

428 4869 618 4922 statur
648 4862 915 4921 Basilius.

1187 4972 1215 5038 §
1254 4969 1321 5027 11.

426 5086 467 5138 Ι.
513 5081 760 5140 Videtur
795 5081 861 5146 S,
883 5077 1150 5137 Basilius
1167 5079 1367 5149 prima
1391 5077 1582 5148 specie
1622 5093 1899 5150 pugnare
1945 5095 2078 5136 cum

495 5154 561 5211 S.
574 5154 915 5210 Athanasio
934 5152 1061 5208 etS.
1079 5151 1364 5220 Gregorio
1377 5151 1439 5205 in
1458 5151 1647 5206 tribus
1663 5150 2078 5221 hypostasibus

495 5224 957 5297 defendendis.“
968 5224 1132 5297 .Non
1147 5229 1344 5297 tamen
1358 5222 1609 5279 discedit
1626 5238 1660 5279 α
1676 5224 1875 5279 debita
1889 5225 2081 5279 animi

480 5295 922 5355 mbderatione.
957 5296 1080 5363 Quo
1101 5310 1276 5350 sensu
1298 5295 1458 5350 hanc
1476 5298 1858 5364 questionem
1871 5300 2079 5365 magni

494 5370 775 5425 momenti
797 5384 918 5425 esse
938 5368 1113 5424 dixit.
1146 5366 1270 5433 Quo
1300 5381 1475 5421 sensu
1501 5381 1633 5422 cum
1664 5367 2076 5435 defensoribus

470 5438 646 5493 unius
659 5440 998 5510 hypostasis
1011 5438 1483 5495 communionem
1503 5437 1824 5494 meundam
1836 5440 2075 5510 negavit

494 5572 537 5627 1.
581 5566 869 5632 Quamvis
922 5567 979 5623 S.
1030 5564 1285 5624 Basilius
1342 5563 1403 5621 in
1442 5562 1841 5622 defendendis
1881 5564 2072 5622 tribus

2174 3146 2318 3214 ﬁdei
2341 3145 2707 3213 doctrinam,
2731 3159 2970 3214 possum
2996 3146 3167 3201 illum
3202 3151 3549 3202 sanctorum
3576 3162 3835 3203 commu-

2176 3236 2276 3291 nio
2284 3234 2373 3290 nis
2384 3234 2740 3304 participem
2753 3234 3243 3292 existimare.Cur
3255 3238 3447 3290 autem
3462 3235 3539 3291 de
3550 3235 3661 3291 hac
3674 3250 3836 3306 qum-

2181 3325 2373 3381 stione
2400 3327 2455 3380 et
2481 3323 2556 3379 de
2572 3322 2819 3379 Paulino
2835 3322 2920 3379 sic
2932 3323 3171 3387 sentiat,
3184 3322 3343 3380 hanc
3356 3324 3529 3381 aﬁert
3541 3324 3836 3381 rationem

2181 3413 2349 3486 quod
2377 3411 2685 3480 Paulinus,
2706 3412 2855 3468 dum
2877 3428 3064 3469 unam
3082 3413 3608 3484 hypostasim,tres
3638 3429 3843 3486 perso-

2183 3517 2296 3559 nas
2324 3501 2618 3574 perfectas
2640 3501 2919 3568 admittit,
2954 3501 3015 3556 in
3039 3501 3157 3556 hoc
3179 3517 3216 3557 a
3231 3500 3487 3556 Sabellio
3507 3517 3632 3556 non
3655 3501 3845 3557 disce-

2186 3592 2307 3663 dat,
2339 3592 2445 3665 qui
2473 3591 2697 3664 pariter
2714 3605 2900 3646 unam
2922 3590 3384 3661 hypostasim,et
3403 3594 3521 3644 tres
3542 3604 3840 3661 personas

2186 3681 2533 3739 admiserat.
2565 3682 2759 3746 Quare
2801 3678 3101 3736 contendit
3151 3677 3405 3734 Basilius
3459 3677 3841 3748 conjunctio-

2185 3784 2328 3828 nem
2352 3786 2493 3827 cum
2528 3768 2828 3841 ejusmodi
2857 3767 3206 3824 hominibus
3235 3782 3421 3823 unam
3452 3766 3843 3839 hypostasim

2186 3859 2625 3934 proﬁtentibus.
2651 3858 2779 3915 siue
2822 3857 3194 3928 gravissimis
3248 3856 3657 3913 incommodis
3702 3856 3843 3912 iniri

2184 3966 2310 4007 non
2354 3965 2569 4022 posse:
2602 3954 2689 4009 Τίς
2729 3945 2783 4000 δ’
2831 3948 2891 3999 ἆν
2930 3952 3126 4019 γένοιτο
3178 3956 3269 4008 τῆς
3325 3943 3573 4007 διαϐολῆς
3647 3948 3841 4006 ταύτης

2184 4040 2544 4114 χαλεπωτέρα,
2607 4042 2698 4090 καὶ
2754 4036 2946 4109 μᾶλλον
3004 4033 3263 4109 δυναμένη
3319 4039 3437 4096 τοὺς
3465 4034 3681 4097 πολλοὺς
3711 4030 3841 4086 δια-

2186 4130 2458 4195 σαλεῦσαι,
2516 4129 2545 4188 ἣ
2607 4128 2652 4181 εἰ
2710 4128 2991 4200 φανείησαν
3033 4146 3159 4188 τινες
3214 4126 3265 4189 ἐξ
3317 4128 3464 4198 ἡμῶν
3523 4126 3721 4196 Πατρὸς
3748 4128 3842 4176 καί

2184 4223 2307 4275 Υἱοῦ
2367 4224 2457 4272 καὶ
2527 4218 2680 4287 ἁγίου
2762 4218 3061 4289 Πνιύματος
3132 4220 3255 4284 μίαν
3322 4217 3615 4268 ὑπόστασιν
3671 4214 3846 4285 λέγον-

2184 4327 2286 4370 τες·
2315 4310 2602 4377 Quasnam
2624 4310 2823 4363 autem
2844 4306 2960 4362 hac
2980 4305 3293 4362 calumnia
3308 4306 3559 4375 gravior
3573 4318 3694 4360 esse
3708 4318 3843 4372 pos-

2185 4400 2278 4466 sit,
2309 4405 2365 4456 et
2385 4399 2466 4455 ad
2494 4398 2715 4454 multos
2743 4395 3187 4452 commovendos
3208 4395 3431 4463 aptior,
3452 4408 3633 4465 quam
3659 4394 3710 4448 si
3737 4394 3850 4462 qui

2186 4504 2262 4545 ex
2275 4489 2443 4545 nobis
2466 4487 2791 4544 videantur
2813 4485 3016 4541 Patris
3038 4490 3093 4540 et
3115 4484 3265 4540 Filii
3282 4490 3334 4539 et
3358 4483 3617 4553 Spiritus
3647 4482 3847 4537 sancti

2188 4594 2372 4636 unam
2405 4577 2770 4650 hypostasim
2800 4575 3045 4632 dicere?
3067 4578 3131 4629 ln
3169 4573 3450 4628 eamdem
3485 4571 3846 4627 sententiam

2189 4671 2274 4726 sic
2324 4668 2651 4741 alloquitur
2700 4666 3105 4739 Epiphanium
3146 4665 3203 4719 in
3229 4662 3486 4735 epistola
3509 4664 3637 4727 258,
3670 4678 3730 4718 n.
3760 4666 3789 4717 3
3831 4693 3845 4729 ;

2188 4761 2391 4819 Ίκανῶς
2440 4755 2499 4811 δὲ
2553 4776 2652 4830 μου
2710 4755 2916 4809 κάκεῖνο
2973 4760 3066 4813 τὴν
3136 4754 3323 4824 ψυχὴν
3380 4751 3719 4825 παρεκάλεσε,
3786 4755 3851 4803 τὸ

2189 4850 2471 4926 προστεθὲν
2524 4850 2667 4920 παρὰ
2709 4855 2800 4906 τῆς
2858 4854 2958 4907 σῆς
3004 4842 3270 4918 ἀκριϐείας
3312 4848 3423 4902 τοῖς
3479 4840 3680 4900 λοιποῖς
3753 4860 3850 4891 κα-

2189 4939 2289 5001 λῶς
2350 4943 2441 4991 καὶ
2508 4936 2731 5010 ἀκριϐῶς
2809 4934 3181 5004 θεολογηθείσι·
3243 4936 3301 4984 τὸ
3362 4937 3501 5005 τρεῖς
3565 4928 3848 5001 ἀναγκαῖον

2191 5026 2318 5082 εἶναι
2370 5030 2458 5088 τὰς
2507 5026 2826 5085 ὑποστάσεις
2869 5022 3155 5095 ὁμολογεῖν.
3209 5021 3368 5073 Ὠστι
3425 5027 3580 5072 τοῦτο
3637 5023 3719 5070 καὶ
3793 5022 3849 5071 οἱ

2189 5120 2323 5171 κατά
2390 5117 2715 5187 Ἀντιόχειαν
2791 5109 3003 5185 ἀδελφοὶ
3065 5106 3508 5162 ὃιὸασκέσθωσαν
3555 5109 3697 5180 παρά
3744 5115 3847 5159 σοῦ

2187 5210 2386 5267 πάντως
2431 5203 2488 5258 δε
2523 5224 2622 5257 που
2667 5208 2756 5256 καὶ
2796 5198 3189 5273 ἐδιδάχθησαν·
3247 5198 3305 5250 οὐ
3351 5201 3449 5270 γὰρ
3490 5197 3549 5248 ἆν
3582 5196 3713 5250 εἶλον
3746 5193 3853 5253 δη-

2186 5296 2352 5349 λονότι
2410 5300 2505 5352 τὴν
2561 5296 2688 5368 πρὸς
2742 5292 2929 5351 αὐτοὺς
2985 5294 3272 5352 κοινωνίαν,
3330 5291 3400 5360 μὴ
3471 5294 3624 5338 τοῦτο
3678 5285 3856 5338 αὐτῶν

2186 5384 2419 5458 μάλιστα
2456 5388 2512 5436 τὸ
2553 5388 2701 5455 μέρος
2734 5380 3170 5452 ἀσφαλισάμενος
3212 5377 3396 5432 Valde
3426 5382 3620 5431 autem
3651 5390 3858 5432 meum

2185 5475 2345 5531 illud
2388 5475 2565 5529 etiam
2614 5473 2879 5528 animum
2941 5468 3255 5532 recreavit,
3315 5465 3475 5537 quod
3520 5465 3859 5534 diligentia

2184 5571 2291 5624 tua
2312 5564 2538 5623 caeteris
2566 5563 2868 5635 praeclare
2895 5566 2950 5617 et
2975 5563 3260 5617 accurate
3280 5555 3559 5613 tractatis
3589 5554 3813 5625 adjecit
3854 5599 3870 5622 ,

3278 1626 3306 1683 ἦ
3381 1628 3445 1678 τὰ
3530 1628 3830 1699 ζητήματα,
3933 1640 3947 1649 ⁵
