4062 6208
203 292 251 343 21
268 335 278 341 .
1707 254 2089 318 PREFATIO.
3538 241 3609 295 22

210 424 404 469 necesse
440 421 559 463 esse
588 408 706 460 tres
738 402 1091 473 hypostases
1117 399 1415 468 conﬁteri.
1456 395 1837 464 Quapropter
1868 386 1916 440 Α
1943 382 2060 438 bus
2078 379 2298 438 eximia
2313 378 2419 435 illa
2446 378 2799 449 virtus,ques
2816 372 2878 428 in
2896 369 3184 428 omnibus
3208 365 3411 423 Basilii
3432 363 3607 421 dictis

210 504 405 571 fratres
434 492 800 551 Antiocheni
815 492 926 547 hoc
953 492 1127 546 etiam
1150 504 1186 544 a
1213 494 1267 544 te
1283 488 1644 543 edoceantur
1661 494 1682 552 ;
1702 494 1837 549 pro-

219 594 351 659 fecto
371 591 540 642 autem
547 584 683 651 jam
710 580 907 637 edocti
925 582 1063 635 sunt
1089 594 1101 632 :
1126 592 1265 633 nam
1289 577 1414 631 sine
1434 573 1612 630 dubio
1634 584 1836 627 eorum

228 677 493 746 amplexus
508 687 628 727 non
649 685 801 727 esses
824 665 1444 735 communionem,nisi
1459 661 1717 720 maxime
1732 657 1839 715 tibi

244 768 306 822 de
332 766 412 820 hoc
432 763 615 832 capite
645 765 896 817 cautum
922 764 1090 816 esset.

306 852 529 910 Videntur
544 851 683 906 haec
699 850 898 922 prima
915 847 1111 920 specie
1124 860 1397 919 pugnare
1419 860 1557 901 cum
1580 838 1842 911 Gregorii

249 941 521 1002 Nazianzeni
573 940 650 996 de
702 940 820 995 hac
853 937 1193 1011 quaestione
1223 935 1473 1007 judicio,
1506 938 1565 990 et
1602 944 1842 988 summa

244 1030 478 1089 Athanasii
498 1030 571 1086 in
594 1028 871 1085 sedanda
882 1025 1187 1083 discordia
1198 1024 1385 1082 animi
1404 1020 1839 1080 moderatione.

238 1123 323 1176 Haec
345 1120 492 1176 enim
545 1116 962 1174 controversia
1009 1113 1246 1170 videtur
1296 1111 1579 1183 Gregorio
1609 1110 1720 1180 (or.
1748 1111 1839 1173 2t,

222 1226 261 1280 ρ.
286 1211 393 1278 396)
422 1223 514 1264 res
536 1222 795 1277 prorsus
827 1205 1092 1261 ridicula
1118 1204 1211 1260 vel
1232 1201 1596 1269 miseranda,
1633 1201 1701 1259 ὡς
1727 1196 1841 1248 λίαν

214 1297 414 1366 γελοίονῆ
441 1296 676 1349 ἐλεεινόν·
704 1296 849 1352 levis
869 1299 924 1351 et
934 1295 1156 1364 jejuna
1176 1293 1249 1348 de
1268 1306 1476 1348 vocum
1498 1304 1641 1346 sono
1662 1288 1843 1343 alter-

212 1387 407 1454 talioni
469 1392 593 1459 περὶ
641 1390 727 1437 τὸν
774 1382 907 1456 ἦχον
960 1382 1290 1456 μικρολογία.
1320 1381 1511 1437 Plenis
1558 1376 1842 1433 manibus

207 1476 584 1532 Athanasium
641 1474 874 1541 laudat,
927 1474 1039 1545 qui
1097 1478 1353 1543 utraque
1403 1475 1578 1540 parte
1629 1467 1844 1522 leniter

205 1572 244 1621 et
276 1565 516 1635 benigne
550 1566 765 1630 accita,
797 1562 1233 1632 verborumque
1256 1559 1550 1615 sententia
1590 1555 1843 1625 diligen-

205 1662 283 1709 ter
302 1661 350 1710 et
370 1658 659 1711 accurate
676 1667 985 1724 perpensa,
1001 1658 1385 1721 posteaquam
1409 1646 1728 1703 concordes
1755 1659 1843 1698 rc-

1947 469 2182 528 etfactis
2201 464 2718 539 elucebat,1enitas
2747 467 2804 517 et
2826 459 3009 517 animi
3037 453 3608 527 moderatio.Suspi-

1947 567 2117 618 catur
2143 565 2345 617 tamen
2367 553 2777 613 Tillemontius
2791 551 2853 623 (t.
2871 552 2979 620 XII,
2995 564 3056 621 p.
3070 547 3609 618 46)Hieronymum

1946 667 2070 708 non
2092 649 2205 705 sibi
2232 652 2506 704 constare
2537 644 2599 700 in
2619 643 2713 699 his
2735 636 3237 697 narrandis.Nam
3266 649 3405 689 cum
3431 632 3609 688 vehe-

1948 744 2181 796 mentes
2212 737 2295 793 illi
2320 736 2500 794 trium
2544 729 2968 806 hypostasium
3021 723 3390 791 defensores,
3411 719 3608 793 inquit

1950 829 2219 886 eruditus
2231 828 2503 899 scriptor,
2517 822 2664 880 nihil
2676 819 2838 878 aliud
2850 812 3206 891 peterentab
3220 811 3607 882 Hieronymo,

1949 919 2065 977 nisi
2086 923 2152 975 ut
2170 924 2286 974 tres
2314 917 2677 989 hypostases
2708 909 3120 974 conﬁteretur;
3143 900 3454 976 quomodo
3483 916 3608 958 non

1951 1027 2055 1067 eos
2113 1009 2417 1081 placasset
2467 1004 2646 1061 trium
2688 996 3115 1074 hypostasium
3171 990 3609 1049 confessione?

1953 1079 2176 1156 Deinde
2198 1112 2335 1152 vero
2356 1102 2687 1168 postquam
2708 1094 2828 1146 tres
2854 1088 3221 1160 hypostases
3259 1079 3609 1137 confessum

1952 1206 2014 1247 se
2040 1204 2169 1245 esse
2190 1184 2475 1254 narravit,
2498 1198 2605 1239 cur
2631 1180 2832 1237 statim
2857 1175 3131 1242 addit,Et
3153 1173 3294 1246 quia
3315 1169 3610 1227 vocabula

1952 1295 2068 1334 non
2086 1274 2406 1333 edicimus?
2424 1268 2852 1327 Videnturth
2868 1262 3204 1339 pugnantia
3215 1257 3605 1337 Tillemontio.

1954 1366 2069 1425 Sed
2098 1365 2303 1421 minus
2334 1358 2761 1419 animadvertit
2787 1354 3176 1413 doctissimus
3207 1349 3445 1405 criticus
3472 1346 3609 1402 Hie-

1950 1471 2281 1528 ronymum
2313 1454 2429 1509 hoc
2452 1450 2586 1507 loco
2616 1465 2742 1505 non
2762 1452 2881 1504 tres
2910 1446 3276 1516 hypostases
3314 1436 3606 1499 conﬁteri,

1953 1546 2059 1603 sed
2088 1544 2359 1601 medium
2389 1558 2455 1597 se
2480 1555 2614 1597 esse
2654 1536 2805 1594 velle
2853 1536 3007 1590 inter
3038 1536 3325 1602 utrasque
3378 1530 3607 1600 partes.

1953 1641 2079 1695 Non
2109 1634 2270 1691 enim
2300 1632 2461 1701 dicit,
2478 1632 2534 1686 Si
2550 1630 2684 1703 quis
2705 1631 2822 1683 tres
2846 1626 3205 1698 hypostases
3224 1634 3346 1676 non
3368 1616 3609 1674 conﬁte-

205 1744 365 1811 perit,
392 1758 514 1808 nec,
539 1748 833 1813 quantum
860 1740 935 1798 ad
964 1740 1324 1806 doctrinam,
1348 1737 1475 1793 ullo
1495 1736 1667 1791 modo
1688 1735 1845 1789 inter
1873 1745 1913 1799 Β
1950 1724 2399 1794 tur,anathema
2422 1721 2525 1776 sit:
2542 1719 2647 1774 sed
2666 1718 2717 1773 is
2737 1720 2829 1772 est
2849 1729 3064 1770 sensus
3086 1710 3244 1767 illius
3259 1706 3603 1764 verborum:

206 1848 257 1888 se
280 1831 641 1895 dissidentes,
666 1831 753 1886 ita
786 1830 1087 1900 negotium
1106 1828 1421 1897 transegit,
1449 1831 1514 1881 ut
1536 1824 1844 1881 nominum

209 1938 371 1976 usum
432 1921 751 1977 concedens
812 1921 987 1977 rebus
1040 1935 1134 1975 eos
1186 1919 1643 1987 constringeret.
1690 1918 1845 1972 Num

206 2012 375 2083 igitur
399 2009 665 2066 Basiliius
692 2025 833 2065 cum
856 2008 1136 2077 Gregorio
1165 2012 1221 2062 et
1242 2005 1568 2062 Athanasio
1590 2007 1841 2076 pugnat,

207 2116 270 2154 ac
312 2099 623 2171 permagni
650 2098 731 2154 ad
758 2098 1045 2169 pietatem
1098 2095 1391 2152 momenti
1438 2110 1567 2150 esse
1623 2097 1844 2161 censet,

206 2188 358 2261 quod
385 2188 476 2243 isti
503 2187 803 2243 levissimi
833 2202 962 2242 esse
990 2184 1282 2241 momenti
1311 2183 1663 2239 ducebant?
1692 2185 1847 2237 Num

207 2277 595 2332 necessarium
627 2275 904 2333 conﬁteri
941 2290 1072 2331 esse
1097 2274 1321 2340 statuit,
1350 2272 1516 2345 quod
1554 2272 1848 2343 cujusque

214 2366 434 2421 arbitrio
462 2365 894 2438 relinquebant
921 2382 934 2433 ;
966 2368 1021 2419 et
1054 2362 1274 2434 quibus
1319 2361 1549 2417 nullam
1596 2375 1846 2433 prorsus

212 2455 546 2511 modestiam
578 2454 868 2510 volebant
894 2452 1179 2519 exhiberi,
1213 2467 1317 2507 eos
1350 2452 1431 2507 ad
1470 2448 1846 2506 communio-

215 2560 339 2599 nem
368 2550 539 2616 negat
568 2544 810 2600 admitti
841 2546 1112 2615 oportere
1132 2542 1158 2594 ?

278 2635 651 2690 ll.UtS.Patris
664 2634 967 2689 sententia
978 2627 1851 2704 perspiciatur,observandum

227 2728 341 2775 est:
373 2728 558 2779 t'eum
572 2720 1034 2779 accuratissime
1073 2734 1311 2775 servare
1351 2718 1519 2790 quod
1549 2716 1852 2790 preacipue

216 2809 286 2864 ab
314 2810 710 2869 Alexandrina
735 2810 976 2883 synodo
998 2810 1298 2865 sancitum
1320 2808 1534 2875 fuerat,
1552 2814 1617 2863 ut
1639 2811 1850 2862 neutra

214 2915 336 2969 pars
354 2900 513 2957 alteri
538 2902 793 2957 haeresis
823 2905 926 2955 aut
948 2899 1163 2955 erroris
1182 2903 1389 2954 notam
1422 2898 1704 2953 inureret.
1727 2895 1851 2951 Hoc

212 2990 452 3046 maxime
462 2990 787 3046 ridiculum
802 2988 895 3044 vel
914 2988 1111 3060 potius
1130 2987 1541 3042 miserandum
1565 2986 1851 3057 Gregorio

1955 1817 2013 1875 Si
2042 1816 2177 1889 quis
2228 1818 2346 1870 tres
2393 1810 2756 1882 hypostases
2819 1800 3184 1872 conﬁtendo,
3208 1814 3333 1855 non
3379 1800 3445 1852 ut
3489 1801 3608 1850 tres

1950 1887 2242 1980 personas
2273 1894 2799 1965 subsistentes,sed
2825 1898 2891 1950 ut
2920 1896 3039 1949 tres
3069 1887 3436 1946 substantias
3466 1900 3607 1942 con-

1952 1979 2545 2065 ﬁtemur,anathema
2571 1988 2663 2043 sit.
2682 1985 2745 2041 1d
2778 1985 2940 2056 patet
2965 1997 3038 2036 ex
3062 1979 3157 2035 his
3177 1994 3314 2051 quae
3346 1990 3608 2048 sequun-

1953 2091 2048 2141 tur
2081 2103 2093 2139 :
2125 2084 2190 2140 Si
2226 2083 2358 2154 quis
2398 2089 2593 2137 autem
2628 2073 2996 2146 hypostasim
3030 2071 3222 2125 usiam
3242 2065 3605 2149 intelligens,

1954 2190 2074 2230 non
2128 2174 2195 2229 in
2250 2171 2442 2227 tribus
2487 2144 2760 2239 personis
2808 2177 2991 2218 unam
3042 2156 3409 2229 hypostasim
3438 2144 3608 2221 dicit,

1956 2265 2189 2320 alienus
2218 2278 2253 2317 a
2297 2260 2535 2317 Christo
2566 2261 2670 2314 est.
2704 2256 2921 2311 Secum
2959 2264 3101 2321 ergo
3129 2262 3255 2304 non
3295 2241 3613 2319 pugnabat

1959 2355 2379 2424 Hieronymus,
2406 2349 2514 2405 sed
2543 2350 2823 2406 neutram
2851 2339 3142 2414 loquendi
3168 2337 3465 2394 rationem
3490 2348 3615 2390 am-

1957 2423 2249 2518 plectens,
2274 2438 2574 2514 quidquid
2614 2434 2855 2508 utrique
2891 2433 3126 2505 poterat
3152 2428 3351 2485 inesse
3380 2424 3527 2493 vitii,
3552 2423 3615 2480 id

1958 2549 2210 2607 prorsus
2234 2530 2562 2602 rejiciebat,
2591 2542 2703 2583 nec
2729 2530 2937 2581 tamen
2965 2520 3207 2595 placare
3226 2520 3461 2591 poterat
3481 2529 3614 2572 mo-

1958 2640 2135 2681 rosos
2165 2622 2298 2677 illos
2327 2616 2731 2675 adversarios.

2031 2718 2093 2769 20
2124 2715 2326 2781 Neque
2352 2709 2534 2766 etiam
2563 2701 3104 2779 reprehendendus
3142 2697 3417 2762 Basilius,
3450 2696 3618 2768 quod

1961 2806 2231 2860 exortam
2244 2800 2318 2856 de
2329 2794 2766 2872 hypostasibus
2786 2789 3253 2849 controversiam
3266 2784 3476 2856 magni
3488 2798 3619 2839 esse

1958 2892 2250 2951 momenti
2275 2888 2737 2959 duxerit,neque
2757 2885 2821 2941 in
2840 2884 2954 2940 hoc
2968 2882 3198 2954 pugnat
3217 2893 3358 2934 cum
3381 2873 3618 2947 synodo

1958 2980 2379 3039 Alexandrina.
2416 2978 2531 3032 Etsi
2553 2975 2717 3032 enim
2737 2973 2869 3031 haec
2894 2968 3149 3043 quaestio
3170 2965 3319 3023 tanti
3340 2979 3469 3019 esse
3495 2975 3619 3018 non

211 3078 521 3149 videbatur,
551 3080 721 3153 quod
746 3080 818 3135 de
835 3053 956 3149 ﬁde
976 3081 1379 3135 controversia
1403 3093 1522 3135 esse
1548 3053 1852 3133 videretur
1879 3101 1920 3156 ρ
1957 3071 2240 3141 debebat,
2275 3072 2340 3124 ut
2366 3068 2519 3123 inter
2549 3062 2889 3122 Catholicos
2935 3058 3098 3114 idem
3146 3053 3470 3111 sentientes
3498 3066 3621 3123 pax

214 3167 343 3222 levis
365 3177 414 3224 et
428 3172 641 3239 jejuna
670 3170 745 3225 de
770 3184 977 3225 vocum
998 3184 1139 3224 sono
1159 3168 1503 3224 altercatio:
1524 3166 1848 3239 quodobji-

208 3262 445 3312 ceretur.
479 3260 967 3315 Sabellianismus
1006 3258 1073 3313 ob
1113 3265 1232 3313 tres
1254 3271 1567 3327 personas,
1592 3262 1645 3312 et
1668 3256 1850 3311 Aria-

212 3348 435 3401 nismus
486 3348 553 3400 ob
603 3356 716 3404 tres
767 3349 1115 3419 hypostases
1133 3360 1157 3418 ;
1189 3347 1357 3419 quod
1385 3362 1453 3402 eo
1482 3346 1726 3402 tandem
1755 3361 1851 3400 res

224 3432 484 3488 adducta
500 3440 732 3500 esset,ut
752 3439 1083 3505 periculum
1110 3442 1355 3503 esset,ne
1371 3436 1528 3495 orbis
1547 3441 1852 3491 terrarum

213 3522 365 3589 ﬁnes
383 3538 507 3578 una
546 3541 672 3580 cum
690 3526 931 3595 syllabis
964 3527 1491 3595 abrumperentur.
1510 3524 1664 3582 Nihil
1690 3524 1851 3595 ejus-

209 3611 371 3667 modi
398 3614 785 3670 commissum
811 3632 847 3671 a
878 3615 1112 3682 Basilio,
1138 3616 1241 3687 qui
1263 3617 1325 3670 in
1344 3616 1458 3671 hac
1480 3614 1619 3687 ipsa
1639 3614 1719 3670 ad
1736 3614 1851 3668 Te-

202 3702 454 3758 rentium
486 3703 737 3775 epistola
752 3704 1133 3761 adversarios
1157 3720 1300 3760 suos
1321 3704 1687 3760 domesticos
1708 3701 1851 3759 ﬁdei

200 3792 476 3864 appellat,
506 3810 729 3866 eosque
753 3794 1134 3867 simplicitate
1160 3794 1378 3864 magis,
1408 3810 1594 3867 quam
1623 3792 1855 3849 malitia

194 3883 264 3936 ad
288 3883 771 3940 Sabellianorum
789 3884 1077 3957 loquendi
1096 3884 1548 3941 similitudinem
1568 3882 1854 3939 accedere

190 3969 420 4040 fatetur,
444 3979 503 4030 et
521 3976 584 4029 in
611 3974 890 4046 pluribus
920 3974 1055 4030 aliis
1080 3973 1227 4030 locis
1255 3990 1463 4030 eorum
1512 3972 1652 4028 ﬁdei
1693 3972 1856 4027 testi-

190 4062 459 4117 monium
490 4063 718 4127 tribuit,
748 4068 815 4118 ut
844 4063 907 4118 in
935 4063 1107 4135 epist.
1146 4067 1263 4126 156,
1291 4079 1354 4120 n.
1384 4068 1431 4133 l,
1460 4062 1566 4117 ubi
1595 4077 1720 4130 eos,
1747 4061 1854 4134 qui

184 4151 509 4208 Antiochiae
540 4154 700 4207 inter
728 4169 791 4208 se
819 4152 1113 4209 dissident
1143 4152 1440 4208 sententia
1470 4151 1697 4207 divisos
1719 4165 1853 4206 esse

182 4248 371 4311 negat.
401 4242 557 4297 Hinc
584 4243 770 4297 etiam
795 4242 858 4297 in
890 4243 1065 4314 epist.
1089 4247 1212 4309 258,
1241 4258 1307 4303 n.
1332 4246 1385 4308 3,
1408 4241 1619 4297 fratres
1648 4240 1847 4298 Antio-

179 4330 399 4386 chenos
430 4335 619 4386 vocat.
660 4346 763 4386 eos
814 4330 918 4403 qui
955 4347 990 4387 a
1024 4331 1253 4387 Paulini
1280 4330 1555 4404 partibus
1586 4330 1845 4397 stabant,

1957 3140 2236 3221 dissiliret
2277 3174 2291 3223 ;
2342 3160 2469 3212 erat
2512 3159 2719 3211 tamen
2769 3149 2912 3207 satis
2957 3145 3168 3217 magni
3214 3140 3532 3211 momenti,
3573 3143 3622 3199 si

1959 3253 2262 3325 spectetur
2300 3245 2721 3303 haereticorum
2749 3240 2829 3298 ad
2860 3236 3273 3297 accusandam
3297 3230 3621 3289 Ecclesiam

1958 3322 2268 3412 ingenium
2292 3334 2579 3410 proclive.
2615 3333 2766 3389 Cum
2798 3331 2959 3387 enim
2991 3324 3306 3385 Catholicis
3338 3322 3623 3412 Sabellia-

1958 3410 2225 3490 nismum
2281 3427 2569 3498 attingere
2622 3439 2747 3480 non
2795 3420 3156 3486 desinerent,
3189 3429 3477 3486 campum
3504 3410 3620 3469 illis

1960 3521 2040 3579 ad
2070 3518 2408 3577 calumnias
2426 3514 2762 3589 aperuisset
2778 3505 3313 3582 uniushypostasis
3324 3503 3402 3561 ad
3423 3518 3621 3558 exem-

1959 3612 2130 3686 plum
2185 3607 2426 3666 Sabellii
2480 3603 2806 3661 confessio.
2843 3604 3038 3667 Quare
3095 3612 3235 3653 cum
3286 3591 3619 3686 Epiphanio

1960 3699 2305 3764 assentitur,
2333 3710 2577 3752 necesse
2607 3708 2739 3749 esse
2776 3696 2890 3748 tres
2918 3690 3280 3761 hypostases
3300 3680 3571 3739 conﬁteri
3603 3698 3616 3747 ;

1958 3803 2352 3862 nequaquam
2381 3785 2443 3841 id
2474 3781 2887 3840 necessarium
2916 3793 3047 3834 esse
3075 3778 3267 3850 putat,
3296 3777 3363 3828 ut
3390 3769 3612 3828 Catho-

1958 3880 2111 3936 licus
2166 3875 2383 3948 aliquis
2428 3872 2738 3934 habeatur,
2767 3868 2874 3925 sed
2921 3871 2985 3924 ut
3031 3866 3201 3923 locus
3252 3862 3615 3919 Arianorum

1962 3967 2284 4027 calumniis
2332 3980 2458 4022 non
2515 3963 2710 4032 detur,
2756 3959 2919 4016 addo
2977 3957 3178 4025 etiam,
3227 3958 3293 4011 ut
3348 3955 3616 4010 servetur

1961 4063 2209 4132 accepta
2240 4074 2275 4115 a
2304 4052 2640 4126 majoribus
2670 4049 2935 4108 traditio.

2032 4156 2090 4209 3°
2120 4152 2268 4205 Cum
2294 4151 2463 4205 tanto
2502 4142 2690 4201 animi
2715 4141 2930 4199 ardore
2950 4139 3012 4196 in
3040 4138 3102 4194 id
3132 4134 3427 4194 incumbit
3445 4132 3612 4190 Basi-

1957 4242 2093 4310 lius,
2126 4256 2201 4297 ne
2232 4238 2411 4295 unius
2438 4232 2791 4308 hypostasis
2813 4231 3161 4288 defensores
3186 4243 3325 4284 cum
3356 4225 3613 4282 Ecclesia.

1959 4332 2167 4390 Meletii
2219 4327 2686 4399 conjungantur,
2715 4337 2898 4395 seque
2936 4319 3157 4379 adduci
3198 4331 3377 4391 posse
3407 4319 3608 4385 negat,

175 4426 453 4490 precatur
486 4426 553 4476 ut
586 4419 917 4475 Ecclesiam
968 4420 1426 4486 Antiochenam,
1462 4436 1600 4491 quae
1648 4419 1709 4473 in
1738 4418 1848 4475 do-
1877 4454 1921 4509 Β
1960 4426 2027 4479 ut
2053 4419 2369 4477 Paulinum
2399 4411 2848 4473 communionis
2880 4413 3226 4467 sanctorum
3256 4404 3608 4480 participem

174 4511 355 4566 ctrina
372 4510 707 4579 consentit,
726 4509 1055 4582 aliquando
1080 4510 1213 4580 conj
1227 4513 1471 4565 unctam
1487 4508 1690 4564 videre
1710 4525 1849 4565 con-

170 4602 508 4671 tingat,nec
526 4602 665 4671 jam
695 4600 827 4671 ipsa
853 4606 1063 4654 contra
1084 4615 1146 4654 se
1173 4604 1333 4655 recta
1352 4599 1505 4653 ﬁdes
1536 4599 1732 4654 scissa
1753 4599 1846 4655 sit.

231 4693 363 4747 Non
392 4698 528 4747 erat
572 4705 723 4759 ergo
759 4689 1012 4746 Basilius
1037 4705 1107 4745 ex
1140 4690 1481 4745 vehementi
1508 4688 1611 4744 illo
1642 4688 1841 4744 homi-

167 4795 303 4836 num
330 4797 592 4850 genere,
616 4778 695 4833 de
724 4778 946 4851 quibus
978 4779 1377 4849 Hieronymus
1408 4778 1469 4834 in
1492 4777 1747 4849 epistola
1767 4777 1840 4832 ad

165 4871 503 4925 Damasum
538 4884 779 4941 papam
812 4869 897 4923 sic
926 4867 1232 4939 loquitur:
1270 4870 1735 4938 Interrogemus,
1761 4865 1845 4920 in‘

158 4960 467 5031 quit,quid
489 4967 620 5014 tres
637 4957 953 5026 hypotases
967 4971 1142 5026 posse
1162 4956 1540 5012 arbitrentur
1561 4955 1838 5025 intelligi.

167 5049 293 5104 Tres
307 5062 634 5119 personas
660 5045 1040 5102 subsistentes
1064 5047 1233 5102 aiunt
1253 5062 1263 5099 :
1280 5046 1707 5115 respondemus
1736 5061 1840 5102 nos

156 5138 228 5194 ita
248 5139 531 5195 credere.
570 5135 714 5189 Non
736 5136 963 5203 sufﬁcit
981 5150 1207 5200 sensus,
1222 5135 1415 5203 ipsum
1436 5150 1649 5190 nomen
1671 5136 1841 5205 efﬂa-

158 5229 340 5293 gitant
368 5244 393 5284 :
415 5228 583 5299 quia
617 5226 812 5280 nescio
842 5225 990 5297 quid
1034 5225 1246 5280 veneni
1280 5225 1341 5278 in
1380 5224 1636 5293 syllabis
1670 5226 1835 5281 latet.

161 5315 540 5379 Clamamus,
578 5316 635 5370 si
653 5315 786 5384 quis
809 5320 928 5370 tres
950 5315 1316 5384 hypostases,
1346 5320 1411 5369 ut
1438 5315 1561 5369 tria
1595 5328 1840 5384 enypos.

158 5416 280 5471 tata,
310 5409 429 5463 hoc
458 5412 558 5461 est
593 5410 714 5459 tres
740 5404 1128 5460 subsistentes
1150 5418 1589 5472 personas,non
1608 5404 1841 5473 conﬁte-

158 5497 629 5566 tur,anatliema
653 5496 751 5548 sit.
768 5495 845 5549 Et
866 5495 1008 5565 quia
1037 5492 1330 5549 vocabula
1352 5509 1469 5547 non
1493 5493 1840 5561 ediscimus,

162 5590 423 5647 heretici
437 5586 838 5659 judicamur.
859 5588 1069 5641 Deerat
1090 5599 1237 5641 sane
1257 5583 1558 5655 ejusmodi
1580 5583 1840 5641 homini-

1958 4514 2252 4583 agnoscat
2275 4527 2287 4577 ;
2319 4507 2637 4576 diligenter
2655 4500 3126 4575 expendendum
3147 4498 3293 4572 quid
3316 4497 3369 4553 ei
3389 4511 3608 4569 propo-

1958 4603 2139 4659 situm
2195 4598 2385 4655 fuerit.
2412 4600 2542 4653 Non
2582 4594 2743 4652 enim
2768 4593 2831 4649 id
2856 4591 3165 4665 agebatur,
3194 4593 3257 4645 ut
3295 4586 3609 4645 schismati

1954 4690 2326 4748 Antiocheno
2356 4686 2493 4743 ﬁnis
2522 4685 3016 4757 imponeretur,et
3035 4680 3115 4737 ad
3139 4679 3475 4749 legitimum
3504 4694 3607 4751 pa-

1955 4785 2179 4838 storem
2208 4781 2262 4835 S.
2294 4776 2588 4836 Meletium
2642 4790 2787 4830 oves
2839 4772 3120 4829 redirent.
3154 4770 3211 4826 Si
3239 4769 3389 4827 tanti
3435 4784 3604 4826 com-

1954 4868 2122 4925 modi
2148 4883 2286 4939 spes
2319 4864 2661 4930 affulsisset,
2692 4866 2850 4919 certo
2894 4861 3016 4917 scio
3070 4858 3357 4918 Basilium
3399 4858 3605 4914 omnia

1954 4959 2087 5031 paci
2107 4963 2161 5015 et
2188 4955 2460 5013 charitati
2505 4951 2994 5026 posthabiturum
3023 4950 3229 5019 fuisse,
3254 4966 3323 5008 ac
3352 4950 3603 5007 libenter

1952 5052 2373 5120 suscepturum
2426 5044 2654 5101 Paulini
2700 5042 2943 5117 plebem
2990 5044 3049 5100 et
3089 5041 3337 5109 clerum,
3370 5039 3602 5100 etiamsi

1949 5153 2139 5193 unam
2158 5133 2537 5208 hypostasim
2567 5132 2965 5190 admitterent.
2987 5132 3104 5190 Sed
3131 5131 3363 5189 Paulini
3385 5128 3604 5185 amico-

1949 5243 2085 5284 rum
2142 5223 2393 5281 consilia
2441 5222 2646 5279 omnia
2675 5238 2745 5279 eo
2771 5221 3149 5295 spectabant,
3181 5228 3245 5277 ut
3296 5219 3598 5287 Paulinus,

1950 5315 2193 5372 excluso
2223 5315 2278 5369 S.
2307 5312 2550 5379 Meletio,
2574 5312 2739 5369 solus
2771 5312 3098 5369 Antiochia
3126 5312 3423 5384 praeesset.
3454 5307 3599 5367 llinc

1954 5404 2204 5461 Basilius
2228 5402 2289 5458 in
2315 5402 2532 5458 cadam
2559 5402 2732 5475 epist.
2754 5405 2881 5473 214,
2912 5417 2975 5459 n.
3007 5407 3053 5469 t,
3084 5397 3305 5455 adduci
3327 5412 3388 5453 se
3417 5412 3601 5471 posse

1951 5499 2155 5567 negat,
2179 5498 2245 5549 ut
2274 5498 2380 5550 aut
2408 5494 2709 5550 Meletium
2746 5492 3001 5563 ignoret,
3032 5494 3138 5546 aut
3172 5488 3456 5546 Ecchsiz
3502 5492 3603 5547 cui

1950 5590 2167 5656 praest
2215 5583 2488 5641 Meletius
2533 5582 2940 5639 obliviscatur.
2972 5581 3100 5635 Non
3128 5576 3427 5636 immerito
3456 5593 3600 5650 ergo
