4050 6202
420 289 487 340 23
1935 294 2317 351 PREFATIO.
3770 312 3841 364 24

420 409 918 502 communionem
942 425 1082 467 cum
1123 412 1371 469 Paulino
1401 412 1733 470 ineundam
1763 417 2069 487 negabat;
2102 421 2148 474 Α
2186 420 2456 494 undique
2512 423 2824 495 exquisitis
2888 427 2944 478 et
3000 424 3411 496 comportatis,
3472 442 3593 482 non
3644 431 3842 502 prima

419 498 645 570 quippe
672 514 810 554 cum
839 500 974 556 iniri
1000 517 1124 557 non
1149 507 1376 575 posset,
1408 504 1557 577 quin
1587 504 1846 561 Meletius
1874 506 2077 577 rejice-

419 590 601 651 retur,
616 586 719 658 qui
738 587 898 643 solus
914 590 1239 647 Antiochiae
1261 592 1565 663 legitimus
1583 598 1710 649 erat
1730 594 2075 667 episcopus.

420 673 641 729 Eadem
673 674 745 730 de
775 691 963 734 causa
1014 678 1271 735 Basilius
1304 682 1497 753 (epist.
1529 686 1655 749 258,
1691 697 1753 739 n.
1786 683 1838 753 3)
1870 682 2079 740 leniter

418 764 805 837 reprehendit
832 765 894 821 in
926 768 1260 840 Epiphanio
1290 770 1504 827 initam
1536 787 1674 826 cum
1709 771 1938 828 Paulini
1970 774 2075 829 Ec-

422 853 601 909 clesia
623 856 1111 913 communionem
1138 877 1149 914 :
1184 875 1308 915 non
1336 860 1500 933 quod
1532 860 1710 916 unius
1729 861 2076 934 hypostasis

422 943 768 1000 defensores
819 948 1438 1005 excommunicandos
1478 955 1533 1006 et
1579 950 1657 1006 ab
1687 950 1949 1007 Ecclesia
1974 952 2074 1023 eji-

422 1032 670 1088 ciendos
697 1033 971 1105 duceret;
996 1037 1102 1092 sed
1126 1038 1444 1111 Epiphanii
1466 1039 1865 1096 constantiam
1884 1041 2079 1114 requi-

420 1121 610 1191 rebat,
660 1123 765 1196 qui
795 1139 935 1181 cum
965 1130 1081 1182 tres
1110 1127 1476 1200 hypostases
1507 1144 1750 1185 necesse
1782 1146 1910 1185 esse
1936 1146 2074 1186 con-

420 1213 569 1269 ﬁteri
599 1218 890 1285 censeret,
923 1230 1061 1272 cum
1094 1216 1446 1274 hominibus
1478 1234 1665 1275 unam
1695 1219 2075 1292 hypostasim

418 1301 842 1373 proﬁtentibus
888 1306 1462 1375 communicaverat,
1489 1312 1693 1379 spreta
1745 1313 1802 1364 et
1858 1309 2079 1380 rejecta

419 1390 624 1447 Meletii
714 1393 1165 1449 communione.
1225 1396 1377 1451 Fecit
1431 1396 1644 1452 eadem
1713 1396 2078 1453 defendendi

417 1480 623 1537 Meletii
666 1481 1013 1549 necessitas,
1048 1487 1113 1540 ut
1142 1484 1321 1540 unius
1374 1485 1724 1559 hypostasis
1754 1486 2073 1558 professio,

415 1586 552 1644 quae
596 1585 820 1641 magno
868 1570 1072 1645 aliquo
1105 1574 1427 1631 commodo
1481 1580 1896 1648 compensata,
1928 1575 2077 1632 levis

414 1659 549 1715 visa
578 1664 752 1729 esset,
776 1676 915 1716 cum
945 1662 1229 1718 maximis
1259 1664 1319 1718 in
1352 1664 1645 1720 Meletium
1676 1664 1911 1737 injuriis
1939 1680 2077 1721 con-

2186 510 2385 580 specie
2413 528 2634 567 manus
2684 512 2921 568 dandas
2969 528 3099 567 esse
3149 518 3338 585 putet.
3363 514 3476 569 Sed
3510 516 3559 570 si
3608 519 3839 589 singula

2184 601 2556 670 vestigentur
2584 602 2944 675 accuratius,
2961 601 3123 657 aliud
3146 618 3399 675 prorsus
3422 605 3642 661 feretur
3669 608 3741 664 de
3780 613 3835 667 S.

2185 689 2399 745 Basilio
2424 690 2741 760 judicium.

2258 779 2321 831 Il.
2352 780 2591 834 Duabus
2639 780 3024 852 potissimum
3069 779 3143 836 de
3183 782 3379 837 causis
3415 783 3469 838 S.
3501 782 3715 839 doctor
3744 785 3843 840 Dei

2185 880 2331 921 voce
2359 866 2659 923 interdum
2689 867 2749 923 in
2773 867 3160 940 praedicanda
3192 870 3502 942 S.Spiritus
3535 872 3843 929 divinitate

2186 954 2489 1010 abstinuit.
2506 956 2708 1013 Prima
2736 962 2956 1019 erat,ut
2975 958 3234 1013 inﬁrmis
3258 960 3594 1016 consuleret
3619 978 3633 1015 :
3658 961 3847 1019 altera

2185 1049 2251 1100 ut
2279 1044 2613 1101 furentibus
2663 1046 2954 1103 hmreticis
2995 1047 3198 1104 locum
3228 1048 3569 1120 praeriperet
3606 1055 3843 1123 pertur-

2186 1132 2403 1189 bandae
2429 1140 2484 1190 et
2517 1135 2832 1191 vastandas
2856 1136 3279 1208 Cappadociae.

2259 1224 2405 1278 Cum
2458 1225 2764 1280 Tarsensis
2809 1225 3071 1282 Ecclesia
3100 1226 3161 1281 in
3208 1226 3568 1282 Arianorum
3619 1243 3839 1283 manus

2187 1311 2513 1382 incidisset,
2529 1312 2806 1369 catholici
2827 1314 3162 1386 presbyteri
3188 1331 3328 1370 cum
3348 1315 3633 1387 episcopo
3652 1316 3840 1371 haere-

2188 1403 2303 1455 tico
2327 1401 2778 1457 communicare
2803 1400 3111 1467 nolebant,
3138 1416 3207 1458 ac
3239 1402 3512 1469 seorsim,
3538 1409 3601 1459 ut
3628 1403 3689 1458 in
3721 1404 3847 1475 plu-

2183 1487 2351 1544 ribus
2383 1488 2516 1544 aliis
2544 1490 2820 1546 Ecclesiis
2848 1490 3073 1546 factum
3096 1490 3454 1563 est,plebem
3479 1507 3652 1547 suam
3679 1507 3839 1563 rege.

2184 1576 2350 1633 bant.
2384 1577 2499 1633 Sed
2545 1578 2699 1634 inter
2747 1595 2850 1635 eos
2890 1584 3096 1635 exorta
3144 1578 3460 1650 dissensio,
3494 1596 3565 1636 ac
3598 1581 3842 1653 Cyriaco

2184 1667 2556 1740 presbytero,
2591 1667 2761 1739 cujus
2806 1667 2958 1725 ﬁdes
3009 1669 3069 1724 in
3117 1668 3525 1740 suspicionem
3580 1675 3840 1735 venerat,

409 1750 642 1821 juncta,
663 1751 983 1824 permagni
1009 1767 1137 1809 esse
1168 1753 1460 1810 momenti
1512 1754 1830 1811 videretur.
1875 1758 2075 1828 Neque
2107 1779 2145 1832 Β
2185 1755 2283 1812 alii
2308 1756 2643 1828 presbyteri
2674 1757 3047 1813 conditiones
3069 1757 3393 1813 nonnullas
3414 1757 3845 1831 ferebant,qui—

414 1840 596 1895 etiam
629 1840 706 1895 ab
736 1841 1093 1897 Arianorum
1121 1841 1440 1898 calumniis
1475 1842 1645 1900 valde
1677 1844 2075 1900 metuendum

412 1928 644 1996 fuisset,
674 1929 721 1985 si
751 1946 875 1986 una
928 1930 1296 2003 hypostasis,
1328 1931 1514 1988 veluti
1564 1948 1775 1988 naevus
1824 1933 2073 2006 quidam

412 2017 740 2075 tolerabilis
782 2024 839 2075 et
866 2020 1299 2091 ignoscendus,
1332 2022 1571 2077 veniam
1604 2022 1769 2094 apud
1814 2022 2073 2079 Catholi-

410 2123 512 2163 cos
563 2108 897 2175 habuisset,
929 2109 1036 2165 sed
1064 2109 1111 2164 si
1144 2126 1453 2166 summum
1484 2111 1781 2167 honorem
1812 2127 1882 2167 ac
1914 2110 2070 2167 cele-

406 2195 688 2253 britatem
728 2197 951 2271 adepta
1000 2202 1177 2267 esset,
1201 2215 1272 2255 ac
1302 2215 1527 2270 magna
1557 2186 1763 2257 Meletii
1807 2200 2074 2257 Ecclesia

407 2285 629 2359 pusillo
660 2287 892 2343 Paulini
949 2290 1271 2345 conventui
1315 2289 1522 2346 fuisset
1571 2290 1883 2361 adjuncta,
1913 2290 2075 2347 velut

409 2376 461 2431 si
481 2376 707 2433 ﬂumen
750 2377 946 2433 rivulo
975 2377 1379 2449 adjungatur;
1408 2384 1551 2435 tunc
1575 2380 1811 2434 Arianis
1843 2379 2072 2451 patuis-

410 2466 846 2525 setlatissimus
873 2467 950 2524 ad
978 2467 1478 2525 calumniandum
1510 2484 1784 2541 campus.

1156 2580 1183 2645 §
1228 2579 1320 2632 ιιι.

409 2684 451 2738 l.
495 2683 878 2755 Vituperatﬁus
925 2697 963 2738 a
990 2684 1303 2738 nonnullis
1343 2684 1408 2740 S.
1445 2684 1730 2749 Basilius,
1758 2683 1917 2755 quod
1968 2683 2077 2738 Dei

482 2754 724 2809 titulum
781 2754 1041 2823 Spiritui
1095 2760 1304 2810 sancto
1362 2770 1483 2810 non
1509 2771 1739 2823 semper
1768 2754 2075 2809 tribuerit.

481 2826 692 2881 ll.Hoc
713 2831 1176 2894 temperamento
1204 2841 1343 2880 usus
1376 2832 1564 2892 est,ut
1587 2827 1843 2895 inﬁrmis
1870 2841 2077 2881 consu-

480 2898 627 2952 leret
653 2902 705 2952 et
733 2897 1063 2952 Ecclesiam
1086 2912 1254 2953 suam
1275 2897 1691 2953 haereticorum
1711 2898 1910 2967 furori
1944 2897 2075 2951 sub-

481 2968 770 3023 traheret.
816 2969 911 3025 ιιι.
937 2969 1237 3024 Neutrum
1278 2983 1533 3036 prorsus
1585 2969 2075 3038 vituperandum.

485 3041 573 3094 ιν.
625 3040 865 3109 Objecta
908 3040 1248 3095 solvuntur.
1284 3041 1346 3093 V.
1374 3041 1642 3095 Basilius
1669 3055 1899 3107 semper
1922 3039 2076 3095 idem

2184 1843 2299 1899 bus
2328 1845 2422 1901 ille
2464 1845 2739 1901 assentiri
2764 1845 3025 1902 nolebat.
3062 1845 3379 1903 Consultus
3411 1846 3660 1902 Basilius
3693 1847 3846 1903 duas

2184 1950 2254 1990 ea
2285 1934 2359 1990 de
2386 1950 2447 1990 re
2470 1934 2753 2007 epistolas
2779 1936 3038 2008 scripsit,
3067 1935 3320 1991 alteram
3352 1936 3430 1991 ad
3458 1936 3843 2008 presbyteros

2182 2025 2519 2089 Tarsenses,
2553 2023 2803 2080 alteram
2848 2025 2928 2080 ad
2976 2025 3176 2096 ipsum
3222 2025 3560 2095 Cyriacum.
3596 2028 3845 2081 Demon-

2184 2116 2331 2168 strat
2358 2113 2550 2184 (epist.
2590 2117 2712 2181 113)
2743 2113 3113 2187 presbyteris
3161 2114 3220 2169 in
3272 2130 3343 2169 eo
3394 2119 3554 2171 statu
3604 2131 3698 2170 res
3749 2119 3847 2171 Ec-

2184 2200 2378 2256 clesiae
2394 2202 2714 2268 versari,ut
2742 2202 2890 2257 nihil
2922 2203 3228 2274 antiquius
3254 2218 3386 2257 esse
3411 2202 3849 2276 debeat,quam

2183 2305 2239 2346 m
2251 2290 2462 2346 embra
2474 2290 2710 2346 divulsa
2723 2295 2858 2362 conj
2871 2291 3250 2361 ungere.Fiel
3266 2299 3459 2348 autem
3471 2295 3840 2361 conjunctio,

2183 2379 2397 2451 inquit,
2420 2381 2469 2435 si
2507 2381 2778 2447 velimus,
2810 2382 3023 2451 quibus
3054 2383 3116 2436 in
3144 2380 3316 2436 rebus
3334 2383 3567 2436 animas
3588 2397 3705 2436 non
3743 2383 3843 2437 lae-

2184 2470 2470 2535 dimus,in
2489 2471 2580 2525 his
2605 2486 2711 2526 nos
2732 2471 2814 2526 ad
2841 2472 3199 2538 inﬁrmiores
3222 2470 3844 2527 accommodare.Cum

2186 2562 2374 2631 igitur
2400 2576 2506 2616 ora
2539 2562 2732 2616 multa
2766 2561 2826 2615 in
2846 2560 3137 2629 Spiritum
3162 2567 3430 2616 sanctum
3454 2567 3666 2629 aperta
3697 2563 3839 2631 sint,

2185 2665 2252 2705 ac
2298 2650 2521 2719 lingua:
2552 2650 2632 2704 ad
2649 2650 2973 2719 jaciendas
2997 2651 3059 2704 in
3083 2650 3253 2705 illum
3291 2650 3693 2718 blasphemia:
3722 2654 3844 2704 sint

2185 2744 2478 2806 ηας-μιαί,
2502 2753 2783 2808 rogamus
2813 2754 2911 2794 vos
2930 2745 3013 2805 ut,
3048 2746 3337 2810 quantum
3362 2740 3424 2794 in
3457 2739 3618 2794 vobis
3645 2745 3747 2806 est,
3772 2742 3854 2795 ad

2182 2843 2441 2897 parvum
2474 2843 2790 2884 numerum
2825 2827 3303 2897 blasphemantes
3328 2827 3727 2899 rcrligatis,'ct
3749 2840 3852 2899 qui

2184 2918 2478 2987 Spiritum
2506 2923 2781 2972 sanctum
2830 2923 3169 2973 creaturam
3203 2932 3324 2972 esse
3344 2932 3464 2971 non
3495 2917 3729 2981 dicunt,
3760 2933 3853 2973 eos

2186 3007 2493 3078 recipiatis
2508 3009 2567 3063 in
2583 3008 3147 3077 communionem,ut
3167 3008 3501 3076 blasphemi
3510 3009 3856 3080 relinquan-

479 3097 738 3166 sentiens
752 3126 871 3166 non
892 3126 1124 3180 semper
1155 3110 1352 3167 eodem
1382 3111 1554 3167 modo
1574 3114 1637 3167 in
1669 3097 1967 3168 haereticis
1994 3125 2079 3166 re-

2196 3104 2290 3153 tur
2304 3098 2438 3168 soli,
2462 3112 2532 3152 ac
2556 3099 2651 3152 vel
2669 3097 2898 3165 pudore
2912 3098 3039 3165 su/I‘
3038 3098 3127 3151 usi
3142 3098 3225 3151 ad
3245 3098 3556 3153 veritatem
3581 3099 3853 3157 redeant.

480 3182 763 3250 fallendis
786 3188 1083 3238 versatur.

486 3286 505 3340 Ι
516 3329 531 3344 .
554 3290 720 3343 Nunc
742 3286 906 3343 aliud
937 3287 1428 3359 reprehensionis
1457 3287 1861 3357 genus,longe
1888 3287 2077 3343 diver-

421 3392 555 3432 sum
602 3374 919 3447 superiori,
945 3375 1433 3448 propulsandum
1474 3392 1509 3431 a
1552 3377 1605 3432 S.
1637 3375 1873 3431 Basilio.
1909 3374 2083 3441 Quod

418 3466 581 3521 enim
634 3464 940 3520 interdum
993 3464 1067 3520 de
1113 3468 1323 3520 sancto
1375 3464 1595 3537 Spiritu
1628 3463 1711 3519 sic
1737 3463 1997 3531 disserit,
2020 3468 2085 3520 ut

418 3570 643 3614 nomen
679 3553 777 3610 Dei
808 3568 931 3610 non
971 3552 1283 3621 tribuat,id
1334 3558 1390 3609 et
1430 3552 1736 3609 nonnullis
1767 3552 2083 3609 olimindi-

420 3644 771 3715 gnationem
796 3643 1001 3711 movit,
1024 3658 1135 3698 nec
1157 3642 1377 3699 desunt
1406 3641 1586 3699 hodie
1616 3643 1719 3716 qui
1743 3641 1941 3698 Basilii
1970 3642 2084 3699 hac

420 3734 485 3791 in
504 3750 565 3790 re
586 3732 997 3790 fortitudinem
1018 3732 1207 3790 animi
1232 3738 1286 3789 et
1318 3732 1723 3789 constantiam
1753 3732 2082 3804 requirant.

423 3823 643 3881 Prodiit
668 3823 877 3895 paucis
901 3822 979 3878 ab
1005 3822 1144 3878 hinc
1168 3822 1342 3879 annis
1365 3819 2085 3893 opusculumequoddam,

424 3913 487 3970 in
518 3927 641 3984 quo
672 3910 746 3967 de
778 3910 975 3967 Basilii
1006 3910 1164 3967 facto
1214 3910 1548 3966 disseritur.
1578 3908 1856 3965 Basilium
1892 3924 2087 3981 repre-

426 4000 638 4058 hendit
694 4004 903 4057 auctor
951 3998 1247 4072 opusculi,
1282 4015 1405 4054 non
1457 4002 1661 4055 tamen
1710 3998 1839 4053 sine
1887 3997 2089 4053 debita

430 4095 598 4148 tanto
641 4090 873 4147 doctori
903 4090 1257 4153 reverentia,
1290 4088 1459 4162 quod
1506 4088 1693 4144 animi
1723 4088 2088 4145 moderatio-

430 4196 572 4237 nem
626 4184 682 4236 et
725 4179 1031 4235 lenitatem
1088 4177 1328 4250 longius
1377 4177 1746 4251 produxerit.
1781 4177 2092 4233 Existimat

432 4268 589 4327 illius
609 4269 923 4325 consilium
947 4283 1069 4323 non
1092 4266 1277 4323 modo
1300 4282 1403 4322 eos
1426 4267 1619 4322 exitus
1636 4282 1759 4322 non
1780 4265 2089 4331 habuisse,

434 4374 590 4432 quos
638 4358 751 4414 sibi
794 4356 1195 4430 proponebat,
1223 4361 1289 4412 ut
1318 4355 1706 4429 placarentur
1733 4356 2091 4410 Pneumato~

2190 3188 2304 3257 vel,
2332 3188 2384 3241 si
2412 3187 2475 3241 in
2516 3191 2759 3254 peccato
2805 3192 3070 3251 manent,
3098 3187 3464 3241 auctoritate
3512 3187 3856 3243 careantob

2187 3278 2575 3346 paucitatem.
2608 3274 2783 3330 Nihil
2805 3275 2994 3345 igitur
3012 3275 3275 3343 amplius
3298 3290 3689 3344 erposcamus
3715 3291 3728 3329 :
3753 3276 3855 3329 sed

2192 3366 2528 3422 volentibus
2548 3364 2852 3439 nobiseum
2868 3366 3155 3434 conjungi
3165 3365 3469 3434 fratribus
3489 3366 3831 3434 ﬁdemNica:

2192 3471 2335 3511 nam
2368 3469 2780 3524 proponamus
2796 3468 2906 3509 :ac
2926 3456 2981 3508 si
3001 3455 3055 3509 ei
3075 3456 3496 3522 assentientur,
3533 3454 3694 3509 illud
3714 3469 3855 3525 quo-

2192 3560 2305 3614 que
2341 3545 2667 3614 exigamus,
2705 3543 3000 3611 Spiritum
3041 3549 3311 3596 sanctum
3349 3548 3695 3596 creaturam
3742 3542 3864 3597 dici

2193 3650 2313 3691 non
2361 3638 2715 3703 oportere,et
2765 3646 2856 3687 eos
2895 3631 2999 3700 qui
3037 3630 3266 3697 dicunt,
3295 3630 3482 3697 recipi
3503 3630 3580 3684 ab
3617 3630 3761 3697 ipsis
3796 3631 3859 3683 in

2197 3724 2671 3779 communionem
2691 3736 2807 3776 non
2826 3719 3230 3776 debereNihil
3260 3724 3455 3775 autem
3485 3723 3717 3786 praeter
3735 3717 3861 3773 haec

2196 3814 2635 3885 exposcendum
2669 3828 2788 3869 esse
2819 3827 3040 3868 censeo.
3068 3815 3267 3883 Ipsum
3310 3813 3512 3865 autem
3540 3809 3861 3880 Cyriacum

2196 3904 2474 3960 hortatur
2504 3903 2698 3973 (epist.
2736 3905 2878 3969 114),
2913 3906 2977 3957 ut
3006 3900 3189 3956 ﬁdem
3234 3899 3535 3954 Nimenam
3578 3898 3857 3969 proﬁtea-

2197 3999 2309 4063 tur,
2344 4009 2455 4048 nec
2483 3992 2669 4047 ullam
2716 3991 2777 4046 in
2823 4007 2893 4046 ea
2920 4006 3132 4046 vocem
3193 3989 3442 4059 rejiciat,
3477 4004 3546 4043 ac
3573 3992 3864 4060 praeterea

2196 4082 2481 4154 Spiritum
2512 4086 2791 4137 sanctum
2825 4085 3160 4135 creaturam
3194 4078 3311 4134 dici
3341 4093 3463 4133 non
3490 4076 3728 4143 debere,
3757 4092 3865 4131 nec

2200 4189 2339 4227 cum
2362 4172 2432 4227 iis
2459 4172 2559 4244 qui
2584 4168 3399 4240 dicunt,communicandum
3427 4182 3555 4221 esse
3578 4164 3863 4220 declaret.

2202 4265 2327 4319 Non
2366 4262 2669 4335 probabat
2722 4276 2865 4331 ergo
2916 4259 3164 4315 Basilius
3191 4257 3349 4313 hanc
3387 4255 3583 4325 legem
3623 4255 3869 4326 Cyriaeo

2202 4353 2454 4424 imponi,
2491 4357 2553 4408 ut
2592 4352 2692 4407 Dei
2731 4365 2956 4405 nomen
3013 4347 3255 4421 Spiritui
3305 4352 3511 4402 sancto
3561 4344 3866 4412 tribueret,

436 4447 656 4519 machi,
681 4453 736 4503 et
765 4446 1195 4503 reducerentur
1239 4445 1483 4517 inﬁrmi,
1520 4445 1628 4501 sed
1666 4445 1846 4501 etiam
1893 4443 2094 4500 locum
2128 4465 2170 4518 D
2204 4443 2390 4499 modo
2420 4458 2549 4498 rem
2573 4441 2689 4496 hoc
2716 4439 2961 4495 nomine
2995 4436 3396 4509 signiﬁcatam
3427 4434 3824 4490 conﬁteretur.

437 4536 677 4594 dedisse
716 4536 965 4593 occultis
1007 4535 1325 4602 haereticis,
1356 4535 1553 4607 qualis
1594 4538 1718 4591 erat
1746 4533 2092 4590 Eustathius

441 4627 830 4696 Sebastenus,
863 4642 992 4682 sese
1024 4642 1161 4681 cum
1192 4625 1406 4682 Basilio
1434 4624 1849 4696 conjungendi
1877 4644 1886 4685 ;
1912 4623 2092 4696 pluri-

438 4716 553 4772 bus
584 4718 785 4771 autem
831 4713 1209 4787 displicuisse
1239 4730 1363 4771 non
1393 4712 1588 4769 solum
1616 4712 1953 4781 monachis,
1990 4712 2096 4766 sed

438 4803 619 4860 etiam
677 4803 974 4877 episcopis
1030 4820 1099 4860 ac
1146 4803 1259 4877 ipsi
1311 4806 1366 4860 S.
1403 4802 1645 4860 Meletio.
1690 4805 1877 4871 Negat
1932 4799 2095 4856 idem

441 4893 695 4966 scriptor
736 4898 896 4949 certo
950 4896 1226 4951 constare
1275 4908 1353 4951 an
1379 4894 1433 4949 S.
1459 4892 1786 4950 Athanasio
1842 4890 2098 4963 probata

439 4982 616 5039 fuerit
646 4982 841 5039 Basilii
870 4982 1089 5055 agendi
1131 4983 1283 5040 ratio
1313 5001 1325 5038 :
1351 4983 1587 5038 variam
1613 4997 1683 5036 ea
1706 4980 1780 5036 de
1808 4996 1870 5035 re
1897 4984 2099 5035 censet

438 5072 623 5129 fuisse
655 5072 919 5142 Gregorii
964 5072 1319 5129 Nazianzeni
1373 5071 1764 5128 sententiam:
1792 5085 1863 5124 ac
1893 5070 2094 5141 ipsum

438 5164 619 5219 etiam
667 5162 968 5228 Basiliam,
1002 5178 1142 5218 cum
1195 5162 1420 5217 videret
1446 5176 1506 5215 se
1537 5175 1663 5215 rem
1717 5157 2097 5231 praeclarissi-

437 5267 603 5308 mam
655 5267 777 5308 non
821 5252 1037 5319 facere,
1072 5251 1131 5307 in
1182 5250 1387 5321 gratia:
1432 5249 1565 5305 loco
1617 5249 1731 5304 hoc
1780 5247 2021 5320 petiisse
2064 5264 2097 5303 a

435 5340 656 5412 Spiritu
704 5346 913 5398 sancto
945 5344 1197 5412 ejusque
1245 5339 1574 5395 divinitatis
1620 5336 2043 5393 defensoribus
2080 5354 2091 5403 ;

436 5435 652 5500 postea
670 5436 871 5488 autem
886 5431 1003 5487 hoc
1023 5432 1570 5502 temperamentum
1591 5428 1843 5482 missum
1860 5426 2091 5491 fecisse,

436 5532 559 5588 quo
582 5532 903 5590 nunquam
934 5535 1085 5575 usus
1110 5523 1197 5575 est
1222 5518 1283 5572 in
1312 5516 1694 5572 defendendo
1727 5514 2095 5571 consubtan-

434 5605 577 5662 tiali.
612 5609 796 5663 Nemo
850 5610 970 5666 fere
1014 5608 1232 5681 estqui
1277 5611 1362 5663 tot
1410 5605 1714 5663 rationum
1768 5603 2089 5661 momentis

2276 4531 2445 4595 Quod
2476 4535 2677 4586 autem
2705 4527 3013 4584 observari
3047 4525 3233 4581 voluit
3265 4524 3344 4580 ad
3376 4521 3683 4579 sanandos
3704 4526 3758 4577 et
3780 4537 3869 4576 re-

2205 4619 2516 4675 ducendos
2540 4617 2923 4683 inﬁrmiores,
2947 4615 3006 4670 id
3033 4615 3160 4686 ipse
3191 4611 3629 4677 observavit,ut
3655 4625 3869 4682 pravo-

2205 4725 2341 4764 rum
2401 4707 2819 4763 hazreticorum
2880 4704 3127 4759 insidias
3184 4701 3443 4757 Ecclesia
3491 4699 3875 4755 Ctesariensis

2206 4798 2510 4868 eil’ugeret.
2544 4799 2653 4852 Res
2682 4811 2717 4851 a
2752 4796 2807 4852 S.
2842 4792 3123 4863 Gregorio
3156 4792 3526 4868 Nazianzeno
3558 4789 3643 4843 sic
3667 4802 3873 4843 narra-

2206 4865 2460 4953 tur,-or.
2505 4890 2593 4953 20,
2648 4902 2707 4957 p.
2767 4882 3241 4953 3642Οἰκονομεῖν
3301 4865 3525 4938 δὲ’τούς
3579 4877 3760 4947 λογους
3820 4876 3869 4926 ἐν

2205 4982 2396 5048 κρίσει,
2458 4985 2556 5028 τῶν
2614 4974 2904 5045 ἀναγκαίων
2971 4971 3194 5043 ἐνόμιζε,
3236 4978 3308 5020 τῶ
3369 4970 3484 5038 Gaia»
3544 4962 3708 5019 Δαϐὶδ
3750 4970 3869 5037 περὶ

2205 5071 2391 5123 τούτου
2447 5064 2724 5137 συμϐούλῳ
2770 5068 3059 5137 χρώμενος,
3096 5065 3183 5110 καὶ
3236 5062 3420 5131 μικρὸν
3475 5059 3594 5109 ὅσον
3640 5059 3722 5106 τὸν
3773 5062 3870 5104 τοῦ

2204 5160 2429 5231 πολέμου
2503 5160 2683 5230 καιρὸν
2753 5151 3035 5224 διαφέρειν,
3097 5169 3185 5199 και
3260 5152 3353 5203 τὴν
3430 5155 3529 5197 τῶν
3598 5146 3871 5217 αἱρεῖ-μῶν

2207 5246 2540 5313 δυναστείαν,
2614 5245 2703 5303 ἕως
2757 5245 2782 5293 ὁ
2844 5249 2939 5300 τῆς
3014 5238 3294 5310 ἐλευθερίας
3356 5233 3593 5285 ἐπιλάϐοι
3669 5233 3869 5303 καίρός,

2204 5341 2292 5389 καὶ
2354 5334 2430 5407 δῷ
2488 5343 2546 5407 τῇ
2617 5334 2833 5404 γλώσσῃ
2892 5334 2985 5386 τήν
3033 5326 3352 5400 rapiam-inv.
3387 5326 3452 5374 Οὶ
3504 5325 3593 5394 μὲν
3653 5320 3873 5381 ἐζήτουν

2202 5426 2453 5479 λαϐέσθαι
2507 5430 2709 5495 γυμνῆς
2766 5430 2855 5479 τῆς
2904 5423 3022 5488 περὶ
3077 5423 3167 5467 τοῦ
3226 5416 3521 5484 Πνεῦματος
3574 5419 3763 5483 φωνῆς,
3807 5414 3874 5469 ὼς

2204 5519 2279 5573 εἰη
2343 5519 2463 5576 Θεὸς
2498 5514 2639 5585 (ὅπερ
2702 5516 2753 5562 ἄν
2822 5508 3025 5571 ἀληθὲς,
3084 5503 3265 5565 ἀσεϐὲς
3322 5502 3527 5562 ἐκείνοις
3574 5498 3869 5571 ὑπελαμϐά-

2203 5623 2333 5671 uno,
2367 5607 2455 5654 καὶ
2523 5608 2593 5670 τῷ
2649 5607 2793 5669 κακῷ
2860 5597 3127 5672 προστάτη
3180 5601 3273 5653 τῆς
3333 5589 3614 5659 ἁσεϐεὶας),
3649 5593 3731 5639 ἵνα
3788 5591 3848 5638 τὸ
