4062 6208
190 305 261 356 2.5
1736 297 2114 357 PBtEFATlO.
3563 312 3628 365 26

201 430 288 497 μεν
321 432 433 484 τῆς
470 422 658 482 πόλεως
685 424 820 493 μετὰ
856 429 951 481 τῆς
997 420 1238 493 aeoliis/ou
1267 422 1518 493 γλώσσης
1548 425 1870 496 ὑπερορίσω-

1986 425 2176 480 verbis
2198 428 2399 494 potius
2422 441 2597 498 quam
2622 428 2683 483 in
2710 430 2884 484 rebus
2902 432 3242 486 consistere:
3259 433 3477 501 quippe
3496 448 3629 488 cum

205 535 316 573 σιν,
372 513 532 565 αὐτοι
582 508 631 563 δὲ
690 515 1056 581 κατασχόντες
1116 516 1210 568 τὴν
1259 511 1591 580 Ἐκκλησίαν,
1641 517 1730 563 καὶ
1778 520 1872 571 τῆς

212 606 430 658 ἑαυτῶν
493 608 652 660 κακίας
702 603 1030 674 ὁρμητήριον
1096 606 1461 674 ποιησάμενοι,
1530 602 1752 655 ἐντεῦθεν
1816 606 1871 653 τὸ

217 696 525 765 ’λειπόμενον
560 692 709 755 εἶπαν,
759 694 828 751 ὡς
881 693 936 742 ἔκ
986 711 1119 753 τινος
1160 691 1485 767 ἀκροπόλεως
1516 688 1869 763 καταδράμω-

244 802 353 835 σιν.
391 783 446 832 Ὀ
472 777 585 831 δὲέν
624 778 811 840 ἄλλαις
850 782 940 851 μὲν
986 788 1174 849 φωναῖς
1204 788 1488 854 γραφιχαῖς
1531 786 1619 831 καὶ
1666 799 1869 853 μαρτν-

244 876 383 945 ρίαις
430 867 811 938 ἀναμφιλέκτοις
856 872 1047 920 ταυτὸν
1097 866 1428 942 δυναμέναις,
1479 874 1568 921 καὶ
1610 876 1725 928 ταῖς
1772 876 1870 919 τῶν

248 960 570 1029 συλληιθςιιῶν
623 957 883 1029 ἀνάγκαις
930 960 1093 1021 οὕτως
1143 961 1284 1031 ἦγχε
1330 964 1449 1020 τοὺς
1496 958 1868 1030 ἀντιλέγοντας,

248 1054 356 1101 ὥστε
396 1053 465 1119 ⁴αὴ
528 1046 851 1100 ἀντιϐαίνειν
910 1052 1068 1120 ἔχειν,
1126 1048 1231 1100 ἀλλ’
1286 1050 1499 1110 οἰκείαις
1559 1045 1870 1101 ωνδείσθαι

241 1145 403 1208 μναῖς,
475 1139 614 1210 ἤπερ
683 1133 750 1194 δὴ
820 1143 908 1189 καὶ
974 1144 1194 1209 μεγίστη
1262 1138 1416 1209 λόγου
1485 1135 1710 1210 δύναμις
1774 1144 1867 1189 καὶ

227 1230 420 1284 ςννεσιςο
478 1222 719 1281 δηλώσει
771 1223 830 1278 δι
879 1233 967 1278 καὶ
1013 1230 1037 1278 ὁ
1076 1226 1225 1298 λόγος
1273 1230 1327 1279 ὃν
1354 1232 1472 1300 περὶ
1506 1225 1689 1279 τούτου
1724 1230 1869 1277 συνί-

209 1315 362 1385 γρτᾷε
408 1323 576 1365 κινῶν
631 1320 726 1372 τὴν
765 1313 1019 1389 γραφίδα,
1078 1318 1142 1376 ὡς
1200 1316 1254 1368 ἐκ
1301 1314 1520 1379 πνξίδος
1567 1324 1658 1368 τοῦ
1716 1319 1868 1367 Ilva)-

203 1422 378 1473 ⁸αατος.
413 1408 529 1461 Τήν
567 1400 627 1455 δὲ
667 1411 851 1477 κυρίαν
900 1410 1068 1475 gnavi.»
1117 1410 1237 1465 τέως
1267 1407 1611 1478 ὑπερετίθετο,
1645 1407 1787 1478 παρά
1815 1423 1869 1455 τε

198 1500 281 1543 τοῦ
314 1499 629 1563 Πνενματος
660 1493 839 1561 αὐτοῦ,
881 1499 969 1544 καὶ
1002 1502 1099 1545 τῶν
1129 1500 1357 1564 γνησίων
1383 1498 1569 1546 τούτου
1604 1513 1869 1564 συναγων-

200 1592 354 1633 ιστών
414 1585 593 1654 χάριν
653 1583 827 1650 αἰτῶν,
882 1591 945 1654 τῇ
1002 1583 1268 1655 οἰκονομίᾳ
1332 1589 1401 1655 μὴ
1474 1580 1866 1655 δυσχεραίνειν,

196 1670 333 1743 μηδὲ
382 1678 522 1743 μιᾶς
574 1670 949 1743 ἀντεχομένους
1002 1682 1185 1743 φωνῆς,
1246 1676 1306 1724 τὸ
1356 1679 1456 1724 πᾶν
1495 1673 1747 1725 ἀπολέσαι
1795 1670 1866 1724 δι’

196 1762 545 1829 ἀπληστίαν,
611 1770 683 1832 τῷ
743 1770 909 1833 καιρῷ
963 1768 1363 1835 παρασνρείσης
1427 1771 1521 1823 τῆς
1582 1763 1863 1823 εὐσεϐείας.
1900 1779 1939 1831 Β

198 1853 384 1910 Αὑτοίς
412 1855 510 1921 μὲν
552 1853 653 1921 γὰρ
700 1847 947 1921 οὐδεμίαν
987 1847 1113 1902 εἶναι
1159 1852 1353 1923 ζημίαν
1407 1852 1865 1923 ὐπαλλαττομένων

194 1941 382 2010 μικρὸν
412 1944 526 1987 τῶν
558 1937 755 2001 λέξεων,
798 1944 887 1990 καὶ
932 1947 1118 2010 φωναῖς
1159 1940 1339 2001 ἄλλαις
1380 1945 1438 1992 τὸ
1470 1945 1582 1993 ἴσον
1609 1938 1870 1992 διδασκο-

196 2029 391 2095 μένοις⁸
426 2023 564 2078 οὐδε
592 2030 692 2100 γὰρ
743 2026 791 2077 ἐν
840 2029 1074 2101 ῥήμασιν
1122 2031 1247 2101 ἡμῖν
1297 2029 1427 2082 εἶναι
1466 2036 1553 2087 τὴν
1610 2035 1871 2101 σωτηρίαν

196 2116 385 2184 μᾶλλον
446 2117 476 2173 ἦ
547 2118 849 2188 πράγμασιο
906 2114 1045 2189 μηδὲ
1100 2121 1201 2190 γὰρ
1271 2124 1327 2170 τὸ
1402 2117 1671 2171 Ἰουδαίων
1728 2122 1871 2179 ἔθνος

202 2204 484 2257 ἀποϐαλεῖν
548 2206 608 2256 ἂν
642 2249 653 2271 ,
710 2207 752 2258 εὶ
808 2212 901 2264 τὴν
978 2206 1282 2279 ἠλειμμένον
1358 2214 1525 2279 φωνὴν
1608 2208 1720 2260 ἀντὶ
1781 2216 1871 2271 τῆς

206 2303 441 2367 Χριστοῦ
509 2300 645 2368 πρὸς
690 2296 863 2366 ὀλίγον
910 2296 1291 2363 ἐπιζητοῦντες,
1344 2298 1517 2360 ἠξίουν
1571 2298 1681 2369 μεθ’
1729 2300 1871 2369 ἡμῶν

206 2388 511 2437 τάττεσθαι·
558 2395 628 2454 τῷ
670 2382 729 2437 δε
773 2395 927 2457 κοινῷ
971 2392 1225 2457 μεγίστην
1262 2387 1320 2437 ἀν
1358 2386 1559 2459 βλάϐην
1609 2390 1871 2457 γενέσθαι,

208 2483 292 2533 τῆς
335 2474 665 2535 Ἐκκλησίας
720 2478 1162 2547 κατασχεθείσης·
1223 2476 1515 2532 σιτίϐνιιγη
1576 2493 1872 2534 sermones

213 2579 341 2617 cum
373 2566 597 2628 iudicio
631 2566 972 2634 disponere,
1001 2566 1072 2620 de
1096 2567 1347 2621 Davidis
1379 2568 1625 2623 consilio
1658 2573 1710 2622 et
1740 2583 1867 2623 scn-

230 2654 404 2707 tentia
422 2655 466 2713 ‘.
499 2656 903 2709 necessarium
932 2669 1051 2710 esse
1065 2656 1406 2723 judicabat,
1438 2671 1508 2711 ac
1550 2658 1691 2711 belli
1732 2664 1873 2712 tem-

219 2753 352 2805 pus,
378 2747 428 2794 et
454 2741 873 2796 haereticorum
895 2742 1306 2810 principatum
1329 2745 1773 2814 aliquantisper
1795 2749 1874 2799 to-

215 2828 421 2895 lerare,
461 2831 669 2899 quoad
732 2830 1021 2885 libertatis
1078 2837 1305 2899 tempus
1342 2835 1709 2889 successisset
1752 2835 1871 2887 lin-

213 2932 454 2988 guaeque
504 2919 847 2975 libertatem
911 2935 982 2975 ac
1044 2921 1346 2976 licentiam
1396 2923 1714 2978 attulisset.
1775 2924 1876 2977 Illi

216 3007 359 3061 enim
396 3009 628 3062 nudam
660 3014 715 3063 et
743 3015 1015 3077 apertam
1048 3024 1244 3065 vocem
1272 3011 1345 3066 de
1366 3010 1600 3080 Spiritu
1642 3020 1870 3078 sancto,

219 3097 371 3163 quod
394 3098 550 3151 Deus
578 3103 747 3161 esset,
772 3097 1046 3166 arripere
1073 3099 1391 3154 studebant
1424 3101 1611 3171 (quod
1637 3102 1871 3170 quidem
1902 3128 1940 3181 ρ

220 3186 457 3239 tametsi
474 3200 680 3241 verum
714 3192 867 3250 erat,
899 3186 1146 3255 impium
1180 3193 1377 3243 tamen
1407 3190 1528 3242 illis
1558 3196 1735 3258 atque
1762 3190 1869 3244 im-

221 3272 409 3337 probo
434 3275 759 3341 impietatis
791 3275 1056 3330 antistiti
1080 3276 1438 3344 videbatur),
1485 3282 1549 3330 ut
1580 3291 1710 3331 eum
1744 3277 1871 3347 qui-

220 3360 354 3413 dem
389 3376 525 3414 cum
557 3362 877 3433 theologica
910 3366 1121 3434 lingua
1151 3366 1393 3421 civitate
1405 3366 1728 3434 pellerent,
1758 3367 1875 3435 ipsi

235 3454 443 3501 autem
475 3448 784 3506 Ecclesiam
812 3460 1192 3522 occuparent,
1225 3442 1474 3525 eamque
1498 3456 1740 3510 sceleris
1776 3456 1873 3511 sui

226 3539 749 3606 propugnaculum
774 3543 1101 3609 efﬁcerent,
1143 3549 1319 3613 atque
1345 3544 1487 3599 hinc
1517 3544 1750 3609 deinde,
1786 3559 1873 3599 ve-

222 3626 311 3678 lut
334 3640 414 3681 ex
439 3641 577 3682 arce
599 3630 879 3699 quadam,
912 3632 978 3685 id
1002 3646 1194 3693 omne,
1227 3633 1387 3702 quod
1416 3634 1713 3703 reliquum
1742 3639 1872 3688 erat

215 3716 682 3784 popularentur.
729 3720 808 3774 At
854 3721 959 3775 ille
1004 3722 1067 3776 in
1117 3721 1255 3775 aliis
1299 3722 1532 3791 quidem
1582 3722 1875 3778 vocibuse

216 3806 541 3876 Scriptura
585 3811 809 3876 petitis,
865 3812 1332 3882 testimoniisque
1384 3813 1629 3868 minime
1679 3813 1874 3867 dubiis

213 3898 476 3953 eamdem
510 3900 629 3953 vim
655 3900 1033 3967 habentibus,
1064 3903 1530 3973 necessariisque
1558 3918 1876 3972 argumen.

215 3989 300 4053 tis,
332 3988 726 4043 adversarios
756 3990 845 4045 ita
893 3991 1343 4058 comprimebat,
1376 3999 1439 4045 ut
1486 3994 1658 4047 nullo
1701 3995 1873 4049 modo

210 4091 558 4146 repugnare
573 4092 645 4132 ac
665 4084 881 4134 contra
902 4080 1021 4133 niti
1038 4086 1313 4149 possent:
1337 4081 1440 4136 sed
1459 4097 1589 4151 qua:
1610 4084 1874 4139 maxima

206 4168 499 4229 sermonis
538 4168 735 4221 virtus
773 4173 826 4223 et
861 4170 1187 4237 prudentia
1210 4175 1312 4232 est,
1334 4171 1602 4238 propriis
1637 4172 1875 4225 vocibus

207 4258 793 4325 constringerentur,
812 4258 1309 4327 quemadmodum
1331 4262 1378 4312 is
1399 4258 1561 4329 liber,
1579 4274 1747 4329 quem
1768 4261 1876 4315 hoc

206 4352 571 4415 argumento
593 4345 800 4414 edidit,
821 4348 1140 4415 perspicue
1168 4348 1456 4407 ostendet,
1484 4348 1544 4401 in
1572 4363 1687 4417 quo
1714 4350 1875 4403 cala-

1981 528 2055 568 ne
2072 515 2274 570 Judaei
2287 516 2524 585 quidem
2548 517 2865 584 reficiendi
2883 519 3020 581 sint,
3039 521 3091 573 si
3115 520 3195 574 ad
3223 521 3473 591 aliquod
3494 527 3631 577 tem-

1976 616 2091 670 pus
2117 618 2231 670 pro
2253 605 2489 660 Christo
2518 621 2711 661 vocem
2738 606 2914 661 Uncti
2936 606 3049 661 sibi
3066 609 3309 663 concedi
3323 610 3631 677 postulan-

1982 696 2085 759 tes,
2125 694 2186 747 in
2220 699 2489 749 nostrum
2534 710 2851 751 numerum
2885 701 3065 766 atque
3106 697 3371 752 ordinem
3412 698 3635 751 ascribi

1980 781 2216 849 velint):
2239 789 2302 837 at
2343 784 2684 851 reipublicae
2715 799 2835 838 non
2875 786 3161 852 majorem
3198 785 3521 851 perniciem
3560 800 3633 839 ac

1975 876 2194 938 pestem
2218 872 2450 939 afferri,
2481 887 2657 943 quam
2685 873 2737 927 si
2755 872 3027 928 Ecclesia
3053 872 3127 926 ab
3156 872 3446 927 haereticis
3466 888 3634 928 occu-

1980 964 2254 1026 paretur.
2294 964 2352 1014 In
2384 960 2497 1015 hac
2544 959 2746 1016 Basilii
2778 961 2996 1030 agendi
3026 960 3277 1028 ratione,
3310 960 3433 1015 sive
3463 960 3631 1016 inﬁr-

1981 1046 2094 1099 mis
2123 1048 2414 1119 consulat,
2450 1048 2573 1103 sive
2611 1048 3031 1104 haereticorum
3076 1048 3260 1103 furori
3311 1047 3633 1103 Ecclesium

1979 1150 2153 1190 suam
2181 1135 2440 1206 objicere
2485 1142 2711 1203 caveat,
2758 1137 2923 1193 haud
2964 1137 3246 1209 equidem
3277 1137 3453 1192 video
3486 1135 3636 1209 quid

1978 1225 2337 1295 reprehendi
2357 1228 2568 1298 possit.

2054 1317 2139 1367 Ill.
2184 1315 2353 1379 Quod
2386 1319 2611 1387 spectat
2645 1316 2723 1370 ad
2773 1315 3081 1371 lenitatem
3120 1317 3181 1371 in
3213 1316 3484 1371 inﬁrmos
3532 1314 3635 1370 ad.

1977 1403 2231 1459 hibitam
2258 1423 2269 1458 :
2304 1406 2357 1457 1ο
2380 1405 2528 1459 nihil
2556 1405 2657 1461 illa
2689 1406 2982 1461 catholico
3013 1406 3299 1474 dogmati,
3332 1405 3476 1460 nihil
3508 1408 3632 1459 usi-

1980 1497 2100 1549 tato
2133 1493 2207 1548 ad
2263 1495 2724 1564 exprimendum
2770 1495 2997 1564 dogma
3045 1484 3308 1549 sermOni
3356 1494 3631 1549 nocebat.

1977 1585 2187 1637 Tutum
2216 1588 2343 1638 erat
2368 1584 2593 1653 dogma
2620 1600 2758 1639 cum
2786 1584 3037 1639 Nicianaa
3070 1583 3209 1638 ﬁdei
3242 1582 3636 1655 professione,

1979 1676 2106 1726 tum
2141 1672 2211 1726 iis
2248 1688 2383 1743 quas
2416 1674 2554 1729 huic
2586 1674 2861 1729 formulas
2893 1674 3141 1729 Basilius
3172 1673 3496 1743 adjicenda
3529 1672 3641 1727 du—

1981 1762 2174 1817 cebat.
2208 1763 2543 1827 Quinetiam
2570 1768 2691 1819 tota
2721 1763 2821 1818 illa
2854 1762 3273 1819 accomodatio
3305 1777 3375 1817 eo
3407 1765 3639 1834 specta-

1980 1852 2103 1921 bat,
2140 1857 2204 1907 ut
2241 1852 2673 1923 quamplurimi
2715 1852 2793 1907 ad
2834 1851 3242 1907 conﬁtendam
3289 1852 3350 1906 in
3381 1850 3642 1907 Ecclesia

1981 1941 2351 1995 divinitatem
2388 1941 2577 1996 sancti
2612 1942 2861 2011 Spiritus
2897 1941 3308 1997 allicerentur:
3350 1957 3462 1996 nec
3494 1955 3641 1996 sane

1982 2034 2464 2085 consentaneum
2496 2035 2625 2084 erat
2654 2031 2771 2100 (ep.
2812 2035 2952 2099 H3),
3004 2036 3062 2085 ut
3089 2045 3229 2083 cum
3277 2028 3537 2084 haeretici
3578 2028 3641 2083 1i—

1982 2119 2190 2174 benter
2210 2119 2269 2173 in
2294 2135 2404 2173 sua
2428 2118 2856 2175 communione
2879 2119 3199 2175 retinerent
3215 2134 3320 2174 eos
3340 2117 3519 2173 etiam
3538 2115 3643 2188 qui

1982 2208 2256 2263 hasretice
2288 2223 2409 2263 non
2445 2208 2803 2263 sentiebant.
2852 2207 3138 2263 Catholici
3169 2224 3205 2263 a
3236 2223 3346 2262 sua
3376 2208 3642 2261 remOve-

1981 2301 2114 2352 rent
2141 2312 2245 2352 eos
2279 2297 2381 2368 qui
2414 2296 2705 2352 catholica
2738 2296 3098 2352 sentiebant.
3133 2299 3333 2367 Neque
3360 2295 3542 2350 etiam
3566 2292 3642 2348 de

1984 2385 2264 2440 catholici
2297 2386 2592 2440 sermonis
2624 2385 2974 2442 auctoritate
3005 2384 3341 2456 quidquam
3373 2382 3642 2438 detrahe-

1980 2473 2185 2528 batur.
2210 2473 2321 2528 Etsi
2339 2473 2501 2529 enim
2529 2474 2783 2528 inﬁrmis
2807 2474 3252 2530 concedebatur
3273 2477 3337 2527 ut
3356 2470 3637 2543 Spiritum

1982 2568 2263 2617 sanctum
2296 2578 2419 2618 non
2452 2563 2827 2635 appellarent
2862 2566 3071 2629 Deum,
3105 2578 3227 2618 non
3262 2568 3463 2617 tamen
3491 2574 3641 2615 con-

1984 2652 2311 2708 cedebatur
2337 2658 2400 2707 ut
2430 2653 2587 2708 hanc
2619 2669 2831 2708 vocem
2863 2653 3242 2719 damnarent,
3276 2668 3387 2707 nec
3416 2651 3641 2706 idcirco

1984 2741 2147 2797 illam
2176 2741 2274 2796 alii
2305 2740 2587 2797 Catholici
2631 2758 2922 2813 usurpare
2953 2747 3010 2797 et
3046 2741 3375 2813 praedicare
3404 2738 3642 2794 desine-

1983 2830 2153 2885 bant.
2190 2832 2384 2896 Quare
2415 2847 2551 2903 spes
2583 2836 2711 2886 erat
2755 2832 3050 2900 inﬁrmos,
3085 2834 3229 2885 dum
3270 2828 3537 2901 quotidie
3581 2828 3641 2882 in

1988 2918 2246 2974 Ecclesia
2260 2920 2544 2991 Spiritum
2561 2926 2839 2975 sanctum
2860 2922 3040 2975 Deum
3060 2919 3351 2991 appellari
3364 2916 3637 2985 audiunt,

1983 3014 2164 3081 atque
2191 3009 2331 3063 huic
2363 3009 2493 3064 voci
2528 3027 2705 3065 aures
2740 3010 3164 3071 assuefaciunt,
3203 3007 3368 3062 brevi
3395 3007 3640 3060 inanem

1983 3100 2153 3156 illum
2186 3099 2543 3171 scrupulum
2574 3101 2981 3172 deposituros.
3011 3105 3200 3170 Atque
3221 3098 3352 3153 hinc
3377 3096 3641 3152 maxime

1985 3206 2123 3261 spes
2151 3189 2433 3244 Basilium
2466 3189 2731 3246 fovebat.
2762 3191 3086 3245 Enimvero
3110 3203 3463 3263 persuasum
3493 3185 3643 3242 mihi

1982 3286 2089 3348 est,
2116 3280 2305 3351 inquit
2335 3285 2450 3350 (ep.
2490 3282 2632 3346 113),
2669 3279 3054 3334 diuturniore
3083 3278 3243 3333 inter
3270 3293 3376 3332 nos
3406 3290 3644 3332 consue-

1983 3369 2192 3424 tudine
2221 3384 2293 3424 ac
2316 3375 2525 3423 mutua
2555 3370 2713 3424 citra
2737 3369 3171 3424 contentionem
3195 3366 3639 3428 exercitatione,

1982 3457 2033 3512 si
2052 3457 2200 3527 quid
2224 3459 2403 3512 etiam
2429 3458 2696 3525 amplius
2728 3457 3135 3527 adjiciendum
3162 3459 3236 3510 sit
3268 3452 3648 3523 explanandi

1983 3560 2183 3608 causa,
2212 3547 2499 3601 daturum
2526 3547 2590 3600 id
2612 3548 2952 3607 Dominum,
2988 3547 3091 3616 qui
3120 3548 3313 3605 ipsum
3345 3542 3643 3612 diligenti-

1985 3636 2090 3690 bus
2117 3636 2316 3690 omnia
2340 3640 2701 3703 cooperatur
2731 3637 2793 3690 in
2827 3635 3042 3690 bonum
3063 3636 3107 3687 ⁷.

2052 3729 2113 3778 2°
2132 3724 2263 3779 Non
2296 3723 2787 3779 animadvertunt
2811 3724 2869 3789 ii,
2898 3722 3121 3794 quibus
3146 3722 3275 3776 hinc
3298 3718 3517 3789 agendi
3543 3734 3642 3773 ra-

1984 3814 2064 3869 tio
2104 3828 2225 3868 non
2276 3813 2486 3884 placet,
2539 3828 2832 3881 magnum
2863 3827 2995 3866 esse
3036 3811 3355 3865 discrimen
3389 3809 3541 3863 inter
3574 3822 3645 3861 ea

1983 3920 2119 3977 quae
2148 3903 2441 3958 haereticis
2471 3903 2687 3973 ignave
2716 3908 2769 3958 et
2814 3902 3084 3972 turpiter,
3127 3905 3183 3955 et
3222 3915 3292 3955 ea
3318 3914 3455 3971 quas
3478 3896 3643 3952 inﬁr-

1984 3992 2096 4047 mis
2124 3991 2392 4059 benigna
2422 3992 2692 4063 quadam
2715 3989 3277 4046 accommodatione
3309 3986 3647 4042 concedun-

1987 4080 2096 4135 tur.
2130 4082 2231 4148 (5).
2266 4084 2384 4135 Hoc
2412 4086 2642 4135 tantum
2668 4079 2908 4152 petebat
2926 4096 2962 4133 a
2984 4078 3196 4134 Basilio
3220 4077 3519 4132 Modestus
3539 4075 3645 4129 im-

1985 4168 2284 4241 peratoris
2315 4169 2578 4239 nomine,
2610 4174 2673 4224 ut
2696 4185 2880 4224 unam
2905 4181 3368 4238 vocem,ncmpe
3390 4164 3645 4221 consub-

1988 4258 2283 4321 stantiale,
2319 4275 2349 4311 ο
2381 4258 2519 4312 ﬁdei
2555 4257 2835 4329 symbolo
2875 4257 2992 4311 tolli
3042 4262 3359 4326 pateretur.
3392 4261 3464 4309 At
3496 4254 3649 4309 Basi-

1987 4346 2103 4401 lius
2151 4362 2225 4400 ne
2277 4362 2465 4401 unam
2518 4346 2767 4418 quidem
2831 4345 3132 4417 syllabam
3186 4360 3492 4399 sacrorum
3544 4342 3647 4397 do-

207 4450 366 4488 mum
397 4434 582 4504 quasi
604 4448 679 4489 ex
712 4434 979 4503 Spiritus
1034 4437 1261 4505 pyxide
1293 4443 1505 4491 movet.
1537 4436 1652 4492 Sed
1680 4443 1876 4493 tamen
1912 4478 1951 4531 Ο
1989 4441 2260 4506 gmatum
2310 4435 2499 4505 prodi,
2541 4435 2689 4489 nihil
2733 4450 2984 4505 prorsus
3035 4434 3177 4489 addi
3221 4438 3325 4489 aut
3361 4431 3543 4500 demi,
3577 4447 3648 4485 ac

202 4529 525 4593 propriam
552 4538 747 4579 vocem
772 4526 1012 4580 interim
1042 4540 1342 4594 usurpare
1383 4526 1716 4596 differebat,
1754 4536 1876 4583 tum

204 4614 275 4667 ab
298 4617 556 4683 ipsomct
576 4615 837 4682 Spiritu,
859 4623 983 4670 tum
1004 4630 1039 4670 a
1064 4616 1306 4672 sinceris
1330 4618 1514 4685 ipsius
1534 4632 1881 4687 propugna-

204 4704 434 4757 toribus
454 4706 525 4757 in
542 4704 757 4773 gratiae
776 4705 903 4759 loco
922 4705 1029 4761 hoc
1042 4711 1273 4774 petens,
1289 4720 1363 4760 ne
1380 4706 1489 4761 hoc
1506 4721 1611 4761 suo
1633 4708 1881 4762 consilio

202 4794 692 4862 offenderenlur;
703 4808 810 4848 nec
822 4795 1352 4857 committerent,ut
1366 4794 1505 4849 dum
1525 4811 1703 4850 unam
1722 4812 1884 4851 vocu-

205 4882 321 4935 lam
346 4878 837 4960 mordicd‘sretin
846 4896 944 4937 ere
960 4889 1345 4950 conarentur,
1360 4889 1609 4952 prOpter
1625 4885 1885 4953 inexple-

204 4970 377 5027 bilem
403 4972 806 5039 cupiditatem
829 4973 1030 5027 omnia
1043 4972 1387 5040 perderent,
1406 4975 1696 5028 convulsa
1715 4974 1884 5028 nimi-

209 5078 341 5116 rum
369 5061 737 5116 turbulento
761 5067 1023 5131 tempore
1043 5076 1116 5117 ac
1136 5063 1432 5119 distracta
1454 5062 1694 5132 pietate.
1721 5065 1885 5132 Ipsos

200 5152 349 5207 enim
368 5150 541 5207 nihil
561 5165 637 5205 e1:
657 5164 722 5205 eo
745 5151 1048 5207 incomodi
1060 5166 1132 5207 ac
1149 5152 1497 5207 detrimenti
1512 5158 1880 5221 accepturos,

202 5243 247 5293 si
258 5240 570 5296 vocabula
578 5240 835 5308 paulum
857 5241 995 5295 imm
1005 5246 1246 5297 utarent
1256 5241 1527 5309 ur,modo
1541 5242 1678 5297 aliis
1692 5242 1883 5297 verbis

204 5332 404 5386 eadem
432 5330 811 5384 docerentur
831 5330 1043 5400 (neque
1062 5332 1217 5385 enim
1249 5331 1506 5387 salutem
1530 5335 1795 5386 nostram
1821 5332 1881 5386 in

269 5476 289 5505 ⁸
329 5472 500 5529 Psal.
531 5487 641 5542 cru,
675 5475 724 5525 5.
801 5474 819 5505 ⁷
865 5475 1033 5528 Rom.
1061 5487 1180 5542 vui,
1210 5476 1298 5528 28.

276 5601 355 5663 (5)
390 5600 631 5669 Nyss.r,
652 5598 902 5653 Eunom.
925 5597 1048 5653 314.
1077 5596 1455 5663 Theodoret,
1480 5596 1581 5653 lib.
1608 5612 1682 5652 ιν.
1711 5612 1762 5651 c.
1793 5600 1871 5651 18.

1990 4540 2063 4579 ne
2094 4526 2293 4596 ipsum
2348 4525 2595 4596 quidem
2650 4523 2920 4578 formulae
2953 4524 3226 4579 ordinem
3276 4521 3497 4576 mutari
3543 4521 3647 4574 de-

1989 4614 2130 4668 bere
2156 4614 2488 4685 respondit.
2512 4613 2671 4668 ldem
2703 4618 2904 4668 tamen
2935 4614 3004 4668 iis
3033 4613 3158 4685 qui,
3190 4628 3326 4667 cum
3360 4609 3649 4665 catholica

1993 4706 2297 4775 sentirent,
2314 4704 2583 4759 nondum
2616 4705 2916 4759 Nicaenam
2934 4703 3256 4759 formulam
3277 4705 3648 4773 receperant,

1994 4793 2272 4862 benignas
2302 4794 2707 4849 excusationis
2731 4793 2973 4848 veniam
3008 4808 3129 4847 non
3156 4790 3517 4860 denegabat,
3539 4789 3650 4845 sal-

1995 4888 2111 4938 tem
2143 4882 2201 4937 in
2243 4882 2627 4954 episcopatus
2673 4882 3038 4953 primordiis,
3089 4887 3152 4935 ut
3198 4880 3552 4952 perspicitur
3577 4895 3650 4934 ex

1995 4972 2149 5043 epist
2202 4976 2289 5027 52.
2324 4971 2497 5026 Aliud
2541 4976 2629 5026 est
2666 4971 2825 5025 enim
2871 4970 3126 5026 infirmis
3159 4986 3342 5026 tinam
3384 4968 3651 5039 aliquam

1992 5075 2203 5117 vocem
2236 5061 2552 5131 remittere,
2590 5060 2755 5115 aliud
2799 5060 3219 5117 haereticorum
3271 5058 3499 5114 artibus
3548 5058 3651 5109 aut

1993 5150 2174 5204 minis
2205 5149 2577 5215 concedere;
2622 5155 2685 5204 ut
2724 5165 2796 5204 ea
2838 5166 2951 5205 vox
2985 5166 3015 5206 e
3046 5148 3322 5204 catholici
3355 5143 3647 5202 sermonis
3712 5200 3715 5203 λ

1993 5256 2102 5294 usu
2145 5240 2525 5295 amandetur.
2553 5240 2608 5296 Si
2643 5255 2996 5295 concessum
3034 5238 3240 5293 fuisset
3271 5231 3559 5291 haereticis
3591 5238 3652 5287 ut

1990 5328 2503 5386 consubstantiale
2534 5328 2850 5400 deleretur,
2878 5327 3251 5399 triumphum
3278 5323 3358 5378 illi
3391 5321 3653 5391 egissent
