4050 6202
393 321 459 375 2‘7
1904 313 2057 368 PILE
2064 310 2287 369 FATIO.
3734 319 3803 371 28

392 456 468 499 ex
502 440 780 506 Ecclesia,
804 452 941 510 qua;
964 452 1090 495 non
1111 453 1217 495 eos
1246 439 1566 512 recepisse,
1596 439 1702 496 sed
1733 438 1813 495 ab
1841 437 1929 494 eis
1956 452 2049 494 re-
2077 438 2125 493 Α
2157 452 2317 507 ergo,
2352 452 2457 493 nos
2480 439 2541 494 in
2568 439 2795 496 crimen
2828 441 3042 496 vocetis
3066 440 3195 511 (nec
3218 437 3373 496 enim
3394 438 3621 495 invidia
3635 446 3690 496 et
3712 455 3802 496 re-

392 535 567 603 cepta
593 528 932 592 videretur;
964 528 1133 600 quod
1153 528 1402 601 quidem
1430 544 1748 602 nunquam
1773 526 2049 583 commit.

390 618 643 675 tendum
675 632 806 672 esse
840 616 1054 673 merito
1092 617 1268 673 docet
1315 617 1566 673 Basilius
1596 618 1659 673 in
1702 616 1876 690 epist.
1907 620 2036 673 266.

389 711 463 764 At
497 705 713 762 iisdem
751 706 1144 762 redeuntibus
1191 706 1319 763 sine
1351 705 1884 763 consubstantialis
1912 720 2049 778 pro-

388 796 671 865 fessione,
694 812 819 852 non
839 800 1043 853 tamen
1064 797 1192 852 sine
1209 796 1585 869 professione
1606 796 1745 852 ﬁdei
1766 796 1882 852 hac
1902 809 2047 851 voce

388 889 709 952 contentae;
738 901 1062 941 numerum
1086 886 1348 941 ﬁliorum
1380 902 1630 942 suorum
1656 884 1920 955 augebat
1951 887 2049 939 Ec-

390 974 594 1044 clesia,
621 974 907 1031 incolumi
934 991 1184 1047 prorsus
1211 975 1546 1032 traditionis
1575 974 1873 1046 deposito.

462 1069 517 1120 3°
557 1065 873 1120 Sententiae
898 1080 1023 1120 sua:
1053 1080 1311 1135 magnos
1338 1064 1699 1136 ascriptores
1720 1068 1777 1119 et
1794 1062 2049 1119 imitato-

389 1167 485 1208 res
513 1151 726 1209 habuit
755 1152 1029 1209 Basilius.
1060 1156 1273 1210 Praeter
1303 1153 1718 1220 Athanasium,
1742 1151 1846 1225 qui
1878 1152 2050 1207 Basi-

388 1241 451 1297 lii
476 1240 701 1296 factum
726 1242 1004 1313 probavit
1024 1246 1080 1297 et
1100 1242 1382 1312 defendit,
1399 1246 1464 1298 ut
1483 1241 1668 1297 modo
1682 1240 2049 1308 videbimus,

392 1329 674 1385 Basilium
712 1330 981 1386 imitatur
1010 1332 1329 1401 Gregorius
1368 1331 1778 1388 Nazianzenus
1805 1329 1867 1385 in
1913 1345 2050 1385 ora-

393 1418 553 1475 tione
583 1419 670 1483 44,
712 1434 771 1491 p.
822 1420 948 1489 710,
997 1420 1104 1476 ubi
1155 1420 1240 1476 sic
1286 1420 1588 1494 loquitur:
1636 1418 1913 1492 Συμϐῶμεν
1953 1418 2048 1470 ἀλ-

394 1507 570 1568 λήλοις
616 1517 1005 1580 πνευματικῶςι
1067 1512 1335 1582 γενώμεθα
1400 1505 1703 1582 φιλάδελφοι
1772 1509 1961 1579 μᾶλλον
2016 1510 2045 1568 ἣ

395 1596 649 1668 φίλαυτοι.
685 1602 806 1650 Δότε
854 1603 948 1655 τήν
999 1594 1222 1670 δύναμιν
1269 1606 1363 1661 τῆς
1414 1600 1675 1664 θεότητος,
1722 1603 1813 1650 καὶ
1873 1594 2049 1650 δώσο-

393 1704 483 1756 μεν
541 1688 661 1757 ὑμῖν
715 1694 809 1748 τῆς
859 1695 1025 1759 φωνῆς
1081 1692 1176 1745 τὴν
1232 1692 1622 1760 συγχώρησινο
1689 1686 2051 1758 ὁμολογήσατε

2147 526 2546 597 prehensione
2571 530 2768 597 premi
2790 528 2957 585 debet
2980 528 3330 599 hujusmodi
3354 530 3674 597 ascensus),
3693 544 3802 585 nec

2156 630 2259 671 nos
2289 617 2546 672 vicissim
2575 632 2704 673 eam
2732 632 2949 685 vocem,
2972 621 3141 689 cujus
3172 618 3341 673 modo
3368 630 3613 684 capaces
3642 619 3797 683 estis,

2158 705 2317 760 vobis
2355 705 2740 775 objiciemus:
2790 708 3061 779 quandiu
3104 708 3229 764 alio
3278 706 3492 761 itinere
3534 705 3614 760 ad
3651 705 3801 761 idem

2158 793 2477 862 hospitium
2500 796 2800 863 feremini.
2818 797 2951 853 Non
2968 798 3133 853 enim1
3150 796 3458 853 victoriam
3490 794 3803 859 ambimus,

2154 882 2257 938 sed
2286 888 2350 938 ut
2374 884 2626 952 fratres,
2658 901 2908 957 quorum
2938 887 3317 956 separatione
3338 885 3803 954 distorquemur,

2156 972 2238 1028 ad
2265 988 2371 1028 nos
2399 974 2671 1044 redeant,
2713 975 3073 1032 laboramus.
3110 977 3240 1030 Haec
3266 974 3583 1043 Gregorius
3612 971 3805 1027 disse-

2155 1060 2326 1118 rebat
2356 1064 2898 1136 Constantinopoli:
2940 1065 3194 1135 ejusque
3232 1062 3416 1118 animi
3442 1060 3811 1117 moderatio-

2156 1166 2295 1207 nem
2320 1151 2502 1223 paulo
2524 1157 2665 1224 post
2689 1153 2825 1225 ipsa
2845 1153 3118 1225 synodus
3145 1149 3808 1223 Constantinopolitano.

2154 1238 2364 1309 judicii
2392 1240 2484 1296 sui
2506 1243 2858 1299 auctoritate
2876 1241 3459 1314 comprobavit,quze
3484 1238 3805 1295 Dominum

2158 1329 2488 1401 appellavit
2517 1331 2801 1403 Spiritum
2832 1337 3136 1399 sanctum,
3160 1329 3267 1386 sed
3287 1334 3351 1385 ut
3376 1328 3447 1383 iis
3474 1326 3809 1383 consuleret

2158 1433 2421 1489 quorum
2461 1419 2680 1476 animis
2721 1420 3068 1494 scrupulus,
3093 1416 3519 1476 subabsurdus
3550 1415 3646 1471 ille
3675 1415 3809 1486 qui-

2158 1506 2317 1579 dem,
2345 1508 2452 1565 sed
2472 1513 2677 1566 tamen
2696 1510 3106 1581 ignoscendus
3129 1507 3450 1568 insidebat,
3478 1505 3577 1562 Dei
3600 1520 3811 1561 vocem

2158 1596 2220 1652 in
2250 1597 2598 1668 symbolum
2628 1599 3019 1656 inserendam
3049 1614 3179 1654 esse
3210 1612 3335 1653 non
3365 1594 3617 1651 censuit.

2232 1685 2345 1741 Sed
2356 1685 2506 1742 forte
2518 1686 2895 1758 indulgentia
2910 1689 2972 1743 in
2988 1686 3261 1743 inﬁrmos
3273 1680 3809 1756 ipsahumanitatis

392 1778 484 1831 τὴν
541 1777 697 1846 φύσιν
754 1774 803 1827 ἐν
856 1776 1035 1838 ἄλλαις
1104 1783 1327 1848 φωναῖς,
1392 1778 1475 1838 αἶς
1533 1773 1770 1829 αἰδεῖσθε
1835 1775 2046 1848 μᾶλλον·

2160 1774 2357 1845 specie
2383 1774 2662 1847 placebit,
2689 1781 2750 1833 at
2778 1777 2981 1833 minus
3010 1775 3409 1836 considerata,
3432 1770 3809 1841 nimiumque

393 1867 483 1915 καὶ
531 1866 599 1925 ως
649 1862 879 1925 ἀσθενεῖς
937 1866 1072 1937 ὑμᾶς
1126 1866 1483 1938 ἰατριύσομεν,
1545 1868 1685 1918 ἔστιν
1728 1865 1762 1916 ἆ
1808 1869 1897 1917 καὶ
1948 1872 2049 1916 τῶν

392 1956 525 2025 πρὸς
581 1949 777 2011 ἡδονὴν
833 1954 1280 2027 παρακλέψαντες.
1342 1955 1581 2029 Αἰσχρόν
1642 1957 1731 2027 μὲν
1778 1953 1903 2027 γὰρ,
1955 1953 2046 2005 αἰ-

395 2045 563 2114 σχρὸν
623 2048 713 2095 καὶ
779 2044 963 2105 ἱκανῶς
1020 2046 1225 2115 ἄλογον,
1276 2045 1411 2096 κατὰ
1465 2042 1651 2115 ψυχὴν
1710 2042 2047 2118 ἐρρωμένους,

391 2130 821 2205 μικρολογεῖσθαι
870 2138 989 2207 περὶ
1043 2136 1129 2184 τὸν
1190 2130 1348 2205 ἦχον,
1402 2138 1493 2185 καὶ
1546 2136 1789 2207 κρύπτειν
1831 2136 1917 2184 τὸν
1950 2134 2049 2189 θη·-

393 2224 587 2293 σαυρὸν
623 2262 637 2287 ,
694 2222 868 2296 ὥσπερ
917 2222 1087 2282 ἄλλοις
1136 2220 1540 2294 βασκαίνοντας,
1593 2222 1622 2281 ἡ
1678 2227 1750 2295 μὴ
1810 2226 1900 2273 καὶ
1953 2225 2048 2279 τήν

389 2308 636 2379 γλῶσσαν
703 2310 961 2381 ἁγιάσητι
1020 2308 1367 2373 δεδοικότας·
1427 2314 1644 2383 αἴσχιον
1703 2308 1761 2364 δὲ
1836 2312 1961 2382 ἡμῖν
2021 2310 2047 2362 ὃ

391 2396 704 2471 ἐγκαλοῦμεν
782 2402 1003 2467 παθεῖν,
1089 2406 1179 2453 καὶ
1240 2400 1576 2475 μικρολογίαν
1633 2406 2048 2471 καταγινώσκον-

388 2506 498 2555 τας,
552 2487 743 2550 αὐτοὺς
799 2489 1232 2562 μικρολογεῖσθαι
1270 2495 1386 2564 περὶ
1431 2493 1498 2543 τὰ
1550 2492 1857 2563 γράμματα.
1909 2494 2046 2549 Μιᾶς

392 2577 657 2645 θεότητος,
714 2579 754 2628 ὦ
813 2580 975 2646 οὗτοι,
1030 2583 1125 2638 τὴν
1180 2577 1391 2653 Τριάδα
1434 2580 1813 2652 ὁμολογησατε,
1885 2578 1927 2630 εἰ
1986 2574 2047 2629 δε

390 2663 666 2736 βούλεσθε,
698 2673 823 2739 μιᾶς
874 2671 1094 2740 φύσεως·
1146 2674 1236 2721 καὶ
1274 2674 1368 2727 τὴν
1404 2673 1528 2730 Θεὸς
1569 2672 1737 2741 φωνὴν
1781 2670 1925 2743 παρὰ
1954 2663 2045 2719 τοῦ

388 2756 683 2826 Πνεῦματος
731 2757 853 2828 ὑμῖν
898 2757 1199 2829 αἰτήσομεν.
1251 2764 1413 2811 Δὼσει
1469 2760 1592 2833 γὰρ,
1643 2754 1696 2809 εὖ
1736 2753 1879 2821 οἶδα,
1930 2758 2043 2808 ὁτὸ

386 2850 591 2914 πρῶτον
623 2842 749 2905 δοὺς
796 2851 885 2898 καὶ
938 2849 995 2897 τὸ
1047 2843 1306 2920 δεύτερον,
1360 2851 1449 2898 καὶ
1495 2846 1747 2919 μάλιστα,
1790 2846 1832 2898 εἰ
1876 2842 2046 2898 δειλία

387 2950 467 2993 τις
516 2936 592 2991 εἴη
642 2939 991 3005 πνευματικὴ,
1037 2934 1163 2987 ἀλλὰ
1211 2942 1282 3008 μὴ
1338 2938 1584 2997 ἔνστασις
1650 2932 1924 2993 διαϐολικὴ
1982 2938 2039 2986 τὸ

386 3027 704 3094 μαχόμενον.
757 3022 874 3075 Ἔτι
928 3029 1241 3100 σαφέστερον
1300 3026 1424 3077 εἴπω
1482 3030 1571 3076 καὶ
1632 3029 2039 3096 συντομώτερον,

385 3114 520 3182 μήτε
547 3112 690 3200 ὑμεῖς
719 3114 853 3184 ἡμᾶς
884 3112 1128 3171 εὐθύνητε
1156 3122 1250 3176 τῆς
1281 3114 1601 3189 ὑψηλοτέρας
1634 3121 1797 3185 φωνῆς
1836 3113 2040 3183 (φθονος
2078 3147 2121 3200 c

384 3202 485 3271 γὰρ
543 3197 713 3262 οὐδεὶς
763 3199 1106 3269 ἀναϐάσεως),
1167 3206 1280 3256 οὕτε
1327 3206 1473 3275 ἡμεῖς
1522 3208 1615 3261 τὴν
1658 3205 1868 3274 ἐφικτήν
1915 3205 2042 3262 τίως

386 3287 510 3359 ὑμῖν
565 3288 928 3363 ἐγκαλέσομεν,
989 3292 1082 3353 ἕως
1121 3292 1181 3343 ἆν
1229 3297 1318 3344 καὶ
1378 3289 1453 3345 δι’
1510 3290 1667 3353 ἀλλης
1725 3287 1852 3343 ὁδου
1912 3292 2043 3365 πρὸς

385 3380 443 3429 τὸ
474 3377 597 3429 αὐτὸ
630 3381 853 3453 φέρησθε
884 3386 1234 3451 καταγώγιον·
1268 3382 1326 3432 οὐ
1370 3384 1471 3455 γὰρ
1514 3390 1730 3440 νικῆσαι
1763 3381 2040 3451 ζητουμεν,

322 3514 329 3523 ,
387 3465 517 3519 ἀλλὰ
564 3467 878 3539 προσλαϐεῖν
937 3466 1203 3541 ἀδελφοὺς,
1251 3471 1317 3520 ὧν
1366 3478 1438 3539 τῷ
1492 3477 1755 3544 χωρισμῷ
1799 3488 2042 3542 σπαρασ-

389 3557 605 3627 σόμεθα·
647 3558 858 3613 Verum
884 3559 1293 3627 spiritualiter
1316 3560 1477 3615 inter
1504 3575 1609 3615 nos
1628 3559 1786 3614 hanc
1806 3564 2043 3614 contro-

388 3646 646 3701 versiam
680 3649 1128 3715 transigamus:
1171 3649 1469 3717 fraternae
1494 3650 1693 3717 potius
1725 3648 2044 3704 charitatts

386 3734 671 3802 studium,
705 3750 885 3806 quam
916 3736 1112 3792 nostri
1137 3752 1396 3793 amorem
1412 3752 1542 3805 prz
1557 3738 1726 3793 nobis
1751 3738 2043 3806 feramus.

398 3822 523 3878 Vim
553 3824 889 3880 divinitatis
910 3839 982 3880 ac
1005 3826 1334 3894 potentiam
1367 3825 1535 3882 nobis
1565 3825 1725 3892 date,
1755 3831 1808 3881 et
1840 3841 1946 3881 nos
1968 3826 2048 3881 vi-

387 3911 583 3967 cissim
613 3912 953 3969 divinitatis
982 3929 1177 3970 vocem
1213 3915 1373 3970 vobis
1416 3916 1822 3971 concedemus.
1855 3916 2049 3971 Natu-

389 4014 522 4056 ram
560 4001 700 4057 aliis
742 4002 1003 4072 vocibus,
1024 4004 1242 4074 quibus
1278 4005 1416 4073 plus
1444 4004 1731 4075 tribuitis,
1773 4006 2051 4073 conﬁtea'

385 4088 539 4144 mini
572 4104 596 4144 .·
642 4104 715 4146 ac
775 4106 894 4161 vos,
943 4098 1007 4147 ut
1051 4092 1317 4161 inﬁrmos
1348 4093 1713 4162 curabimus,
1752 4093 2054 4149 nonnulla

389 4178 551 4235 vobis
581 4186 763 4248 grata
789 4188 843 4237 et
864 4182 1147 4250 jucunda
1178 4182 1571 4251 su/Turantes.
1607 4184 1845 4242 Etenim
1878 4189 2055 4251 turpe

393 4268 628 4339 quidem
656 4270 812 4325 illud
840 4277 944 4335 est,
977 4277 1175 4341 turpe,
1197 4272 1464 4342 inquam,
1493 4288 1565 4328 ac
1587 4272 2049 4341 perabsurdum,

391 4372 526 4413 cum
550 4359 751 4415 animo
772 4361 990 4429 optime
1011 4361 1285 4423 valeatis,
1310 4360 1472 4417 circa
1497 4362 1653 4417 vocis
1674 4377 1881 4417 sonum
1896 4362 2053 4430 jeju'

2158 1864 2419 1920 remissa
2450 1864 2750 1921 videbitur
2780 1865 2980 1922 Basilii
3008 1881 3148 1921 cum
3179 1861 3470 1936 improbis
3512 1856 3807 1915 haereticis

2158 1952 2378 2022 agendi
2400 1954 2571 2009 ratio.
2607 1954 2723 2011 Sed
2753 1958 2954 2011 tamen
2978 1954 3029 2010 si
3048 1954 3301 2011 alterum
3332 1949 3639 2024 probetur,
3671 1947 3809 2003 alte-

2157 2057 2293 2097 rum
2320 2042 2652 2115 improbari
2690 2058 2814 2099 non
2845 2048 3063 2116 potest.
3089 2046 3241 2100 Nam
3268 2057 3408 2096 cum
3446 2037 3678 2094 Arianis
3706 2034 3809 2091 ad-

2157 2129 2307 2186 itum
2318 2130 2378 2185 in
2394 2132 2844 2204 Cappadociam
2854 2133 2969 2189 hoc
2984 2124 3811 2205 temperamentointerclude-

2156 2222 2245 2275 ret
2266 2219 2535 2291 Basilius,
2571 2225 2731 2292 tunc,
2766 2221 2816 2277 si
2845 2237 3121 2294 unquam
3147 2219 3319 2287 alias,
3348 2214 3621 2289 plurimis
3650 2212 3810 2268 inﬁr-

2156 2308 2272 2365 mis
2300 2310 2675 2379 consulebat,
2690 2327 2847 2384 quos
2868 2310 3202 2383 persecutio
3222 2309 3283 2363 in
3304 2305 3640 2363 maximum
3662 2300 3815 2373 peri-

2157 2398 2358 2455 culum
2376 2401 2509 2470 conj
2519 2400 2977 2457 ecisset.Deinde
2998 2414 3139 2454 vero
3157 2412 3277 2453 non
3295 2395 3547 2463 indigna
3566 2408 3662 2446 res
3683 2396 3811 2445 erat

2156 2487 2443 2545 charitate
2475 2489 2691 2557 Basilii,
2736 2504 2813 2544 ne
2856 2488 3193 2544 furentibus
3226 2484 3471 2557 quidem
3512 2477 3808 2536 haereticis

2156 2577 2418 2649 amplius
2438 2578 2776 2651 quidquam
2795 2592 3148 2651 proponere,
3169 2589 3355 2647 quam
3372 2570 3536 2643 quod
3555 2566 3807 2624 omnino

2154 2668 2563 2725 necessarium
2593 2668 2668 2724 ad
2702 2667 3065 2724 catholicum
3097 2666 3322 2733 dogma
3342 2656 3699 2732 judicabat?

2226 2755 2377 2811 illud
2402 2763 2604 2813 autem
2634 2758 2694 2812 in
2725 2758 2936 2829 primis
2966 2751 3421 2812 observandum
3446 2750 3556 2816 est,
3583 2759 3811 2817 nequa-

2153 2859 2340 2916 quam
2366 2845 2738 2901 commisisse
2760 2845 3064 2912 Basilium,
3096 2848 3161 2897 ut
3190 2840 3290 2897 Dei
3318 2852 3542 2895 nomen
3573 2832 3807 2906 Spiritui

2153 2937 2362 2989 sancto
2389 2934 2451 2989 in
2492 2933 2751 2989 Ecclesia
2799 2933 2980 2989 tribui
3018 2932 3340 2997 desineret,
3390 2925 3497 2982 sed
3538 2939 3701 2995 saepe
3729 2919 3811 2976 illi

2150 3020 2313 3076 hunc
2339 3022 2575 3077 titulum
2606 3027 2662 3077 et
2706 3037 2814 3094 per
2862 3037 2925 3076 se
2976 3026 3032 3077 et
3061 3036 3169 3093 per
3213 3018 3469 3074 alterum
3515 3012 3808 3083 seipsum,

2151 3110 2501 3179 Gregorium
2554 3110 3020 3177 Nazianzenum,
3070 3108 3393 3165 tribuisse.
3447 3103 3511 3159 ιιι
3564 3103 3811 3156 testatur

2151 3202 2467 3270 Gregorius
2494 3202 2924 3268 Nazianzenus,
2957 3200 3062 3273 qui
3092 3199 3212 3263 his,
3250 3210 3387 3269 quas
3426 3190 3614 3247 modo
3656 3189 3810 3244 retu-

2149 3278 2348 3360 limus,
2394 3292 2595 3348 statim
2638 3290 2809 3347 addit
2862 3294 2944 3362 (p.
2978 3292 3138 3355 364):
3201 3288 3343 3339 Ἐπεὶ
3382 3284 3463 3335 ὅτι
3511 3299 3569 3351 γε
3618 3278 3810 3362 παντὸς

2150 3378 2339 3449 μᾶλλον
2372 3376 2493 3452 ᾔδει
2538 3384 2596 3433 τὸ
2638 3388 2849 3453 Πνεῦμα
2889 3360 3045 3445 ὸεὸν,
3080 3374 3238 3435 δῆλον
3269 3378 3358 3448 μὲν
3398 3371 3449 3433 ἐξ
3483 3372 3548 3420 ὧν
3595 3370 3684 3453 καὶ
3715 3360 3809 3419 δη·

2150 3473 2316 3539 μοσίᾳ
2359 3477 2513 3521 τοῦτο
2561 3469 2811 3531 πολλάκις
2850 3468 3116 3543 ἐκήρυξεν,
3158 3470 3201 3518 εἰ
3244 3482 3367 3518 ποτε
3395 3461 3572 3532 καιρὸς
3612 3452 3694 3520 ἦν,
3721 3455 3811 3502 καὶ

2155 3551 2271 3627 ἰδίᾳ
2312 3564 2416 3617 τοῖς
2454 3559 2687 3631 ἐρωτῶσι
2732 3560 3010 3631 προθύμως
3060 3554 3447 3627 ἀνωμολόγησιν
3495 3548 3807 3631 “ww?”

2154 3642 2213 3698 δὲ
2249 3624 2526 3705 πεποίηκεν
2575 3645 2623 3697 ἓν
2671 3624 2781 3706 τοῖς.
2828 3624 2954 3719 προς
3011 3644 3099 3714 ἐμὲ
3128 3624 3322 3709 λογοις,
3374 3639 3497 3706 πρὸς
3551 3632 3604 3682 ὃν
3654 3624 3807 3680 οδδδν

2156 3733 2447 3809 ἀπόρρητον
2521 3732 2580 3792 ἦν
2647 3734 2788 3804 αὐτῷ
2863 3738 2982 3804 περὶ
3046 3733 3243 3782 τούτων
3322 3719 3803 3809 ποινολογουμένῳ,

2157 3821 2295 3897 μηδε
2361 3823 2529 3884 ἁπλῶς
2597 3830 2751 3876 τοῦτο
2824 3820 3227 3891 ἀποφηνάμενος,
3297 3810 3443 3877 ἀλλ’,
3496 3808 3523 3859 ὃ
3583 3801 3806 3904 μηὶδέπω

2157 3918 2404 3987 πρότερον
2464 3912 2707 3971 πολλάκις
2769 3913 3045 3965 πεποίηκεν
3074 3949 3088 3973 ,
3175 3902 3566 3975 ἐπαρασάμενος
3640 3898 3805 3946 ἐαυτῶ

2158 4005 2216 4053 τὸ
2273 3998 2734 4076 φρικωδέστατον,
2798 3997 2956 4049 αὐτοῦ
3021 4002 3112 4049 τοῦ
3175 3994 3474 4063 Πνεῦματος
3532 3984 3803 4046 ἐκπεσεῖν,

2160 4093 2320 4165 εἰμὴ
2378 4090 2521 4145 σέϐοι
2579 4094 2634 4141 τὸ
2706 4096 2915 4159 Πνεῦμα
2963 4087 3093 4158 μετὰ
3152 4085 3354 4154 Πατρός
3407 4081 3497 4130 καὶ
3556 4076 3679 4126 Υίοῦ
3736 4076 3806 4129 ως

2160 4184 2435 4254 ὁμοούσιον
2465 4184 2555 4230 καὶ
2595 4180 2864 4249 ὁμότιμον.
2916 4175 2975 4228 Εἰ
3005 4170 3064 4227 δέ
3107 4177 3168 4245 μέ
3223 4190 3303 4231 τις
3360 4165 3567 4229 δέξαιτο
3619 4180 3805 4213 κοινω-

2159 4276 2243 4323 νὸν
2290 4268 2477 4322 ἐκείνου
2531 4265 2623 4318 κάν
2665 4273 2770 4325 τοῖς
2820 4266 3099 4327 τοιούτοις,
3151 4260 3474 4333 ἑξαγορεύσω
3501 4274 3553 4306 τι
3592 4255 3673 4303 καὶ
3706 4256 3804 4301 τῶν

2159 4366 2268 4420 τοῖς
2290 4357 2497 4417 πολλοῖς
2526 4360 2650 4417 τέως
2677 4354 3047 4427 ἀγνοουμένων,
3080 4355 3160 4404 ὅτι
3189 4358 3280 4402 τοῦ
3310 4353 3493 4421 καιροῦ
3540 4359 3804 4410 στενοχω-

394 4464 504 4503 nos
516 4454 569 4504 et
589 4450 848 4505 minutos
866 4466 964 4506 vos
973 4450 1259 4520 praebere,
1274 4465 1345 4505 ac
1360 4450 1707 4507 thesaurum
1725 4451 2046 4516 occultare,

2159 4454 2367 4520 ροῦντος
2414 4449 2570 4518 ἡμᾶς,
2622 4445 2788 4515 ἐαυτῷ
2844 4449 2935 4517 μεν
2984 4442 3278 4512 οἰκονομίαν
3337 4431 3625 4506 ἐπέτρεψεν,
3680 4430 3803 4498 ἡμῖν

2174 4535 2206 4550 κ.
2290 4542 2298 4550 .
2455 4536 2496 4549 ,ρ
2592 4542 2599 4550 ,
2774 4534 2788 4548 Α
2897 4530 2951 4550 »ιι
2982 4539 3001 4548 -
3074 4534 3093 4545 -
3156 4528 3235 4550 «Α-
3276 4530 3460 4550 UHA.--“
3523 4516 3641 4550 -.ἶιῖὶ
3671 4515 3801 4550 ἔμπη-

391 4539 569 4608 quasi
600 4539 740 4594 aliis
783 4555 915 4596 eum
946 4540 1274 4595 invidentes
1304 4547 1407 4597 aut
1449 4546 1790 4607 metuentes,
1837 4554 1909 4594 ne
1943 4539 2053 4593 lin-

389 4642 573 4697 quam
603 4643 838 4699 quoque
862 4636 1122 4685 vestram
1148 4630 1565 4698 sanctiﬁcetis;
1585 4630 1823 4697 turpius
1850 4634 2048 4683 autem

389 4715 557 4772 nobis
584 4722 668 4773 est
695 4718 893 4773 eodem
920 4719 1065 4775 vitio
1091 4719 1300 4784 teneri,
1329 4718 1489 4789 quod
1521 4718 1682 4773 vobis
1710 4717 2044 4785 objicimus,

388 4809 585 4875 atque,
610 4820 745 4861 cum
773 4808 1023 4863 anxiam
1055 4813 1312 4864 vestram
1343 4807 1416 4863 de
1434 4807 1675 4861 minutis
1706 4805 1879 4861 rebus
1906 4820 2042 4860 con-

389 4895 712 4951 tentionem
742 4896 1116 4965 damnemus,
1152 4897 1493 4952 litterarum
1526 4901 1723 4950 tamen
1755 4894 2041 4949 minutias

388 4985 573 5039 anxie
594 4998 831 5054 urgere.
862 4986 1283 5053 Trinitatem,o
1304 4984 1635 5051 viri,unius
1661 4983 1901 5038 deitatis
1925 4998 2045 5039 esse

388 5072 729 5141 fateamini,
744 5079 872 5139 aut,
886 5075 941 5129 si
956 5075 1147 5143 magis
1160 5073 1574 5142 placet,unius
1593 5077 1853 5127 natura”:
1867 5079 2047 5141 atque

392 5160 552 5218 hanc
590 5176 810 5231 vocem,
846 5164 1027 5231 Deus,
1066 5177 1104 5218 a
1132 5163 1373 5230 Spiritu
1405 5161 1565 5216 vobis
1582 5160 2043 5229 postulabimus.

390 5251 573 5307 Dabit
601 5253 755 5308 enim
783 5253 1056 5321 profecto
1086 5251 1555 5321 secundum,qui
1570 5254 1833 5320 primum
1861 5251 2043 5317 dedit,

390 5342 574 5413 idque
598 5343 990 5411 potissimum,
1014 5342 1065 5397 si
1093 5342 1158 5395 id
1185 5342 1258 5397 de
1276 5356 1393 5413 quo
1412 5347 1741 5410 pugnatur,
1763 5342 2049 5410 spiritua-

394 5430 467 5485 lis
487 5431 756 5501 quaedam
790 5430 1081 5485 timiditas
1109 5430 1322 5497 fuerit,
1350 5446 1422 5486 ac
1450 5447 1567 5485 non
1590 5430 1892 5486 diabolica
1914 5446 2048 5485 con-

392 5522 595 5575 tentio.
616 5520 831 5591 Atque,
856 5524 921 5574 ut
945 5522 1213 5588 apertius
1237 5526 1288 5575 et
1314 5519 1784 5588 compendiosius
1808 5521 2044 5590 loquar,

391 5610 475 5667 sic
506 5612 660 5666 inter
684 5624 791 5664 nos
821 5622 1092 5680 agamus,
1128 5615 1192 5664 ut
1218 5624 1324 5666 nec
1350 5624 1469 5679 vos,
1500 5608 1860 5665 sublimioris
1892 5609 2047 5664 vocis

2161 4535 2220 4591 δί
2244 4542 2337 4595 τὴν
2366 4536 2683 4612 παρρησίαν,
2734 4534 2822 4598 οῦς
2854 4530 3025 4594 οῦδεῖς
3070 4528 3237 4603 ἔμελλε
3274 4530 3483 4601 κρίνειν,
3522 4515 3801 4612 oni-tisana-

2160 4625 2358 4679 ϐάλλειν
2388 4606 2482 4687 ττέςπ
2504 4620 2758 4697 πατρίδος
2795 4622 3009 4695 ἀφανείᾳ
3036 4620 3422 4691 τετιμημένους,
3455 4615 3523 4671 ὡς
3552 4609 3602 4671 ἐξ
3633 4606 3803 4697 ἀμφοῆ

2157 4721 2313 4787 τάρων
2346 4715 2570 4788 ἰσχυρὸν
2594 4695 2724 4766 εἰναι
2746 4717 2802 4765 τὸ
2824 4712 2941 4765 καθ’
2964 4713 3097 4782 ἡμᾶς
3114 4705 3439 4779 Εὐαγγέλιονο
3468 4701 3625 4757 Nam
3648 4695 3805 4767 quod

2151 4806 2377 4875 alioqui
2402 4804 2616 4860 melius
2640 4817 2820 4874 quam
2843 4801 3034 4873 quivis
3057 4799 3187 4862 alii,
3204 4795 3495 4864 Spiritum
3529 4794 3804 4845 sanetum

2151 4895 2339 4949 Deum
2380 4898 2751 4963 agnosceret,
2797 4906 2928 4946 cum
2964 4904 3039 4946 ex
3090 4902 3154 4943 eo
3199 4884 3510 4954 perspicue
3546 4884 3802 4945 constat,

2151 4984 2311 5055 quod
2352 4990 2407 5040 et
2447 4982 2558 5038 hoc
2604 4995 2761 5051 sirpe
2809 4980 2882 5035 de
2935 4980 3063 5033 loco
3102 4974 3431 5045 superiore,
3471 4968 3671 5041 quoad
3696 4981 3806 5035 per

2154 5079 2383 5141 tempus
2409 5069 3043 5139 licebat,praedicavit,
3066 5071 3118 5123 et
3140 5062 3431 5134 privatim
3458 5058 3616 5129 apud
3636 5070 3749 5123 eos,
3766 5068 3804 5108 a

2154 5162 2367 5234 quibus
2388 5160 2904 5229 interrogabatur,
2921 5155 3086 5213 haud
3114 5157 3472 5210 cunctanter
3505 5145 3803 5213 confessus

2155 5257 2237 5308 est
2262 5269 2278 5304 :
2330 5256 2454 5305 tum
2502 5264 2639 5305 vero
2669 5248 2731 5302 in
2771 5247 2894 5302 suis
2916 5246 2998 5302 ad
3024 5259 3113 5299 me
3138 5239 3507 5299 sermonibus
3526 5234 3804 5305 apertius

2155 5340 2218 5396 id
2250 5337 2678 5395 demonstravit
2708 5338 2919 5407 (neque
2953 5334 3107 5389 enim
3146 5330 3472 5402 quidquam
3517 5340 3807 5396 unquam,

2157 5445 2289 5485 cum
2352 5427 2425 5484 de
2468 5427 2559 5482 his
2604 5425 2779 5481 rebus
2826 5438 3053 5479 mecum
3100 5421 3565 5490 colloqueretur,
3607 5416 3807 5469 animo

2157 5525 2375 5575 tectum
2414 5516 2837 5585 occultumque
2876 5512 3110 5582 habuit)
3152 5526 3273 5566 non
3312 5508 3665 5577 simpliciter
3698 5505 3807 5560 hoc

2157 5610 2502 5679 afﬁrmans,
2530 5606 2652 5674 sed,
2669 5605 2830 5676 quod
2856 5609 3036 5661 antea
3052 5604 3167 5673 ipsi
3186 5617 3296 5671 per
3315 5615 3459 5657 raro
3479 5596 3800 5670 acciderat,
