4062 6208
171 276 235 330 29
1694 273 2074 332 PREFATIO.
3522 278 3594 329 30

174 396 278 453 sibi
310 411 433 451 rem
459 394 734 450 omnium
761 408 1027 451 maxime
1054 396 1420 452 horrendam
1450 398 1833 466 imprecatus,
1867 401 1912 454 A
1944 399 2329 457 defendenda
2362 400 2611 473 Spiritus
2631 400 2935 456 divinitate
2966 413 3360 471 nequaquam
3391 400 3600 454 Eusta-

175 501 378 554 nempe
398 489 464 539 ut
490 484 563 539 ab
588 484 720 553 ipso
748 484 997 553 Spiritu
1017 485 1467 555 excideret,nisi
1490 501 1623 542 cum
1641 488 1837 543 Patre

178 583 231 632 et
261 576 420 630 Filio
458 574 763 641 Spiritum,
813 579 879 629 ut
909 575 1484 632 consubstantialem
1519 581 1572 631 et
1614 576 1838 632 honore

184 680 417 734 parem,
446 668 846 719 veneraretur.
908 664 1078 731 Quod
1132 667 1185 719 si
1235 665 1367 735 quis
1405 680 1497 721 me
1532 666 1596 720 in
1650 667 1837 721 tantis

197 768 419 825 quoque
438 752 618 819 rebus,
641 753 812 807 illius
832 754 1058 809 socium
1082 754 1669 825 admiserit,aliquid,
1679 754 1838 826 quod

200 843 474 912 plerisque
490 842 869 911 incognitum
890 849 1032 899 ante
1048 844 1675 914 fuit,evulgabo.Nam
1703 860 1837 900 cum

207 938 411 999 tempus
450 932 511 986 in
535 945 805 987 summas
844 933 1154 1001 angustias
1192 947 1299 987 nos
1332 932 1647 1003 redigeret,
1679 932 1837 989 hanc

209 1021 607 1091 ipsemtionem
641 1020 850 1091 inibat,
900 1028 967 1076 ut
1004 1022 1120 1078 sibi
1163 1023 1400 1094 quidem
1426 1023 1834 1095 ceconomiam,

208 1112 345 1166 nobis
366 1116 589 1177 autem,
623 1127 770 1183 quos
817 1112 890 1167 ob
915 1113 1172 1168 nominis
1210 1114 1637 1169 obscuritatem
1668 1128 1836 1169 nemo

202 1199 249 1255 in
264 1201 556 1270 judicium
613 1200 1011 1271 adducturus,
1053 1203 1383 1274 patriaque
1410 1206 1707 1272 ejecturus
1755 1217 1840 1258 es.

186 1296 273 1355 set,
322 1291 615 1362 loquendi
654 1290 988 1348 libertatem
1035 1293 1449 1349 committeret.
1498 1293 1696 1363 Atque
1751 1293 1839 1348 ita

186 1381 562 1451 Evangelium
601 1386 873 1437 nostrum
928 1382 1173 1449 ﬁrmum
1229 1387 1283 1438 et
1349 1382 1620 1439 validum
1683 1387 1833 1446 erat,

175 1471 467 1541 utriusque
512 1470 795 1539 prasidio
820 1472 1160 1540 su/fultum.

234 1561 315 1614 IV.
344 1561 484 1614 tam
521 1574 668 1615 vero
695 1559 977 1631 perfacile
1002 1558 1351 1615 refelluntur
1371 1574 1507 1631 quas
1533 1558 1836 1615 eruditum

171 1648 437 1722 opusculi
497 1652 811 1705 auctorem
838 1648 1244 1719 detinuerunt,
1277 1649 1607 1720 quominus
1644 1648 1837 1704 sancti

173 1738 351 1793 Basilii
381 1738 619 1809 agendi
648 1738 946 1793 rationem
977 1738 1278 1809 probaret.
1307 1738 1479 1802 Quod
1524 1738 1607 1793 ait
1634 1736 1833 1793 consi-
1867 1754 1905 1807 Β

170 1828 305 1883 lium
333 1827 503 1883 illius
532 1842 647 1882 nec
670 1828 747 1882 ad
771 1827 1152 1883 reducendos
1177 1827 1590 1898 inﬁrmos,nec
1613 1827 1689 1883 ad
1712 1827 1835 1900 pla-

172 1918 391 1973 candos
454 1917 1057 1974 Pneumatomachos
1104 1918 1424 1989 profuisse,
1493 1917 1684 1973 fateor
1738 1933 1837 1973 me

170 2007 391 2063 nescire
412 2023 495 2062 ex
517 2006 743 2079 quibus
789 2006 852 2061 id
880 2006 1147 2062 fontibus
1173 2006 1457 2062 hauserit.
1502 2006 1644 2074 Quis
1670 2009 1836 2063 enim

172 2097 218 2152 ei
246 2095 394 2153 dixit
420 2111 649 2168 pacem
698 2096 851 2151 inter
879 2095 1257 2168 presbyteros
1286 2098 1605 2152 Tarsenses
1638 2084 1837 2152 Basilii

171 2200 343 2257 opera
366 2186 719 2241 restitutam
749 2200 872 2241 non
903 2183 1088 2240 fuisse
1108 2184 1137 2239 ?
1179 2184 1317 2256 quis
1345 2185 1399 2240 ei
1423 2184 1571 2241 dixit
1602 2186 1835 2241 nullum

170 2275 379 2330 exitum
404 2273 705 2330 habuisse
736 2278 1052 2346 susceptos
1080 2273 1159 2329 ab
1190 2289 1261 2330 eo
1292 2273 1835 2346 1abores,ut,quot-

174 2368 307 2434 quot
333 2363 635 2419 catholico
665 2363 1021 2427 sentiebant,
1053 2378 1156 2418 eos
1193 2363 1253 2418 in
1281 2378 1469 2419 unam
1494 2363 1834 2418 consensio-

173 2466 302 2507 nem
328 2468 399 2508 ac
421 2451 928 2507 communionem
951 2451 1293 2519 adduceret;
1329 2467 1468 2507 cum
1500 2452 1861 2523 praesertim.

175 2540 234 2595 in
256 2542 426 2613 epist.
460 2545 551 2607 69,
577 2541 658 2596 ad
686 2544 969 2596 sanctum
997 2540 1419 2611 Athanasium,
1452 2556 1624 2612 spem
1648 2541 1833 2611 hujus

184 2631 405 2686 consilii
423 2631 499 2687 ad
523 2630 758 2686 exitum
783 2630 1154 2703 perducendi
1185 2646 1309 2702 pra
1332 2646 1393 2685 se
1417 2630 1594 2686 ferat:
1625 2630 1686 2686 in
1717 2630 1834 2687 alia

187 2725 381 2775 autem
407 2721 479 2776 ad
506 2720 797 2776 eumdem
827 2720 1223 2776 Athanasium
1255 2721 1372 2791 (ep.
1407 2722 1497 2790 82)
1524 2720 1832 2792 aliquanto

181 2816 314 2881 post
324 2809 537 2882 scripta
547 2809 1135 2881 declaret,quidquid
1149 2809 1308 2864 circa
1318 2809 1503 2864 ﬁdem
1517 2825 1732 2864 sanum
1747 2814 1834 2865 est

179 2899 238 2954 in
267 2899 649 2973 Cappadocia
667 2904 726 2955 et
753 2899 969 2954 vicinis
999 2898 1143 2955 locis
1172 2915 1310 2955 vere
1355 2899 1433 2955 ad
1465 2913 1696 2965 eorum,
1727 2899 1832 2970 qui

179 2988 337 3045 idem
364 2988 1147 3055 sentiunt,communionem
1168 2993 1225 3044 et
1247 2988 1540 3044 unitatem
1571 3001 1832 3059 propen-

1947 488 2137 544 thium
2171 506 2309 545 cum
2333 506 2403 546 eo
2434 489 2874 559 conjunxit,sed
2898 489 3097 559 potius
3122 503 3363 544 summa
3393 488 3454 542 in
3483 486 3599 543 hoc

1944 577 2229 649 dogmate
2252 580 2473 635 tuendo
2499 578 2838 635 constantia
2858 578 3169 648 disjunxit.

2016 704 2293 761 Formula
2329 709 2548 773 autem,
2576 704 2670 759 cui
2702 701 3057 774 subscripsit
3084 701 3445 771 Eustathius,
3474 717 3597 758 non

1947 793 2132 848 solius
2186 794 2403 860 Basilii,
2439 793 2543 849 sed
2571 792 2751 849 etiam
2780 790 3067 848 Theodoti
3098 794 3153 845 et
3192 789 3393 845 Meletii
3440 806 3597 862 opus

1943 886 2124 951 est;et
2148 900 2283 938 cum
2309 887 2784 955 temperamento
2816 886 2871 936 et
2901 879 3459 935 accommodatione
3476 895 3599 935 non

1944 975 2163 1043 careat,
2192 966 2302 1026 nec
2336 971 2614 1044 Spiritum
2646 974 2924 1026 sanctum
2950 967 3209 1040 appellet
3232 967 3439 1036 Deum,
3468 966 3601 1037 quis

1944 1059 2149 1117 credat
2196 1077 2336 1116 cum
2367 1060 2642 1134 opusculi
2688 1062 2951 1128 auctore,
2980 1056 3261 1113 Basilium
3283 1059 3603 1127 propterea

1944 1149 2248 1205 Theodoto
2275 1155 2330 1205 et
2361 1149 2587 1207 Meletio
2624 1148 2686 1205 in
2708 1146 3108 1204 offensionem
3135 1144 3395 1211 venisse,
3437 1141 3602 1215 quod

1946 1238 2047 1294 Dei
2062 1255 2285 1294 nomen
2316 1239 2616 1295 interdum
2637 1237 2875 1311 Spiritui
2902 1240 3108 1291 sancto
3126 1250 3250 1290 non
3274 1231 3603 1289 tribueret?

1947 1330 2173 1399 Magnae
2188 1328 2453 1399 profecto
2467 1324 3119 1383 exstiteruntThcodoti
3132 1320 3527 1395 Nicopolitani
3544 1319 3604 1375 in

1947 1416 2227 1471 Basilium
2241 1415 2825 1489 injurite(ep.99);sed
2839 1414 2998 1469 illius
3015 1411 3381 1469 morositatis
3396 1425 3600 1474 causa,

1946 1505 2139 1560 Basilii
2162 1505 2512 1561 communio
2538 1521 2678 1560 cum
2710 1502 3039 1572 Eustathio,
3072 1516 3194 1557 non
3220 1500 3386 1555 vocis
3426 1498 3604 1553 unius

1943 1594 2395 1668 praetermissio.
2421 1594 2617 1650 Metuit
2639 1592 2994 1666 aliquandiu
3020 1589 3270 1645 Basilius
3304 1604 3378 1643 ne
3402 1590 3458 1643 S.
3494 1590 3603 1642 Me-

1943 1683 2101 1752 letio,
2130 1684 2189 1738 in
2218 1684 2288 1738 iis
2320 1699 2455 1756 quae
2483 1683 2560 1738 "ad
2594 1681 2966 1738 Eustathium
3001 1678 3603 1752 spectabant,parum

1944 1790 2118 1847 aequo
2149 1773 2554 1829 uteretur.Sed
2574 1772 2774 1828 statim
2806 1776 2987 1844 atque
3016 1770 3075 1824 in
3097 1767 3442 1824 Armeniam
3472 1782 3605 1840 pro-

1945 1865 2154 1932 fectus,
2184 1864 2415 1919 consilii
2448 1864 2538 1917 sui
2578 1862 2874 1918 rationem
2916 1864 3123 1916 sancto
3176 1857 3367 1913 exsuli
3420 1871 3604 1929 expo-

1948 1954 2084 2025 suit,
2116 1970 2421 2009 summam
2451 1952 2607 2008 illius
2636 1951 2980 2023 aequitatem
3005 1952 3283 2020 expertus
3312 1945 3603 2011 es‘t.Quod

1947 2049 2147 2100 autem
2179 2047 2380 2113 egerat
2410 2042 2469 2097 in
2527 2039 2910 2097 defendenda
2962 2037 3214 2111 Spiritus
3269 2034 3602 2102 divinitate,

1946 2149 2264 2205 nunquam
2294 2132 2355 2188 id
2408 2131 2459 2185 ei
2491 2135 2593 2186 aut
2624 2128 2789 2202 apud
2846 2128 3032 2185 alium
3071 2125 3428 2199 episcopum
3462 2138 3602 2196 pur-

1948 2222 2133 2293 gandi
2160 2221 2251 2277 sui
2281 2220 2551 2277 laborem
2575 2219 2785 2275 attulit.

2016 2350 2239 2402 Auctor
2267 2343 2545 2417 opusculi
2568 2358 2693 2399 non
2731 2341 2930 2399 solum
2961 2339 3343 2396 adversarios
3369 2337 3605 2406 alﬁngit

1944 2435 2183 2502 Basilio,
2212 2436 2317 2506 qui
2342 2433 2491 2490 nulli
2517 2433 2827 2499 exstitere;
2861 2430 2967 2486 sed
2992 2430 3173 2486 etiam
3212 2444 3369 2501 quos
3395 2426 3606 2483 habuit

1941 2525 2311 2588 defensores,
2342 2523 2421 2579 ab
2442 2539 2513 2579 eo
2547 2521 2799 2578 avellere
2822 2524 3094 2589 conatur,
3119 2519 3176 2575 S.
3204 2516 3603 2573 Athanasium

1942 2620 1997 2672 et
2025 2617 2082 2669 S.
2116 2613 2467 2685 Gregorium
2494 2612 2932 2668 Nazianzenum
2960 2625 2973 2661 :
3011 2624 3083 2664 ac
3132 2607 3231 2679 de
3257 2606 3441 2663 altero
3471 2605 3606 2678 qui-

1941 2706 2081 2761 dem
2111 2704 2453 2773 dubitat,an
2476 2702 2703 2758 factum
2732 2700 2928 2756 Basilii
2948 2697 3279 2771 aliquando
3310 2696 3603 2768 probave-

1941 2793 2297 2863 rit,alterum
2318 2807 2443 2847 non
2474 2806 2710 2861 semper
2741 2788 3032 2861 probasse
3064 2785 3387 2842 contendit.
3421 2784 3599 2856 Equi-

1941 2883 2082 2939 dem
2112 2897 2236 2937 non
2270 2881 2444 2937 video
2465 2880 2611 2952 quid
2643 2879 2817 2935 nobis
2842 2877 3119 2933 relictum
3149 2876 3241 2940 sit,
3265 2875 3433 2946 quod
3455 2874 3603 2929 nita-

1942 2990 2079 3029 mur
2128 2972 2191 3027 in
2219 2971 2399 3026 rebus
2443 2970 2683 3034 criticis,
2732 2968 2780 3023 si
2811 2967 3023 3023 Basilio
3051 2964 3451 3037 patrocinium
3484 2963 3601 3017 eri-

178 3078 315 3133 dere
334 3080 362 3134 ‘2
388 3079 556 3145 Quod
584 3051 818 3151 spectat
848 3078 929 3133 ad
958 3051 1834 3149 Pneumatomachos-semper
1863 3103 1904 3160 ο
1942 3064 2133 3160 ξίᾶίλξιῖ
2158 3064 2215 3118 So
2246 3059 2856 3160 Αίῗιξὶηαδίίςηῐῖιείθίξιί
2877 3057 3025 3160 (1υωῖ
3037 3055 3193 3160 ίπιξέξξε
3233 3051 3498 3160 ipim“?

179 3166 259 3222 illi
277 3168 517 3239 quidem
548 3168 774 3223 bellum
796 3166 1157 3237 inexpiabile
1181 3183 1319 3222 cum
1337 3166 1548 3223 Basilio
1571 3181 1828 3237 gessere,

180 3256 289 3311 sed
318 3262 514 3312 tamen
542 3262 702 3311 certa
732 3260 788 3311 et
816 3255 1123 3328 explorata
1175 3272 1269 3311 res
1300 3260 1408 3325 est,
1442 3254 1831 3325 gravissimas

179 3359 330 3399 eum
350 3345 637 3415 procellas
664 3361 699 3400 a
722 3344 1106 3417 Cappadocia
1138 3344 1559 3416 propulsasse,
1587 3360 1710 3399 non
1741 3359 1834 3399 so-

186 3432 331 3486 lum
350 3432 579 3500 magnis
597 3433 801 3503 prseliis
823 3433 1329 3499 sustinendis,sed
1349 3433 1529 3489 etiam
1551 3432 1834 3502 prudenti

195 3535 603 3585 secessu,cum
632 3520 1034 3578 haereticorum
1056 3520 1307 3577 insidias
1338 3536 1501 3578 anno
1528 3525 1624 3577 371
1652 3520 1833 3576 decli-

186 3609 561 3665 navit.Erant
588 3610 741 3665 enim
765 3611 825 3666 in
852 3610 1091 3666 insidiis
1121 3610 1416 3677 collocati,
1453 3615 1518 3666 ut
1535 3627 1661 3666 una
1687 3626 1833 3667 voce

186 3715 258 3754 ex
288 3699 417 3770 ejus
457 3714 560 3755 ore
608 3705 870 3771 arrepta,
896 3700 1193 3771 impetum
1218 3701 1279 3755 in
1306 3700 1635 3757 Ecclesiam
1672 3700 1833 3756 face-

181 3795 329 3845 rent.
370 3792 558 3855 Quare
590 3794 672 3845 tot
696 3805 767 3845 ac
788 3793 956 3846 tanta
993 3790 1199 3862 praelia
1223 3806 1344 3847 non
1371 3795 1657 3847 certasset
1676 3790 1833 3847 Basi-

175 3880 314 3950 lius,
334 3881 446 3936 nisi
474 3884 653 3935 cauta
680 3884 739 3936 et
766 3880 1025 3952 provida
1056 3880 1307 3937 consilia
1336 3882 1785 3953 prmcessissent
1816 3896 1829 3934 :

176 3984 301 4025 non
330 3974 411 4025 tot
439 3968 751 4025 fulsissent
778 3969 1220 4032 miracula,non
1250 3970 1705 4043 Cappadociam
1727 3973 1834 4027 Va-

172 4060 309 4116 lens
328 4076 515 4116 unam
531 4076 604 4116 ex
629 4060 915 4116 omnibus
935 4060 1258 4131 provinciis
1286 4060 1568 4116 eximiam
1590 4060 1832 4116 habuis-

171 4156 281 4221 set,
317 4152 367 4205 si
399 4150 685 4206 Basilium
728 4164 854 4206 non
902 4150 1038 4222 plus
1098 4151 1388 4206 movisset
1430 4150 1831 4207 Ecclesiarum

164 4241 421 4308 utilitas,
450 4256 637 4312 quam
677 4240 1034 4295 calidiorum
1054 4240 1435 4309 ingeniorum
1457 4241 1739 4312 querelae.

230 4333 375 4386 Non
420 4329 617 4384 tutiori
661 4329 1061 4385 fundamento
1098 4329 1303 4385 nititur
1333 4330 1498 4400 quod
1529 4330 1610 4385 ait
1664 4328 1827 4385 idem

154 4422 452 4493 scriptor,
504 4420 770 4475 occultos
809 4419 1145 4489 haereticos,
1206 4419 1404 4491 qualis
1455 4425 1580 4475 erat
1630 4422 1833 4474 Eusta-
1868 4452 1910 4505 ο

150 4510 477 4573 thius,hac
497 4509 696 4564 Basilii
718 4508 1279 4565 accommodatione
1302 4512 1356 4563 et
1382 4508 1658 4564 facilitate
1687 4524 1831 4563 usos

146 4616 329 4665 esse,
361 4605 426 4655 ut
453 4615 585 4655 sese
618 4615 759 4655 cum
790 4614 861 4654 eo
894 4598 1348 4669 conjungerent,
1375 4613 1445 4652 ac
1468 4598 1833 4668 gravissimis

146 4695 391 4763 postea
423 4688 588 4743 illum
619 4687 940 4743 calumniis
962 4692 1261 4742 vexarent.
1294 4686 1662 4743 iamdudum
1696 4702 1834 4741 con-

136 4776 542 4850 junctissime
570 4792 710 4831 cum
744 4775 1050 4831 Eustathio
1081 4780 1137 4831 et
1169 4775 1588 4831 amantissime
1608 4775 1836 4831 vixerat

145 4866 447 4933 Basilius,
475 4870 806 4938 antequam
851 4864 979 4921 haec
1035 4865 1110 4920 de
1162 4864 1381 4936 Spiritu
1425 4865 1835 4920 controversia

143 4955 459 5033 prodiret.
494 4957 619 5011 Non
648 4954 837 5011 multo
866 4960 1003 5027 post
1023 4959 1292 5011 exortam
1316 4954 1471 5010 hanc
1494 4959 1834 5011 controver-

140 5050 323 5104 siam
345 5044 607 5100 dissiluit
635 5060 849 5100 eorum
875 5044 1159 5113 amicitia,
1179 5048 1501 5116 propterea
1530 5043 1697 5115 quod
1730 5044 1834 5098 Ba-

144 5137 361 5200 silius,
394 5134 505 5189 etsi
538 5134 599 5189 in
628 5133 950 5206 probanda
983 5138 1041 5188 et
1082 5133 1478 5206 periclitanda
1516 5132 1832 5188 hominum

146 5229 606 5297 suspectorum
636 5223 757 5278 fide
785 5238 1061 5279 morosus
1088 5238 1210 5278 non
1241 5226 1385 5284 erat,
1428 5223 1508 5278 ita
1540 5227 1741 5277 tamen
1772 5222 1833 5277 in

144 5314 652 5381 constringendo
680 5317 739 5367 et
761 5311 1127 5368 ﬁrmissimis
1158 5311 1334 5367 nodis
1352 5312 1611 5367 tenendo
1632 5315 1833 5366 Eusta-

140 5405 289 5460 thio
313 5407 532 5457 cautus
563 5401 697 5463 fuit,
740 5405 806 5456 ut
838 5416 976 5456 cum
1007 5402 1116 5455 iste
1146 5400 1277 5455 haec
1311 5399 1543 5455 vincula.
1571 5399 1831 5468 effugere

142 5509 289 5550 non
313 5497 542 5564 posset,
584 5490 801 5547 odium
831 5496 887 5546 et
922 5489 1303 5545 iracundiam
1335 5489 1391 5543 in
1426 5488 1701 5544 Basilium
1727 5504 1828 5560 pa-

138 5583 285 5640 lam
340 5586 400 5638 et
455 5584 662 5653 aperte
721 5579 1072 5637 evomuerit.
1108 5576 1306 5634 Basilii
1334 5592 1478 5647 ergo
1505 5576 1717 5633 lenitas
1767 5577 1829 5633 in

1942 3152 2223 3210 Basiliam
2252 3146 2921 3223 perhonoriﬁcm,altera
2954 3144 3031 3202 ad
3053 3140 3602 3207 Palladium,altera

1941 3242 2019 3298 ad
2047 3245 2339 3297 Joannem
2363 3242 2418 3293 et
2438 3236 2891 3292 Antiochum.ln
2914 3237 3168 3303 utraque
3193 3229 3482 3289 Basilium
3500 3229 3600 3286 de-

1939 3330 2504 3395 fendit,accusatum
2529 3342 2563 3381 a
2594 3324 2911 3380 monachis
2935 3318 3602 3391 Caesariensibusquod

1939 3419 2001 3475 in
2037 3418 2342 3487 dogmatis
2378 3415 2727 3471 defensione
2756 3412 3072 3468 remissius
3102 3410 3333 3482 aliquid
3362 3408 3598 3479 egisset.

1943 3509 2107 3564 Unde
2128 3505 2490 3562 Athanasius
2512 3504 2624 3560 ait:
2656 3504 2722 3559 Si
2738 3508 3046 3564 suspectus
3068 3505 3213 3557 esset
3236 3499 3505 3555 Basilius
3538 3498 3600 3552 in

1940 3599 2152 3669 iisque
2163 3596 2244 3652 ad
2253 3596 2562 3652 veritatem
2574 3598 2843 3663 spectant
2853 3634 2865 3658 ,
2876 3590 3241 3647 laudabilem
3250 3589 3387 3658 fore
3398 3601 3602 3643 eorum

1940 3688 2393 3742 contentionem.
2406 3683 2675 3739 Declarat
2694 3696 2835 3736 eum
2856 3681 3051 3748 magis
3066 3694 3182 3748 pro
3204 3678 3457 3734 veritate
3476 3690 3601 3731 cer-

1942 3759 2091 3845 tare,
2116 3781 2169 3831 et
2216 3790 2309 3831 eos
2340 3774 2445 3846 qui
2495 3773 2774 3828 doctrina
2812 3775 2987 3839 egent
3012 3769 3279 3825 edocere.
3325 3767 3601 3822 Hortatur

1942 3864 2298 3933 monachos,
2323 3870 2410 3930 ut,
2431 3862 2807 3931 respicientes
2836 3859 2918 3915 ad
2936 3858 3310 3928 propositum
3331 3853 3601 3912 veritatis

1939 3957 2107 4012 illius
2139 3962 2191 4011 et
2240 3954 2647 4021 oeconomiam,
2705 3950 3049 4021 gloriﬁcent
3101 3948 3448 4012 Dominum,
3488 3948 3599 4001 etc.

1941 4047 2231 4112 Quaenam
2258 4042 2357 4098 illa
2377 4040 2739 4106 oeconomia,
2767 4054 2903 4110 quas
2932 4036 3249 4094 monachis
3281 4033 3476 4091 Basilii
3506 4049 3602 4088 ac-

1940 4132 2196 4190 cusandi
2212 4130 2525 4188 materiam
2548 4128 2740 4184 dedit?
2752 4126 3067 4199 quodnam
3088 4125 3317 4195 dogma
3332 4140 3354 4179 κ
3369 4123 3495 4179 isus
3513 4126 3605 4178 est

1940 4222 2248 4280 remissius
2300 4218 2666 4275 defendere?
2717 4216 2873 4272 Nihil
2918 4231 3064 4271 sane
3093 4214 3358 4285 reperias
3388 4215 3603 4283 praeter

1937 4311 2338 4384 quaestionem
2369 4306 2443 4363 de
2482 4305 2701 4377 Spiritu
2734 4307 2965 4360 sancto.
3006 4305 3129 4358 Huc
3176 4299 3407 4357 accedit
3448 4299 3599 4354 testi-

1940 4400 2212 4457 monium
2240 4395 2497 4468 Gregorii
2528 4394 2904 4457 Nazianzeni,
2935 4395 3108 4464 cujus
3137 4406 3209 4446 ex
3244 4387 3501 4461 epistola
3533 4391 3599 4468 27

1940 4489 2233 4544 discimus
2268 4466 2576 4551 Basilium,
2636 4501 2776 4541 cum
2828 4484 2924 4539 die
2978 4483 3125 4539 festo
3176 4483 3231 4537 S.
3278 4466 3602 4549 Eupsychii

1942 4581 2127 4634 Deum
2148 4594 2271 4634 non
2284 4576 2648 4648 appellasset
2662 4575 2951 4647 Spiritum
2968 4566 3601 4635 sanctum,monacho-

1940 4684 2076 4723 rum
2103 4667 2378 4739 querelas
2426 4666 2486 4721 in
2528 4682 2593 4721 se
2644 4664 3000 4721 concitasse.
3044 4663 3155 4716 Res
3187 4674 3329 4729 ergo
3380 4660 3437 4713 et
3465 4672 3601 4728 per-

1941 4773 2104 4814 sonae
2131 4762 2491 4826 congruunt.
2549 4758 2759 4826 Ipsum
2801 4752 2982 4809 etiam
3034 4748 3314 4817 congruit
3339 4752 3599 4818 tempus.

1942 4849 2090 4902 Nam
2138 4844 2388 4901 Basilius
2421 4844 2537 4900 hac
2567 4860 2713 4899 usus
2757 4846 2849 4899 est
2878 4838 3237 4909 oeconomia,
3266 4852 3337 4893 ac
3382 4836 3443 4892 in
3490 4836 3602 4892 has

1942 4934 2192 4990 incurrit
2220 4932 2692 5000 criminationes,
2717 4936 3046 5003 antequam
3078 4931 3326 4984 sanctus
3342 4926 3602 4982 Athana-

1942 5025 2065 5079 sius
2097 5040 2128 5079 e
2152 5023 2273 5079 vita
2297 5022 2637 5092 migrasset,
2661 5035 2880 5093 nempe
2915 5034 3078 5076 anno
3104 5017 3236 5074 371.

2011 5131 2179 5198 Quod
2235 5134 2463 5204 spectat
2500 5131 2579 5186 ad
2638 5133 2695 5187 S.
2729 5128 3079 5201 Gregorium
3136 5124 3595 5183 Nazianzenum,

1940 5226 2179 5293 tempus
2227 5221 2523 5289 assignari
2581 5235 2759 5293 posse
2816 5234 2938 5274 non
2996 5223 3161 5291 puto,
3213 5228 3336 5286 quo
3374 5210 3597 5266 factum

1940 5311 2118 5367 amici
2148 5310 2407 5382 probare
2430 5308 2869 5365 desierit.Hanc
2892 5308 3050 5362 enim
3073 5305 3227 5359 illius
3249 5300 3436 5359 animi
3465 5314 3596 5355 mo-

1939 5400 2335 5463 derationem,
2368 5402 2425 5452 et
2466 5398 2701 5453 vivente
2753 5397 2886 5467 ipso
2918 5401 2973 5449 et
3019 5397 3277 5455 mortuo,
3311 5388 3596 5456 laudavit,

1940 5503 2049 5543 nec
2087 5487 2358 5542 laudavit
2400 5486 2620 5549 solum,
2653 5486 2756 5539 sed
2783 5484 2963 5538 etiam
3020 5478 3285 5534 imitatus
3328 5483 3436 5534 est.
3491 5478 3599 5534 Ubi

1939 5576 2204 5649 primum
2222 5578 2543 5631 accusatus
2554 5577 2642 5629 est
2658 5574 2714 5627 in
2738 5570 3002 5647 quodam
3024 5566 3301 5623 convivio
3329 5567 3595 5637 Basilius,
