4050 6202
442 296 504 349 εί
1950 280 2333 340 PREFATIO.
3808 296 3876 347 32

437 418 659 474 exarsit
685 417 748 472 in
764 416 922 473 illius
939 416 1437 488 reprehensorem
1456 409 1789 482 indignatio
1811 404 2096 475 Gregorii.
2130 404 2179 458 Α
2210 407 2340 464 aliis
2365 412 2685 485 episcopis.
2710 415 2837 486 qui,
2882 414 2992 470 etsi
3025 413 3209 469 ﬁdem
3250 414 3555 471 Nicenam
3586 416 3874 472 acerrime

437 507 767 577 Postquam
790 505 951 559 venit
972 499 1549 572 Constantinopolim
1574 495 1897 567 Gregorius
1929 495 2099 564 (6),ut

439 594 524 649 ibi
555 593 912 648 catholicam
930 591 1109 647 ﬁdem
1134 605 1283 661 pene
1306 589 1663 644 exstinctam
1684 582 2095 647 exsuscitaret,

442 699 562 739 non
587 682 781 739 solum
801 682 858 737 in
878 679 1215 735 refellendis
1236 678 1529 733 haereticis
1552 691 1751 731 acrem
1777 690 1839 729 se
1860 677 1915 727 et
1934 671 2097 725 inde-

440 772 671 829 fessum
704 768 973 842 praebuit.
1006 767 1113 821 sed
1168 768 1345 823 etiam
1395 768 1455 822 in
1509 764 1801 821 sanandis
1830 759 2099 832 exemplo

443 860 637 917 Basilii
665 857 918 911 inﬁrmis
948 856 1146 911 lenem
1188 859 1243 910 et
1293 855 1695 921 moderatum,
1737 856 1802 908 ut
1838 850 2103 906 declarat

442 949 598 1004 illius
652 946 1084 1015 testimonium,
1119 945 1283 1018 quod
1311 961 1376 1001 ex
1406 945 1674 1000 oratione
1720 946 1787 998 44
1813 942 2099 1012 deprom-

442 1038 695 1109 psimus.
726 1039 1021 1091 Reversus
1056 1034 1571 1107 ConstantinOpoli
1620 1033 1955 1088 orationem
1998 1028 2099 1082 ha-

441 1123 573 1179 buit
597 1126 656 1179 in
688 1124 899 1179 laudes
928 1124 1144 1191 Basilii,
1177 1124 1235 1179 in
1265 1140 1388 1196 qua
1419 1124 1570 1179 inter
1599 1122 1717 1178 alia
1746 1120 1905 1176 illius
1952 1133 2102 1191 pra;-

444 1213 603 1270 clare
632 1213 789 1269 facta
806 1212 1170 1286 prudentem
1200 1213 1361 1269 illam
1386 1211 1813 1268 molestissimo
1833 1213 2099 1280 tempore

442 1303 1072 1360 accommodationem
1096 1306 1382 1359 recenset.

515 1397 1082 1465 Temperamentum
1109 1409 1145 1447 a
1176 1392 1389 1448 Basilio
1437 1391 1773 1447 adhibitum
1822 1404 1892 1444 eo
1918 1388 2099 1443 etiam

445 1483 689 1539 nomine
707 1482 906 1537 minus
930 1482 1182 1554 probatu
1194 1482 1410 1553 r,quod
1433 1498 1609 1536 suum
1627 1480 1755 1551 ipse
1781 1477 2098 1534 consilium

445 1571 872 1645 repudiaverit,
897 1587 1007 1627 nec
1029 1571 1366 1644 quidquam
1398 1571 1589 1626 simile
1628 1570 1686 1624 in
1720 1567 2099 1624 defendendo

447 1659 951 1717 consubstantiali
991 1659 1385 1714 commiserit.
1424 1660 1751 1729 Utrumque
1774 1672 1885 1711 sua
1920 1659 2098 1727 ponte

446 1749 751 1805 refellitur.
772 1748 1010 1804 Nullum
1036 1748 1455 1803 inconstantiae
1478 1747 1794 1816 vestigium
1816 1746 1928 1800 hac
1953 1745 2014 1799 in
2037 1759 2097 1798 re

448 1852 645 1910 neque
675 1838 735 1893 in
762 1836 1047 1908 operibus
1080 1836 1292 1903 Basilii,
1336 1851 1532 1908 neque
1554 1834 1720 1906 apud
1750 1834 2096 1904 Gregorium

446 1926 1017 1999 Nazianzenum,qui
1048 1941 1170 1981 non
1199 1930 1319 1981 tam
1347 1924 1601 1980 multam
1631 1938 1879 1996 operam
1904 1922 1963 1977 in
1994 1921 2098 1976 de-

446 2015 749 2072 fendendo
783 2016 979 2071 amico
1017 2015 1460 2087 insumpsisset,
1505 2013 1553 2068 si
1603 2014 1693 2068 sui
1740 2012 1910 2068 illum
1961 2011 2099 2067 facti

443 2106 795 2165 credidisset
832 2106 1205 2177 pcenituisse.
1259 2109 1464 2175 Ipsum
1491 2104 1669 2159 etiam
1701 2102 2100 2159 consubstan-

444 2196 578 2255 tiale
610 2195 1041 2251 inﬁrmioribus
1076 2194 1294 2250 animis
1326 2193 1692 2249 condonavit
1723 2191 1993 2259 Basilius,
2036 2196 2099 2247 ut

452 2302 639 2356 supra
659 2285 945 2340 diximus.

516 2377 579 2429 V.
614 2379 802 2446 Atque
831 2380 898 2429 nt
920 2377 1042 2429 tota
1072 2373 1228 2428 illius
1256 2374 1313 2428 in
1346 2373 1850 2443 ejusmodirebus
1881 2372 2100 2443 agendi

446 2463 601 2521 ratio
632 2463 1048 2534 perspiciatur,
1090 2462 1200 2517 abs
1228 2478 1289 2517 re
1316 2478 1436 2518 non
1478 2463 1587 2518 erit
1632 2462 1889 2517 breviter
1915 2476 2099 2532 expo-

445 2551 762 2623 nere,quid
789 2551 867 2607 ab
897 2552 1193 2607 haereticis
1217 2551 1608 2607 redeuntibus
1630 2556 1733 2606 aut
1749 2552 1827 2605 ab
1848 2551 2100 2606 homini-

447 2641 562 2698 bus
581 2641 871 2713 suspectis
888 2656 998 2712 pro
1018 2646 1361 2712 temporum
1386 2641 1666 2697 varietate
1690 2640 2097 2711 postulaverit.

451 2732 622 2786 Sana:
654 2729 941 2785 doctrina;
976 2728 1224 2784 Basilius
1257 2728 1334 2783 ab
1365 2729 1615 2784 infantia
1656 2730 1731 2783 ad
1765 2734 2099 2783 extremum

447 2832 645 2889 usque
677 2817 951 2889 spiritum
979 2817 1479 2872 retinentissimus
1507 2817 1614 2872 fuit
1647 2834 1658 2870 :
1693 2832 2011 2888 nunquam
2041 2816 2101 2869 in

447 2908 579 2978 ejus
609 2921 711 2962 cor
740 2906 843 2960 ulli
868 2906 1131 2961 sermoni
1154 2921 1189 2961 a
1212 2921 1361 2961 sana
1382 2906 1657 2961 doctrina
1686 2906 1881 2960 alieno
1912 2904 2104 2976 patuit

448 2996 669 3063 aditus;
695 2995 857 3050 nulla
880 2994 960 3049 illi
983 2995 1295 3049 sententiis
1327 2996 1577 3050 mutatio
1601 2994 1807 3063 at’ﬁngi
1836 2999 2101 3065 poterat;

2207 498 2614 567 defenderent,
2644 502 2920 558 nondum
2950 507 3148 558 tamen
3187 502 3719 559 consubstantialis
3757 520 3858 559 vo-

2207 604 2340 645 cem
2361 591 2563 661 palam
2594 596 2649 646 et
2679 596 2884 663 aperte
2910 598 3279 664 receperant.
3313 595 3530 649 Notum
3562 598 3648 648 est
3674 596 3868 649 omni-

2207 678 2324 734 bus
2373 685 2601 750 quanta
2647 680 2886 736 lenitate
2939 681 3296 737 Athanasius
3327 686 3384 736 et
3433 681 3681 738 Hilarius
3733 698 3870 737 cum

2208 768 2509 837 ejusmodi
2538 768 2887 824 hominibus
2912 768 3219 838 agendum
3246 770 3611 828 censuerint.

2283 856 2565 913 Videntur
2583 858 3099 914 consubstantiale
3129 859 3404 914 nondum
3433 860 3740 932 recepisse
3770 862 3871 932 qui

2211 947 2353 1004 ﬁdei
2375 948 2814 1005 confessionem
2836 965 2867 1004 e
2896 950 3217 1021 Scripturis
3245 949 3671 1021 depromptam
3700 952 3865 1019 (tom.

2212 1039 2277 1101 ΙΙ,
2318 1053 2377 1109 p.
2410 1042 2555 1102 223),
2587 1040 2840 1110 ἔγγραφον
2896 1038 3191 1110 ὁμολογίαν,
3222 1054 3257 1093 a
3311 1038 3504 1094 Basilo
3546 1039 3867 1110 petierunt.

2214 1126 2381 1183 Unde
2418 1127 2663 1182 Basilius
2711 1143 2925 1183 eorum
2964 1127 3323 1183 consuelens
3353 1127 3680 1183 inﬁrmitati
3732 1144 3874 1199 pro-

2212 1216 2388 1271 mittit
2414 1232 2475 1270 se
2502 1232 2622 1272 non
2662 1232 2913 1271 usurum
2968 1217 3304 1271 nominibus
3360 1223 3413 1272 et
3470 1218 3684 1283 verbis,
3738 1233 3872 1288 qua:

2210 1306 2351 1374 ipsis
2378 1308 2595 1361 litteris
2624 1312 2681 1361 et
2709 1307 2963 1375 syllabis
2986 1322 3103 1360 non
3127 1308 3514 1373 reperiuntur
3541 1307 3777 1375 quidem
3809 1308 3872 1361 in

2210 1395 2418 1450 divina
2438 1396 2887 1464 Scriptura,sed
2904 1402 3103 1451 tamen
3126 1395 3369 1449 insitam
3390 1394 3720 1463 Scriptura:
3741 1410 3869 1450 sen-

2212 1486 2457 1539 tentiam
2482 1490 2744 1539 servant.
2770 1487 2833 1539 ln
2860 1484 3000 1539 ﬁdei
3035 1483 3634 1553 conlessione,quam
3671 1483 3750 1539 ad
3779 1499 3882 1538 eos

2210 1572 2393 1635 misit,
2460 1573 2974 1629 consubstantiale
3038 1588 3159 1628 non
3222 1572 3497 1627 adhibuit
3549 1572 3629 1642 (p.
3691 1572 3815 1631 224)
3864 1590 3874 1624 :

2209 1662 2375 1733 quod
2404 1662 2651 1733 quidem
2682 1661 2933 1717 Basilius
2961 1677 3099 1716 cum
3133 1665 3422 1716 metueret
3450 1676 3525 1716 ne
3555 1661 3873 1731 reprehen-

2131 1773 2171 1828 Β
2208 1750 2738 1819 deretur,declarat
2766 1750 2929 1806 idem
2957 1750 3071 1805 sibi
3098 1749 3476 1821 propositum
3503 1764 3622 1803 non
3658 1765 3781 1803 esse
3804 1766 3873 1804 ac

2209 1840 2270 1896 in
2318 1839 2450 1895 aliis
2504 1839 2828 1911 Operibus;
2862 1838 3027 1895 aliud
3067 1838 3229 1894 enim
3261 1854 3393 1894 esse
3421 1837 3729 1893 hereticos
3784 1854 3871 1893 re-

2211 1928 2428 1990 fellere,
2484 1927 2649 1985 aliud
2701 1943 2914 1984 sanam
2970 1927 3154 1982 fidem
3203 1926 3549 1999 simpliciter
3586 1942 3873 1997 exponere

2209 2018 2292 2089 (p.
2326 2018 2472 2088 225).

2282 2109 2409 2162 Non
2447 2105 2698 2162 deerant
2729 2105 2894 2161 initio
2922 2106 3306 2179 episcopatus
3339 2104 3559 2173 Basilii,
3600 2105 3703 2176 qui
3733 2120 3874 2159 con-

2211 2196 2601 2253 substantiale
2624 2195 2898 2252 nondum
2921 2197 3299 2267 recepissent.
3327 2198 3441 2250 Hos
3461 2194 3711 2250 Basilius
3735 2211 3869 2266 par-

2211 2287 2320 2343 tim
2342 2285 2783 2357 vituperandos,
2818 2285 3034 2356 partim
3059 2284 3237 2339 venia
3253 2284 3468 2353 dignos
3490 2282 3723 2353 judicat
3752 2286 3870 2354 (ep.

2212 2380 2301 2443 52,
2332 2390 2391 2429 n.
2432 2380 2479 2443 ί,
2511 2390 2570 2446 p.
2613 2376 2752 2443 145).
2791 2374 2906 2430 Sed
2938 2373 3237 2445 ejusmodi
3277 2374 3552 2428 homines
3584 2373 3876 2444 perpauci

2180 2463 2487 2527 _videntur
2544 2462 2751 2517 fuisse.
2795 2466 2944 2519 Nam
2998 2468 3136 2534 post
3184 2460 3501 2517 concilium
3560 2464 3875 2531 Tyaneuse

2214 2552 2479 2625 plerique
2501 2551 3005 2607 eonsubstantiali
3038 2566 3257 2606 manus
3289 2549 3873 2621 dederunt,exceptis

2215 2642 2454 2710 triginta
2492 2646 2751 2714 quatuor
2806 2642 3039 2697 Asianis
3083 2640 3406 2712 episcopis,
3442 2654 3595 2711 quos
3626 2639 3875 2694 minime

2214 2731 2435 2785 mirum
2466 2736 2553 2785 est
2603 2730 2915 2785 communi
2962 2730 3213 2785 consilio
3252 2728 3688 2798 obstitissc(7).
3743 2731 3877 2781 Erat

2213 2820 2374 2874 enim
2405 2818 2531 2873 haec
2582 2819 2743 2887 regio
2776 2820 2861 2873 sic
2883 2818 3268 2888 emancipata
3298 2817 3503 2883 errori,
3562 2822 3624 2871 ut
3654 2816 3875 2885 gratias

2215 2909 2333 2961 Deo
2355 2906 2669 2961 habendas
2698 2906 2991 2961 existimet
3022 2906 3294 2969 Basilius,
3336 2906 3389 2959 si
3419 2907 3521 2975 qui
3546 2906 3785 2960 omnino
3810 2906 3875 2958 in

2213 2999 2438 3052 Asiana
2452 3002 2651 3053 tractu
2666 3002 2843 3052 extra
2858 2997 3050 3051 labem
3066 2996 3480 3051 hereticorum
3494 2997 3634 3051 sint.
3646 2996 3878 3050 Sensim

447 3085 554 3141 sed
581 3090 779 3141 tamen
812 3090 1060 3155 accepta
1087 3099 1122 3139 a
1147 3084 1365 3139 teneris
1386 3084 1671 3139 doctrina:
1706 3085 1940 3139 semina
1966 3083 2107 3137 fate-
2137 3122 2176 3176 Ο
2218 3087 2417 3158 itaque
2448 3085 2736 3154 evenit,ut
2761 3102 2831 3140 ex
2853 3085 2923 3140 iis
2943 3084 3078 3157 quis
3102 3084 3391 3140 eatholice
3423 3084 3759 3140 sentiebant
3784 3085 3878 3138 vix

447 3177 545 3227 tur
570 3172 700 3243 ipse
740 3188 855 3227 usu
886 3171 1145 3226 crevisse
1169 3174 1288 3242 (ep.
1317 3174 1441 3237 204,
1475 3175 1594 3237 n.6,
1619 3186 1678 3242 p.
1704 3176 1827 3237 306;
1853 3186 1949 3242 ep.
1977 3174 2102 3232 223,

450 3276 511 3316 n.
545 3267 594 3327 3,
625 3278 684 3332 p.
721 3261 871 3331 338).
914 3261 977 3315 In
1026 3261 1098 3315 iis
1150 3266 1351 3315 autem
1379 3276 1515 3332 quae
1561 3278 1672 3315 usu
1722 3266 1779 3315 et
1826 3260 2109 3316 exercita-

447 3350 610 3407 tione
636 3349 718 3405 illi
737 3354 1140 3410 accesserunt,
1174 3350 1479 3405 numerari
1510 3356 1704 3421 potest
1734 3350 2021 3421 quaedam
2047 3350 2107 3405 in

451 3437 877 3511 dignoscendis
891 3438 1310 3493 haereticorum
1342 3438 1823 3494 cavillationibus
1848 3440 2107 3509 pruden-

453 3528 699 3599 tia,qua3
730 3544 867 3581 cum
898 3528 956 3581 in
984 3527 1164 3582 horas
1187 3529 1401 3583 mutari
1442 3528 1723 3595 solerent,
1747 3543 1868 3583 non
1903 3544 2022 3582 uno
2053 3534 2109 3582 et

455 3617 668 3672 eodem
696 3616 878 3672 modo
910 3631 1106 3670 caveri
1131 3616 1491 3673 debuerunt.
1525 3622 1584 3673 In
1619 3634 1688 3672 ea
1721 3633 1919 3671 rerum
1968 3632 2106 3687 per-

452 3706 820 3771 turbatione,
849 3720 1033 3772 quam
1056 3706 1408 3761 Arianorum
1443 3707 1516 3761 de
1545 3707 1721 3761 simili
1743 3712 1800 3761 et
1829 3704 2109 3759 dissimili

449 3796 610 3850 tricre
632 3795 997 3850 induxerunt
1018 3811 1180 3851 anno
1204 3801 1327 3864 360,
1346 3812 1455 3851 nec
1479 3796 1669 3850 simile
1689 3811 1797 3849 nec
1820 3793 2107 3849 dissimile

447 3884 730 3956 placebat
752 3884 986 3951 Basilio,
1012 3885 1117 3939 sed
1138 3885 1507 3939 identitatem
1528 3889 1760 3939 natura:
1780 3890 1836 3938 et
1852 3883 2108 3937 consub-

451 3972 725 4028 stantiale
752 3973 1150 4043 proﬁtebatur
1178 3976 1293 4044 (ep.
1335 3978 1386 4037 8,
1421 3988 1478 4044 p.
1514 3976 1625 4043 82).
1662 3976 1871 4027 Postea
1928 3972 2107 4026 rebus

451 4062 859 4130 mutatis,cum
878 4064 1007 4134 jam
1030 4063 1108 4118 ab
1131 4063 1486 4118 Arianorum
1520 4061 1772 4133 perﬁdia
1794 4077 1915 4117 non
1940 4066 2109 4116 tanta

450 4158 648 4208 essent
680 4152 966 4224 pericula,
994 4152 1187 4208 simile
1214 4151 1547 4207 secundum
1571 4152 1893 4207 essentiam
1921 4152 2107 4205 susci-

450 4240 653 4312 piebat
680 4241 952 4307 Basilius,
987 4241 1171 4297 modo
1203 4240 1349 4295 illud
1377 4240 1717 4307 adderetur,
1735 4242 1890 4296 citra
1920 4242 2109 4296 ullam

451 4331 895 4399 differentiam;
947 4346 1120 4386 secus
1156 4346 1293 4385 vero
1332 4330 1489 4385 hanc
1521 4346 1730 4386 vocem
1763 4335 2111 4402 suspectam

450 4419 841 4475 existimabat
871 4421 988 4491 (ep.
1015 4424 1066 4486 9,
1095 4434 1155 4474 n.
1190 4420 1265 4489 3).
1302 4423 1490 4489 Atque
1522 4420 1647 4474 haec
1675 4420 1923 4491 quidem
1956 4419 2113 4474 Basi-

452 4508 568 4564 lius
608 4524 732 4563 non
783 4525 894 4564 sua
923 4525 1109 4565 causa
1157 4508 1630 4581 statuebat(ipse
1662 4510 1820 4564 enim
1857 4509 2113 4564 consub-
2146 4494 2190 4548 D

450 4596 727 4652 stantiale
749 4597 1185 4667 proﬁtebatur),
1230 4598 1335 4653 sed
1369 4598 1414 4653 si
1451 4600 1554 4669 qui
1585 4600 1847 4670 suspecti
1882 4602 2110 4665 essent,

452 4685 595 4740 satis
626 4702 755 4741 esse
780 4685 1034 4756 putabat
1061 4686 1139 4740 ad
1165 4701 1375 4741 eorum
1405 4686 1584 4741 ﬁdem
1613 4686 2019 4758 purgandam,
2053 4692 2117 4742 ut

452 4773 634 4829 simili
664 4773 1000 4829 secundum
1023 4775 1348 4829 essentiam
1371 4775 1664 4830 adderent
1685 4776 1833 4830 illud
1851 4778 2005 4831 citra
2029 4778 2116 4831 ul-

453 4864 574 4918 lam
604 4863 1009 4930 differentiam
1060 4864 1284 4931 (ἰόίιά.)⁸
1319 4866 1397 4917 Ex
1422 4880 1545 4935 quo
1588 4864 1734 4918 illud
1766 4866 1943 4920 etiam
1989 4880 2116 4937 per-

453 4951 601 5023 spici
652 4955 869 5022 potest.
909 4950 1192 5005 Basilium
1225 4951 1449 5005 nemini
1479 4954 1896 5008 necessitatem
1927 4956 2119 5025 impo-

454 5040 642 5095 suisse
672 5038 1205 5094 consubstantialis
1232 5039 1781 5112 proﬁtendi.Neque
1806 5041 1865 5095 id
1897 5043 2119 5098 mirum

455 5128 639 5185 videri
664 5128 1015 5184 debetﬁam
1049 5143 1186 5182 cum
1218 5127 1530 5197 epistolam
1559 5145 1785 5185 nonam
1814 5131 2114 5203 scriberet,

453 5236 524 5275 ex
546 5234 670 5291 qua
689 5218 818 5274 haec
837 5216 1309 5289 desumpsimus,
1337 5220 1760 5275 communione
1786 5227 1841 5276 et
1861 5222 2121 5278 amicitia

455 5310 815 5379 conjunctus
858 5312 1148 5364 eratcum
1182 5307 1424 5365 Silvano
1466 5310 1738 5366 Tarsensi
1768 5315 1822 5367 et
1846 5311 2121 5383 pluribus

534 5592 610 5659 (6)
645 5592 801 5657 Naz.,
838 5609 931 5665 ep.
957 5599 1047 5649 2‘7.

2217 3174 2543 3246 quisquam
2563 3173 3080 3228 consubstantiale
3104 3189 3227 3227 non
3250 3173 3587 3227 admitteret
3606 3177 3877 3243 (ep.33l).

2220 3267 2544 3335 Postquam
2578 3268 2781 3317 autem
2812 3262 3079 3333 grassari
3103 3262 3281 3333 coepit
3309 3261 3554 3317 lueresis
3585 3262 3881 3315 Pneuma-

2222 3353 2669 3417 tomachorum,
2697 3358 2824 3407 tum
2865 3368 3008 3406 vero
3056 3366 3179 3406 non
3206 3350 3391 3405 modo
3437 3349 3583 3404 nihil
3614 3348 3877 3419 amplius

2218 3442 2557 3498 detractum
2586 3446 2675 3497 est
2698 3440 2771 3496 de
2794 3441 2910 3496 ﬁde
2940 3440 3309 3508 Nicaena,sed
3343 3440 3519 3495 etiam
3544 3437 3769 3509 aliquid
3794 3438 3877 3490 vi-

2218 3546 2353 3585 sum
2372 3531 2607 3584 esthuic
2624 3530 2898 3585 formulae
2916 3528 3266 3585 addendum
3284 3528 3537 3582 Basilius
3562 3527 3880 3597 Cyriacum

2216 3621 2565 3673 Tarsensem
2593 3618 3014 3687 presbyterum
3030 3618 3301 3671 hortatur
3321 3616 3439 3683 (cp.
3465 3616 3878 3683 £14,p.207),ut

2216 3705 2399 3761 ﬁdem
2428 3706 2727 3760 Nicenam
2746 3704 3125 3774 recipiagnec
3151 3702 3335 3756 ullam
3350 3702 3411 3756 in
3434 3717 3503 3757 ea
3516 3717 3726 3756 vocem
3744 3690 3880 3771 reji-

2217 3795 2333 3851 ciat
2355 3811 2368 3860 ;
2394 3794 2516 3849 imo
2547 3794 2688 3849 huic
2718 3792 2855 3848 ﬁdei
2883 3792 3069 3848 addat
3114 3792 3403 3860 Spiritum
3452 3797 3726 3846 sanctum
3756 3792 3888 3852 dici

2217 3890 2551 3940 creaturam
2581 3899 2699 3938 non
2722 3888 3126 3951 oportercmec
3144 3898 3272 3948 cum
3292 3884 3362 3937 iis
3384 3882 3492 3952 qui
3508 3881 3718 3935 dicunt
3734 3898 3884 3937 com-

2218 3973 2809 4027 municandum.Non
2828 3971 3016 4025 multo
3032 3974 3170 4043 post
3188 3970 3533 4037 Basilius,re
3554 3986 3692 4025 cum
3715 3986 3886 4025 sanc-

2220 4068 2277 4118 to
2291 4062 2515 4117 Meletio
2534 4068 2587 4116 et
2603 4061 2907 4117 Theodoto
2929 4060 3277 4129 deliberata,
3297 4060 3446 4115 illud
3472 4062 3651 4115 etiam
3676 4063 3881 4115 Eusta-

2221 4152 2343 4210 thio
2372 4150 2739 4223 prmscripsit
2768 4154 2885 4221 (ep.
2926 4155 3044 4217 125,
3071 4168 3129 4221 p.
3164 4152 3311 4221 216),
3338 4154 3400 4204 ut
3429 4150 3710 4221 Spiritum
3742 4165 3884 4205 san-
3949 4143 3953 4146 ’

2221 4246 2383 4297 ctum
2417 4240 2622 4295 itidem
2646 4245 2709 4294 ut
2732 4242 2965 4295 Patrem
2988 4245 3045 4295 et
3063 4239 3272 4294 Filium
3293 4239 3668 4308 gloriﬁcaret:
3698 4242 3885 4310 atque

2221 4330 2379 4386 hanc
2412 4328 2911 4399 gloriﬁcationem
2944 4328 3252 4400 deinceps,
3283 4333 3346 4383 ut
3389 4343 3515 4383 rem
3547 4328 3886 4383 necessario

2222 4420 2570 4476 addendam
2603 4418 2836 4490 synodo
2867 4419 3138 4483 Nicaeum,
3169 4418 3503 4490 proposuit,
3535 4423 3599 4472 ut
3626 4417 3887 4489 perspici

2224 4514 2418 4581 potest
2451 4524 2520 4563 ex
2548 4508 2819 4579 epistolis
2860 4513 2952 4562 I75
2994 4512 3051 4562 et
3078 4511 3203 4577 258,
3256 4524 3314 4561 n.
3376 4512 3427 4562 2.
3481 4506 3630 4562 Nihil
3686 4506 3884 4575 magis

2223 4597 2489 4653 incendit
2517 4590 3320 4667 Pneu'matomachosquam
3347 4596 3473 4651 haec
3494 4595 3741 4667 Spiritus
3761 4594 3886 4663 glo-

2223 4685 2471 4741 riﬁcatio
2498 4701 2636 4739 cum
2666 4687 2836 4739 Patre
2868 4690 2924 4739 et
2951 4685 3115 4740 Filio.
3161 4684 3275 4740 Sed
3314 4684 3571 4739 Basilius
3621 4683 3886 4738 declarat

2225 4778 2335 4846 (De
2358 4774 2519 4844 Spir.
2571 4774 2631 4828 S.
2683 4790 2734 4828 c.
2773 4778 2862 4841 29,
2897 4790 2934 4845 p
2984 4775 3071 4844 63)
3132 4790 3192 4828 se
3234 4790 3342 4828 nec
3372 4773 3557 4844 gladii
3587 4790 3697 4827 nec
3726 4773 3883 4842 ignis

2227 4870 2391 4921 metu
2416 4863 2701 4918 usitatam
2735 4862 3035 4918 constanti
3055 4862 3370 4918 traditione
3388 4862 3885 4932 gloriﬁcationem

2228 4953 2595 5009 relicturum.
2627 4954 2744 5006 Hoc
2774 4955 3007 5006 tantum
3052 4951 3136 5006 eis
3167 4951 3442 5007 concedit
3470 4953 3569 5022 (ib.
3606 4968 3657 5008 c.
3692 4957 3777 5015 25,
3824 4968 3882 5022 p.

2231 5045 2320 5100 54)
2350 5046 2413 5095 ut
2437 5040 2720 5112 quamvis
2745 5040 3090 5112 praepositio
3121 5057 3253 5097 cum
3284 5041 3480 5113 aptior
3511 5044 3583 5098 sit
3606 5041 3683 5097 ad
3706 5040 3888 5111 glori-

2232 5130 2569 5185 ﬁcationem
2605 5128 3095 5201 persolvendam,
3138 5131 3188 5185 si
3220 5135 3342 5186 tam
3376 5132 3457 5186 uti
3490 5132 3701 5186 malint
3737 5145 3887 5185 ροη-

2228 5219 2561 5291 junctione,
2594 5224 2701 5275 etc.
2736 5223 2799 5274 ut
2852 5219 2911 5275 in
2952 5218 3283 5291 baptismo,
3314 5220 3373 5275 id
3406 5222 3507 5291 eis,
3545 5220 3781 5276 nemine
3804 5236 3894 5274 rc-

2234 5314 2563 5381 pugnante,
2593 5308 2787 5365 liceat.

2306 5602 2382 5669 {7)
2416 5601 2673 5656 Sozom..
2706 5597 2808 5654 lib.
2850 5615 2923 5665 vi,
2947 5615 3000 5655 c.
3048 5603 3128 5654 t2.
