4062 6208
222 271 285 322 33
1752 252 2138 313 ΡΒᾹΞΡΑΤΙΟ.
3593 280 3663 335 34

228 482 266 533 1.
305 475 773 532 Celeberrimum
805 477 870 532 S.
899 478 1116 533 Basilii
1133 478 1204 533 de
1230 478 1605 546 proccssione
1625 475 1893 544 Spiritus

306 563 385 603 es:
434 549 586 626 _Filio
624 550 1024 626 testimonium
1073 551 1357 626 refertur.
1390 551 1480 626 _Il.
1548 547 1894 626 Grmcqrum

314 621 616 697 scriptura
638 621 874 697 magnis
908 622 1297 697 incommodis
1317 622 1570 676 laborat.
1617 618 1705 673 111.
1738 617 1894 697 Lati-

323 706 533 746 norum
546 691 706 744 lectio
722 697 864 770 apte
883 706 1012 770 cum
1030 694 1245 770 Basilii
1258 691 1892 770 doctrina,_nec_essario

331 777 460 816 cum
487 764 600 829 ejus
623 763 1089 817 ratiocinatione
1117 764 1394 818 cohaeret.
1422 765 1512 817 IV.
1538 764 1891 816 Latinorum

334 847 501 888 causa
517 832 783 887 codicum
816 849 953 888 mss.
988 837 1341 891 auctoritate
1364 834 1734 899 de/enditur.

339 926 375 976 1.
400 924 580 975 Exstat
607 920 779 976 initio
827 920 962 977 libri
994 924 1144 978 tertii
1192 924 1490 979 Adversus
1533 922 1892 978 Eunomium

265 1008 488 1077 insignis
509 1008 703 1075 locus,
731 1010 840 1081 qui
865 1027 1005 1065 cum
1031 1012 1422 1068 manifestum
1443 1010 1753 1067 habeatde
1768 1010 1895 1081 Spi-

262 1099 385 1153 ritus
405 1113 472 1151 ex
506 1097 659 1153 Filio
694 1099 1078 1170 processione
1112 1101 1539 1170 testimonium,
1570 1101 1618 1155 si
1661 1100 1791 1155 sine
1828 1099 1893 1154 li-

254 1188 377 1242 turis
418 1202 492 1241 ac
553 1187 689 1242 sine
742 1187 1174 1245 additamentis
1222 1190 1474 1261 legatur,
1524 1190 1892 1261 gravissima:

239 1278 462 1331 Graecos
518 1276 681 1331 inter
728 1281 786 1333 et
844 1277 1083 1334 Latinos
1114 1280 1535 1335 controversiae
1576 1279 1891 1335 materiam

233 1362 410 1419 dedit.
456 1364 742 1421 Defendit
770 1366 886 1422 hoc
912 1367 1221 1424 catholicae
1246 1370 1511 1425 veritatis
1540 1368 1892 1439 praesidium

226 1452 288 1507 Β.
322 1456 382 1511 Ρ.
408 1454 764 1511 Ludovicus
794 1456 1008 1524 Vallée,
1032 1459 1313 1514 emeritus
1336 1459 1649 1528 theologia
1669 1458 1893 1530 profes-

226 1558 321 1597 sor
347 1559 419 1598 ac
450 1543 850 1601 bibliothecas
882 1547 1114 1603 Sanctae
1145 1548 1460 1603 Genoveiae
1491 1549 1809 1620 praefectus
1832 1549 1893 1604 in

228 1632 457 1687 erudita
481 1631 931 1697 dissertatione,
958 1650 1119 1691 anno
1137 1638 1264 1692 1721
1294 1638 1531 1693 Parisiis
1549 1636 1708 1693 edita
1730 1637 1895 1709 apud

1923 377 1969 431 Α
2007 379 2353 449 dogmatum
2374 386 2862 446 innovationibus
2888 392 2915 445 ?
2938 393 3228 451 Curenim
3248 412 3477 455 necesse
3493 404 3661 468 est,si

2006 470 2306 539 dignitate
2325 489 2396 531 ac
2418 478 2632 534 ordine
2661 482 2872 536 tertius
2889 489 2970 537 est
2984 484 3504 553 Spiritus,natura
3520 507 3667 561 quo-

2003 574 2115 629 que
2128 564 2371 619 tertium
2387 567 2546 621 esse?
2560 569 2874 638 Dignitate
2889 572 3127 640 quidem
3138 577 3461 633 secundum
3483 594 3601 636 esse
3622 596 3661 638 a

2000 649 2204 713 Filio,‘
2222 658 2285 708 ut
2305 656 2410 723 qui
2429 671 2551 712 esse
2573 658 2648 713 ab
2670 659 2777 712 illo
2807 659 3041 726 habeat,
3065 668 3115 716 et
3138 663 3213 717 ab
3235 666 3355 732 ipso
3377 669 3659 738 accipiat,

2002 746 2055 795 et
2088 745 2409 799 annuntiet
2431 747 2600 801 nobis
2624 754 2675 802 et
2699 750 2941 804 omnino
2963 765 3033 805 es:
3054 751 3159 806 illa
3174 767 3357 809 causa
3365 756 3627 822 pendeat
3643 759 3663 780 ⁸

2004 829 2191 885 tradit
2229 831 2526 906 [fortasse]
2560 836 2805 904 pietatis
2851 853 3062 893 sermo.
3094 841 3173 895 At
3212 847 3437 899 natura
3484 847 3663 903 tertia

1998 918 2104 985 uti,
2128 933 2316 988 neque
2337 927 2637 979 exsanclis
2669 926 3003 994 Scripturis
3027 929 3224 984 edocti
3244 945 3448 986 sumus
3475 948 3664 1004 neque

2001 1020 2075 1061 es:
2090 1006 2425 1076 Scriptura
2450 1013 2624 1068 dictis
2646 1017 3062 1072 consecutione
3080 1019 3213 1073 ulla
3235 1020 3438 1089 colligi
3450 1027 3661 1090 potest.

2074 1094 2580 1160 Quemadmodum
2605 1105 2759 1159 enim
2780 1105 2973 1159 Filius
2988 1105 3190 1162 ordine
3202 1108 3436 1177 quidem
3459 1125 3663 1166 secun-

1999 1182 2111 1238 dus
2132 1200 2167 1239 a
2188 1187 2376 1244 Patre
2391 1196 2471 1244 est
2483 1194 2779 1260 ,quoniam
2800 1194 3001 1249 abillo
3018 1196 3667 1270 est,etldignitate,quia

2002 1273 2169 1342 origo
2191 1276 2319 1343 ejus
2346 1284 2399 1332 et
2422 1293 2607 1335 causa
2634 1287 2736 1351 est,
2762 1288 3060 1350 quatenus
3083 1290 3166 1339 est
3189 1285 3356 1341 illius
3376 1288 3585 1353 Pater,
3610 1295 3666 1344 et

2001 1366 2282 1430 quoniam
2302 1380 2413 1433 per
2433 1367 2627 1435 ipsum
2654 1385 2922 1425 accessus
2946 1371 3264 1443 aditusque
3280 1380 3360 1430 est
3378 1376 3459 1431 ad
3478 1378 3665 1433 Deum

2002 1456 2056 1504 et
2067 1452 2461 1521 Patrem;non
2476 1457 3532 1532 auteminaturasecundus,quoniam
3546 1465 3667 1522 dei-

2004 1545 2094 1595 tas
2117 1542 2177 1596 in
2208 1548 2454 1614 utraque
2475 1561 2599 1601 una
2620 1549 2820 1603 est:ita
2839 1550 3111 1617 pro/ecta
3132 1556 3185 1605 et
3208 1552 3664 1619 SpiritusSanc-

2005 1632 2239 1699 tus,etsi
2258 1637 2380 1687 tum
2402 1634 2615 1690 ordine
2637 1640 2760 1691 tum
2781 1636 3382 1706 dignitatesecundus
3405 1648 3488 1697 est
3506 1658 3544 1697 a
3564 1643 3663 1698 Fi-

226 1720 562 1793 Delaunay,
598 1723 698 1779 via
726 1724 1027 1782 Jacobtea.
1059 1726 1211 1782 Nihil
1231 1727 1431 1799 potius
1452 1733 1555 1783 aut
1578 1727 1792 1783 melius
1815 1727 1898 1784 fa-
1927 1727 1968 1781 Β
2007 1719 2204 1788 ιίο,[αι
2228 1719 2336 1776 hoc
2362 1724 2538 1778 etiam
2560 1725 2802 1779 omnino
2824 1727 3269 1797 concedamus],
3314 1735 3514 1786 tamen
3539 1746 3661 1787 non

225 1826 352 1865 cere
385 1811 661 1882 possint,
691 1813 797 1884 qui
828 1829 955 1869 rem
983 1816 1270 1871 omnibus
1302 1816 1571 1886 vestigiis
1602 1817 1896 1887 indagare

223 1899 448 1963 volunt,
472 1916 677 1972 quam
700 1901 749 1956 si
771 1902 1063 1959 eximium
1086 1903 1235 1960 illud
1265 1921 1420 1977 opus
1449 1910 1725 1963 accurate
1769 1922 1897 1978 per-

225 1985 463 2057 legant:
491 1988 668 2060 quod
718 1989 967 2061 quidem
1007 2009 1147 2047 cum
1192 1994 1361 2048 omni
1400 2000 1896 2064 argumentorum

224 2090 437 2143 genere
459 2078 552 2134 ita
576 2079 957 2135 cumulatum
980 2086 1036 2137 et
1065 2082 1432 2138 illustratum
1455 2083 1550 2151 sit,
1572 2089 1637 2140 ut
1660 2100 1771 2140 nec
1790 2084 1897 2139 du-

224 2162 452 2220 bitandi
481 2182 600 2221 nec
633 2167 901 2223 addendi
920 2169 1124 2225 locum
1146 2170 1464 2242 relinquat,
1489 2188 1750 2244 cumque
1775 2188 1896 2229 non

222 2252 613 2311 incommode
638 2272 779 2311 cum
794 2259 1083 2330 nostrisLS.
1112 2260 1898 2318 Basiliivoluminibuscom-

228 2341 381 2411 pingi
404 2344 610 2414 possit
631 2345 916 2411 ;libenter
939 2363 1083 2404 sane
1106 2349 1593 2407 conticescerem.
1618 2352 1730 2407 Sed
1751 2352 1897 2423 quia

228 2430 656 2488 celeberrimus
697 2434 897 2490 Basilii
923 2435 1091 2491 locus
1118 2437 1178 2493 in
1199 2439 1312 2494 hac
1333 2455 1491 2495 nova
1512 2440 1769 2500 editione
1814 2442 1896 2498 ita

231 2519 461 2588 prodiit,
493 2523 640 2577 utin
664 2523 980 2580 codicibus
1006 2542 1149 2582 mss.
1175 2528 1287 2583 hac
1309 2530 1365 2583 in
1419 2530 1566 2585 urbe
1605 2532 1893 2587 exstanti-

242 2605 350 2661 bus
370 2608 707 2679 legebatur,
736 2627 862 2668 non
890 2618 953 2669 ut
975 2614 1231 2672 aliorum
1262 2618 1540 2673 codicum
1561 2619 1740 2689 longe
1765 2619 1895 2691 plu-

241 2696 388 2752 rium
426 2697 730 2772 longeque
765 2701 1175 2773 antiquiorum
1217 2708 1562 2777 auctoritas,
1610 2726 1680 2764 ac
1703 2709 1894 2780 ipsius

236 2791 534 2846 sententia
558 2791 748 2847 series
760 2797 816 2847 et
831 2793 1114 2863 junctura
1132 2797 1748 2870 postulabant,operee
1762 2815 1894 2871 pre-

233 2875 371 2932 tium
393 2884 483 2933 est
499 2879 643 2935 huic
662 2881 1061 2938 incommodo
1084 2884 1332 2954 mederi,
1358 2891 1412 2941 et
1438 2903 1511 2942 ex
1554 2894 1893 2946 memorata

232 2965 640 3025 dissertatione
663 2972 726 3025 in
747 2972 1005 3041 gratiam
1040 2989 1269 3037 eorum,
1315 2977 1538 3047 quibus
1574 2978 1650 3034 ad
1688 2979 1887 3050 ipsum

234 3054 455 3112 fontem
482 3059 650 3115 adire
672 3076 799 3115 non
824 3067 1014 3133 vacat,
1050 3065 1344 3120 nonnulla
1369 3065 1661 3123 derivare.

304 3147 369 3200 Ut
397 3145 632 3203 facilius
656 3150 1055 3222 perspiciatur
1083 3153 1230 3224 quid
1259 3155 1463 3227 Graeci,
1514 3157 1661 3229 quid
1704 3159 1889 3214 Latini

232 3233 291 3288 in
306 3235 643 3292 testimonio
667 3238 862 3295 Basilii
886 3240 1147 3311 probent
1183 3248 1286 3298 aut
1319 3244 1611 3315 rejiciant,
1657 3247 1889 3303 uncinis

238 3321 621 3380 includemus
640 3342 769 3397 quae
790 3344 826 3384 a
846 3331 1065 3385 Graecis
1091 3332 1299 3390 addita
1322 3335 1511 3390 Latini
1530 3340 1886 3406 queruntur.

248 3411 544 3467 asteriscis
594 3431 724 3471 vero
766 3433 897 3489 quae
946 3435 983 3474 a
1027 3422 1245 3478 Latinis
1286 3430 1670 3496 propugnata
1708 3428 1889 3483 Graeci

254 3504 620 3556 aversantur.

304 3587 477 3643 Initio
504 3588 641 3645 libri
670 3595 817 3650 tertii
845 3598 1135 3668 proponit
1187 3600 1437 3657 Basilius
1476 3602 1636 3659 hanc
1687 3607 1889 3661 Euno-

231 3674 329 3729 mii
360 3675 809 3750 blasphemiam
840 3684 923 3741 ita
970 3686 1272 3759 loquentis
1298 3709 1310 3746 :
1343 3692 1491 3749 Cum
1522 3700 1721 3750 autem
1765 3695 1888 3753 haec

229 3765 389 3820 nobis
410 3767 485 3821 de
510 3768 829 3839 Unigenito
858 3776 1193 3847 sufﬁciant,
1215 3795 1577 3852 consequens
1601 3785 1888 3852 fuerit,ut

213 3856 340 3921 jam
364 3855 773 3916 deParacleto
788 3878 1023 3934 quoque
1036 3867 1331 3935 dicamus,
1349 3886 1471 3926 non
1488 3873 1653 3942 vulgi
1662 3875 1887 3943 opinio-

222 3958 317 3999 nes
336 3950 694 4005 temerarias
712 3954 920 4022 secuti,
936 3956 1394 4016 sedsanctorum
1416 3963 1477 4017 in
1497 3964 1769 4020 omnibus
1785 3966 1886 4021 do-

224 4036 482 4092 ctrinam
504 4048 859 4097 servantes:
882 4058 920 4100 a
943 4046 1156 4116 quibus
1178 4064 1311 4105 cum
1338 4052 1729 4109 didicerimus
1750 4070 1883 4112 cum

218 4122 522 4193 dignitate
537 4134 592 4182 et
613 4130 827 4187 ordine
845 4136 1109 4207 tertium,
1138 4139 1379 4197 tertium
1403 4157 1636 4212 quoque
1653 4148 1882 4201 natura

217 4227 335 4269 esse
364 4217 693 4274 credimus.

279 4304 374 4359 Sic
389 4308 731 4377 respondet
751 4311 998 4369 Basilius
1021 4332 1035 4370 :
1055 4316 1222 4382 Quod
1245 4321 1439 4388 igitur
1454 4338 1576 4377 non
1612 4326 1779 4392 putet
1823 4340 1880 4380 o-

1995 1810 2140 1877 jure
2156 1812 2324 1880 sequi
2349 1817 2413 1865 ut
2435 1812 2650 1868 aliena
2669 1814 2745 1868 sit
2778 1820 3035 1878 naturae,
3062 1816 3206 1872 inde
3226 1822 3411 1888 patet,
3439 1824 3548 1875 etc.

2076 1899 2224 1953 Tum
2256 1899 2529 1967 Basilius,
2551 1906 2910 1971 argumento
2932 1919 3005 1957 ex
3025 1904 3258 1973 angelis
3280 1907 3486 1977 petito,
3509 1922 3662 1979 quo-

2004 2001 2140 2040 rum
2161 1986 2378 2042 diversi
2397 1988 2639 2043 ordines
2662 1994 2717 2044 et
2756 1989 3063 2059 dignitatis
3109 1992 3358 2065 gradus,
3406 2011 3519 2051 nec
3564 2000 3665 2052 ta-

2003 2089 2142 2128 men
2170 2074 2407 2132 diversa
2430 2082 2669 2145 natura,
2700 2078 2781 2132 sic
2809 2078 3115 2135 concludit
3140 2097 3153 2135 :
3179 2082 3280 2137 Sic
3308 2084 3582 2152 profecto
3603 2089 3661 2140 et

2001 2162 2264 2231 Spiritus
2284 2167 2671 2222 sanctuszetsi
2680 2167 2976 2237 dignitate
2997 2170 3254 2237 inferior
3272 2176 3356 2227 est
3372 2177 3550 2242 atque
3569 2188 3664 2227 or-

2002 2252 2141 2308 dine
2159 2252 2245 2323 [ut
2265 2254 2824 2324 aiuntkaccepimus
2841 2257 2997 2313 enim
3019 2259 3235 2327 ipsum,
3261 2259 3530 2337 [inquit,j
3549 2268 3660 2319 ter.

2003 2342 2152 2397 tium
2171 2358 2208 2398 a
2232 2344 2416 2399 Patre
2439 2350 2493 2400 et
2512 2344 2672 2400 Filio
2698 2352 3245 2415 numeratum;cum
3266 2351 3554 2406 Dominus
3575 2352 3661 2420 ip-

2002 2446 2062 2486 se
2082 2432 2145 2485 in
2176 2432 2503 2489 traditione
2559 2435 2853 2491 salutaris
2906 2436 3281 2503 baptismatis
3336 2440 3661 2495 tradiderit

2002 2521 2290 2588 ordinem,
2320 2521 2415 2577 his
2438 2522 2631 2579 verbis
2667 2539 2680 2576 :
2709 2527 2955 2595 (Euntes
2986 2524 3287 2597 baptizate
3311 2528 3371 2583 in
3414 2528 3661 2583 nomine

2002 2608 2188 2664 Patris
2220 2614 2277 2665 et
2300 2609 2429 2665 Filii
2454 2615 2511 2666 et
2555 2611 2805 2683 Spiritus
2860 2614 3049 2669 sancti
3086 2616 3140 2684 ;)
3171 2621 3232 2671 at
3256 2618 3315 2670 in
3338 2616 3658 2686 quamdam

1999 2704 2287 2754 naturam
2345 2702 2581 2756 tertiam
2627 2716 2664 2756 a
2716 2702 2875 2757 Filio
2905 2709 2972 2758 et
3021 2702 3214 2760 Patre
3243 2706 3498 2774 ejectum
3526 2721 3657 2762 eum

1997 2789 2187 2856 fuisse
2216 2804 2512 2860 nusquam
2552 2790 2898 2848 didicimus.

2070 2881 2198 2933 Non
2228 2878 2467 2934 difﬁcile
2496 2884 2584 2934 est
2610 2880 3087 2937 animadvertere
3114 2881 3263 2937 illud
3290 2884 3506 2939 Graecis
3526 2901 3652 2940 ma-

1998 2965 2159 3021 xime
2191 2966 2514 3021 molestum
2536 2983 2683 3037 esse,
2727 2968 2893 3039 quod
2922 2968 3172 3039 Spiritus
3206 2972 3261 3025 S.
3286 2985 3322 3024 a
3354 2970 3493 3026 Filio
3522 2987 3656 3027 esse

1921 3078 1961 3133 ο
1999 3055 2221 3110 habere
2268 3055 2488 3111 dicitur
2520 3056 2774 3111 :iisdem
2819 3062 3025 3112 autem
3073 3057 3402 3129 plurimum
3454 3060 3654 3131 place—

1997 3159 2080 3212 re,
2111 3159 2490 3215 qumcunque
2512 3144 2749 3199 uncinis
2779 3143 3015 3200 inclusa
3040 3161 3109 3201 eo
3149 3150 3440 3217 spectant,
3468 3152 3530 3204 ut
3552 3150 3655 3204 Ba-

1999 3232 2167 3288 silius
2191 3247 2315 3287 non
2341 3238 2757 3289 asseveranter
2774 3233 3190 3304 pronuntiare,
3222 3234 3329 3290 sed
3349 3235 3512 3292 velut
3529 3237 3652 3292 ha).-

1999 3321 2184 3376 sitans
2209 3320 2539 3377 concedere
2563 3321 2841 3377 videatur
2873 3322 3159 3393 Spiritum
3199 3322 3411 3380 ordine
3441 3330 3499 3380 et
3523 3325 3651 3395 dig-

1997 3411 2180 3467 nitate
2202 3411 2498 3467 minorem
2529 3410 2671 3466 Filio
2701 3427 2856 3467 esse.
2893 3411 3099 3467 Vident
3123 3413 3374 3479 enim,si
3403 3414 3465 3470 id
3492 3416 3657 3471 Basi-

1996 3499 2111 3554 lius
2144 3503 2466 3566 asseveret,
2494 3499 2635 3554 inde
2662 3499 2833 3571 sequi
2854 3504 2919 3554 ut
2943 3500 3226 3571 Spiritum
3249 3517 3320 3556 ex
3349 3502 3493 3558 Filio
3516 3518 3649 3575 pro-

1996 3589 2205 3644 cedere
2236 3587 2577 3644 crediderit.
2608 3587 2721 3644 Sed
2750 3588 2880 3642 htec
2911 3588 3229 3661 scriptura,
3256 3606 3446 3661 quam
3471 3591 3653 3648 Graeci

1995 3693 2102 3751 per
2145 3677 2235 3733 fas
2286 3683 2344 3733 et
2386 3676 2557 3733 nefas
2600 3676 3018 3743 defenderunt,
3078 3678 3257 3749 longe
3304 3680 3470 3735 alteri
3510 3686 3651 3752 post

1996 3765 2301 3834 habenda,
2329 3767 2453 3822 sive
2482 3765 2769 3820 interiora
2797 3765 3083 3837 quaedam
3104 3766 3327 3822 indicia
3367 3773 3647 3839 specten-

1997 3861 2107 3927 tur,
2152 3860 2217 3912 ut
2253 3870 2590 3911 consensus
2618 3870 2755 3910 cum
2797 3853 2996 3909 Basilii
3035 3858 3510 3928 ceterorumque
3537 3860 3647 3913 Pa-

1995 3950 2151 4002 trum
2181 3945 2477 4011 doctrina,
2501 3949 2559 4000 et
2587 3944 2894 4000 sententiae
2922 3944 3111 4016 ipsius
3154 3945 3337 4001 series
3394 3951 3452 4002 et
3508 3961 3649 4003 con-

1994 4035 2243 4091 tinuatio
2269 4052 2283 4103 ;
2312 4034 2436 4089 sive
2458 4049 2532 4089 ex
2561 4032 2950 4104 antiquorum
2995 4032 3275 4090 codicum
3319 4051 3471 4090 mss.
3530 4051 3650 4091 nu-

1994 4139 2162 4180 mero
2187 4127 2244 4179 et
2262 4122 2608 4179 auctoritate
2628 4136 2723 4177 res
2746 4120 3127 4191 dijudicetur.
3178 4124 3510 4195 Utrumque
3556 4139 3649 4181 ar-

1994 4216 2350 4284 gumentum
2365 4210 2628 4266 breviter
2649 4210 3147 4282 explanabimus,
3178 4210 3389 4283 hisqui
3410 4211 3645 4268 uberio-

1990 4318 2118 4358 rem
2146 4302 2326 4372 hujus
2367 4299 2717 4371 quaastionis
2769 4298 3174 4368 cognitionem
3204 4300 3511 4371 percipere
3540 4316 3646 4357 vo-

206 4398 531 4460 perierem
550 4398 817 4468 simplici
831 4417 901 4459 ac
914 4405 1080 4462 nuda
1096 4386 1424 4466 ηιαιιδναγη
1440 4412 1560 4479 ﬁde
1574 4386 1884 4480 ρξηηαηε.
1914 4421 1959 4476 D
1989 4391 2132 4462 lent,
2163 4389 2245 4447 ad
2271 4404 2458 4462 supra
2484 4387 2711 4444 dictam
2735 4386 3217 4443 dissertationem
3237 4387 3529 4446 dimissis.

208 4498 290 4552 re,
315 4484 425 4539 sed
447 4488 803 4554 artiﬁciosis
825 4493 1183 4561 quibusdam
1205 4513 1278 4553 ac
1305 4502 1586 4568 captiosis
1629 4504 1881 4560 rationi-

209 4571 312 4627 bus
338 4576 659 4631 veritalem
686 4593 901 4635 rursus
921 4583 1004 4637 ad
1027 4585 1091 4638 id
1109 4588 1271 4656 quod
1288 4589 1404 4644 sibi
1422 4591 1660 4647 videtur
1679 4594 1881 4649 detru.

204 4660 362 4729 dere,
394 4665 555 4718 satis
572 4680 648 4720 es:
678 4668 747 4722 iis
763 4684 898 4737 quae
917 4672 1077 4728 dixit
1091 4678 1535 4735 ostendit.Nam
1549 4682 1878 4739 multorum

201 4752 491 4818 opinione
513 4760 855 4826 contempta
877 4774 997 4829 qua
1026 4764 1324 4831 Spiritum
1350 4776 1625 4825 sanctum
1653 4772 1879 4841 gloriﬁ-

202 4847 370 4903 cant,
394 4842 661 4898 simulat
692 4850 890 4903 tenere
907 4864 970 4904 se
996 4858 1347 4911 sanctorum
1397 4857 1738 4916 doctrinam
1767 4879 1788 4915 :
1814 4877 1878 4926 αι

208 4942 300 4983 eos
319 4932 434 4999 qui
449 4944 587 4985 eam
605 4934 723 5001 ipsi
746 4938 1152 5010 tradiderunt,
1183 4950 1358 5013 tacet,
1381 4949 1561 5004 etiam
1591 4965 1755 5008 nunc
1782 4966 1877 5006 ea-

199 5016 591 5110 dem/ueiens
624 5038 777 5092 qua,
800 5026 942 5082 dum
971 5030 1044 5086 de
1071 5033 1387 5103 Unigenito
1423 5038 1762 5107 dissereret,
1789 5042 1878 5110 fe-

199 5107 340 5163 cisse
362 5122 480 5163 con
496 5115 687 5165 victus
709 5119 812 5169 est.
839 5116 1072 5175 Deinde
1098 5122 1247 5178 dicit
1285 5139 1323 5180 a
1370 5130 1597 5183 sanctis
1635 5107 1873 5199 quidem

198 5210 253 5250 se
272 5196 574 5287 didicisse
594 5202 860 5275 tertium,
881 5220 1003 5263 esse
1021 5210 1234 5268 ordine
1271 5220 1324 5269 et
1352 5196 1661 5285 dignitate
1681 5218 1871 5287 Spiri-

202 5286 614 5377 tum,a‘seipso
632 5296 832 5349 autem
844 5296 1105 5366 credere,
1125 5308 1353 5361 natura
1370 5320 1605 5377 quoque
1626 5286 1872 5365 tertium

202 5387 332 5467 esse.
370 5375 501 5467 Qui
520 5392 658 5434 vero
687 5381 807 5437 sint
827 5388 1028 5443 sancti
1046 5390 1164 5457 illi,
1187 5398 1242 5448 et
1272 5394 1337 5451 in
1374 5375 1589 5466 quibus
1629 5398 1871 5467 scriptis

203 5462 349 5519 hanc
360 5465 715 5525 doctrinam
735 5472 1054 5546 ediderint,
1067 5479 1265 5539 dicere
1279 5462 1399 5540 non
1412 5491 1626 5555 potest.
1649 5462 1870 5545 Fuitne

204 5567 473 5623 unquam
506 5555 684 5613 homo
709 5562 792 5618 sic
817 5565 1028 5623 audax
1045 5568 1107 5623 in
1137 5570 1495 5630 inducendis
1522 5576 1865 5633 divinorum

2062 4500 2129 4556 ll.
2160 4502 2320 4554 Inest
2338 4512 2483 4553 sane
2512 4510 2808 4564 magnum
2837 4494 2952 4550 hoc
2974 4494 3182 4550 vitium
3214 4494 3456 4552 lectioni
3489 4498 3643 4552 ϐιω-

1989 4604 2222 4655 corum,
2240 4584 2407 4658 quod
2429 4583 2707 4641 Basilium
2728 4581 3060 4639 inducatde
3080 4599 3143 4638 re
3160 4583 3446 4640 omnibus
3469 4588 3649 4641 testa-

1989 4684 2067 4748 ta,
2101 4682 2158 4733 et
2184 4676 2263 4732 ab
2291 4675 2423 4747 ipso
2450 4671 2665 4729 Basilio
2695 4687 2853 4743 smpe
2885 4671 3241 4728 conﬁrmata
3271 4673 3520 4744 turpiter
3538 4674 3648 4729 du-

1988 4767 2302 4824 bitantem.
2327 4762 2480 4828 Quid
2494 4761 2652 4818 enim
2673 4760 2786 4817 abs
2796 4760 3221 4833 urdius,quam
3246 4761 3457 4818 Filium
3478 4765 3645 4819 Patre

1988 4857 2287 4913 minorem
2314 4852 2525 4909 ordine
2549 4855 2606 4907 et
2634 4850 2926 4919 dignitate
2951 4866 3322 4919 asseverare,
3357 4851 3642 4924 Spiritum

1990 4946 2128 5004 Filio
2161 4944 2458 5001 minorem
2494 4940 2702 4996 ordine
2724 4944 2782 4995 et
2806 4938 3095 5008 dignitate
3125 4938 3324 4996 dicere
3366 4955 3491 4996 non
3527 4956 3636 4997 au-

1985 5038 2123 5093 dere
2146 5036 2174 5091 ?
2199 5037 2317 5090 Hoc
2348 5029 2617 5103 profecto
2637 5044 2762 5084 non
2794 5027 3051 5084 cadebat
3080 5028 3141 5083 in
3184 5028 3488 5097 Basilium,
3538 5043 3643 5100 qui

1985 5123 2292 5195 conceptis
2316 5120 2515 5177 verbis
2547 5118 2725 5174 docet
2750 5116 2811 5172 in
2835 5116 2993 5173 libro
3038 5118 3115 5172 De
3139 5117 3375 5186 Spiritu
3405 5122 3637 5181 sancto,

1984 5231 2117 5287 cap.
2146 5218 2232 5280 t7,
2264 5208 2549 5267 eumdem
2580 5206 2857 5263 ordinem
2886 5205 3258 5263 intercedere
3287 5206 3441 5260 inter
3464 5202 3641 5274 Spiri-

1982 5309 2111 5362 tum
2169 5318 2239 5358 ac
2280 5299 2513 5366 Filium,
2540 5312 2614 5353 ac
2644 5295 2799 5352 inter
2836 5293 3048 5351 Filium
3080 5297 3139 5349 et
3156 5296 3389 5349 Patrem
3424 5306 3437 5343 :
3478 5292 3551 5347 Ut
3580 5307 3642 5349 se

1982 5392 2160 5450 habet
2178 5390 2375 5447 Filius
2399 5388 2481 5444 ad
2505 5387 2767 5454 Patrem,
2783 5382 2999 5454 inquit,
3020 5382 3105 5435 sic
3134 5380 3216 5436 ad
3237 5379 3468 5436 Filium
3505 5382 3639 5451 Spir

1978 5484 2134 5539 ritus
2156 5479 2486 5538 secundum
2507 5475 2672 5533 verbi
2689 5473 2802 5529 Dei
2820 5470 3091 5527 ordinem
3111 5468 3175 5523 in
3199 5468 3494 5538 baptismo
3517 5476 3642 5529 tra-

1979 5573 2193 5629 ditum.
2219 5566 2554 5627 Ridiculum
2575 5576 2720 5634 ergo
2740 5556 3130 5616 formidinem
3154 5557 3372 5621 Basilio
3407 5559 3641 5630 afﬁngit
