4062 6208
389 314 456 366 35
1903 294 2283 351 PREFATIO.
3733 309 3801 361 36

388 433 558 498 illud,
585 433 862 500 fortasse,
893 444 962 484 ac
987 428 1153 497 illud,
1190 433 1255 481 ut
1289 426 1397 480 hoc
1424 426 1599 480 etiam
1626 422 1866 478 omnino
1899 435 2008 476 con
2064 423 2108 473 Α
2219 422 2557 493 Antequam
2604 421 2842 476 veniam
2893 422 2972 477 ad
3002 424 3456 494 propugnatam
3509 440 3544 480 a
3582 427 3802 484 Latinis

388 523 682 586 cedamus,
707 524 764 574 et
786 518 959 583 infra,
995 523 1060 572 ut
1084 518 1275 571 aiunt.
1321 513 1466 568 Huic
1495 512 1711 568 rationi
1755 525 1878 566 non
1927 524 2034 581 pa-

387 626 522 666 rum
544 609 712 664 addit
744 605 1035 662 momenti
1060 603 1225 676 quod
1252 604 1333 658 ait
1385 601 1630 657 Basilius
1677 599 2037 655 Eunomium

383 701 562 756 etiam
593 713 756 753 nunc
791 697 990 752 eadem
1017 694 1232 760 facere,
1256 708 1386 763 quas
1417 693 1558 747 dum
1603 692 1675 746 de
1722 689 2037 758 Unigenito

386 789 718 852 dissereret,
743 785 954 854 fecisse
973 784 1280 838 convictus
1301 787 1404 837 est.
1429 780 1656 835 Indicat
1685 781 1843 834 enim
1877 777 2038 831 Basi-

385 877 500 932 lius
520 876 609 931 his
627 873 825 929 verbis
842 872 1075 927 initium
1090 872 1223 926 libri
1242 871 1440 942 primi,
1462 870 1565 924 ubi
1583 869 1773 923 nudat
1789 865 2039 922 artiﬁcia

386 963 678 1022 Eunomii,
695 961 796 1032 qui
815 977 950 1016 cum
966 962 1128 1029 piam
1143 961 1551 1028 traditionem,
1568 961 1820 1014 Patrum
1839 957 2012 1024 ﬁdem
2025 996 2037 1019 ,

383 1054 604 1123 rejecta
639 1051 1040 1105 multitudinis
1073 1050 1355 1122 opinione
1408 1048 1807 1121 apposuisset,
1839 1045 2039 1100 statim

384 1142 458 1197 de
481 1157 594 1196 suo
623 1141 993 1208 impietatem
1024 1144 1079 1194 et
1129 1139 1573 1210 blasphemiam
1626 1136 1910 1192 addebat.
1947 1134 2038 1190 Sic

385 1246 527 1300 ergo
557 1229 727 1284 illum
757 1229 1085 1297 interrogat
1113 1227 1364 1282 Basilius
1393 1227 1494 1298 :jin
1521 1227 1634 1281 hac
1655 1225 1774 1280 ﬁde
1797 1225 2037 1279 ubinam

380 1320 669 1388 scriptum
695 1324 799 1383 est,
826 1318 1136 1373 Credimus
1169 1317 1679 1386 ingenerationem
1693 1329 1813 1369 esse
1841 1328 2037 1369 esseu-

385 1411 530 1464 tiam
551 1409 661 1463 Dei
680 1409 918 1462 univers
932 1422 1132 1472 orum;
1157 1412 1285 1473 aut,
1315 1407 1624 1460 Credimus
1652 1404 2037 1474 Unigenitum

384 1498 638 1553 essentia
655 1497 997 1551 dissimilem
1022 1510 1142 1551 esse
1163 1495 1373 1550 Patri?
1397 1498 1772 1549 Demonstrat
1792 1509 1930 1548 eum
1954 1491 2038 1546 sic

384 1586 764 1658 aperteloqui
782 1585 1215 1655 debuisse,non
1234 1584 1481 1640 insidias
1496 1583 1816 1638 lectoribus
1848 1587 2039 1637 strue-

382 1692 466 1742 re,
495 1682 547 1731 et
570 1676 840 1742 opinioni
867 1690 990 1730 suae
1011 1676 1172 1730 velut
1199 1675 1374 1729 hamo
1395 1675 1475 1729 ad
1502 1679 1750 1728 mortem
1773 1673 2040 1728 trahenti

381 1765 826 1834 simplicitatem
848 1764 1006 1834 ﬁdei,
1042 1779 1146 1819 ceu
1178 1779 1372 1819 escam
1416 1763 1738 1834 quamdam
1791 1763 2040 1817 circum-
2071 1774 2110 1827 Β

383 1853 551 1921 dare,
585 1859 649 1907 ut
679 1852 945 1920 imperiti
968 1852 1051 1906 ad
1071 1852 1136 1906 id
1155 1852 1314 1922 quod
1353 1857 1606 1920 apparet
1661 1851 2038 1931 festinantes,

383 1945 628 1999 incaute
653 1942 979 2010 impietatis
991 1942 1213 1996 scelere
1235 1943 1702 2011 transﬁgantur.
1727 1941 1877 1995 Cum
1899 1956 2041 2010 ergo

386 2031 748 2086 Eunomium
780 2029 1033 2084 Basilius
1059 2029 1370 2101 disputare
1392 2029 1780 2101 incipientem
1803 2030 1876 2083 de
1920 2029 2042 2101 Spi-

382 2122 521 2190 ritu,
583 2120 795 2176 eadem
831 2120 1028 2174 facere
1085 2119 1263 2186 dicat,
1287 2127 1436 2191 iquz
1457 2121 1598 2176 dum
1616 2121 1686 2175 de
1724 2121 2040 2189 Unigenito

381 2211 720 2275 dissereret,
748 2209 962 2276 fecisse
979 2211 1284 2264 convictus
1304 2214 1386 2265 est
1418 2227 1430 2277 ;
1465 2224 1712 2263 necesse
1753 2212 1842 2263 est
1884 2213 1948 2263 ut
1979 2209 2040 2262 in

381 2303 638 2370 utroque
665 2297 801 2353 loco
826 2297 1124 2368 principia
1152 2297 1271 2363 illa,
1304 2313 1442 2369 qua:
1474 2297 1767 2368 impietati
1791 2312 1932 2352 mox
1959 2296 2037 2353 ef-

380 2385 644 2442 ferendae
676 2385 836 2440 velut
865 2400 1068 2441 escam
1094 2386 1280 2441 hamo
1310 2385 1743 2457 praetendebat,
1777 2401 1888 2441 nec
1933 2385 2041 2441 du-

380 2475 484 2532 bia
508 2476 636 2532 visa
665 2474 886 2530 fuerint
917 2491 1026 2530 nec
1047 2475 1276 2530 incerta
1303 2475 1539 2531 Basilio.

452 2568 517 2620 In
565 2579 635 2620 eo
690 2564 872 2620 etiam
927 2580 1129 2619 secum
1182 2569 1384 2635 aperte
1424 2569 1659 2636 pugnat
1685 2565 1954 2632 Basilius,
1989 2565 2039 2621 si

381 2656 722 2710 Graecorum
755 2653 1049 2725 scriptura
1065 2653 1582 2725 recipiatur,quod
1604 2659 1927 2725 postquam
1959 2653 2037 2709 ab

381 2743 676 2798 Eunomio
708 2748 985 2798 auctores
1017 2743 1302 2798 doctrinae
1325 2743 1503 2798 celari
1526 2743 1905 2815 dixit,ipsum
1933 2745 2038 2798 Eu-

378 2831 654 2888 nomium
681 2832 839 2886 hanc
861 2831 1196 2886 doctrinam
1210 2847 1282 2885 ex
1296 2832 1507 2886 Christi
1537 2831 1738 2886 verbis
1770 2835 2036 2903 repetere

379 2925 658 2977 asserat..
679 2920 938 2976 Simulat
963 2935 1022 2975 se
1041 2935 1279 2976 servare
1297 2921 1636 2976 doctrinam
1663 2928 2034 2991 sanctorum;

378 3015 442 3066 at
468 3025 564 3065 eos
593 3010 698 3079 qui
737 3010 909 3064 illam
955 3010 1072 3078 ipsi
1115 3011 1505 3065 tradiderunt
1537 3017 1713 3067 tacet.
1735 3014 1802 3067 Et
1829 3012 1983 3066 infra
2016 3029 2028 3065 :

2147 507 2484 577 lectionem,
2497 509 2816 565 libetaliud
2830 510 3309 567 additamentum
3325 512 3805 572 animadvertere

2146 596 2206 650 in
2247 597 2338 652 his
2383 598 2582 653 verbis
2613 603 2792 659 εΤίνες
2824 595 2882 650 δὲ
2921 601 2969 650 οἱ
2995 599 3136 669 ἅγιοι
3176 605 3265 652 καὶ
3317 601 3364 652 ἐν
3414 607 3580 662 ποίοις
3635 604 3803 675 λόγοις

2147 692 2240 744 τὴν
2321 683 2678 739 ὃιὸασδα).ίαν
2760 693 3088 752 πεποίηνται,
3144 691 3301 741 εἰπεῖν
3355 690 3449 742 οὐκ
3500 694 3631 762 ἔχει’
3689 694 3803 760 ραι

2149 793 2285 833 vero
2305 779 2422 832 sint
2444 778 2642 833 sancti
2676 778 2789 841 illi,
2841 784 2895 834 et
2953 779 3013 833 in
3062 779 3275 849 quibus
3338 782 3581 849 scriptis
3637 782 3799 838 hanc

2148 868 2485 922 doctrinam
2507 869 2827 938 ediderint,
2863 868 3060 924 dicere
3072 885 3191 924 non
3206 875 3422 939 potest.
3449 874 3583 925 Haec
3601 872 3808 940 verba,

2150 957 2306 1007 εἰπεῖν
2339 957 2432 1007 οὐκ
2459 959 2572 1026 ἔχει
2604 957 2804 1012 dicere
2847 973 2967 1012 non
3006 963 3222 1026 potest,
3255 974 3390 1030 quas
3422 974 3494 1014 ex
3547 965 3811 1032 quatuor

2149 1046 2342 1113 Regiis
2372 1063 2518 1101 mss.
2544 1050 2713 1101 eruta
2745 1050 2905 1112 sunt,
2936 1047 2996 1101 in
3025 1047 3215 1102 tribus
3265 1051 3466 1103 autem
3496 1048 3624 1104 aliis
3660 1054 3715 1104 ct
3743 1050 3807 1104 in

2149 1135 2411 1207 antiquis
2445 1135 2810 1191 editionibus
2869 1136 3104 1202 desunt,
3152 1137 3542 1193 manifestum
3574 1139 3808 1194 habent

2147 1224 2497 1296 perﬁdiaeiet
2528 1225 2878 1298 corruptelae
2907 1224 3216 1280 indicium.
3245 1226 3386 1291 Quis
3412 1228 3569 1282 enim
3593 1228 3803 1284 credat

2150 1314 2434 1368 Basilium
2454 1314 2538 1370 ita
2557 1316 2616 1369 in
2649 1314 3054 1370 ecclesiastica
3081 1315 3398 1372 traditione
3418 1316 3721 1387 hospitem
3745 1320 3804 1373 et

2146 1403 2533 1474 peregrinum
2559 1403 2765 1469 fuisse,
2800 1407 2864 1458 ut
2911 1419 3049 1459 cum
3079 1404 3210 1475 ipse
3241 1403 3453 1460 Filium
3502 1405 3714 1460 ordine
3747 1409 3805 1460 et

2146 1492 2435 1561 dignitate
2457 1493 2751 1548 minorem
2785 1495 3148 1565 pronuntiet,
3172 1492 3330 1549 illius
3351 1493 3802 1567 doctrinm,quas

2146 1582 2221 1636 de
2255 1582 2472 1653 Spiritu
2500 1583 2661 1638 idem
2687 1583 3167 1650 tradit,auctores
3188 1584 3386 1638 nullos
3411 1583 3489 1638 ab
3511 1584 3802 1638 Eunomio

2149 1671 2314 1727 citari
2363 1687 2544 1742 posse
2597 1671 3025 1727 diceret?Sive
3067 1672 3272 1728 Basilii
3294 1677 3451 1737 sunt,
3483 1687 3622 1744 quae
3646 1672 3804 1727 infra

2149 1759 2448 1830 leguntur,
2471 1761 2616 1816 Cum
2641 1763 2930 1816 Dominus
2949 1763 3074 1830 ipse
3093 1762 3156 1816 in
3180 1762 3804 1818 traditionesatutaris

2155 1850 2527 1919 baptismatis
2550 1851 2872 1906 tradiderit
2893 1851 3184 1920 ordinem,
3208 1855 3341 1917 etc.,
3366 1851 3569 1923 ipsum
3602 1850 3803 1905 Domi-

2151 1956 2299 1995 num
2317 1939 2586 2011 agnoscit
2630 1939 2881 1995 Basilius
2909 1939 3092 2010 hujus
3121 1939 3409 1994 doctrinae
3471 1943 3800 1994 auctorem.

2150 2031 2370 2086 nedum
2407 2035 2683 2086 auctores
2715 2029 2914 2084 nullos
2947 2029 3196 2101 proferri
3253 2045 3431 2102 posse
3475 2030 3795 2085 existimet.

2153 2119 2285 2176 Sive
2316 2120 2586 2175 Eunonio
2608 2118 2928 2175 tribuenda
2955 2119 3082 2174 haec
3125 2118 3313 2174 verba
3347 2136 3361 2186 ;
3394 2135 3517 2174 non
3568 2118 3810 2174 laborat

2150 2213 2466 2264 auctorum
2497 2208 2784 2263 doctrinm
2816 2223 2938 2263 suae
2969 2208 3244 2279 penuria,
3289 2207 3393 2278 qui
3435 2207 3641 2279 ipsum
3692 2209 3805 2262 Do-

2149 2298 2383 2353 minum
2405 2297 2545 2353 citat
2573 2302 2903 2354 auctorem.
2927 2297 3202 2354 Mendose
3232 2310 3375 2364 ergo
3395 2296 3457 2351 in
3486 2296 3644 2350 hanc
3687 2311 3804 2350 no-

2147 2401 2285 2442 vam
2315 2387 2637 2442 editionem
2657 2387 3022 2458 irrepserunt
3040 2386 3167 2440 haec
3192 2384 3380 2439 verba
3413 2401 3426 2438 :
3461 2384 3567 2438 sed
3597 2389 3802 2438 tamen

2146 2492 2270 2532 non
2301 2492 2516 2548 parum
2538 2476 2880 2548 prosuntad
2900 2473 3441 2530 demonstrandam
3459 2474 3801 2528 Graecorum

2147 2565 2208 2621 in
2237 2566 2351 2621 hoc
2384 2566 2581 2622 Basilii
2609 2569 2889 2621 contextu
2921 2563 3320 2620 adulterando
3369 2561 3706 2617 audaciam.

2217 2656 2507 2711 Assentiri
2530 2657 2692 2710 enim
2705 2671 2826 2710 non
2845 2669 3101 2724 possum
3120 2651 3353 2707 erudito
3365 2649 3805 2706 dissertationis

2145 2747 2396 2812 auctori,
2429 2746 2534 2819 qui
2567 2745 2850 2801 Basilium
2872 2747 3044 2815 putat
3065 2743 3142 2798 ad
3159 2741 3412 2813 impiam
3432 2739 3708 2795 Eunomii
3727 2738 3804 2794 de

2145 2837 2318 2892 tertia
2348 2835 2689 2891 substantia
2735 2833 3095 2888 sententiam
3130 2831 3454 2902 respicere,
3485 2829 3633 2884 dum
3676 2827 3756 2883 ait
3789 2844 3803 2881 :

2143 2927 2402 2981 Simulat
2423 2941 2483 2980 se
2511 2938 2750 2980 servare
2769 2928 3117 2978 sanctorum
3134 2920 3568 2981 doctrinam,at
3595 2934 3690 2975 eos
3702 2918 3808 2988 qui

2142 3031 2269 3072 eam
2302 3017 2418 3085 ipsi
2441 3014 2848 3078 tradiderunt,
2883 3017 3056 3067 tacet.
3093 3009 3413 3078 Distinguit
3444 3008 3605 3063 enim
3633 3023 3808 3063 accu-

376 3100 731 3167 Accepimus
755 3100 910 3154 enim
933 3100 1151 3168 ipsum,
1174 3101 1400 3170 inquit,
1430 3102 1671 3156 tertium
1693 3117 1730 3157 a
1760 3106 1933 3157 Patre
1975 3107 2031 3157 et
2063 3122 2103 3177 C
2140 3113 2267 3163 rate
2323 3104 2572 3160 Basilius
2631 3119 2701 3158 ea
2721 3117 2858 3174 quae
2885 3100 3218 3155 Eunomius
3248 3115 3285 3154 a
3306 3100 3533 3154 sanctis
3564 3113 3625 3153 se
3649 3098 3806 3152 didi-

376 3187 536 3243 Fitio
555 3186 901 3242 numerari:
919 3201 1049 3241 cum
1062 3187 1352 3242 Dominus
1372 3190 1496 3256 ipse
1510 3189 1572 3243 in
1587 3190 2033 3245 traditioneSa-

382 3277 600 3333 tutaris
625 3277 1000 3345 baptismatis
1031 3277 1352 3335 tradiderit
1377 3280 1763 3344 ordinem,his
1790 3281 1983 3336 verbis
2014 3297 2034 3337 :

379 3386 408 3415 ‹‹
432 3366 660 3420 Euntes
684 3365 980 3433 baptizate
1000 3365 1064 3435 τ’,
1089 3371 1199 3422 etc.
1226 3390 1253 3415 ››
1286 3367 1439 3422 Licet
1462 3382 1606 3436 ergo
1657 3368 1846 3422 oculis
1887 3369 2034 3440 ipsis

380 3469 623 3510 cernere
653 3454 917 3525 perﬁdas
935 3469 1172 3525 manus,
1207 3471 1341 3526 quae
1372 3456 1534 3511 hunc
1581 3456 1782 3511 locum
1832 3473 2035 3513 corru-

379 3546 617 3616 perunt.
651 3542 805 3598 Nihil
834 3543 993 3597 enim
1022 3544 1215 3613 magis
1242 3549 1560 3615 repugnat,
1596 3561 1782 3616 quam
1814 3551 1877 3601 ut
1927 3550 2036 3601 Eu-

380 3632 657 3688 nomium
691 3631 943 3687 Basilius
965 3639 1241 3688 auctores
1263 3634 1446 3704 hujus
1465 3634 1753 3690 doctrinae
1780 3636 2037 3690 tacuisse

379 3721 558 3788 dicat,
591 3736 775 3792 quem
803 3724 1005 3776 tamen
1033 3723 1313 3777 eamdem
1334 3723 1674 3779 doctrinam
1696 3725 1905 3779 Christi
1919 3740 2041 3782 ver-

379 3810 474 3866 bis
521 3814 834 3881 acceptam
875 3810 1135 3867 fateatur
1181 3811 1471 3868 retulisse.
1521 3813 1855 3870 Delendum
1898 3830 2040 3883 ergo

379 3898 553 3964 illud,
585 3899 804 3970 inquit,
834 3915 903 3954 ac
935 3899 1325 3956 manifestum
1374 3906 1463 3957 est
1514 3917 1635 3957 non
1679 3904 2041 3959 Eunomium

381 3987 474 4043 hic
504 3986 673 4058 loqui
703 3988 808 4043 sed
842 3989 1118 4044 Basilium
1151 3989 1256 4061 qui
1274 3991 1548 4047 Eunomii
1579 3993 1766 4048 verba
1794 4008 1917 4048 non
1949 4010 2042 4048 so-

380 4075 541 4131 letin
573 4091 747 4132 suam
779 4077 1115 4132 orationem
1145 4079 1431 4145 intexere,
1467 4079 1585 4134 nisi
1616 4088 1942 4152 postquam
1969 4097 2042 4138 ea

381 4165 592 4221 ordine
632 4182 742 4221 suo
773 4167 992 4222 retulit.
1018 4171 1089 4222 At
1107 4168 1492 4225 verbamodo
1518 4169 1699 4226 citata
1729 4187 2041 4242 nusquam

382 4254 562 4310 refert
619 4255 873 4311 Basilius
931 4260 996 4311 ut
1062 4257 1339 4314 Eunomii
1375 4258 1582 4327 verba,
1623 4275 1734 4315 nec
1771 4259 2041 4332 profecto

384 4343 602 4400 referre
634 4344 849 4416 potuit.

453 4435 589 4489 Jam
614 4450 779 4496 vero,
812 4434 860 4488 si
879 4434 1010 4489 haec
1032 4435 1241 4506 spuria
1268 4439 1427 4504 sunt,
1461 4438 1732 4510 sequitur
1780 4441 2040 4511 genuina

383 4538 514 4578 esse
543 4539 679 4595 qua
704 4524 766 4578 in
794 4521 1048 4578 lectione
1079 4525 1419 4582 Graecorum
1451 4526 1668 4584 desunt
1693 4529 1766 4585 de
1810 4546 2046 4602 proces-

385 4613 556 4668 sione
583 4613 832 4683 Spiritus
862 4626 933 4666 ex
961 4611 1122 4667 Filio.
1157 4614 1384 4671 Eadem
1414 4616 1573 4672 enim
1602 4634 1790 4674 manu
1810 4620 2043 4677 facinus

385 4707 710 4771 utrumque
735 4700 1154 4768 commissum,
1173 4718 1284 4758 nec
1304 4704 1422 4759 alio
1443 4707 1692 4764 consilio
1711 4713 1916 4766 assuta
1937 4710 2044 4767 du-

386 4789 696 4846 bitationis
719 4787 962 4859 indicia,
995 4790 1113 4846 nisi
1145 4797 1208 4848 ut
1246 4794 1451 4850 minus
1485 4796 1845 4854 miraremur
1884 4803 2043 4857 Basi-

382 4877 554 4947 lium,
611 4877 717 4948 qui
771 4877 846 4932 de
897 4878 1037 4935 Filio
1086 4880 1414 4952 disserens,
1447 4894 1727 4944 accurate
1765 4890 2038 4962 explicat,

383 4981 508 5039 quo
535 4981 717 5022 sensu
743 4967 940 5024 minor
967 4970 1042 5025 sit
1069 4971 1280 5027 ordine
1304 4978 1359 5028 et
1389 4974 1698 5046 dignitate,
1728 4995 1851 5034 non
1882 4981 2042 5037 idem

383 5057 564 5113 etiam
611 5055 685 5111 de
735 5057 954 5130 Spiritu
1007 5060 1401 5120 disserentem
1453 5065 1682 5123 fecisse.
1717 5072 1854 5126 Erat
1881 5072 2043 5128 enim

383 5145 513 5203 haec
533 5145 851 5217 explicatio
872 5165 1120 5221 prorsus
1149 5155 1491 5212 necessaria
1522 5161 1892 5216 asseveranti
1919 5164 2043 5234 Spi-

382 5234 567 5292 ritum
599 5237 808 5294 ordine
829 5244 886 5294 et
909 5239 1196 5311 dignitate
1222 5243 1519 5301 minorem
1551 5262 1682 5304 esse
1714 5249 1855 5306 Filio
1885 5268 1898 5317 ;
1928 5251 2041 5306 du-

383 5325 600 5382 bitanti
627 5331 683 5384 et
696 5327 996 5387 hazsitanti
1014 5330 1218 5388 minus
1241 5337 1651 5394 necessariam
1683 5340 1868 5397 Graeci
1888 5342 2045 5399 exis-

385 5415 687 5474 timarunt.

457 5591 506 5630 ⁷⁸
543 5591 748 5651 Matth.
776 5610 981 5664 xxvm,
1021 5601 1103 5655 t9.

2143 3196 2290 3252 cisse
2307 3194 2526 3262 aiebat,
2541 3208 2782 3265 nempe,
2802 3192 3040 3248 tertium
3057 3204 3176 3246 esse
3197 3190 3410 3244 ordine
3430 3194 3483 3244 et
3511 3187 3807 3258 dignitate

2144 3285 2456 3356 Spiritum,
2484 3284 2561 3341 ab
2592 3285 2662 3338 iis
2692 3299 2828 3354 quae
2851 3297 2915 3336 se
2943 3297 2982 3336 a
3005 3281 3194 3349 seipso
3217 3278 3460 3334 credere
3472 3277 3802 3347 fatebatur,

2144 3391 2387 3447 nempe,
2407 3373 3278 3445 naturaquoquetertiumesse.
3295 3367 3468 3434 Quod
3482 3382 3624 3436 ergo
3636 3363 3807 3422 addit

2148 3465 2691 3534 Basilius,0uinam
2714 3469 2912 3519 autem
2928 3461 3126 3517 sancti
3143 3459 3321 3524 illi,et
3345 3457 3559 3527 quibus
3575 3457 3635 3509 in
3661 3455 3808 3509 scri-

2145 3555 2267 3621 ptis
2286 3553 2444 3607 hanc
2463 3553 2803 3606 doctrinam
2830 3550 3065 3604 edidere
3086 3549 3112 3600 ‘I
3133 3547 3192 3600 id
3224 3560 3473 3616 prorsus
3497 3541 3805 3596 immerito

2147 3640 2464 3697 referretur
2488 3639 2568 3694 ad
2582 3654 2652 3692 ea
2673 3654 2808 3708 qum
2831 3652 2893 3689 se
2916 3633 3245 3688 Eunomius
3263 3647 3300 3686 a
3329 3631 3514 3696 seipso
3537 3629 3802 3697 credere,

2149 3747 2273 3788 non
2305 3747 2340 3787 a
2371 3729 2596 3784 sanctis
2612 3725 2914 3796 accepisse
2937 3721 3149 3777 aiebat.
3172 3723 3363 3783 Quare
3385 3732 3524 3772 cum
3539 3732 3680 3771 eum
3713 3717 3805 3772 sic

2149 3822 2476 3889 interrogat
2502 3815 2783 3872 Basilius:
2814 3812 3066 3878 Quinam
3090 3813 3288 3864 autem
3327 3812 3467 3862 sunt
3488 3808 3690 3862 sancti
3706 3807 3809 3863 illi

2151 3917 2206 3966 et
2227 3909 2441 3980 quibus
2461 3908 2522 3962 in
2548 3903 2789 3972 scriptis
2812 3901 2967 3956 hanc
2996 3898 3334 3952 doctrinam
3366 3895 3602 3951 edidere
3631 3895 3660 3950 ?
3679 3910 3806 3952 non

2151 4001 2410 4056 obscure
2439 3994 2703 4051 declarat
2723 3988 3082 4046 Eunomium
3105 3987 3320 4042 callide
3339 3984 3652 4041 reticuisse
3672 4001 3807 4042 san-

2152 4094 2384 4145 ctorum
2410 4083 2753 4142 testimonia
2775 4097 2844 4137 ac
2869 4078 3204 4152 praesertim
3230 4075 3442 4131 Christi
3471 4074 3680 4142 verba,
3732 4091 3806 4131 ex

2151 4179 2376 4252 quibus
2404 4176 2688 4248 Spiritum
2700 4175 2979 4229 sanctum
3001 4168 3211 4225 ordine
3230 4167 3470 4223 tertium
3492 4181 3625 4221 esse
3648 4165 3810 4221 colli-

2153 4269 2310 4338 gitur
2337 4265 2500 4339 quia,
2526 4280 2665 4319 cum
2685 4263 2815 4318 haec
2843 4259 3030 4315 verba
3061 4257 3310 4330 Spiritus
3357 4254 3548 4310 sancti
3591 4254 3810 4310 divini-

2152 4362 2337 4414 tatem
2375 4355 2681 4411 evidenter
2736 4354 3029 4418 astruant,
3067 4347 3114 4402 si
3152 4362 3225 4402 ea
3270 4344 3565 4401 retulisset
3612 4346 3804 4399 Euno-

2077 4475 2119 4528 ο
2153 4448 2332 4516 mius,
2365 4443 2737 4502 manifestior
2765 4440 3088 4497 exstitisset
3125 4452 3357 4504 eorum,
3390 4450 3524 4506 quae
3568 4433 3643 4490 de
3691 4449 3805 4488 suo

2153 4538 2354 4595 statim
2381 4534 2666 4600 addebat,
2687 4532 2983 4604 impietas.

2226 4632 2317 4683 lli.
2347 4626 2668 4697 Scriptura,
2692 4637 2880 4694 quam
2906 4617 3239 4675 defendunt
3295 4612 3504 4681 Latini,
3534 4628 3657 4669 non
3711 4627 3804 4668 so-

2152 4719 2279 4775 lum
2306 4721 2442 4788 apte
2467 4720 2524 4771 et
2544 4711 2862 4769 commode
2880 4725 3018 4764 cum
3036 4711 3160 4766 tota
3183 4705 3380 4761 Basilii
3398 4701 3811 4770 doctrina,sed

2153 4810 2335 4865 etiam
2365 4803 2710 4862 necessario
2732 4817 2871 4856 cum
2901 4798 3058 4854 illius
3077 4793 3531 4851 ratiocinatione
3553 4793 3810 4863 ejusque

2155 4896 2526 4968 argumentis
2583 4893 2860 4949 cohaeret.
2920 4888 3206 4960 Spiritum
3263 4901 3335 4939 ex
3366 4887 3532 4939 Patre
3581 4885 3637 4936 et
3663 4881 3812 4936 Filio

2154 4987 2477 5061 procedere
2498 4983 2591 5039 vel
2616 4983 2732 5038 hoc
2753 4995 2945 5035 unum
2961 4973 3374 5032 testimonium
3388 4972 3810 5061 demonstrare

2154 5055 2366 5148 possit,
2397 5071 2565 5146 quod
2597 5071 2709 5125 sub
2738 5070 2924 5125 ﬁnem
2941 5065 3075 5120 libri
3098 5077 3135 5119 II
3157 5065 3219 5117 in
3241 5060 3604 5117 Eunomium
3624 5055 3811 5111 habe-

2153 5182 2310 5221 mus.
2334 5167 2482 5220 Nam
2513 5179 2652 5216 cum
2676 5157 3007 5215 Eunomius
3039 5153 3222 5224 impie
3251 5150 3458 5206 Filium
3473 5152 3812 5203 creaturam

2152 5255 2364 5319 Patris,
2400 5252 2686 5324 Spiritum
2708 5252 3045 5304 creaturam
3089 5241 3214 5295 Filii
3267 5241 3530 5303 vocaret,
3559 5234 3814 5324 Basilius

2151 5322 2520 5416 impietatem
2549 5340 2706 5396 illius
2736 5330 3158 5409 perhorrescit,
3181 5327 3344 5401 quod
3363 5329 3703 5416 creaturam

2153 5412 2311 5492 ceret
2335 5432 2620 5506 Spiritum
2641 5431 2920 5502 sanctum
2941 5440 2955 5481 :
2975 5437 3046 5481 ac
3068 5417 3286 5477 deinde
3306 5416 3475 5476 illum
3496 5415 3583 5471 sic
3594 5412 3813 5484 arguit,
