4062 6208
185 273 248 329 37
1713 269 2092 328 PBEFATIO.
3541 291 3609 343 33

182 397 347 467 quod
374 395 632 466 Spiritus
665 394 964 466 originem
992 409 1116 450 non
1149 395 1302 450 Patri
1336 397 1393 450 et
1423 393 1566 451 Filio
1597 392 1702 447 sed
1734 391 1843 446 soli
1881 395 1926 450 Α
1955 393 2371 455 demonstrant
2398 400 2526 456 hinc
2546 401 2732 458 verba
2759 418 2830 458 ex
2855 418 2987 476 cap.
3021 409 3080 460 17
3105 405 3239 461 libri
3262 408 3347 463 De
3371 408 3610 478 Spiritu

187 486 328 542 Filio
349 485 725 540 attribueret.
752 486 923 540 Illud
945 501 1105 554 vero,
1123 485 1316 557 inquit
1336 487 1417 557 (p.
1440 485 1589 551 270),
1610 484 1707 539 cui
1724 498 1844 537 non

185 581 376 643 patet,
402 575 561 645 quod
580 575 757 630 nulla
779 575 932 630 Filii
960 577 1228 644 operatio
1257 591 1293 630 α
1319 577 1503 630 Patre
1527 574 1721 628 divisa
1746 572 1841 640 sit,

190 679 304 719 nec
325 665 644 734 quidquam
666 666 743 718 sit
765 665 830 719 in
853 679 1052 720 rerum
1075 671 1320 735 natura,
1343 664 1503 735 quod
1524 663 1604 720 ad
1622 662 1846 717 Filium

197 755 513 824 pertineat,
543 760 591 808 et
622 768 659 807 α
685 754 877 809 Patre
914 755 1179 809 alienum
1211 755 1284 809 sit
1304 758 1328 807 .’
1359 777 1384 798 ιι
1421 754 1635 809 Omnia
1666 753 1844 817 enim,

206 846 415 915 inquit,
439 858 562 898 mea
597 848 705 899 tua
732 850 892 911 sunt,
919 851 971 899 et
1005 851 1109 900 tua
1135 845 1323 901 mea“.
1350 867 1377 893 ››
1404 843 1704 910 Quomodo
1733 843 1846 911 igi-

213 941 316 988 tur
339 934 582 1002 Spiritus
608 949 856 989 causam
887 933 1201 1004 Unigenito
1223 935 1337 989 soli
1364 933 1664 997 attribuit,
1689 937 1744 987 et
1768 931 1849 986 ad

213 1026 333 1092 ejus
350 1022 754 1078 accusandam
777 1029 1062 1079 naturam
1082 1024 1251 1078 illius
1281 1025 1642 1079 creationem
1674 1037 1847 1076 usur-

207 1117 347 1181 pat?
371 1113 521 1166 Luce
543 1110 771 1167 clarius
795 1118 883 1168 est
910 1113 1194 1169 Basilium
1219 1112 1373 1168 inter
1398 1115 1455 1167 et
1483 1110 1848 1166 Eunomium

208 1201 563 1267 convenisse,
595 1201 851 1272 Spiritus
881 1202 1175 1271 originem
1209 1201 1350 1257 Filio
1377 1199 1845 1266 attribuendam,

199 1291 288 1345 sed
309 1291 365 1345 in
389 1305 466 1346 eo
490 1292 976 1349 controversiam
997 1291 1312 1359 exstitisse,
1331 1291 1500 1363 quod
1522 1290 1848 1346 Eunomius

185 1379 284 1434 soli
309 1379 458 1435 Filio
484 1380 864 1450 attribueret,
888 1381 1142 1436 Basilius
1168 1381 1324 1436 Patri
1345 1387 1402 1436 et
1427 1380 1587 1436 Filio.
1610 1383 1850 1436 Senten-

182 1470 317 1524 tiam
351 1486 541 1525 suam
567 1462 820 1525 Basilius
845 1486 968 1527 non
997 1471 1402 1542 perfunctorie
1429 1469 1665 1542 probat.
1695 1469 1847 1524 Con-
1894 1497 1900 1504 -

177 1558 363 1613 tendit
411 1558 543 1615 duo
590 1559 717 1614 fore
765 1559 1086 1632 principia,
1134 1561 1182 1615 si
1237 1559 1489 1632 Spiritus
1529 1559 1697 1628 origo
1738 1543 1847 1614 soli

178 1647 315 1703 Filio
349 1649 682 1705 tribuatur.
715 1651 1093 1705 Demonstrat
1121 1666 1260 1705 eum
1288 1665 1409 1705 non
1437 1648 1846 1704 dirimendum

175 1751 307 1791 esse
343 1752 384 1792 a
411 1739 608 1805 Patre,
632 1753 771 1792 cum
794 1742 851 1793 et
869 1737 1191 1809 Apostolus
1224 1739 1356 1808 conj
1369 1742 1538 1793 uncte
1563 1738 1845 1808 Spiritum

175 1825 396 1880 Christi
428 1830 488 1881 et
521 1826 808 1898 Spiritum
845 1827 946 1882 Dei
991 1828 1177 1883 Patris
1216 1827 1508 1899 appellet;
1543 1842 1612 1882 ac
1643 1827 1843 1882 Domi-

174 1931 292 1968 nus
313 1915 612 1984 Spiritum
645 1918 916 1972 veritatis
937 1917 1100 1972 dicat
1122 1918 1225 1986 (est
1255 1918 1406 1972 enim
1436 1917 1560 1985 ipse
1580 1916 1846 1971 Christus

175 2006 427 2064 veritas)
459 2011 519 2060 et
549 2006 624 2060 de
651 2021 712 2061 eo
745 2006 899 2060 dicat
923 2022 944 2060 ,ο
969 2007 1017 2060 Α
1051 2008 1238 2062 Patre
1265 2006 1555 2075 procedit.

247 2095 460 2165 Neque
495 2094 679 2150 etiam
711 2095 966 2150 obscure
997 2094 1362 2167 perspicitur
1384 2094 1580 2150 Basilii
1611 2098 1841 2149 senten-

175 2183 263 2238 tia
308 2199 384 2238 ex
423 2183 521 2238 his
557 2183 762 2239 verbis
803 2184 974 2256 epist.
1020 2189 1106 2253 52,
1147 2200 1206 2239 n.
1245 2188 1314 2239 2:
1347 2185 1483 2239 Non
1516 2185 1669 2239 enim
1714 2199 1844 2255 qua:

175 2273 447 2340 fratrum
501 2274 666 2329 inter
710 2289 770 2329 se
816 2275 1229 2344 cognationem
1281 2274 1520 2336 habent,
1554 2274 1845 2329 dicuntur

183 2362 752 2428 consubstantialia,
783 2363 849 2418 id
877 2363 1036 2434 quod
1063 2364 1307 2435 quidam
1341 2365 1709 2430 existimant,
1743 2363 1845 2419 sed

185 2467 314 2507 cum
375 2467 567 2509 causa
627 2459 680 2507 et
733 2453 797 2506 id
850 2453 1009 2524 quod
1065 2468 1138 2509 ex
1194 2468 1378 2509 causa
1435 2453 1841 2509 exsistentiam

187 2541 394 2607 habet,
445 2541 710 2611 ejusdem
771 2547 914 2596 sunt
967 2548 1236 2609 naturae,
1299 2543 1844 2598 consubstantialia

192 2631 496 2684 dicuntur.
532 2629 847 2686 Manifesta
877 2636 1039 2686 estet
1068 2636 1276 2703 aperta
1306 2631 1634 2695 conclusio,
1656 2647 1841 2702 quam

198 2717 456 2787 theologi
490 2735 556 2775 ex
599 2719 698 2774 his
745 2718 946 2776 verbis
981 2720 1312 2776 deducunt.
1342 2723 1492 2776 Nam
1523 2721 1570 2774 si
1603 2736 1673 2775 ea
1707 2725 1843 2775 tan-

197 2811 320 2860 tum
365 2806 476 2862 dici
523 2807 751 2863 debent
791 2808 1357 2878 consubstantialia,
1389 2824 1648 2880 quorum
1694 2808 1842 2863 alte-

191 2910 321 2950 rum
349 2912 420 2951 ex
456 2897 644 2953 altero
665 2897 965 2968 originem
991 2897 1192 2966 habet,
1216 2914 1338 2953 non
1367 2898 1559 2970 potuit
1591 2898 1842 2969 Spiritus

189 2989 271 3040 tot
294 2985 440 3040 locis
471 2986 632 3056 apud
657 2986 944 3042 Basilium
975 2987 1508 3043 consubstantialis
1533 2988 1674 3043 Filio
1701 2987 1838 3054 dici,

1954 491 2162 540 sancto
2197 488 2326 557 jam
2356 489 2570 545 citata:
2608 491 2677 545 Ut
2714 507 2772 546 se
2799 492 2973 548 habet
3003 495 3200 550 Filius
3230 496 3310 550 ad
3339 497 3606 565 Patrem,

1955 574 2040 628 sic
2087 577 2167 630 ad
2207 578 2432 634 Filium
2479 580 2763 649 Spiritus,
2813 585 2921 635 etc.
2975 585 3165 653 Atque
3217 585 3347 640 1]ωο
3399 586 3609 644 relatio

1957 662 2146 718 fusius
2174 667 2503 738 explicatur
2527 670 2586 723 in
2617 685 2748 740 cap.
2784 673 2843 724 18
2877 670 3149 739 ejusdem
3181 673 3337 728 libri.

2030 755 2125 808 His
2165 756 2307 811 addi
2343 763 2596 828 possunt
2636 759 2931 814 nonnulla
2961 775 3033 814 ex
3064 761 3274 831 quinto
3302 766 3366 819 in
3405 767 3609 821 Euno-

1957 843 2139 898 mium
2179 844 2356 909 libro,
2388 848 2492 918 qui
2538 848 2688 902 liber
2740 832 2977 902 etiamsi
3023 849 3223 904 Basilii
3266 867 3388 907 non
3435 855 3526 923 sit,
3554 855 3608 910 ei

1957 933 2160 984 tamen
2187 947 2222 986 a
2254 935 2462 989 Gracis
2494 936 2898 1006 adjudicatur,
2929 953 2998 992 ac
3025 943 3183 992 totus
3216 954 3288 993 ex
3315 940 3445 1010 ejus
3469 957 3606 997 sen-

1956 1019 2152 1073 tentiis
2206 1024 2580 1094 compositus
2639 1031 2745 1081 est.
2806 1026 2890 1081 Ibi
2947 1031 3108 1097 (pag.
3172 1029 3298 1096 305)
3354 1028 3609 1097 legimus

1959 1106 2240 1176 Spiritum
2272 1126 2400 1166 esse
2442 1113 2692 1169 Verbum
2722 1115 2891 1181 Filii,
2934 1115 3256 1184 imaginem
3281 1115 3446 1187 Filii,
3480 1117 3612 1184 Spi-

1956 1197 2142 1251 ritum
2186 1199 2349 1266 Filzi,
2389 1203 2715 1268 procedere
2764 1219 2840 1258 ex
2887 1205 3004 1258 Deo
3049 1218 3162 1271 per
3204 1204 3450 1260 Filium.
3494 1207 3609 1260 Nec

1957 1286 2289 1343 omittenda
2332 1290 2434 1345 illa
2489 1293 2742 1363 quaestio
2793 1294 3004 1365 (ibid),
3058 1294 3184 1350 Cur
3240 1298 3295 1350 et
3348 1295 3609 1364 Spiritus

1956 1375 2150 1431 Filius
2178 1378 2320 1433 Filii
2343 1396 2460 1434 non
2491 1381 2718 1435 dicitur
2741 1384 2768 1435 ?
2793 1382 2933 1445 Quae
2956 1381 3205 1453 quidem
3231 1382 3611 1453 perabsurda

1957 1466 2084 1532 fuit,
2122 1467 2169 1522 si
2199 1481 2270 1523 ex
2304 1468 2443 1524 Filio
2478 1469 2730 1541 Spiritus
2760 1485 2882 1525 non
2913 1471 3202 1542 procedit.

2029 1557 2201 1621 Quod
2232 1557 2279 1612 si
2309 1574 2580 1630 unquam
2617 1559 2872 1614 Basilius
2922 1560 3204 1632 Spiritum
3233 1576 3269 1616 a
3302 1560 3441 1617 Filio
3467 1575 3604 1633 pro-

1957 1646 2167 1702 cedere
2214 1647 2434 1713 docuit,
2467 1652 2595 1703 tum
2642 1648 2904 1704 maxime
2949 1649 3129 1719 hujus
3176 1648 3605 1720 depromenda:

1887 1745 1925 1799 Β
1956 1736 2243 1791 doctrina:
2271 1738 2679 1792 necessarium
2726 1738 2945 1793 exstitit
2974 1742 3238 1810 tempus,
3267 1755 3405 1794 cum
3437 1738 3606 1795 illum

1957 1824 2097 1880 Filio
2124 1826 2420 1880 minorem
2450 1826 2658 1880 ordine
2682 1831 2737 1881 et
2756 1826 3043 1894 dignitate
3067 1843 3213 1889 esse,
3234 1826 3294 1882 in
3327 1832 3608 1900 suscepta

1955 1915 2244 1971 adversus
2276 1915 2522 1970 subtiles
2553 1915 2868 1970 haereticos
2897 1915 3304 1986 disputatione
3333 1932 3605 1988 pronun-

1954 2003 2141 2058 tiavit.
2176 2007 2324 2058 Nam
2355 2004 2459 2075 qui
2490 2004 2563 2058 de
2597 2003 2737 2059 Filio
2770 2003 2963 2059 obiter
2994 2020 3200 2073 agens,
3226 2021 3366 2059 eum
3393 2005 3604 2060 ordine

1953 2098 2009 2148 et
2047 2093 2333 2161 dignitate
2365 2094 2663 2148 minorem
2696 2097 2862 2148 Patre
2893 2108 3015 2148 non
3048 2109 3232 2149 ausus
3264 2098 3352 2148 est
3380 2093 3603 2161 dicere,

1952 2182 2066 2238 nisi
2097 2182 2298 2238 statim
2343 2197 2598 2237 causam
2647 2182 2915 2249 adderet,
2944 2182 3089 2254 quia
3135 2197 3170 2236 a
3215 2185 3380 2237 Patre
3410 2185 3516 2248 est,
3549 2185 3605 2236 et

1952 2274 2122 2327 Pater
2168 2271 2296 2340 ejus
2343 2271 2534 2342 origo,
2579 2274 2806 2343 quanto
2855 2271 3052 2339 magis
3101 2269 3234 2325 haec
3282 2269 3364 2325 illi
3406 2270 3603 2326 cautio

1954 2359 2304 2416 adhibenda
2352 2358 2479 2430 fuit,
2514 2375 2651 2414 cum
2698 2359 2982 2430 Spiritum
3035 2363 3332 2424 sanctum,
3365 2358 3439 2413 de
3482 2374 3603 2430 quo

1952 2450 2095 2505 data
2119 2464 2306 2520 opera
2329 2448 2686 2516 disserebat,
2713 2448 2852 2504 Filio
2873 2448 3171 2503 minorem
3198 2447 3406 2503 ordine
3435 2452 3492 2502 et
3520 2448 3604 2502 di-

1955 2540 2179 2609 gnitate
2218 2538 2482 2594 diceret?
2513 2537 2849 2602 Quinetiam
2882 2553 3100 2593 manca
3138 2537 3246 2592 erit
3283 2536 3375 2592 vel
3404 2536 3603 2608 potius

1954 2628 2220 2684 absurda
2268 2627 2467 2683 Basilii
2513 2626 2915 2693 ratiocinatio,
2961 2626 3075 2681 nisi
3121 2626 3407 2697 Spiritum
3461 2626 3602 2680 Filio

1953 2719 2248 2773 minorem
2279 2732 2410 2771 esse
2441 2715 2650 2771 ordine
2673 2720 2728 2771 et
2747 2715 3055 2784 dignitate,
3080 2714 3225 2786 quia
3245 2730 3281 2769 a
3308 2713 3448 2769 Filio
3470 2729 3602 2770 esse

1952 2807 2154 2873 habet,
2191 2806 2241 2860 si
2270 2805 2471 2860 minus
2502 2804 2734 2872 dixerit,
2765 2803 2978 2859 saltem
3023 2802 3373 2873 cogitaverit
3399 2807 3456 2857 et
3480 2818 3603 2858 cre-

1952 2896 2189 2953 diderit.
2226 2898 2346 2950 Huc
2376 2895 2537 2949 enim
2581 2898 2704 2950 tota
2747 2893 2966 2948 rediret
3009 2893 3138 2947 hac
3183 2892 3598 2947 ratiocinatio:

1953 2985 2483 3052 Quemadmodum
2513 2984 2689 3039 Filius
2715 2984 2817 3054 qui
2849 2998 2885 3037 a
2916 2985 3082 3036 Patre
3113 2996 3242 3035 esse
3276 2980 3478 3047 habet,
3511 2996 3602 3036 or-

189 3074 298 3129 nisi
319 3090 461 3130 eum
487 3091 558 3130 ex
583 3075 728 3132 Filio
755 3075 1053 3146 originem
1074 3077 1297 3132 habere
1319 3082 1642 3133 constaret.
1668 3075 1839 3148 Equi-
1881 3094 1922 3150 C
1951 3077 2089 3131 dine
2120 3080 2176 3130 et
2205 3074 2491 3145 dignitate
2525 3072 2722 3126 minor
2752 3076 2839 3125 est
2873 3074 3060 3138 Patre,
3092 3085 3214 3124 non
3246 3073 3450 3124 tamen
3497 3084 3602 3125 na-

190 3161 326 3218 dem
368 3163 487 3219 hoc
531 3165 946 3221 testimonium
991 3165 1175 3237 paulo
1224 3165 1390 3221 aliter
1416 3165 1839 3238 interpretatus

191 3268 324 3307 sum
354 3268 427 3308 ac
457 3253 764 3322 Petavius;
795 3254 904 3309 sed
928 3253 1078 3309 nihil
1105 3254 1179 3310 dc
1210 3255 1549 3324 argumenti
1572 3255 1839 3326 pondere

190 3340 452 3395 decedit.
482 3343 551 3395 ln
570 3358 639 3397 ea
663 3343 840 3410 enim,
865 3359 1054 3414 quam
1077 3343 1234 3398 intra
1263 3343 1532 3415 afferam,
1556 3343 1841 3414 interpre-

194 3428 429 3482 tatione
477 3437 655 3498 negat
707 3432 948 3487 Basilius
995 3449 1068 3489 ea
1114 3438 1350 3489 tantum
1399 3433 1658 3489 dicenda
1703 3447 1841 3488 con-

201 3516 647 3588 substantialia,
678 3535 801 3591 quae
840 3521 1108 3577 fraterna
1145 3527 1420 3579 tenentur
1458 3522 1835 3592 cognatione,

199 3611 264 3662 ut
307 3607 582 3662 nonnulli
629 3610 1082 3679 existimabant;
1117 3613 1223 3668 sed
1271 3617 1415 3668 tunc
1459 3612 1639 3668 etiam
1682 3612 1840 3668 hanc

189 3711 396 3752 vocem
429 3713 756 3768 congruere
788 3701 1109 3772 contendit,
1144 3717 1276 3758 cum
1303 3717 1488 3758 causa
1516 3708 1570 3758 et
1599 3702 1663 3756 id
1682 3701 1844 3773 quod

193 3801 262 3840 es:
308 3801 494 3842 causa
534 3790 940 3846 exsistentiam
991 3790 1188 3861 habet,
1231 3791 1494 3861 ejusdem
1547 3797 1686 3846 sunt
1730 3806 1840 3847 na-

191 3882 361 3930 tura.
397 3877 480 3930 Ex
517 3892 643 3947 quo
689 3882 856 3949 patet
885 3879 1165 3936 Basilium
1190 3881 1344 3937 inter
1374 3886 1430 3936 et
1461 3879 1840 3935 adversarios

190 3965 570 4031 convenisse,
599 3967 811 4023 Filium
841 3984 914 4024 ex
943 3972 1130 4039 Patre,
1167 3971 1450 4041 Spiritum
1486 3986 1559 4025 ex
1590 3973 1756 4026 Patre
1787 3973 1843 4025 et

194 4054 333 4110 Filio
380 4055 796 4112 exsistentiam
836 4055 1080 4127 habere,
1111 4059 1509 4132 ejusdemque
1558 4074 1690 4114 esse
1732 4075 1841 4114 na-

188 4149 365 4209 turae,
413 4145 521 4200 sed
572 4146 690 4213 isti,
735 4163 1090 4220 quanquam
1139 4154 1311 4206 erant
1363 4150 1680 4220 Catholici,
1729 4165 1841 4205 nec

191 4234 400 4290 Filium
428 4235 742 4300 Patri,nec
783 4238 1064 4308 Spiritum
1106 4240 1257 4296 Patri
1290 4244 1346 4296 et
1392 4240 1532 4296 Filio
1583 4240 1841 4297 consub-

187 4322 530 4380 stantialem
560 4323 757 4381 dicere
785 4325 1086 4397 volebant,
1110 4329 1256 4400 quia
1282 4329 1602 4386 videbatur
1626 4330 1711 4385 eis
1741 4329 1841 4385 illa

1951 3171 2116 3231 tura;
2134 3165 2216 3220 sic
2241 3164 2509 3236 Spiritus,
2531 3161 2690 3233 quia
2711 3160 2850 3216 Filio
2872 3174 3004 3214 esse
3027 3174 3147 3214 non
3169 3157 3370 3225 habet,
3389 3157 3599 3214 ordine

1951 3260 2007 3312 et
2029 3254 2318 3324 dignitate
2348 3252 2546 3306 minor
2570 3255 2659 3305 est
2691 3249 2852 3320 Filio,
2877 3264 2998 3304 non
3029 3252 3265 3304 natura.
3295 3248 3422 3312 Quo
3451 3246 3601 3318 quid

1952 3343 2274 3402 absurdius
2302 3341 2449 3410 ﬁngi
2474 3340 2710 3412 potest?
2739 3342 2989 3394 Necesse
3018 3341 3105 3392 est
3126 3351 3267 3407 ergo
3294 3339 3358 3392 ut
3387 3345 3598 3405 causa,

1951 3451 2056 3490 cur
2087 3433 2336 3506 Spiritus
2370 3429 2580 3486 ordine
2612 3433 2672 3485 at
2708 3427 2998 3498 dignitate
3034 3426 3238 3481 tertius
3269 3425 3365 3491 sit,
3397 3425 3601 3480 minus

1953 3541 1988 3581 a
2019 3523 2229 3580 Basilio
2258 3519 2456 3576 verbis
2485 3533 2789 3586 expressa,
2822 3515 3032 3572 saltem
3062 3515 3219 3570 illius
3258 3515 3464 3571 animo
3494 3513 3602 3570 ob-

1950 3619 2190 3670 versata
2220 3612 2312 3667 sit.
2347 3609 2462 3666 Sed
2486 3609 2669 3678 hujus
2700 3623 2921 3676 causae,
2953 3611 3018 3662 ut
3043 3606 3170 3676 jam
3214 3605 3359 3672 dixi,
3392 3619 3602 3660 conce-

1951 3705 2065 3776 ptis
2089 3701 2291 3758 verbis
2317 3698 2635 3756 eﬂ‘erendaa
2666 3697 3085 3752 necessitatem
3115 3693 3468 3766 imponebat
3493 3696 3600 3748 Eu-

1952 3794 2140 3850 nomii
2160 3791 2434 3864 perﬁdia,
2454 3790 2560 3860 qui
2587 3788 2703 3843 hoc
2725 3786 3085 3857 principium
3112 3785 3171 3838 in
3204 3783 3600 3839 alienissimos

1955 3899 2169 3939 sensus
2196 3880 2492 3953 rapiebat,
2527 3881 2583 3932 et
2613 3876 2896 3948 Spiritum
2943 3879 3159 3930 natura
3195 3872 3435 3928 tertium
3463 3887 3600 3927 esse

1955 3974 2094 4029 inde
2125 3970 2464 4040 colligebat.
2495 3966 2660 4022 Unde
2688 3964 2936 4020 Basilius
2963 3964 3023 4018 in
3063 3963 3218 4019 libro
3247 3964 3334 4018 De
3367 3962 3600 4032 Spiritu

1951 4069 2183 4130 sancto,
2205 4077 2341 4132 cap.
2370 4063 2424 4121 6,
2459 4056 2666 4113 Filium
2696 4058 2879 4124 negat
2915 4053 3259 4108 inferiorem
3290 4051 3599 4122 dignitate,

1953 4169 2024 4209 ac
2053 4166 2300 4224 prorsus
2330 4145 2630 4219 aequalem
2663 4159 2793 4198 esse
2821 4140 3147 4196 contendit.

2023 4244 2111 4296 ιν.
2137 4239 2226 4294 Ad
2242 4241 2327 4294 tot
2341 4241 2398 4292 et
2413 4239 2578 4291 tanta
2591 4233 2896 4289 rationum
2917 4233 3245 4296 momenta,
3263 4243 3400 4300 quas
3421 4227 3599 4284 etiam

1951 4332 2076 4388 sine
2096 4326 2405 4386 codicibus
2427 4341 2572 4379 mss.
2591 4321 2878 4388 valerent,
2902 4319 3131 4375 accedit
3151 4317 3428 4374 codicum
3449 4333 3598 4372 mss.

185 4429 296 4467 vox
337 4414 545 4468 minus
584 4415 925 4487 convenire,
961 4433 1094 4474 cum
1136 4434 1321 4476 causa
1367 4427 1423 4476 et
1465 4422 1528 4475 id
1575 4421 1736 4491 quod
1767 4435 1841 4477 ea:
1873 4441 1918 4499 ι)
1951 4419 2446 4486 auctoritas,non
2472 4428 2683 4469 eorum
2704 4409 2974 4483 quidem,
3000 4408 3104 4481 qui
3125 4407 3370 4499 nuncin
3389 4405 3602 4499 biblio-

187 4517 369 4557 causa
408 4506 813 4560 exsistentiam
861 4507 1054 4576 habet,
1089 4509 1353 4577 ejusdem
1400 4516 1539 4565 sunt
1578 4516 1838 4567 naturae.

255 4595 322 4646 in
352 4593 569 4647 eadem
598 4595 854 4664 epistola
881 4596 1127 4651 Basilius
1149 4603 1423 4654 sanctum
1450 4604 1506 4655 et
1529 4599 1839 4655 inviolabi-

184 4681 302 4735 lem
336 4697 476 4736 esse
508 4683 816 4738 contendit
840 4684 1114 4741 ordinem
1140 4703 1543 4758 personarum
1573 4705 1744 4759 quem
1775 4691 1838 4745 in

188 4770 524 4839 Evangelia
559 4772 876 4828 didicimus
904 4789 942 4829 α
969 4776 1224 4831 Domino
1256 4778 1527 4834 dicente:
1559 4801 1585 4827 «
1612 4781 1840 4835 Euntes

191 4858 495 4928 baptizate
531 4861 598 4915 in
649 4865 889 4919 nomine
927 4866 1127 4921 Patris
1179 4872 1233 4922 et
1275 4868 1422 4922 Filii
1467 4877 1522 4924 et
1574 4868 1841 4938 Spiritus

188 4952 447 5005 sancti”.
481 4972 507 4998 »
539 4951 700 5006 Idem
736 4952 911 5009 docet
937 4955 998 5010 in
1039 4972 1133 5027 ep.
1176 4961 1294 5025 125,
1328 4973 1391 5014 n.
1437 4961 1489 5013 3.
1536 4957 1738 5023 Qualis
1772 4959 1843 5015 sit

184 5040 270 5096 ille
327 5040 487 5097 ordo
537 5056 956 5113 personarum,
1000 5047 1402 5117 perspicimus
1445 5064 1517 5102 ex
1559 5045 1661 5103 lib.
1705 5065 1741 5114 ι,
1779 5049 1842 5104 in

189 5131 573 5200 Eunomium,
603 5130 709 5186 ubi
742 5133 824 5187 sic
868 5133 1132 5206 loquitur
1165 5152 1177 5191 :
1211 5133 1330 5193 Nos
1374 5142 1600 5204 autem,
1628 5137 1839 5209 inquit,

189 5225 265 5291 rp.
297 5222 449 5290 232),
489 5223 822 5280 secundum
875 5226 1224 5282 relationem
1279 5242 1600 5283 causarum
1649 5228 1730 5282 ad
1776 5242 1845 5283 ea

191 5325 310 5378 quae
373 5325 453 5366 ex
507 5311 652 5378 ipsis
697 5320 860 5380 sunt,
908 5315 1143 5372 Patrem
1199 5315 1358 5373 Filio
1425 5317 1701 5386 prxponi
1760 5317 1846 5373 di-

188 5403 394 5457 cimus.
425 5399 597 5456 ldem
644 5405 848 5458 autem
891 5403 966 5460 de
1015 5409 1228 5463 sancto
1260 5406 1480 5479 Spiritu
1519 5405 1846 5463 dicendum

248 5583 266 5616 ⁸
305 5583 492 5641 Joan.
535 5597 674 5652 xvu,
723 5584 808 5639 to.
887 5585 908 5618 ⁹
947 5583 1144 5642 Matth.
1186 5601 1382 5657 xxvxn,
1425 5590 1509 5644 to.

1950 4511 2136 4568 thecis
2166 4506 2386 4564 nostris
2413 4506 2667 4567 exstant,
2696 4499 2804 4556 sed
2831 4515 3041 4555 eorum
3072 4514 3227 4570 quos
3253 4496 3396 4552 olim
3425 4495 3603 4552 exsti-

1949 4604 2094 4659 tisse
2125 4594 2472 4655 certissimis
2515 4591 2926 4648 monumentis
2954 4587 3404 4657 cognoscimus.
3431 4589 3602 4655 Hugo

1950 4689 2326 4753 Etherianus,
2350 4680 2553 4738 saeculi
2581 4677 2924 4735 duodecimi
2956 4676 3225 4747 scriptor,
3251 4675 3355 4746 qui
3385 4678 3503 4729 tres
3534 4674 3602 4730 li-

1950 4781 2093 4836 bros
2124 4776 2204 4832 ad
2247 4773 2592 4829 Latinorum
2623 4767 3036 4823 defensionem
3063 4763 3405 4819 Alexandro
3429 4763 3605 4820 tertio

1950 4864 2326 4937 nuncupavit
2347 4876 2508 4917 anno
2535 4863 2689 4927 1177,
2720 4857 2859 4912 citat
2883 4856 2943 4910 in
2967 4853 3233 4910 secundo
3259 4853 3435 4918 libro,
3465 4868 3600 4924 cap.

1957 4963 2041 5028 t9,
2069 4955 2216 5012 illud
2241 4950 2434 5008 Basilii
2467 4949 2540 5004 de
2569 4947 2791 5019 Spiritu
2819 4944 3071 5012 dictum,
3104 4958 3140 4998 α
3169 4943 3324 4998 Filio
3355 4958 3476 4999 esse
3501 4942 3605 4998 ha-

1955 5048 2115 5103 bens.
2145 5046 2209 5106 In
2237 5041 2390 5096 libro
2421 5037 2610 5106 tertio,
2642 5049 2773 5104 cap.
2803 5037 2887 5102 t2,
2916 5047 3160 5087 sensum
3191 5031 3387 5100 magis
3417 5045 3603 5103 quam

1958 5134 2139 5191 verba
2163 5131 2361 5188 refert.
2385 5131 2454 5183 At
2480 5127 2541 5181 in
2571 5139 2707 5195 cap.
2737 5127 2797 5178 13
2822 5121 3096 5193 ejusdem
3125 5121 3260 5177 libri
3289 5120 3490 5176 locum
3511 5117 3603 5172 in-

1954 5230 2190 5296 tegrum
2215 5220 2393 5276 refert
2424 5216 2552 5272 sine
2575 5210 3002 5270 additamentis
3032 5209 3469 5296 dubitationem
3501 5208 3602 5262 Ba-

1955 5294 2087 5370 silio
2125 5306 2570 5379 afﬁngentibus,
2602 5315 2727 5358 non
2755 5316 2898 5356 vero
2930 5299 3056 5354 sine
3093 5295 3313 5366 insigni
3339 5294 3440 5349 illa
3467 5309 3602 5350 sen-

1956 5403 2159 5475 tentia,
2181 5415 2318 5474 quae
2359 5395 2644 5470 Spiritum
2674 5407 2710 5450 a
2740 5389 2882 5447 Filio
2907 5403 3040 5446 esse
3068 5385 3290 5444 habere
3314 5380 3604 5441 declarat.
