4050 6202
478 247 545 299 39
1622 204 1629 209 ’
1984 236 2112 289 PRA

2229 234 2364 288 T10.
3813 245 3886 298 40

468 370 658 437 Atque
706 365 834 418 haec
887 362 1236 431 Etherianus
1285 361 1511 431 laudat,
1546 365 1611 417 ut
1639 360 1886 416 minime
1929 356 2119 413 dubia
2159 358 2204 410 Α
2232 358 2422 410 resset
2449 355 2785 427 quidquam
2822 356 2883 412 in
2916 360 3203 413 contextu
3238 358 3436 414 Basilii
3466 363 3775 431 attentare,
3810 380 3891 420 an

470 453 837 523 minimeque
869 456 1268 507 controversa.
1306 453 1419 506 Nec
1451 450 1681 506 Nicetas
1710 444 2116 511 Maroniensis,

467 542 570 614 qui
601 540 984 596 Etherianum
1016 540 1229 594 eodem
1259 539 1481 594 saeculo
1509 536 1901 612 oppugnavit,
1932 534 2117 590 ullam

468 631 607 685 huic
634 629 973 685 testimonio
998 629 1405 699 suspicionem
1433 628 1563 684 falsi
1592 627 1836 698 injicere
1866 628 2118 680 conatus

468 723 575 787 est,
610 722 675 773 ut
723 718 983 773 dicimus
1032 722 1156 772 tum
1207 733 1279 772 ex
1328 718 1699 783 Bessarione,
1741 716 1845 788 qui
1894 730 1955 769 se
2003 713 2117 768 hoc

467 806 879 863 testimonium
922 806 983 860 in
1023 805 1178 861 libro
1209 806 1422 861 Nicetae
1474 805 1689 861 vidisse
1722 807 1967 859 testatur
2000 805 2114 869 (8);

470 901 595 952 tum
642 896 904 951 maxime
936 910 1007 949 ex
1057 897 1245 950 Leone
1276 894 1508 965 Allatio,
1554 894 1658 965 qui
1700 894 1814 949 hoc
1857 892 2117 947 testimo-

467 984 636 1039 nium
689 1000 724 1037 a
780 983 1000 1050 Niceta,
1048 987 1111 1037 ut
1162 984 1487 1052 integrum,
1538 988 1889 1054 susceptum
1934 980 2117 1036 fuisse

466 1075 770 1128 asseverat
798 1075 897 1141 (9).
931 1073 1135 1143 Neque
1168 1072 1346 1127 etiam
1379 1071 1711 1138 codicibus,
1744 1070 1967 1143 quibus
2006 1085 2117 1123 saa-

469 1159 602 1214 culo
654 1158 1017 1215 duodecimo
1065 1159 1345 1214 utebatur
1377 1158 1729 1230 Euthymius
1761 1157 2117 1226 Zigabenus,

467 1248 702 1303 inerant
744 1247 950 1317 spuria
985 1246 1417 1303 additamenta.
1449 1251 1497 1301 ls
1526 1248 1686 1302 enim
1717 1248 1777 1301 in
1814 1247 2120 1315 Panoptia

467 1340 719 1392 testatur
749 1336 1027 1391 Basilium
1059 1351 1181 1390 non
1217 1335 1548 1405 dubitasse,
1580 1352 1657 1390 an
1688 1336 1950 1402 Spiritus
1978 1350 2118 1389 san-

467 1430 595 1479 ctus
625 1432 770 1480 esset
802 1425 1015 1480 ordine
1040 1424 1340 1493 dignitate
1366 1426 1869 1493 posteriorFilio.

538 1514 768 1570 Saeculo
817 1513 1053 1569 decimo
1102 1514 1274 1569 tertio
1325 1514 1567 1586 prodire
1618 1519 1933 1586 coeperunt
1978 1530 2120 1570 non-

464 1603 612 1660 nulli
642 1604 902 1669 codices,
928 1604 985 1657 in
1018 1603 1241 1675 quibus
1282 1604 1485 1659 deerat
1537 1604 1945 1660 testimonium
1972 1606 2122 1660 Grie-

2230 458 2384 514 quos
2414 449 2627 515 postea
2651 444 2833 500 iidem
2861 445 3047 500 Graeci
3067 446 3129 501 in
3155 446 3289 518 ipso
3317 449 3718 505 contentionis
3742 457 3893 508 aestu

2230 532 2552 603 protulere,
2585 550 2723 589 cum
2756 534 2902 591 nihil
2943 535 3021 591 ad
3065 552 3268 592 causa;
3304 554 3429 592 suae
3473 537 3891 598 defensionem

2228 636 2349 675 non
2388 621 2700 677 auderent.
2732 624 2926 688 Quare
2960 640 3190 696 eorum,
3221 626 3326 697 qui
3376 627 3432 683 S.
3467 627 3664 683 Basilii
3689 630 3889 702 operi-

2226 710 2341 765 bus
2385 711 2447 765 in
2476 711 2672 768 lucem
2711 712 2963 769 edendis
3009 714 3403 786 praefuerunt,
3435 716 3674 773 videtur
3710 718 3771 774 in
3820 736 3890 775 eo

2227 801 2589 872 requirenda
2618 801 2946 872 diligentia,
2989 804 3154 876 quod
3188 805 3352 862 nulla
3402 821 3654 878 prorsus
3686 808 3890 879 editio,

2228 891 2281 945 si
2312 896 2512 946 tamen
2540 891 2804 964 excipias
2833 894 3211 963 Trapezuntii
3240 895 3512 952 Latinam
3537 895 3888 969 interpreta-

2227 980 2475 1048 tionem,
2509 982 2799 1039 eximium
2849 982 2923 1037 de
2975 983 3228 1054 Spiritus
3269 985 3460 1040 sancti
3504 988 3889 1058 processione

2228 1070 2640 1126 testimonium
2684 1071 2745 1125 in
2793 1072 3019 1127 avitam
3066 1072 3276 1129 sedem
3310 1075 3628 1132 restituerit
3658 1092 3729 1133 ac
3772 1092 3888 1132 nae-

2228 1174 2335 1214 vos
2360 1159 2433 1214 de
2464 1160 2761 1216 industria
2791 1160 3043 1231 injectos
3078 1162 3458 1233 expunxerit.

2993 1270 3021 1335 §
3060 1270 3122 1323 Υ.

2233 1378 2274 1428 1.
2321 1376 2528 1431 Utrum
2559 1376 2619 1430 δ’.
2652 1377 2921 1431 Basilius
2960 1393 3029 1432 ea
3070 1383 3302 1433 tantum
3335 1379 3888 1436 consubstantialia

2300 1447 2643 1520 crediderit,
2664 1463 2931 1520 quorum
2962 1450 3224 1504 alterum
3256 1465 3330 1505 ea:
3366 1452 3559 1505 altera
3590 1454 3885 1520 originem

2304 1517 2498 1573 habet.
2544 1521 2607 1573 ll.
2655 1517 2864 1574 Utrum
2916 1521 3209 1576 mundum
3258 1523 3538 1590 temporis
3596 1517 3890 1578 momento

2303 1596 2571 1644 creatum
2601 1590 2943 1645 crediderit.

466 1692 550 1746 cis
577 1692 1061 1761 incommodum,
1093 1692 1511 1748 additamenta
1536 1709 1672 1748 cum
1708 1693 1818 1748 illis
1844 1693 2123 1749 facientia
2163 1705 2202 1758 Β
2302 1697 2343 1748 Ι.
2392 1698 2523 1750 lam
2573 1696 3032 1753 observavimus
3090 1701 3521 1768 argumentum
3580 1713 3700 1753 non
3755 1698 3886 1755 leve

463 1796 587 1837 non
623 1781 894 1837 deerant.
931 1781 1043 1838 Sed
1077 1781 1255 1837 velim
1300 1781 1610 1838 laudatam
1643 1782 2117 1838 dissertationem

465 1870 763 1935 evolvant,
793 1872 895 1943 qui
930 1871 1078 1927 scire
1110 1876 1308 1941 avent,
1342 1874 1654 1944 quomodo
1694 1875 1932 1941 Beccus,
1965 1873 2096 1942 ejus

463 1975 581 2031 que
625 1960 747 2015 duo
798 1960 1050 2015 comites
1099 1965 1154 2015 et
1192 1960 1644 2026 archidiaconi,
1695 1962 2123 2018 Constantinus

464 2048 866 2114 Meliteniotes,
904 2055 957 2105 et
990 2051 1277 2119 Georgius
1305 2051 1618 2107 Metochita
1650 2052 1763 2106 hos
1796 2051 2034 2108 codices
2065 2057 2121 2108 et

460 2141 729 2193 recentes
758 2154 887 2193 esse
914 2142 971 2193 et
1008 2153 1347 2209 perpaucos
1376 2144 1431 2195 et
1465 2139 1543 2196 ab
1586 2138 1717 2195 aliis
1758 2140 1937 2210 longe
1970 2141 2119 2196 anti-

461 2226 779 2298 quioribus
811 2227 1036 2299 ubique
1066 2233 1359 2283 terrarum
1391 2229 1681 2301 dispersis
1708 2230 1893 2285 refelli
1925 2236 2120 2286 osten-

462 2316 679 2372 derint.
712 2316 997 2371 Eamdem
1031 2333 1280 2373 causam
1310 2323 1548 2374 strenue
1576 2319 1978 2376 defenderunt
2007 2337 2115 2376 sae-

463 2404 599 2460 culo
643 2405 877 2461 decimo
921 2412 1140 2478 quarto
1171 2406 1295 2462 duo
1334 2407 1431 2463 alii
1459 2409 1612 2465 inter
1642 2412 1874 2466 Grmcos
1901 2410 2117 2466 doctis~

462 2493 597 2549 simi
638 2494 982 2566 scriptores.
1036 2496 1368 2552 Demetrius
1416 2497 1723 2569 Cydonius
1772 2503 1829 2554 et
1883 2499 2116 2555 Manuel

462 2583 726 2639 Calecas.
759 2588 821 2639 In
846 2584 1098 2641 concilio
1129 2591 1343 2641 autem
1371 2587 1707 2645 Florentino
1738 2605 1841 2644 sex
1866 2589 2114 2660 prolatis

462 2673 794 2738 codicibus,
827 2689 984 2728 unus
1020 2680 1249 2731 tantum
1281 2692 1663 2747 papyraceus
1704 2680 1918 2735 Graecis
1947 2679 2110 2753 favit,

459 2762 728 2834 quinque
772 2762 871 2817 alii
916 2764 1176 2829 Latinis;
1217 2781 1477 2836 quorum
1522 2768 1803 2824 codicum
1851 2776 2113 2841 quatuor

459 2850 519 2905 in
545 2851 917 2907 membranis
945 2852 1146 2925 scripti
1176 2858 1364 2909 erant.
1395 2857 1541 2910 Cum
1570 2860 1772 2913 autem
1804 2859 1863 2914 in
1895 2861 2111 2919 eodem

460 2939 713 2995 concilio
772 2943 1001 2996 Marcus
1071 2942 1358 3013 Ephesius
1422 2943 1780 3013 dictitasset,
1839 2966 1900 3004 se
1962 2952 2112 3008 scire

2231 1784 2633 1855 processionis
2683 1785 2932 1856 Spiritus
2986 1785 3179 1841 sancti
3233 1801 3306 1841 ex
3356 1785 3478 1841 ﬁlio
3529 1786 3778 1857 reperiri
3823 1788 3885 1842 in

2231 1870 2487 1943 epistola
2514 1876 2581 1928 52
2614 1874 2670 1929 S.
2708 1872 2902 1929 Basilii
2931 1873 3008 1929 ad
3036 1874 3383 1930 canonicas.
3410 1873 3525 1930 Sed
3554 1874 3698 1946 quia
3722 1874 3883 1931 idem

2230 1960 2325 2017 ille
2368 1961 2535 2016 locus
2584 1962 2895 2033 negotium
2941 1962 3184 2018 facessit
3241 1961 3609 2019 doctissimis
3662 1962 3884 2019 theolo-

2232 2050 2359 2119 gis,
2413 2049 2644 2123 aliquid
2698 2066 2897 2123 operte
2956 2051 3392 2106 insumendum
3446 2051 3507 2106 in
3569 2066 3640 2106 eo
3696 2051 3881 2123 expli-

2230 2142 2449 2198 cando.
2484 2141 2725 2197 Videtur
2756 2144 2917 2198 enim
2957 2159 3028 2199 ea
3071 2143 3201 2198 sola
3246 2143 3590 2199 existimare
3619 2143 3880 2199 consub-

2228 2230 2549 2297 stantialia,
2585 2246 2847 2303 quorum
2894 2247 3083 2287 unum
3116 2231 3196 2287 ab
3239 2232 3425 2288 altero
3460 2232 3753 2301 originem
3784 2248 3881 2288 ac-

2226 2318 2403 2388 cepit.
2434 2318 2527 2373 Sic
2557 2324 2756 2373 autem
2782 2318 3048 2391 loquitur
3070 2333 3210 2390 pag.
3240 2322 3363 2384 145,
3388 2334 3445 2374 n.
3478 2323 3549 2375 2:
3584 2319 3659 2370 Οὐ
3688 2323 3789 2391 γὰρ
3816 2322 3881 2371 τὰ

2228 2402 2423 2478 ἀδελφὰ
2455 2405 2688 2465 ἀλλήλοις
2731 2409 2987 2479 ὁμοούσια
3024 2408 3249 2478 λέγεται,
3278 2410 3400 2480 ὅπερ
3431 2412 3563 2468 τινὲς
3594 2408 3882 2479 ὑπειλήφα-

2227 2515 2308 2547 σιν
2333 2517 2344 2527 ·
2378 2494 2483 2546 ἀλλ’
2531 2498 2650 2547 ὅταν
2700 2501 2788 2547 καὶ
2821 2500 2876 2547 τὸ
2911 2500 3075 2548 αἴτιον
3106 2502 3195 2548 καὶ
3246 2500 3303 2548 τὸ
3349 2496 3405 2548 ἐκ
3447 2505 3538 2548 τοῦ
3587 2497 3753 2549 αἰτίου
3783 2501 3877 2554 τὴν

2224 2584 2442 2656 ὕπαρξιν
2467 2587 2587 2655 ἔχον
2609 2594 2703 2644 τῆς
2728 2586 2891 2645 αὐτῆς
2918 2586 3133 2659 ὑπάρχῃ
3160 2588 3360 2657 φύσεως
3384 2587 3637 2657 ὁμοούσια
3655 2584 3872 2656 lii-fuat

2222 2674 2357 2729 Non
2387 2674 2540 2729 enim
2568 2688 2699 2743 quae
2714 2675 2990 2742 fratrum
3024 2676 3182 2729 inter
3199 2690 3260 2730 se
3289 2676 3604 2740 rationem,
3636 2673 3876 2742 habent,

2222 2762 2511 2819 dicuntur
2538 2763 3107 2829 consubstantialia,
3135 2764 3198 2818 id
3226 2764 3387 2834 quod
3415 2764 3650 2834 quidem
3677 2765 3879 2819 existi-

2221 2857 2388 2907 mant
2403 2864 2424 2922 ,‘
2448 2852 2549 2907 sed
2569 2867 2702 2907 cum
2724 2866 2911 2908 causa
2932 2858 2985 2908 et
3010 2852 3072 2907 id
3090 2852 3251 2923 quod
3278 2867 3353 2908 ex
3381 2867 3566 2908 causa
3587 2854 3875 2908 exsisten-

2223 2942 2367 2996 tiam
2392 2941 2589 3005 habet,
2609 2941 2869 3009 ejusdem
2893 2948 3032 2997 sunt
3055 2947 3311 3004 naturae,
3331 2941 3875 2997 consubstantialia

457 3027 643 3084 libros
681 3046 811 3085 esse
860 3031 1025 3102 apud
1060 3032 1642 3106 Constantinopolim
1693 3054 1876 3111 supra
1927 3042 2108 3111 mine,
2152 3051 2193 3106 ρ
2220 3029 2527 3084 dicuntur.
2546 3029 2740 3084 Basilii
2757 3030 2943 3086 verba
2960 3029 3041 3084 sic
3058 3028 3720 3101 explicatPetaviusUO)
3737 3045 3872 3085 cum

457 3118 519 3173 in
546 3118 770 3189 quibus
803 3121 1143 3176 Graecorum
1172 3121 1346 3177 lectio
1377 3124 1815 3197 contineretur;
1859 3134 2110 3192 menda-

459 3206 617 3261 cium
650 3206 804 3262 illius
848 3208 1037 3264 oculis
1081 3210 1203 3264 suis
1243 3226 1313 3266 ac
1344 3213 1629 3269 manibus
1654 3221 2113 3291 comprehendit

460 3296 793 3365 Bessarion,
828 3296 933 3368 qui
964 3300 1544 3372 Constantinopolim
1570 3320 1864 3376 reversus,
1898 3318 1961 3367 ut
1984 3313 2112 3385 ipse

458 3387 708 3440 testatur
756 3386 815 3439 in
858 3385 1028 3455 epist.
1064 3386 1142 3442 ad
1173 3387 1443 3445 Alexium
1477 3395 1803 3465 Lascarim,
1827 3402 2112 3459 omnibus

458 3473 745 3545 inspectis
797 3473 1195 3541 bibliothecis,
1254 3476 1569 3536 lectionem
1620 3485 1836 3541 Graecis
1884 3489 2112 3547 incom-

458 3562 709 3618 modam
760 3561 926 3618 nullo
974 3579 1222 3635 prorsus
1268 3566 1328 3621 in
1369 3568 1575 3625 codice
1624 3577 1845 3631 recenti
1876 3593 1947 3633 ac
1975 3584 2114 3651 post

457 3650 901 3706 dissensionem
939 3652 1160 3724 scripto
1187 3656 1405 3726 reperit
1430 3676 1441 3725 ;
1476 3662 1538 3713 at
1567 3659 1627 3714 in
1654 3661 1786 3717 aliis
1816 3680 1939 3722 non
1964 3650 2112 3739 pau-

458 3736 723 3794 cioribus
752 3754 823 3793 ac
852 3738 1031 3810 longe
1062 3742 1504 3815 antiquioribus
1533 3750 1768 3819 reperit.
1802 3757 1865 3808 In
1904 3736 2110 3826 primis

456 3829 659 3882 autem
689 3829 1085 3897 memorabile
1116 3836 1202 3887 est
1227 3834 1393 3904 quod
1424 3834 1498 3889 de
1529 3836 1771 3895 duobus
1798 3843 2110 3902 codicibus

454 3914 514 4003 in
546 3917 913 3972 monasterio
943 3917 1154 3974 Christi
1195 3920 1517 3978 Salvatoris
1556 3928 1943 4003 Pantepoptie
1979 3950 2016 3991 a
2047 3952 2109 3991 se

454 4002 714 4059 inventis
739 4009 945 4061 narrat
970 4024 982 4074 ;
1013 4023 1274 4078 quorum
1304 4010 1364 4066 in
1395 4011 1581 4069 altero
1607 4002 2025 4090 antiquissimo
2054 4029 2109 4080 et

457 4091 927 4151 membranaceo
954 4098 1171 4153 veritas
1201 4098 1420 4156 violata
1450 4101 1661 4173 fuerat,
1696 4110 1888 4179 spatio
1913 4128 2108 4169 vacuo

455 4180 657 4238 adhuc
694 4183 932 4240 facinus
967 4190 1251 4256 testante;
1281 4188 1341 4244 in
1384 4192 1570 4249 altero
1600 4204 1803 4254 autem
1835 4216 2107 4273 papyreo

454 4274 510 4326 et
538 4274 677 4328 ante
707 4289 904 4330 annos
939 4279 1231 4333 trecentos
1264 4279 1487 4352 scripto
1534 4284 1776 4354 perfusa
1802 4294 1928 4346 erat
1952 4296 2107 4348 atra-

453 4364 660 4417 mento
690 4366 815 4418 tota
844 4362 945 4419 illa
988 4380 1149 4436 pars,
1190 4382 1327 4438 qua;
1370 4370 1655 4441 spiritum
1685 4389 1758 4430 ex
1791 4378 1933 4435 [quo
1977 4386 2107 4437 tan.
2136 4400 2183 4456 Β
2214 4366 2403 4423 multa
2435 4366 2740 4423 dividitur.
2775 4369 2833 4419 2°
2863 4362 3350 4420 Examinandum
3378 4366 3467 4420 est
3495 4362 3744 4434 quinam
3776 4378 3867 4419 re-

453 4463 639 4519 quam
672 4466 742 4506 ex
774 4468 959 4509 causa
989 4454 1164 4511 docet
1192 4456 1550 4523 dependere.
2108 4502 2113 4507 .
2213 4455 2491 4512 fellantur
2506 4456 2600 4511 his
2619 4453 2819 4509 verbis
2839 4471 2850 4507 :
2870 4454 3003 4509 Non
3024 4455 3179 4509 enim
3197 4467 3330 4523 qua?
3342 4453 3613 4522 fratrum
3631 4453 3790 4507 inter
3807 4467 3872 4508 se

453 4463 639 4519 quam
672 4466 742 4506 ex
774 4468 959 4509 causa
989 4454 1164 4511 docet
1192 4456 1550 4529 dependere.

525 4538 836 4608 Ejusmodi
862 4541 1099 4598 codices
1129 4546 1367 4602 etiamsi
1388 4548 1451 4603 in
1472 4548 1851 4611 bibliothecis
1881 4559 2106 4617 Graeco-

450 4639 587 4681 rum
617 4627 767 4682 nulli
806 4629 933 4699 jam
986 4636 1307 4703 exstarent,
1335 4636 1485 4692 nihil
1529 4642 1731 4697 tamen
1780 4644 1855 4701 de
1893 4662 2105 4705 eorum

450 4716 803 4772 auctoritate
832 4718 1184 4790 decederet;
1216 4724 1443 4797 quippe
1475 4742 1614 4785 cum
1648 4734 1991 4792 certissimis
2021 4739 2105 4795 hi-

451 4804 646 4859 storia-
694 4810 1104 4865 monumentis
1154 4816 1211 4866 ct
1258 4814 1617 4873 testimoniis
1671 4832 2104 4897 memorentur,

450 4907 586 4964 quae
637 4894 801 4950 nullo
850 4912 1097 4967 prorsus
1145 4900 1411 4959 facinore
1471 4906 1677 4979 deleri,
1723 4912 1889 4969 nullo
1946 4894 2104 4973 furto

450 4982 747 5039 abscondi
790 4992 1066 5057 possunt.
1098 4992 1299 5061 Neque
1345 4993 1527 5049 etiam
1576 4998 1934 5070 ambiguum
1970 5020 2102 5061 esse

447 5072 658 5162 possit,
691 5076 804 5129 utri
847 5076 1086 5133 codices
1115 5079 1382 5149 potiores
1416 5082 1534 5139 sint
1564 5087 1970 5162 existimandi,
1999 5110 2102 5149 an-

447 5160 596 5232 tiqui
624 5177 703 5217 an
732 5169 1003 5221 recentes
1028 5183 1041 5220 :
1076 5168 1278 5239 scripti
1310 5175 1449 5227 ante
1474 5180 1747 5233 exortam
1777 5179 1851 5235 de
1881 5160 2101 5253 Spiritu

448 5254 660 5308 sancto
687 5254 1181 5325 controversiam,
1212 5262 1542 5331 antequam
1573 5266 1913 5326 Grecorum
1947 5270 2097 5330 inte-

634 5433 741 5557 gp.
775 5433 855 5520 ad
882 5432 1048 5517 .Alex.
1084 5436 1401 5500 Lascarim.

678 5504 977 5567 ,nchmd”
1001 5524 1053 5565 c.
1081 5514 1169 5565 20.

575 5499 594 5572 )
634 5499 977 5573 Enchirid.,
1001 5524 1053 5565 c.
1081 5514 1169 5565 20.

2221 3117 2452 3187 Caleca,
2484 3118 2833 3175 Bessarione
2876 3123 2931 3174 et
2978 3118 3272 3175 Demetrio
3306 3119 3574 3189 Cydone,
3604 3123 3670 3174 ut
3706 3118 3874 3174 illum

2220 3222 2293 3262 ea
2321 3207 2585 3279 proprie,
2610 3207 3154 3264 consubstantialia
3183 3206 3380 3263 dicere
3402 3207 3719 3275 existimet,
3737 3223 3873 3279 quae

2220 3296 2465 3366 originis
2492 3296 2843 3354 habitudine
2866 3297 3234 3367 junguntur;
3260 3301 3477 3353 caetera
3497 3312 3640 3352 vero
3672 3296 3873 3352 minus

2219 3386 2481 3457 proprie,
2505 3390 2567 3440 ut
2598 3389 2800 3442 Petrus
2824 3390 2880 3441 et
2903 3384 3141 3441 Paulus.
3170 3385 3283 3441 Sed
3314 3386 3363 3441 si
3392 3387 3447 3442 S.
3474 3386 3659 3441 Patris
3688 3384 3876 3441 verba

2219 3473 2636 3545 expendantur
2681 3474 3046 3542 accuratius,
3080 3489 3203 3529 non
3232 3474 3464 3529 videtur
3492 3474 3607 3530 hoc
3648 3474 3782 3530 loco
3811 3473 3874 3529 id

2218 3576 2440 3631 negare
2486 3562 2651 3634 quod
2695 3563 2827 3634 ipse
2878 3563 3186 3635 conceptis
3237 3563 3436 3619 verbis
3475 3567 3772 3618 asseverat
3808 3562 3871 3619 in

2218 3652 2390 3723 epist.
2427 3655 2515 3720 38,
2547 3651 2825 3707 homines
2858 3667 2989 3707 esse
3018 3652 3173 3708 inter
3202 3668 3265 3708 se
3296 3650 3867 3717 consubstantiales;

2219 3741 2324 3797 sed
2354 3757 2457 3797 eos
2484 3744 2717 3796 tantum
2742 3740 2977 3805 refellit,
3000 3742 3103 3815 qui
3132 3740 3657 3799 consubstantialis
3682 3739 3873 3797 notio-

2217 3847 2357 3887 nem
2378 3831 2559 3887 rebus
2590 3832 2743 3887 inter
2772 3848 2835 3887 se
2867 3831 3133 3888 fraterna
3152 3834 3513 3903 cognatione
3539 3830 3762 3902 junctis
3788 3830 3874 3886 ita

2216 3920 2457 3992 proprie
2487 3920 2917 3989 attribuebant,
2939 3925 3004 3977 ut
3030 3922 3245 3976 divinis
3274 3920 3466 3992 aptari
3498 3934 3618 3974 non
3647 3924 3870 3990 posset.

2293 4015 2345 4064 1ο
2387 4012 2621 4065 Fatetur
2668 4010 2927 4065 Basilius
2968 4007 3500 4065 consubstantialis
3536 4008 3872 4076 notionem,

2215 4099 2410 4172 qualis
2432 4099 2850 4172 exponebatur
2872 4098 2948 4155 ab
2976 4096 3352 4158 adversariis,
3380 4095 3578 4151 locum
3604 4094 3871 4167 aliquem

2214 4188 2437 4245 habere
2468 4190 2528 4245 in
2560 4205 2675 4244 tere
2714 4193 2769 4244 et
2796 4186 3069 4244 conﬂatis
3101 4201 3172 4241 ex
3206 4200 3322 4240 aere
3369 4183 3868 4240 numismatibus.

2215 4276 2299 4332 lbi
2330 4278 2489 4334 enim
2527 4282 2617 4333 est
2647 4275 2981 4331 substantia
3010 4272 3295 4346 quaedam
3328 4272 3611 4342 anterior,
3638 4288 3776 4345 quae
3807 4274 3873 4329 in

2214 4366 2403 4423 multa
2435 4366 2740 4423 dividitur.
2775 4369 2833 4419 2°
2863 4361 3350 4420 Examinandum
3378 4366 3467 4420 est
3495 4362 3744 4434 quinam
3776 4378 3867 4419 re-

2212 4546 2505 4602 rationem
2546 4543 2797 4609 habent,
2842 4542 3391 4598 consubstantialia
3439 4541 3758 4609 dicuntur,
3803 4541 3871 4595 id

2212 4635 2374 4707 quod
2392 4635 2637 4705 quidam
2661 4634 3031 4691 existimant.
3057 4636 3184 4689 Non
3212 4648 3313 4688 eos
3342 4647 3487 4687 sane
3508 4630 3738 4695 refellit,
3759 4632 3868 4703 qui

2212 4727 2447 4780 Petrum
2498 4729 2555 4780 et
2584 4722 2833 4779 Paulum
2867 4720 3387 4778 consubstantiale
3417 4736 3546 4775 esse
3584 4719 3871 4776 dicebant

2211 4813 2291 4870 ob
2312 4817 2543 4871 naturae
2566 4811 3041 4875 similitudinem,
3060 4826 3130 4865 ac
3150 4810 3290 4865 inde
3307 4808 3751 4865 concludebant
3769 4811 3873 4863 Pa-

2212 4908 2357 4959 trem
2387 4906 2445 4958 et
2478 4902 2711 4972 Filium,
2745 4902 2950 4973 utpote
2981 4900 3187 4955 lumen
3214 4903 3271 4954 et
3296 4898 3525 4967 lumen,
3558 4913 3687 4952 esse
3730 4911 3871 4952 con-

2210 4990 2656 5048 substantiales.
2690 4990 2785 5045 His
2812 4994 3046 5045 tantum
3079 4987 3452 5057 adversatur,
3483 4986 3585 5059 qui
3609 4984 3871 5042 consub-

2210 5080 2519 5137 stantiales
2543 5079 2914 5151 rejiciebant.
2945 5076 3060 5134 Sed
3081 5076 3226 5149 quid
3248 5076 3310 5131 in
3336 5076 3420 5131 eis
3449 5072 3874 5148 reprehendit?

2208 5170 2360 5226 Nihil
2388 5169 2551 5226 aliud
2582 5168 2870 5242 profecto,
2905 5165 3024 5222 nisi
3050 5164 3215 5238 quod
3257 5160 3769 5221 consubstantiale
3799 5161 3873 5216 iis

2208 5264 2442 5318 tantum
2464 5257 2873 5329 attribuerent,
2892 5272 3028 5329 quae
3049 5252 3381 5311 fraternam
3401 5252 3629 5310 habent
3649 5264 3874 5321 cogna-

2279 5443 2393 5515 (10)
2432 5436 2518 5501 De
2556 5440 2772 5501 Trinit.
2805 5435 2913 5499 lib.
2947 5452 3045 5508 vn,
3074 5451 3209 5509 cap.
3241 5436 3295 5493 4.
