4062 6208
132 260 196 312 41
446 268 449 269 ί
1694 255 2085 314 Palat-“uio.
3520 271 3590 326 42

138 382 403 437 tionem.
428 381 595 434 Hanc
624 378 784 433 enim
820 378 1187 451 arripiebant
1210 394 1483 449 causam,
1516 396 1828 452 curaper-
1861 383 1907 435 Α
1936 385 2344 454 παρεσκεύασεν·
2377 385 2467 441 Ne
2497 384 2613 441 soli
2641 386 2948 444 ariditatis
2981 394 3159 447 terra’
3214 405 3459 449 causam
3499 398 3593 450 at-

145 470 308 526 sonis
335 467 589 534 divinis,
617 473 681 522 ut
706 468 1038 524 fraternam
1069 470 1519 541 cognationem,
1540 472 1625 526 ita
1644 470 1825 526 etiam
1936 473 2355 544 tribueremus,
2383 476 2781 545 antiquiorem
2814 478 2953 533 solis
2983 481 3370 549 generatione
3396 483 3589 538 aridi-

150 556 640 616 consubtantiale
683 556 1095 614 excluderent.
1133 562 1327 626 Quare
1382 576 1504 617 non
1538 565 1665 617 erat
1722 575 1827 615 cur
1935 568 2115 619 tatem
2147 569 2322 620 terrae
2344 566 2553 635 opifex
2582 566 2794 635 effecit.
2833 567 3116 623 Ethomil.
3142 574 3191 641 6,
3225 585 3284 626 n.
3317 575 3369 639 2,
3394 587 3453 643 p.
3479 576 3581 630 51:

160 648 426 705 Basilius
464 648 523 701 in
569 647 943 702 contrarium
993 648 1204 704 vitium
1252 654 1536 714 curreret,
1569 653 1626 705 et
1654 649 1821 721 quod
1935 654 2163 709 Ctelum
2187 661 2241 711 et
2271 662 2435 717 terra
2458 663 2900 728 praecesserant,
2928 664 3060 726 post
3091 659 3215 715 haec
3244 667 3450 718 creata
3474 663 3585 719 lux

165 736 498 793 adversarii
514 735 816 805 negabant
836 735 963 791 sine
988 736 1250 794 fraterna
1268 739 1627 808 cognatione
1642 753 1821 811 posse

174 826 511 887 consistere,
538 824 593 879 id
626 841 764 880 cum
791 842 862 882 ea
883 826 1189 883 conciliari
1215 843 1338 883 non
1368 843 1547 899 posse
1577 828 1819 884 diceret.

174 917 333 972 Satis
362 920 479 970 erat
500 913 839 982 ostendere,
872 930 996 970 non
1034 931 1105 971 ea
1136 921 1372 973 tantum
1402 916 1521 972 dici
1555 916 1818 973 consub-

176 1004 646 1075 stantialia,qua3
687 1004 1019 1060 fraternam
1064 1006 1292 1062 habent
1349 1010 1815 1075 cognationem:

178 1095 274 1151 sed
296 1110 417 1149 cum
448 1108 637 1148 causa
669 1100 723 1148 et
739 1094 804 1148 id
820 1095 981 1165 quod
1006 1110 1079 1151 ex
1100 1111 1285 1152 causa
1311 1098 1690 1153 existentiam
1716 1097 1819 1153 ha-

178 1186 267 1251 bet.
301 1183 566 1251 ejusdem
599 1189 742 1238 sunt
762 1190 1020 1255 natura},
1048 1189 1189 1240 tunc
1219 1190 1377 1241 recte
1399 1186 1518 1241 dici
1549 1185 1815 1242 consub-

163 1272 481 1327 stantialia.
515 1276 577 1327 3°
610 1275 735 1328 Non
762 1273 970 1329 leviter
1000 1274 1418 1345 praetereunda
1446 1275 1575 1330 hinc
1604 1275 1812 1341 verba,

152 1363 208 1416 id
231 1362 401 1433 quod
427 1362 677 1433 quidam
703 1363 1067 1419 existimant.
1091 1366 1170 1418 Ex
1201 1363 1293 1419 his
1326 1365 1484 1419 enim
1507 1369 1669 1436 patet
1694 1380 1816 1420 non

152 1466 545 1505 communem
568 1466 604 1505 a
631 1449 844 1506 Basilio
865 1451 1215 1523 opinionem
1239 1451 1445 1517 refelli,
1467 1468 1655 1525 quam
1684 1453 1815 1525 ipse

153 1541 290 1596 alibi
346 1541 691 1612 proﬁtetur,
723 1546 787 1596 ut
820 1542 1007 1597 modo
1033 1542 1512 1609 observavimus,
1546 1542 1652 1598 sed
1696 1543 1815 1599 sin-

148 1631 362 1702 gulare
422 1630 859 1686 nonnullorum
891 1632 1209 1688 hominum
1256 1637 1686 1703 commentum,
1711 1632 1814 1704 qui

1926 743 2156 812 fuerat,
2190 746 2314 801 dies
2345 752 2399 801 et
2425 761 2549 802 nox
2577 746 2853 803 discretae
2897 748 3182 816 fuerant;
3211 751 3348 806 item
3379 752 3584 818 ﬁrma-

1930 839 2209 905 mentum,
2247 841 2302 891 et
2328 836 2520 891 aridae
2547 836 2813 892 detectio.
2852 837 3043 892 Terra
3080 840 3338 909 prOpriis
3369 842 3581 909 germi-

1928 924 2102 980 nibus
2158 932 2289 982 erat
2334 928 2583 995 referta,
2624 928 3105 999 quandoquidem
3142 936 3197 986 et
3258 930 3581 989 innumera

1924 1016 2268 1081 protulerat
2295 1016 2619 1073 herbarum
2640 1033 2886 1088 genera,
2919 1025 2973 1074 et
3011 1019 3361 1075 omnimodis
3409 1021 3582 1089 plan-

1928 1108 2126 1159 tarum
2160 1106 2462 1175 speciebus
2484 1106 2873 1165 exuberabat.
2902 1108 3172 1164 Necdum
3199 1113 3396 1165 tamen
3448 1114 3580 1165 erat

1924 1194 2035 1263 sol,
2064 1210 2254 1266 neque
2277 1197 2423 1252 luna
2443 1212 2466 1252 .·
2496 1212 2567 1252 ne
2610 1198 2757 1252 lucis
2789 1203 3089 1254 auctorem
3130 1203 3186 1254 et
3209 1204 3449 1269 patrem
3480 1214 3581 1269 ap-

1922 1284 2226 1351 pellarent
2255 1287 2628 1354 solem,neve
2679 1302 2934 1343 rerume
2980 1292 3145 1343 terra
3202 1289 3577 1346 nascentium

1924 1372 2189 1439 opiﬁcem
2215 1374 2319 1444 qui
2338 1370 2531 1429 Deum'
2548 1375 2835 1444 ignorant
2865 1376 3300 1433 existimarent.
3360 1386 3365 1391 '

1992 1462 2123 1516 Jam
2154 1477 2298 1517 vero
2351 1462 2626 1533 perfacile
2671 1468 2728 1519 et
2778 1479 3078 1535 exponere
3107 1481 3229 1537 quo
3260 1482 3441 1524 sensu
3467 1470 3578 1526 Ba-

1924 1550 2089 1607 silius
2137 1553 2439 1608 mundum
2496 1553 2785 1625 temporis
2838 1559 3147 1611 momento
3212 1557 3575 1628 productum

1922 1638 2158 1696 dixerit.
2186 1642 2621 1697 Testimonium
2638 1642 2803 1715 quod
2825 1642 3123 1714 objicitur,
3147 1649 3338 1703 exstat
3361 1646 3570 1703 homil.

147 1721 458 1793 putabant
490 1721 1023 1778 consubstantialis
1051 1738 1191 1779 voce
1215 1723 1489 1779 exhiberi
1514 1725 1811 1780 notionem

1932 1730 1976 1798 l,
2009 1744 2070 1783 n.
2099 1734 2147 1799 6,
2182 1729 2285 1785 ubi
2316 1730 2399 1785 sic
2422 1730 2687 1802 loquitur
2714 1748 2726 1787 :
2766 1729 2832 1785 ’Π
2852 1732 3024 1804 ξτάχα
3058 1729 3151 1785 διὰ
3192 1737 3253 1786 τὸ
3302 1732 3573 1812 ἀκαριαῖον

149 1812 536 1875 substantia,
573 1817 627 1866 et
656 1826 856 1866 eorum
898 1826 1031 1881 qua:
1055 1828 1130 1868 ex
1159 1812 1517 1882 substantia,
1548 1813 1698 1869 adeo
1750 1820 1815 1869 ut

150 1902 340 1956 divisa
368 1901 717 1955 substantia
764 1901 1231 1969 appellationem
1289 1902 1816 1959 consubstantialis

152 1990 434 2046 conciliet
458 1991 531 2044 iis
552 1990 616 2043 in
646 2004 775 2059 qua:
804 1989 998 2045 divisa
1014 1997 1121 2045 est.
1496 2056 1499 2065 λ

213 2080 290 2135 Il.
320 2081 382 2136 S.
413 2078 617 2134 Basilii
652 2082 915 2134 mentem
950 2079 1148 2135 minus
1176 2080 1526 2149 calluerunt,
1549 2082 1654 2153 qui
1675 2096 1815 2138 eum

150 2171 202 2225 in
222 2185 417 2243 opere
450 2184 557 2224 sex
583 2167 818 2223 dierum
846 2169 1206 2240 explicando
1237 2170 1320 2225 sic
1358 2170 1582 2226 versari
1612 2171 1814 2227 existi-

152 2263 417 2329 marunt,
444 2263 513 2313 ut
544 2258 846 2314 mundum
878 2260 1167 2330 temporis
1198 2265 1507 2316 momento
1537 2277 1675 2316 cum
1702 2276 1815 2317 suo

160 2355 370 2406 ornatu
394 2352 668 2403 creatum
702 2363 737 2402 a
770 2349 889 2403 Deo
912 2347 1145 2404 doceat.
1171 2349 1464 2405 Omnibus
1490 2354 1645 2405 certe
1663 2353 1816 2422 Moy-

164 2440 236 2494 sis
257 2437 526 2508 vestigiis
553 2436 1007 2493 accuratissime
1029 2438 1264 2493 insistit.
1296 2440 1515 2504 Quaerit
1534 2439 1739 2494 homil.
1758 2442 1815 2496 2.

162 2546 217 2586 n.
252 2536 301 2594 l,
328 2544 477 2601 pag.
507 2531 595 2597 22,
622 2542 731 2582 cur
760 2532 918 2583 terra
949 2526 1183 2583 dicatur
1201 2528 1622 2602 incomposita,
1655 2528 1815 2584 idem

170 2634 308 2673 vero
332 2617 403 2672 de
430 2616 583 2672 caelo
603 2631 731 2671 non
754 2615 1009 2671 dicatur.
1030 2619 1270 2673 Terram
1292 2617 1425 2673 ideo
1453 2616 1818 2689 incomposi-

180 2712 300 2763 tam
329 2706 439 2760 dici
458 2705 686 2771 statuit,
718 2704 865 2776 quia
890 2705 1165 2761 nondum
1195 2705 1454 2778 plantas,
1488 2708 1737 2762 arbores
1759 2710 1817 2762 et

176 2797 343 2852 ﬂores
363 2796 708 2868 protulerat.
735 2798 807 2851 At
855 2795 1054 2867 ipsum
1083 2795 1301 2851 caelum
1347 2796 1815 2869 incompositum

168 2888 345 2943 fuisse
374 2886 705 2943 contendit.
758 2886 905 2941 Haec
930 2886 1151 2953 eadem,
1186 2886 1400 2958 inquit,
1432 2893 1486 2942 et
1546 2887 1618 2943 de
1669 2888 1815 2944 caelo

165 2978 509 3039 dixerimus,
524 2975 792 3031 nondum
816 2975 976 3030 illud
995 2976 1297 3031 excultum
1320 2977 1526 3045 fuisse,
1555 2991 1662 3032 nec
1677 2992 1813 3046 pro-

1922 1824 2012 1871 καὶ
2064 1820 2289 1893 ἁχρονον
2339 1829 2429 1880 τῆς
2470 1817 2821 1895 δημιουργίας
2869 1825 3073 1896 εἴρηται
3122 1826 3202 1893 τό,
3237 1846 3266 1875 ‹‹
3312 1824 3393 1876 Ἐν
3424 1824 3569 1899 ἁρχὴ

1925 1904 2186 1973 ἐποίησεν,
2215 1927 2243 1955 ››
2269 1902 2449 1963 ἐπειδὴ
2481 1904 2663 1978 ἀμερές
2687 1925 2738 1958 τι
2758 1910 2848 1958 καὶ
2880 1903 3203 1960 ἀδιάστατον
3233 1910 3263 1965 ἠ
3299 1907 3463 1981 ἀρχή.
3483 1910 3573 1973 Ὠς

1922 1998 2023 2077 χὰρ
2064 1998 2094 2053 ἡ
2124 1994 2266 2067 ἀρχὴ
2300 2004 2395 2056 τῆς
2416 1996 2544 2048 ὁδοῦ
2571 1999 2713 2048 οὔπω
2735 1993 2878 2062 ὁδὸς,
2911 2000 3002 2049 καὶ
3039 1999 3069 2054 ἠ
3104 1995 3247 2071 ἀρχὴ
3279 2005 3371 2059 τῆς
3404 1999 3573 2060 οἰκίας

1924 2084 2017 2138 οὐκ
2043 2085 2202 2138 οἰκία·
2236 2086 2370 2139 οὕτω
2399 2090 2488 2138 καὶ
2532 2088 2562 2143 ἡ
2616 2093 2707 2139 τοῦ
2745 2089 2942 2159 χρόνον
2992 2085 3134 2162 ἁρχὴ
3177 2088 3318 2140 οὔπω
3355 2091 3569 2162 χρόνος,

1924 2176 2029 2229 ἀλλ’
2063 2171 2186 2228 οὐδὲ
2215 2178 2369 2250 μέρος
2400 2174 2557 2228 αὐτοῦ
2580 2178 2637 2227 τό
2669 2174 3018 2247 ἐλάχιστον...
3046 2174 3154 2230 Ἱνα
3173 2180 3344 2231 τοίνυν
3371 2173 3575 2251 διδαχ-

1927 2269 2089 2339 θῶμεν
2113 2268 2242 2338 ὁμοῦ
2268 2272 2329 2338 τῇ
2367 2264 2621 2338 βουλήσει
2643 2273 2734 2318 τοῦ
2768 2273 2900 2319 Θεου
2933 2264 3167 2341 ἀχρόνως
3195 2269 3575 2339 συνυφεστοίναι

1924 2360 2010 2408 τόν
2063 2360 2278 2428 κόσμον,
2327 2358 2527 2428 εἴρηται
2578 2358 2656 2409 τὸ.
2696 2376 2725 2404 ‹‹
2770 2356 2849 2410 Ἐν
2908 2354 3051 2430 ἀρχῇ
3100 2356 3361 2415 ἐποίησεν·
3397 2358 3569 2431 »ὅπερ

1924 2446 2087 2520 ἕτεροι
2115 2453 2211 2497 τῶν
2244 2444 2582 2518 ἑρμηνευτῶν,
2609 2448 2921 2520 σαφέστερον
2974 2447 3059 2497 τὸν
3087 2465 3204 2499 νουν
3256 2442 3573 2512 ἐκδιδόντες,

1925 2534 2215 2610 εἰρήκασιν.
2250 2556 2278 2584 ‹‹
2326 2532 2407 2586 Ἐν
2428 2531 2689 2605 κεφαλαίῳ
2734 2533 2973 2593 ἐποίησεν
2996 2535 3021 2585 ὁ
3048 2538 3198 2602 Θεὸς,
3235 2557 3263 2583 ι)
3306 2540 3573 2589 τουτέστιν

1925 2622 2121 2698 ἀθρόως
2141 2627 2231 2676 καὶ
2260 2622 2307 2675 ἕν
2336 2621 2514 2694 ὀλίγῳ·
2545 2623 2669 2678 Aut
2695 2623 2953 2692 fortasse
2991 2623 3061 2680 ob
3083 2624 3313 2694 factam
3345 2626 3409 2682 in
3457 2642 3576 2682 mo-

1922 2718 2118 2768 mento
2149 2718 2202 2768 et
2229 2712 2385 2768 citra
2416 2717 2645 2781 tempus
2677 2714 3039 2769 creationem
3079 2714 3275 2769 dictus
3305 2720 3410 2779 est,
3440 2736 3470 2767 α
3499 2715 3574 2772 In

1917 2802 2224 2870 principio
2306 2802 2453 2871 fecit
2487 2801 2587 2857 ‘0:
2645 2824 2674 2852 »
2761 2802 3247 2873 quandoquidem
3300 2805 3573 2873 partium

1922 2897 1975 2947 et
2007 2891 2314 2947 divisionis
2366 2906 2580 2961 expers
2621 2892 3015 2959 principium.
3065 2891 3574 2959 Quemadmodum

1920 2982 2075 3038 enim
2100 2982 2473 3051 principium
2525 2982 2634 3036 via:
2676 2980 2944 3037 nondum
2984 2987 3068 3037 est
3123 2982 3322 3047 via,et
3364 2981 3574 3038 domus

163 3069 354 3135 prium
401 3068 693 3136 recepisse
741 3071 1026 3121 ornatum
1056 3082 1068 3120 :
1102 3071 1306 3135 utpote
1347 3066 1507 3137 quod
1542 3066 1810 3122 nondum
1849 3096 1888 3151 ρ
1914 3072 2287 3142 principium
2311 3085 2687 3141 nequaquam
2713 3070 2921 3126 domus
2941 3076 3025 3126 est
3058 3087 3070 3126 :
3104 3086 3187 3127 sic
3215 3078 3268 3128 et
3292 3072 3573 3142 temporis

148 3157 266 3211 sole
286 3171 391 3211 nec
422 3156 569 3210 luna
588 3154 1046 3224 splendesceret,
1073 3169 1262 3225 neque
1286 3161 1588 3210 astrorum
1613 3154 1810 3210 choris

153 3250 572 3301 coronaretur.
614 3244 883 3299 Nondum
912 3245 1068 3300 enim
1121 3244 1282 3301 istaec
1311 3245 1556 3300 condita
1611 3249 1806 3301 erant.

159 3336 357 3403 Quare
381 3350 421 3389 a
442 3323 686 3389 veritate
710 3349 825 3389 non
850 3334 1251 3403 aberraveris,
1272 3335 1325 3389 si
1344 3335 1557 3391 ccelum
1586 3335 1808 3390 incom-

169 3426 431 3492 positum
465 3422 645 3476 dicas.
675 3423 1022 3478 Inmsibilem
1055 3429 1253 3479 autem
1286 3430 1509 3480 terram
1528 3424 1808 3493 appella-

178 3514 263 3567 vit
294 3509 365 3565 ob
394 3510 545 3566 duas
562 3526 758 3567 causas
777 3525 798 3582 ,‘
828 3514 922 3569 vel
953 3512 1112 3583 quod
1140 3513 1406 3569 nondum
1453 3519 1599 3569 esset
1643 3513 1808 3568 illius

174 3607 471 3672 spectator
485 3599 677 3666 homo;
701 3603 792 3658 vel
806 3602 967 3673 quod
986 3602 1255 3658 demersa
1278 3602 1696 3659 innatantibus
1714 3616 1809 3657 su-

166 3707 271 3761 per
321 3694 510 3761 ipsius
555 3693 926 3761 superﬁciem
982 3693 1156 3763 aquis
1208 3692 1402 3747 videri
1438 3707 1559 3746 non
1588 3697 1808 3760 posset.

166 3781 440 3837 Nondum
457 3782 611 3837 enim
636 3788 809 3838 erant
832 3797 1001 3854 aquae
1019 3783 1082 3836 in
1101 3796 1240 3837 suas
1255 3783 1535 3837 stationes
1564 3796 1809 3851 congre-

159 3877 483 3944 gatx,quas
494 3879 700 3939 postea
712 3878 1071 3942 aggregatas
1083 3874 1233 3928 Deus
1248 3872 1438 3928 maria
1451 3872 1806 3941 appellavit.

230 3962 362 4017 Hec
391 3960 665 4034 profecto
716 3961 867 4016 nihil
911 3961 1184 4017 redolent
1213 3977 1287 4017 ex
1318 3961 1518 4017 subtili
1547 3961 1649 4017 illa
1677 3960 1807 4033 opi-

162 4051 352 4113 nione,
386 4066 523 4122 qua:
567 4049 867 4105 mundum
916 4065 1055 4106 eum
1118 4066 1230 4106 suo
1268 4056 1485 4107 ornatu
1514 4050 1804 4123 temporis

153 4147 376 4214 puncto
403 4139 699 4212 prodiisse
722 4144 946 4195 censet.
969 4140 1128 4196 Idem
1156 4140 1515 4213 perspicitur
1536 4156 1608 4197 ex
1634 4156 1802 4196 num.

153 4238 183 4287 3
216 4229 493 4303 ejusdem
524 4229 812 4297 bomilize,
842 4245 901 4301 p.
959 4235 1043 4299 t5,
1077 4234 1133 4286 et
1174 4246 1247 4285 ex
1304 4229 1509 4285 homil.
1555 4235 1603 4301 5,
1638 4245 1698 4285 n.
1752 4234 1803 4299 5,

145 4336 207 4393 p.
272 4322 364 4375 44.
420 4319 687 4375 Occurrit
752 4318 814 4374 in
858 4319 1065 4375 homil.
1120 4322 1173 4390 4,
1227 4335 1291 4375 n.
1343 4321 1397 4391 4,
1452 4319 1593 4375 huic
1643 4334 1806 4390 quaa-

146 4411 364 4467 stioni:
400 4409 467 4464 Si
508 4424 669 4480 aqua
728 4416 857 4466 erat
909 4423 1089 4478 super
1132 4415 1373 4475 terram,
1417 4425 1566 4466 cava
1604 4410 1807 4465 omnia

146 4517 279 4575 qua?
310 4515 479 4556 nunc
522 4501 780 4569 pelagus
835 4501 1162 4569 continent,
1194 4500 1423 4570 referta
1448 4505 1642 4556 erant.
1686 4500 1806 4567 Quo

142 4592 344 4662 igitur
395 4589 752 4659 colligendae
799 4594 971 4645 erant
1026 4603 1217 4661 aquae,
1247 4591 1523 4646 concavis
1540 4590 1675 4658 jam
1715 4603 1807 4645 oce

139 4680 392 4752 cupatis
418 4683 444 4733 ?
470 4679 561 4735 Sic
600 4679 957 4750 respondet:
982 4680 1079 4735 Ad
1131 4680 1257 4736 hac
1304 4679 1806 4750 respondebimus,

140 4780 293 4827 tunc
324 4778 375 4825 et
405 4769 791 4838 receptacula
817 4769 1006 4838 fuisse
1025 4777 1397 4840 praeparata,
1426 4786 1559 4826 cum
1585 4785 1807 4841 aquam

137 4863 416 4933 Oportuit
447 4863 509 4915 in
542 4873 726 4916 unam
756 4862 985 4915 secerni
1009 4862 1553 4931 congregationem.
1606 4861 1808 4932 Neque

136 4955 301 5009 enim
325 4956 459 5007 erat
481 4950 642 5004 illud
672 4950 833 5020 quod
872 4955 955 5005 est
996 4955 1171 5007 extra
1226 4950 1416 5007 Gades
1474 4965 1661 5020 mare,
1694 4954 1806 5005 etc.

210 5043 315 5098 His
362 5040 594 5097 addere
640 5056 764 5095 non
816 5040 1063 5112 pigebit,
1094 5056 1229 5113 quae
1262 5040 1508 5096 Basilius
1534 5040 1609 5095 de
1641 5055 1808 5095 crea-

135 5136 303 5190 tione
326 5130 474 5186 solis
506 5134 795 5202 peracute
819 5129 1121 5186 observat.
1161 5129 1253 5187 Sic
1287 5129 1551 5201 loquitur
1594 5128 1805 5185 homil.

140 5225 186 5277 L
217 5238 283 5279 n.
326 5227 357 5277 5
387 5236 449 5293 p.
483 5224 552 5276 37
587 5237 601 5287 ;
634 5218 746 5272 Ἰνα
775 5224 845 5292 μὴ
880 5227 951 5289 τῷ
985 5219 1114 5291 ἡλίῳ
1170 5224 1259 5277 τὴν
1306 5228 1396 5271 τοῦ
1454 5218 1810 5294 ἀναξηραίνειν

138 5319 229 5371 τὴν
307 5321 414 5385 γῆν
506 5312 681 5363 αἰτίαν
749 5312 1075 5383 προσθῶμεν,
1137 5310 1491 5386 πρεσϐυτέραν
1546 5319 1640 5372 τῆς
1718 5318 1809 5362 τοῦ

140 5403 285 5459 igitur:
322 5406 580 5476 γενέσεως
644 5404 739 5458 τήν
796 5400 1058 5474 ξηρότητα
1114 5408 1205 5462 τῆς
1246 5408 1347 5473 γῆς
1403 5403 1428 5452 ό
1487 5403 1812 5476 Δημιουργός

214 5568 259 5601 το
299 5569 456 5623 Gen.
495 5581 533 5636 ι,
575 5569 624 5621 l.

471 5658 730 5711 PATROL.
765 5653 865 5709 Gn.
925 5656 1121 5711 XXXII.

1914 3160 2284 3230 principium
2326 3160 2591 3215 nondum
2624 3166 2855 3229 tempus
2901 3167 3005 3230 est,
3036 3160 3153 3216 imo
3192 3175 3381 3233 neque
3421 3177 3572 3231 pars

1919 3250 2103 3319 ipsius
2162 3250 2483 3305 minima...
2519 3249 2717 3319 Igitur
2774 3253 2840 3304 ut
2888 3248 3182 3305 mundum
3261 3250 3575 3308 voluntate

1918 3339 2029 3395 Dei
2057 3339 2211 3395 citra
2242 3340 2434 3394 ullam
2463 3338 2746 3407 temporis
2778 3354 3008 3395 moram
3038 3340 3221 3395 simul
3246 3338 3575 3397 substitisse

1918 3430 2292 3496 edoceamur,
2341 3429 2567 3485 dictum
2617 3433 2747 3485 est:
2808 3452 2836 3478 α
2864 3430 2935 3483 In
2989 3430 3293 3499 principio
3339 3430 3570 3501 fecit.»

1921 3519 2091 3586 Quod
2115 3521 2309 3589 ipsum
2329 3519 2686 3588 interpretes
2704 3518 2836 3585 alii,
2863 3521 3221 3575 sententiam
3244 3518 3572 3576 dilucidius

1918 3610 2252 3675 recidentes,
2283 3608 2598 3665 dixerunt:
2645 3629 2673 3658 «
2722 3609 2794 3663 In
2827 3609 3094 3678 capitulo
3138 3609 3283 3678 fecit
3330 3608 3509 3671 Deus,
3541 3629 3571 3658 »

1921 3697 2367 3760 hocest,subito
2388 3702 2444 3753 et
2491 3697 2672 3752 brevi.
2732 3685 2853 3752 Sed
2904 3711 2976 3750 ex
3029 3695 3121 3750 his
3168 3694 3370 3750 verbis
3421 3693 3575 3750 nihil

1919 3787 2083 3844 aliud
2113 3786 2306 3858 colligi
2333 3789 2548 3857 potest,
2577 3784 2693 3841 nisi
2716 3784 2779 3841 id
2817 3782 2983 3857 quod
3014 3782 3331 3839 Christiani
3355 3799 3572 3840 omnes

1919 3892 2160 3948 semper
2206 3878 2546 3941 tenuerunt,
2598 3873 2807 3931 omnia
2851 3874 3141 3945 temporis
3200 3878 3510 3930 momento
3540 3889 3573 3931 e

1916 3965 2103 4022 nihilo
2130 3964 2367 4032 educta,
2391 3980 2502 4020 nec
2532 3962 2874 4035 quidquam
2900 3962 3003 4018 Dei
3033 3962 3322 4018 restitisse
3362 3962 3574 4019 volun-

1916 4055 2040 4112 tati.
2071 4055 2219 4111 Hinc
2260 4053 2418 4110 idem
2448 4053 2625 4109 docet
2678 4052 2929 4109 Basilius
2976 4052 3049 4107 de
3079 4051 3151 4107 iis
3180 4067 3318 4124 qua:
3349 4051 3573 4121 sigilla-

1916 4144 2021 4201 tim
2070 4144 2149 4201 ad
2197 4143 2412 4199 mundi
2442 4145 2726 4198 ornatum
2775 4141 3072 4214 prodiere.
3128 4141 3221 4198 Sic
3278 4140 3440 4197 enim
3496 4140 3574 4197 de

1913 4238 2083 4290 terrae
2105 4232 2479 4304 germinibus
2506 4231 2773 4303 loquitur
2800 4230 3009 4287 homil.
3042 4235 3092 4286 5.
3126 4246 3186 4287 n.
3223 4234 3274 4298 5,
3297 4244 3439 4301 pag.
3462 4231 3531 4285 4i
3556 4238 3569 4286 ε

1915 4325 1986 4381 In
2022 4325 2267 4380 minimo
2312 4324 2489 4379 etiam
2523 4322 2808 4390 temporis
2862 4326 3088 4391 puncto
3135 4319 3573 4392 germinatione

1914 4429 2130 4472 exorsa
2174 4420 2360 4479 terra,
2395 4417 2461 4467 ut
2509 4410 2854 4467 Conditoris
2915 4412 3067 4481 leges
3126 4414 3415 4475 servaret,
3463 4418 3574 4478 per

1915 4520 2144 4561 omnem
2171 4503 2527 4559 accretionzs
2542 4502 2795 4570 speciem
2815 4500 3231 4570 progrediens,
3258 4497 3571 4568 confestim

1915 4595 2189 4666 germina
2218 4591 2467 4648 deduxit
2497 4590 2578 4647 ad
2596 4590 3045 4661 perfectionem.

2663 4736 2691 4801 ς
2730 4733 2820 4786 vr.

1917 4845 1960 4902 Ι.
2012 4844 2379 4902 Traditionis
2402 4843 2733 4899 auctoritas
2762 4840 3008 4911 defensa
3038 4854 3074 4896 a
3102 4843 3309 4897 sancto
3345 4838 3570 4911 Basilio

1987 4918 2272 4974 adversus
2320 4914 2683 4970 Eunomium
2733 4918 2787 4967 et
2835 4910 3447 4968 Pneumatomachos.
3500 4910 3570 4966 ll.

1999 4989 2183 5046 Valde
2203 4989 2380 5043 etiam
2405 4986 2702 5041 studiosus
2720 4985 2947 5040 exstitit
2978 4984 3266 5039 catholici
3285 4983 3570 5039 sermonis

1990 5058 2370 5131 defendendi.
2420 5057 2575 5131 Quid
2618 5057 2689 5112 de
2734 5056 2995 5111 conciliis
3044 5055 3402 5131 sentiat.ll_l.
3445 5053 3572 5131 ραν

1990 5122 2369 5189 adversarios
2415 5122 2497 5203 ad
2538 5128 2928 5203 Scripturam‘
2966 5127 3399 5203 provocat.__]\_l_.
3429 5122 3569 5203 Quo

1989 5219 2162 5261 sensu
2183 5205 2385 5258 omnia
2413 5194 2745 5269 Scripturis
2778 5194 3214 5265 conﬁrmanda,
3236 5194 3573 5269 nihilScri-

1981 5277 2185 5347 pluris
2213 5266 2565 5347 addendum
2584 5271 2761 5326 dixit.
2795 5272 2859 5324 ν.
2886 5271 3016 5347 Quo
3042 5285 3214 5347 sensu
3264 5266 3571 5347 auditores

1985 5342 2249 5419 probare
2268 5345 2476 5401 debere
2511 5358 2643 5414 qua:
2673 5358 2709 5399 a
2734 5342 3040 5413 magistris
3069 5342 3378 5395 dicuntur.

1995 5493 2035 5546 Ι.
2079 5492 2206 5546 Non
2239 5487 2486 5545 interest
2512 5500 2742 5553 eorum,
2784 5483 2888 5555 qui
2932 5483 3135 5559 sectas
3178 5478 3256 5536 ab
3309 5477 3572 5536 Ecclesia

3187 5643 3219 5695 2
