4062 6208
449 235 516 288 43
687 255 692 262 .
1971 222 2364 284 ΡΚᾸΣἜΑΤΙΟ.
3785 235 3844 290 44

430 357 809 415 dissidentes
831 353 1186 416 defendunt,
1208 352 1268 409 in
1308 352 1400 407 his
1432 350 1827 422 argumentis,
1849 363 1987 420 quae
2016 347 2095 402 ad
2125 352 2171 404 Α
2204 355 2434 420 tempus
2465 353 2629 422 apud
2657 359 2742 409 tot
2799 361 3037 410 sanctos
3086 354 3365 432 obtinuit,
3423 355 3604 426 impio
3667 363 3842 413 vestro

445 446 720 503 Ecclesize
753 449 810 501 et
838 444 1177 501 traditionis
1203 443 1254 498 ei
1307 441 1645 497 commissae
1680 438 2093 495 auctoritatem

441 540 732 609 spectant,
767 550 894 590 sese
924 533 1252 588 venditare.
1281 534 1428 588 Cum
1451 531 1610 586 enim
1643 528 1884 585 eventui
1915 526 2093 582 unius

441 641 660 698 pugnae
691 642 800 680 sua
828 623 1034 679 omnia
1051 622 1452 689 committunt,
1480 619 1917 692 semelqneliac
1942 617 2002 672 in
2029 631 2092 671 re

436 715 610 771 victis
653 713 798 769 nihil
825 716 1097 784 superest
1126 711 1204 766 ad
1243 726 1442 766 causte
1473 709 1922 765 defensionem:
1964 711 2089 760 tum

437 821 581 861 vero
612 820 682 859 eo
713 802 945 857 facilius
968 801 1030 857 in
1061 802 1174 856 hoc
1198 801 1482 870 dogmate
1503 815 1691 872 quam
1725 799 1782 853 in
1807 797 1936 854 aliis
1965 795 2090 850 vin-

437 891 843 963 cuntur,quod
865 906 940 946 ne
961 890 1177 946 erroris
1196 889 1443 962 quidem
1469 889 1728 944 novitate
1748 884 2088 942 molestiam

432 981 756 1052 facessunt,
781 980 886 1036 sed
909 980 1184 1035 omnium
1226 977 1784 1048 haereticorum,qui
1814 989 2086 1047 unquam

432 1070 694 1138 extitere,
743 1067 1009 1137 vestigiis
1078 1067 1384 1124 insistunt.
1436 1072 1632 1122 Ausus
1716 1069 1805 1120 est
1885 1069 2088 1118 tamen

434 1160 727 1216 Scultetus
757 1160 888 1229 (10')
919 1159 997 1215 ad
1036 1158 1400 1214 acerrimum
1428 1155 1763 1214 traditionis
1811 1153 2089 1209 defenso-

430 1265 558 1304 rem
615 1249 897 1304 Basilium
954 1263 1307 1320 provocare,
1363 1262 1474 1301 nec
1533 1245 1740 1301 timide
1789 1249 1893 1299 aut
1924 1259 2086 1298 vere-

432 1340 627 1396 cunde
664 1344 938 1394 versatur
983 1338 1042 1393 in
1100 1337 1258 1393 illius
1308 1335 1666 1393 testimoniis
1714 1332 2083 1403 colligendis.

431 1429 542 1487 Sed
579 1435 644 1486 ut
668 1429 909 1485 Sculteti
935 1428 1241 1484 temeritas
1264 1428 1323 1483 iu
1354 1431 1642 1500 promptu
1673 1425 1957 1481 omnibus
1989 1426 2083 1486 sit,

427 1520 638 1593 paucis
689 1518 1052 1591 exponenda
1096 1519 1153 1574 S.
1188 1517 1449 1573 doctoris
1500 1515 1840 1571 sententia:
1896 1529 2086 1586 quan—

427 1625 613 1682 quam
648 1607 923 1664 Ecclesiae
974 1605 1358 1662 traditionem
1413 1621 1537 1661 non
1595 1604 1790 1673 magis
1837 1603 2084 1660 eruditis

427 1697 686 1769 scriptis,
719 1712 909 1769 quam
933 1696 1116 1751 rebus
1166 1694 1394 1750 fortiter
1424 1693 1606 1763 gestis
1636 1692 1923 1749 defendit.
1955 1695 2082 1749 Non

425 1787 625 1857 segnis
656 1801 801 1840 sane
827 1790 884 1840 et
912 1783 1234 1853 indiligens
1259 1799 1446 1855 opera
1475 1782 1632 1837 illius
1662 1781 1724 1837 in
1773 1781 2082 1853 explican-

421 1877 515 1932 dis
544 1875 863 1948 Scripturis
896 1891 909 1942 ;
947 1874 1051 1930 sed
1081 1873 1244 1929 idem
1275 1873 1604 1928 acerrimus
1640 1873 1858 1928 exstitit
1903 1871 2082 1928 tradi-

423 1965 600 2022 tionis
630 1965 930 2020 defensor.
966 1962 1154 2018 Probe
1197 1963 1357 2018 enim
1407 1961 1633 2018 sciebat
1676 1962 1930 2018 verbum
1981 1961 2081 2016 Dei

420 2070 544 2111 non
586 2054 777 2110 solum
834 2053 1056 2124 scripto
1111 2051 1189 2106 ab
1240 2051 1548 2123 apostolis,
1583 2051 1690 2106 sed
1734 2051 1911 2107 etiam
1943 2051 2080 2107 viva.

418 2160 566 2200 voce
597 2144 881 2200 traditum
904 2140 1392 2197 Ecclesias'fuisse
1417 2157 1429 2207 ;
1460 2145 1515 2196 et
1539 2141 1707 2213 quod
1733 2141 1992 2197 Ecclesia
2016 2140 2078 2196 in

419 2233 705 2289 omnibus
728 2231 965 2287 saeculis
990 2235 1333 2286 constanter
1353 2230 1576 2296 docuit,
1601 2230 1657 2285 id
1682 2247 1804 2286 non
1836 2230 2076 2285 aliunde

421 2338 608 2396 quam
632 2322 710 2377 ab
733 2319 1022 2394 apostolis
1043 2325 1362 2392 acceptum
1385 2334 1533 2390 esse,
1554 2336 1662 2375 nec
1687 2319 1765 2375 ab
1795 2336 1887 2385 eo,
1910 2319 2073 2391 quod

419 2412 790 2484 scripserunt
864 2409 1143 2483 apostoli,
1204 2409 1405 2464 divelli
1467 2425 1665 2480 posse,
1723 2410 1840 2465 nisi
1909 2408 2074 2463 aliud

417 2501 637 2574 scripto
666 2498 944 2572 apostoli,
982 2498 1149 2554 aliud
1169 2498 1308 2553 viva
1327 2515 1475 2554 voce
1505 2497 1783 2553 docuisse
1831 2497 2075 2566 ﬁngan-

415 2597 532 2648 tur.
568 2591 754 2659 Hujus
786 2590 1097 2644 sententiae
1131 2587 1486 2659 praeclarum
1528 2585 1768 2658 reliquit
1807 2586 2074 2643 testimo-

413 2679 584 2736 nium
642 2679 702 2734 in
749 2677 903 2733 libro
960 2678 1158 2749 primo
1210 2679 1500 2734 adversus
1552 2678 1936 2742 Eunomium,
1968 2677 2076 2748 qui

418 2786 555 2825 cum
579 2769 640 2824 in
669 2768 944 2824 doctrina
967 2767 1251 2823 divinitus
1278 2767 1540 2823 revelata
1569 2765 1850 2822 eamdem
1894 2784 1964 2822 ac
2013 2767 2072 2822 in

417 2859 600 2915 rebus
621 2857 1056 2930 pliilosophicis
1085 2857 1386 2912 licentiam
1410 2861 1653 2928 peteret,
1679 2873 1750 2911 ac
1770 2856 1827 2911 in
1863 2857 2075 2913 Catho-

413 2949 562 3004 licos
579 2948 902 3018 jocaretur.
925 2946 1097 3020 quasi
1121 2962 1194 3002 ex
1213 2946 1602 3002 multitudine
1623 2961 1825 3002 verum
1853 2961 1888 3000 a
1910 2947 2072 3014 falso

2203 449 2531 500 commento
2581 450 3090 514 postponeremus.
3171 449 3249 501 Ex
3323 446 3416 502 liis
3459 446 3844 518 perspicimus

2203 532 2409 587 omnia
2439 532 2664 588 diaboli
2692 534 2943 591 artiﬁcia
2965 536 3024 590 in
3039 535 3406 592 suscitandis
3432 535 3757 591 ban‘esibus
3779 552 3840 592 eo

2203 626 2528 690 spectasse.
2559 629 2620 678 ut
2659 624 3053 694 apostolicam
3111 624 3624 696 praedicationem,
3669 641 3838 698 quam

2202 709 2462 765 Ecclesia
2488 710 2663 766 veluti
2685 729 2923 768 sacrum
2945 713 3288 785 depositum
3313 715 3592 777 custodit,
3618 715 3841 787 penitus

2200 799 2596 866 convelleret;
2641 801 2744 856 sed
2777 803 2906 872 ejus
2946 806 3201 858 conatus
3248 803 3445 859 irritos
3474 805 3685 861 fuisse.
3742 803 3840 869 Qui

2199 902 2341 956 ergo
2385 890 2769 946 traditionem
2822 907 2932 960 per
2985 894 3365 960 prceteritum
3397 909 3570 949 omne
3625 900 3840 963 tempus

2198 978 2365 1046 apud
2384 984 2469 1034 tot
2485 986 2721 1035 sanctos
2745 981 3139 1050 praedicatam
3160 982 3615 1054 impugnarunt,
3650 982 3711 1038 hi
3734 997 3842 1037 non

2201 1066 2485 1137 Spiritum
2511 1074 2788 1125 sanetum
2821 1069 2881 1124 in
2911 1071 3230 1143 Scripturis
3254 1070 3719 1144 interpretandis
3739 1070 3838 1126 du-

2198 1171 2327 1210 cem
2358 1156 2722 1220 habuerunt,
2759 1158 2862 1213 sed
2889 1159 3112 1215 diaboli
3167 1159 3243 1214 ad
3301 1160 3694 1216 evertendam
3745 1162 3840 1214 Ec-

2197 1242 2440 1300 clesiam
2485 1246 2779 1301 emissarii
2828 1245 3014 1304 fuere.
3039 1248 3180 1303 llinc
3213 1248 3513 1303 hmresum
3553 1247 3838 1317 originem

2197 1347 2268 1387 ex
2300 1339 2648 1406 contemptu
2683 1339 3031 1392 sanctorum
3059 1339 3296 1392 Patrum
3343 1337 3556 1408 repetit
3600 1335 3838 1390 Basilius

2195 1422 2255 1477 in
2283 1425 2719 1480 commentario
2741 1425 2802 1482 in
2841 1427 3080 1482 Isaiam.
3112 1426 3414 1481 Nonnulli
3442 1431 3601 1494 sunt,
3634 1424 3836 1496 inquit,

2196 1513 2278 1584 (p.
2315 1515 2458 1583 555),
2493 1517 2598 1585 qui
2621 1531 2752 1571 cum
2782 1517 2995 1572 Patres
3015 1521 3068 1572 et
3091 1515 3322 1570 tradita
3349 1515 3424 1571 ab
3455 1515 3534 1571 eis
3565 1514 3841 1584 dogmata

2189 1601 2538 1669 fastidiant,
2572 1605 2688 1674 ipsi
2739 1605 3030 1661 hazresum
3085 1607 3337 1674 cupiunt
3391 1619 3514 1662 esse
3550 1609 3836 1661 auctores.

2125 1703 2164 1757 Β
2267 1691 2323 1749 Si
2376 1709 2499 1764 qua
2553 1710 2695 1749 sane
2735 1695 3023 1764 dogmata
3081 1695 3209 1750 sine
3257 1694 3576 1750 traditione
3605 1691 3839 1750 defendi

2193 1787 2442 1852 possent
2469 1789 2711 1854 propter
2735 1783 3115 1856 apertissima
3134 1784 3451 1856 Scripturaa
3483 1780 3837 1849 testimonia,

2190 1869 2253 1925 id
2283 1870 2664 1942 potissimum
2692 1871 2766 1927 de
2794 1873 2912 1928 Filii
2940 1889 3010 1929 ac
3038 1873 3288 1945 Spiritus
3319 1872 3510 1928 sancti
3537 1870 3838 1926 divinitate

2191 1960 2370 2016 statui
2391 1961 2656 2017 deberet.
2686 1963 2854 2018 Nullo
2885 1969 3082 2018 tamen
3112 1964 3171 2018 in
3212 1963 3496 2032 dogmate
3519 1961 3716 2018 acrius
3744 1959 3837 2016 de-

2190 2049 2646 2107 fensatraditio.
2672 2053 2860 2115 Quam
2889 2053 3297 2108 necessarium
3331 2052 3538 2108 sithoc
3568 2049 3836 2109 Ecclesiae

2188 2141 2556 2212 praesidium,
2584 2140 2859 2213 pluribus
2887 2141 3036 2197 locis
3061 2140 3326 2196 declarat
3359 2140 3630 2198 Basilius.
3662 2141 3739 2195 At
3767 2153 3836 2195 ne

2186 2244 2444 2298 separes,
2493 2229 2690 2302 inquit
2735 2231 2794 2284 in
2848 2229 3054 2286 homil.
3107 2233 3176 2284 24
3227 2231 3552 2302 (p.194),a
3583 2231 3766 2286 Patre
3785 2235 3836 2284 et

2184 2319 2342 2375 Filio
2397 2320 2692 2389 Spiritum
2731 2327 3026 2385 sanctum,
3072 2319 3407 2376 absterreat
3445 2324 3501 2375 te
3565 2319 3833 2376 traditio.

2184 2409 2286 2466 Sic
2324 2410 2600 2465 dominus
2633 2410 2855 2479 docuit,
2895 2410 3302 2479 praadicavere
3321 2409 3604 2479 apostoli,
3635 2411 3838 2463 Patres

2185 2514 2633 2565 conservavcre,
2667 2501 3050 2569 conﬁrmavei
3070 2515 3101 2556 e
3118 2505 3442 2568 martyres.

2256 2588 2372 2644 Sed
2401 2588 2704 2660 praecipue
2735 2590 2792 2644 in
2826 2589 2979 2644 libro
3010 2591 3095 2645 De
3117 2589 3352 2658 Spiritu
3377 2594 3582 2644 sancto
3621 2601 3835 2642 omnes

2183 2676 2405 2748 ingenii
2428 2677 2582 2732 vires
2609 2679 2668 2732 in
2699 2677 3081 2734 defendenda
3103 2677 3376 2734 catholici
3399 2676 3701 2747 dogmatis
3721 2679 3836 2732 tra-

2183 2765 2407 2822 ditione
2440 2765 2770 2836 profundit.
2804 2769 2879 2823 Id
2913 2769 3075 2838 quod
3121 2769 3510 2839 impugnatur
3542 2767 3688 2835 ﬁdes
3724 2771 3830 2830 est,

2181 2854 2377 2926 inquit
2403 2858 2560 2928 (cap.
2590 2861 2671 2926 to,
2703 2871 2840 2928 pag.
2879 2859 2990 2927 2t),
3015 2858 3180 2928 isque
3205 2872 3418 2926 scapus
3438 2861 3521 2912 est
3579 2870 3834 2910 commu-

2179 2946 2273 2999 nis
2305 2945 2577 3000 omnibus
2607 2947 2972 3002 adversariis
3001 2953 3055 3002 et
3108 2961 3272 3003 sanae
3297 2947 3590 3003 doctrinae
3634 2945 3834 3000 inimi-

411 3039 801 3105 secernerint,
833 3039 1056 3106 majori
1073 3037 1246 3106 parti
1278 3036 1509 3091 tributa
1534 3037 1761 3105 palma,
1795 3051 1865 3091 ac
1904 3038 2070 3105 prio-
2110 3056 2149 3111 ρ
2181 3035 2285 3101 cis,
2327 3041 2391 3090 ut
2424 3036 2789 3092 soliditatem
2821 3037 2960 3106 ﬁdei
2986 3039 3050 3092 in
3109 3037 3415 3092 Christum
3463 3036 3831 3100 concutiant,

413 3144 548 3182 rum
573 3128 806 3196 agmini
831 3142 1108 3182 concessa
1136 3127 1412 3190 victoria,
1435 3141 1613 3205 aures
1637 3125 2070 3194 posterioribus

414 3218 791 3283 obturarent,
818 3216 901 3270 sic
923 3231 958 3270 a
975 3222 1183 3271 sancto
1214 3215 1458 3272 doctore
1481 3216 1766 3271 refellitur
1786 3218 1870 3287 (p.
1899 3219 2027 3287 210)
2053 3232 2065 3271 :

415 3305 570 3372 Quid
599 3305 748 3359 dicis
769 3304 796 3359 ?
825 3305 1174 3372 palmamne
1221 3305 1424 3360 demus
1474 3305 1967 3375 antiquioribus?
1997 3321 2071 3362 ne

411 3409 798 3450 revereamur
845 3393 1291 3447 multitudinem
1353 3393 2070 3464 Christianormnmeque

409 3498 612 3539 eorum
639 3484 743 3552 qui
763 3497 924 3536 nunc
941 3487 1099 3546 sunt,
1127 3495 1313 3550 neque
1337 3496 1538 3535 eorum
1570 3483 1676 3550 qui
1698 3482 1974 3548 fuerunt,
1993 3496 2068 3536 ex

409 3586 524 3643 quo
546 3571 949 3640 praedicatum
975 3576 1056 3624 est
1105 3569 1502 3636 Evangelium
1533 3571 1561 3622 ?
1602 3569 1691 3623 Ne
1729 3574 2066 3636 reputemus

407 3662 767 3730 dignitatem
809 3675 1034 3729 eorum,
1072 3661 1176 3731 qui
1202 3659 1373 3715 donis
1420 3659 1838 3727 spiritualibus
1869 3661 2066 3728 cujus-

406 3767 643 3821 cunque
681 3751 918 3820 generis
972 3750 1368 3814 claruerunt;
1402 3747 1615 3818 quibus
1643 3747 1914 3803 omnibus
1957 3748 2067 3803 ini-

405 3840 622 3895 micam
655 3845 709 3894 et
739 3840 1057 3894 adversam
1099 3838 1256 3892 hanc
1310 3838 1465 3892 viam
1505 3837 1831 3904 impietatis
1860 3851 2065 3892 recens

404 3931 760 3998 excogitasti
789 3942 810 3995 ,'
839 3927 941 3983 sed
971 3928 1191 3982 clausis
1234 3940 1486 3995 prorsus
1526 3927 1743 3981 animae
1773 3927 1984 3992 oculis,
2007 3931 2064 3981 et

403 4018 604 4073 sancti
644 4016 965 4086 cujuslibet
1014 4017 1132 4070 viri
1168 4017 1455 4070 memoria
1486 4030 1516 4069 e
1553 4019 1747 4070 mente
1785 4015 2057 4083 depulsa,

402 4108 810 4178 unusquisque
847 4121 950 4160 cor
999 4110 1272 4160 nostrum
1327 4105 1578 4158 otiosum
1606 4119 1678 4160 ac
1725 4109 2058 4174 purgatum

401 4195 779 4264 captionibus
834 4211 904 4250 ac
944 4194 1326 4262 sophismatis
1362 4195 1477 4247 tuis
1524 4192 1894 4248 subdamus?
1925 4199 2058 4248 Am-

396 4281 521 4350 bigi
554 4298 677 4338 non
708 4287 906 4354 potest
938 4285 1141 4337 utrum
1171 4281 1412 4336 imitata:
1443 4280 1561 4335 sint
1603 4287 1872 4336 recentes
1927 4297 2056 4336 sec-

2178 3127 2571 3193 apostolicam
2605 3126 2988 3182 traditionem
3030 3128 3156 3182 solo
3179 3133 3476 3198 arquatum
3517 3124 3832 3181 abolendo.

2177 3213 2268 3268 Ea
2298 3221 2564 3284 propter,
2597 3216 2750 3270 sicut
2797 3217 2904 3286 qui
2959 3216 3126 3272 bona:
3174 3216 3320 3284 fidei
3345 3215 3637 3270 debitores
3666 3220 3831 3282 sunt,

2174 3303 2558 3372 probationes
2579 3320 2609 3360 e
2644 3306 2958 3374 Scriptura
2989 3307 3250 3361 clamore
3279 3305 3543 3374 exigunt,
3586 3307 3834 3360 Patrum

2177 3395 2601 3462 testimonium,
2624 3394 2784 3464 quod
2805 3396 3096 3464 scriptum
3128 3409 3247 3450 non
3275 3400 3378 3463 est,
3409 3395 3571 3450 velut
3597 3393 3835 3448 nullius

2174 3484 2461 3536 momenti
2488 3476 2843 3550 rejicientes.
2878 3486 2943 3538 Et
2967 3499 3100 3554 cap.
3125 3487 3191 3538 27
3225 3488 3309 3554 (p.
3339 3485 3424 3542 54)
3460 3499 3473 3536 :
3507 3482 3605 3537 Ea:
3642 3496 3836 3538 asser-

2178 3569 2329 3622 valis
2360 3569 2422 3622 in
2450 3570 2712 3624 Ecclesia
2749 3570 3126 3639 dogmatibus
3175 3577 3228 3625 et
3268 3569 3831 3637 praedicationibus,

2175 3658 2300 3713 alia
2332 3658 2566 3727 quidem
2592 3657 2875 3714 habemus
2905 3673 2936 3714 e
2963 3659 3238 3714 doctrina
3285 3659 3526 3727 Scripta
3550 3657 3832 3726 prodita,

2174 3746 2297 3802 alia
2335 3763 2474 3803 vero
2505 3747 2670 3803 nobis
2697 3748 2759 3802 in
2789 3749 3074 3817 mysterio
3117 3747 3344 3802 tradita
3393 3750 3723 3816 recepimus
3753 3762 3836 3804 ea:

2173 3837 2496 3893 traditione
2511 3838 2913 3906 apostolorum
2932 3857 2953 3891 .·
2983 3852 3235 3910 quorum
3265 3843 3523 3909 utraque
3535 3837 3652 3894 vim
3669 3851 3803 3894 eam
3814 3879 3835 3887 -

2172 3926 2302 3982 dem
2332 3926 2550 3982 habent
2577 3928 2658 3982 ad
2681 3931 3003 3997 pietatem;
3028 3942 3136 3983 nec
3153 3928 3222 3982 iis
3245 3929 3559 3999 quisquam
3581 3933 3832 3984 contra-

2170 4017 2325 4073 dicet
2360 4034 2374 4072 :
2403 4017 2611 4072 nullus
2642 4022 2818 4079 certe,
2851 4017 2957 4087 qui
2987 4018 3078 4072 vel
3109 4018 3276 4072 tenui
3317 4017 3690 4086 experientia
3720 4033 3830 4072 no-

2172 4107 2319 4162 verit
2342 4121 2473 4177 qua:
2502 4108 2724 4176 scripto
2740 4107 3000 4175 proditae
3021 4122 3139 4161 non
3168 4112 3327 4173 sunt,
3344 4114 3634 4178 tanquam
3654 4104 3832 4162 haud

2166 4197 2422 4251 multum
2458 4196 2738 4252 habentes
2785 4199 3068 4252 momenti
3089 4196 3524 4266 aggrediamur
3549 4195 3827 4264 rejicere,

2164 4284 2574 4353 imprudentes
2597 4286 3002 4356 Evangelium
3029 4287 3087 4340 in
3121 4286 3265 4355 ipsis
3294 4284 3468 4341 rebus
3489 4285 3830 4354 praecipuis

398 4376 493 4439 tie,
526 4371 811 4428 Basilium
843 4387 922 4427 an
963 4374 1327 4427 Eunomium
1357 4391 1378 4425 .-
1410 4375 1610 4426 utrum
1660 4386 1800 4426 cum
1841 4369 2054 4426 Basilio
2085 4398 2130 4452 Ι)
2166 4373 2465 4439 (sedemus,
2513 4376 2627 4430 imo
2667 4376 2867 4443 potius
2921 4375 3416 4449 praedicationem
3455 4374 3536 4430 ad
3582 4373 3824 4428 nudum

397 4465 749 4517 sanctorum
780 4465 1015 4516 Patrum
1045 4460 1480 4526 auctoritatem,
1507 4476 1578 4515 ac
1605 4459 2052 4516 multitudinem

394 4549 872 4606 Christianorum
931 4550 1229 4618 omnium,
1286 4555 1414 4605 tum
1467 4565 1676 4605 eorum
1729 4549 1832 4621 qui
1887 4565 2051 4605 nunc

392 4645 551 4706 sunt,
583 4644 708 4695 tum
728 4655 938 4695 eorum
967 4639 1072 4712 qui
1102 4639 1180 4694 ab
1207 4638 1480 4694 Ecclesia;
1509 4643 1642 4694 ortu
1673 4639 2044 4707 exstiterunt,

387 4730 657 4784 reverita:
681 4729 824 4797 sint;
855 4745 932 4784 an
956 4745 1093 4784 cum
1126 4729 1419 4784 Eunomio
1448 4734 1678 4784 tantam
1730 4729 2046 4785 auctorita-

387 4820 506 4872 tem
537 4818 700 4873 tricis
726 4822 782 4874 et
808 4817 1290 4874 cavillationibus
1317 4817 1774 4888 exagitaverint.

454 4909 583 4963 Non
622 4907 874 4962 minoris
906 4907 1196 4962 momenti
1243 4906 1517 4962 videntur
1573 4923 1702 4962 esse
1754 4924 1888 4980 quas
1945 4925 2043 4964 se-

382 5003 673 5068 quuntur.
732 4997 960 5066 Magna
1011 4999 1303 5066 pro/ccio,
1354 4996 1544 5068 inquit
1602 4997 1724 5068 (ib.,
1778 5013 1837 5069 p.
1888 5001 2034 5070 211),

374 5086 533 5155 foret
563 5094 667 5143 tua
701 5087 983 5156 potentia,
1017 5089 1069 5141 si
1097 5103 1224 5157 qua
1253 5088 1584 5157 multiplici
1619 5103 1724 5143 suo
1774 5090 2034 5157 artiﬁcio

376 5175 652 5233 diabolus
685 5182 1028 5232 consecutus
1051 5193 1169 5231 non
1197 5182 1302 5243 est,
1331 5192 1401 5233 ea
1450 5177 1560 5232 tibi
1603 5179 1728 5233 solo
1783 5179 2032 5247 imperio

374 5268 612 5338 assequi
653 5269 1055 5338 contingeret;
1088 5269 1142 5322 si
1195 5268 1464 5324 videlicet
1490 5283 1785 5338 persuasu
1814 5284 1885 5325 ac
1943 5270 2028 5324 in-

370 5354 556 5410 ductu
585 5363 687 5412 tuo
719 5358 1124 5421 traditionem,
1153 5373 1284 5429 quas
1308 5373 1422 5428 per
1457 5360 1834 5428 praeteritum
1862 5375 2030 5415 omne

437 5531 552 5604 (10)
587 5533 815 5593 Medul.
855 5505 1053 5611 theoll,
1081 5543 1238 5612 part.
1265 5553 1343 5597 tv.

2160 4477 2373 4519 nomen
2403 4465 2850 4521 contrahemus.
2911 4464 3024 4519 Cur
3050 4463 3131 4518 ad
3169 4463 3553 4519 traditionem
3612 4460 3826 4518 confu-

2160 4551 2450 4619 giendum
2500 4553 2594 4621 sit,
2655 4558 2719 4608 ut
2779 4552 3056 4608 doctrina.
3104 4551 3377 4608 Ecclesiae
3424 4549 3822 4624 percipiatur,

2155 4639 2314 4698 hanc
2345 4643 2528 4698 etiam
2558 4642 2730 4699 affert
2779 4642 3075 4700 rationem
3106 4653 3185 4714 (p.
3209 4643 3320 4714 55),
3351 4641 3516 4714 quod
3555 4657 3678 4698 non
3709 4656 3822 4697 so-

2152 4729 2281 4786 lum
2330 4733 2536 4788 omnia
2568 4732 2886 4805 Scripturis
2909 4732 3265 4803 consignata
3292 4748 3417 4788 non
3437 4730 3676 4798 fuerint,
3703 4731 3822 4786 sed

2152 4822 2334 4879 etiam
2373 4823 2505 4896 ipsa
2537 4823 2842 4895 Scriptura
2899 4822 3262 4879 obscuritate
3309 4820 3579 4893 quadam
3619 4819 3820 4876 invol-

2151 4918 2344 4968 vatur.
2378 4915 2485 4968 Est
2511 4920 2709 4969 autem
2743 4913 2971 4968 silentii
2995 4914 3214 4981 species
3235 4913 3411 4968 etiam
3441 4910 3813 4976 obscuritas,

2147 5017 2266 5072 qua
2318 5003 2513 5056 utitur
2554 5002 2898 5070 Scriptura,
2947 5002 3255 5056 intellectu
3303 5000 3615 5069 difﬁcilem
3674 4998 3815 5053 red-

2144 5092 2287 5147 dens
2318 5091 2665 5160 dogmalum
2726 5094 3083 5148 sententiam
3138 5089 3316 5161 idque
3343 5090 3424 5145 ad
3481 5088 3813 5158 legentium

2143 5180 2468 5234 utilitatem
2499 5179 2582 5250 (p.
2613 5181 2764 5248 206).

2213 5268 2486 5340 Speravit
2509 5267 2806 5324 Scultetus
2825 5268 2955 5324 haec
2981 5268 3143 5325 eludi
3173 5285 3375 5342 posse,
3408 5268 3457 5325 si
3481 5267 3643 5325 hanc
3662 5282 3812 5341 par-

2138 5362 2256 5417 tem
2282 5358 2417 5416 libri
2447 5361 2533 5416 De
2561 5360 2796 5430 Spiritu
2821 5365 3051 5431 sancto,
3079 5376 3152 5416 ex
3172 5375 3298 5432 qua
3321 5362 3701 5433 postremum
3723 5363 3810 5416 te-
