4062 6208
499 273 569 327 4⁸7

2005 264 2388 320 ΡΒᾹΞΡᾹἹῚΟ.
3828 280 3885 334 48

496 398 598 453 site
630 412 753 452 suae
807 393 1302 452 consuetudinem
1358 389 1749 463 apponebant
1789 391 2149 444 Pneumato-
2182 392 2228 442 Α
2257 403 2426 443 omne
2464 396 2571 445 aut
2620 406 2712 448 res
2757 394 3089 454 testimonio
3119 395 3341 453 divina:
3366 397 3701 466 Scripturce
3731 398 3885 467 obﬁr~

495 487 697 544 machi
725 503 737 542 :
767 486 827 542 in
852 485 966 542 hac
996 481 1497 539 consuetudinum
1528 480 1832 548 varietate,
1864 476 2011 549 quid
2042 477 2150 532 mi—

492 590 630 635 rum
656 574 704 633 si
734 576 812 632 ad
844 574 1210 645 Scripturam
1257 574 1548 643 provocat
1580 568 1830 624 Basilius
1852 568 1880 623 ?
1906 572 1974 622 At
2005 570 2147 621 Pro-

496 671 798 735 testantes,
833 679 968 719 cum
1016 677 1244 717 novum
1294 659 1604 729 religionis
1634 673 1825 727 genus
1858 655 2148 713 condide-

492 765 776 829 runt,non
805 754 1069 809 habuere
1090 750 1593 806 consuetudinem
1617 754 1718 804 aut
1743 747 2147 812 traditionem,

490 864 673 921 quam
728 840 1027 898 constanti
1069 838 1348 895 Ecclesiae
1401 838 1707 894 traditioni
1750 840 2143 909 opponerent.

490 937 577 993 Uti
598 949 741 1002 ergo
768 946 891 986 non
922 933 1179 1003 possunt
1204 928 1557 984 auctoritate
1589 926 1803 996 Basilii,
1840 925 1942 998 qui
1968 923 2147 980 tradi-

484 1024 707 1080 tionem
734 1020 1090 1090 non’rejicit,
1120 1017 1225 1073 sed
1270 1018 1412 1092 quia
1464 1018 1663 1073 inesse
1714 1014 2056 1086 ﬁngebatur
2083 1012 2144 1067 in

482 1112 882 1170 Ecclesiarum
912 1108 1453 1167 consuetudinibus
1481 1107 1763 1173 varietas,
1784 1105 1861 1162 ad
1887 1103 2145 1175 Scriptu-

478 1212 612 1258 ram
645 1200 935 1269 confugit.

548 1317 605 1368 2°
640 1308 774 1367 Haec
808 1308 1145 1368 traditionis
1176 1307 1435 1363 varietas
1458 1320 1693 1361 merum
1721 1308 1809 1359 est
1837 1315 2142 1359 common-

475 1406 604 1460 tum
630 1394 1639 1458 Pneumatomachorum.Solebant
1660 1393 1819 1448 enim
1835 1398 2137 1447 utnovum

474 1488 1059 1565 exagitarc,quiquid
1079 1487 1321 1542 illorum
1352 1484 1657 1540 evertebat
1680 1482 2137 1539 hreresimﬂinc

471 1579 973 1639 consuetudinem
1032 1574 1407 1648 gloriﬁcandi
1468 1588 1608 1630 cum
1666 1577 1834 1629 Patre
1875 1580 1931 1628 et
1993 1573 2135 1629 Filio

472 1671 747 1743 Spiritus,
774 1684 961 1741 quam
1018 1663 1265 1722 Basilius
1293 1664 1353 1720 in
1383 1664 1670 1719 omnibus
1731 1662 2004 1718 Ecclesiis
2048 1663 2133 1717 vi-

2257 476 2482 531 manda
2508 485 2647 534 sunt
2697 480 2777 537 ad
2806 482 3105 551 integram
3147 487 3593 552 persuasionem
3626 486 3888 542 bonorum

2255 569 2311 618 et
2340 565 2421 619 ad
2467 568 2763 623 malorum
2817 571 3261 628 verecundiam.
3296 576 3359 629 Et
3389 589 3516 642 reg.
3543 576 3629 641 80,
3655 590 3779 647 cap.
3809 579 3885 646 22,

2254 652 2359 708 ubi
2390 656 2589 711 statuit
2621 658 2928 728 proprium
2976 676 3111 717 esse
3154 660 3349 717 ﬁdelis
3380 662 3529 718 nihil
3557 679 3629 719 ex
3655 663 3743 718 his
3770 680 3886 735 qua:

2254 743 2473 814 scripta
2504 751 2642 801 sunt
2666 747 2911 816 rejicere
2933 749 3156 804 audere
3186 754 3291 807 aut
3318 751 3659 824 quidquam
3680 752 3767 807 his
3796 752 3886 807 ad-

2251 830 2413 886 dere.
2435 833 2672 890 Etenim
2704 836 2898 907 inquit
2925 838 3196 903 Basilius,
3228 842 3282 895 si
3309 855 3479 896 omne
3500 841 3659 911 quod
3684 858 3795 897 non
3813 848 3884 897 est

2251 934 2326 974 ex
2344 922 2463 988 ﬁde
2481 930 2792 990 peccatum
2825 932 2927 987 est,
2959 931 3023 981 ut
3052 927 3133 981 ait
3162 928 3481 998 Apostolus
3505 931 3606 998 ¹¹,‹‹
3632 930 3773 997 ﬁdes
3797 945 3888 985 au-

2251 1014 2365 1064 tem
2384 1024 2458 1066 ex
2475 1012 2691 1068 auditu
2712 1015 3070 1074 est,auclitus
3087 1022 3282 1072 autem
3303 1033 3413 1085 per
3431 1018 3672 1074 verbum
3693 1020 3886 1086 θείειν)

2251 1112 2422 1154 omne
2440 1100 2600 1169 quod
2629 1108 2710 1156 est
2732 1108 2908 1159 extra
2939 1104 3204 1161 divinam
3235 1107 3641 1177 Scripturam,
3666 1123 3794 1163 cum
3815 1122 3890 1164 ea:

2246 1187 2367 1255 ﬁde
2382 1203 2503 1244 non
2534 1192 2945 1259 smper-catum
2970 1201 3074 1249 est.
3095 1194 3259 1249 Idem
3290 1194 3582 1251 Scultetus
3614 1195 3891 1252 nonnulla

2250 1275 2370 1333 alia
2406 1278 2629 1347 colligit
2662 1280 2819 1351 ioca,
2844 1282 2904 1337 in
2942 1283 3164 1354 quibus
3203 1284 3473 1340 similiter
3519 1284 3795 1348 sancitur,
3818 1300 3888 1340 ne

2249 1366 2395 1438 quid
2413 1368 2673 1424 addatur
2694 1378 2798 1425 aut
2823 1371 3172 1428 detrahatur
3203 1389 3388 1429 sacrae
3422 1375 3887 1445 Scripturte.Quzn

2247 1459 2450 1512 autem
2480 1472 2603 1514 non
2644 1466 2784 1515 sunt
2833 1462 3072 1532 scripta,
3108 1478 3179 1518 ea
3204 1478 3315 1533 pro
3362 1462 3563 1518 liberis
3619 1463 3893 1520 habenda

2246 1545 2551 1603 concludit
2569 1563 2640 1603 ex
2661 1548 2752 1603 his
2772 1550 3096 1621 verbis(15)
3118 1568 3130 1605 :
3159 1553 3449 1619 Quoniam
3471 1553 3592 1608 alia
3616 1553 3675 1607 in
3693 1556 3894 1609 sancta

2243 1634 2568 1704 Scriptura
2598 1652 2706 1706 per
2733 1639 2976 1694 Domini
3002 1641 3361 1697 mandatum
3396 1641 3707 1697 declarata
3738 1647 3887 1710 sunt,

1015 1717 1729 1826 vifg‘ui's'sendemonstrat,
1763 1755 1876 1819 (t2)
1906 1768 2132 1807 novam
2163 1742 2207 1796 Β
2242 1717 2621 1832 alia‘siten't'io
2637 1730 3038 1832 praetermissa
3059 1730 3173 1801 ,‘tle
3193 1731 3515 1832 iisquiclem
3532 1745 3663 1801 qua:
3678 1730 3893 1799 scripta

464 1866 594 1907 esse
617 1853 674 1905 et
703 1847 781 1904 ab
814 1845 1075 1903 Ecclesia
1101 1844 1349 1900 minime
1380 1843 1703 1917 probatam
1752 1841 2127 1914 dictitabant.

465 1941 621 2010 Quin
650 1941 832 1997 etiam
856 1938 919 1994 in
948 1938 1060 1994 hac
1092 1936 1225 2009 ipsa
1255 1934 1513 2009 epistola
1546 1936 1996 2007 189,postquam
2021 1934 2129 1987 Ec-

462 2032 658 2090 clesim
706 2047 830 2086 suae
861 2026 1362 2086 consuetudinem
1392 2024 1692 2096 objecere,
1730 2023 1933 2080 statim
1962 2023 2130 2078 vani'

458 2125 643 2177 tatem
677 2124 732 2175 et
763 2116 1151 2173 mendacium
1182 2112 1560 2181 conﬁtentur,
1599 2126 1670 2168 ac
1693 2127 1879 2168 unam
1910 2111 1970 2166 in
1996 2108 2129 2184 per'

459 2209 625 2265 sonis
668 2207 888 2263 divinis
927 2205 1211 2260 deitatem
1261 2218 1384 2258 non
1432 2201 1801 2274 improbant,
1830 2202 2015 2258 modo
2047 2201 2127 2257 ad

460 2298 742 2371 Spiritum
772 2299 1052 2353 sanctum
1075 2308 1199 2350 non
1229 2291 2124 2363 extendatur.Sedapertius,in'

455 2386 587 2461 quit
615 2385 867 2442 Basilius
889 2387 970 2457 (n.
1019 2387 1095 2455 4),
1121 2382 1414 2440 orationis
1444 2396 1565 2438 suae
1588 2381 1825 2437 nudant
1856 2374 2125 2451 propest"

458 2483 583 2533 tum
617 2477 828 2533 :Patri
876 2475 1114 2548 quidem
1161 2473 1500 2539 convenire,
1532 2478 1597 2527 ut
1629 2475 1781 2528 Deus
1809 2473 1883 2528 sit
1925 2486 1997 2528 ac
2016 2472 2122 2529 Fi-

458 2567 600 2624 lium
632 2567 911 2623 similiter
938 2564 1275 2621 divinitatis
1323 2564 1562 2618 nomine
1610 2561 1903 2619 honorari
1932 2577 2123 2619 assen-

456 2659 713 2727 tientes;
754 2656 1049 2725 Spiritum
1103 2667 1261 2721 vero,
1294 2653 1400 2724 qui
1452 2667 1578 2707 una
1628 2666 1764 2707 cum
1821 2651 2010 2707 Patre
2064 2656 2121 2708 et

454 2748 614 2806 Filio
686 2750 1068 2813 numeratur,
1141 2743 1481 2800 divinitatis
1560 2743 1799 2798 notione
1880 2742 2124 2798 minime

455 2837 892 2909 comprehendi,
924 2834 1029 2891 sed
1046 2848 1084 2891 a
1112 2834 1303 2889 Patre
1320 2832 1402 2889 ad
1436 2832 1661 2888 Filium
1707 2846 1891 2902 usque
1920 2833 2121 2888 termi-

455 2934 607 2987 nata
649 2926 981 2983 divinitatis
1022 2924 1313 2994 potentia,
1346 2927 1651 2979 naturam.
1671 2922 1932 2991 Spiritus
1962 2936 2000 2979 a
2031 2922 2118 2978 di-

458 3022 603 3077 vina
629 3017 830 3090 gloria
859 3016 1109 3073 secerni.

2240 1821 2403 1883 sunt,
2432 1817 2592 1871 nulli
2624 1819 2865 1873 omnino
2909 1819 3043 1874 licet
3073 1825 3180 1876 aut
3211 1820 3446 1891 aliquid
3467 1820 3674 1888 facere
3694 1834 3891 1876 eorum

2240 1920 2375 1977 qua?
2404 1907 2587 1962 vetita
2617 1912 2778 1975 sunt,
2820 1914 2921 1962 aut
2954 1910 3191 1979 aliquid
3228 1912 3498 1965 omittere
3526 1924 3729 1965 eorum
3764 1924 3893 1981 qute

2228 2002 2405 2066 jussu
2441 2002 2652 2052 sunt...
2682 1997 2757 2053 de
2785 1999 2855 2052 iis
2904 2014 3042 2054 vero
3067 2015 3202 2069 qua?
3231 2001 3468 2056 silentio
3493 2000 3893 2069 praetermissa

2236 2090 2395 2154 sunt,
2423 2086 2697 2155 regulam
2743 2086 2911 2141 nobis
2966 2088 3222 2143 tradidit
3279 2089 3589 2157 apostolus
3640 2088 3895 2152 Paulus,

2236 2190 2370 2231 cum
2399 2174 2549 2231 dixit
2580 2190 2604 2231 ,ο
2630 2196 2657 2224 ‹‹
2684 2175 2896 2231 Omnia
2952 2177 3104 2232 mihi
3158 2178 3360 2244 licent,
3392 2178 3497 2235 sed
3543 2194 3664 2233 non
3694 2179 3897 2235 omnia

2234 2265 2581 2334 expediunt.
2636 2266 2821 2321 Nemo
2871 2267 3032 2337 quod
3085 2282 3258 2323 suum
3318 2273 3402 2323 est
3454 2274 3690 2340 quwrat
3730 2283 3754 2324 .·
3799 2267 3899 2325 sed

2233 2354 2393 2425 quod
2432 2355 2684 2411 alterius
2737 2356 3163 2428 unusquisque.
3194 2379 3223 2406 »
3253 2357 3446 2424 Quare
3495 2372 3729 2415 necesse
3776 2373 3899 2414 om-

2230 2445 2374 2499 nino
2405 2450 2490 2500 est
2546 2449 2655 2500 aut
2708 2445 2829 2500 Deo
2875 2460 2951 2501 ex
2993 2446 3121 2514 ejus
3168 2446 3454 2503 mandato
3502 2446 3743 2516 subjici,
3784 2452 3899 2503 aut

2230 2534 2368 2591 aliis
2387 2540 2644 2605 propter
2663 2535 3020 2592 mandatum
3046 2536 3234 2593 illius.

2304 2658 2533 2715 inutilis
2557 2676 2703 2717 sane
2750 2660 2991 2718 Sculteti
3020 2660 3194 2718 labor
3214 2662 3273 2718 in
3300 2660 3600 2734 ejusmodi
3624 2667 3899 2727 testimo-

2228 2749 2342 2839 niis
2374 2748 2746 2819 colligendis.
2783 2754 2847 2805 ln
2878 2750 3074 2823 primo
3107 2750 3356 2808 Basilius
3390 2758 3601 2810 auctor
3629 2759 3899 2823 est,utin
3926 2812 3955 2839 θ

2229 2838 2611 2896 adhortando
2646 2845 2702 2895 et
2732 2840 3099 2913 increpando
3132 2840 3536 2899 adhibeantur
3567 2845 3899 2918 Scripturas

2227 2928 2571 2985 testimonia
2595 2949 2609 2997 ς
2643 2929 2859 2985 deinde
2882 2930 2963 2986 ait
2988 2933 3049 2986 in
3086 2932 3363 3004 sequenti
3390 2934 3687 3005 capite,iis
3708 2938 3901 2996 etiam

2226 3032 2358 3091 quas
2389 3020 2451 3075 in
2492 3022 2714 3075 natura
2761 3025 2870 3076 aut
2908 3022 3339 3078 consuetudine
3370 3024 3508 3079 vita
3554 3032 3697 3082 nota
3723 3034 3901 3097 sunt,

527 3133 582 3183 3°
608 3128 736 3192 Quo
761 3128 1031 3197 tempore
1077 3121 1334 3180 Basilius
1362 3121 1441 3178 ad
1468 3120 1843 3177 Eustathium
1885 3120 2119 3178 archia-

2244 3107 2515 3163 utendum
2544 3122 2665 3163 esse
2689 3108 2771 3164 ad
2799 3110 3311 3177 conﬁrmationem
3340 3126 3543 3169 eorum
3566 3129 3702 3185 qute
3728 3116 3907 3184 ﬁunt

455 3221 613 3274 trum
643 3215 803 3272 hanc
832 3214 1069 3287 scripsit
1116 3211 1453 3285 epistolam,
1483 3210 1804 3268 consilium
1833 3210 2119 3284 suscepit,

453 3305 858 3379 Amphilochii
885 3309 1123 3376 rogatu,
1156 3301 1463 3358 scribendi
1513 3301 1802 3357 adversus
1832 3304 2122 3359 Penuma-

452 3396 772 3453 tomachos
799 3394 937 3450 libri
968 3396 1055 3451 De
1083 3394 1317 3464 Spiritu
1367 3396 1575 3448 sancto
1610 3407 1623 3445 :
1656 3395 1713 3447 et
1750 3407 1888 3447 cum
1920 3391 1980 3447 in
2005 3391 2122 3447 hoc

454 3502 639 3559 opere
680 3484 1066 3541 traditionem
1095 3489 1218 3539 tam
1258 3480 1471 3538 acriter
1510 3480 1813 3547 defendat,
1842 3497 2021 3538 nemo
2053 3482 2120 3537 il-

445 3576 571 3633 lam
599 3576 657 3631 in
685 3572 949 3647 epistola
971 3572 1257 3644 rejectam
1288 3568 1587 3642 suspicari
1613 3569 2121 3641 possit.Praiterea

448 3682 589 3721 cum
619 3666 914 3738 provocat
942 3661 1023 3717 ad
1049 3662 1386 3733 Scripturas
1423 3658 1697 3730 Basilius,
1729 3675 1872 3729 non,
1897 3665 1956 3715 ut
1988 3663 2121 3716 Pro-

444 3760 971 3820 testantes,earum
992 3749 1548 3823 interpretationem
1562 3749 1856 3821 cujusque
1871 3748 2118 3806 arbitrio

443 3842 965 3919 permittit.Neipsi
991 3842 1240 3914 quidem
1273 3839 1806 3897 Pncumatomachi
1822 3839 1978 3895 hanc
2002 3840 2117 3897 sibi

449 3934 740 3990 icentiam
772 3931 1169 4003 arrogabant.
1205 3930 1494 3997 Quamvis
1534 3928 1697 3985 enim
1730 3928 1843 3983 sub
1875 3929 2114 3986 Valente

446 4023 775 4097 plurimum
802 4026 1072 4095 possent,
1106 4018 1253 4093 quia
1291 4024 1498 4075 tamen
1529 4018 1591 4074 in
1625 4017 1885 4074 Ecclesia
1918 4018 2113 4075 domi-

445 4113 579 4170 nari
598 4118 654 4169 et
681 4112 925 4185 plebem
956 4127 1130 4167 suam
1172 4109 1370 4166 facere
1401 4108 1706 4175 volebant,
1739 4108 2113 4180 cogebantur

444 4208 510 4260 ut
539 4203 867 4276 plurimum
899 4217 1035 4257 sese
1057 4201 1134 4257 ad
1158 4200 1408 4256 usitatas
1439 4214 1501 4255 1n
1536 4198 1794 4259 Ecclesia
1814 4199 2106 4271 interpre-

436 4293 697 4349 tationes
752 4291 1066 4362 Scripturas
1118 4290 1611 4346 accommodare.
1641 4288 1786 4345 Hinc
1812 4304 1972 4345 anno
2003 4293 2101 4346 111

2228 3203 2335 3254 aut
2361 3198 2670 3254 dicuntur.
2700 3198 2842 3264 Quis
2895 3197 3033 3254 inde
3083 3200 3253 3271 sequi
3311 3202 3669 3274 suspicetur,
3700 3219 3908 3276 penes

2231 3287 2602 3361 Scripturam
2630 3287 2823 3344 solam
2855 3288 3170 3346 arbitrium
3197 3306 3325 3346 esse
3353 3296 3408 3347 et
3437 3307 3717 3349 normam
3752 3296 3912 3353 diri-

2229 3377 2591 3434 mendarum
2658 3378 3221 3451 controversiarum,
3273 3396 3383 3437 nec
3448 3381 3616 3438 verbi
3654 3382 3905 3457 .divini,

2229 3465 2395 3537 quod
2442 3466 2521 3522 ab
2570 3467 2862 3538 apostolis
2917 3467 3057 3525 viva
3111 3484 3257 3524 voce
3310 3469 3706 3541 praedicatum
3762 3478 3912 3532 tota

2230 3554 2490 3611 Ecclesia
2520 3557 2799 3624 custodit,
2832 3556 3177 3613 habendam
3199 3574 3331 3613 esse
3357 3559 3652 3615 rationem
3675 3562 3704 3617 ?

2299 3681 2447 3734 Cum
2492 3682 2654 3734 vetat
2702 3678 2949 3735 Basilius
2978 3695 3053 3735 nc
3081 3680 3226 3752 quid
3262 3681 3525 3738 addatur
3559 3683 3914 3757 Scripturas

2226 3771 2331 3822 aut
2358 3767 2732 3838 detrahatur,
2756 3784 3148 3840 nequaquam
3181 3768 3443 3826 excludit
3471 3771 3911 3835 traditionem.

2228 3861 2407 3915 Docet
2435 3858 2595 3914 enim
2624 3858 2734 3930 (16)
2758 3857 3110 3915 adhibenda
3136 3874 3266 3915 esse
3293 3862 3352 3914 in
3384 3860 3725 3918 refellendis
3755 3864 3914 3924 has-

2222 3947 2420 4003 reticis
2441 3963 2512 4003 ea
2540 3947 2788 4003 nomina
2809 3952 2866 4003 et
2904 3947 3111 4014 verba,
3139 3950 3432 4019 quaeipsis
3454 3951 3692 4021 quidem
3725 3955 3916 4013 litte-

2220 4040 2301 4094 ris
2325 4044 2377 4094 et
2399 4037 2651 4108 syllabis
2668 4039 2730 4093 in
2750 4038 3069 4107 Scriptura
3089 4039 3296 4094 divina
3322 4055 3441 4094 non
3464 4044 3915 4118 reperiuntur,

2217 4127 2322 4184 sed
2346 4132 2545 4182 tamen
2566 4141 2694 4182 eam
2717 4141 2897 4197 quam
2913 4128 3165 4195 pra/ert
3188 4127 3495 4198 Scriptura
3516 4134 3915 4191 sententiam

2215 4224 2479 4275 servant.
2511 4218 2651 4284 Qua:
2682 4233 2818 4274 vero
2846 4222 3070 4286 praeter
3094 4218 3375 4274 dictionis
3420 4223 3753 4279 novitatem
3790 4242 3917 4282 no-

2214 4322 2349 4363 vum
2379 4307 2555 4363 etiam
2587 4321 2820 4362 sensum
2861 4311 2916 4362 et
2940 4308 3329 4378 peregrinum
3370 4308 3537 4365 nobis
3567 4311 3919 4384 exhibent,

440 4399 582 4439 cum
614 4382 897 4471 Bafilitlm
923 4379 1305 4471 ωδῙΟξῐιὶωο
1331 4378 1830 4471 οδεθΐνθνεξοίνάθ
1853 4378 2105 4471 spiritalis
2138 4462 2171 4471 κ
2210 4409 2453 4467 quaeque
2484 4411 2602 4451 non
2626 4396 3017 4463 inveniuntur
3036 4404 3335 4457 usurpata
3358 4414 3394 4453 a
3413 4400 3658 4466 sanctis,
3682 4416 3765 4458 ea
3804 4378 3927 4471 uti“

436 4470 629 4528 sancti
699 4469 1009 4526 divinitate
1066 4468 1466 4525 disserentem
1541 4467 1829 4539 patienter
1899 4467 2103 4523 audie-
2136 4462 2177 4516 Β
2208 4462 2534 4556 ῥεπορὸνίηα
2562 4491 2616 4541 ει
2643 4486 2800 4555 api“
2827 4462 2947 4553 ﬁde
2974 4487 3179 4544 αιίεηα
3204 4488 3467 4544 aversari
3498 4504 3560 4544 se
3580 4462 3919 4551 (κρηπῖδι.

433 4564 576 4618 runt
603 4560 733 4629 (t3);
757 4562 815 4614 et
842 4573 982 4613 cum
1024 4556 1308 4628 Spiritum
1352 4555 1715 4613 nominatim
1747 4558 1935 4612 Deum
1977 4572 2099 4612 non

436 4648 818 4722 appellasset,
842 4646 983 4703 belli
1014 4647 1069 4702 ci
1092 4646 1386 4703 inferendi
1409 4662 1658 4703 causam
1685 4645 1945 4718 arripere
1974 4662 2098 4702 non

434 4737 769 4794 Valuerunt.
803 4738 979 4790 Anno
1023 4740 1227 4791 autem
1271 4738 1373 4790 374
1401 4735 1517 4790 hoc
1545 4739 1776 4790 tantum
1805 4736 1867 4789 in
1897 4750 1966 4789 eo
2005 4750 2097 4790 re-

431 4824 902 4899 prehenderunt,
936 4824 1104 4894 quod
1149 4824 1432 4896 Spiritum
1484 4840 1624 4880 cum
1672 4826 1837 4879 Patre
1865 4828 1920 4879 et
1951 4824 2095 4881 Filio

432 4914 793 4986 gloriﬁcaret
818 4915 929 4985 (14)
967 4930 979 4968 :
1014 4919 1229 4970 caetera
1250 4929 1373 4969 non
1403 4913 1540 4970 ausi
1566 4911 2090 4985 suntimprobare.

2207 4575 2613 4631 Traditionem
2627 4590 2771 4645 ergo
2789 4574 3037 4632 Basilius
3051 4592 3177 4632 non
3187 4576 3479 4633 dissociat
3490 4594 3525 4634 a
3538 4578 3711 4651 Scrip
3722 4586 3795 4637 tu
3806 4599 3918 4652 ra,

2208 4663 2317 4720 sed
2344 4680 2480 4736 qum
2508 4664 2830 4721 traditione
2859 4666 3148 4728 nituntur,
3182 4670 3240 4722 et
3268 4682 3305 4722 a
3335 4667 3560 4723 sanctis
3574 4678 3928 4741 usurpata

2205 4760 2347 4809 sunt
2376 4770 2447 4809 ea
2477 4759 2658 4823 negat
2708 4754 3027 4826 peregrina
3052 4760 3109 4811 et
3136 4771 3172 4811 a
3210 4754 3330 4812 ﬁde
3387 4756 3605 4823 aliena,
3629 4758 3927 4819 etiamsi

2204 4843 2567 4899 nominatim
2598 4859 2721 4900 non
2747 4842 3027 4915 legantur
3056 4844 3117 4900 in
3150 4842 3491 4917 Scripturis.
3518 4845 3667 4901 Hinc
3686 4848 3771 4905 in
3812 4855 3930 4908 te-

2203 4933 2503 5003 stimonio,
2532 4933 2698 5004 quod
2747 4932 3178 5005 depromptum
3210 4938 3302 4989 est
3335 4950 3404 4989 ex
3434 4950 3560 5007 reg.
3587 4951 3763 4993 mor.
3808 4943 3928 5011 80,

500 5024 587 5079 IV.
617 5021 811 5078 Utitur
858 5019 1038 5078 etiam
1072 5020 1367 5077 Scultetus
1399 5019 1609 5092 regula
1659 5019 1872 5076 morali
1902 5021 2093 5077 sancti
2199 5022 2456 5079 verbum
2485 5022 2783 5087 divinum,
2812 5022 2936 5077 sive
2959 5023 3252 5095 scriptum
3273 5023 3366 5092 sit,
3391 5024 3516 5080 sive
3544 5038 3694 5080 voce
3730 5041 3935 5098 prce-

427 5111 631 5172 Basilii
657 5115 745 5184 26,
777 5126 911 5185 cap.
946 5115 995 5179 t,
1024 5110 1129 5168 ubi
1178 5111 1262 5167 sic
1304 5110 1599 5168 habetur:
1634 5110 1806 5182 Quod
1845 5110 2088 5169 verbum
2198 5110 2658 5182 dicatum,nullo
2684 5110 2868 5171 habet
2888 5111 3482 5173 discrimine.Probat
3501 5113 3935 5188 enim,quid-

497 5312 540 5357 ίί
572 5312 743 5369 Rom.
774 5325 886 5380 XIV,
909 5311 999 5366 23.
1080 5309 1125 5344 ¹²
1156 5309 1331 5367 Rom.
1355 5324 1408 5375 x,
1442 5312 1528 5365 t7.

492 5439 600 5503 (t2)
641 5436 763 5493 Lib.
796 5438 883 5494 De
927 5435 1116 5506 Spir.,
1143 5450 1195 5491 c.
1225 5439 1274 5507 t,
1319 5451 1379 5492 n.
1424 5439 1477 5503 3,
1501 5437 1558 5492 et
1607 5449 1659 5493 c.
1687 5438 1775 5498 27,
1810 5449 1870 5491 n.
1908 5438 1999 5504 65,
2030 5439 2086 5491 et

419 5522 473 5564 ο.
506 5512 596 5572 29,
629 5523 690 5563 n.
713 5512 804 5564 75.

488 5578 601 5649 (t3)
642 5581 805 5646 Naz.,
838 5594 926 5635 or.
958 5582 1049 5649 20,
1082 5594 1148 5652 p.
1191 5581 1320 5637 364.

2265 5434 2381 5510 (μ)
2423 5432 2548 5510 Lib.
2582 5433 2668 5510 _De
2691 5433 2881 5508 Spir.,
2907 5450 3043 5510 cap.
3080 5440 3128 5507 l,
3163 5453 3221 5494 n.
3248 5438 3307 5495 3.

2262 5507 2376 5582 (15)
2411 5509 2557 5582 Βθε.
2594 5507 2763 5564 brev.
2797 5514 2847 5581 t,
2874 5524 2935 5582 p.
2960 5507 3086 5567 3⁷64.

2261 5580 2373 5650 (16)
2408 5580 2579 5636 Tom.
2616 5582 2684 5653 ll,
2713 5596 2854 5653 pag.
2876 5580 2983 5638 224
3014 5587 3072 5638 et
3103 5584 3229 5638 225.
