4062 6208
163 316 222 368 69
1691 290 2055 351 ΡΒᾸΞΡΑΤΙΟ
2066 328 2080 342 .
2896 325 2902 329 .
3529 277 3597 330 50

158 432 297 507 quid
338 435 518 488 extra
568 429 946 498 Scripturam
995 430 1082 481 est
1126 427 1441 498 peccatum
1490 434 1646 487 esse,
1693 415 1839 489 quia
1871 415 1917 467 Α
1950 409 2267 481 Gregorius
2297 404 2796 465 Neocaesariensis
2827 406 2963 459 ante
3002 404 3273 458 exortam
3320 398 3600 456 haeresim

162 528 473 598 peceatum
507 525 603 576 est
636 516 944 592 quidquid
986 532 1108 573 non
1153 530 1227 570 ex
1268 512 1407 579 tide,
1440 510 1592 565 ﬁdes
1634 510 1836 563 autem

160 596 225 669 ἐι
242 611 477 679 auditu,
504 608 681 665 verbi
706 607 990 663 videlicet
1018 602 1359 668 divini,sive
1379 596 1837 673 praedicati,sive

161 702 381 774 scripti.
431 702 497 755 In
525 697 693 753 libro
735 695 1010 752 secundo
1041 694 1329 750 adversus
1361 689 1719 746 Eunomium
1751 685 1834 756 (p.

164 793 279 856 2t3)
326 789 489 845 idem
530 790 927 860 praeceptum
956 783 1240 848 inculcat,
1273 797 1348 837 ne
1387 778 1533 851 quid
1578 776 1839 834 addatur

168 885 261 936 aut
276 877 635 934 detrahatur
656 876 734 931 iis
757 891 900 947 quae
923 890 959 929 a
981 871 1197 945 Spiritu
1217 874 1427 927 sancto
1446 866 1660 923 tradita
1678 867 1835 931 sunt;

182 984 247 1023 ac
286 965 650 1022 nominatim
704 964 1035 1036 Scriptura:
1064 965 1121 1017 et
1164 956 1500 1016 traditionis
1544 953 1835 1011 meminit.

188 1055 414 1113 Proinde
437 1058 710 1123 oportet,
736 1051 956 1123 inquit,
980 1066 1133 1119 eum,
1157 1049 1263 1119 qui
1294 1046 1519 1102 Christi
1534 1044 1837 1113 judicium

192 1147 255 1202 ob
286 1147 462 1200 oculos
507 1143 729 1208 habet,
765 1143 1052 1211 novitque
1081 1153 1257 1211 quam
1307 1136 1710 1206 periculosum
1762 1138 1839 1187 sit

190 1235 459 1307 quidpiam
494 1232 904 1299 subtrahere,
935 1235 1041 1286 aut
1080 1228 1304 1284 addere
1336 1227 1429 1295 iis,
1471 1240 1603 1296 quae
1644 1238 1680 1279 a
1706 1224 1837 1292 Spi-

179 1328 283 1379 ritu
311 1324 543 1380 tradita
575 1328 759 1386 sunt,
794 1336 918 1377 non
958 1320 1170 1375 conari
1196 1318 1521 1389 quidquam
1569 1330 1607 1371 a
1649 1316 1837 1382 seipse

178 1416 462 1483 innovare,
493 1412 606 1468 sed
633 1413 705 1467 in
738 1412 819 1467 iis
849 1425 982 1481 quae
1002 1410 1178 1478 prius
1209 1423 1246 1464 a
1274 1408 1498 1463 sanctis
1546 1406 1835 1462 nuntiata

170 1513 309 1569 sunt,
340 1505 769 1575 acquiescere.
812 1500 983 1569 Quod
1002 1500 1189 1569 igitur
1215 1513 1323 1554 nec
1350 1497 1677 1551 communis
1705 1510 1837 1550 con-

169 1593 420 1658 suetudo,
455 1609 569 1649 nec
609 1592 1095 1661 Scripturarum
1126 1604 1266 1644 usus
1298 1588 1539 1643 admisit
1572 1603 1585 1641 :
1634 1585 1697 1640 id
1726 1600 1835 1641 au-

168 1684 307 1749 dere,
334 1698 535 1739 nonne
575 1697 844 1738 summa;-
870 1680 1179 1736 dementize
1199 1684 1280 1733 est
1302 1681 1328 1731 ?

1946 502 2233 559 Arianam
2284 502 2407 555 tota
2451 496 2709 552 Ecclesia
2755 493 3049 568 probante
3096 496 3151 549 et
3190 489 3601 565 applaudeute

1948 590 2400 663 praedicaverat.

2020 696 2375 771 Suppeditat
2404 694 2580 750 nobis
2612 690 2871 763 Ecclesia
2902 687 3394 746 Neocmsariensis
3426 700 3604 755 argu-

1947 793 2150 845 menta
2176 785 2482 859 quaedam,
2510 798 2646 856 quas
2676 780 2771 837 hic
2801 779 3082 837 videntur
3101 792 3225 832 non
3243 773 3596 831 omittenda.

1947 878 2269 942 Musonius,
2315 874 2421 948 qui
2466 874 2627 929 hanc
2678 868 3007 927 Ecclesiam
3049 865 3201 922 rexit
3236 863 3602 921 difﬁcillimis

1946 967 2344 1040 temporibus,
2377 965 2460 1020 sic
2490 962 2723 1019 solebat
2743 960 3095 1025 admonere,
3121 971 3258 1011 cum
3282 952 3600 1010 concione.-

1928 1064 2145 1113 retur:
2181 1056 2395 1111 Cavete
2426 1068 2600 1110 canes
2633 1054 2751 1123 (ep.
2780 1053 2869 1115 2.8,
2898 1064 2958 1120 p.
2992 1046 3135 1113 t08),
3169 1049 3371 1103 cavete
3393 1056 3600 1112 opera-

1946 1151 2066 1204 rios
2096 1149 2315 1203 malos.
2358 1142 2677 1211 Quomodo
2706 1144 2906 1197 autem
2943 1138 3055 1194 hos
3084 1150 3267 1191 canes
3296 1129 3541 1188 arcebat
3566 1146 3604 1188 a

1947 1252 2127 1308 grege
2151 1238 2178 1291 ?
2206 1238 2360 1292 Erat
2389 1235 2491 1290 ille
2520 1234 2617 1290 vir
2646 1229 2930 1286 novitatis
2960 1226 3260 1293 inimicus,
3290 1220 3603 1279 ostendens

1947 1328 2027 1399 (p.
2067 1328 2183 1396 106)
2216 1328 2279 1381 in
2306 1325 2494 1393 seipse
2514 1323 2777 1391 priscam
2798 1317 3084 1373 Ecclesia?
3106 1314 3378 1384 speciem,
3403 1311 3483 1366 ad
3509 1324 3602 1365 ve-

1945 1424 2127 1473 terem
2154 1421 2400 1478 statum,
2434 1412 2625 1468 veluti
2642 1410 2721 1465 ad
2754 1422 2987 1464 sacram
3023 1404 3349 1475 quamdam
3385 1399 3601 1469 imagi-

1943 1521 2073 1561 nem
2086 1546 2099 1564 .
2119 1504 2403 1560 Ecclesiae
2422 1502 2534 1557 sibi
2554 1499 2879 1556 commissa
2895 1497 3157 1565 formam
3179 1492 3492 1560 efﬁngens,
3512 1488 3599 1542 ita

1944 1600 2009 1649 ut
2027 1596 2283 1666 quicum
2305 1608 2368 1648 eo
2386 1593 2826 1655 vixerunt,una
2851 1601 2982 1641 cum
3004 1584 3075 1638 iis
3095 1582 3200 1652 qui
3219 1586 3357 1635 ante
3378 1578 3600 1633 ducen-

1945 1690 2033 1739 tos
2045 1698 2233 1739 annos
2255 1688 2309 1737 et
2331 1680 2594 1747 amplius
2610 1674 3001 1733 luminarium
3017 1666 3600 1736 instarresptendue-

225 1794 443 1860 Magnae
474 1788 897 1858 indiligentia;
927 1787 1196 1856 arguitur
1226 1786 1517 1841 Scultetus
1563 1797 1637 1836 ex
1674 1779 1832 1836 testi-
1866 1781 1906 1837 Β
1944 1780 2107 1840 rant,
2137 1773 2354 1829 vixisse
2374 1769 2482 1824 sibi
2505 1767 2850 1823 videantur.
2873 1763 3038 1818 Adeo
3061 1759 3213 1815 nihil
3242 1758 3314 1813 de
3336 1771 3463 1826 suo,
3492 1769 3599 1811 nec

166 1882 373 1945 monio,
406 1881 581 1952 quod
612 1895 650 1935 e
695 1894 831 1947 reg.
871 1882 889 1933 1
937 1876 1099 1933 brev.
1150 1872 1505 1945 desumpsit.
1550 1871 1645 1926 llis
1675 1870 1834 1927 enim

166 1969 366 2038 verbis,
396 1984 534 2040 quae
574 1970 840 2024 silentio
875 1967 1281 2035 praetermissa
1313 1968 1474 2023 sunt.
1499 1976 1621 2017 non
1644 1975 1716 2016 ea
1745 1959 1835 2014 in-

164 2059 351 2129 telligit
377 2058 672 2122 Basilius,
710 2057 793 2113 de
821 2055 1046 2129 quibus
1083 2054 1231 2110 nihil
1265 2054 1323 2108 in
1353 2052 1660 2122 Scriptura
1688 2049 1833 2119 legi-

166 2154 266 2216 tur,
297 2148 401 2204 sed
444 2148 525 2204 de
578 2147 825 2219 quibus
856 2144 1003 2200 nihil
1034 2142 1390 2199 nominatim
1432 2138 1836 2213 praescribitur

165 2242 255 2293 aut
282 2242 511 2293 vetetur
541 2255 555 2291 :
616 2234 851 2308 quales
881 2238 1051 2289 erant
1080 2232 1195 2288 cibi
1242 2229 1577 2286 simulacris
1622 2228 1835 2285 immo-

166 2327 275 2382 lati.
302 2327 639 2399 Perspicua
673 2341 777 2380 res
810 2329 903 2380 est
934 2339 1005 2380 ex
1051 2322 1246 2378 verbis
1279 2319 1464 2384 Pauli,
1512 2335 1649 2391 quin
1695 2317 1835 2375 citat

171 2414 415 2472 Basilius.

227 2543 288 2596 Ν.
325 2544 449 2598 Non
483 2537 920 2597 omittendum
967 2540 1055 2592 est
1101 2535 1262 2591 aliud
1312 2534 1721 2590 testimonium
1755 2533 1833 2588 ab

171 2630 363 2687 eodem
383 2631 664 2688 Sculteto
684 2628 1017 2699 objectum,
1035 2643 1104 2681 ex
1127 2624 1334 2695 regula
1351 2623 1568 2679 morali
1589 2626 1677 2684 72,
1697 2638 1829 2695 cap.

183 2724 225 2771 t.
252 2720 349 2773 ubi
372 2721 495 2775 haec
526 2719 842 2788 leguntur
867 2732 877 2769 :
931 2715 1097 2782 Quod
1127 2715 1370 2769 debeant
1399 2712 1704 2768 auditores
1730 2712 1835 2781 qui

174 2808 230 2862 in
256 2807 580 2879 Scripturis
602 2806 847 2863 eruditi
868 2811 1030 2870 sunt,
1054 2804 1370 2872 explorare
1388 2817 1460 2857 ac
1482 2801 1743 2871 probare
1764 2816 1831 2855 ea

165 2913 284 2967 quas
311 2915 346 2955 a
366 2899 695 2968 magistris
724 2897 1053 2952 dicuntur:
1087 2902 1140 2950 et
1157 2909 1289 2964 quae
1313 2892 1548 2964 quidem
1572 2905 1831 2947 consona

161 2994 290 3040 sunt
306 2987 662 3057 Scripturis
679 2985 1013 3054 suscipere;
1031 2999 1161 3054 qua:
1176 2996 1313 3037 vero
1330 2982 1547 3045 aliena,
1562 2980 1828 3049 rejicere,

160 3090 359 3146 eosque
382 3078 489 3147 qui
510 3078 577 3131 in
614 3074 921 3149 ejusmodi
939 3073 1227 3127 doctrinis
1246 3074 1649 3140 perseverant,
1669 3068 1831 3125 vehe-

157 3165 407 3219 mentius
439 3165 753 3221 aversari.

224 3292 351 3344 Non
384 3288 759 3361 imprudens
779 3285 1075 3342 Scultetus
1094 3285 1221 3340 haec
1245 3282 1426 3339 verba
1446 3282 1833 3354 resccuit.qui

158 3379 218 3432 in
248 3379 605 3447 Scripturis
641 3378 858 3434 eruditi
882 3382 1043 3442 sunt,
1092 3379 1211 3436 τοὺς
1258 3370 1701 3445 πεπαιδευμένους
1744 3375 1829 3432 τὰς

162 3470 404 3539 ΓρκῨάς.
435 3469 518 3521 Ex
541 3465 645 3519 bis
675 3466 821 3521 enim
853 3464 1178 3521 manifesta
1210 3462 1516 3518 conclusio
1548 3470 1635 3517 est
1680 3462 1828 3518 Scri-

138 3561 413 3627 .pturam
446 3571 575 3610 non
614 3554 887 3610 omnibus
922 3552 1205 3627 proponi,
1227 3558 1291 3607 ut
1316 3552 1555 3607 unicam
1583 3551 1724 3606 ﬁdet
1750 3567 1829 3605 re-

155 3644 384 3715 gulam,
416 3660 532 3701 nec
564 3644 853 3700 omnibus
876 3644 1101 3699 claram
1130 3648 1186 3697 et
1206 3644 1591 3714 perspicuam
1622 3641 1828 3696 essein

154 3734 221 3787 iis
248 3751 384 3808 qua
412 3734 495 3790 ad
529 3733 724 3789 ﬁdem
756 3732 1072 3805 pertinent.
1099 3733 1243 3787 Hinc
1267 3730 1513 3786 Basilius
1542 3730 1601 3786 in
1635 3729 1827 3802 capite

151 3825 420 3899 sequenti
446 3824 547 3892 iis,
586 3825 696 3895 qui
724 3839 843 3877 non
872 3823 1127 3877 multum
1156 3823 1215 3876 in
1246 3821 1575 3890 Scripturis
1606 3821 1830 3876 versati

150 3922 304 3981 sunt,
339 3913 635 3986 praecipit
667 3917 729 3968 ut
774 3911 971 3967 bonos
1006 3928 1074 3966 ac
1105 3910 1300 3966 malos
1345 3914 1614 3982 pastores
1645 3926 1681 3965 a
1710 3909 1827 3964 fru-

149 4003 336 4058 ctibus
383 4018 621 4058 eorum
662 4000 1044 4069 diguoscant.
1075 4000 1225 4065 Quin
1266 4000 1442 4054 etiam
1494 4014 1567 4054 ne
1614 3998 1825 4071 primis

148 4094 384 4163 quidem
420 4090 740 4154 concedit,
755 4096 819 4143 ut
842 4090 1203 4161 Scripturam
1234 4087 1480 4144 arbitrio
1509 4104 1619 4143 suo
1643 4088 1824 4143 inter-

143 4187 474 4253 pretentur.
492 4186 557 4236 et
591 4186 775 4252 prout
803 4180 1058 4251 quisque
1090 4178 1205 4233 sibi
1233 4177 1525 4234 videbitur
1545 4194 1581 4233 a
1603 4178 1822 4251 Spiritu

140 4276 342 4327 sancto
374 4272 679 4326 edoctus.
718 4268 830 4324 Sed
860 4284 995 4324 eam
1029 4268 1347 4340 Scriptura:
1390 4266 1823 4339 interpretatio-

139 4374 266 4415 nem
316 4359 646 4428 intelligit,
696 4374 833 4430 quas
879 4357 1153 4413 Ecclesia:
1199 4358 1550 4413 auctoritate
1598 4360 1655 4411 et
1683 4372 1821 4413 cou-

139 4453 305 4507 stanti
341 4449 716 4507 traditionis
749 4464 1051 4541 consensu
1082 4449 1305 4541 nititur.
1352 4451 1480 4519 lpse
1507 4447 1666 4503 enim
1697 4449 1816 4520 (ep.
1854 4487 1896 4541 Β

138 4543 333 4605 204,ῃ.
372 4544 433 4609 6)
471 4541 607 4595 hac
656 4538 1034 4609 potissimum
1078 4538 1177 4592 via
1233 4538 1483 4593 Arianas
1528 4538 1821 4593 novitates

135 4631 491 4686 evitaverat.
529 4631 712 4689 Nam,
748 4642 882 4681 cum
917 4627 1168 4683 edoctus
1201 4625 1405 4681 fuisset
1434 4625 1511 4681 ab
1542 4626 1677 4681 avia
1708 4629 1819 4683 Ma-

136 4722 312 4789 crina,
346 4736 501 4794 quae
539 4719 603 4773 ei
636 4717 911 4773 tradebat
954 4717 1286 4773 beatissimi
1318 4718 1581 4787 Gregorii
1611 4716 1814 4780 verba,

134 4824 528 4883 quceunque
553 4808 639 4862 ad
662 4807 859 4877 ipsam
885 4807 1191 4862 memoriae
1212 4806 1663 4862 continuatione
1691 4822 1815 4861 ser-

134 4905 257 4953 vata
286 4901 767 4970 pervenerant;
821 4901 1145 4968 postquam
1177 4911 1208 4949 e
1241 4896 1433 4968 patria
1479 4897 1540 4951 in
1582 4901 1814 4952 exteras

134 4987 480 5054 provincias
515 4984 831 5057 profectus
860 4990 967 5048 est,
988 4984 1034 5039 si
1062 5000 1217 5055 quos
1240 4984 1578 5039 inveniebat
1600 4999 1811 5039 secun-

136 5074 262 5129 dum
290 5075 613 5130 traditam
648 5072 886 5144 pictatis
912 5073 1181 5142 regulam
1209 5073 1608 5145 ambulantes,
1634 5089 1737 5129 eos
1758 5077 1816 5129 et

135 5170 363 5232 patrum
396 5164 558 5219 loco
588 5161 873 5233 habebat,
904 5166 961 5217 et
986 5163 1205 5218 animae
1228 5179 1351 5217 sua:
1380 5162 1565 5218 duces
1594 5179 1810 5235 seque-

134 5250 314 5309 batur.
362 5255 467 5311 Sic
506 5252 825 5307 veritatem
877 5251 954 5306 ab
999 5251 1235 5315 haeresi,
1283 5259 1553 5324 pastores
1586 5268 1620 5307 a
1648 5252 1810 5325 lupis

136 5339 568 5411 dignoscebat,
612 5357 735 5397 non
782 5341 1039 5413 propriis
1079 5341 1202 5397 suis
1236 5342 1552 5414 Scriptura:
1602 5343 1812 5399 studiis

137 5432 475 5503 innitendo,
540 5431 647 5486 sed
694 5447 768 5487 ea
818 5436 1162 5487 constanter
1208 5430 1543 5495 retinendo,
1582 5448 1719 5504 qua:
1752 5435 1808 5490 S.

203 5612 245 5644 ³³
284 5609 519 5671 Matth.
552 5626 699 5677 xm,
732 5612 842 5677 26;
876 5610 1049 5666 Marc.
1079 5625 1193 5677 xxv,
1215 5611 1319 5677 22;
1356 5610 1496 5668 Luc.
1524 5625 1659 5677 χχιι,
1697 5613 1791 5679 19;
1826 5662 1827 5665 η

1949 5626 2007 5668 tr.
2036 5628 2110 5681 x1,
2141 5615 2233 5671 24.

1941 1866 2139 1920 ullum
2164 1862 2516 1918 recentioris
2545 1856 2757 1913 mentis
2786 1855 3096 1909 inventum
3123 1850 3218 1905 vii:
3236 1849 3342 1903 ille
3367 1860 3599 1915 prome-

1943 1956 2063 2011 bat:
2092 1954 2194 2010 sed
2221 1950 2542 2008 secundum
2562 1947 2786 2015 Moysis
2828 1942 3287 2000 benedictionem
3325 1938 3600 2007 proferre

1940 2051 2191 2102 noverat
2213 2058 2289 2099 ex
2309 2040 2503 2099 cordis
2522 2038 2619 2095 sui
2637 2036 2899 2099 arcanis,
2925 2032 3089 2087 bonis
3114 2030 3337 2087 scilicet
3362 2028 3599 2082 thesau-

1942 2138 2046 2204 ris,
2072 2140 2272 2191 vetera
2293 2136 2574 2198 veterum,
2592 2135 2645 2185 et
2665 2132 2867 2183 vetera
2881 2129 3022 2180 ante
3040 2121 3259 2191 faciem
3280 2132 3592 2173 novorum.

2014 2246 2248 2310 Quanta
2277 2238 2455 2296 fuerit
2483 2236 2618 2294 talis
2645 2230 3034 2290 institutionis
3058 2227 3305 2293 utilitas,
3332 2223 3471 2280 inde
3497 2223 3597 2279 de-

1940 2337 2236 2390 monstrat
2264 2329 2512 2386 Basilius
2542 2328 2622 2398 (p.
2658 2328 2801 2395 107),
2831 2321 2998 2396 quod
3026 2319 3135 2376 soli
3162 2314 3598 2374 Neocaesarien-

1940 2440 2055 2491 ses,
2086 2422 2183 2479 vel
2226 2423 2382 2475 certe
2426 2432 2566 2473 cum
2606 2414 2819 2488 paucis
2853 2409 3189 2467 admodum
3216 2407 3276 2464 in
3307 2409 3474 2462 tanta
3501 2419 3596 2460 re-

1938 2530 2076 2570 rum
2104 2513 2453 2583 tempestate
2486 2522 2554 2563 ac
2575 2502 2838 2579 procella
2860 2498 3250 2572 tranquillam
3276 2496 3459 2552 vitam
3480 2497 3598 2551 Mu-

1940 2604 2111 2661 sonio
2157 2600 2533 2672 gubernante
2578 2595 2825 2666 egerint.
2880 2595 3009 2648 Non
3044 2590 3206 2645 enim
3255 2603 3359 2643 eos
3407 2584 3599 2655 attigit

1938 2698 2253 2748 ventorum
2287 2688 2703 2745 haereticorum
2750 2687 2955 2747 cestus,
2990 2676 3440 2735 submersiones
3483 2675 3598 2729 im-

1938 2787 2186 2855 portans
2203 2785 2261 2836 et
2285 2776 2605 2847 naufragia
2628 2772 2950 2830 animabus
2972 2768 3146 2825 facile
3175 2764 3596 2823 mutabilibus.

2011 2889 2262 2948 Musonii
2296 2886 2422 2942 sedi
2456 2883 2753 2952 Atarbius,
2785 2896 2910 2936 non
2949 2876 3090 2933 ﬁdei
3133 2891 3204 2931 ac
3230 2872 3428 2929 virtuti
3461 2886 3596 2926 suc-

1941 2981 2136 3049 cessit;
2179 2991 2439 3048 cumque
2486 2972 2763 3029 haeresim
2808 2968 3042 3025 Arianae
3086 2963 3595 3020 contrariamwo-

1940 3074 2185 3127 uaretur
2210 3067 2516 3126 inducere,
2550 3060 2798 3117 Basilius
2830 3059 2890 3113 in
2913 3060 3081 3111 tanta
3103 3053 3443 3109 animarum
3466 3064 3597 3121 per-

1862 3131 1901 3186 c
1939 3162 2092 3217 nicie
2122 3158 2294 3213 silere
2322 3170 2445 3212 non
2477 3151 2686 3225 potuit,
2740 3166 2810 3204 ac
2859 3144 3368 3203 Neocresarienses
3416 3139 3598 3212 pluri-

1938 3252 2053 3307 bus
2086 3247 2292 3304 litteris
2320 3241 2657 3310 admonuit,
2691 3243 2755 3294 ut
2779 3237 2857 3292 ab
2883 3236 2999 3292 hoc
3029 3233 3143 3289 sibi
3173 3233 3462 3301 magistro
3495 3245 3596 3284 ca-

1938 3343 2167 3396 verent.
2194 3336 2284 3392 Sic
2311 3350 2414 3390 eos
2445 3327 2769 3402 compellat
2798 3326 2859 3383 in
2878 3324 3062 3402 epist.
3089 3327 3194 3379 210
3214 3339 3227 3376 :
3250 3320 3420 3378 Fidei
3439 3334 3597 3376 ever-

1937 3432 2044 3494 sio,
2072 3426 2265 3499 inquit
2290 3432 2372 3491 (n.
2404 3427 2455 3489 3,
2491 3437 2549 3492 p.
2586 3420 2734 3489 314),
2756 3415 2923 3487 apud
2944 3429 3043 3470 vos
3069 3411 3452 3482 excogitatur
3482 3409 3596 3464 ini-

1937 3522 2094 3577 mica
2133 3514 2478 3588 apostolicis
2517 3518 2570 3567 et
2614 3507 2975 3577 euangelicis
3003 3502 3315 3564 doctrinis,
3351 3500 3597 3556 inimica

1939 3608 2259 3666 traditioni
2291 3603 2567 3675 Gregorii
2594 3614 2728 3655 vere
2773 3597 2998 3666 magni,
3032 3600 3085 3649 et
3124 3608 3348 3662 eorum,
3399 3592 3502 3661 qui
3543 3590 3598 3645 ei

1936 3700 2347 3756 successerunt
2393 3707 2580 3763 usque
2615 3689 2696 3745 ad
2732 3688 2965 3743 beatum
3009 3682 3368 3746 Musonium,
3420 3682 3593 3748 cujus

1933 3789 2205 3860 profecto
2245 3785 2601 3840 documenta
2646 3780 2971 3834 etiamnum
3002 3775 3065 3827 in
3108 3771 3318 3827 vestris
3344 3769 3593 3825 auribus

1935 3858 2241 3935 resonant.
2268 3875 2424 3929 Nam
2454 3867 2971 3927 Sabelliimalum,
2997 3863 3137 3918 olim
3160 3858 3394 3932 quidem
3418 3873 3590 3914 exor-

1936 3976 2082 4033 tum,
2107 3966 2209 4021 sed
2241 3962 2567 4020 traditione
2600 3958 2808 4027 magni
2848 3955 3016 4010 illius
3046 3950 3164 4008 viri
3205 3950 3588 4012 exstinctum,

1935 4061 2238 4113 conantur
2266 4067 2427 4107 nunc
2475 4049 2578 4105 isti
2618 4059 2931 4108 renovare,
2963 4042 3069 4114 qui
3096 4041 3238 4096 dum
3270 4040 3479 4095 timent
3517 4052 3592 4093 ne

1933 4149 2304 4217 arguantur,
2329 4140 2559 4197 somnia
2581 4139 2643 4192 in
2674 4150 2779 4191 nos
2798 4135 3060 4204 ﬁngunt.

2666 4248 2693 4312 δ
2734 4244 2841 4297 vn,

1932 4364 1971 4417 1.
2018 4360 2077 4415 S.
2129 4357 2399 4415 Basilius
2452 4353 2750 4418 conceptis
2799 4348 2991 4406 verbis
3048 4346 3242 4418 docet,
3275 4343 3584 4418 Christum

2002 4432 2205 4488 adesse
2228 4433 2575 4497 praesentem
2598 4427 2661 4480 in
2692 4420 3084 4497 eucharistia.
3121 4419 3184 4474 11.
3208 4417 3481 4497 Requirit
3518 4423 3585 4497 ut

1999 4503 2177 4568 illud,
2193 4490 2362 4555 «Hoc
2381 4505 2463 4555 est
2487 4512 2705 4565 carpas
2724 4491 3040 4568 meum_”,_»
3063 4506 3183 4546 non
3204 4490 3400 4568 minus
3423 4494 3583 4568 certo

1998 4562 2312 4631 credamus
2372 4586 2548 4642 quam
2589 4562 2772 4642 illud,
2820 4586 2847 4615 ιι
2885 4562 3317 4642 Verbumcaro
3342 4562 3581 4642 factum

1997 4654 2080 4702 est
2100 4647 2200 4699 ".n
2254 4647 2344 4699 111.
2379 4633 2639 4710 insignis
2673 4633 2833 4694 locus
2864 4651 2900 4691 a
2931 4634 3194 4710 Sc_ulteto
3215 4633 3581 4710 deprauatus

1996 4718 2361 4785 explicatur.
2396 4715 2484 4767 1V.
2507 4704 2731 4767 'Basilii
2754 4706 3049 4765 sententia
3084 4704 3483 4773 conﬁrmatur
3507 4717 3581 4759 ex

1992 4789 2268 4858 precibus
2300 4786 2579 4855 liturgiae.
3406 4852 3409 4861 ‘

1998 4896 2207 4953 l.,Sive
2231 4893 2442 4950 Basilio
2465 4890 2843 4949 ascribantur
2862 4887 2999 4945 libri
3019 4888 3104 4942 De
3124 4886 3436 4955 baptismo,
3454 4882 3577 4938 sive

1921 4999 2068 5053 non,
2098 4989 2252 5040 certe
2286 4982 2401 5037 sub
2431 4983 2562 5051 ejus
2594 4980 2840 5037 nomine
2871 4977 3041 5034 citari
3072 4992 3140 5033 ac
3168 4973 3406 5033 laudari
3436 4990 3574 5046 pos-

1922 5079 2077 5139 sunt,
2106 5090 2246 5129 cum
2276 5072 2380 5128 toti
2406 5088 2475 5126 ex
2505 5072 2633 5143 ejus
2665 5068 2968 5125 sententiis
2994 5084 3066 5124 ac
3094 5065 3290 5121 verbis
3320 5079 3572 5135 compo-

1923 5164 2017 5219 siti
2039 5163 2173 5219 siut.
2209 5165 2272 5217 In
2300 5161 2454 5217 libro
2483 5159 2751 5216 secundo
2779 5158 3086 5231 quaeritur,
3119 5170 3254 5227 cap.
3282 5158 3314 5210 2
3339 5173 3352 5211 :
3397 5156 3492 5208 An
3520 5154 3570 5209 is

1922 5254 2027 5326 qui
2044 5253 2115 5308 ob
2126 5267 2383 5323 pravam
2401 5251 2843 5327 conscientiam,
2859 5255 2969 5305 aut
2984 5244 3449 5309 immunditiam,
3462 5247 3569 5298 aut

1920 5343 2441 5414 inquinamentum
2466 5356 2661 5411 purus
2680 5339 2859 5397 corde
2884 5356 3004 5394 non
3029 5346 3134 5405 est,
3162 5336 3319 5391 citra
3337 5332 3568 5401 pericu-

1928 5433 2053 5488 lum
2088 5434 2274 5503 possit
2321 5432 2681 5501 sacriﬁcare.
2731 5427 3059 5496 Qumstioni
3104 5422 3431 5495 apponitur
3470 5438 3563 5480 re-

2312 5612 2355 5647 "
2392 5612 2563 5667 Joan.
2594 5611 2745 5679 1,14.
