4062 6208
477 320 539 373 51
1996 308 2374 366 regemne.
3831 327 3899 379 5.,

476 458 791 517 sponsum,
828 442 1012 500 ducta
1043 441 1495 515 comparatione
1527 454 1599 495 ex
1642 438 1737 494 his
1778 453 1912 510 quae
1939 437 2001 492 in
2047 452 2137 491 sa-

2261 434 2744 511 τεπλὴροφορησθαι
2776 446 2873 491 παν
2902 444 3049 515 ῥῆμα
3080 451 3213 495 Θεοῦ
3246 443 3427 504 ἀληθὲς
3458 447 3586 497 εἶναι
3620 451 3708 498 καὶ
3750 444 3903 500 dwa-

476 532 822 590 cerdotibus
842 532 1058 590 veteris
1083 531 1234 601 legis
1259 528 1741 602 requirebantur.
1772 530 1918 583 Tum
1950 526 2023 581 de
2047 542 2137 582 sa-

478 623 825 680 cerdotibus
856 638 1023 678 novas
1053 620 1203 689 legis
1250 621 1334 675 sic
1378 619 1684 675 statuitur:
1740 617 1797 670 '0
1848 616 1905 670 δὴ
1947 620 2136 690 Κύριος

476 712 656 787 λέγων,
708 714 897 773 Μεῖζον
944 718 1032 763 τοῦ
1084 713 1221 783 ἱεροῦ
1252 706 1373 777 ὦδε,
1404 706 1645 761 παιδεύει
1682 710 1821 781 ἡμᾶς
1848 708 1925 760 ὅτι
1954 714 2137 759 τοσοῦ-

479 822 565 855 τον
606 800 943 873 ἀσεϐέστερός
982 798 1119 850 ἐστιν
1163 800 1187 849 ὁ
1226 797 1423 871 τολμῶν
1454 800 1727 873 ἱερατεύειν
1757 801 1816 849 τὸ
1864 805 2016 869 σῶμα
2045 803 2136 848 τοῦ

480 895 675 964 Κυρίου
714 896 802 942 τοῦ
852 885 1032 949 δόντος
1081 886 1261 940 ἑαυτὸν
1314 888 1439 961 ὑπὲρ
1496 889 1641 966 ἡμῶν
1693 888 1994 962 προσφορὰν
2047 888 2136 938 καὶ

482 982 666 1031 θυσιαν
695 985 765 1046 τῷ
794 984 907 1047 Θεῷ
955 977 1023 1039 εἰς
1070 977 1239 1049 ὀσμὴν
1271 974 1506 1047 εὐωδίας,
1564 978 1684 1030 ὅσον
1727 979 1785 1029 τό
1846 984 2001 1048 σῶμα
2045 982 2136 1028 τοῦ

477 1066 781 1140 μονογενοῦς
813 1069 936 1119 Υἱοῦ
984 1073 1075 1118 τοῦ
1125 1072 1251 1120 Θεοῦ
1301 1068 1544 1143 ὑπερέχει
1590 1074 1747 1141 κριῶν
1775 1071 1865 1118 καὶ
1911 1068 2137 1140 ταύρωνο

477 1156 570 1210 οὐκ
601 1156 655 1209 ἐκ
684 1161 1005 1229 συγκρίσεως
1038 1156 1354 1232 ἀσύγκριτος
1380 1160 1481 1231 γὰρ
1503 1160 1533 1215 ἡ
1564 1157 1824 1231 ὑπεροχή·
1850 1156 2138 1212 Dominus

478 1251 677 1303 autem
711 1261 842 1302 cum
875 1247 1052 1302 dicit:
1088 1270 1115 1297 «
1147 1247 1389 1316 Templa
1418 1249 1616 1317 majus
1648 1245 1745 1302 hic
1774 1251 1857 1302 est
1882 1245 1949 1313 ιδ,
1980 1267 2009 1295 ››
2031 1259 2138 1300 nos

479 1336 647 1393 docet
690 1341 859 1393 tanto
909 1338 1101 1408 magis
1143 1337 1393 1406 impium
1439 1351 1559 1394 esse
1596 1351 1750 1404 eum,
1800 1337 1907 1409 qui
1956 1336 2139 1393 audet

481 1426 831 1497 sacriﬁcare
896 1442 1113 1497 corpus
1166 1426 1408 1483 Domini
1448 1427 1548 1497 qui
1594 1427 1757 1483 dedit
1812 1441 1924 1496 pro
1971 1425 2140 1482 nobis

483 1518 741 1587 seipsum
794 1518 914 1573 Deo
963 1516 1321 1573 oblationem
1371 1523 1426 1572 et
1483 1516 1738 1573 hostiam
1787 1516 1852 1572 in
1899 1516 2139 1573 odorem

483 1609 803 1664 suavitatis
836 1608 900 1674 ¹⁶,
958 1612 1187 1677 quanto
1230 1621 1448 1677 corpus
1506 1606 1806 1677 unigeniti
1849 1606 2001 1662 Filii
2033 1606 2145 1661 Dei

2246 528 2352 591 τὸν,
2408 525 2501 577 κᾶν
2546 530 2576 585 ἠ
2612 532 2764 599 φύσις
2815 533 3080 602 μάχηται·
3136 532 3356 586 ἐνταῦθα
3409 537 3507 608 γὰρ
3558 540 3647 587 καὶ
3695 536 3718 587 ὀ
3770 535 3901 608 ἀγὼν

2246 624 2341 677 τῆς
2378 634 2622 679 πιστεως·
2657 618 2825 685 Quod
2854 636 2974 676 non
3014 628 3249 691 oportet
3294 623 3597 694 ambigere
3636 632 3687 681 et
3731 626 3899 681 dubi-

2247 712 2379 761 tare
2403 707 2476 762 de
2504 709 2574 763 iis
2593 724 2727 779 qua!
2754 725 2791 764 a
2814 712 3060 767 Domino
3080 713 3409 768 dicuntur:
3432 714 3535 769 sed
3549 716 3904 783 persuaderi

2246 809 2418 851 omne
2437 796 2551 852 Dei
2572 797 2812 859 verbum
2848 815 3051 855 verum
3083 816 3203 857 esse
3232 816 3302 858 ac
3324 804 3629 871 possibile,
3662 807 3776 860 eisi
3799 821 3903 862 na-

2247 890 2388 941 tura
2411 894 2741 957 repugnat;
2778 888 2874 945 liic
2903 891 3057 945 enim
3090 895 3267 947 situm
3298 899 3383 948 est
3410 893 3555 961 ﬁdei
3580 900 3898 951 certamen.

2247 973 2336 1029 Ad
2365 975 2523 1030 hanc
2556 977 2830 1046 regulam
2860 980 3386 1051 comprobandam
3422 983 3571 1037 inter
3591 983 3709 1038 alia
3730 983 3903 1040 refert

2246 1063 2425 1120 illud:
2447 1066 2795 1136 Litigabant
2825 1083 2964 1138 ergo
2989 1070 3185 1125 Judaei
3215 1071 3296 1127 ad
3321 1073 3591 1134 invicem,
3618 1074 3901 1130 dicentes:

2250 1153 2551 1221 Quomodo
2582 1156 2678 1211 hic
2703 1163 2892 1225 potest
2921 1160 3086 1214 nobis
3112 1160 3261 1217 dare
3285 1177 3523 1217 camem
3548 1162 3628 1217 ad
3646 1162 3902 1218 mandu-

2248 1244 2507 1299 candum
2531 1244 2559 1300 ?
2606 1246 2773 1301 Dixit
2796 1262 2934 1318 ergo
2956 1250 3071 1303 eis:
3091 1249 3301 1319 Amen,
3333 1266 3505 1307 amen
3537 1251 3667 1307 dico
3698 1252 3900 1307 vobis:

2247 1332 2383 1389 Nisi
2408 1334 2917 1392 manducaveritis
2947 1352 3187 1394 carnem
3210 1340 3358 1395 Filii
3373 1341 3647 1408 hominis,
3669 1347 3723 1395 et
3751 1340 3905 1397 bibe-

2248 1420 2384 1477 ritis
2400 1424 2528 1494 eius
2554 1425 2929 1494 sanguinem,
2954 1443 3073 1483 non
3096 1428 3323 1484 habetis
3346 1431 3531 1485 vitam
3552 1430 3614 1484 in
3635 1429 3794 1485 vobis
3818 1430 3862 1464 ¹⁹
3880 1470 3893 1483 .

2320 1537 2594 1593 Pluribus
2638 1539 2700 1595 in
2738 1539 2885 1597 locis
2933 1547 3254 1615 pertractat
3284 1545 3533 1600 Basilius
3573 1544 3646 1599 de
3677 1543 3906 1616 optima

2253 1628 2743 1684 communicandi
2772 1631 3025 1701 ratione,
3074 1649 3262 1706 quam
3292 1634 3353 1689 in
3385 1650 3455 1689 eo
3482 1634 3744 1706 positam
3775 1648 3905 1688 esse

485 1697 877 1754 excellentius
907 1701 991 1751 est
1011 1696 1296 1753 arietibus
1329 1712 1399 1752 ac
1432 1699 1662 1752 tauris:
1715 1696 1874 1768 quod
1915 1695 2143 1752 dictum

2261 1715 2445 1789 docet,
2471 1724 2535 1774 ut
2555 1734 2694 1774 cum
2722 1725 2883 1778 certo
2909 1722 3233 1779 credamus
3262 1724 3558 1779 Christum
3589 1739 3698 1796 pro
3728 1722 3906 1795 nobis

484 1785 563 1841 sit
607 1787 735 1843 sine
782 1786 1254 1858 comparatione,
1307 1786 1805 1856 incomparabilis
1851 1786 2007 1842 enim
2060 1789 2142 1842 est

2261 1806 2612 1863 cruxiﬁxum
2634 1824 2783 1881 esse,
2813 1811 3064 1883 ejusque
3085 1828 3331 1868 carnem
3351 1817 3407 1869 et
3423 1812 3780 1883 sanguinem
3798 1794 3905 1867 no-

486 1876 868 1934 excellentia.
906 1876 997 1932 Sic
1036 1875 1216 1932 etiam
1248 1875 1309 1931 in
1339 1875 1532 1949 capite
1559 1876 1729 1932 tertio
1760 1891 1831 1932 ex
1860 1891 2047 1950 poena
2072 1875 2144 1932 iis

484 1967 548 2024 in
591 1966 723 2037 lege
766 1966 1073 2039 imposita,
1122 1966 1229 2039 qui
1288 1970 1501 2025 sancta
1544 1967 1843 2023 immundi
1896 1971 2143 2038 tangere

488 2055 832 2127 audebant,
900 2055 1390 2127 demonstratur,
1444 2060 1741 2129 quantum
1799 2058 1874 2114 sit
1950 2056 2144 2113 scelus

488 2160 740 2219 corpore
790 2145 1026 2201 Domini
1082 2144 1331 2217 indigne
1370 2146 1579 2203 vesci:
1633 2146 1781 2219 Ὀσῳ
1818 2147 1920 2221 ’γὰρ
1974 2145 2143 2200 πλεῖον

487 2242 581 2289 τοῦ
631 2237 769 2310 ἱεροῦ
816 2230 939 2307 ὧδε,
989 2238 1127 2289 κατὰ
1171 2240 1264 2295 τὴν
1317 2243 1408 2291 τοῦ
1459 2240 1654 2309 Κυρὶου
1695 2240 1880 2310 φωνὴν,
1912 2238 2145 2309 τοσούτῳ

492 2321 775 2399 δεινότερον
841 2328 931 2377 καὶ
997 2324 1340 2401 φοϐερώτερον
1396 2327 1453 2377 τὸ
1523 2325 1574 2378 ἂν
1644 2323 1898 2400 μολυσμῷ
1963 2324 2146 2398 ψυχῆς

490 2413 751 2487 τολμῆσαι
782 2413 1024 2485 ἅψασθαι
1049 2422 1141 2468 τοῦ
1174 2420 1413 2488 σώματος
1458 2421 1550 2467 τοῦ
1599 2421 1857 2488 Χριστοῦ,
1905 2417 2049 2489 παρὰ
2088 2418 2144 2467 τό

492 2503 735 2576 ἅψασθαι
772 2511 931 2579 κριῶν
998 2504 1028 2563 ἢ
1083 2506 1307 2580 ταύρων,
1367 2510 1459 2557 τοῦ
1518 2503 1837 2558 Ἀποστόλου
1892 2503 2142 2568 εἰπόντος·

492 2592 655 2646 Ὠστε
684 2596 737 2656 ὅς
776 2592 836 2645 ἂν
881 2592 1054 2667 ἐσθίῃ,
1087 2597 1223 2651 etc.:
1266 2594 1501 2662 Quanto
1540 2594 1693 2650 enim
1741 2594 1887 2664 plus
1927 2595 2147 2663 templo

494 2682 625 2740 illic
653 2686 757 2750 est,
787 2685 977 2753 juxta
1022 2683 1265 2740 Domini
1297 2698 1514 2748 vocem,
1563 2689 1730 2739 tanto
1773 2684 2018 2755 gravius
2062 2688 2149 2740 est

494 2777 549 2828 et
583 2771 1044 2841 formidabilius
1072 2773 1134 2829 in
1177 2774 1393 2828 animas
1431 2772 1883 2844 inquinamento
1930 2773 2148 2829 audere

497 2867 745 2933 tangere
791 2877 1007 2932 corpus
1048 2862 1279 2920 Christi
1318 2878 1496 2934 quam
1541 2864 1756 2920 arietes
1798 2868 1903 2920 aut
1944 2868 2149 2919 tauros

497 2956 793 3025 tangere;
836 2967 970 3008 cum
999 2952 1321 3023 Apostolus
1352 2953 1537 3021 dicat,
1584 2974 1612 3001 «
1644 2953 1858 3025 Itaque
1896 2952 2149 3024 quicun-

497 3055 612 3113 que
636 3040 1095 3099 manducaverit
1117 3044 1181 3114 ιτ,
1210 3064 1238 3093 ››
1270 3046 1382 3099 etc.
1413 3041 1567 3098 Nihil
1596 3057 1742 3098 sane
1772 3040 1832 3098 in
1848 3042 1941 3097 his
1959 3043 2151 3098 exstat

496 3130 874 3199 testimoniis,
924 3131 1091 3204 quod
1117 3131 1277 3187 eludi
1306 3131 1401 3188 vel
1430 3131 1773 3205 detorqueri
1801 3130 2009 3204 possit.
2050 3132 2149 3187 Sa-
2180 3151 2219 3207 ρ

498 3218 799 3276 criﬁcatur
841 3223 899 3277 et
929 3225 1314 3277 consecratur
1342 3236 1565 3294 corpus
1594 3219 1840 3277 Christi:
1885 3220 2150 3277 Christus

498 3321 767 3380 praesens
796 3308 969 3365 adest
995 3309 1054 3364 in
1086 3309 1278 3377 altari,
1311 3332 1339 3361 «
1369 3312 1612 3380 Templa
1648 3313 1848 3384 major
1878 3311 1973 3367 hic
1999 3316 2148 3367 est.»

498 3395 650 3451 Illud
695 3396 1025 3454 discrimen
1074 3398 1352 3455 statuitur
1396 3399 1547 3456 inter
1590 3400 1852 3472 antiquae
1891 3404 1948 3457 ct
1976 3416 2149 3457 nova;

497 3484 647 3555 legis
678 3485 997 3557 sacriﬁcia,
1028 3486 1194 3559 quod
1225 3487 1286 3543 in
1324 3488 1537 3559 primis
1566 3488 1738 3546 vituli
1765 3493 1823 3545 et
1854 3490 2007 3545 tauri
2049 3504 2150 3545 oc-

499 3572 604 3630 cisi
644 3572 884 3642 fuerint,
933 3574 995 3631 in
1036 3576 1257 3632 nostris
1308 3592 1529 3649 corpus
1575 3576 1788 3635 Christi
1826 3577 2147 3634 offeratur:

498 3663 825 3719 discrimen
842 3678 987 3724 sane
1009 3665 1505 3733 commentitium,
1527 3666 1574 3723 si
1597 3666 1956 3724 sacriﬁcium
1978 3682 2151 3723 novas

497 3752 647 3823 legis
672 3768 892 3826 corpus
923 3753 1192 3811 absentis
1220 3754 1429 3812 Christi
1457 3762 1880 3830 repraasentet;
1925 3757 2153 3829 quippe

499 3841 827 3898 cumidem
855 3843 1238 3915 praestiterint
1281 3845 1578 3902 sacriﬁcia
1620 3846 1831 3903 veteris
1858 3845 2042 3918 legis;
2071 3845 2155 3901 id-

499 3945 616 4002 que
641 3946 712 3987 eo
742 3930 1006 4004 amplius
1033 3936 1089 3989 et
1118 3933 1574 4003 signiﬁcantius,
1604 3950 1728 4007 quo
1754 3935 1947 3991 caedes
1977 3936 2157 3991 alicu-

493 4019 595 4089 jus
625 4019 905 4077 animalis
941 4021 1136 4093 aptior
1159 4022 1238 4078 ad
1282 4028 1537 4079 mortem
1578 4023 1786 4080 Christi
1820 4038 2155 4096 repraesen-

499 4108 773 4177 tandam,
805 4125 992 4181 quam
1022 4126 1118 4167 res
1150 4110 1455 4180 inanimae,
1487 4112 1665 4184 panis
1695 4117 1752 4169 et
1779 4113 2011 4170 vinum.

572 4234 795 4294 Eadem
817 4236 1111 4294 sententia
1138 4235 1527 4310 paucioribus
1558 4237 1758 4294 verbis
1793 4238 2069 4295 statuitur
2097 4239 2157 4295 in

497 4328 743 4399 Regalis
767 4326 1152 4384 brevioribus.
1186 4328 1255 4384 Si
1281 4328 1413 4399 quis
1444 4332 1666 4397 autem,
1690 4326 1885 4400 inquit
1908 4326 2156 4385 Basilius

498 4418 785 4486 interrog.
809 4419 932 4487 309,
976 4430 1110 4471 cum
1140 4416 1203 4471 in
1239 4417 1621 4473 immunditia
1650 4418 1748 4487 sit,
1788 4416 2035 4474 accedat
2080 4418 2160 4473 ad

2251 1896 2345 1952 bis
2358 1897 2727 1970 apponi,hac
2742 1899 2898 1955 illius
2916 1902 3217 1972 passionis
3235 1902 3651 1958 recordatione
3667 1901 3743 1957 ad
3763 1917 3905 1957 eum

2253 1986 2587 2043 amandum
2610 1989 3038 2046 accendamur.
3073 1991 3165 2046 Sic
3196 1992 3255 2046 in
3278 1990 3485 2064 regula
3506 1990 3774 2047 breviore
3808 1992 3905 2045 1'72

2252 2076 2383 2132 haec
2412 2077 2740 2134 instituitur
2767 2081 3040 2151 quaestio,
3076 2088 3300 2152 Ποταπῷ
3330 2080 3470 2153 φόϐῳ
3501 2082 3529 2140 ἢ
3560 2087 3687 2153 ποίᾳ
3716 2080 3908 2154 πληρο·

2257 2171 2425 2239 pepigi,
2461 2169 2488 2226 ἦ
2532 2171 2658 2239 ποίᾳ
2701 2164 2934 2221 διαθὲσει
2972 2169 3336 2242 μεταλάϐωμεν
3388 2178 3478 2222 τοῦ
3536 2176 3774 2243 σώματος
3816 2174 3908 2221 καὶ

2254 2263 2347 2308 τοῦ
2374 2260 2594 2329 αἳματος
2622 2264 2714 2310 τοῦ
2736 2265 3001 2331 Χριστοῡς
3033 2260 3214 2326 Quali
3237 2275 3370 2314 cum
3395 2264 3626 2328 timore,
3650 2266 3755 2315 aut
3786 2273 3909 2330 qua

2255 2347 2449 2404 animi
2465 2348 2876 2417 persuasione,
2920 2354 3027 2403 aut
3065 2364 3179 2420 quo
3210 2349 3432 2418 affectu
3476 2350 3807 2417 participes
3837 2348 3911 2402 si-

2254 2451 2385 2490 mus
2406 2437 2673 2505 corporis
2695 2441 2748 2491 et
2778 2438 3092 2507 sanguinis
3124 2437 3396 2493 Christi?
3427 2441 3794 2509 Argumeuto
3818 2441 3913 2491 est

2254 2525 2554 2597 ejusmodi
2572 2525 2958 2596 interrogatio
2977 2542 3269 2597 magnum
3295 2526 3541 2600 aliquod
3564 2526 3660 2595 agi
3685 2528 3915 2596 myste-

2253 2615 2434 2681 rium,
2466 2615 2631 2687 quod
2677 2620 2994 2672 tremorem
3025 2616 3290 2672 incutere
3324 2616 3560 2678 debeat,
3593 2630 3912 2685 magnam-

2256 2719 2374 2777 que
2402 2703 2588 2765 ﬁdem
2609 2720 2680 2761 ac
2709 2706 3085 2761 sanctitatem
3111 2706 3390 2779 postulet.

2328 2812 2783 2882 Interrogationi
2812 2813 2941 2869 haec
2966 2812 3279 2884 subjicitur
3302 2812 3615 2885 responsio
3640 2830 3651 2867 :
3694 2815 3791 2864 Τὸν
3822 2814 3913 2884 μὲν

2258 2899 2412 2973 φόϐον
2445 2897 2694 2955 διδάσκει
2719 2904 2855 2975 ἡμᾶς
2881 2904 2905 2954 ὁ
2934 2902 3268 2973 Ἀπόστολος,
3302 2902 3479 2975 λέγων·
3513 2901 3571 2955 Ὀ
3607 2900 3791 2954 ἐσθίων
3823 2905 3915 2953 καὶ

2256 2994 2412 3043 πίνων
2442 2990 2658 3055 ἀναξίως
2685 3000 2849 3066 κρῖμα
2873 2993 3034 3065 ἑαυτῷ
3061 2992 3222 3046 ἐσθίει
3253 3000 3342 3047 καὶ
3371 2998 3527 3046 πίνειθ
3559 2996 3652 3051 τήν
3685 2988 3743 3045 δὲ
3772 2992 3913 3050 πλη-

2256 3086 2501 3156 ροφορίαν
2524 3081 2723 3155 ἐμποιεῖ
2742 3085 2771 3142 ἡ
2806 3088 2986 3145 πίστις
3010 3092 3105 3136 τῶν
3126 3086 3373 3158 ῥημάτων
3402 3092 3495 3136 τοῦ
3523 3089 3718 3157 Κυρίου
3746 3082 3914 3136 εἰπόν-

2257 3189 2364 3233 τος⁹
2394 3178 2558 3224 Τοῦτο
2591 3170 2701 3224 ἐστι
2740 3174 2797 3224 τὸ
2839 3175 2990 3245 σῶμά
3028 3193 3147 3246 μου,
3177 3178 3233 3225 τὸ
3278 3174 3400 3247 ὑπὲρ
3442 3174 3583 3246 ὑμῶν
3615 3168 3916 3245 διδόμενον·

2256 3266 2407 3312 τοῦτο
2458 3269 2652 3313 ποιεῖτε
2699 3260 2771 3325 εἰς
2815 3266 2907 3320 τὴν
2941 3262 3066 3335 ἐμὴν
3098 3263 3409 3336 ἀνάμνησιν,
3438 3266 3570 3318 etc.:
3620 3262 3913 3316 Timorem

2257 3350 2495 3422 quidem
2526 3350 2686 3407 docet
2714 3367 2819 3407 nos
2847 3353 3177 3422 Apostolus,
3210 3368 3342 3409 cum
3371 3353 3456 3407 ait
3477 3367 3498 3407 .·
3539 3374 3565 3401 ‹‹
3598 3351 3711 3418 Qui
3745 3366 3919 3405 man-

2259 3439 2441 3496 ducat
2474 3446 2528 3496 et
2554 3440 2695 3497 bibit
2724 3441 2992 3512 indigne,
3015 3443 3320 3513 judicium
3351 3440 3465 3497 sibi
3491 3440 3821 3497 manducat
3866 3446 3917 3494 et

2262 3528 2405 3584 bibit
2423 3530 2472 3564 ²⁰
2496 3546 2509 3585 :
2534 3549 2557 3576 ι
2602 3533 3049 3600 persuasionem
3095 3537 3290 3588 autem
3319 3532 3500 3601 efficit
3537 3530 3683 3598 fides
3712 3530 3919 3584 verbo-

2260 3632 2396 3673 rum
2428 3618 2687 3687 Domini,
2727 3622 2832 3690 qui
2861 3622 3058 3675 dixit:
3108 3643 3133 3667 ‹‹
3163 3622 3290 3675 Hoc
3329 3626 3412 3674 est
3460 3632 3673 3685 corpus
3716 3633 3918 3674 meum

2262 3707 2423 3780 quod
2445 3722 2558 3776 pro
2590 3707 2748 3763 vobis
2775 3709 3072 3764 traditur:
3096 3709 3205 3763 hoc
3228 3708 3417 3777 facile
3444 3708 3506 3760 in
3537 3720 3727 3761 meam
3760 3721 3925 3762 crim-

2262 3798 2745 3853 memorationem
2769 3798 2835 3852 ²¹.
2871 3818 2897 3845 ιι
2942 3797 3087 3852 Item
3124 3812 3198 3852 ex
3229 3796 3348 3863 ﬁde
3387 3794 3705 3851 testimonii
3731 3796 3922 3850 Joan-

2263 3886 2375 3951 nis,
2425 3886 2530 3957 qui
2583 3896 2914 3941 memorata
2957 3884 3129 3954 prius
3187 3884 3362 3941 Verbi
3406 3884 3624 3954 gloria,
3661 3882 3921 3951 posthac

2263 3974 2711 4031 Incarnationis
2737 3976 2977 4031 modum
3008 3974 3272 4037 induxit,
3308 3973 3398 4029 his
3430 3973 3660 4029 verbis:
3703 3995 3730 4023 «
3780 3974 3922 4030 Ver-

2268 4063 2403 4119 bum
2448 4080 2589 4120 caro
2631 4064 2865 4135 factum
2915 4070 2996 4120 est
3028 4066 3097 4133 3’,
3124 4082 3153 4115 ›
3198 4066 3307 4119 etc.
3368 4062 3583 4119 Itidem
3631 4064 3917 4132 quoniam

2264 4156 2589 4226 Apostolus
2634 4155 2922 4224 scripsit:
2969 4175 2996 4203 ‹‹
3032 4153 3145 4220 Qui
3181 4168 3309 4209 cum
3343 4153 3405 4207 in
3450 4154 3653 4222 forma
3687 4152 3796 4207 Dei
3839 4167 3921 4208 es-

2265 4251 2349 4302 set
2368 4245 2435 4316 ’3,
2466 4264 2492 4292 η
2521 4246 2634 4299 etc.

2338 4358 2526 4413 Nemo
2553 4358 2659 4422 est,
2692 4353 2797 4425 qui
2826 4352 2955 4409 haec
2984 4351 3189 4422 legens
3216 4367 3337 4407 non
3369 4350 3540 4407 facile
3571 4349 3917 4422 perspiciat,

2273 4451 2328 4501 t°
2353 4444 2565 4502 Christi
2596 4444 2802 4509 verba,
2834 4444 2962 4498 Hoc
2991 4446 3073 4498 est
3100 4457 3313 4511 corpus
3343 4456 3559 4503 meum,
3602 4444 3664 4494 ut
3694 4438 3917 4495 ﬁrmis-

499 4511 736 4603 sancta;
766 4505 945 4603 etiam
974 4520 1049 4603 ex
1078 4505 1273 4603 Veteri
1297 4507 1672 4603 Testamento
1699 4506 2158 4603 terribileitlius
2191 4523 2233 4575 Ι)
2267 4535 2423 4592 sima
2446 4534 2563 4591 ﬁde
2593 4505 2913 4603 credcdda,
2948 4549 2982 4587 8
3018 4505 3229 4587 383mg,
3257 4530 3514 4603 proponi
3540 4546 3551 4595 ;
3586 4534 3641 4584 2.,
3668 4545 3789 4583 non
3814 4528 3924 4585 mi_

500 4596 777 4652 discimus
793 4596 1117 4666 judicium.
1140 4595 1309 4663 Quod
1332 4598 1385 4652 si
1402 4599 1663 4667 amplius
1687 4600 1906 4668 templo
1931 4595 2026 4654 hic
2050 4605 2153 4660 est,

498 4704 605 4746 nos
630 4690 834 4760 utique
854 4687 1024 4743 modo
1047 4689 1237 4759 magis
1250 4690 1642 4759 formidanda
1664 4690 1891 4747 docebit
1915 4690 2157 4761 Aposto-

408 4784 411 4785 ⁷
504 4782 620 4849 lus,
642 4780 749 4853 qui
773 4780 931 4837 dixit
958 4798 969 4839 :
996 4801 1025 4828 «
1046 4780 1160 4847 Qui
1182 4780 1510 4837 manducet
1536 4788 1592 4837 et
1619 4782 1762 4837 bibit
1784 4782 2048 4852 indigne,
2057 4783 2156 4852 ju-

498 4871 723 4928 dicium
746 4869 861 4928 sibi
884 4870 1213 4926 manducat
1244 4875 1299 4926 et
1320 4869 1467 4926 bibit
1489 4871 1555 4925 ⁸⁸.
1582 4893 1609 4920 )›

572 4992 639 5046 ll.
669 4987 919 5045 Basilius
951 4986 1102 5044 inter
1127 5002 1362 5059 ea,quaa
1391 4991 1552 5045 certo
1574 4988 1816 5045 credere
1840 4987 2154 5062 debemus,

499 5077 737 5137 etiamsi
769 5079 1066 5150 repugnet
1107 5081 1346 5143 natura,
1386 5078 1814 5134 eucharistiam
1854 5084 2153 5136 numerat.

500 5172 663 5227 Hanc
692 5166 855 5225 enim
889 5166 953 5223 in
1000 5166 1315 5223 Moralium
1344 5164 1499 5222 libro
1546 5166 1845 5223 habemus
1884 5168 2157 5238 regulam

499 5260 651 5330 (reg.
675 5261 729 5327 8,
754 5273 815 5331 p.
848 5256 993 5327 240):
1034 5254 1155 5309 Ὀτι
1197 5254 1255 5308 οὐ
1301 5252 1384 5309 δεῖ
1413 5252 1799 5329 διακρίνεσθαι,
1832 5262 1921 5309 καὶ
1974 5254 2159 5311 διστά-

503 5350 611 5411 ζειν
688 5348 772 5403 ἐπὶ
845 5352 955 5406 τοῖς
1022 5347 1123 5399 ὑπὸ
1184 5352 1275 5399 τοῦ
1354 5350 1549 5419 Κυρίου
1615 5346 1944 5419 λεγομένοις,
2034 5347 2161 5400 ἁ).λὰ

574 5545 618 5580 ¹⁶
658 5543 859 5601 Matth.
890 5559 981 5613 xu,
1018 5547 1070 5600 6.

503 5638 547 5673 ²¹
589 5637 726 5693 Luc.
755 5651 893 5704 xm,
926 5636 1012 5692 19.

1152 5543 1196 5587 ιθ
1238 5541 1456 5615 Ephes.
1489 5557 1543 5610 ν,
1572 5545 1627 5599 2.

1091 5637 1138 5672 ”
1177 5636 1418 5701 Joan.1,
1458 5637 1542 5690 ib.
1621 5634 1669 5669 ’⁸
1708 5633 1960 5707 Philipp.
1994 5651 2049 5702 ιι,
2083 5638 2135 5690 6.

1707 5543 1748 5577 ¹⁷
1792 5544 1811 5598 1
1841 5544 1973 5599 Cor.
2008 5557 2087 5610 ιι,
2116 5545 2208 5601 27.

2264 4642 2381 4682 nus
2409 4627 2571 4681 certo
2593 4622 2895 4679 credenda
2914 4637 3067 4689 esse,
3090 4637 3274 4693 quam
3300 4618 3632 4692 sequentia,
3668 4618 3921 4673 Verbum

2266 4731 2408 4773 caro
2429 4715 2664 4784 factum
2696 4719 2800 4781 est,
2833 4716 2944 4767 etc.
2976 4712 3089 4779 Qui
3125 4725 3257 4765 cum
3286 4712 3346 4764 in
3376 4711 3579 4778 forma
3609 4706 3719 4763 Dei
3747 4714 3922 4777 esset,

2264 4810 2377 4863 etc.
2408 4806 2662 4876 Utraque
2694 4802 2856 4858 enim
2879 4799 3241 4866 testimonia,
3266 4802 3393 4853 tum
3424 4814 3558 4869 quia
3590 4796 3668 4851 ad
3698 4796 3922 4852 eucha-

2263 4896 2518 4963 ristiam,
2557 4898 2683 4950 tum
2710 4908 2846 4965 qua:
2877 4891 2956 4947 ad
2986 4889 3465 4946 incarnationem
3498 4891 3791 4960 spectant,
3827 4903 3925 4942 eo-

2265 4985 2405 5041 dem
2422 5000 2667 5057 prorsus
2689 4981 2871 5038 modo
2894 4982 3333 5054 proponuntur,
3359 4981 3422 5033 ut
3450 4975 3648 5032 verbis
3669 4975 3925 5047 quidem

2266 5075 2428 5132 clara
2474 5078 2530 5129 et
2572 5077 2800 5144 aperta,
2846 5070 2951 5126 sed
2998 5068 3263 5141 mysterii
3310 5065 3724 5136 magnitudine
3768 5064 3925 5119 ditii-

2268 5164 2405 5220 cilia
2432 5183 2443 5219 :
2493 5164 2571 5219 ita
2605 5166 2666 5218 ut
2695 5158 3090 5232 explicatione
3124 5173 3245 5213 non
3276 5155 3587 5225 indigeant
3616 5152 3695 5208 ad
3720 5152 3923 5208 lucem

2266 5254 2465 5312 verbis
2513 5250 2907 5318 afferendum,
2958 5248 3063 5304 sed
3118 5247 3235 5302 ﬁde
3289 5247 3365 5302 ad
3413 5262 3507 5301 res
3566 5243 3923 5299 crcdendas.

2270 5349 2385 5403 Nec
2437 5345 2765 5417 quisquam
2823 5346 2909 5397 est
2956 5338 3244 5411 profecto,
3299 5337 3424 5410 qui,
3486 5336 3535 5391 si
3583 5334 3782 5407 prima
3830 5350 3924 5390 co-

2286 5542 2331 5577 ¹⁸
2370 5540 2523 5597 ibid.
2555 5544 2643 5595 29.
2724 5540 2768 5574 ³ο
2809 5538 2980 5593 Joan.
3014 5550 3092 5604 γι,
3125 5539 3210 5602 53,
3246 5537 3333 5590 54.
3411 5533 3459 5568 ³ο
3501 5533 3519 5587 Ι
3552 5534 3682 5587 Cor.
3719 5547 3788 5597 x1,
3824 5536 3916 5585 27.
