4062 6208
205 291 267 350 53
448 308 453 312 '
1717 273 2106 334 PREFATIO.
3559 268 3628 323 ει

203 423 375 476 netur
405 417 671 482 eludere,
719 414 984 471 secunda
1014 429 1135 470 non
1181 413 1394 469 eodem
1433 408 1614 465 modo
1646 403 1864 480 prodat
1897 401 1943 455 Δ
1973 415 2116 456 caro
2145 401 2371 470 factum
2404 403 2487 456 est
2508 399 2585 458 ³ο.
2613 401 2670 452 et
2698 395 3018 462 Pauli,0ui
3037 409 3170 450 cum
3201 393 3263 449 in
3290 392 3496 462 forma
3526 390 3633 482 Dei

201 507 526 564 eludenda.

269 598 606 668 Postquam
638 593 892 649 Basilius
940 591 1214 665 exposuit
1237 605 1360 664 quo
1385 589 1592 645 timore
1633 590 1690 642 et
1740 598 1864 656 qua

200 686 388 742 animi
447 684 838 756 persuasione
887 681 1465 739 communicandum
1525 677 1616 742 sit,
1678 673 1860 730 tertia-

201 774 686 845 interrogationis
721 774 896 846 parti,
929 789 1051 845 quo
1082 771 1297 828 affectu
1331 766 1744 825 accedendum
1788 761 1865 817 sit

207 873 278 922 ad
306 865 419 920 hoc
443 863 827 936 mysterium,
862 865 946 918 sic
978 861 1268 919 satisfacit
1296 878 1308 915 :
1345 862 1492 916 Cum
1515 857 1705 927 igitur
1733 852 1860 909 ani-

208 971 331 1010 mus
361 955 440 1010 his
473 962 529 1010 et
573 954 803 1010 talibus
856 953 1050 1010 verbis
1098 953 1274 1020 ﬁdem
1306 948 1618 1012 adhibens,
1649 943 1857 1014 gloriae

217 1048 565 1114 majestatem
599 1044 898 1108 didicerit,
922 1043 1399 1112 humilitatisque
1428 1045 1478 1094 et
1513 1033 1856 1092 obedientize

218 1135 674 1203 magnitudinem
699 1134 1036 1190 admiratus
1053 1129 1432 1202 fuerit,quod
1462 1127 1602 1182 talis
1631 1141 1702 1181 ac
1729 1131 1857 1178 tan-

213 1225 641 1281 tusadmortem
663 1241 850 1296 usque
863 1225 1040 1280 Patri
1047 1221 1472 1290 obtemperavit
1489 1219 1622 1273 vita:
1642 1222 1861 1271 nostra

205 1329 392 1379 causa,
428 1331 565 1370 eum
599 1315 872 1369 arbitror
915 1315 998 1369 ita
1039 1313 1230 1381 afﬁci,
1261 1317 1325 1364 ut
1361 1309 1544 1364 simul
1582 1307 1767 1361 Deum
1809 1310 1860 1359 et

200 1403 427 1459 Patrem
463 1404 710 1474 diligat,
739 1405 845 1474 qui
860 1405 1110 1472 proprio
1130 1403 1284 1457 Filio
1316 1416 1434 1455 non
1459 1397 1747 1467 pepercit,
1766 1393 1866 1450 sed

194 1509 298 1559 pro
328 1494 504 1549 nobis
536 1495 813 1550 omnibus
850 1494 1102 1550 tradidit
1133 1493 1330 1556 illum,
1385 1489 1564 1545 simul
1598 1485 1868 1555 unigeni'

196 1591 311 1638 tum
343 1586 482 1652 ejus
504 1584 1136 1655 Filium,quiobedivit
1166 1595 1344 1652 usque
1368 1579 1448 1636 ad
1476 1582 1722 1633 mortem
1752 1590 1864 1644 pro

194 1680 397 1730 nostra
424 1675 842 1743 redemptione
889 1680 942 1728 et
990 1674 1208 1728 salute.
1237 1670 1414 1726 Addit
1443 1684 1602 1732 eum,
1636 1665 1739 1737 qui
1781 1663 1862 1716 sic

195 1763 447 1818 affectus
473 1769 530 1819 et
553 1768 926 1836 prmparatus
958 1766 1066 1833 est,
1101 1759 1431 1832 adimplere
1471 1755 1620 1812 illud
1652 1752 1812 1810 Pauli
1847 1769 1859 1818 ;
1895 1753 1935 1806 Β

199 1853 489 1908 Charitas
531 1855 689 1909 enim
713 1853 934 1909 Christi
957 1857 1128 1922 urget
1168 1866 1272 1906 nos
1296 1851 1362 1918 ",
1397 1852 1508 1903 etc.
1535 1846 1626 1903 Sic
1661 1848 1860 1900 autem

196 1942 346 1999 afﬁci
380 1949 441 1998 et
473 1942 807 2014 praeparari
838 1941 1055 1997 debere
1095 1938 1416 2001 concludit,
1450 1935 1725 2009 quisquis
1757 1950 1862 2007 pa-

195 2032 281 2087 nis
311 2037 370 2086 et
403 2031 611 2104 poculi
637 2032 701 2087 ﬁt
722 2031 1046 2106 particeps.

263 2120 498 2176 Eadem
529 2120 808 2176 doctrina
835 2120 1112 2176 statuitur
1149 2119 1206 2174 in
1241 2117 1484 2187 Regalis
1515 2112 1864 2185 moralibus,

198 2217 246 2266 et
290 2211 350 2266 in
406 2210 572 2266 libro
627 2212 761 2266 iDe
809 2210 1118 2279 baptismo.
1168 2210 1223 2264 Si
1251 2209 1410 2264 enim
1442 2208 1498 2261 in
1528 2204 1735 2275 regula
1773 2208 1864 2261 2t,

196 2319 319 2374 cap.
345 2305 378 2354 2
409 2308 586 2365 (tom.
617 2303 683 2365 ll,
719 2316 778 2372 p.
809 2299 1233 2370 253),legimus
1268 2315 1280 2351 ε
1317 2297 1486 2366 Quod
1505 2297 1609 2368 qui
1634 2295 1859 2352 accedit

201 2391 272 2446 ad
307 2391 792 2447 communionem
825 2406 944 2444 non
975 2389 1353 2446 considerata
1387 2388 1502 2443 hac
1532 2388 1766 2442 ratione
1783 2402 1866 2444 se-

204 2481 460 2535 cundum
482 2496 668 2551 quam
691 2480 961 2547 corporis
978 2481 1361 2546 etsanguinis
1382 2479 1602 2533 Christi
1618 2481 1865 2547 partici-

200 2572 362 2639 patio
393 2571 604 2633 datur,
641 2571 690 2624 is
712 2571 950 2624 nullam
973 2584 1048 2624 ea:
1077 2583 1144 2624 ea
1179 2569 1502 2624 utilitatem
1530 2574 1732 2638 capiat
1768 2586 1780 2624 :
1810 2573 1864 2625 et

208 2661 359 2730 quod
377 2664 476 2731 qui
498 2661 753 2728 indigne
776 2659 1482 2725 as..umit,condemnatus
1513 2660 1610 2716 sit.
1633 2661 1698 2714 Et
1727 2675 1861 2729 cap.

212 2752 260 2800 3:
288 2751 411 2816 Qua
435 2748 1183 2804 rationemanducandum
1207 2750 1280 2802 sit
1312 2763 1527 2816 corpus
1554 2749 1787 2804 Domini
1809 2755 1864 2804 et

201 2842 443 2908 sanguis
466 2839 755 2895 bibendus
782 2841 843 2893 in
876 2840 1489 2894 commemorationem
1523 2838 1867 2894 obedientiae

199 2930 441 2984 Domini
470 2944 660 3000 usque
680 2928 764 2984 ad
792 2933 1064 2996 mortem,
1109 2934 1172 2982 ut
1205 2929 1310 2999 qui
1339 2929 1569 2995 vivunt,
1603 2930 1864 2998 nonjam

195 3019 309 3072 sibi
338 3019 684 3083 vivant,sed
701 3020 756 3074 ei
775 3020 881 3088 qui
906 3034 1020 3087 pro
1040 3019 1180 3087 ipsis
1200 3023 1466 3072 mortuus
1489 3024 1570 3073 est
1595 3023 1648 3074 et
1675 3034 1867 3074 resur-

200 3111 356 3164 rexit
386 3110 458 3162 ³⁵.

195 3204 530 3269 postquam
573 3197 787 3252 eadem
820 3197 1139 3269 Scriptura:
1168 3197 1511 3253 testimonia
1549 3197 1763 3265 retulit,
1798 3215 1869 3254 ac

193 3289 252 3342 in
308 3288 470 3342 libro
519 3288 866 3354 Moralium,
921 3302 1139 3356 nempe
1187 3303 1259 3342 ex
1315 3303 1448 3359 cap.
1482 3305 1535 3341 γι
1567 3290 1742 3359 (vers.
1777 3291 1866 3358 54)

191 3378 499 3431 Joannis:
536 3380 735 3436 Amen.
765 3393 943 3433 amen
973 3378 1106 3432 dico
1141 3377 1326 3442 vobis,
1357 3378 1493 3435 Nisi
1532 3379 1867 3435 manduca-

202 3466 420 3520 ceritis
445 3479 681 3520 carnem
704 3467 838 3520 Filii
865 3466 1144 3531 hominis,
1164 3471 1297 3532 etc.,
1333 3471 1390 3522 et
1419 3483 1488 3522 ex
1524 3467 1803 3524 Matthieo
1823 3472 1869 3505 ³⁵

199 3561 260 3609 ct
284 3553 474 3608 Paulo
499 3555 542 3587 ’τ
565 3553 999 3610 institutionem
1027 3555 1406 3612 cucharistim
1433 3556 1866 3622 referentibus;

197 3650 322 3698 tum
343 3659 483 3700 vero
504 3643 585 3698 sic
611 3645 936 3700 concludit:
972 3647 1125 3705 Ouid
1141 3647 1330 3716 igitur
1348 3648 1630 3702 utilitatis
1649 3646 1870 3706 habent

197 3735 318 3788 hare
346 3733 563 3789 verba?
593 3734 662 3790 Ut
686 3735 924 3790 edentes
951 3740 1003 3790 et
1030 3735 1548 3804 bibentes,semper
1581 3751 1868 3792 memores

191 3825 378 3878 simus
408 3827 559 3893 ejus,
590 3825 696 3894 qui
708 3841 822 3892 pro
839 3825 1004 3879 nobis
1024 3830 1292 3879 mortuus
1316 3830 1396 3880 est
1421 3831 1472 3878 et
1509 3828 1866 3898 resurrexit;

187 3917 393 3984 sicque
430 3914 734 3968 discamus
767 3916 1096 3970 necessario
1154 3929 1394 3969 servare
1427 3929 1628 3969 coram
1664 3916 1778 3971 Deo
1809 3929 1865 3977 et

189 4003 434 4057 Christo
463 4004 654 4072 ipsius
687 4003 979 4058 traditum
1007 4004 1082 4058 ab
1133 4004 1422 4071 Apostolo
1471 4003 1708 4072 dogma,
1761 4006 1868 4075 qui

188 4091 358 4146 dicit:
385 4116 411 4139 ‹‹
450 4092 741 4147 Charitas
766 4091 996 4147 Christi
1025 4097 1189 4161 urget
1210 4106 1334 4157 nos,
1350 4091 1699 4159 judicantes
1731 4093 1859 4161 hoc,

186 4183 428 4252 quod,si
452 4198 611 4238 unus
635 4199 748 4252 pro
774 4182 1046 4236 omnibus
1076 4187 1348 4236 mortuus
1380 4187 1633 4249 est.ergo
1663 4198 1863 4239 omnes

188 4271 416 4324 mortui
435 4275 603 4331 sunt,
637 4277 689 4325 et
717 4285 830 4339 pro
859 4270 1134 4326 omnibus
1165 4276 1432 4325 mortuus
1483 4277 1600 4336 est;
1644 4277 1709 4325 ut
1762 4277 1868 4343 qui

187 4363 549 4427 ricunt,non
585 4363 847 4430 amplius
879 4361 992 4416 sibi
1015 4361 1350 4430 vivant,sed
1369 4375 1419 4416 ei
1442 4361 1546 4431 qui
1571 4377 1685 4428 pro
1719 4363 1861 4431 ipsis

190 4457 465 4506 mortuus
497 4454 1008 4531 estetresurregit
1033 4452 1134 4504 ³⁸.»
1169 4449 1319 4506 Nihil
1339 4449 1536 4504 verbis
1570 4466 1724 4521 opus
1750 4457 1855 4514 est,

195 4542 336 4595 utin
371 4540 466 4595 his
500 4540 647 4594 locis
681 4540 962 4595 eamdem
993 4557 1245 4612 prorsus
1278 4539 1637 4594 sententiam
1687 4557 1758 4596 ac
1797 4541 1855 4597 in

191 4630 436 4698 [tegulis
487 4629 855 4685 brevioribus
907 4630 1183 4684 constitui
1229 4634 1448 4701 pateat.
1493 4631 1603 4684 lies
1646 4645 1752 4701 per
1791 4648 1854 4686 se

191 4717 352 4774 clara
377 4726 437 4774 et
470 4719 1351 4784 manifestaouemadmodum
1385 4717 1542 4773 enim
1567 4718 1626 4774 in
1659 4721 1848 4789 Regu-

191 4807 257 4860 lis
289 4808 778 4864 breeioribusliic
789 4807 974 4863 animi
991 4807 1240 4864 ati'ectus
1263 4807 1338 4863 ad
1355 4807 1847 4865 communionem

190 4899 530 4972 requiritur,
568 4903 632 4953 ut
661 4914 733 4953 ex
792 4897 1207 4970 persuasione,
1239 4913 1426 4969 quam
1475 4897 1692 4952 animis
1736 4914 1843 4954 no-

193 4990 318 5043 stris
364 4988 555 5044 verba
610 4987 840 5057 Christi,
884 4988 1012 5044 Hoc
1041 4995 1125 5043 est
1157 5002 1372 5056 corpus
1404 5002 1592 5042 meum
1623 4989 1690 5052 ’9,
1733 4986 1840 5042 im-

191 5083 440 5147 primere
486 5077 729 5144 debent,
756 5077 897 5132 item
950 5092 1021 5132 ex
1053 5076 1244 5133 verbis
1269 5077 1543 5141 Joannis,
1595 5076 1841 5132 Verbum

941 5285 987 5317 ’⁵
1036 5282 1183 5338 ibid.
1242 5288 1324 5339 15.

851 5355 1161 5419 8°.loan.1,
1195 5357 1277 5410 14.

259 5286 303 5318 ’δ
362 5286 404 5340 ll
442 5285 578 5340 Cor.
633 5299 686 5342 ν.
743 5285 826 5338 14.

190 5355 232 5388 ”
261 5356 464 5412 Matth.
496 5371 655 5424 xm,
681 5359 771 5410 26.
851 5355 898 5387 ³⁰
915 5355 1088 5410 Joan.
1120 5371 1161 5419 ι,
1195 5357 1277 5410 14.
1355 5357 1398 5390 ³¹
1436 5354 1692 5428 Philipp.
1721 5369 1758 5425 ι,
1795 5358 1846 5410 6.

257 5580 396 5650 (16⁸)
418 5579 658 5638 Medul.
693 5579 896 5648 theot.,
933 5582 1088 5651 part.
1119 5592 1201 5649 ιγ,
1232 5593 1294 5651 p.
1321 5582 1446 5636 229.

510 3107 794 3163 Similiter
824 3107 886 3162 in
925 3107 1079 3163 libro
1111 3124 1128 3162 ι
1166 3109 1246 3164 De
1275 3108 1588 3176 baptismo,
1624 3123 1760 3180 cap.
1812 3114 1864 3176 3,
1901 3108 1939 3164 C

1442 5285 1488 5319 ³⁸
1525 5282 1723 5339 Matth.
1751 5297 1902 5353 xxvx,
1937 5284 2006 5334 ‘26
2048 5293 2180 5350 sqq.

1925 5354 1972 5386 ³³
1998 5355 2020 5406 1
2050 5354 2179 5408 Cor.
2212 5364 2293 5418 xx,
2319 5351 2410 5405 29.

1974 493 2209 558 esset“,
2259 495 2394 552 etc.,
2447 488 2523 545 ad
2556 503 2693 542 eum
2749 484 3105 551 amandum,
3137 482 3241 555 qui
3286 498 3394 553 pro
3450 479 3629 536 nobis

1976 589 2246 639 mortuus
2288 586 2398 647 est,
2435 576 2875 642 accendamur;
2909 574 2989 628 ita
3020 573 3079 628 in
3111 572 3274 628 libris
3300 571 3628 626 Moralium

1973 679 2030 731 et
2055 677 2142 730 De
2169 673 2460 742 baptismo
2511 667 2791 724 eamdem
2849 680 3094 737 prorsus
3137 659 3631 717 communicandi

1971 764 2122 820 ratio
2153 763 2213 818 in
2235 758 2875 818 commemorationem
2893 753 3196 827 passionis
3229 750 3458 806 Domini
3483 766 3633 822 prce-

1970 855 2212 927 cipitur.

2040 961 2415 1018 Perabsurde
2431 975 2572 1029 ergo
2588 955 3236 1025 Scultetus(t6')secum
3259 949 3633 1029 iacereputat

1965 1023 2717 1118 illudBasilii:Quidigitur
2733 1023 3016 1100 utilitatis
3038 1041 3255 1097 habent
3283 1039 3405 1094 haec
3425 1023 3633 1092 verba?

1973 1147 2042 1202 Ut
2065 1147 2297 1201 edentes
2323 1149 2375 1198 et
2407 1141 2926 1204 bibentes,semper
2954 1145 3238 1187 memores
3270 1131 3398 1199 ejus
3423 1127 3634 1182 simus'

1971 1235 2391 1307 qui,etc.:\’am,
2431 1236 2480 1284 1υ
2502 1228 2706 1285 Modus
2736 1225 2828 1280 ille
2855 1218 3348 1279 communicandi
3371 1217 3430 1272 in
3462 1233 3630 1271 com-

1973 1323 2473 1381 memorationem
2510 1317 2743 1374 Domini
2781 1314 3160 1387 repetitur,ut
3184 1311 3313 1381 jam
3345 1308 3629 1375 diximus,

1976 1433 2047 1470 ex
2095 1414 2213 1468 fide
2253 1418 2308 1466 et
2356 1408 2771 1482 persuasione,
2804 1420 2987 1476 quam
3035 1403 3094 1457 in
3145 1398 3364 1454 animis
3412 1396 3631 1452 nostris

1977 1504 2209 1560 efﬁcere
2265 1501 2489 1556 debent
2541 1496 2728 1551 verba
2783 1493 3017 1557 (.Zbristi,
3086 1491 3213 1546 Hoc
3266 1494 3348 1544 est
3414 1501 3632 1555 corpus

1975 1611 2190 1661 meum,
2217 1585 2790 1652 etaliatestimonia,
2832 1583 3054 1655 quibus
3087 1582 3217 1652 ejus
3248 1577 3528 1634 divinitas
3575 1581 3631 1630 et

1975 1683 2310 1740 inc'arnatio
2360 1696 2429 1735 ac
2478 1677 2684 1751 passio
2733 1674 3139 1730 continentur.
3190 1674 3245 1723 2ο
3297 1671 3426 1724 Non
3485 1665 3629 1721 dicit

1976 1773 2506 1830 manducationem
2551 1764 2818 1837 corporis
2866 1760 3099 1817 Domini
3143 1764 3201 1813 et
3250 1763 3460 1830 potum
3495 1755 3627 1826 ejus

1976 1863 2287 1933 sanguinis
2347 1860 2406 1914 in
2464 1853 3028 1912 commemoratione
3083 1849 3274 1921 ipsius
3329 1843 3628 1918 passionis

1974 1954 2237 2026 positam
2266 1967 2416 2016 esse;
2451 1947 2554 2003 sed
2586 1944 2732 2001 illud
2763 1957 2981 2013 corpus
3012 1940 3095 1994 sic
3139 1935 3515 2026 manducari,
3571 1938 3628 1989 et

1975 2025 2334 2116 sanguinem
2367 2040 2450 2095 sic
2473 2037 2596 2094 bibi
2618 2033 2856 2098 debere,
2886 2035 2951 2086 ut
2987 2025 3629 2086 commemorationem

1974 2137 2132 2194 illius
2171 2131 2468 2207 passionis
2494 2125 2885 2182 celebremus.
2933 2125 2990 2176 3°
3047 2122 3158 2174 Eos
3189 2117 3369 2172 etiam
3401 2116 3504 2186 qui
3543 2116 3638 2170 iu-

1977 2204 2654 2297 digne'communieant,
2687 2229 2908 2285 corpus
2935 2214 2987 2265 et
3010 2207 3366 2297 sanguinem
3391 2204 3634 2297 Domini

1977 2295 2216 2371 sumere
2241 2313 2300 2366 in
2327 2303 2967 2366 commemorationem
2997 2297 3302 2372 passionis
3326 2296 3500 2362 illius,
3525 2295 3631 2351 sed

1977 2422 2097 2462 non
2125 2404 2185 2459 in
2219 2398 2427 2472 seipsis
2457 2397 2616 2452 hanc
2647 2390 3006 2448 memoriam
3035 2387 3370 2459 exprimere
3407 2385 3582 2441 docet
3613 2401 3627 2438 :

1979 2493 2266 2563 Quienim
2294 2489 2412 2546 edit
2452 2492 2506 2542 ct
2525 2485 2688 2549 bibit,
2712 2481 2925 2554 inquit,
2954 2478 3224 2535 videlicet
3246 2477 3326 2532 ad
3351 2474 3632 2531 indelebi-

1979 2588 2089 2641 lem
2113 2581 2458 2638 memoriam
2483 2578 2625 2632 Jesu
2653 2572 2884 2628 Christi
2910 2568 3153 2625 Domini
3166 2566 3378 2628 nostri,
3400 2567 3505 2637 qui
3521 2580 3632 2634 pro

1976 2676 2144 2730 nobis
2175 2675 2444 2727 mortuus
2473 2672 2554 2722 est
2585 2670 2640 2720 et
2662 2659 3319 2720 resurrexit,rationem
3349 2669 3486 2712 vero
3522 2669 3634 2710 me-

1977 2765 2181 2819 moriae
2203 2756 2548 2816 obedientiaz
2579 2751 2815 2809 Domini
2837 2763 3021 2821 usque
3041 2747 3120 2803 ad
3146 2751 3413 2811 mortem,
3446 2746 3635 2814 juxta

1975 2852 2313 2910 doctrinam
2342 2845 2616 2916 Apostoli
2643 2856 2763 2902 non
2807 2838 3119 2906 adimplet,
3151 2835 3274 2906 qui,
3316 2839 3383 2888 ut
3409 2834 3634 2890 dictum

1977 2949 2082 3009 est,
2113 2942 2220 3007 ait,
2253 2957 2282 2990 ‹
2309 2935 2591 2992 Charitas
2625 2929 2859 2988 Christi
2887 2931 3060 2996 urget
3087 2940 3212 2990 nos,
3246 2946 3272 2972 »
3305 2927 3436 2987 etc.,
3471 2923 3521 2976 is
3542 2923 3634 2976 ni-

1978 3033 2069 3090 hil
2091 3029 2247 3100 capit
2273 3023 2578 3082 utilitatis.

2051 3159 2192 3223 Quae
2226 3154 2582 3224 sequuntur,
2617 3162 2653 3202 a
2681 3140 3041 3200 Combetisio
3077 3143 3139 3194 ut
3169 3137 3414 3194 duriora
3452 3141 3509 3193 et
3549 3153 3636 3193 se-

1979 3247 2213 3302 veriora
2269 3235 2816 3312 rcprehenduntur.
2866 3233 3171 3287 Praeterea
3222 3227 3337 3284 sibi
3383 3227 3499 3297 ipsi
3544 3243 3638 3284 ac-

1981 3336 2153 3390 cersit
2183 3333 2288 3405 qui
2318 3327 2610 3399 ejusmodi
2652 3330 2735 3381 est
2757 3321 3062 3405 judicium
3103 3333 3335 3390 quoque
3362 3318 3639 3386 Apostoli

1979 3404 2250 3482 dicentis:
2277 3443 2302 3469 ‹‹
2339 3419 2453 3486 Qui
2478 3415 2806 3472 manducat
2825 3418 2876 3469 et
2903 3404 3044 3466 bidit
3076 3407 3634 3478 indigne,judicimn

1979 3517 2094 3571 sibi
2121 3511 2448 3568 manducat
2471 3513 2523 3562 et
2555 3505 2722 3572 bibit,
2753 3517 2873 3557 non
2899 3500 3245 3570 dijudicans
3276 3512 3493 3565 corpus
3526 3499 3636 3552 Do-

1981 3605 2241 3660 mini”.»
2261 3598 2492 3654 Etenim
2518 3593 2880 3650 horrendum
2905 3589 3197 3659 judicium
3225 3592 3307 3643 est
3329 3601 3446 3642 non
3465 3586 3636 3642 modo

1980 3695 2052 3761 ei,
2083 3693 2267 3764 quiin
2296 3689 2494 3744 carnis
2525 3699 2598 3740 ac
2622 3683 2871 3752 spiritus
2907 3679 3361 3749 inquinamento
3392 3676 3637 3745 indigne

1979 3782 2207 3839 accedit
2239 3779 2320 3835 ad
2347 3781 2582 3842 sancta,
2612 3787 2746 3828 cum
2791 3770 2948 3825 enim
2971 3767 3219 3832 accedit,
3251 3781 3385 3821 reus
3413 3766 3480 3832 ﬁt
3508 3780 3635 3820 cor-

1972 3872 2139 3941 poris
2171 3875 2223 3925 et
2271 3846 2858 3936 snnguinz's‘Domini
2875 3877 2887 3925 ;
2917 3857 3022 3912 sed
3041 3857 3210 3912 etiam
3234 3855 3289 3911 ei
3321 3856 3425 3926 qui
3453 3855 3635 3910 otiose

1975 3960 2390 4028 inutiliterque
2415 3954 2634 4010 editae
2673 3949 2837 4005 bibit.
2879 3947 3014 4002 Hinc
3052 3961 3303 4018 prorsus
3333 3943 3632 3999 immerito

1972 4051 2413 4121 vituperantur.
2466 4046 2516 4098 Is
2562 4041 2722 4098 enim
2766 4037 2954 4094 otiose
3005 4035 3410 4107 inutilitcrque
3457 4034 3632 4089 edere

1973 4139 2208 4206 dicitur,
2235 4135 2336 4208 qui
2369 4133 2495 4188 sine
2537 4129 2825 4188 charitate
2856 4127 3009 4194 edit;
3042 4125 3225 4198 idque
3271 4128 3436 4197 patet
3491 4139 3627 4179 cum

1973 4245 2040 4285 ex
2068 4223 2482 4299 superioribus
2511 4219 2860 4284 verbis,tum
2883 4233 2954 4271 ex
2985 4217 3428 4286 ratione,quam
3461 4213 3632 4271 addit

1973 4317 2247 4379 Basilius,
2281 4330 2388 4368 cur
2409 4309 2709 4382 ejusmodi
2739 4306 3048 4362 hominem
3074 4302 3444 4359 horrendum
3472 4302 3630 4373 judi-

1971 4408 2133 4464 cium
2163 4408 2405 4460 maneat
2447 4417 2459 4454 :
2504 4398 2690 4465 Quod,
2720 4395 2933 4467 inquit,
2967 4409 3086 4450 non
3133 4409 3241 4462 per
3283 4393 3623 4448 memoriam

1897 4504 1937 4557 D
1967 4499 2108 4553 Jesu
2141 4495 2368 4551 Christi
2393 4489 2857 4551 Domininostri,
2891 4485 2994 4556 qui
3014 4499 3128 4552 pro
3163 4483 3332 4538 nobis
3355 4488 3626 4537 mortuus

1967 4593 2052 4644 est
2092 4593 2146 4643 et
2191 4583 2546 4646 resurrexit,
2587 4586 2783 4634 servat
2812 4577 2973 4648 quod
3001 4576 3227 4630 dictum
3259 4581 3341 4630 est
3375 4591 3387 4628 :
3415 4596 3441 4622 «
3477 4573 3626 4629 Cha-

1967 4679 2120 4733 ritas
2153 4675 2364 4740 Chisti,
2391 4677 2560 4740 urget
2588 4684 2714 4730 nos,
2748 4690 2774 4716 η
2801 4674 2913 4722 etc.

2037 4805 2127 4857 lli.
2163 4800 2290 4856 Alio
2316 4798 2500 4853 utitur
2534 4794 2725 4851 Basilii
2749 4791 3090 4849 testimonio
3122 4789 3436 4858 Scultetus,
3457 4791 3622 4864 quod

1961 4894 2048 4949 sic
2069 4891 2246 4948 refert
2289 4907 2302 4944 :
2347 4889 2593 4946 Carnem
2623 4893 2675 4942 et
2700 4885 3052 4955 sanguinem
3085 4888 3268 4938 totam
3299 4897 3468 4938 suam
3499 4898 3598 4951 my

1955 4985 2166 5040 sticam
2189 4979 2688 5037 conversationem
2712 4977 2774 5031 in
2801 4990 2984 5032 carne
3005 4979 3057 5030 et
3070 4973 3406 5030 doctrinam
3421 4976 3622 5029 Evan-

1963 5075 2108 5148 gelii
2158 5072 2388 5129 vocavit
2435 5069 2732 5125 Christus.
2780 5066 2946 5122 Unde
2977 5065 3282 5123 concludit
3324 5065 3618 5122 Scultetus

2295 5277 2337 5312 ³⁷
2369 5275 2388 5328 l
2417 5277 2548 5332 Cor.
2581 5290 2659 5345 XI,
2686 5278 2753 5331 23
2785 5289 2923 5346 sqq.
3036 5275 3084 5308 ³⁸
3114 5277 3129 5328 1
3163 5274 3294 5329 Cor.
3325 5285 3379 5338 ν,
3413 5272 3496 5336 14,
3530 5274 3612 5326 15.
