  <div class='ocr_page' id='page_1' title='image "/cluster/home/n/w/nwhite01/storage/ocr_20150623/32/hvd.32044048207401/033.png"; bbox 0 0 4050 6202; ppageno 0'>
   <div class='ocr_carea' id='block_1_1' title="bbox 435 273 3846 349">
    <p class='ocr_par' dir='ltr' id='par_1_1' title="bbox 435 273 3846 349">
     <span class='ocr_line' id='line_1_1' title="bbox 435 273 3846 349; baseline 0.004 -29"><span class='ocrx_word' id='word_1_1' title='bbox 435 296 506 349; x_wconf 67' lang='lat'><strong>55</strong></span> <span class='ocrx_word' id='word_1_2' title='bbox 1952 273 2336 331; x_wconf 66' lang='lat' dir='ltr'>PBEFATIO.</span> <span class='ocrx_word' id='word_1_3' title='bbox 3781 282 3846 334; x_wconf 71' lang='lat' dir='ltr'>ss</span> 
     </span>
    </p>
   </div>
   <div class='ocr_carea' id='block_1_2' title="bbox 423 397 3846 489">
    <p class='ocr_par' dir='ltr' id='par_1_2' title="bbox 423 397 3846 489">
     <span class='ocr_line' id='line_1_2' title="bbox 423 397 3846 489; baseline -0.004 -18"><span class='ocrx_word' id='word_1_4' title='bbox 423 419 509 489; x_wconf 91' lang='lat' dir='ltr'>(p.</span> <span class='ocrx_word' id='word_1_5' title='bbox 536 418 664 487; x_wconf 87' lang='lat'>230)</span> <span class='ocrx_word' id='word_1_6' title='bbox 693 414 988 472; x_wconf 76' lang='lat' dir='ltr'>neminem</span> <span class='ocrx_word' id='word_1_7' title='bbox 1018 412 1209 468; x_wconf 90' lang='lat' dir='ltr'>alium</span> <span class='ocrx_word' id='word_1_8' title='bbox 1239 410 1397 467; x_wconf 88' lang='lat' dir='ltr'>hanc</span> <span class='ocrx_word' id='word_1_9' title='bbox 1424 422 1663 465; x_wconf 86' lang='lat' dir='ltr'>carnem</span> <span class='ocrx_word' id='word_1_10' title='bbox 1696 406 1888 473; x_wconf 86' lang='lat' dir='ltr'>edere,</span> <span class='ocrx_word' id='word_1_11' title='bbox 1924 401 2083 456; x_wconf 85' lang='lat' dir='ltr'>hunc</span> <span class='ocrx_word' id='word_1_12' title='bbox 2111 397 2163 455; x_wconf 74' lang='grc' dir='ltr'>Α</span> <span class='ocrx_word' id='word_1_13' title='bbox 2192 401 2467 467; x_wconf 79' lang='lat' dir='ltr'>inanima</span> <span class='ocrx_word' id='word_1_14' title='bbox 2498 402 2593 470; x_wconf 87' lang='lat' dir='ltr'>sit,</span> <span class='ocrx_word' id='word_1_15' title='bbox 2629 406 2733 459; x_wconf 87' lang='lat' dir='ltr'>aut</span> <span class='ocrx_word' id='word_1_16' title='bbox 2760 418 2797 459; x_wconf 88' lang='lat' dir='ltr'>a</span> <span class='ocrx_word' id='word_1_17' title='bbox 2826 402 3138 459; x_wconf 82' lang='lat' dir='ltr'>divinitate</span> <span class='ocrx_word' id='word_1_18' title='bbox 3170 404 3498 476; x_wconf 85' lang='lat' dir='ltr'>separata?</span> <span class='ocrx_word' id='word_1_19' title='bbox 3548 404 3640 459; x_wconf 89' lang='lat' dir='ltr'>Sic</span> <span class='ocrx_word' id='word_1_20' title='bbox 3671 403 3846 460; x_wconf 84' lang='lat' dir='ltr'>etiam</span> 
     </span>
    </p>
   </div>
   <div class='ocr_carea' id='block_1_3' title="bbox 425 495 2085 578">
    <p class='ocr_par' dir='ltr' id='par_1_3' title="bbox 425 495 2085 578">
     <span class='ocr_line' id='line_1_3' title="bbox 425 495 2085 578; baseline -0.013 -12"><span class='ocrx_word' id='word_1_21' title='bbox 425 506 780 578; x_wconf 86' lang='lat' dir='ltr'>sanguinem</span> <span class='ocrx_word' id='word_1_22' title='bbox 809 502 1023 569; x_wconf 82' lang='lat' dir='ltr'>bibere,</span> <span class='ocrx_word' id='word_1_23' title='bbox 1046 515 1224 572; x_wconf 91' lang='lat' dir='ltr'>quam</span> <span class='ocrx_word' id='word_1_24' title='bbox 1256 499 1363 572; x_wconf 97' lang='lat' dir='ltr'>qui</span> <span class='ocrx_word' id='word_1_25' title='bbox 1405 497 1576 567; x_wconf 79' lang='lat' dir='ltr'>ﬁdeli</span> <span class='ocrx_word' id='word_1_26' title='bbox 1623 496 1802 553; x_wconf 88' lang='lat' dir='ltr'>corde</span> <span class='ocrx_word' id='word_1_27' title='bbox 1828 495 1946 550; x_wconf 87' lang='lat' dir='ltr'>ista</span> <span class='ocrx_word' id='word_1_28' title='bbox 1967 505 2085 546; x_wconf 89' lang='lat' dir='ltr'>om-</span> 
     </span>
    </p>
   </div>
   <div class='ocr_carea' id='block_1_4' title="bbox 428 592 1049 663">
    <p class='ocr_par' dir='ltr' id='par_1_4' title="bbox 428 592 1049 663">
     <span class='ocr_line' id='line_1_4' title="bbox 428 592 1049 663; baseline -0.014 -10"><span class='ocrx_word' id='word_1_29' title='bbox 428 597 534 654; x_wconf 89' lang='lat' dir='ltr'>nia</span> <span class='ocrx_word' id='word_1_30' title='bbox 559 595 675 652; x_wconf 89' lang='lat' dir='ltr'>sibi</span> <span class='ocrx_word' id='word_1_31' title='bbox 692 592 1049 663; x_wconf 86' lang='lat' dir='ltr'>applicarit.</span> 
     </span>
    </p>
   </div>
   <div class='ocr_carea' id='block_1_5' title="bbox 503 690 2088 759">
    <p class='ocr_par' dir='ltr' id='par_1_5' title="bbox 503 690 2088 759">
     <span class='ocr_line' id='line_1_5' title="bbox 503 690 2088 759; baseline -0.009 -1"><span class='ocrx_word' id='word_1_32' title='bbox 503 701 620 759; x_wconf 89' lang='lat' dir='ltr'>Sed</span> <span class='ocrx_word' id='word_1_33' title='bbox 675 698 912 756; x_wconf 90' lang='lat' dir='ltr'>Sculteti</span> <span class='ocrx_word' id='word_1_34' title='bbox 939 698 1001 753; x_wconf 90' lang='lat' dir='ltr'>in</span> <span class='ocrx_word' id='word_1_35' title='bbox 1047 696 1164 752; x_wconf 91' lang='lat' dir='ltr'>hoc</span> <span class='ocrx_word' id='word_1_36' title='bbox 1209 695 1554 752; x_wconf 88' lang='lat' dir='ltr'>testimonio</span> <span class='ocrx_word' id='word_1_37' title='bbox 1595 690 1911 750; x_wconf 87' lang='lat' dir='ltr'>referendo</span> <span class='ocrx_word' id='word_1_38' title='bbox 1964 701 2088 744; x_wconf 90' lang='lat' dir='ltr'>non</span> 
     </span>
    </p>
   </div>
   <div class='ocr_carea' id='block_1_6' title="bbox 429 777 2090 858">
    <p class='ocr_par' dir='ltr' id='par_1_6' title="bbox 429 777 2090 858">
     <span class='ocr_line' id='line_1_6' title="bbox 429 777 2090 858; baseline -0.01 -9"><span class='ocrx_word' id='word_1_39' title='bbox 429 789 799 850; x_wconf 82' lang='lat' dir='ltr'>laudabilior</span> <span class='ocrx_word' id='word_1_40' title='bbox 840 787 1011 853; x_wconf 90' lang='lat' dir='ltr'>ﬁdes,</span> <span class='ocrx_word' id='word_1_41' title='bbox 1034 801 1225 858; x_wconf 88' lang='lat' dir='ltr'>quam</span> <span class='ocrx_word' id='word_1_42' title='bbox 1245 785 1307 840; x_wconf 89' lang='lat' dir='ltr'>in</span> <span class='ocrx_word' id='word_1_43' title='bbox 1334 782 1695 858; x_wconf 82' lang='lat' dir='ltr'>explicando</span> <span class='ocrx_word' id='word_1_44' title='bbox 1721 780 1952 855; x_wconf 90' lang='lat' dir='ltr'>peritia.</span> <span class='ocrx_word' id='word_1_45' title='bbox 1997 777 2090 833; x_wconf 89' lang='lat' dir='ltr'>Sic</span> 
     </span>
    </p>
   </div>
   <div class='ocr_carea' id='block_1_7' title="bbox 435 871 2092 947">
    <p class='ocr_par' dir='ltr' id='par_1_7' title="bbox 435 871 2092 947">
     <span class='ocr_line' id='line_1_7' title="bbox 435 871 2092 947; baseline -0.01 -8"><span class='ocrx_word' id='word_1_46' title='bbox 435 882 600 940; x_wconf 89' lang='lat' dir='ltr'>enim</span> <span class='ocrx_word' id='word_1_47' title='bbox 673 880 834 935; x_wconf 90' lang='lat' dir='ltr'>hunc</span> <span class='ocrx_word' id='word_1_48' title='bbox 898 877 1103 933; x_wconf 88' lang='lat' dir='ltr'>locum</span> <span class='ocrx_word' id='word_1_49' title='bbox 1148 875 1408 946; x_wconf 83' lang='lat' dir='ltr'>legimus</span> <span class='ocrx_word' id='word_1_50' title='bbox 1450 876 1513 931; x_wconf 92' lang='lat' dir='ltr'>in</span> <span class='ocrx_word' id='word_1_51' title='bbox 1570 874 1742 947; x_wconf 83' lang='lat' dir='ltr'>epist.</span> <span class='ocrx_word' id='word_1_52' title='bbox 1813 877 1865 940; x_wconf 91' lang='lat'>8,</span> <span class='ocrx_word' id='word_1_53' title='bbox 1915 885 1976 925; x_wconf 90' lang='lat' dir='ltr'>n.</span> <span class='ocrx_word' id='word_1_54' title='bbox 2036 871 2092 943; x_wconf 69' lang='grc'>4,</span> 
     </span>
    </p>
   </div>
   <div class='ocr_carea' id='block_1_8' title="bbox 430 958 2091 1036">
    <p class='ocr_par' dir='ltr' id='par_1_8' title="bbox 430 958 2091 1036">
     <span class='ocr_line' id='line_1_8' title="bbox 430 958 2091 1036; baseline -0.005 -8"><span class='ocrx_word' id='word_1_55' title='bbox 430 971 538 1028; x_wconf 91' lang='lat' dir='ltr'>ubi</span> <span class='ocrx_word' id='word_1_56' title='bbox 586 967 841 1025; x_wconf 84' lang='lat' dir='ltr'>Basilius</span> <span class='ocrx_word' id='word_1_57' title='bbox 870 965 1091 1036; x_wconf 87' lang='lat' dir='ltr'>objecti</span> <span class='ocrx_word' id='word_1_58' title='bbox 1124 965 1203 1021; x_wconf 87' lang='lat' dir='ltr'>ab</span> <span class='ocrx_word' id='word_1_59' title='bbox 1253 965 1491 1021; x_wconf 81' lang='lat' dir='ltr'>Arianis</span> <span class='ocrx_word' id='word_1_60' title='bbox 1533 965 1715 1034; x_wconf 90' lang='lat' dir='ltr'>hujus</span> <span class='ocrx_word' id='word_1_61' title='bbox 1745 958 2091 1019; x_wconf 63' lang='lat' dir='ltr'>testimonii:</span> 
     </span>
    </p>
   </div>
   <div class='ocr_carea' id='block_1_9' title="bbox 432 1049 2087 1130">
    <p class='ocr_par' dir='ltr' id='par_1_9' title="bbox 432 1049 2087 1130">
     <span class='ocr_line' id='line_1_9' title="bbox 432 1049 2087 1130; baseline -0.009 -13"><span class='ocrx_word' id='word_1_62' title='bbox 432 1061 562 1130; x_wconf 87' lang='lat' dir='ltr'>Ego</span> <span class='ocrx_word' id='word_1_63' title='bbox 610 1059 743 1115; x_wconf 90' lang='lat' dir='ltr'>vivo</span> <span class='ocrx_word' id='word_1_64' title='bbox 774 1062 1027 1126; x_wconf 79' lang='lat' dir='ltr'>propter</span> <span class='ocrx_word' id='word_1_65' title='bbox 1080 1057 1331 1112; x_wconf 84' lang='lat' dir='ltr'>Patrem</span> <span class='ocrx_word' id='word_1_66' title='bbox 1354 1055 1403 1088; x_wconf 80' lang='grc'>⁵³</span> <span class='ocrx_word' id='word_1_67' title='bbox 1453 1053 1814 1111; x_wconf 86' lang='lat' dir='ltr'>solutionem</span> <span class='ocrx_word' id='word_1_68' title='bbox 1864 1049 2035 1105; x_wconf 75' lang='lat' dir='ltr'>affert</span> <span class='ocrx_word' id='word_1_69' title='bbox 2074 1064 2087 1102; x_wconf 94' lang='lat'><strong>:</strong></span> 
     </span>
    </p>
   </div>
   <div class='ocr_carea' id='block_1_10' title="bbox 436 1140 2091 1216">
    <p class='ocr_par' dir='ltr' id='par_1_10' title="bbox 436 1140 2091 1216">
     <span class='ocr_line' id='line_1_10' title="bbox 436 1140 2091 1216; baseline -0.008 -14"><span class='ocrx_word' id='word_1_70' title='bbox 436 1152 661 1203; x_wconf 85' lang='grc' dir='ltr'>Δύναται</span> <span class='ocrx_word' id='word_1_71' title='bbox 714 1144 772 1199; x_wconf 70' lang='grc' dir='ltr'>δὲ</span> <span class='ocrx_word' id='word_1_72' title='bbox 821 1148 910 1198; x_wconf 86' lang='grc' dir='ltr'>καὶ</span> <span class='ocrx_word' id='word_1_73' title='bbox 967 1148 1104 1208; x_wconf 78' lang='grc' dir='ltr'>ζωὴν</span> <span class='ocrx_word' id='word_1_74' title='bbox 1151 1144 1335 1216; x_wconf 84' lang='grc' dir='ltr'>λέγειν,</span> <span class='ocrx_word' id='word_1_75' title='bbox 1396 1147 1457 1203; x_wconf 79' lang='grc' dir='ltr'>ἧν</span> <span class='ocrx_word' id='word_1_76' title='bbox 1518 1148 1578 1216; x_wconf 72' lang='grc' dir='ltr'>ζῇ</span> <span class='ocrx_word' id='word_1_77' title='bbox 1636 1144 1660 1195; x_wconf 85' lang='grc' dir='ltr'><strong><em>ὁ</em></strong></span> <span class='ocrx_word' id='word_1_78' title='bbox 1713 1142 1962 1216; x_wconf 77' lang='grc' dir='ltr'>Χριστὸς,</span> <span class='ocrx_word' id='word_1_79' title='bbox 2004 1140 2091 1189; x_wconf 87' lang='grc' dir='ltr'>τὸν</span> 
     </span>
    </p>
   </div>
   <div class='ocr_carea' id='block_1_11' title="bbox 432 1229 2091 1311">
    <p class='ocr_par' dir='ltr' id='par_1_11' title="bbox 432 1229 2091 1311">
     <span class='ocr_line' id='line_1_11' title="bbox 432 1229 2091 1311; baseline -0.004 -19"><span class='ocrx_word' id='word_1_80' title='bbox 432 1239 585 1311; x_wconf 84' lang='grc' dir='ltr'>λόγον</span> <span class='ocrx_word' id='word_1_81' title='bbox 639 1243 732 1289; x_wconf 86' lang='grc' dir='ltr'>τοῦ</span> <span class='ocrx_word' id='word_1_82' title='bbox 780 1242 913 1290; x_wconf 83' lang='grc' dir='ltr'>Θεοῦ</span> <span class='ocrx_word' id='word_1_83' title='bbox 953 1238 1088 1307; x_wconf 73' lang='grc' dir='ltr'>ἔχων</span> <span class='ocrx_word' id='word_1_84' title='bbox 1135 1233 1191 1285; x_wconf 77' lang='grc' dir='ltr'>’ἐν</span> <span class='ocrx_word' id='word_1_85' title='bbox 1242 1233 1403 1304; x_wconf 72' lang='grc' dir='ltr'>ἐαυτῷ</span> <span class='ocrx_word' id='word_1_86' title='bbox 1437 1249 1451 1263; x_wconf 74' lang='grc'>⁸</span> <span class='ocrx_word' id='word_1_87' title='bbox 1508 1237 1598 1284; x_wconf 84' lang='grc' dir='ltr'>καὶ</span> <span class='ocrx_word' id='word_1_88' title='bbox 1654 1233 1734 1284; x_wconf 85' lang='grc' dir='ltr'>ὅτι</span> <span class='ocrx_word' id='word_1_89' title='bbox 1772 1233 1925 1283; x_wconf 83' lang='grc' dir='ltr'>τοῦτὸ</span> <span class='ocrx_word' id='word_1_90' title='bbox 1979 1229 2091 1285; x_wconf 79' lang='grc' dir='ltr'>ἐστι</span> 
     </span>
    </p>
   </div>
   <div class='ocr_carea' id='block_1_12' title="bbox 434 1322 2091 1399">
    <p class='ocr_par' dir='ltr' id='par_1_12' title="bbox 434 1322 2091 1399">
     <span class='ocr_line' id='line_1_12' title="bbox 434 1322 2091 1399; baseline -0.005 -17"><span class='ocrx_word' id='word_1_91' title='bbox 434 1331 493 1382; x_wconf 89' lang='grc' dir='ltr'><strong>τό</strong></span> <span class='ocrx_word' id='word_1_92' title='bbox 560 1324 895 1399; x_wconf 79' lang='grc' dir='ltr'>δηλούμενον,</span> <span class='ocrx_word' id='word_1_93' title='bbox 968 1323 1023 1376; x_wconf 77' lang='grc' dir='ltr'>ἐκ</span> <span class='ocrx_word' id='word_1_94' title='bbox 1078 1330 1173 1375; x_wconf 90' lang='grc' dir='ltr'>τοῦ</span> <span class='ocrx_word' id='word_1_95' title='bbox 1238 1322 1602 1397; x_wconf 75' lang='grc' dir='ltr'>ἐπιφερομένου</span> <span class='ocrx_word' id='word_1_96' title='bbox 1677 1322 1941 1394; x_wconf 79' lang='grc' dir='ltr'>εἰσόμεθα.</span> <span class='ocrx_word' id='word_1_97' title='bbox 1991 1325 2091 1374; x_wconf 80' lang='grc' dir='ltr'>Καὶ</span> 
     </span>
    </p>
   </div>
   <div class='ocr_carea' id='block_1_13' title="bbox 435 1410 2091 1494">
    <p class='ocr_par' dir='ltr' id='par_1_13' title="bbox 435 1410 2091 1494">
     <span class='ocr_line' id='line_1_13' title="bbox 435 1410 2091 1494; baseline -0.006 -22"><span class='ocrx_word' id='word_1_98' title='bbox 435 1424 647 1494; x_wconf 79' lang='grc' dir='ltr'>τρώγων</span> <span class='ocrx_word' id='word_1_99' title='bbox 710 1436 791 1489; x_wconf 85' lang='grc' dir='ltr'>με,</span> <span class='ocrx_word' id='word_1_100' title='bbox 854 1418 1009 1487; x_wconf 76' lang='grc' dir='ltr'>φησὶ,</span> <span class='ocrx_word' id='word_1_101' title='bbox 1076 1417 1295 1477; x_wconf 79' lang='grc' dir='ltr'>ζήσεται</span> <span class='ocrx_word' id='word_1_102' title='bbox 1353 1410 1427 1465; x_wconf 86' lang='grc' dir='ltr'>δι’</span> <span class='ocrx_word' id='word_1_103' title='bbox 1475 1413 1581 1485; x_wconf 81' lang='grc' dir='ltr'><strong>ἐμέ.</strong></span> <span class='ocrx_word' id='word_1_104' title='bbox 1639 1418 1912 1487; x_wconf 81' lang='grc' dir='ltr'>Τρώγομεν</span> <span class='ocrx_word' id='word_1_105' title='bbox 1989 1413 2091 1484; x_wconf 87' lang='grc' dir='ltr'>γὰρ</span> 
     </span>
    </p>
   </div>
   <div class='ocr_carea' id='block_1_14' title="bbox 438 1503 2091 1580">
    <p class='ocr_par' dir='ltr' id='par_1_14' title="bbox 438 1503 2091 1580">
     <span class='ocr_line' id='line_1_14' title="bbox 438 1503 2091 1580; baseline -0.005 -19"><span class='ocrx_word' id='word_1_106' title='bbox 438 1506 597 1561; x_wconf 77' lang='grc' dir='ltr'>αὐτοῦ</span> <span class='ocrx_word' id='word_1_107' title='bbox 649 1510 742 1564; x_wconf 76' lang='grc' dir='ltr'>τὴν</span> <span class='ocrx_word' id='word_1_108' title='bbox 804 1507 993 1580; x_wconf 90' lang='grc' dir='ltr'>σάρκα,</span> <span class='ocrx_word' id='word_1_109' title='bbox 1048 1509 1139 1557; x_wconf 81' lang='grc' dir='ltr'>καὶ</span> <span class='ocrx_word' id='word_1_110' title='bbox 1195 1508 1403 1576; x_wconf 84' lang='grc' dir='ltr'>πίνομεν</span> <span class='ocrx_word' id='word_1_111' title='bbox 1462 1503 1621 1556; x_wconf 77' lang='grc' dir='ltr'>αὐτοῦ</span> <span class='ocrx_word' id='word_1_112' title='bbox 1659 1506 1716 1555; x_wconf 90' lang='grc' dir='ltr'>τὸ</span> <span class='ocrx_word' id='word_1_113' title='bbox 1774 1503 1926 1575; x_wconf 75' lang='grc' dir='ltr'>αἷμα,</span> <span class='ocrx_word' id='word_1_114' title='bbox 1975 1521 2091 1555; x_wconf 84' lang='grc' dir='ltr'>κοι-</span> 
     </span>
    </p>
   </div>
   <div class='ocr_carea' id='block_1_15' title="bbox 437 1592 2093 1669">
    <p class='ocr_par' dir='ltr' id='par_1_15' title="bbox 437 1592 2093 1669">
     <span class='ocr_line' id='line_1_15' title="bbox 437 1592 2093 1669; baseline -0.004 -18"><span class='ocrx_word' id='word_1_115' title='bbox 437 1602 587 1652; x_wconf 85' lang='grc' dir='ltr'>νωνοὶ</span> <span class='ocrx_word' id='word_1_116' title='bbox 664 1601 946 1669; x_wconf 74' lang='grc' dir='ltr'>γινόμενοι,</span> <span class='ocrx_word' id='word_1_117' title='bbox 1014 1592 1109 1647; x_wconf 81' lang='grc' dir='ltr'>διὰ</span> <span class='ocrx_word' id='word_1_118' title='bbox 1180 1604 1273 1656; x_wconf 81' lang='grc' dir='ltr'>τῆς</span> <span class='ocrx_word' id='word_1_119' title='bbox 1353 1594 1785 1668; x_wconf 73' lang='grc' dir='ltr'>ἕνανθρωπήσεως</span> <span class='ocrx_word' id='word_1_120' title='bbox 1841 1596 1931 1644; x_wconf 87' lang='grc' dir='ltr'>καὶ</span> <span class='ocrx_word' id='word_1_121' title='bbox 2002 1600 2093 1652; x_wconf 85' lang='grc' dir='ltr'>τῆς</span> 
     </span>
    </p>
   </div>
   <div class='ocr_carea' id='block_1_16' title="bbox 440 1684 2094 1757">
    <p class='ocr_par' dir='ltr' id='par_1_16' title="bbox 440 1684 2094 1757">
     <span class='ocr_line' id='line_1_16' title="bbox 440 1684 2094 1757; baseline -0.005 -15"><span class='ocrx_word' id='word_1_122' title='bbox 440 1690 704 1748; x_wconf 55' lang='lat' dir='ltr'>ulceri;</span> <span class='ocrx_word' id='word_1_123' title='bbox 752 1690 907 1749; x_wconf 82' lang='grc' dir='ltr'>ζωῆς,</span> <span class='ocrx_word' id='word_1_124' title='bbox 972 1693 1064 1737; x_wconf 86' lang='grc' dir='ltr'>τοῦ</span> <span class='ocrx_word' id='word_1_125' title='bbox 1120 1684 1293 1757; x_wconf 77' lang='grc' dir='ltr'>λόγου⁹</span> <span class='ocrx_word' id='word_1_126' title='bbox 1332 1689 1421 1736; x_wconf 85' lang='grc' dir='ltr'>καὶ</span> <span class='ocrx_word' id='word_1_127' title='bbox 1480 1692 1572 1746; x_wconf 87' lang='grc' dir='ltr'>τῆς</span> <span class='ocrx_word' id='word_1_128' title='bbox 1631 1686 1866 1757; x_wconf 75' lang='grc' dir='ltr'>σοφίας·</span> <span class='ocrx_word' id='word_1_129' title='bbox 1922 1684 2094 1756; x_wconf 86' lang='grc' dir='ltr'>σάρκα</span> 
     </span>
    </p>
   </div>
   <div class='ocr_carea' id='block_1_17' title="bbox 437 1768 2092 1852">
    <p class='ocr_par' dir='ltr' id='par_1_17' title="bbox 437 1768 2092 1852">
     <span class='ocr_line' id='line_1_17' title="bbox 437 1768 2092 1852; baseline -0.004 -21"><span class='ocrx_word' id='word_1_130' title='bbox 437 1781 539 1852; x_wconf 85' lang='grc' dir='ltr'>γὰρ</span> <span class='ocrx_word' id='word_1_131' title='bbox 597 1781 687 1829; x_wconf 82' lang='grc' dir='ltr'>καὶ</span> <span class='ocrx_word' id='word_1_132' title='bbox 736 1768 868 1849; x_wconf 71' lang='grc' dir='ltr'>αἷμα</span> <span class='ocrx_word' id='word_1_133' title='bbox 908 1780 1081 1827; x_wconf 84' lang='grc' dir='ltr'>πᾶσαν</span> <span class='ocrx_word' id='word_1_134' title='bbox 1136 1774 1297 1826; x_wconf 75' lang='grc' dir='ltr'>αὐτοῦ</span> <span class='ocrx_word' id='word_1_135' title='bbox 1343 1778 1434 1833; x_wconf 77' lang='grc' dir='ltr'>τὴν</span> <span class='ocrx_word' id='word_1_136' title='bbox 1494 1778 1758 1846; x_wconf 78' lang='grc' dir='ltr'>μυστικὴν</span> <span class='ocrx_word' id='word_1_137' title='bbox 1807 1770 2092 1846; x_wconf 75' lang='grc' dir='ltr'>ἐπιδημίαν</span> 
     </span>
    </p>
   </div>
   <div class='ocr_carea' id='block_1_18' title="bbox 442 1863 2095 1941">
    <p class='ocr_par' dir='ltr' id='par_1_18' title="bbox 442 1863 2095 1941">
     <span class='ocr_line' id='line_1_18' title="bbox 442 1863 2095 1941; baseline -0.004 -20"><span class='ocrx_word' id='word_1_138' title='bbox 442 1870 700 1941; x_wconf 78' lang='grc' dir='ltr'>ὠνόμασε,</span> <span class='ocrx_word' id='word_1_139' title='bbox 777 1870 867 1919; x_wconf 80' lang='grc' dir='ltr'>καὶ</span> <span class='ocrx_word' id='word_1_140' title='bbox 940 1869 1034 1924; x_wconf 77' lang='grc' dir='ltr'>τὴν</span> <span class='ocrx_word' id='word_1_141' title='bbox 1090 1863 1146 1917; x_wconf 77' lang='grc' dir='ltr'>ἐκ</span> <span class='ocrx_word' id='word_1_142' title='bbox 1207 1873 1500 1939; x_wconf 80' lang='grc' dir='ltr'>πρακτικῆς</span> <span class='ocrx_word' id='word_1_143' title='bbox 1568 1869 1658 1917; x_wconf 88' lang='grc' dir='ltr'>καὶ</span> <span class='ocrx_word' id='word_1_144' title='bbox 1720 1873 1941 1936; x_wconf 74' lang='grc' dir='ltr'>φυσικῆς</span> <span class='ocrx_word' id='word_1_145' title='bbox 2006 1868 2095 1916; x_wconf 85' lang='grc' dir='ltr'>καὶ</span> 
     </span>
    </p>
   </div>
   <div class='ocr_carea' id='block_1_19' title="bbox 444 1951 2093 2029">
    <p class='ocr_par' dir='ltr' id='par_1_19' title="bbox 444 1951 2093 2029">
     <span class='ocr_line' id='line_1_19' title="bbox 444 1951 2093 2029; baseline -0.003 -17"><span class='ocrx_word' id='word_1_146' title='bbox 444 1958 745 2029; x_wconf 84' lang='grc' dir='ltr'>θεολογικῆς</span> <span class='ocrx_word' id='word_1_147' title='bbox 814 1962 1143 2008; x_wconf 87' lang='grc' dir='ltr'>συνεστῶσαν</span> <span class='ocrx_word' id='word_1_148' title='bbox 1222 1951 1578 2008; x_wconf 78' lang='grc' dir='ltr'>διδασκαλίαν</span> <span class='ocrx_word' id='word_1_149' title='bbox 1653 1951 1886 2014; x_wconf 78' lang='grc' dir='ltr'>ἐδήλωσε</span> <span class='ocrx_word' id='word_1_150' title='bbox 1919 1997 1933 2023; x_wconf 94' lang='grc'>,</span> <span class='ocrx_word' id='word_1_151' title='bbox 2023 1952 2093 2007; x_wconf 91' lang='grc' dir='ltr'>δι’</span> 
     </span>
    </p>
   </div>
   <div class='ocr_carea' id='block_1_20' title="bbox 446 2044 2097 2120">
    <p class='ocr_par' dir='ltr' id='par_1_20' title="bbox 446 2044 2097 2120">
     <span class='ocr_line' id='line_1_20' title="bbox 446 2044 2097 2120; baseline -0.002 -21"><span class='ocrx_word' id='word_1_152' title='bbox 446 2050 511 2110; x_wconf 83' lang='grc' dir='ltr'>ἧς</span> <span class='ocrx_word' id='word_1_153' title='bbox 574 2050 814 2120; x_wconf 75' lang='grc' dir='ltr'>τρέφεται</span> <span class='ocrx_word' id='word_1_154' title='bbox 869 2044 1042 2117; x_wconf 76' lang='grc' dir='ltr'>ψυχὴ,</span> <span class='ocrx_word' id='word_1_155' title='bbox 1107 2049 1197 2097; x_wconf 87' lang='grc' dir='ltr'>καὶ</span> <span class='ocrx_word' id='word_1_156' title='bbox 1270 2048 1402 2120; x_wconf 86' lang='grc' dir='ltr'>πρὸς</span> <span class='ocrx_word' id='word_1_157' title='bbox 1475 2049 1568 2104; x_wconf 83' lang='grc' dir='ltr'>τὴν</span> <span class='ocrx_word' id='word_1_158' title='bbox 1615 2053 1715 2097; x_wconf 85' lang='grc' dir='ltr'>τῶν</span> <span class='ocrx_word' id='word_1_159' title='bbox 1774 2049 1929 2097; x_wconf 83' lang='grc' dir='ltr'>ὄντων</span> <span class='ocrx_word' id='word_1_160' title='bbox 1977 2049 2097 2105; x_wconf 77' lang='grc' dir='ltr'>τέως</span> 
     </span>
    </p>
   </div>
   <div class='ocr_carea' id='block_1_21' title="bbox 446 2135 2097 2213">
    <p class='ocr_par' dir='ltr' id='par_1_21' title="bbox 446 2135 2097 2213">
     <span class='ocr_line' id='line_1_21' title="bbox 446 2135 2097 2213; baseline 0 -23"><span class='ocrx_word' id='word_1_161' title='bbox 446 2140 660 2213; x_wconf 77' lang='grc' dir='ltr'>θεωρίαν</span> <span class='ocrx_word' id='word_1_162' title='bbox 727 2135 1187 2207; x_wconf 82' lang='grc' dir='ltr'>παρασκευάζεται</span> <span class='ocrx_word' id='word_1_163' title='bbox 1220 2150 1232 2164; x_wconf 91' lang='grc'><strong>·</strong></span> <span class='ocrx_word' id='word_1_164' title='bbox 1293 2136 1494 2192; x_wconf 89' lang='lat' dir='ltr'>Potest</span> <span class='ocrx_word' id='word_1_165' title='bbox 1546 2140 1745 2192; x_wconf 89' lang='lat' dir='ltr'>autem</span> <span class='ocrx_word' id='word_1_166' title='bbox 1804 2141 1858 2192; x_wconf 93' lang='lat' dir='ltr'>et</span> <span class='ocrx_word' id='word_1_167' title='bbox 1913 2135 2097 2192; x_wconf 89' lang='lat' dir='ltr'>vitam</span> 
     </span>
    </p>
   </div>
   <div class='ocr_carea' id='block_1_22' title="bbox 441 2224 2098 2296">
    <p class='ocr_par' dir='ltr' id='par_1_22' title="bbox 441 2224 2098 2296">
     <span class='ocr_line' id='line_1_22' title="bbox 441 2224 2098 2296; baseline -0.002 -13"><span class='ocrx_word' id='word_1_168' title='bbox 441 2227 660 2294; x_wconf 84' lang='lat' dir='ltr'>dicere,</span> <span class='ocrx_word' id='word_1_169' title='bbox 699 2239 880 2296; x_wconf 89' lang='lat' dir='ltr'>quam</span> <span class='ocrx_word' id='word_1_170' title='bbox 913 2225 1058 2280; x_wconf 80' lang='lat' dir='ltr'>vivit</span> <span class='ocrx_word' id='word_1_171' title='bbox 1095 2224 1394 2292; x_wconf 77' lang='lat' dir='ltr'>Christus,</span> <span class='ocrx_word' id='word_1_172' title='bbox 1429 2225 1682 2281; x_wconf 85' lang='lat' dir='ltr'>Verbum</span> <span class='ocrx_word' id='word_1_173' title='bbox 1712 2226 1822 2281; x_wconf 85' lang='lat' dir='ltr'>Dei</span> <span class='ocrx_word' id='word_1_174' title='bbox 1881 2224 2098 2281; x_wconf 85' lang='lat' dir='ltr'>habens</span> 
     </span>
    </p>
   </div>
   <div class='ocr_carea' id='block_1_23' title="bbox 440 2314 2103 2386">
    <p class='ocr_par' dir='ltr' id='par_1_23' title="bbox 440 2314 2103 2386">
     <span class='ocr_line' id='line_1_23' title="bbox 440 2314 2103 2386; baseline -0.002 -14"><span class='ocrx_word' id='word_1_175' title='bbox 440 2317 505 2372; x_wconf 87' lang='lat' dir='ltr'>in</span> <span class='ocrx_word' id='word_1_176' title='bbox 579 2315 791 2385; x_wconf 85' lang='lat' dir='ltr'>seipse.</span> <span class='ocrx_word' id='word_1_177' title='bbox 858 2314 1058 2385; x_wconf 84' lang='lat' dir='ltr'>Atque</span> <span class='ocrx_word' id='word_1_178' title='bbox 1110 2314 1175 2370; x_wconf 84' lang='lat' dir='ltr'>id</span> <span class='ocrx_word' id='word_1_179' title='bbox 1240 2314 1433 2383; x_wconf 89' lang='lat' dir='ltr'>ipsum</span> <span class='ocrx_word' id='word_1_180' title='bbox 1496 2330 1637 2383; x_wconf 90' lang='lat' dir='ltr'>esse,</span> <span class='ocrx_word' id='word_1_181' title='bbox 1685 2315 1844 2386; x_wconf 84' lang='lat' dir='ltr'>quod</span> <span class='ocrx_word' id='word_1_182' title='bbox 1881 2314 2103 2385; x_wconf 78' lang='lat' dir='ltr'>signiﬁ-</span> 
     </span>
    </p>
   </div>
   <div class='ocr_carea' id='block_1_24' title="bbox 441 2404 2105 2477">
    <p class='ocr_par' dir='ltr' id='par_1_24' title="bbox 441 2404 2105 2477">
     <span class='ocr_line' id='line_1_24' title="bbox 441 2404 2105 2477; baseline -0.002 -15"><span class='ocrx_word' id='word_1_183' title='bbox 441 2410 637 2475; x_wconf 88' lang='lat' dir='ltr'>catur,</span> <span class='ocrx_word' id='word_1_184' title='bbox 678 2419 751 2460; x_wconf 67' lang='lat' dir='ltr'>es:</span> <span class='ocrx_word' id='word_1_185' title='bbox 773 2404 864 2461; x_wconf 89' lang='lat' dir='ltr'>his</span> <span class='ocrx_word' id='word_1_186' title='bbox 889 2419 1019 2477; x_wconf 75' lang='lat' dir='ltr'>qua:</span> <span class='ocrx_word' id='word_1_187' title='bbox 1047 2410 1385 2476; x_wconf 89' lang='lat' dir='ltr'>sequuntur</span> <span class='ocrx_word' id='word_1_188' title='bbox 1424 2405 1771 2461; x_wconf 72' lang='lat' dir='ltr'>videbimus.</span> <span class='ocrx_word' id='word_1_189' title='bbox 1804 2431 1830 2455; x_wconf 87' lang='grc'>‹‹</span> <span class='ocrx_word' id='word_1_190' title='bbox 1881 2406 1961 2460; x_wconf 86' lang='lat' dir='ltr'>Et</span> <span class='ocrx_word' id='word_1_191' title='bbox 2000 2404 2105 2475; x_wconf 86' lang='lat' dir='ltr'>qui</span> 
     </span>
    </p>
   </div>
   <div class='ocr_carea' id='block_1_25' title="bbox 441 2494 2103 2565">
    <p class='ocr_par' dir='ltr' id='par_1_25' title="bbox 441 2494 2103 2565">
     <span class='ocr_line' id='line_1_25' title="bbox 441 2494 2103 2565; baseline -0.002 -14"><span class='ocrx_word' id='word_1_192' title='bbox 441 2494 771 2551; x_wconf 87' lang='lat' dir='ltr'>manducat</span> <span class='ocrx_word' id='word_1_193' title='bbox 800 2494 1136 2565; x_wconf 88' lang='lat' dir='ltr'>me,inquit,</span> <span class='ocrx_word' id='word_1_194' title='bbox 1163 2495 1309 2551; x_wconf 86' lang='lat' dir='ltr'>vivit</span> <span class='ocrx_word' id='word_1_195' title='bbox 1335 2500 1590 2564; x_wconf 82' lang='lat' dir='ltr'>propter</span> <span class='ocrx_word' id='word_1_196' title='bbox 1617 2495 1820 2550; x_wconf 51' lang='lat' dir='ltr'>mw.»</span> <span class='ocrx_word' id='word_1_197' title='bbox 1849 2494 2103 2550; x_wconf 84' lang='lat' dir='ltr'>Edimus</span> 
     </span>
    </p>
   </div>
   <div class='ocr_carea' id='block_1_26' title="bbox 447 2585 2107 2666">
    <p class='ocr_par' dir='ltr' id='par_1_26' title="bbox 447 2585 2107 2666">
     <span class='ocr_line' id='line_1_26' title="bbox 447 2585 2107 2666; baseline -0.001 -24"><span class='ocrx_word' id='word_1_198' title='bbox 447 2586 604 2642; x_wconf 83' lang='lat' dir='ltr'>enim</span> <span class='ocrx_word' id='word_1_199' title='bbox 625 2587 812 2655; x_wconf 88' lang='lat' dir='ltr'>ipsius</span> <span class='ocrx_word' id='word_1_200' title='bbox 833 2600 1096 2647; x_wconf 88' lang='lat' dir='ltr'>carnem,</span> <span class='ocrx_word' id='word_1_201' title='bbox 1130 2590 1184 2640; x_wconf 90' lang='lat' dir='ltr'>et</span> <span class='ocrx_word' id='word_1_202' title='bbox 1221 2585 1472 2640; x_wconf 77' lang='lat' dir='ltr'>bibimus</span> <span class='ocrx_word' id='word_1_203' title='bbox 1497 2585 1684 2654; x_wconf 86' lang='lat' dir='ltr'>ipsius</span> <span class='ocrx_word' id='word_1_204' title='bbox 1722 2587 2107 2666; x_wconf 64' lang='lat' dir='ltr'>sanguinem,</span> 
     </span>
    </p>
   </div>
   <div class='ocr_carea' id='block_1_27' title="bbox 445 2677 2103 2747">
    <p class='ocr_par' dir='ltr' id='par_1_27' title="bbox 445 2677 2103 2747">
     <span class='ocr_line' id='line_1_27' title="bbox 445 2677 2103 2747; baseline 0.002 -15"><span class='ocrx_word' id='word_1_205' title='bbox 445 2678 776 2747; x_wconf 85' lang='lat' dir='ltr'>participes</span> <span class='ocrx_word' id='word_1_206' title='bbox 819 2677 995 2746; x_wconf 78' lang='lat' dir='ltr'>facti,</span> <span class='ocrx_word' id='word_1_207' title='bbox 1016 2691 1129 2746; x_wconf 90' lang='lat' dir='ltr'>per</span> <span class='ocrx_word' id='word_1_208' title='bbox 1157 2677 1633 2733; x_wconf 79' lang='lat' dir='ltr'>incarnationem</span> <span class='ocrx_word' id='word_1_209' title='bbox 1672 2682 1729 2733; x_wconf 92' lang='lat' dir='ltr'>et</span> <span class='ocrx_word' id='word_1_210' title='bbox 1768 2678 2103 2735; x_wconf 88' lang='lat' dir='ltr'>scnsibilem</span> 
     </span>
    </p>
   </div>
   <div class='ocr_carea' id='block_1_28' title="bbox 446 2766 2108 2839">
    <p class='ocr_par' dir='ltr' id='par_1_28' title="bbox 446 2766 2108 2839">
     <span class='ocr_line' id='line_1_28' title="bbox 446 2766 2108 2839; baseline 0.001 -16"><span class='ocrx_word' id='word_1_211' title='bbox 446 2769 656 2833; x_wconf 87' lang='lat' dir='ltr'>vitam,</span> <span class='ocrx_word' id='word_1_212' title='bbox 698 2766 875 2822; x_wconf 89' lang='lat' dir='ltr'>Verbi</span> <span class='ocrx_word' id='word_1_213' title='bbox 897 2771 951 2823; x_wconf 88' lang='lat' dir='ltr'>et</span> <span class='ocrx_word' id='word_1_214' title='bbox 973 2767 1303 2836; x_wconf 58' lang='lat' dir='ltr'>sapientia.</span> <span class='ocrx_word' id='word_1_215' title='bbox 1335 2767 1582 2823; x_wconf 85' lang='lat' dir='ltr'>Carnem</span> <span class='ocrx_word' id='word_1_216' title='bbox 1607 2769 1764 2824; x_wconf 91' lang='lat' dir='ltr'>enim</span> <span class='ocrx_word' id='word_1_217' title='bbox 1791 2773 1844 2824; x_wconf 89' lang='lat' dir='ltr'>et</span> <span class='ocrx_word' id='word_1_218' title='bbox 1864 2768 2108 2839; x_wconf 87' lang='lat' dir='ltr'>sangui-</span> 
     </span>
    </p>
   </div>
   <div class='ocr_carea' id='block_1_29' title="bbox 446 2857 2104 2927">
    <p class='ocr_par' dir='ltr' id='par_1_29' title="bbox 446 2857 2104 2927">
     <span class='ocr_line' id='line_1_29' title="bbox 446 2857 2104 2927; baseline 0.002 -16"><span class='ocrx_word' id='word_1_219' title='bbox 446 2871 599 2927; x_wconf 87' lang='lat' dir='ltr'>nem,</span> <span class='ocrx_word' id='word_1_220' title='bbox 610 2860 793 2912; x_wconf 89' lang='lat' dir='ltr'>totam</span> <span class='ocrx_word' id='word_1_221' title='bbox 806 2870 977 2912; x_wconf 86' lang='lat' dir='ltr'>suam</span> <span class='ocrx_word' id='word_1_222' title='bbox 988 2857 1303 2926; x_wconf 86' lang='lat' dir='ltr'>mysticam</span> <span class='ocrx_word' id='word_1_223' title='bbox 1322 2857 1382 2912; x_wconf 89' lang='lat' dir='ltr'>in</span> <span class='ocrx_word' id='word_1_224' title='bbox 1397 2871 1580 2913; x_wconf 87' lang='lat' dir='ltr'>carne</span> <span class='ocrx_word' id='word_1_225' title='bbox 1596 2859 2104 2914; x_wconf 87' lang='lat' dir='ltr'>conversationem</span> 
     </span>
    </p>
   </div>
   <div class='ocr_carea' id='block_1_30' title="bbox 448 2947 2103 3016">
    <p class='ocr_par' dir='ltr' id='par_1_30' title="bbox 448 2947 2103 3016">
     <span class='ocr_line' id='line_1_30' title="bbox 448 2947 2103 3016; baseline 0 -14"><span class='ocrx_word' id='word_1_226' title='bbox 448 2947 701 3014; x_wconf 84' lang='lat' dir='ltr'>vocavit,</span> <span class='ocrx_word' id='word_1_227' title='bbox 747 2950 800 3001; x_wconf 88' lang='lat' dir='ltr'>et</span> <span class='ocrx_word' id='word_1_228' title='bbox 857 2947 1198 3001; x_wconf 86' lang='lat' dir='ltr'>doctrinam</span> <span class='ocrx_word' id='word_1_229' title='bbox 1229 2961 1299 3003; x_wconf 67' lang='lat' dir='ltr'>ex</span> <span class='ocrx_word' id='word_1_230' title='bbox 1340 2948 1585 3016; x_wconf 87' lang='lat' dir='ltr'>pratica</span> <span class='ocrx_word' id='word_1_231' title='bbox 1628 2953 1681 3004; x_wconf 86' lang='lat' dir='ltr'>et</span> <span class='ocrx_word' id='word_1_232' title='bbox 1736 2948 2013 3005; x_wconf 83' lang='lat' dir='ltr'>naturali</span> <span class='ocrx_word' id='word_1_233' title='bbox 2050 2953 2103 3003; x_wconf 88' lang='lat' dir='ltr'>et</span> 
     </span>
    </p>
   </div>
   <div class='ocr_carea' id='block_1_31' title="bbox 449 3035 2107 3107">
    <p class='ocr_par' dir='ltr' id='par_1_31' title="bbox 449 3035 2107 3107">
     <span class='ocr_line' id='line_1_31' title="bbox 449 3035 2107 3107; baseline 0 -16"><span class='ocrx_word' id='word_1_234' title='bbox 449 3035 786 3105; x_wconf 82' lang='lat' dir='ltr'>theologica</span> <span class='ocrx_word' id='word_1_235' title='bbox 851 3036 1094 3092; x_wconf 86' lang='lat' dir='ltr'>notione</span> <span class='ocrx_word' id='word_1_236' title='bbox 1149 3042 1519 3093; x_wconf 85' lang='lat' dir='ltr'>constantem</span> <span class='ocrx_word' id='word_1_237' title='bbox 1563 3038 1898 3094; x_wconf 88' lang='lat' dir='ltr'>declaravit</span> <span class='ocrx_word' id='word_1_238' title='bbox 1939 3053 1959 3090; x_wconf 87' lang='lat'><strong><em>:</em></strong></span> <span class='ocrx_word' id='word_1_239' title='bbox 1996 3052 2107 3107; x_wconf 91' lang='lat' dir='ltr'>per</span> 
     </span>
    </p>
   </div>
   <div class='ocr_carea' id='block_1_32' title="bbox 447 3102 2174 3200">
    <p class='ocr_par' dir='ltr' id='par_1_32' title="bbox 447 3102 2174 3200">
     <span class='ocr_line' id='line_1_32' title="bbox 447 3102 2174 3200; baseline 0.001 -19"><span class='ocrx_word' id='word_1_240' title='bbox 447 3140 627 3198; x_wconf 90' lang='lat' dir='ltr'>quam</span> <span class='ocrx_word' id='word_1_241' title='bbox 669 3132 724 3182; x_wconf 87' lang='lat' dir='ltr'>et</span> <span class='ocrx_word' id='word_1_242' title='bbox 768 3127 1044 3182; x_wconf 86' lang='lat' dir='ltr'>nutritur</span> <span class='ocrx_word' id='word_1_243' title='bbox 1094 3129 1320 3197; x_wconf 87' lang='lat' dir='ltr'>anima,</span> <span class='ocrx_word' id='word_1_244' title='bbox 1364 3134 1418 3184; x_wconf 90' lang='lat' dir='ltr'>et</span> <span class='ocrx_word' id='word_1_245' title='bbox 1448 3129 1531 3183; x_wconf 86' lang='lat' dir='ltr'>ad</span> <span class='ocrx_word' id='word_1_246' title='bbox 1558 3143 1760 3185; x_wconf 88' lang='lat' dir='ltr'>eorum</span> <span class='ocrx_word' id='word_1_247' title='bbox 1791 3144 1923 3200; x_wconf 59' lang='lat' dir='ltr'>quae</span> <span class='ocrx_word' id='word_1_248' title='bbox 1966 3132 2101 3184; x_wconf 87' lang='lat' dir='ltr'>sunt</span> <span class='ocrx_word' id='word_1_249' title='bbox 2134 3102 2174 3160; x_wconf 67' lang='grc' dir='ltr'><strong>θ</strong></span> 
     </span>
    </p>
   </div>
   <div class='ocr_carea' id='block_1_33' title="bbox 448 3215 1709 3286">
    <p class='ocr_par' dir='ltr' id='par_1_33' title="bbox 448 3215 1709 3286">
     <span class='ocr_line' id='line_1_33' title="bbox 448 3215 1709 3286; baseline 0.002 -16"><span class='ocrx_word' id='word_1_250' title='bbox 448 3215 1008 3284; x_wconf 84' lang='lat' dir='ltr'>contemplationem</span> <span class='ocrx_word' id='word_1_251' title='bbox 1039 3215 1278 3273; x_wconf 82' lang='lat' dir='ltr'>interim</span> <span class='ocrx_word' id='word_1_252' title='bbox 1294 3224 1709 3286; x_wconf 73' lang='lat' dir='ltr'>praeparatur.</span> 
     </span>
    </p>
   </div>
   <div class='ocr_carea' id='block_1_34' title="bbox 525 3322 2107 3399">
    <p class='ocr_par' dir='ltr' id='par_1_34' title="bbox 525 3322 2107 3399">
     <span class='ocr_line' id='line_1_34' title="bbox 525 3322 2107 3399; baseline 0.004 -25"><span class='ocrx_word' id='word_1_253' title='bbox 525 3322 850 3395; x_wconf 87' lang='lat' dir='ltr'>Comparat</span> <span class='ocrx_word' id='word_1_254' title='bbox 877 3338 1020 3392; x_wconf 88' lang='lat' dir='ltr'>ergo</span> <span class='ocrx_word' id='word_1_255' title='bbox 1050 3322 1297 3379; x_wconf 83' lang='lat' dir='ltr'>Basilius</span> <span class='ocrx_word' id='word_1_256' title='bbox 1327 3324 1534 3392; x_wconf 87' lang='lat' dir='ltr'>vitam,</span> <span class='ocrx_word' id='word_1_257' title='bbox 1566 3342 1755 3399; x_wconf 88' lang='lat' dir='ltr'>quam</span> <span class='ocrx_word' id='word_1_258' title='bbox 1788 3341 1962 3383; x_wconf 85' lang='lat' dir='ltr'>sacra</span> <span class='ocrx_word' id='word_1_259' title='bbox 2000 3325 2107 3381; x_wconf 89' lang='lat' dir='ltr'>hu-</span> 
     </span>
    </p>
   </div>
   <div class='ocr_carea' id='block_1_35' title="bbox 453 3411 2105 3487">
    <p class='ocr_par' dir='ltr' id='par_1_35' title="bbox 453 3411 2105 3487">
     <span class='ocr_line' id='line_1_35' title="bbox 453 3411 2105 3487; baseline 0.003 -21"><span class='ocrx_word' id='word_1_260' title='bbox 453 3411 717 3467; x_wconf 86' lang='lat' dir='ltr'>manitas</span> <span class='ocrx_word' id='word_1_261' title='bbox 763 3427 903 3467; x_wconf 92' lang='lat' dir='ltr'>cum</span> <span class='ocrx_word' id='word_1_262' title='bbox 933 3412 1127 3468; x_wconf 85' lang='lat' dir='ltr'>Verbo</span> <span class='ocrx_word' id='word_1_263' title='bbox 1159 3412 1544 3485; x_wconf 88' lang='lat' dir='ltr'>hypostatice</span> <span class='ocrx_word' id='word_1_264' title='bbox 1588 3417 1914 3487; x_wconf 87' lang='lat' dir='ltr'>conjuncta</span> <span class='ocrx_word' id='word_1_265' title='bbox 1938 3416 2105 3483; x_wconf 81' lang='lat' dir='ltr'>vivit,</span> 
     </span>
    </p>
   </div>
   <div class='ocr_carea' id='block_1_36' title="bbox 455 3500 2109 3573">
    <p class='ocr_par' dir='ltr' id='par_1_36' title="bbox 455 3500 2109 3573">
     <span class='ocr_line' id='line_1_36' title="bbox 455 3500 2109 3573; baseline 0.002 -17"><span class='ocrx_word' id='word_1_266' title='bbox 455 3517 595 3557; x_wconf 91' lang='lat' dir='ltr'>cum</span> <span class='ocrx_word' id='word_1_267' title='bbox 660 3500 805 3568; x_wconf 85' lang='lat' dir='ltr'>vita,</span> <span class='ocrx_word' id='word_1_268' title='bbox 864 3516 1053 3573; x_wconf 87' lang='lat' dir='ltr'>quam</span> <span class='ocrx_word' id='word_1_269' title='bbox 1103 3517 1177 3557; x_wconf 83' lang='lat' dir='ltr'>ex</span> <span class='ocrx_word' id='word_1_270' title='bbox 1233 3503 1594 3560; x_wconf 86' lang='lat' dir='ltr'>eucharistia</span> <span class='ocrx_word' id='word_1_271' title='bbox 1668 3504 1968 3560; x_wconf 88' lang='lat' dir='ltr'>ducimus.</span> <span class='ocrx_word' id='word_1_272' title='bbox 2045 3508 2109 3559; x_wconf 92' lang='lat' dir='ltr'>1n</span> 
     </span>
    </p>
   </div>
   <div class='ocr_carea' id='block_1_37' title="bbox 455 3589 2109 3662">
    <p class='ocr_par' dir='ltr' id='par_1_37' title="bbox 455 3589 2109 3662">
     <span class='ocr_line' id='line_1_37' title="bbox 455 3589 2109 3662; baseline 0.002 -16"><span class='ocrx_word' id='word_1_273' title='bbox 455 3593 715 3662; x_wconf 90' lang='lat' dir='ltr'>utroque</span> <span class='ocrx_word' id='word_1_274' title='bbox 744 3594 947 3646; x_wconf 88' lang='lat' dir='ltr'>autem</span> <span class='ocrx_word' id='word_1_275' title='bbox 978 3589 1341 3647; x_wconf 88' lang='lat' dir='ltr'>catholicum</span> <span class='ocrx_word' id='word_1_276' title='bbox 1379 3592 1608 3662; x_wconf 82' lang='lat' dir='ltr'>dogma</span> <span class='ocrx_word' id='word_1_277' title='bbox 1645 3592 1893 3649; x_wconf 88' lang='lat' dir='ltr'>miriﬁce</span> <span class='ocrx_word' id='word_1_278' title='bbox 1943 3608 2109 3649; x_wconf 90' lang='lat' dir='ltr'>com-</span> 
     </span>
    </p>
   </div>
   <div class='ocr_carea' id='block_1_38' title="bbox 456 3680 2110 3750">
    <p class='ocr_par' dir='ltr' id='par_1_38' title="bbox 456 3680 2110 3750">
     <span class='ocr_line' id='line_1_38' title="bbox 456 3680 2110 3750; baseline 0.001 -12"><span class='ocrx_word' id='word_1_279' title='bbox 456 3681 725 3750; x_wconf 88' lang='lat' dir='ltr'>mendat,</span> <span class='ocrx_word' id='word_1_280' title='bbox 760 3685 818 3738; x_wconf 91' lang='lat' dir='ltr'>et</span> <span class='ocrx_word' id='word_1_281' title='bbox 873 3680 1022 3737; x_wconf 91' lang='lat' dir='ltr'>dum</span> <span class='ocrx_word' id='word_1_282' title='bbox 1076 3697 1187 3738; x_wconf 91' lang='lat' dir='ltr'>nos</span> <span class='ocrx_word' id='word_1_283' title='bbox 1218 3682 1429 3739; x_wconf 81' lang='lat' dir='ltr'>Christi</span> <span class='ocrx_word' id='word_1_284' title='bbox 1461 3700 1707 3740; x_wconf 85' lang='lat' dir='ltr'>carnem</span> <span class='ocrx_word' id='word_1_285' title='bbox 1736 3684 1911 3740; x_wconf 90' lang='lat' dir='ltr'>edere</span> <span class='ocrx_word' id='word_1_286' title='bbox 1954 3688 2011 3740; x_wconf 89' lang='lat' dir='ltr'>et</span> <span class='ocrx_word' id='word_1_287' title='bbox 2047 3684 2110 3741; x_wconf 90' lang='lat' dir='ltr'>il-</span> 
     </span>
    </p>
   </div>
   <div class='ocr_carea' id='block_1_39' title="bbox 455 3771 2106 3846">
    <p class='ocr_par' dir='ltr' id='par_1_39' title="bbox 455 3771 2106 3846">
     <span class='ocr_line' id='line_1_39' title="bbox 455 3771 2106 3846; baseline 0.001 -18"><span class='ocrx_word' id='word_1_288' title='bbox 455 3771 573 3828; x_wconf 86' lang='lat' dir='ltr'>lius</span> <span class='ocrx_word' id='word_1_289' title='bbox 602 3771 964 3842; x_wconf 87' lang='lat' dir='ltr'>sanguinem</span> <span class='ocrx_word' id='word_1_290' title='bbox 994 3772 1200 3830; x_wconf 86' lang='lat' dir='ltr'>bibere</span> <span class='ocrx_word' id='word_1_291' title='bbox 1231 3773 1393 3840; x_wconf 86' lang='lat' dir='ltr'>dicit,</span> <span class='ocrx_word' id='word_1_292' title='bbox 1451 3777 1508 3829; x_wconf 90' lang='lat' dir='ltr'>et</span> <span class='ocrx_word' id='word_1_293' title='bbox 1534 3773 1682 3829; x_wconf 89' lang='lat' dir='ltr'>dum</span> <span class='ocrx_word' id='word_1_294' title='bbox 1726 3774 1862 3830; x_wconf 56' lang='lat' dir='ltr'>vitae</span> <span class='ocrx_word' id='word_1_295' title='bbox 1892 3790 2106 3846; x_wconf 90' lang='lat' dir='ltr'>genus,</span> 
     </span>
    </p>
   </div>
   <div class='ocr_carea' id='block_1_40' title="bbox 458 3861 2105 3937">
    <p class='ocr_par' dir='ltr' id='par_1_40' title="bbox 458 3861 2105 3937">
     <span class='ocr_line' id='line_1_40' title="bbox 458 3861 2105 3937; baseline 0.002 -20"><span class='ocrx_word' id='word_1_296' title='bbox 458 3877 645 3935; x_wconf 85' lang='lat' dir='ltr'>quam</span> <span class='ocrx_word' id='word_1_297' title='bbox 689 3877 762 3918; x_wconf 81' lang='lat' dir='ltr'>ex</span> <span class='ocrx_word' id='word_1_298' title='bbox 810 3861 967 3918; x_wconf 88' lang='lat' dir='ltr'>illius</span> <span class='ocrx_word' id='word_1_299' title='bbox 1007 3878 1187 3919; x_wconf 84' lang='lat' dir='ltr'>carne</span> <span class='ocrx_word' id='word_1_300' title='bbox 1250 3870 1307 3919; x_wconf 93' lang='lat' dir='ltr'>et</span> <span class='ocrx_word' id='word_1_301' title='bbox 1368 3864 1666 3935; x_wconf 80' lang='lat' dir='ltr'>sanguine</span> <span class='ocrx_word' id='word_1_302' title='bbox 1713 3864 2105 3937; x_wconf 83' lang='lat' dir='ltr'>percipimus,</span> 
     </span>
    </p>
   </div>
   <div class='ocr_carea' id='block_1_41' title="bbox 459 3951 2109 4026">
    <p class='ocr_par' dir='ltr' id='par_1_41' title="bbox 459 3951 2109 4026">
     <span class='ocr_line' id='line_1_41' title="bbox 459 3951 2109 4026; baseline 0.002 -19"><span class='ocrx_word' id='word_1_303' title='bbox 459 3951 726 4024; x_wconf 85' lang='lat' dir='ltr'>exponit.</span> <span class='ocrx_word' id='word_1_304' title='bbox 752 3951 903 4008; x_wconf 88' lang='lat' dir='ltr'>Illud</span> <span class='ocrx_word' id='word_1_305' title='bbox 933 3958 1089 4009; x_wconf 90' lang='lat' dir='ltr'>certe</span> <span class='ocrx_word' id='word_1_306' title='bbox 1112 3954 1418 4026; x_wconf 87' lang='lat' dir='ltr'>conceptis</span> <span class='ocrx_word' id='word_1_307' title='bbox 1450 3954 1650 4012; x_wconf 84' lang='lat' dir='ltr'>verbis</span> <span class='ocrx_word' id='word_1_308' title='bbox 1703 3954 1972 4012; x_wconf 87' lang='lat' dir='ltr'>declarat</span> <span class='ocrx_word' id='word_1_309' title='bbox 1998 3972 2109 4012; x_wconf 92' lang='lat' dir='ltr'>nos</span> 
     </span>
    </p>
   </div>
   <div class='ocr_carea' id='block_1_42' title="bbox 458 4040 2109 4117">
    <p class='ocr_par' dir='ltr' id='par_1_42' title="bbox 458 4040 2109 4117">
     <span class='ocr_line' id='line_1_42' title="bbox 458 4040 2109 4117; baseline 0.003 -21"><span class='ocrx_word' id='word_1_310' title='bbox 458 4040 543 4096; x_wconf 83' lang='lat' dir='ltr'>ita</span> <span class='ocrx_word' id='word_1_311' title='bbox 565 4056 810 4097; x_wconf 85' lang='lat' dir='ltr'>carnem</span> <span class='ocrx_word' id='word_1_312' title='bbox 836 4042 1049 4098; x_wconf 87' lang='lat' dir='ltr'>Christi</span> <span class='ocrx_word' id='word_1_313' title='bbox 1081 4042 1277 4111; x_wconf 90' lang='lat' dir='ltr'>edere,</span> <span class='ocrx_word' id='word_1_314' title='bbox 1322 4044 1372 4115; x_wconf 91' lang='lat' dir='ltr'>ej</span> <span class='ocrx_word' id='word_1_315' title='bbox 1386 4059 1574 4117; x_wconf 90' lang='lat' dir='ltr'>usque</span> <span class='ocrx_word' id='word_1_316' title='bbox 1606 4044 1966 4115; x_wconf 85' lang='lat' dir='ltr'>sanguinem</span> <span class='ocrx_word' id='word_1_317' title='bbox 2013 4046 2109 4103; x_wconf 92' lang='lat' dir='ltr'>bi-</span> 
     </span>
    </p>
   </div>
   <div class='ocr_carea' id='block_1_43' title="bbox 457 4129 2109 4208">
    <p class='ocr_par' dir='ltr' id='par_1_43' title="bbox 457 4129 2109 4208">
     <span class='ocr_line' id='line_1_43' title="bbox 457 4129 2109 4208; baseline 0.003 -21"><span class='ocrx_word' id='word_1_318' title='bbox 457 4129 622 4198; x_wconf 86' lang='lat' dir='ltr'>bere,</span> <span class='ocrx_word' id='word_1_319' title='bbox 654 4135 721 4188; x_wconf 89' lang='lat' dir='ltr'>ut</span> <span class='ocrx_word' id='word_1_320' title='bbox 752 4130 931 4189; x_wconf 87' lang='lat' dir='ltr'>simul</span> <span class='ocrx_word' id='word_1_321' title='bbox 955 4132 1277 4206; x_wconf 85' lang='lat' dir='ltr'>participes</span> <span class='ocrx_word' id='word_1_322' title='bbox 1308 4133 1529 4190; x_wconf 90' lang='lat' dir='ltr'>ﬁamus</span> <span class='ocrx_word' id='word_1_323' title='bbox 1554 4135 1729 4191; x_wconf 82' lang='lat' dir='ltr'>Verbi</span> <span class='ocrx_word' id='word_1_324' title='bbox 1769 4138 1825 4190; x_wconf 91' lang='lat' dir='ltr'>et</span> <span class='ocrx_word' id='word_1_325' title='bbox 1871 4138 2109 4208; x_wconf 88' lang='lat' dir='ltr'>sapien-</span> 
     </span>
    </p>
   </div>
   <div class='ocr_carea' id='block_1_44' title="bbox 459 4221 2111 4295">
    <p class='ocr_par' dir='ltr' id='par_1_44' title="bbox 459 4221 2111 4295">
     <span class='ocr_line' id='line_1_44' title="bbox 459 4221 2111 4295; baseline 0.004 -18"><span class='ocrx_word' id='word_1_326' title='bbox 459 4222 578 4287; x_wconf 78' lang='lat' dir='ltr'>tiae,</span> <span class='ocrx_word' id='word_1_327' title='bbox 617 4221 764 4295; x_wconf 86' lang='lat' dir='ltr'>quia</span> <span class='ocrx_word' id='word_1_328' title='bbox 784 4222 984 4278; x_wconf 87' lang='lat' dir='ltr'>carnis</span> <span class='ocrx_word' id='word_1_329' title='bbox 1017 4227 1074 4280; x_wconf 90' lang='lat' dir='ltr'>et</span> <span class='ocrx_word' id='word_1_330' title='bbox 1094 4223 1407 4293; x_wconf 88' lang='lat' dir='ltr'>sanguinis</span> <span class='ocrx_word' id='word_1_331' title='bbox 1430 4224 1780 4281; x_wconf 89' lang='lat' dir='ltr'>nominibus</span> <span class='ocrx_word' id='word_1_332' title='bbox 1800 4228 1925 4282; x_wconf 87' lang='lat' dir='ltr'>tota</span> <span class='ocrx_word' id='word_1_333' title='bbox 1951 4226 2111 4283; x_wconf 88' lang='lat' dir='ltr'>Chri-</span> 
     </span>
    </p>
   </div>
   <div class='ocr_carea' id='block_1_45' title="bbox 460 4313 2109 4387">
    <p class='ocr_par' dir='ltr' id='par_1_45' title="bbox 460 4313 2109 4387">
     <span class='ocr_line' id='line_1_45' title="bbox 460 4313 2109 4387; baseline 0.002 -17"><span class='ocrx_word' id='word_1_334' title='bbox 460 4314 534 4370; x_wconf 91' lang='lat' dir='ltr'>sti</span> <span class='ocrx_word' id='word_1_335' title='bbox 564 4329 845 4387; x_wconf 87' lang='lat' dir='ltr'>persona,</span> <span class='ocrx_word' id='word_1_336' title='bbox 874 4317 1000 4369; x_wconf 87' lang='lat' dir='ltr'>tota</span> <span class='ocrx_word' id='word_1_337' title='bbox 1030 4313 1188 4369; x_wconf 89' lang='lat' dir='ltr'>illius</span> <span class='ocrx_word' id='word_1_338' title='bbox 1216 4314 1280 4370; x_wconf 91' lang='lat' dir='ltr'>in</span> <span class='ocrx_word' id='word_1_339' title='bbox 1319 4330 1499 4370; x_wconf 89' lang='lat' dir='ltr'>carne</span> <span class='ocrx_word' id='word_1_340' title='bbox 1552 4316 1809 4387; x_wconf 85' lang='lat' dir='ltr'>mystica</span> <span class='ocrx_word' id='word_1_341' title='bbox 1861 4332 2109 4373; x_wconf 91' lang='lat' dir='ltr'>conver-</span> 
     </span>
    </p>
   </div>
   <div class='ocr_carea' id='block_1_46' title="bbox 462 4403 2111 4476">
    <p class='ocr_par' dir='ltr' id='par_1_46' title="bbox 462 4403 2111 4476">
     <span class='ocr_line' id='line_1_46' title="bbox 462 4403 2111 4476; baseline 0.002 -17"><span class='ocrx_word' id='word_1_342' title='bbox 462 4403 637 4472; x_wconf 85' lang='lat' dir='ltr'>satio,</span> <span class='ocrx_word' id='word_1_343' title='bbox 671 4403 797 4459; x_wconf 83' lang='lat' dir='ltr'>sive</span> <span class='ocrx_word' id='word_1_344' title='bbox 831 4403 1124 4474; x_wconf 86' lang='lat' dir='ltr'>mysticus</span> <span class='ocrx_word' id='word_1_345' title='bbox 1152 4403 1474 4474; x_wconf 78' lang='lat' dir='ltr'>adventus,</span> <span class='ocrx_word' id='word_1_346' title='bbox 1503 4404 1874 4476; x_wconf 86' lang='lat' dir='ltr'>designatur.</span> <span class='ocrx_word' id='word_1_347' title='bbox 1917 4407 2030 4463; x_wconf 85' lang='lat' dir='ltr'>Sed</span> <span class='ocrx_word' id='word_1_348' title='bbox 2062 4407 2111 4462; x_wconf 93' lang='lat' dir='ltr'>si</span> 
     </span>
    </p>
   </div>
   <div class='ocr_carea' id='block_1_47' title="bbox 458 4492 2113 4562">
    <p class='ocr_par' dir='ltr' id='par_1_47' title="bbox 458 4492 2113 4562">
     <span class='ocr_line' id='line_1_47' title="bbox 458 4492 2113 4562; baseline 0.002 -14"><span class='ocrx_word' id='word_1_349' title='bbox 458 4507 702 4548; x_wconf 88' lang='lat' dir='ltr'>carnem</span> <span class='ocrx_word' id='word_1_350' title='bbox 722 4496 780 4548; x_wconf 89' lang='lat' dir='ltr'>et</span> <span class='ocrx_word' id='word_1_351' title='bbox 804 4492 1166 4562; x_wconf 88' lang='lat' dir='ltr'>sanguinem</span> <span class='ocrx_word' id='word_1_352' title='bbox 1196 4493 1410 4550; x_wconf 87' lang='lat' dir='ltr'>Christi</span> <span class='ocrx_word' id='word_1_353' title='bbox 1438 4510 1560 4552; x_wconf 91' lang='lat' dir='ltr'>non</span> <span class='ocrx_word' id='word_1_354' title='bbox 1590 4510 1672 4561; x_wconf 87' lang='lat' dir='ltr'>re,</span> <span class='ocrx_word' id='word_1_355' title='bbox 1706 4496 1813 4551; x_wconf 90' lang='lat' dir='ltr'>sed</span> <span class='ocrx_word' id='word_1_356' title='bbox 1840 4495 1967 4552; x_wconf 85' lang='lat' dir='ltr'>sola</span> <span class='ocrx_word' id='word_1_357' title='bbox 1995 4495 2113 4552; x_wconf 85' lang='lat' dir='ltr'>ﬁde</span> 
     </span>
    </p>
   </div>
   <div class='ocr_carea' id='block_1_48' title="bbox 462 4581 2117 4659">
    <p class='ocr_par' dir='ltr' id='par_1_48' title="bbox 462 4581 2117 4659">
     <span class='ocr_line' id='line_1_48' title="bbox 462 4581 2117 4659; baseline 0.002 -22"><span class='ocrx_word' id='word_1_358' title='bbox 462 4597 868 4645; x_wconf 85' lang='lat' dir='ltr'>sumeremus,</span> <span class='ocrx_word' id='word_1_359' title='bbox 913 4581 1252 4639; x_wconf 86' lang='lat' dir='ltr'>absurdum</span> <span class='ocrx_word' id='word_1_360' title='bbox 1304 4583 1468 4640; x_wconf 92' lang='lat' dir='ltr'>dictu</span> <span class='ocrx_word' id='word_1_361' title='bbox 1494 4588 1652 4641; x_wconf 87' lang='lat' dir='ltr'>esset</span> <span class='ocrx_word' id='word_1_362' title='bbox 1677 4601 1790 4641; x_wconf 91' lang='lat' dir='ltr'>nos</span> <span class='ocrx_word' id='word_1_363' title='bbox 1821 4601 1929 4657; x_wconf 89' lang='lat' dir='ltr'>per</span> <span class='ocrx_word' id='word_1_364' title='bbox 1957 4586 2117 4659; x_wconf 85' lang='lat' dir='ltr'>hanc</span> 
     </span>
    </p>
   </div>
   <div class='ocr_carea' id='block_1_49' title="bbox 459 4673 2120 4749">
    <p class='ocr_par' dir='ltr' id='par_1_49' title="bbox 459 4673 2120 4749">
     <span class='ocr_line' id='line_1_49' title="bbox 459 4673 2120 4749; baseline 0.004 -21"><span class='ocrx_word' id='word_1_365' title='bbox 459 4688 704 4729; x_wconf 89' lang='lat' dir='ltr'>carnem</span> <span class='ocrx_word' id='word_1_366' title='bbox 735 4676 791 4729; x_wconf 91' lang='lat' dir='ltr'>et</span> <span class='ocrx_word' id='word_1_367' title='bbox 817 4673 1177 4743; x_wconf 89' lang='lat' dir='ltr'>sanguinem</span> <span class='ocrx_word' id='word_1_368' title='bbox 1212 4675 1536 4749; x_wconf 88' lang='lat' dir='ltr'>participes</span> <span class='ocrx_word' id='word_1_369' title='bbox 1568 4675 1695 4732; x_wconf 88' lang='lat' dir='ltr'>ﬁeri</span> <span class='ocrx_word' id='word_1_370' title='bbox 1726 4676 1899 4733; x_wconf 89' lang='lat' dir='ltr'>Verbi</span> <span class='ocrx_word' id='word_1_371' title='bbox 1931 4681 1987 4733; x_wconf 90' lang='lat' dir='ltr'>et</span> <span class='ocrx_word' id='word_1_372' title='bbox 2028 4688 2120 4736; x_wconf 87' lang='lat' dir='ltr'>sa&#39;</span> 
     </span>
    </p>
   </div>
   <div class='ocr_carea' id='block_1_50' title="bbox 458 4763 2120 4836">
    <p class='ocr_par' dir='ltr' id='par_1_50' title="bbox 458 4763 2120 4836">
     <span class='ocr_line' id='line_1_50' title="bbox 458 4763 2120 4836; baseline 0.004 -18"><span class='ocrx_word' id='word_1_373' title='bbox 458 4763 718 4836; x_wconf 64' lang='lat' dir='ltr'>pientiae.</span> <span class='ocrx_word' id='word_1_374' title='bbox 762 4765 925 4820; x_wconf 90' lang='lat' dir='ltr'>Tunc</span> <span class='ocrx_word' id='word_1_375' title='bbox 978 4764 1143 4820; x_wconf 88' lang='lat' dir='ltr'>enim</span> <span class='ocrx_word' id='word_1_376' title='bbox 1195 4769 1251 4821; x_wconf 91' lang='lat' dir='ltr'>et</span> <span class='ocrx_word' id='word_1_377' title='bbox 1300 4781 1442 4822; x_wconf 89' lang='lat' dir='ltr'>caro</span> <span class='ocrx_word' id='word_1_378' title='bbox 1482 4771 1539 4821; x_wconf 91' lang='lat' dir='ltr'>et</span> <span class='ocrx_word' id='word_1_379' title='bbox 1590 4766 1853 4823; x_wconf 84' lang='lat' dir='ltr'>Verbum</span> <span class='ocrx_word' id='word_1_380' title='bbox 1904 4767 2120 4824; x_wconf 91' lang='lat' dir='ltr'>eodem</span> 
     </span>
    </p>
   </div>
   <div class='ocr_carea' id='block_1_51' title="bbox 459 4852 2119 4928">
    <p class='ocr_par' dir='ltr' id='par_1_51' title="bbox 459 4852 2119 4928">
     <span class='ocr_line' id='line_1_51' title="bbox 459 4852 2119 4928; baseline 0.002 -19"><span class='ocrx_word' id='word_1_381' title='bbox 459 4852 645 4909; x_wconf 91' lang='lat' dir='ltr'>modo</span> <span class='ocrx_word' id='word_1_382' title='bbox 676 4857 1073 4923; x_wconf 91' lang='lat' dir='ltr'>sumerentur,</span> <span class='ocrx_word' id='word_1_383' title='bbox 1128 4869 1348 4928; x_wconf 90' lang='lat' dir='ltr'>nempe</span> <span class='ocrx_word' id='word_1_384' title='bbox 1373 4854 1515 4911; x_wconf 85' lang='lat' dir='ltr'>ﬁdei</span> <span class='ocrx_word' id='word_1_385' title='bbox 1543 4854 1857 4912; x_wconf 87' lang='lat' dir='ltr'>beneﬁcio.</span> <span class='ocrx_word' id='word_1_386' title='bbox 1894 4855 2119 4913; x_wconf 89' lang='lat' dir='ltr'>Deinde</span> 
     </span>
    </p>
   </div>
   <div class='ocr_carea' id='block_1_52' title="bbox 457 4943 2120 5016">
    <p class='ocr_par' dir='ltr' id='par_1_52' title="bbox 457 4943 2120 5016">
     <span class='ocr_line' id='line_1_52' title="bbox 457 4943 2120 5016; baseline 0.002 -18"><span class='ocrx_word' id='word_1_387' title='bbox 457 4958 600 4999; x_wconf 87' lang='lat' dir='ltr'>vero</span> <span class='ocrx_word' id='word_1_388' title='bbox 640 4958 745 4998; x_wconf 93' lang='lat' dir='ltr'>cur</span> <span class='ocrx_word' id='word_1_389' title='bbox 775 4947 979 4999; x_wconf 89' lang='lat' dir='ltr'>monet</span> <span class='ocrx_word' id='word_1_390' title='bbox 1011 4943 1225 5000; x_wconf 91' lang='lat' dir='ltr'>Christi</span> <span class='ocrx_word' id='word_1_391' title='bbox 1276 4960 1454 5001; x_wconf 88' lang='lat' dir='ltr'>carne</span> <span class='ocrx_word' id='word_1_392' title='bbox 1496 4950 1553 5001; x_wconf 91' lang='lat' dir='ltr'>et</span> <span class='ocrx_word' id='word_1_393' title='bbox 1583 4945 1878 5016; x_wconf 88' lang='lat' dir='ltr'>sanguine</span> <span class='ocrx_word' id='word_1_394' title='bbox 1930 4949 2120 5002; x_wconf 90' lang='lat' dir='ltr'>totum</span> 
     </span>
    </p>
   </div>
   <div class='ocr_carea' id='block_1_53' title="bbox 460 5031 2119 5105">
    <p class='ocr_par' dir='ltr' id='par_1_53' title="bbox 460 5031 2119 5105">
     <span class='ocr_line' id='line_1_53' title="bbox 460 5031 2119 5105; baseline 0 -14"><span class='ocrx_word' id='word_1_395' title='bbox 460 5031 672 5091; x_wconf 88' lang='lat' dir='ltr'>Christi</span> <span class='ocrx_word' id='word_1_396' title='bbox 706 5032 1031 5105; x_wconf 85' lang='lat' dir='ltr'>mysticum</span> <span class='ocrx_word' id='word_1_397' title='bbox 1070 5034 1132 5091; x_wconf 91' lang='lat' dir='ltr'>in</span> <span class='ocrx_word' id='word_1_398' title='bbox 1164 5051 1345 5092; x_wconf 85' lang='lat' dir='ltr'>carne</span> <span class='ocrx_word' id='word_1_399' title='bbox 1375 5035 1729 5091; x_wconf 86' lang='lat' dir='ltr'>adventum:</span> <span class='ocrx_word' id='word_1_400' title='bbox 1770 5035 1893 5091; x_wconf 90' lang='lat' dir='ltr'>sive</span> <span class='ocrx_word' id='word_1_401' title='bbox 1932 5039 2119 5091; x_wconf 87' lang='lat' dir='ltr'>totam</span> 
     </span>
    </p>
   </div>
   <div class='ocr_carea' id='block_1_54' title="bbox 456 5122 2113 5199">
    <p class='ocr_par' dir='ltr' id='par_1_54' title="bbox 456 5122 2113 5199">
     <span class='ocr_line' id='line_1_54' title="bbox 456 5122 2113 5199; baseline 0 -18"><span class='ocrx_word' id='word_1_402' title='bbox 456 5122 614 5181; x_wconf 85' lang='lat' dir='ltr'>illius</span> <span class='ocrx_word' id='word_1_403' title='bbox 644 5139 975 5197; x_wconf 85' lang='lat' dir='ltr'>personam</span> <span class='ocrx_word' id='word_1_404' title='bbox 1005 5124 1332 5197; x_wconf 87' lang='lat' dir='ltr'>designari;</span> <span class='ocrx_word' id='word_1_405' title='bbox 1367 5126 1775 5199; x_wconf 89' lang='lat' dir='ltr'>cur,inquam,</span> <span class='ocrx_word' id='word_1_406' title='bbox 1798 5125 1857 5181; x_wconf 89' lang='lat' dir='ltr'>id</span> <span class='ocrx_word' id='word_1_407' title='bbox 1889 5130 2113 5199; x_wconf 89' lang='lat' dir='ltr'>monet,</span> 
     </span>
    </p>
   </div>
   <div class='ocr_carea' id='block_1_55' title="bbox 456 5215 2119 5281">
    <p class='ocr_par' dir='ltr' id='par_1_55' title="bbox 456 5215 2119 5281">
     <span class='ocr_line' id='line_1_55' title="bbox 456 5215 2119 5281; baseline -0.001 -8"><span class='ocrx_word' id='word_1_408' title='bbox 456 5216 579 5273; x_wconf 90' lang='lat' dir='ltr'>nisi</span> <span class='ocrx_word' id='word_1_409' title='bbox 604 5219 671 5273; x_wconf 90' lang='lat' dir='ltr'>ut</span> <span class='ocrx_word' id='word_1_410' title='bbox 713 5215 891 5272; x_wconf 90' lang='lat' dir='ltr'>nobis</span> <span class='ocrx_word' id='word_1_411' title='bbox 912 5231 1037 5273; x_wconf 92' lang='lat' dir='ltr'>non</span> <span class='ocrx_word' id='word_1_412' title='bbox 1086 5217 1429 5274; x_wconf 89' lang='lat' dir='ltr'>inanimam</span> <span class='ocrx_word' id='word_1_413' title='bbox 1461 5233 1727 5281; x_wconf 85' lang='lat' dir='ltr'>carnem,</span> <span class='ocrx_word' id='word_1_414' title='bbox 1754 5232 1878 5273; x_wconf 91' lang='lat' dir='ltr'>non</span> <span class='ocrx_word' id='word_1_415' title='bbox 1907 5233 1942 5272; x_wconf 87' lang='lat' dir='ltr'>a</span> <span class='ocrx_word' id='word_1_416' title='bbox 1972 5216 2119 5272; x_wconf 89' lang='lat' dir='ltr'>divi-</span> 
     </span>
    </p>
   </div>
   <div class='ocr_carea' id='block_1_56' title="bbox 407 5305 2117 5381">
    <p class='ocr_par' dir='ltr' id='par_1_56' title="bbox 407 5305 2117 5381">
     <span class='ocr_line' id='line_1_56' title="bbox 407 5305 2117 5381; baseline -0.001 -18"><span class='ocrx_word' id='word_1_417' title='bbox 407 5305 411 5309; x_wconf 75' lang='grc'><strong>’</strong></span> <span class='ocrx_word' id='word_1_418' title='bbox 456 5307 644 5363; x_wconf 89' lang='lat' dir='ltr'>nitate</span> <span class='ocrx_word' id='word_1_419' title='bbox 676 5310 1021 5379; x_wconf 85' lang='lat' dir='ltr'>separatam</span> <span class='ocrx_word' id='word_1_420' title='bbox 1054 5307 1284 5381; x_wconf 90' lang='lat' dir='ltr'>apponi</span> <span class='ocrx_word' id='word_1_421' title='bbox 1303 5307 1720 5364; x_wconf 84' lang='lat' dir='ltr'>demonstret?</span> <span class='ocrx_word' id='word_1_422' title='bbox 1754 5306 1869 5363; x_wconf 91' lang='lat' dir='ltr'>Sed</span> <span class='ocrx_word' id='word_1_423' title='bbox 1906 5306 1957 5362; x_wconf 93' lang='lat' dir='ltr'>si</span> <span class='ocrx_word' id='word_1_424' title='bbox 1986 5307 2117 5362; x_wconf 65' lang='lat' dir='ltr'>huic</span> 
     </span>
    </p>
   </div>
   <div class='ocr_carea' id='block_1_57' title="bbox 459 5395 2116 5471">
    <p class='ocr_par' dir='ltr' id='par_1_57' title="bbox 459 5395 2116 5471">
     <span class='ocr_line' id='line_1_57' title="bbox 459 5395 2116 5471; baseline -0.001 -19"><span class='ocrx_word' id='word_1_425' title='bbox 459 5410 600 5454; x_wconf 85' lang='lat' dir='ltr'>caro</span> <span class='ocrx_word' id='word_1_426' title='bbox 625 5396 755 5454; x_wconf 84' lang='lat' dir='ltr'>sola</span> <span class='ocrx_word' id='word_1_427' title='bbox 777 5396 894 5453; x_wconf 90' lang='lat' dir='ltr'>ﬁde</span> <span class='ocrx_word' id='word_1_428' title='bbox 920 5397 1267 5470; x_wconf 84' lang='lat' dir='ltr'>percipitur,</span> <span class='ocrx_word' id='word_1_429' title='bbox 1304 5397 1440 5471; x_wconf 87' lang='lat' dir='ltr'>quis</span> <span class='ocrx_word' id='word_1_430' title='bbox 1488 5395 1797 5455; x_wconf 87' lang='lat' dir='ltr'>metuendi</span> <span class='ocrx_word' id='word_1_431' title='bbox 1844 5395 2014 5453; x_wconf 89' lang='lat' dir='ltr'>locus</span> <span class='ocrx_word' id='word_1_432' title='bbox 2040 5410 2116 5452; x_wconf 91' lang='lat' dir='ltr'>ne</span> 
     </span>
    </p>
   </div>
   <div class='ocr_carea' id='block_1_58' title="bbox 531 5611 1301 5674">
    <p class='ocr_par' dir='ltr' id='par_1_58' title="bbox 531 5611 1301 5674">
     <span class='ocr_line' id='line_1_58' title="bbox 531 5611 1301 5674; baseline -0.001 -5"><span class='ocrx_word' id='word_1_433' title='bbox 531 5612 578 5648; x_wconf 82' lang='grc'>³³</span> <span class='ocrx_word' id='word_1_434' title='bbox 602 5612 772 5671; x_wconf 82' lang='lat' dir='ltr'>Joan.</span> <span class='ocrx_word' id='word_1_435' title='bbox 795 5628 873 5672; x_wconf 71' lang='grc' dir='ltr'>γι.</span> <span class='ocrx_word' id='word_1_436' title='bbox 910 5617 1002 5674; x_wconf 73' lang='lat'>58.</span> <span class='ocrx_word' id='word_1_437' title='bbox 1076 5614 1124 5649; x_wconf 74' lang='grc'>⁸⁸</span> <span class='ocrx_word' id='word_1_438' title='bbox 1150 5611 1301 5671; x_wconf 89' lang='lat' dir='ltr'>Ibid.</span> 
     </span>
    </p>
   </div>
   <div class='ocr_carea' id='block_1_59' title="bbox 2196 490 3845 561">
    <p class='ocr_par' dir='ltr' id='par_1_59' title="bbox 2196 490 3845 561">
     <span class='ocr_line' id='line_1_59' title="bbox 2196 490 3845 561; baseline 0.004 -16"><span class='ocrx_word' id='word_1_439' title='bbox 2196 490 2464 561; x_wconf 87' lang='lat' dir='ltr'>Basilius,</span> <span class='ocrx_word' id='word_1_440' title='bbox 2500 497 2566 548; x_wconf 90' lang='lat' dir='ltr'>ut</span> <span class='ocrx_word' id='word_1_441' title='bbox 2597 492 3055 548; x_wconf 84' lang='lat' dir='ltr'>similitudinem</span> <span class='ocrx_word' id='word_1_442' title='bbox 3108 493 3482 548; x_wconf 86' lang='lat' dir='ltr'>demonstret</span> <span class='ocrx_word' id='word_1_443' title='bbox 3519 493 3669 549; x_wconf 88' lang='lat' dir='ltr'>inter</span> <span class='ocrx_word' id='word_1_444' title='bbox 3712 510 3845 551; x_wconf 85' lang='lat' dir='ltr'>eam</span> 
     </span>
    </p>
   </div>
   <div class='ocr_carea' id='block_1_60' title="bbox 2193 581 3838 654">
    <p class='ocr_par' dir='ltr' id='par_1_60' title="bbox 2193 581 3838 654">
     <span class='ocr_line' id='line_1_60' title="bbox 2193 581 3838 654; baseline 0.001 -17"><span class='ocrx_word' id='word_1_445' title='bbox 2193 581 2403 652; x_wconf 90' lang='lat' dir='ltr'>vitam,</span> <span class='ocrx_word' id='word_1_446' title='bbox 2448 598 2637 654; x_wconf 86' lang='lat' dir='ltr'>quam</span> <span class='ocrx_word' id='word_1_447' title='bbox 2687 600 2758 638; x_wconf 81' lang='lat' dir='ltr'>ex</span> <span class='ocrx_word' id='word_1_448' title='bbox 2815 582 3180 639; x_wconf 86' lang='lat' dir='ltr'>eucharistia</span> <span class='ocrx_word' id='word_1_449' title='bbox 3230 582 3530 648; x_wconf 91' lang='lat' dir='ltr'>ducimus,</span> <span class='ocrx_word' id='word_1_450' title='bbox 3587 587 3643 637; x_wconf 89' lang='lat' dir='ltr'>et</span> <span class='ocrx_word' id='word_1_451' title='bbox 3688 598 3838 652; x_wconf 87' lang='lat' dir='ltr'>eam,</span> 
     </span>
    </p>
   </div>
   <div class='ocr_carea' id='block_1_61' title="bbox 2194 669 3844 744">
    <p class='ocr_par' dir='ltr' id='par_1_61' title="bbox 2194 669 3844 744">
     <span class='ocr_line' id='line_1_61' title="bbox 2194 669 3844 744; baseline 0.001 -19"><span class='ocrx_word' id='word_1_452' title='bbox 2194 686 2382 743; x_wconf 89' lang='lat' dir='ltr'>quam</span> <span class='ocrx_word' id='word_1_453' title='bbox 2426 686 2599 727; x_wconf 88' lang='lat' dir='ltr'>sacra</span> <span class='ocrx_word' id='word_1_454' title='bbox 2646 671 2993 728; x_wconf 85' lang='lat' dir='ltr'>humanitas</span> <span class='ocrx_word' id='word_1_455' title='bbox 3043 686 3183 727; x_wconf 92' lang='lat' dir='ltr'>cum</span> <span class='ocrx_word' id='word_1_456' title='bbox 3232 669 3425 726; x_wconf 89' lang='lat' dir='ltr'>Verbo</span> <span class='ocrx_word' id='word_1_457' title='bbox 3476 670 3844 744; x_wconf 82' lang='lat' dir='ltr'>hypostatice</span> 
     </span>
    </p>
   </div>
   <div class='ocr_carea' id='block_1_62' title="bbox 2196 760 3844 833">
    <p class='ocr_par' dir='ltr' id='par_1_62' title="bbox 2196 760 3844 833">
     <span class='ocr_line' id='line_1_62' title="bbox 2196 760 3844 833; baseline 0.001 -17"><span class='ocrx_word' id='word_1_458' title='bbox 2196 761 2520 832; x_wconf 87' lang='lat' dir='ltr'>conjuncta</span> <span class='ocrx_word' id='word_1_459' title='bbox 2540 760 2703 825; x_wconf 87' lang='lat' dir='ltr'>vivit,</span> <span class='ocrx_word' id='word_1_460' title='bbox 2736 762 2895 817; x_wconf 91' lang='lat' dir='ltr'>hanc</span> <span class='ocrx_word' id='word_1_461' title='bbox 2919 761 3106 817; x_wconf 89' lang='lat' dir='ltr'>vitam</span> <span class='ocrx_word' id='word_1_462' title='bbox 3137 760 3217 817; x_wconf 87' lang='lat' dir='ltr'>ad</span> <span class='ocrx_word' id='word_1_463' title='bbox 3244 761 3515 817; x_wconf 88' lang='lat' dir='ltr'>animam</span> <span class='ocrx_word' id='word_1_464' title='bbox 3554 760 3844 833; x_wconf 86' lang='lat' dir='ltr'>pertinere</span> 
     </span>
    </p>
   </div>
   <div class='ocr_carea' id='block_1_63' title="bbox 2197 850 3842 925">
    <p class='ocr_par' dir='ltr' id='par_1_63' title="bbox 2197 850 3842 925">
     <span class='ocr_line' id='line_1_63' title="bbox 2197 850 3842 925; baseline -0.001 -18"><span class='ocrx_word' id='word_1_465' title='bbox 2197 850 2504 907; x_wconf 89' lang='lat' dir='ltr'>admonet.</span> <span class='ocrx_word' id='word_1_466' title='bbox 2533 851 2846 907; x_wconf 83' lang='lat' dir='ltr'>Atinutilis</span> <span class='ocrx_word' id='word_1_467' title='bbox 2875 866 3126 925; x_wconf 88' lang='lat' dir='ltr'>prorsus</span> <span class='ocrx_word' id='word_1_468' title='bbox 3154 850 3506 921; x_wconf 86' lang='lat' dir='ltr'>admonitio,</span> <span class='ocrx_word' id='word_1_469' title='bbox 3524 850 3572 905; x_wconf 92' lang='lat' dir='ltr'>si</span> <span class='ocrx_word' id='word_1_470' title='bbox 3602 866 3842 906; x_wconf 88' lang='lat' dir='ltr'>carnem</span> 
     </span>
    </p>
   </div>
   <div class='ocr_carea' id='block_1_64' title="bbox 2198 940 3838 1013">
    <p class='ocr_par' dir='ltr' id='par_1_64' title="bbox 2198 940 3838 1013">
     <span class='ocr_line' id='line_1_64' title="bbox 2198 940 3838 1013; baseline -0.001 -16"><span class='ocrx_word' id='word_1_471' title='bbox 2198 946 2256 997; x_wconf 89' lang='lat' dir='ltr'>et</span> <span class='ocrx_word' id='word_1_472' title='bbox 2275 942 2635 1012; x_wconf 90' lang='lat' dir='ltr'>sanguinem</span> <span class='ocrx_word' id='word_1_473' title='bbox 2664 957 2786 997; x_wconf 91' lang='lat' dir='ltr'>non</span> <span class='ocrx_word' id='word_1_474' title='bbox 2814 940 3057 1008; x_wconf 91' lang='lat' dir='ltr'>ore,sed</span> <span class='ocrx_word' id='word_1_475' title='bbox 3078 940 3206 997; x_wconf 89' lang='lat' dir='ltr'>sola</span> <span class='ocrx_word' id='word_1_476' title='bbox 3234 945 3429 997; x_wconf 88' lang='lat' dir='ltr'>mente</span> <span class='ocrx_word' id='word_1_477' title='bbox 3452 941 3838 1013; x_wconf 88' lang='lat' dir='ltr'>percipimus;</span> 
     </span>
    </p>
   </div>
   <div class='ocr_carea' id='block_1_65' title="bbox 2199 1030 3839 1105">
    <p class='ocr_par' dir='ltr' id='par_1_65' title="bbox 2199 1030 3839 1105">
     <span class='ocr_line' id='line_1_65' title="bbox 2199 1030 3839 1105; baseline -0.002 -18"><span class='ocrx_word' id='word_1_478' title='bbox 2199 1030 2578 1105; x_wconf 86' lang='lat' dir='ltr'>perabsurda</span> <span class='ocrx_word' id='word_1_479' title='bbox 2604 1032 2785 1087; x_wconf 88' lang='lat' dir='ltr'>etiam</span> <span class='ocrx_word' id='word_1_480' title='bbox 2806 1036 2932 1087; x_wconf 87' lang='lat' dir='ltr'>tota</span> <span class='ocrx_word' id='word_1_481' title='bbox 2961 1031 3356 1102; x_wconf 87' lang='lat' dir='ltr'>comparatio,</span> <span class='ocrx_word' id='word_1_482' title='bbox 3384 1031 3431 1086; x_wconf 88' lang='lat' dir='ltr'>si</span> <span class='ocrx_word' id='word_1_483' title='bbox 3460 1048 3597 1087; x_wconf 91' lang='lat' dir='ltr'>cum</span> <span class='ocrx_word' id='word_1_484' title='bbox 3628 1030 3839 1085; x_wconf 83' lang='lat' dir='ltr'>huma-</span> 
     </span>
    </p>
   </div>
   <div class='ocr_carea' id='block_1_66' title="bbox 2199 1118 3841 1193">
    <p class='ocr_par' dir='ltr' id='par_1_66' title="bbox 2199 1118 3841 1193">
     <span class='ocr_line' id='line_1_66' title="bbox 2199 1118 3841 1193; baseline -0.003 -15"><span class='ocrx_word' id='word_1_485' title='bbox 2199 1122 2356 1178; x_wconf 89' lang='lat' dir='ltr'>nitas</span> <span class='ocrx_word' id='word_1_486' title='bbox 2387 1121 2599 1176; x_wconf 83' lang='lat' dir='ltr'>Christi</span> <span class='ocrx_word' id='word_1_487' title='bbox 2622 1136 2761 1176; x_wconf 90' lang='lat' dir='ltr'>cum</span> <span class='ocrx_word' id='word_1_488' title='bbox 2790 1122 2983 1177; x_wconf 87' lang='lat' dir='ltr'>Verbo</span> <span class='ocrx_word' id='word_1_489' title='bbox 3008 1120 3382 1193; x_wconf 85' lang='lat' dir='ltr'>hypostatice</span> <span class='ocrx_word' id='word_1_490' title='bbox 3405 1121 3728 1192; x_wconf 85' lang='lat' dir='ltr'>conjuncta</span> <span class='ocrx_word' id='word_1_491' title='bbox 3751 1118 3841 1184; x_wconf 90' lang='lat' dir='ltr'>sit,</span> 
     </span>
    </p>
   </div>
   <div class='ocr_carea' id='block_1_67' title="bbox 2200 1209 3845 1280">
    <p class='ocr_par' dir='ltr' id='par_1_67' title="bbox 2200 1209 3845 1280">
     <span class='ocr_line' id='line_1_67' title="bbox 2200 1209 3845 1280; baseline -0.003 -13"><span class='ocrx_word' id='word_1_492' title='bbox 2200 1227 2314 1267; x_wconf 92' lang='lat' dir='ltr'>nos</span> <span class='ocrx_word' id='word_1_493' title='bbox 2346 1210 2477 1267; x_wconf 87' lang='lat' dir='ltr'>sola</span> <span class='ocrx_word' id='word_1_494' title='bbox 2501 1215 2701 1268; x_wconf 87' lang='lat' dir='ltr'>mente</span> <span class='ocrx_word' id='word_1_495' title='bbox 2729 1227 2869 1267; x_wconf 89' lang='lat' dir='ltr'>cum</span> <span class='ocrx_word' id='word_1_496' title='bbox 2904 1211 3061 1268; x_wconf 91' lang='lat' dir='ltr'>illius</span> <span class='ocrx_word' id='word_1_497' title='bbox 3092 1228 3271 1269; x_wconf 87' lang='lat' dir='ltr'>carne</span> <span class='ocrx_word' id='word_1_498' title='bbox 3303 1216 3359 1268; x_wconf 93' lang='lat' dir='ltr'>et</span> <span class='ocrx_word' id='word_1_499' title='bbox 3388 1209 3680 1280; x_wconf 89' lang='lat' dir='ltr'>sanguine</span> <span class='ocrx_word' id='word_1_500' title='bbox 3707 1223 3845 1264; x_wconf 89' lang='lat' dir='ltr'>con-</span> 
     </span>
    </p>
   </div>
   <div class='ocr_carea' id='block_1_68' title="bbox 2194 1300 2528 1372">
    <p class='ocr_par' dir='ltr' id='par_1_68' title="bbox 2194 1300 2528 1372">
     <span class='ocr_line' id='line_1_68' title="bbox 2194 1300 2528 1372; baseline 0 -16"><span class='ocrx_word' id='word_1_501' title='bbox 2194 1300 2433 1372; x_wconf 89' lang='lat' dir='ltr'>jungim</span> <span class='ocrx_word' id='word_1_502' title='bbox 2443 1315 2528 1356; x_wconf 90' lang='lat' dir='ltr'>ur.</span> 
     </span>
    </p>
   </div>
   <div class='ocr_carea' id='block_1_69' title="bbox 2274 1440 3847 1524">
    <p class='ocr_par' dir='ltr' id='par_1_69' title="bbox 2274 1440 3847 1524">
     <span class='ocr_line' id='line_1_69' title="bbox 2274 1440 3847 1524; baseline -0.004 -25"><span class='ocrx_word' id='word_1_503' title='bbox 2274 1443 2369 1499; x_wconf 85' lang='lat' dir='ltr'>IV.</span> <span class='ocrx_word' id='word_1_504' title='bbox 2406 1444 2506 1500; x_wconf 83' lang='lat' dir='ltr'>His</span> <span class='ocrx_word' id='word_1_505' title='bbox 2556 1443 2700 1500; x_wconf 90' lang='lat' dir='ltr'>addi</span> <span class='ocrx_word' id='word_1_506' title='bbox 2743 1444 2969 1501; x_wconf 88' lang='lat' dir='ltr'>debent</span> <span class='ocrx_word' id='word_1_507' title='bbox 3023 1460 3159 1517; x_wconf 80' lang='lat' dir='ltr'>quae</span> <span class='ocrx_word' id='word_1_508' title='bbox 3190 1445 3251 1499; x_wconf 92' lang='lat' dir='ltr'>in</span> <span class='ocrx_word' id='word_1_509' title='bbox 3297 1443 3450 1524; x_wconf 83' lang='lat' dir='ltr'>libro</span> <span class='ocrx_word' id='word_1_510' title='bbox 3500 1443 3584 1498; x_wconf 91' lang='lat' dir='ltr'>De</span> <span class='ocrx_word' id='word_1_511' title='bbox 3615 1440 3847 1509; x_wconf 85' lang='lat' dir='ltr'>Spiritu</span> 
     </span>
    </p>
   </div>
   <div class='ocr_carea' id='block_1_70' title="bbox 2200 1527 3849 1605">
    <p class='ocr_par' dir='ltr' id='par_1_70' title="bbox 2200 1527 3849 1605">
     <span class='ocr_line' id='line_1_70' title="bbox 2200 1527 3849 1605; baseline -0.006 -14"><span class='ocrx_word' id='word_1_512' title='bbox 2200 1540 2408 1591; x_wconf 89' lang='lat' dir='ltr'>sancto</span> <span class='ocrx_word' id='word_1_513' title='bbox 2460 1533 2763 1605; x_wconf 86' lang='lat' dir='ltr'>leguntur,</span> <span class='ocrx_word' id='word_1_514' title='bbox 2821 1550 2944 1591; x_wconf 90' lang='lat' dir='ltr'>non</span> <span class='ocrx_word' id='word_1_515' title='bbox 3005 1533 3205 1589; x_wconf 77' lang='lat' dir='ltr'>Basilii</span> <span class='ocrx_word' id='word_1_516' title='bbox 3247 1532 3465 1598; x_wconf 90' lang='lat' dir='ltr'>solum,</span> <span class='ocrx_word' id='word_1_517' title='bbox 3518 1530 3624 1585; x_wconf 89' lang='lat' dir='ltr'>sed</span> <span class='ocrx_word' id='word_1_518' title='bbox 3670 1527 3849 1583; x_wconf 85' lang='lat' dir='ltr'>etiam</span> 
     </span>
    </p>
   </div>
   <div class='ocr_carea' id='block_1_71' title="bbox 2202 1619 3849 1680">
    <p class='ocr_par' dir='ltr' id='par_1_71' title="bbox 2202 1619 3849 1680">
     <span class='ocr_line' id='line_1_71' title="bbox 2202 1619 3849 1680; baseline -0.003 0"><span class='ocrx_word' id='word_1_519' title='bbox 2202 1623 2477 1680; x_wconf 89' lang='lat' dir='ltr'>omnium</span> <span class='ocrx_word' id='word_1_520' title='bbox 2517 1623 2990 1680; x_wconf 88' lang='lat' dir='ltr'>Christianorum</span> <span class='ocrx_word' id='word_1_521' title='bbox 3019 1622 3201 1678; x_wconf 89' lang='lat' dir='ltr'>ﬁdem</span> <span class='ocrx_word' id='word_1_522' title='bbox 3236 1619 3615 1677; x_wconf 83' lang='lat' dir='ltr'>exhibentia:</span> <span class='ocrx_word' id='word_1_523' title='bbox 3656 1620 3732 1669; x_wconf 80' lang='grc' dir='ltr'>Τὰ</span> <span class='ocrx_word' id='word_1_524' title='bbox 3760 1623 3849 1675; x_wconf 79' lang='grc' dir='ltr'>τῆς</span> 
     </span>
    </p>
   </div>
   <div class='ocr_carea' id='block_1_72' title="bbox 2123 1709 3849 1806">
    <p class='ocr_par' dir='ltr' id='par_1_72' title="bbox 2123 1709 3849 1806">
     <span class='ocr_line' id='line_1_72' title="bbox 2123 1709 3849 1806; baseline -0.006 -38"><span class='ocrx_word' id='word_1_525' title='bbox 2123 1749 2165 1806; x_wconf 72' lang='grc' dir='ltr'><strong><em>Β</em></strong></span> <span class='ocrx_word' id='word_1_526' title='bbox 2204 1714 2520 1776; x_wconf 70' lang='grc' dir='ltr'>ἐπικλήσεως</span> <span class='ocrx_word' id='word_1_527' title='bbox 2574 1715 2785 1788; x_wconf 78' lang='grc' dir='ltr'>ῥήματα</span> <span class='ocrx_word' id='word_1_528' title='bbox 2840 1714 2922 1766; x_wconf 76' lang='grc' dir='ltr'>ἐπὶ</span> <span class='ocrx_word' id='word_1_529' title='bbox 2978 1722 3040 1787; x_wconf 75' lang='grc' dir='ltr'>τῇ</span> <span class='ocrx_word' id='word_1_530' title='bbox 3102 1709 3361 1775; x_wconf 74' lang='grc' dir='ltr'>ἀναδείξει</span> <span class='ocrx_word' id='word_1_531' title='bbox 3406 1718 3497 1762; x_wconf 86' lang='grc' dir='ltr'>τοῦ</span> <span class='ocrx_word' id='word_1_532' title='bbox 3537 1711 3695 1784; x_wconf 81' lang='grc' dir='ltr'>ἄρτου</span> <span class='ocrx_word' id='word_1_533' title='bbox 3753 1714 3849 1767; x_wconf 83' lang='grc' dir='ltr'>τῆς</span> 
     </span>
    </p>
   </div>
   <div class='ocr_carea' id='block_1_73' title="bbox 2205 1800 3847 1879">
    <p class='ocr_par' dir='ltr' id='par_1_73' title="bbox 2205 1800 3847 1879">
     <span class='ocr_line' id='line_1_73' title="bbox 2205 1800 3847 1879; baseline -0.005 -23"><span class='ocrx_word' id='word_1_534' title='bbox 2205 1804 2553 1879; x_wconf 76' lang='grc' dir='ltr'>εὐχαριστίας</span> <span class='ocrx_word' id='word_1_535' title='bbox 2581 1809 2671 1855; x_wconf 86' lang='grc' dir='ltr'>καὶ</span> <span class='ocrx_word' id='word_1_536' title='bbox 2712 1811 2801 1856; x_wconf 83' lang='grc' dir='ltr'>τοῦ</span> <span class='ocrx_word' id='word_1_537' title='bbox 2854 1808 3107 1879; x_wconf 81' lang='grc' dir='ltr'>ποτηρίου</span> <span class='ocrx_word' id='word_1_538' title='bbox 3164 1811 3258 1864; x_wconf 80' lang='grc' dir='ltr'>τῆς</span> <span class='ocrx_word' id='word_1_539' title='bbox 3307 1800 3562 1872; x_wconf 67' lang='grc' dir='ltr'>εὐλογίας,</span> <span class='ocrx_word' id='word_1_540' title='bbox 3623 1802 3702 1859; x_wconf 83' lang='grc' dir='ltr'>τίς</span> <span class='ocrx_word' id='word_1_541' title='bbox 3749 1804 3847 1848; x_wconf 88' lang='grc' dir='ltr'>τῶν</span> 
     </span>
    </p>
   </div>
   <div class='ocr_carea' id='block_1_74' title="bbox 2205 1882 3843 1967">
    <p class='ocr_par' dir='ltr' id='par_1_74' title="bbox 2205 1882 3843 1967">
     <span class='ocr_line' id='line_1_74' title="bbox 2205 1882 3843 1967; baseline -0.001 -22"><span class='ocrx_word' id='word_1_542' title='bbox 2205 1894 2364 1964; x_wconf 87' lang='grc' dir='ltr'>ἁγίων</span> <span class='ocrx_word' id='word_1_543' title='bbox 2433 1893 2699 1967; x_wconf 75' lang='grc' dir='ltr'>ἐγγράφως</span> <span class='ocrx_word' id='word_1_544' title='bbox 2776 1896 2899 1967; x_wconf 82' lang='grc' dir='ltr'>ἡμῖν</span> <span class='ocrx_word' id='word_1_545' title='bbox 2966 1893 3369 1959; x_wconf 65' lang='grc' dir='ltr'>καταλελοιπεν;</span> <span class='ocrx_word' id='word_1_546' title='bbox 3446 1889 3520 1941; x_wconf 70' lang='grc' dir='ltr'>Οὐ</span> <span class='ocrx_word' id='word_1_547' title='bbox 3600 1887 3699 1961; x_wconf 73' lang='grc' dir='ltr'>γὰρ</span> <span class='ocrx_word' id='word_1_548' title='bbox 3776 1882 3843 1943; x_wconf 75' lang='grc' dir='ltr'>δὴ</span> 
     </span>
    </p>
   </div>
   <div class='ocr_carea' id='block_1_75' title="bbox 2204 1977 3849 2056">
    <p class='ocr_par' dir='ltr' id='par_1_75' title="bbox 2204 1977 3849 2056">
     <span class='ocr_line' id='line_1_75' title="bbox 2204 1977 3849 2056; baseline -0.005 -20"><span class='ocrx_word' id='word_1_549' title='bbox 2204 1986 2406 2044; x_wconf 73' lang='grc' dir='ltr'>τούτοις</span> <span class='ocrx_word' id='word_1_550' title='bbox 2473 1981 2787 2056; x_wconf 76' lang='grc' dir='ltr'>ἀρκούμεθα,</span> <span class='ocrx_word' id='word_1_551' title='bbox 2827 1984 2894 2035; x_wconf 83' lang='grc' dir='ltr'>ὧν</span> <span class='ocrx_word' id='word_1_552' title='bbox 2948 1985 2973 2035; x_wconf 87' lang='grc' dir='ltr'><strong>ὁ</strong></span> <span class='ocrx_word' id='word_1_553' title='bbox 3044 1982 3359 2044; x_wconf 81' lang='grc' dir='ltr'>Ἀπόστολος</span> <span class='ocrx_word' id='word_1_554' title='bbox 3415 1981 3443 2039; x_wconf 72' lang='grc' dir='ltr'>ἢ</span> <span class='ocrx_word' id='word_1_555' title='bbox 3506 1982 3563 2030; x_wconf 87' lang='grc' dir='ltr'>τὸ</span> <span class='ocrx_word' id='word_1_556' title='bbox 3621 1977 3849 2047; x_wconf 72' lang='grc' dir='ltr'>Εὐαγγέ-</span> 
     </span>
    </p>
   </div>
   <div class='ocr_carea' id='block_1_76' title="bbox 2206 2066 3850 2147">
    <p class='ocr_par' dir='ltr' id='par_1_76' title="bbox 2206 2066 3850 2147">
     <span class='ocr_line' id='line_1_76' title="bbox 2206 2066 3850 2147; baseline -0.005 -22"><span class='ocrx_word' id='word_1_557' title='bbox 2206 2072 2311 2125; x_wconf 84' lang='grc' dir='ltr'>λιον</span> <span class='ocrx_word' id='word_1_558' title='bbox 2379 2073 2701 2145; x_wconf 70' lang='grc' dir='ltr'>ἐπεμνήσθη,</span> <span class='ocrx_word' id='word_1_559' title='bbox 2771 2071 2898 2125; x_wconf 79' lang='grc' dir='ltr'>ἀλλὰ</span> <span class='ocrx_word' id='word_1_560' title='bbox 2952 2079 3042 2125; x_wconf 85' lang='grc' dir='ltr'>καὶ</span> <span class='ocrx_word' id='word_1_561' title='bbox 3098 2072 3410 2147; x_wconf 74' lang='grc' dir='ltr'>προλέγομεν</span> <span class='ocrx_word' id='word_1_562' title='bbox 3469 2073 3558 2121; x_wconf 86' lang='grc' dir='ltr'>καὶ</span> <span class='ocrx_word' id='word_1_563' title='bbox 3622 2066 3850 2138; x_wconf 82' lang='grc' dir='ltr'>ἐπιλέγο-</span> 
     </span>
    </p>
   </div>
   <div class='ocr_carea' id='block_1_77' title="bbox 2209 2161 3850 2235">
    <p class='ocr_par' dir='ltr' id='par_1_77' title="bbox 2209 2161 3850 2235">
     <span class='ocr_line' id='line_1_77' title="bbox 2209 2161 3850 2235; baseline -0.005 -21"><span class='ocrx_word' id='word_1_564' title='bbox 2209 2182 2298 2235; x_wconf 77' lang='grc' dir='ltr'>μεν</span> <span class='ocrx_word' id='word_1_565' title='bbox 2366 2163 2515 2234; x_wconf 85' lang='grc' dir='ltr'>ἔτερα</span> <span class='ocrx_word' id='word_1_566' title='bbox 2569 2165 2637 2224; x_wconf 83' lang='grc' dir='ltr'>ὡς</span> <span class='ocrx_word' id='word_1_567' title='bbox 2702 2162 2930 2234; x_wconf 79' lang='grc' dir='ltr'>μεγάλην</span> <span class='ocrx_word' id='word_1_568' title='bbox 3004 2165 3199 2233; x_wconf 77' lang='grc' dir='ltr'>ἔχοντα</span> <span class='ocrx_word' id='word_1_569' title='bbox 3255 2164 3379 2235; x_wconf 80' lang='grc' dir='ltr'>πρὸς</span> <span class='ocrx_word' id='word_1_570' title='bbox 3446 2163 3502 2212; x_wconf 87' lang='grc' dir='ltr'>τὸ</span> <span class='ocrx_word' id='word_1_571' title='bbox 3570 2161 3850 2230; x_wconf 79' lang='grc' dir='ltr'>μυστήριον</span> 
     </span>
    </p>
   </div>
   <div class='ocr_carea' id='block_1_78' title="bbox 2209 2245 3852 2325">
    <p class='ocr_par' dir='ltr' id='par_1_78' title="bbox 2209 2245 3852 2325">
     <span class='ocr_line' id='line_1_78' title="bbox 2209 2245 3852 2325; baseline -0.005 -20"><span class='ocrx_word' id='word_1_572' title='bbox 2209 2256 2302 2311; x_wconf 79' lang='grc' dir='ltr'>τὴν</span> <span class='ocrx_word' id='word_1_573' title='bbox 2368 2251 2549 2323; x_wconf 79' lang='grc' dir='ltr'>ἰσχὺν,</span> <span class='ocrx_word' id='word_1_574' title='bbox 2626 2251 2681 2304; x_wconf 75' lang='grc' dir='ltr'>ἐκ</span> <span class='ocrx_word' id='word_1_575' title='bbox 2755 2261 2849 2313; x_wconf 83' lang='grc' dir='ltr'>τῆς</span> <span class='ocrx_word' id='word_1_576' title='bbox 2925 2251 3161 2325; x_wconf 65' lang='grc' dir='ltr'>ἀγράφου</span> <span class='ocrx_word' id='word_1_577' title='bbox 3221 2247 3569 2309; x_wconf 80' lang='grc' dir='ltr'>διδασκαλίας</span> <span class='ocrx_word' id='word_1_578' title='bbox 3617 2245 3852 2319; x_wconf 74' lang='grc' dir='ltr'>παραλαο</span> 
     </span>
    </p>
   </div>
   <div class='ocr_carea' id='block_1_79' title="bbox 2214 2341 3852 2415">
    <p class='ocr_par' dir='ltr' id='par_1_79' title="bbox 2214 2341 3852 2415">
     <span class='ocr_line' id='line_1_79' title="bbox 2214 2341 3852 2415; baseline 0.007 -19"><span class='ocrx_word' id='word_1_579' title='bbox 2214 2343 2385 2406; x_wconf 76' lang='grc' dir='ltr'>ϐάντες</span> <span class='ocrx_word' id='word_1_580' title='bbox 2418 2364 2429 2377; x_wconf 73' lang='grc' dir='ltr'><strong><em>ο</em></strong></span> <span class='ocrx_word' id='word_1_581' title='bbox 2456 2343 2860 2399; x_wconf 86' lang='lat' dir='ltr'>Invocationis</span> <span class='ocrx_word' id='word_1_582' title='bbox 2887 2343 3087 2414; x_wconf 79' lang='lat' dir='ltr'>verba,</span> <span class='ocrx_word' id='word_1_583' title='bbox 3112 2343 3307 2415; x_wconf 88' lang='lat' dir='ltr'>inquit</span> <span class='ocrx_word' id='word_1_584' title='bbox 3334 2343 3496 2413; x_wconf 87' lang='lat' dir='ltr'>(cap.</span> <span class='ocrx_word' id='word_1_585' title='bbox 3534 2343 3622 2407; x_wconf 83' lang='lat'>27,</span> <span class='ocrx_word' id='word_1_586' title='bbox 3647 2353 3707 2393; x_wconf 92' lang='lat' dir='ltr'>n.</span> <span class='ocrx_word' id='word_1_587' title='bbox 3740 2341 3852 2405; x_wconf 61' lang='lat'>66),</span> 
     </span>
    </p>
   </div>
   <div class='ocr_carea' id='block_1_80' title="bbox 2214 2426 3860 2502">
    <p class='ocr_par' dir='ltr' id='par_1_80' title="bbox 2214 2426 3860 2502">
     <span class='ocr_line' id='line_1_80' title="bbox 2214 2426 3860 2502; baseline -0.004 -12"><span class='ocrx_word' id='word_1_588' title='bbox 2214 2450 2346 2490; x_wconf 86' lang='lat' dir='ltr'>cum</span> <span class='ocrx_word' id='word_1_589' title='bbox 2390 2434 2708 2501; x_wconf 81' lang='lat' dir='ltr'>conﬁcitur</span> <span class='ocrx_word' id='word_1_590' title='bbox 2728 2434 2906 2502; x_wconf 84' lang='lat' dir='ltr'>panis</span> <span class='ocrx_word' id='word_1_591' title='bbox 2945 2432 3322 2489; x_wconf 56' lang='lat' dir='ltr'>eucharistiae</span> <span class='ocrx_word' id='word_1_592' title='bbox 3354 2438 3407 2487; x_wconf 93' lang='lat' dir='ltr'>et</span> <span class='ocrx_word' id='word_1_593' title='bbox 3445 2430 3728 2499; x_wconf 86' lang='lat' dir='ltr'>poculum</span> <span class='ocrx_word' id='word_1_594' title='bbox 3770 2426 3860 2483; x_wconf 89' lang='lat' dir='ltr'>be-</span> 
     </span>
    </p>
   </div>
   <div class='ocr_carea' id='block_1_81' title="bbox 2215 2519 3856 2597">
    <p class='ocr_par' dir='ltr' id='par_1_81' title="bbox 2215 2519 3856 2597">
     <span class='ocr_line' id='line_1_81' title="bbox 2215 2519 3856 2597; baseline -0.007 -14"><span class='ocrx_word' id='word_1_595' title='bbox 2215 2525 2584 2595; x_wconf 84' lang='lat' dir='ltr'>nedictionis,</span> <span class='ocrx_word' id='word_1_596' title='bbox 2617 2527 2747 2597; x_wconf 87' lang='lat' dir='ltr'>quis</span> <span class='ocrx_word' id='word_1_597' title='bbox 2777 2531 3125 2581; x_wconf 87' lang='lat' dir='ltr'>sanctorum</span> <span class='ocrx_word' id='word_1_598' title='bbox 3183 2525 3245 2578; x_wconf 86' lang='lat' dir='ltr'>in</span> <span class='ocrx_word' id='word_1_599' title='bbox 3275 2524 3496 2593; x_wconf 87' lang='lat' dir='ltr'>scripto</span> <span class='ocrx_word' id='word_1_600' title='bbox 3526 2520 3688 2577; x_wconf 87' lang='lat' dir='ltr'>nobis</span> <span class='ocrx_word' id='word_1_601' title='bbox 3718 2519 3856 2574; x_wconf 87' lang='lat' dir='ltr'>reli-</span> 
     </span>
    </p>
   </div>
   <div class='ocr_carea' id='block_1_82' title="bbox 2216 2615 3861 2689">
    <p class='ocr_par' dir='ltr' id='par_1_82' title="bbox 2216 2615 3861 2689">
     <span class='ocr_line' id='line_1_82' title="bbox 2216 2615 3861 2689; baseline -0.004 -18"><span class='ocrx_word' id='word_1_602' title='bbox 2216 2617 2374 2689; x_wconf 88' lang='lat' dir='ltr'>quit?</span> <span class='ocrx_word' id='word_1_603' title='bbox 2389 2617 2510 2672; x_wconf 88' lang='lat' dir='ltr'>Nec</span> <span class='ocrx_word' id='word_1_604' title='bbox 2535 2617 2687 2671; x_wconf 89' lang='lat' dir='ltr'>enim</span> <span class='ocrx_word' id='word_1_605' title='bbox 2723 2615 2813 2670; x_wconf 87' lang='lat' dir='ltr'>his</span> <span class='ocrx_word' id='word_1_606' title='bbox 2832 2617 3097 2671; x_wconf 85' lang='lat' dir='ltr'>contenti</span> <span class='ocrx_word' id='word_1_607' title='bbox 3118 2630 3339 2679; x_wconf 86' lang='lat' dir='ltr'>sumus,</span> <span class='ocrx_word' id='word_1_608' title='bbox 3363 2628 3495 2684; x_wconf 67' lang='lat' dir='ltr'>qua.&quot;</span> <span class='ocrx_word' id='word_1_609' title='bbox 3520 2624 3861 2669; x_wconf 83' lang='lat' dir='ltr'>commemo-</span> 
     </span>
    </p>
   </div>
   <div class='ocr_carea' id='block_1_83' title="bbox 2216 2703 3859 2775">
    <p class='ocr_par' dir='ltr' id='par_1_83' title="bbox 2216 2703 3859 2775">
     <span class='ocr_line' id='line_1_83' title="bbox 2216 2703 3859 2775; baseline -0.003 -16"><span class='ocrx_word' id='word_1_610' title='bbox 2216 2712 2311 2762; x_wconf 85' lang='lat' dir='ltr'>rat</span> <span class='ocrx_word' id='word_1_611' title='bbox 2340 2705 2658 2774; x_wconf 84' lang='lat' dir='ltr'>Apostolus</span> <span class='ocrx_word' id='word_1_612' title='bbox 2690 2710 2796 2761; x_wconf 85' lang='lat' dir='ltr'>aut</span> <span class='ocrx_word' id='word_1_613' title='bbox 2820 2705 3236 2775; x_wconf 83' lang='lat' dir='ltr'>Evangelium,</span> <span class='ocrx_word' id='word_1_614' title='bbox 3260 2718 3461 2758; x_wconf 85' lang='lat' dir='ltr'>verum</span> <span class='ocrx_word' id='word_1_615' title='bbox 3492 2703 3615 2758; x_wconf 89' lang='lat' dir='ltr'>alia</span> <span class='ocrx_word' id='word_1_616' title='bbox 3636 2714 3859 2772; x_wconf 84' lang='lat' dir='ltr'>quoque</span> 
     </span>
    </p>
   </div>
   <div class='ocr_carea' id='block_1_84' title="bbox 2217 2790 3861 2867">
    <p class='ocr_par' dir='ltr' id='par_1_84' title="bbox 2217 2790 3861 2867">
     <span class='ocr_line' id='line_1_84' title="bbox 2217 2790 3861 2867; baseline -0.005 -16"><span class='ocrx_word' id='word_1_617' title='bbox 2217 2803 2357 2852; x_wconf 89' lang='lat' dir='ltr'>ante</span> <span class='ocrx_word' id='word_1_618' title='bbox 2391 2801 2447 2851; x_wconf 86' lang='lat' dir='ltr'>et</span> <span class='ocrx_word' id='word_1_619' title='bbox 2470 2801 2601 2864; x_wconf 88' lang='lat' dir='ltr'>post</span> <span class='ocrx_word' id='word_1_620' title='bbox 2646 2795 2924 2865; x_wconf 87' lang='lat' dir='ltr'>dicimus,</span> <span class='ocrx_word' id='word_1_621' title='bbox 2953 2800 3240 2867; x_wconf 87' lang='lat' dir='ltr'>tanquam</span> <span class='ocrx_word' id='word_1_622' title='bbox 3290 2793 3545 2847; x_wconf 88' lang='lat' dir='ltr'>multum</span> <span class='ocrx_word' id='word_1_623' title='bbox 3579 2790 3861 2846; x_wconf 86' lang='lat' dir='ltr'>habentia</span> 
     </span>
    </p>
   </div>
   <div class='ocr_carea' id='block_1_85' title="bbox 2215 2882 3860 2956">
    <p class='ocr_par' dir='ltr' id='par_1_85' title="bbox 2215 2882 3860 2956">
     <span class='ocr_line' id='line_1_85' title="bbox 2215 2882 3860 2956; baseline -0.005 -15"><span class='ocrx_word' id='word_1_624' title='bbox 2215 2886 2498 2941; x_wconf 86' lang='lat' dir='ltr'>momenti</span> <span class='ocrx_word' id='word_1_625' title='bbox 2552 2885 2633 2940; x_wconf 88' lang='lat' dir='ltr'>ad</span> <span class='ocrx_word' id='word_1_626' title='bbox 2687 2885 3059 2953; x_wconf 80' lang='lat' dir='ltr'>mysterium,</span> <span class='ocrx_word' id='word_1_627' title='bbox 3101 2900 3230 2956; x_wconf 57' lang='lat' dir='ltr'>qua</span> <span class='ocrx_word' id='word_1_628' title='bbox 3273 2898 3348 2938; x_wconf 72' lang='lat' dir='ltr'>ex</span> <span class='ocrx_word' id='word_1_629' title='bbox 3380 2882 3709 2937; x_wconf 87' lang='lat' dir='ltr'>traditione</span> <span class='ocrx_word' id='word_1_630' title='bbox 3744 2894 3860 2933; x_wconf 83' lang='lat' dir='ltr'>non</span> 
     </span>
    </p>
   </div>
   <div class='ocr_carea' id='block_1_86' title="bbox 2213 2971 3862 3044">
    <p class='ocr_par' dir='ltr' id='par_1_86' title="bbox 2213 2971 3862 3044">
     <span class='ocr_line' id='line_1_86' title="bbox 2213 2971 3862 3044; baseline -0.004 -13"><span class='ocrx_word' id='word_1_631' title='bbox 2213 2976 2443 3044; x_wconf 86' lang='lat' dir='ltr'>scripta</span> <span class='ocrx_word' id='word_1_632' title='bbox 2474 2975 2830 3043; x_wconf 89' lang='lat' dir='ltr'>accepimus.</span> <span class='ocrx_word' id='word_1_633' title='bbox 2860 2976 3044 3030; x_wconf 86' lang='lat' dir='ltr'>Nemo</span> <span class='ocrx_word' id='word_1_634' title='bbox 3070 2973 3375 3043; x_wconf 87' lang='lat' dir='ltr'>negaverit</span> <span class='ocrx_word' id='word_1_635' title='bbox 3395 2971 3650 3027; x_wconf 88' lang='lat' dir='ltr'>iudicari</span> <span class='ocrx_word' id='word_1_636' title='bbox 3688 2986 3724 3024; x_wconf 91' lang='lat' dir='ltr'>a</span> <span class='ocrx_word' id='word_1_637' title='bbox 3761 2971 3862 3024; x_wconf 90' lang='lat' dir='ltr'>Ba-</span> 
     </span>
    </p>
   </div>
   <div class='ocr_carea' id='block_1_87' title="bbox 2216 3059 3866 3136">
    <p class='ocr_par' dir='ltr' id='par_1_87' title="bbox 2216 3059 3866 3136">
     <span class='ocr_line' id='line_1_87' title="bbox 2216 3059 3866 3136; baseline -0.003 -17"><span class='ocrx_word' id='word_1_638' title='bbox 2216 3064 2344 3120; x_wconf 90' lang='lat' dir='ltr'>silio</span> <span class='ocrx_word' id='word_1_639' title='bbox 2390 3065 2503 3121; x_wconf 90' lang='lat' dir='ltr'>has</span> <span class='ocrx_word' id='word_1_640' title='bbox 2559 3079 2788 3136; x_wconf 87' lang='lat' dir='ltr'>preces,</span> <span class='ocrx_word' id='word_1_641' title='bbox 2822 3079 2958 3136; x_wconf 77' lang='lat' dir='ltr'>quae</span> <span class='ocrx_word' id='word_1_642' title='bbox 3014 3064 3075 3119; x_wconf 92' lang='lat' dir='ltr'>in</span> <span class='ocrx_word' id='word_1_643' title='bbox 3125 3061 3367 3132; x_wconf 83' lang='lat' dir='ltr'>liturgia</span> <span class='ocrx_word' id='word_1_644' title='bbox 3422 3062 3535 3133; x_wconf 88' lang='lat' dir='ltr'>ipsi</span> <span class='ocrx_word' id='word_1_645' title='bbox 3584 3059 3866 3116; x_wconf 77' lang='lat' dir='ltr'>attributa</span> 
     </span>
    </p>
   </div>
   <div class='ocr_carea' id='block_1_88' title="bbox 2212 3151 3863 3231">
    <p class='ocr_par' dir='ltr' id='par_1_88' title="bbox 2212 3151 3863 3231">
     <span class='ocr_line' id='line_1_88' title="bbox 2212 3151 3863 3231; baseline -0.007 -21"><span class='ocrx_word' id='word_1_646' title='bbox 2212 3153 2687 3231; x_wconf 76' lang='lat' dir='ltr'>leguntur(tom.</span> <span class='ocrx_word' id='word_1_647' title='bbox 2735 3155 2801 3221; x_wconf 86' lang='lat' dir='ltr'>II,</span> <span class='ocrx_word' id='word_1_648' title='bbox 2851 3170 2912 3225; x_wconf 92' lang='lat' dir='ltr'>p.</span> <span class='ocrx_word' id='word_1_649' title='bbox 2962 3157 3086 3215; x_wconf 84' lang='lat'>679)</span> <span class='ocrx_word' id='word_1_650' title='bbox 3124 3168 3136 3207; x_wconf 92' lang='lat'>:</span> <span class='ocrx_word' id='word_1_651' title='bbox 3182 3151 3371 3205; x_wconf 84' lang='grc' dir='ltr'>Ἐλθεῖν</span> <span class='ocrx_word' id='word_1_652' title='bbox 3430 3155 3485 3203; x_wconf 88' lang='grc' dir='ltr'>τὸ</span> <span class='ocrx_word' id='word_1_653' title='bbox 3532 3152 3740 3223; x_wconf 77' lang='grc' dir='ltr'>Πνευμά</span> <span class='ocrx_word' id='word_1_654' title='bbox 3771 3167 3863 3201; x_wconf 82' lang='grc' dir='ltr'>σου</span> 
     </span>
    </p>
   </div>
   <div class='ocr_carea' id='block_1_89' title="bbox 2212 3238 3866 3316">
    <p class='ocr_par' dir='ltr' id='par_1_89' title="bbox 2212 3238 3866 3316">
     <span class='ocr_line' id='line_1_89' title="bbox 2212 3238 3866 3316; baseline -0.004 -20"><span class='ocrx_word' id='word_1_655' title='bbox 2212 3247 2270 3302; x_wconf 86' lang='grc' dir='ltr'>τὸ</span> <span class='ocrx_word' id='word_1_656' title='bbox 2324 3244 2471 3316; x_wconf 82' lang='grc' dir='ltr'>ἅγιον</span> <span class='ocrx_word' id='word_1_657' title='bbox 2518 3242 2591 3316; x_wconf 74' lang='grc' dir='ltr'>ἐφ’</span> <span class='ocrx_word' id='word_1_658' title='bbox 2640 3244 2779 3315; x_wconf 77' lang='grc' dir='ltr'>ἡμᾶς</span> <span class='ocrx_word' id='word_1_659' title='bbox 2834 3245 2951 3302; x_wconf 80' lang='grc' dir='ltr'>τοὺς</span> <span class='ocrx_word' id='word_1_660' title='bbox 3006 3238 3225 3303; x_wconf 77' lang='grc' dir='ltr'>δούλους</span> <span class='ocrx_word' id='word_1_661' title='bbox 3285 3261 3378 3293; x_wconf 89' lang='grc' dir='ltr'>σου</span> <span class='ocrx_word' id='word_1_662' title='bbox 3444 3241 3526 3294; x_wconf 72' lang='grc' dir='ltr'>ἐπὶ</span> <span class='ocrx_word' id='word_1_663' title='bbox 3571 3242 3637 3293; x_wconf 78' lang='grc' dir='ltr'>τὰ</span> <span class='ocrx_word' id='word_1_664' title='bbox 3666 3243 3866 3312; x_wconf 86' lang='grc' dir='ltr'>προκεί-</span> 
     </span>
    </p>
   </div>
   <div class='ocr_carea' id='block_1_90' title="bbox 2216 3326 3869 3409">
    <p class='ocr_par' dir='ltr' id='par_1_90' title="bbox 2216 3326 3869 3409">
     <span class='ocr_line' id='line_1_90' title="bbox 2216 3326 3869 3409; baseline -0.005 -21"><span class='ocrx_word' id='word_1_665' title='bbox 2216 3335 2341 3409; x_wconf 83' lang='grc' dir='ltr'>μενά</span> <span class='ocrx_word' id='word_1_666' title='bbox 2396 3353 2489 3386; x_wconf 86' lang='grc' dir='ltr'>σου</span> <span class='ocrx_word' id='word_1_667' title='bbox 2550 3329 2697 3408; x_wconf 87' lang='grc' dir='ltr'>δῶρα</span> <span class='ocrx_word' id='word_1_668' title='bbox 2761 3351 2947 3399; x_wconf 79' lang='grc' dir='ltr'>ταυτα,</span> <span class='ocrx_word' id='word_1_669' title='bbox 3016 3336 3105 3383; x_wconf 86' lang='grc' dir='ltr'>καὶ</span> <span class='ocrx_word' id='word_1_670' title='bbox 3164 3331 3386 3403; x_wconf 79' lang='grc' dir='ltr'>ἁγιάσαι</span> <span class='ocrx_word' id='word_1_671' title='bbox 3450 3334 3542 3382; x_wconf 86' lang='grc' dir='ltr'>καὶ</span> <span class='ocrx_word' id='word_1_672' title='bbox 3602 3326 3869 3391; x_wconf 81' lang='grc' dir='ltr'>ἀναδεῖξαι</span> 
     </span>
    </p>
   </div>
   <div class='ocr_carea' id='block_1_91' title="bbox 2216 3422 3867 3495">
    <p class='ocr_par' dir='ltr' id='par_1_91' title="bbox 2216 3422 3867 3495">
     <span class='ocr_line' id='line_1_91' title="bbox 2216 3422 3867 3495; baseline -0.004 -19"><span class='ocrx_word' id='word_1_673' title='bbox 2216 3424 2346 3495; x_wconf 81' lang='grc' dir='ltr'>ἅγια</span> <span class='ocrx_word' id='word_1_674' title='bbox 2408 3423 2568 3495; x_wconf 84' lang='grc' dir='ltr'>ἁγίων</span> <span class='ocrx_word' id='word_1_675' title='bbox 2602 3439 2614 3451; x_wconf 82' lang='grc'><strong><em>⁸</em></strong></span> <span class='ocrx_word' id='word_1_676' title='bbox 2673 3427 2756 3473; x_wconf 75' lang='grc' dir='ltr'>καὶ</span> <span class='ocrx_word' id='word_1_677' title='bbox 2802 3425 2999 3494; x_wconf 76' lang='grc' dir='ltr'>ποιήσῃ</span> <span class='ocrx_word' id='word_1_678' title='bbox 3061 3425 3147 3472; x_wconf 87' lang='grc' dir='ltr'>τὸν</span> <span class='ocrx_word' id='word_1_679' title='bbox 3199 3423 3289 3493; x_wconf 71' lang='grc' dir='ltr'>μὲν</span> <span class='ocrx_word' id='word_1_680' title='bbox 3345 3422 3521 3494; x_wconf 78' lang='grc' dir='ltr'>ἄρτον,</span> <span class='ocrx_word' id='word_1_681' title='bbox 3550 3427 3729 3472; x_wconf 84' lang='grc' dir='ltr'>τοῦτον</span> <span class='ocrx_word' id='word_1_682' title='bbox 3784 3422 3867 3489; x_wconf 84' lang='grc' dir='ltr'>γί-</span> 
     </span>
    </p>
   </div>
   <div class='ocr_carea' id='block_1_92' title="bbox 2216 3500 3876 3583">
    <p class='ocr_par' dir='ltr' id='par_1_92' title="bbox 2216 3500 3876 3583">
     <span class='ocr_line' id='line_1_92' title="bbox 2216 3500 3876 3583; baseline -0.004 -18"><span class='ocrx_word' id='word_1_683' title='bbox 2216 3514 2396 3565; x_wconf 82' lang='grc' dir='ltr'>νεσθαι</span> <span class='ocrx_word' id='word_1_684' title='bbox 2445 3512 2515 3574; x_wconf 84' lang='grc' dir='ltr'>εἰς</span> <span class='ocrx_word' id='word_1_685' title='bbox 2565 3515 2622 3563; x_wconf 87' lang='grc' dir='ltr'>τὸ</span> <span class='ocrx_word' id='word_1_686' title='bbox 2680 3512 2828 3582; x_wconf 79' lang='grc' dir='ltr'>ἅγιον</span> <span class='ocrx_word' id='word_1_687' title='bbox 2862 3519 3014 3583; x_wconf 76' lang='grc' dir='ltr'>σῶμα</span> <span class='ocrx_word' id='word_1_688' title='bbox 3063 3509 3223 3561; x_wconf 74' lang='grc' dir='ltr'>αὐτοῦ</span> <span class='ocrx_word' id='word_1_689' title='bbox 3263 3518 3354 3561; x_wconf 87' lang='grc' dir='ltr'>τοῦ</span> <span class='ocrx_word' id='word_1_690' title='bbox 3416 3514 3610 3581; x_wconf 82' lang='grc' dir='ltr'>Κυρίου</span> <span class='ocrx_word' id='word_1_691' title='bbox 3665 3506 3725 3562; x_wconf 75' lang='grc' dir='ltr'>δέ</span> <span class='ocrx_word' id='word_1_692' title='bbox 3780 3500 3876 3559; x_wconf 80' lang='grc' dir='ltr'>καἱ</span> 
     </span>
    </p>
   </div>
   <div class='ocr_carea' id='block_1_93' title="bbox 2219 3598 3866 3673">
    <p class='ocr_par' dir='ltr' id='par_1_93' title="bbox 2219 3598 3866 3673">
     <span class='ocr_line' id='line_1_93' title="bbox 2219 3598 3866 3673; baseline -0.005 -17"><span class='ocrx_word' id='word_1_693' title='bbox 2219 3609 2351 3656; x_wconf 85' lang='grc' dir='ltr'>Θεοῦ</span> <span class='ocrx_word' id='word_1_694' title='bbox 2401 3606 2488 3653; x_wconf 86' lang='grc' dir='ltr'>καὶ</span> <span class='ocrx_word' id='word_1_695' title='bbox 2547 3608 2777 3673; x_wconf 80' lang='grc' dir='ltr'>Σωτῆρος</span> <span class='ocrx_word' id='word_1_696' title='bbox 2833 3602 2978 3673; x_wconf 80' lang='grc' dir='ltr'>ἡμῶν</span> <span class='ocrx_word' id='word_1_697' title='bbox 3032 3598 3209 3657; x_wconf 86' lang='grc' dir='ltr'>Ἰησοῦ</span> <span class='ocrx_word' id='word_1_698' title='bbox 3255 3606 3513 3673; x_wconf 80' lang='grc' dir='ltr'>Χριστοῦ,</span> <span class='ocrx_word' id='word_1_699' title='bbox 3567 3598 3633 3658; x_wconf 80' lang='grc' dir='ltr'>εἰς</span> <span class='ocrx_word' id='word_1_700' title='bbox 3682 3599 3866 3669; x_wconf 77' lang='grc' dir='ltr'>ἄφεσιν</span> 
     </span>
    </p>
   </div>
   <div class='ocr_carea' id='block_1_94' title="bbox 2219 3685 3865 3765">
    <p class='ocr_par' dir='ltr' id='par_1_94' title="bbox 2219 3685 3865 3765">
     <span class='ocr_line' id='line_1_94' title="bbox 2219 3685 3865 3765; baseline -0.004 -22"><span class='ocrx_word' id='word_1_701' title='bbox 2219 3691 2506 3765; x_wconf 79' lang='grc' dir='ltr'>ἁμαρτιῶν,</span> <span class='ocrx_word' id='word_1_702' title='bbox 2558 3694 2646 3742; x_wconf 82' lang='grc' dir='ltr'>καὶ</span> <span class='ocrx_word' id='word_1_703' title='bbox 2702 3689 2773 3751; x_wconf 86' lang='grc' dir='ltr'>εἰς</span> <span class='ocrx_word' id='word_1_704' title='bbox 2829 3690 2967 3750; x_wconf 75' lang='grc' dir='ltr'>ζωὴν</span> <span class='ocrx_word' id='word_1_705' title='bbox 3024 3692 3117 3747; x_wconf 76' lang='grc' dir='ltr'>τὴν</span> <span class='ocrx_word' id='word_1_706' title='bbox 3181 3689 3381 3740; x_wconf 81' lang='grc' dir='ltr'>αἰώνιον</span> <span class='ocrx_word' id='word_1_707' title='bbox 3429 3693 3532 3747; x_wconf 84' lang='grc' dir='ltr'>τοῖς</span> <span class='ocrx_word' id='word_1_708' title='bbox 3585 3685 3637 3749; x_wconf 80' lang='grc' dir='ltr'>ἐξ</span> <span class='ocrx_word' id='word_1_709' title='bbox 3703 3687 3865 3737; x_wconf 71' lang='grc' dir='ltr'>αὐτοῦ</span> 
     </span>
    </p>
   </div>
   <div class='ocr_carea' id='block_1_95' title="bbox 2217 3776 3868 3863">
    <p class='ocr_par' dir='ltr' id='par_1_95' title="bbox 2217 3776 3868 3855">
     <span class='ocr_line' id='line_1_95' title="bbox 2217 3776 3868 3855; baseline -0.004 -21"><span class='ocrx_word' id='word_1_710' title='bbox 2217 3780 2674 3855; x_wconf 76' lang='grc' dir='ltr'>μεταλαμϐάνουσι</span> <span class='ocrx_word' id='word_1_711' title='bbox 2709 3797 2720 3810; x_wconf 93' lang='grc'><strong>·</strong></span> <span class='ocrx_word' id='word_1_712' title='bbox 2784 3783 2840 3832; x_wconf 84' lang='grc' dir='ltr'>τὸ</span> <span class='ocrx_word' id='word_1_713' title='bbox 2910 3776 2969 3833; x_wconf 68' lang='grc' dir='ltr'>δὲ</span> <span class='ocrx_word' id='word_1_714' title='bbox 3024 3785 3266 3853; x_wconf 81' lang='grc' dir='ltr'>ποτήριον</span> <span class='ocrx_word' id='word_1_715' title='bbox 3340 3787 3512 3849; x_wconf 68' lang='grc' dir='ltr'>τοῦτο,</span> <span class='ocrx_word' id='word_1_716' title='bbox 3576 3779 3633 3829; x_wconf 88' lang='grc' dir='ltr'>τὸ</span> <span class='ocrx_word' id='word_1_717' title='bbox 3695 3781 3868 3848; x_wconf 74' lang='grc' dir='ltr'>τίμιον</span> 
     </span>
    </p>
   </div>
   <div class='ocr_carea' id='block_1_96' title="bbox 2220 3863 3873 3944">
    <p class='ocr_par' dir='ltr' id='par_1_96' title="bbox 2220 3863 3873 3944">
     <span class='ocr_line' id='line_1_96' title="bbox 2220 3863 3873 3944; baseline -0.004 -21"><span class='ocrx_word' id='word_1_718' title='bbox 2220 3873 2349 3944; x_wconf 75' lang='grc' dir='ltr'>αἷμα</span> <span class='ocrx_word' id='word_1_719' title='bbox 2400 3873 2457 3923; x_wconf 83' lang='grc' dir='ltr'>τὸ</span> <span class='ocrx_word' id='word_1_720' title='bbox 2504 3878 2600 3933; x_wconf 82' lang='grc' dir='ltr'>τῆς</span> <span class='ocrx_word' id='word_1_721' title='bbox 2659 3877 2849 3931; x_wconf 80' lang='grc' dir='ltr'>Καινῆς</span> <span class='ocrx_word' id='word_1_722' title='bbox 2887 3872 3152 3930; x_wconf 79' lang='grc' dir='ltr'>Διαοήκης</span> <span class='ocrx_word' id='word_1_723' title='bbox 3214 3868 3370 3921; x_wconf 71' lang='grc' dir='ltr'>αὐτοῦ</span> <span class='ocrx_word' id='word_1_724' title='bbox 3420 3875 3508 3920; x_wconf 81' lang='grc' dir='ltr'>τοῦ</span> <span class='ocrx_word' id='word_1_725' title='bbox 3556 3871 3752 3939; x_wconf 84' lang='grc' dir='ltr'>Κυρίου</span> <span class='ocrx_word' id='word_1_726' title='bbox 3810 3863 3873 3917; x_wconf 77' lang='grc' dir='ltr'>δε</span> 
     </span>
    </p>
   </div>
   <div class='ocr_carea' id='block_1_97' title="bbox 2218 3960 3866 4033">
    <p class='ocr_par' dir='ltr' id='par_1_97' title="bbox 2218 3960 3866 4033">
     <span class='ocr_line' id='line_1_97' title="bbox 2218 3960 3866 4033; baseline -0.003 -18"><span class='ocrx_word' id='word_1_727' title='bbox 2218 3968 2307 4015; x_wconf 81' lang='grc' dir='ltr'>καὶ</span> <span class='ocrx_word' id='word_1_728' title='bbox 2373 3966 2499 4014; x_wconf 83' lang='grc' dir='ltr'>Θεοῦ</span> <span class='ocrx_word' id='word_1_729' title='bbox 2548 3965 2637 4013; x_wconf 82' lang='grc' dir='ltr'>καὶ</span> <span class='ocrx_word' id='word_1_730' title='bbox 2694 3968 2931 4033; x_wconf 76' lang='grc' dir='ltr'>Σωτῆρος</span> <span class='ocrx_word' id='word_1_731' title='bbox 2988 3963 3132 4033; x_wconf 75' lang='grc' dir='ltr'>ἡμῶν</span> <span class='ocrx_word' id='word_1_732' title='bbox 3192 3960 3367 4017; x_wconf 88' lang='grc' dir='ltr'>Ἰησοῦ</span> <span class='ocrx_word' id='word_1_733' title='bbox 3426 3965 3683 4032; x_wconf 77' lang='grc' dir='ltr'>Χριστοῦ,</span> <span class='ocrx_word' id='word_1_734' title='bbox 3734 3960 3866 4011; x_wconf 90' lang='lat' dir='ltr'>etc.:</span> 
     </span>
    </p>
   </div>
   <div class='ocr_carea' id='block_1_98' title="bbox 2227 4050 3872 4121">
    <p class='ocr_par' dir='ltr' id='par_1_98' title="bbox 2227 4050 3872 4121">
     <span class='ocr_line' id='line_1_98' title="bbox 2227 4050 3872 4121; baseline -0.005 -13"><span class='ocrx_word' id='word_1_735' title='bbox 2227 4053 2298 4109; x_wconf 90' lang='lat' dir='ltr'>Ut</span> <span class='ocrx_word' id='word_1_736' title='bbox 2330 4054 2521 4107; x_wconf 87' lang='lat' dir='ltr'>veniat</span> <span class='ocrx_word' id='word_1_737' title='bbox 2553 4050 2812 4121; x_wconf 84' lang='lat' dir='ltr'>Spiritus</span> <span class='ocrx_word' id='word_1_738' title='bbox 2859 4056 3100 4106; x_wconf 88' lang='lat' dir='ltr'>sanctus</span> <span class='ocrx_word' id='word_1_739' title='bbox 3135 4054 3271 4104; x_wconf 85' lang='lat' dir='ltr'>tuus</span> <span class='ocrx_word' id='word_1_740' title='bbox 3294 4063 3475 4118; x_wconf 84' lang='lat' dir='ltr'>super</span> <span class='ocrx_word' id='word_1_741' title='bbox 3505 4062 3630 4113; x_wconf 80' lang='lat' dir='ltr'>nos,</span> <span class='ocrx_word' id='word_1_742' title='bbox 3674 4059 3872 4101; x_wconf 87' lang='lat' dir='ltr'>servos</span> 
     </span>
    </p>
   </div>
   <div class='ocr_carea' id='block_1_99' title="bbox 2222 4137 3875 4211">
    <p class='ocr_par' dir='ltr' id='par_1_99' title="bbox 2222 4137 3875 4211">
     <span class='ocr_line' id='line_1_99' title="bbox 2222 4137 3875 4211; baseline -0.005 -14"><span class='ocrx_word' id='word_1_743' title='bbox 2222 4148 2372 4209; x_wconf 90' lang='lat' dir='ltr'>tuos,</span> <span class='ocrx_word' id='word_1_744' title='bbox 2414 4147 2469 4197; x_wconf 90' lang='lat' dir='ltr'>et</span> <span class='ocrx_word' id='word_1_745' title='bbox 2494 4157 2676 4210; x_wconf 85' lang='lat' dir='ltr'>super</span> <span class='ocrx_word' id='word_1_746' title='bbox 2704 4142 3010 4211; x_wconf 82' lang='lat' dir='ltr'>proposita</span> <span class='ocrx_word' id='word_1_747' title='bbox 3042 4141 3164 4196; x_wconf 61' lang='lat' dir='ltr'>haec</span> <span class='ocrx_word' id='word_1_748' title='bbox 3200 4141 3359 4195; x_wconf 87' lang='lat' dir='ltr'>dona</span> <span class='ocrx_word' id='word_1_749' title='bbox 3387 4137 3875 4205; x_wconf 79' lang='lat' dir='ltr'>tua,sanctiﬁcet-</span> 
     </span>
    </p>
   </div>
   <div class='ocr_carea' id='block_1_100' title="bbox 2220 4226 3876 4302">
    <p class='ocr_par' dir='ltr' id='par_1_100' title="bbox 2220 4226 3876 4302">
     <span class='ocr_line' id='line_1_100' title="bbox 2220 4226 3876 4302; baseline -0.004 -17"><span class='ocrx_word' id='word_1_750' title='bbox 2220 4246 2331 4302; x_wconf 86' lang='lat' dir='ltr'>quc</span> <span class='ocrx_word' id='word_1_751' title='bbox 2344 4236 2396 4287; x_wconf 91' lang='lat' dir='ltr'>et</span> <span class='ocrx_word' id='word_1_752' title='bbox 2414 4230 2641 4300; x_wconf 81' lang='lat' dir='ltr'>efﬁciat</span> <span class='ocrx_word' id='word_1_753' title='bbox 2658 4244 2725 4285; x_wconf 91' lang='lat' dir='ltr'>ea</span> <span class='ocrx_word' id='word_1_754' title='bbox 2740 4235 2953 4285; x_wconf 86' lang='lat' dir='ltr'>sancta</span> <span class='ocrx_word' id='word_1_755' title='bbox 2978 4228 3429 4286; x_wconf 87' lang='lat' dir='ltr'>sanctorum.Et</span> <span class='ocrx_word' id='word_1_756' title='bbox 3452 4226 3876 4297; x_wconf 85' lang='lat' dir='ltr'>faciatpanem</span> 
     </span>
    </p>
   </div>
   <div class='ocr_carea' id='block_1_101' title="bbox 2220 4315 3881 4394">
    <p class='ocr_par' dir='ltr' id='par_1_101' title="bbox 2220 4315 3881 4394">
     <span class='ocr_line' id='line_1_101' title="bbox 2220 4315 3881 4394; baseline -0.005 -18"><span class='ocrx_word' id='word_1_757' title='bbox 2220 4322 2455 4394; x_wconf 83' lang='lat' dir='ltr'>quidem</span> <span class='ocrx_word' id='word_1_758' title='bbox 2489 4322 2666 4376; x_wconf 85' lang='lat' dir='ltr'>istum</span> <span class='ocrx_word' id='word_1_759' title='bbox 2689 4321 2824 4389; x_wconf 84' lang='lat' dir='ltr'>ﬁeri</span> <span class='ocrx_word' id='word_1_760' title='bbox 2865 4336 3081 4389; x_wconf 83' lang='lat' dir='ltr'>corpus</span> <span class='ocrx_word' id='word_1_761' title='bbox 3111 4326 3386 4376; x_wconf 86' lang='lat' dir='ltr'>sanctum</span> <span class='ocrx_word' id='word_1_762' title='bbox 3437 4318 3621 4386; x_wconf 82' lang='lat' dir='ltr'>ipsius</span> <span class='ocrx_word' id='word_1_763' title='bbox 3644 4315 3881 4371; x_wconf 88' lang='lat' dir='ltr'>Domini</span> 
     </span>
    </p>
   </div>
   <div class='ocr_carea' id='block_1_102' title="bbox 2220 4406 3876 4469">
    <p class='ocr_par' dir='ltr' id='par_1_102' title="bbox 2220 4406 3876 4469">
     <span class='ocr_line' id='line_1_102' title="bbox 2220 4406 3876 4469; baseline -0.003 -4"><span class='ocrx_word' id='word_1_764' title='bbox 2220 4412 2330 4467; x_wconf 80' lang='lat' dir='ltr'>Dei</span> <span class='ocrx_word' id='word_1_765' title='bbox 2353 4417 2406 4466; x_wconf 90' lang='lat' dir='ltr'>et</span> <span class='ocrx_word' id='word_1_766' title='bbox 2420 4412 2758 4466; x_wconf 79' lang='lat' dir='ltr'>Saluatoris</span> <span class='ocrx_word' id='word_1_767' title='bbox 2780 4411 2975 4465; x_wconf 87' lang='lat' dir='ltr'>nostri</span> <span class='ocrx_word' id='word_1_768' title='bbox 2986 4411 3125 4465; x_wconf 87' lang='lat' dir='ltr'>Jesu</span> <span class='ocrx_word' id='word_1_769' title='bbox 3143 4408 3338 4464; x_wconf 89' lang='lat' dir='ltr'>Christ</span> <span class='ocrx_word' id='word_1_770' title='bbox 3348 4408 3455 4469; x_wconf 86' lang='lat' dir='ltr'>i,in</span> <span class='ocrx_word' id='word_1_771' title='bbox 3474 4406 3876 4462; x_wconf 86' lang='lat' dir='ltr'>remissionem</span> 
     </span>
    </p>
   </div>
   <div class='ocr_carea' id='block_1_103' title="bbox 2220 4495 3883 4573">
    <p class='ocr_par' dir='ltr' id='par_1_103' title="bbox 2220 4495 3883 4573">
     <span class='ocr_line' id='line_1_103' title="bbox 2220 4495 3883 4573; baseline -0.007 -14"><span class='ocrx_word' id='word_1_772' title='bbox 2220 4507 2602 4573; x_wconf 81' lang='lat' dir='ltr'>peccatorum</span> <span class='ocrx_word' id='word_1_773' title='bbox 2643 4504 2694 4557; x_wconf 88' lang='lat' dir='ltr'>et</span> <span class='ocrx_word' id='word_1_774' title='bbox 2723 4502 2905 4555; x_wconf 86' lang='lat' dir='ltr'>vitam</span> <span class='ocrx_word' id='word_1_775' title='bbox 2938 4506 3243 4565; x_wconf 64' lang='lat' dir='ltr'>aeternam,</span> <span class='ocrx_word' id='word_1_776' title='bbox 3278 4514 3339 4555; x_wconf 74' lang='lat' dir='ltr'>ea</span> <span class='ocrx_word' id='word_1_777' title='bbox 3372 4498 3479 4553; x_wconf 91' lang='lat' dir='ltr'>illo</span> <span class='ocrx_word' id='word_1_778' title='bbox 3506 4495 3883 4566; x_wconf 71' lang='lat' dir='ltr'>participan-</span> 
     </span>
    </p>
   </div>
   <div class='ocr_carea' id='block_1_104' title="bbox 2229 4584 3887 4659">
    <p class='ocr_par' dir='ltr' id='par_1_104' title="bbox 2229 4584 3887 4659">
     <span class='ocr_line' id='line_1_104' title="bbox 2229 4584 3887 4659; baseline -0.006 -12"><span class='ocrx_word' id='word_1_779' title='bbox 2229 4592 2423 4659; x_wconf 88' lang='lat' dir='ltr'>tibus;</span> <span class='ocrx_word' id='word_1_780' title='bbox 2457 4596 2511 4646; x_wconf 90' lang='lat' dir='ltr'>et</span> <span class='ocrx_word' id='word_1_781' title='bbox 2533 4590 2777 4646; x_wconf 88' lang='lat' dir='ltr'>calicem</span> <span class='ocrx_word' id='word_1_782' title='bbox 2803 4590 2983 4655; x_wconf 90' lang='lat' dir='ltr'>hunc,</span> <span class='ocrx_word' id='word_1_783' title='bbox 3004 4590 3330 4659; x_wconf 89' lang='lat' dir='ltr'>pretiosum</span> <span class='ocrx_word' id='word_1_784' title='bbox 3356 4587 3705 4656; x_wconf 85' lang='lat' dir='ltr'>sanguinem</span> <span class='ocrx_word' id='word_1_785' title='bbox 3738 4584 3887 4638; x_wconf 85' lang='lat' dir='ltr'>novi</span> 
     </span>
    </p>
   </div>
   <div class='ocr_carea' id='block_1_105' title="bbox 2230 4674 3886 4749">
    <p class='ocr_par' dir='ltr' id='par_1_105' title="bbox 2230 4674 3886 4749">
     <span class='ocr_line' id='line_1_105' title="bbox 2230 4674 3886 4749; baseline -0.005 -13"><span class='ocrx_word' id='word_1_786' title='bbox 2230 4681 2566 4738; x_wconf 87' lang='lat' dir='ltr'>testamenti</span> <span class='ocrx_word' id='word_1_787' title='bbox 2594 4680 2777 4749; x_wconf 87' lang='lat' dir='ltr'>ipsius</span> <span class='ocrx_word' id='word_1_788' title='bbox 2808 4680 3048 4734; x_wconf 85' lang='lat' dir='ltr'>Domini</span> <span class='ocrx_word' id='word_1_789' title='bbox 3078 4679 3187 4735; x_wconf 88' lang='lat' dir='ltr'>Dei</span> <span class='ocrx_word' id='word_1_790' title='bbox 3215 4685 3267 4734; x_wconf 90' lang='lat' dir='ltr'>et</span> <span class='ocrx_word' id='word_1_791' title='bbox 3298 4677 3634 4733; x_wconf 76' lang='lat' dir='ltr'>Saluatoris</span> <span class='ocrx_word' id='word_1_792' title='bbox 3685 4674 3886 4729; x_wconf 83' lang='lat' dir='ltr'>nostri</span> 
     </span>
    </p>
   </div>
   <div class='ocr_carea' id='block_1_106' title="bbox 2226 4762 3883 4838">
    <p class='ocr_par' dir='ltr' id='par_1_106' title="bbox 2226 4762 3883 4838">
     <span class='ocr_line' id='line_1_106' title="bbox 2226 4762 3883 4838; baseline -0.005 -11"><span class='ocrx_word' id='word_1_793' title='bbox 2226 4772 2369 4827; x_wconf 85' lang='lat' dir='ltr'>Jesu</span> <span class='ocrx_word' id='word_1_794' title='bbox 2401 4770 2649 4838; x_wconf 88' lang='lat' dir='ltr'>Christi,</span> <span class='ocrx_word' id='word_1_795' title='bbox 2686 4773 2798 4824; x_wconf 89' lang='lat' dir='ltr'>etc.</span> <span class='ocrx_word' id='word_1_796' title='bbox 2828 4768 2993 4823; x_wconf 90' lang='lat' dir='ltr'>Unde</span> <span class='ocrx_word' id='word_1_797' title='bbox 3022 4776 3224 4825; x_wconf 88' lang='lat' dir='ltr'>autem</span> <span class='ocrx_word' id='word_1_798' title='bbox 3252 4764 3549 4837; x_wconf 88' lang='lat' dir='ltr'>ejusmodi</span> <span class='ocrx_word' id='word_1_799' title='bbox 3580 4778 3786 4837; x_wconf 89' lang='lat' dir='ltr'>preces</span> <span class='ocrx_word' id='word_1_800' title='bbox 3814 4762 3883 4818; x_wconf 89' lang='lat' dir='ltr'>in</span> 
     </span>
    </p>
   </div>
   <div class='ocr_carea' id='block_1_107' title="bbox 2228 4854 3887 4935">
    <p class='ocr_par' dir='ltr' id='par_1_107' title="bbox 2228 4854 3887 4935">
     <span class='ocr_line' id='line_1_107' title="bbox 2228 4854 3887 4935; baseline -0.005 -18"><span class='ocrx_word' id='word_1_801' title='bbox 2228 4861 2511 4917; x_wconf 89' lang='lat' dir='ltr'>omnibus</span> <span class='ocrx_word' id='word_1_802' title='bbox 2558 4859 2854 4928; x_wconf 87' lang='lat' dir='ltr'>Ecclesiis,</span> <span class='ocrx_word' id='word_1_803' title='bbox 2908 4859 3021 4914; x_wconf 90' lang='lat' dir='ltr'>nisi</span> <span class='ocrx_word' id='word_1_804' title='bbox 3077 4874 3148 4913; x_wconf 79' lang='lat' dir='ltr'>ex</span> <span class='ocrx_word' id='word_1_805' title='bbox 3186 4855 3517 4935; x_wconf 74' lang='lat' dir='ltr'>certissima</span> <span class='ocrx_word' id='word_1_806' title='bbox 3559 4854 3700 4921; x_wconf 86' lang='lat' dir='ltr'>ﬁde,</span> <span class='ocrx_word' id='word_1_807' title='bbox 3755 4868 3887 4926; x_wconf 83' lang='lat' dir='ltr'>qua</span> 
     </span>
    </p>
   </div>
   <div class='ocr_carea' id='block_1_108' title="bbox 2229 4943 3889 5021">
    <p class='ocr_par' dir='ltr' id='par_1_108' title="bbox 2229 4943 3889 5021">
     <span class='ocr_line' id='line_1_108' title="bbox 2229 4943 3889 5021; baseline -0.006 -14"><span class='ocrx_word' id='word_1_808' title='bbox 2229 4950 2543 5008; x_wconf 89' lang='lat' dir='ltr'>Christiani</span> <span class='ocrx_word' id='word_1_809' title='bbox 2578 4966 2788 5005; x_wconf 89' lang='lat' dir='ltr'>omnes</span> <span class='ocrx_word' id='word_1_810' title='bbox 2817 4964 3037 5021; x_wconf 86' lang='lat' dir='ltr'>panem</span> <span class='ocrx_word' id='word_1_811' title='bbox 3071 4952 3126 5003; x_wconf 89' lang='lat' dir='ltr'>et</span> <span class='ocrx_word' id='word_1_812' title='bbox 3154 4948 3363 5002; x_wconf 90' lang='lat' dir='ltr'>vinum</span> <span class='ocrx_word' id='word_1_813' title='bbox 3397 4944 3615 5001; x_wconf 87' lang='lat' dir='ltr'>mutari</span> <span class='ocrx_word' id='word_1_814' title='bbox 3661 4943 3721 4998; x_wconf 91' lang='lat' dir='ltr'>in</span> <span class='ocrx_word' id='word_1_815' title='bbox 3754 4958 3889 4998; x_wconf 87' lang='lat' dir='ltr'>cor-</span> 
     </span>
    </p>
   </div>
   <div class='ocr_carea' id='block_1_109' title="bbox 2227 5031 3889 5114">
    <p class='ocr_par' dir='ltr' id='par_1_109' title="bbox 2227 5031 3889 5114">
     <span class='ocr_line' id='line_1_109' title="bbox 2227 5031 3889 5114; baseline -0.005 -18"><span class='ocrx_word' id='word_1_816' title='bbox 2227 5056 2341 5114; x_wconf 88' lang='lat' dir='ltr'>pus</span> <span class='ocrx_word' id='word_1_817' title='bbox 2388 5045 2445 5096; x_wconf 90' lang='lat' dir='ltr'>et</span> <span class='ocrx_word' id='word_1_818' title='bbox 2483 5039 2843 5110; x_wconf 88' lang='lat' dir='ltr'>sanguinem</span> <span class='ocrx_word' id='word_1_819' title='bbox 2877 5038 3085 5095; x_wconf 86' lang='lat' dir='ltr'>Christi</span> <span class='ocrx_word' id='word_1_820' title='bbox 3136 5035 3513 5093; x_wconf 84' lang='lat' dir='ltr'>credebant?</span> <span class='ocrx_word' id='word_1_821' title='bbox 3552 5034 3656 5091; x_wconf 88' lang='lat' dir='ltr'>Cui</span> <span class='ocrx_word' id='word_1_822' title='bbox 3715 5031 3889 5088; x_wconf 88' lang='lat' dir='ltr'>enim</span> 
     </span>
    </p>
   </div>
   <div class='ocr_carea' id='block_1_110' title="bbox 2226 5125 3891 5202">
    <p class='ocr_par' dir='ltr' id='par_1_110' title="bbox 2226 5125 3891 5202">
     <span class='ocr_line' id='line_1_110' title="bbox 2226 5125 3891 5202; baseline -0.007 -16"><span class='ocrx_word' id='word_1_823' title='bbox 2226 5131 2288 5186; x_wconf 90' lang='lat' dir='ltr'>id</span> <span class='ocrx_word' id='word_1_824' title='bbox 2335 5129 2567 5202; x_wconf 88' lang='lat' dir='ltr'>precari</span> <span class='ocrx_word' id='word_1_825' title='bbox 2612 5129 2671 5184; x_wconf 91' lang='lat' dir='ltr'>in</span> <span class='ocrx_word' id='word_1_826' title='bbox 2711 5133 2973 5183; x_wconf 86' lang='lat' dir='ltr'>mentem</span> <span class='ocrx_word' id='word_1_827' title='bbox 3006 5127 3308 5183; x_wconf 87' lang='lat' dir='ltr'>venisset?</span> <span class='ocrx_word' id='word_1_828' title='bbox 3334 5125 3468 5198; x_wconf 90' lang='lat' dir='ltr'>quis</span> <span class='ocrx_word' id='word_1_829' title='bbox 3507 5125 3618 5181; x_wconf 88' lang='lat' dir='ltr'>has</span> <span class='ocrx_word' id='word_1_830' title='bbox 3648 5137 3891 5196; x_wconf 89' lang='lat' dir='ltr'>preces,</span> 
     </span>
    </p>
   </div>
   <div class='ocr_carea' id='block_1_111' title="bbox 2228 5214 3891 5292">
    <p class='ocr_par' dir='ltr' id='par_1_111' title="bbox 2228 5214 3891 5292">
     <span class='ocr_line' id='line_1_111' title="bbox 2228 5214 3891 5292; baseline -0.005 -17"><span class='ocrx_word' id='word_1_831' title='bbox 2228 5226 2517 5292; x_wconf 87' lang='lat' dir='ltr'>tanquam</span> <span class='ocrx_word' id='word_1_832' title='bbox 2546 5220 2801 5274; x_wconf 89' lang='lat' dir='ltr'>multum</span> <span class='ocrx_word' id='word_1_833' title='bbox 2828 5218 3108 5274; x_wconf 89' lang='lat' dir='ltr'>habentes</span> <span class='ocrx_word' id='word_1_834' title='bbox 3128 5214 3515 5272; x_wconf 86' lang='lat' dir='ltr'>momentiad</span> <span class='ocrx_word' id='word_1_835' title='bbox 3530 5214 3891 5286; x_wconf 86' lang='lat' dir='ltr'>mysterium</span> 
     </span>
    </p>
   </div>
   <div class='ocr_carea' id='block_1_112' title="bbox 2226 5302 3898 5377">
    <p class='ocr_par' dir='ltr' id='par_1_112' title="bbox 2226 5302 3898 5377">
     <span class='ocr_line' id='line_1_112' title="bbox 2226 5302 3898 5377; baseline -0.005 -11"><span class='ocrx_word' id='word_1_836' title='bbox 2226 5310 2564 5367; x_wconf 88' lang='lat' dir='ltr'>addidisset</span> <span class='ocrx_word' id='word_1_837' title='bbox 2591 5307 2788 5363; x_wconf 86' lang='lat' dir='ltr'>verbis</span> <span class='ocrx_word' id='word_1_838' title='bbox 2818 5306 3201 5377; x_wconf 84' lang='lat' dir='ltr'>evangelicis,</span> <span class='ocrx_word' id='word_1_839' title='bbox 3232 5306 3280 5360; x_wconf 91' lang='lat' dir='ltr'>si</span> <span class='ocrx_word' id='word_1_840' title='bbox 3304 5304 3577 5361; x_wconf 67' lang='lat' dir='ltr'>Ecclesiae</span> <span class='ocrx_word' id='word_1_841' title='bbox 3607 5302 3898 5376; x_wconf 86' lang='lat' dir='ltr'>proposi-</span> 
     </span>
    </p>
   </div>
   <div class='ocr_carea' id='block_1_113' title="bbox 2225 5396 3462 5471">
    <p class='ocr_par' dir='ltr' id='par_1_113' title="bbox 2225 5396 3462 5471">
     <span class='ocr_line' id='line_1_113' title="bbox 2225 5396 3462 5471; baseline -0.005 -14"><span class='ocrx_word' id='word_1_842' title='bbox 2225 5404 2353 5457; x_wconf 90' lang='lat' dir='ltr'>tum</span> <span class='ocrx_word' id='word_1_843' title='bbox 2384 5414 2509 5456; x_wconf 90' lang='lat' dir='ltr'>non</span> <span class='ocrx_word' id='word_1_844' title='bbox 2540 5402 2665 5457; x_wconf 86' lang='lat' dir='ltr'>erat</span> <span class='ocrx_word' id='word_1_845' title='bbox 2682 5398 3075 5455; x_wconf 87' lang='lat' dir='ltr'>mutationem</span> <span class='ocrx_word' id='word_1_846' title='bbox 3097 5396 3462 5471; x_wconf 83' lang='lat' dir='ltr'>impetrare?</span> 
     </span>
    </p>
   </div>
  </div>
