4062 6208
177 316 232 368 57

906 425 933 490 ς
969 423 1109 475 Vill.

170 564 207 616 l.
237 560 297 616 S.
323 550 913 614 Basiliitestimonia
936 547 1007 603 de
1030 547 1413 615 peccatorum
1437 530 1824 616 confessione.

235 607 299 685 ᾗ.
323 607 575 684 ‘I'iividia
598 607 660 680 et
688 624 819 680 alia
843 607 1131 691 ejusmodi
1161 619 1408 691 peccata
1433 607 1829 691 confessionis

235 673 822 769 ii};i'§&'ija7:id."iiil
848 673 960 747 “De
990 673 1236 759 peccdto
1285 673 1592 754 originali.
1628 677 1713 731 IV.
1747 673 1831 727 De

236 774 471 829 Christi
491 769 723 840 gratia.

236 903 274 954 ι.
308 896 603 964 Longius,
637 907 832 965 quam
859 887 1004 944 mihi
1044 882 1423 959 propositum
1451 881 1559 947 est,
1592 878 1834 944 tempus

170 988 561 1051 extrahet-em,
599 983 649 1037 si
682 983 745 1036 in
770 978 1053 1035 omnibus
1078 970 1430 1043 colligendis
1449 969 1832 1029 immorarer,

177 1090 535 1153 quacunque
568 1089 645 1128 ex
673 1073 731 1128 S.
757 1068 951 1126 Basilii
974 1065 1259 1138 operibus
1287 1060 1368 1116 ad
1390 1058 1679 1127 dogmata
1700 1065 1837 1106 con-

178 1146 601 1224 ﬁrmandaerui
616 1159 1102 1235 possunt.Quare
1120 1155 1279 1209 hanc
1307 1150 1593 1206 ﬁniemus
1614 1146 1839 1217 pertra-

179 1258 485 1313 ctationem
518 1240 821 1325 appositis
842 1248 915 1304 de
942 1249 1332 1320 peccatorum
1356 1230 1837 1301 confessione,de

170 1354 402 1421 peccato
436 1323 729 1414 originali
769 1346 829 1395 et
850 1339 922 1393 de
946 1335 1153 1393 Christi
1179 1331 1369 1403 gratia
1388 1323 1768 1385 testimoniis.

227 1454 686 1511 Confessionem
736 1450 1138 1521 peccatorum
1170 1435 1569 1497 necessariam
1603 1445 1731 1487 esse
1761 1427 1839 1483 ad

177 1544 413 1600 veniam
443 1559 481 1597 a
512 1542 634 1596 Deo
657 1519 1163 1607 consequendam
1187 1531 1360 1585 docet
1387 1523 1633 1581 Basilius
1654 1520 1713 1574 in
1734 1519 1839 1573 ho-

173 1634 283 1689 mil.
309 1635 377 1687 in
410 1630 583 1701 psal.
610 1643 801 1684 χχχιιι
838 1605 978 1679 Vult
1013 1624 1103 1678 tui
1126 1615 1619 1684 misererijudezr.
1645 1605 1839 1701 inquit

168 1696 600 1793 (p.134),teque
620 1716 1069 1771 miserationum
1098 1724 1346 1765 suarum
1368 1706 1574 1773 facere
1592 1696 1836 1769 partici-

173 1789 325 1882 pem;
355 1811 414 1865 si
439 1789 621 1863 modo
636 1811 770 1874 post
791 1807 1102 1873 peccatum
1128 1794 1415 1866 repererit
1449 1799 1502 1847 te
1530 1789 1834 1848 humilem,

166 1901 518 1959 contritum,
535 1910 733 1966 prava
757 1907 940 1961 opera
960 1890 1215 1945 multum
1230 1885 1746 1953 deplorantem,ac
1767 1888 1835 1930 ea

167 1989 465 2061 querelam
489 1986 664 2055 facta
684 1991 822 2037 sunt
850 1981 1231 2049 evulgantem
1251 1971 1839 2041 citrapudorem,ro-

166 2056 396 2149 gantem
424 2077 664 2145 fratres
685 2072 795 2127 tibi
825 2076 889 2125 ut
921 2070 1039 2123 sint
1065 2067 1423 2135 adjumento
1445 2060 1525 2115 ad
1545 2056 1842 2149 accipien-

167 2142 291 2223 dam
322 2142 659 2220 medelam.
706 2163 769 2215 In
803 2159 1048 2228 Regalis
1100 2151 1472 2211 brevioribus
1512 2148 1643 2202 haec
1675 2142 1843 2199 insti'

171 2252 623 2327 tniturqueestio
642 2252 876 2324 (quaest.
901 2248 1027 2314 229)
1055 2263 1067 2299 :
1096 2246 1307 2301 Utrum
1332 2242 1604 2310 oporteat
1629 2237 1844 2290 vetitas

178 2348 431 2401 actiones
461 2344 622 2398 citra
670 2336 1090 2396 verecundiam
1135 2330 1409 2389 omnibus
1441 2328 1732 2396 detegere,
1765 2336 1845 2376 an

181 2435 481 2507 aliquibus
504 2432 819 2486 duntaxat
841 2445 853 2481 :
872 2432 925 2482 et
947 2427 1193 2496 quinam
1222 2422 1285 2476 hi
1314 2421 1433 2474 sint
1460 2417 1577 2471 :sie
1595 2426 1842 2483 respon-

178 2506 277 2580 det
298 2528 355 2580 S.
389 2520 649 2577 Basilius
676 2535 687 2572 :
714 2515 1023 2573 Servanda
1044 2518 1127 2569 est
1154 2510 1310 2566 ratio
1335 2508 1541 2564 eadem
1564 2506 1625 2559 in
1636 2514 1845 2572 pecca-

191 2620 377 2667 torum
433 2610 828 2678 confessione,
894 2618 1025 2676 quce
1076 2604 1140 2657 in
1189 2596 1529 2668 detegendis
1580 2590 1846 2660 corporis

194 2702 409 2757 morbis
439 2698 782 2755 adhibetur.
814 2689 1310 2762 Quemadmodum
1352 2688 1542 2756 igitur
1580 2679 1846 2750 corporis

196 2791 426 2846 morbos
454 2804 572 2844 non
607 2784 886 2842 omnibus
911 2781 1290 2853 patefaczunt
1334 2775 1618 2834 homines,
1658 2782 1847 2839 neque

186 2881 515 2954 quibusvis,
545 2878 650 2933 sed
694 2876 766 2930 iis
809 2874 914 2945 qui
964 2872 1176 2927 horum
1217 2867 1626 2922 curandorum
1662 2860 1850 2929 periti

177 2950 311 3026 sunt
341 2988 365 3027 .·
394 2971 480 3025 ita
516 2967 650 3036 ﬁeri
677 2977 912 3037 quoque
939 2961 1105 3017 debet
1136 2962 1521 3028 peccatorum
1560 2950 1847 3017 confessio

177 3076 375 3115 coram
410 3061 484 3113 iis
506 3058 610 3128 qui
633 3067 852 3110 curare
899 3052 1024 3107 haec
1064 3049 1311 3119 possint,
1345 3047 1526 3114 prout
1555 3041 1847 3108 scriptum

175 3157 254 3206 est
272 3168 284 3203 :
303 3172 331 3196 ‹‹
349 3151 469 3203 Vos
492 3148 599 3219 qui
614 3147 807 3217 fortes
826 3142 984 3210 estis,
1008 3138 1390 3207 inﬁrmitates
1405 3132 1689 3189 debilium
1711 3144 1847 3197 por—

175 3242 383 3307 tate“,
416 3260 441 3285 »ν
478 3238 588 3291 hoc
636 3241 739 3303 est,
774 3246 924 3288 cura
956 3245 1027 3286 ac
1054 3227 1379 3296 diligentia
1405 3227 1605 3279 vestra
1633 3219 1843 3274 tollite-

176 3328 408 3384 Similis
438 3330 529 3381 est
557 3324 804 3396 quaestio
832 3324 938 3377 288
966 3335 978 3371 :
1006 3318 1120 3385 Qui
1148 3316 1279 3371 vult
1311 3312 1580 3380 conﬁteri
1598 3313 1849 3379 peccata

176 3433 317 3485 sua,
347 3416 597 3471 debetne
638 3412 900 3481 conﬁteri
947 3407 1221 3464 omnibus
1268 3410 1320 3460 et
1352 3398 1733 3474 quibuslibet,
1769 3413 1848 3453 an

179 3505 373 3560 certis
402 3500 787 3574 quibusdam?
825 3499 918 3555 Sic
948 3493 1277 3567 respondet
1315 3490 1564 3547 Basilius
1597 3505 1610 3544 :
1646 3488 1850 3544 Consi-

182 3595 341 3649 lium
378 3590 760 3659 benignitatis
801 3589 912 3643 Dei
940 3589 1001 3641 in
1036 3580 1425 3654 peccantibus
1464 3578 1848 3647 manifestum

174 3688 281 3749 est,
304 3685 508 3751 juxta
536 3679 602 3734 id
622 3678 781 3749 quod
800 3676 1085 3746 scriptum
1107 3679 1189 3729 est
1217 3690 1278 3726 ;‹‹
1303 3672 1434 3739 Non
1457 3669 1585 3724 volo
1604 3671 1851 3721 mortem

172 3771 539 3841 peccatoris,
569 3769 674 3824 sed
718 3774 781 3822 ut
830 3768 1220 3821 convertatur
1266 3762 1411 3830 ipse,
1447 3764 1500 3814 et
1537 3758 1696 3813 vivat
1719 3755 1789 3811 3“.
1824 3776 1851 3802 ››

176 3863 477 3929 Quoniam
514 3861 707 3931 igitur
733 3856 1103 3927 pmnitentiw
1154 3852 1367 3908 modus
1408 3849 1577 3904 debet
1610 3850 1853 3915 peccato

171 3967 531 4024 congruere,
547 3966 623 4007 ac
645 3951 824 4006 etiam
848 3963 995 4016 opus
1014 3951 1097 4001 est
1118 3943 1425 4014 fructibus
1444 3939 1643 4007 dignis
1668 3934 1853 4007 poeni,

175 4046 617 4113 tentice.juxta
648 4042 809 4095 hanc
833 4039 1210 4104 sententiam,
1230 4058 1255 4083 ‹‹
1279 4035 1485 4089 Facite
1503 4033 1742 4101 fructus
1758 4029 1851 4083 di-

168 4151 316 4203 gnos
346 4130 802 4203 pcenitentiae”,
822 4150 847 4177 υ
874 4133 937 4181 ut
960 4141 1032 4182 ne
1052 4128 1356 4195 fructuum
1376 4122 1632 4191 penuria
1663 4120 1856 4173 locum

172 4225 441 4280 habeant
474 4236 560 4277 eae
583 4236 714 4290 qum
736 4217 1178 4295 subsequuntur
1202 4214 1433 4268 minam
1450 4208 1852 4279 Nam,inquitv

169 4317 359 4370 omnis
384 4312 583 4369 arbor
608 4325 729 4364 non
747 4309 982 4378 faciens
1002 4306 1274 4374 fructum
1303 4302 1537 4369 bonum,
1562 4298 1857 4355 exscindi-

172 4412 288 4469 tur,
310 4411 370 4460 et
406 4404 478 4457 in
520 4403 719 4470 ignem
751 4398 1015 4452 mittitur
1032 4396 1109 4461 3'5;
1146 4416 1172 4441 »
1206 4398 1455 4461 peccata
1486 4392 1556 4445 iis
1589 4390 1861 4457 conﬁteri

172 4508 406 4549 necesse
428 4496 547 4555 est,
577 4487 792 4559 quibus
814 4485 1241 4555 mysteriorum
1266 4482 1377 4536 Dei
1404 4480 1743 4535 concredita
1771 4479 1859 4532 di-

172 4585 493 4652 spensatio
521 4578 687 4635 est”.
727 4577 831 4633 Sic
862 4576 1017 4631 enim
1070 4581 1123 4628 et
1155 4573 1261 4643 qui
1282 4571 1421 4627 olim
1443 4570 1855 4639 pcenitentiam

172 4677 461 4743 egerunt,
492 4682 693 4723 coram
718 4666 945 4721 sanctis
975 4663 1191 4733 fecisse
1215 4658 1859 4729 compertuntur.Scri.

172 4771 337 4831 ptum
354 4766 453 4817 est
468 4758 650 4827 enim,
670 4759 733 4811 in
755 4754 1088 4824 Evangelia
1104 4751 1413 4822 quidem“),
1434 4748 1593 4820 quod
1609 4753 1859 4816 peccata

175 4869 272 4909 sua
294 4849 552 4908 Joanni
571 4848 866 4916 Baptista-
884 4842 1357 4911 conﬁtebantur;
1382 4842 1440 4893 in
1465 4842 1509 4894 Α
1523 4840 1630 4894 etis
1646 4838 1802 4893 vero‘
1817 4839 1855 4897 ¹,

176 4941 481 5011 apostolis
534 4937 719 5005 ipsis,
780 4950 815 4990 a
867 4934 1083 5005 quibus
1145 4931 1324 4986 etiam
1390 4928 1859 4997 baptizabantur

175 5034 401 5089 cuncti.
441 5027 593 5082 Vide
619 5023 1128 5081 commentarium
1160 5022 1221 5076 in
1260 5021 1496 5088 Isaiam,
1531 5034 1592 5089 p.
1626 5021 1746 5072 553.

235 5144 435 5211 Negat
489 5134 924 5201 Scultetus(t7)
950 5147 1017 5185 ex
1060 5129 1153 5185 his
1183 5128 1332 5184 locis
1372 5125 1692 5199 specialem
1725 5140 1856 5197 pee-

176 5236 461 5286 catorum
498 5222 1025 5280 enumerationem
1056 5223 1157 5276 aut
1184 5215 1584 5273 confessionis
1604 5213 1857 5270 necessi-

247 5426 294 5459 ³⁵
337 5427 527 5480 Rom.
562 5436 658 5486 xv,
696 5424 714 5473 1
747 5437 759 5481 ;
796 5416 922 5474 Gal.
951 5432 1024 5478 vx,
1058 5419 1113 5470 2.

188 5511 260 5566 ιιι,
292 5502 351 5553 6.
444 5496 487 5529 ⁸¹
522 5495 651 5549 Act.
681 5507 790 5552 xxx,
825 5493 876 5544 8.

254 5625 369 5689 (t7)
418 5618 658 5675 Medul.
688 5614 895 5685 theol.,
931 5616 1084 5685 part.
1121 5627 1198 5676 ιν,
1229 5624 1292 5683 p.
1317 5614 1441 5667 236.

1190 5415 1237 5450 3°
1272 5413 1477 5469 Ezech.
1511 5427 1699 5474 xxxm,
1738 5416 1826 5489 ll.

1695 270 2077 335 PREFATIO.

1860 396 1907 455 Α
1940 401 2122 454 tatem
2143 399 2270 456 erui
2287 415 2492 473 posse.
2513 400 2626 458 Sed
2640 397 2922 457 eludendi
2940 399 3143 456 locum
3165 414 3288 456 non
3310 399 3595 471 relinquit

3523 266 3590 337 38

1938 488 2195 559 petitum
2213 506 2285 545 ex
2306 489 2609 562 corporeis
2641 489 2869 544 morbis
2882 490 3250 562 exemplum,
3270 495 3394 545 tum
3410 490 3591 545 etiam

1939 579 2105 650 quod
2133 580 2213 635 ait
2244 580 2489 635 Basilius
2532 579 2893 651 pcnnitentia:
2920 579 3305 652 imponendae
3337 580 3589 634 modum

1939 674 2187 742 peccato
2214 685 2544 738 congruere
2567 668 2808 724 debere.
2826 669 3138 733 Quomodo
3156 670 3317 724 enim
3341 669 3592 724 morbus

1941 760 2127 815 animi
2149 759 2473 816 curabitur.
2493 759 2536 814 si
2562 764 2950 831 peccatorum
2986 774 3275 813 numerus
3302 763 3357 813 et
3382 773 3624 828 graves-

1942 850 2405 907 circumstantiae
2427 849 2732 905 celentur?
2754 848 3594 920 autquomodopoenapecca-

1941 947 2142 997 torum
2168 955 2422 995 numero
2461 944 2517 994 et
2546 938 2952 1009 magnitudini
2992 943 3302 1007 congruet,
3328 938 3443 992 nisi
3474 938 3595 993 sin-

1944 1031 2087 1101 gula
2118 1036 2365 1101 peccata
2412 1034 2467 1083 et
2515 1028 2980 1085 circumstantiae
3014 1027 3407 1100 aperiantur?
3448 1026 3597 1081 Illud

1947 1130 2167 1191 autem,
2203 1129 2292 1181 τῆς
2320 1120 2635 1192 ἐπισνροφῆς
2662 1122 2686 1171 ὀ
2714 1124 2924 1194 τρόπος,
2954 1119 3122 1174 reddi
3172 1117 3373 1185 debet,
3408 1118 3600 1187 paeni-

1948 1214 2148 1271 tentia:
2178 1210 2548 1278 imponendae
2590 1210 2819 1272 modus,
2852 1210 2942 1265 vel
2980 1223 3175 1277 pcence
3205 1208 3412 1262 modus
3446 1225 3458 1261 :
3485 1205 3603 1261 mi-

1947 1302 2107 1356 nime
2135 1316 2300 1367 vero,
2324 1301 2728 1355 conversionis
2760 1300 2984 1354 modus.
3022 1302 3181 1354 Hanc
3204 1297 3363 1352 enim
3384 1297 3443 1352 in
3468 1310 3599 1351 sen-

1949 1391 2194 1447 tentiam
2228 1389 2512 1460 usurpari
2543 1389 2690 1444 solet
2717 1404 2788 1443 ea
2828 1405 2945 1443 vox
2976 1389 3034 1443 in
3075 1387 3377 1458 ejusmodi
3405 1387 3552 1442 locis
3585 1401 3598 1440 :

1947 1482 2118 1551 cujus
2134 1481 2218 1534 rei
2244 1480 2435 1534 multa
2455 1483 2787 1550 suppetunt
2806 1478 2970 1550 apud
2998 1478 3278 1533 Basilium
3300 1475 3599 1547 exempla,

1947 1576 2011 1627 ut
2036 1572 2097 1627 in
2124 1572 2300 1643 epist.
2336 1575 2423 1626 73.
2478 1573 2716 1625 Frustra
2747 1584 2889 1637 ergo
2941 1567 3234 1625 Scultetus
3274 1564 3603 1621 conﬁtendi

1948 1662 2386 1725 necessitatem,
2412 1660 2486 1715 de
2515 1675 2640 1732 qua
2690 1659 2752 1713 in
2804 1662 3015 1729 quaest.
3048 1661 3151 1712 288
3183 1656 3398 1726 agitur,
3436 1655 3497 1709 in
3531 1669 3602 1709 eo

1865 1748 1908 1804 B
1947 1754 2207 1826 positam
2262 1767 2391 1806 esse
2441 1748 2768 1814 contendit,
2802 1747 2989 1819 quod,
3051 1747 3099 1801 si
3149 1746 3284 1818 quis
3334 1742 3605 1800 conﬁteri

1948 1842 2089 1897 velit
2117 1846 2383 1913 peccata,
2416 1838 2697 1911 quamvis
2729 1836 2977 1892 necesse
3006 1836 3065 1891 id
3096 1851 3219 1890 non
3252 1834 3348 1902 sit,
3398 1835 3448 1889 is
3482 1847 3603 1889 non

1951 1932 2079 1988 aliis
2100 1930 2369 1985 conﬁteri
2396 1928 2632 1995 debeat,
2664 1942 2848 1998 quam
2900 1924 2969 1979 iis
2998 1924 3221 1996 quibus
3268 1924 3491 1979 credita
3516 1925 3605 1977 est

1951 2021 2320 2093 dispensatio
2342 2017 2764 2091 mysteriorum
2784 2015 2904 2070 Dei.
2924 2015 2979 2071 Si
3002 2014 3298 2069 confessio
3310 2013 3605 2083 cujusque

1951 2110 2199 2166 arbitrio
2230 2108 2522 2181 permissa
2557 2109 2735 2170 esset,
2764 2121 2872 2160 nee
2914 2104 3035 2159 ulla
3078 2107 3237 2157 esset
3279 2098 3604 2157 confitendi
3650 2132 3655 2135 ι

1950 2198 2306 2263 necessitas;
2344 2197 2531 2252 satias
2569 2195 2759 2250 multo
2784 2210 2855 2249 ac
2884 2193 3065 2249 tutius
3097 2189 3431 2263 foretapud
3459 2203 3601 2261 pru-

1952 2290 2161 2345 dentes
2192 2304 2261 2343 ac
2292 2287 2508 2359 pietate
2540 2284 2805 2355 insignes
2834 2284 2997 2338 viros
3036 2284 3285 2354 peccata
3313 2276 3603 2344 conﬁteri,

1953 2396 2137 2452 quam
2153 2376 2320 2450 apud
2341 2375 2747 2448 presbyteros,
2763 2373 2868 2445 qui
2886 2388 3007 2428 non
3029 2385 3270 2442 semper
3287 2365 3608 2441 prudentia

1955 2484 2024 2524 ac
2050 2469 2270 2540 pietate
2301 2465 2617 2521 excellunt.
2662 2465 2853 2528 Quare
2895 2460 3170 2525 Basilius,
3202 2474 3341 2513 cum
3382 2456 3462 2512 ait
3500 2468 3608 2510 ne-

1956 2575 2119 2613 cesse
2152 2572 2281 2612 esse
2305 2561 2555 2627 peccata
2585 2554 2656 2608 iis
2690 2551 2981 2622 conﬁteri,
3016 2550 3239 2623 quibus
3269 2545 3493 2604 credita
3518 2546 3610 2600 est

1955 2646 2327 2719 dispensatio
2357 2645 2782 2717 mysteriorum
2816 2642 2935 2705 Dei,
2971 2640 3152 2696 simul
3183 2644 3238 2694 et
3276 2633 3607 2693 confessio-

1953 2754 2095 2793 nem
2156 2734 2386 2808 peccati
2441 2732 2848 2789 necessariam
2888 2745 3038 2796 esse,
3091 2733 3147 2783 et
3193 2723 3609 2799 paenitentiam

1953 2827 2108 2883 inter
2138 2828 2521 2880 sacramenta
2565 2820 3012 2877 numerandam
3039 2833 3171 2873 esse
3202 2813 3599 2871 demonstrat.

2029 2934 2185 2989 Mitto
2211 2930 2857 2987 aliam‘cavillationem
2887 2926 3142 2992 Sculteti,
3181 2923 3284 2996 qui
3315 2934 3611 2987 memora-

1958 3030 2048 3081 tas
2092 3039 2127 3078 a
2172 3024 2224 3079 S.
2279 3021 2491 3076 Basilio
2544 3024 2931 3092 peccatorum
2999 3014 3405 3071 confessiones
3471 3011 3609 3064 ante

1880 3098 1919 3153 (ἶ
1961 3114 2354 3186 baptismum.
2380 3126 2489 3165 nec
2515 3108 2897 3181 praescriptas
2930 3106 3134 3169 fuisse,
3177 3118 3285 3158 nec
3336 3097 3610 3168 singulo-

1956 3185 2091 3259 rum
2114 3205 2500 3273 peccatorum
2526 3196 3043 3253 enumerationem
3063 3191 3349 3248 habuisse
3381 3185 3610 3259 objicit.

1957 3298 2029 3349 At
2075 3291 2323 3346 minime
2366 3288 2587 3360 probat
2616 3287 2708 3342 his
2735 3283 3026 3357 exemplis
3058 3283 3143 3338 uti
3173 3296 3296 3337 non
3325 3277 3611 3334 debuisse

1958 3380 2263 3443 Basilium,
2309 3383 2374 3433 ut
2417 3377 2494 3432 ad
2546 3375 2959 3449 praescriptam
2998 3390 3035 3428 a
3075 3371 3305 3428 Christo
3336 3366 3613 3424 omnium

1957 3476 2344 3545 peccatorum
2377 3450 2823 3523 confessionem
2853 3465 3214 3528 hortaretur,
3242 3464 3298 3516 et
3333 3475 3367 3513 a
3425 3470 3612 3529 pravo

1958 3561 2189 3632 pudore
2219 3562 2518 3615 avocaret.

2034 3669 2222 3724 Utitur
2265 3667 2442 3722 etiam
2490 3665 2784 3721 Scultetus
2835 3661 3047 3732 regula
3084 3659 3356 3714 breviore
3400 3658 3519 3722 110,
3551 3652 3613 3706 in

1960 3775 2082 3829 qua
2112 3756 2474 3828 prteeipitur,
2507 3758 2571 3807 ut
2612 3752 2869 3823 virgines
2926 3765 3032 3822 per
3075 3747 3445 3820 prmfectam,
3487 3740 3612 3795 sive

1963 3847 2257 3902 seniorem
2290 3863 2465 3901 suam
2497 3845 2849 3917 presbytero
2882 3839 3301 3895 conﬁteantur.
3350 3832 3464 3889 Sed
3498 3830 3615 3885 hoc

1961 3936 2172 3993 vitium
2228 3936 2607 4008 superiorum
2663 3932 2995 3987 editionum
3045 3930 3105 3984 in
3137 3928 3249 3982 hac
3278 3920 3616 3979 novissima

1964 4026 2349 4082 emendatum
2364 4029 2594 4095 est,nec
2622 4022 2953 4095 quidquam
2974 4018 3136 4074 aliud
3163 4013 3433 4088 praecipit
3456 4008 3616 4065 Basi-

1962 4116 2098 4177 lius,
2118 4114 2232 4170 nisi
2255 4119 2318 4169 ut
2338 4113 2495 4168 adsit
2529 4112 2732 4168 decori
2762 4125 2949 4165 causa
2980 4108 3265 4180 praetecta
3297 4101 3613 4172 virginum,

1964 4205 2112 4260 dum
2142 4220 2377 4260 sorores
2420 4202 2781 4258 conﬁtentur
2822 4198 3201 4271 presbytero.
3246 4192 3407 4248 Idem
3442 4194 3617 4244 antea

1966 4294 2421 4366 praescripserat
2450 4292 2509 4347 in
2540 4306 2664 4360 reg.
2702 4292 2822 4359 108,
2872 4292 2937 4342 ut
2985 4286 3323 4358 praefectus,
3369 4278 3616 4366 absente

1968 4365 2268 4456 praefecte,
2300 4399 2439 4438 cum
2470 4380 2779 4436 sororibus
2810 4378 2884 4433 de
2908 4376 3091 4432 rebus
3136 4373 3213 4428 ad
3258 4370 3396 4425 ﬁdei
3427 4365 3616 4422 aedili-

1969 4474 2267 4529 cationem
2290 4469 2723 4545 pertinentibus
2751 4483 2872 4523 non
2898 4467 3199 4537 loquatur.
3234 4462 3347 4518 Sed
3385 4474 3459 4514 ne
3481 4472 3617 4530 pec-

1970 4569 2243 4620 catorum
2275 4562 2573 4617 confessio
2623 4558 2816 4630 excipi
2869 4556 3089 4612 debere
3123 4552 3446 4616 videretur,
3479 4546 3618 4602 huic

1968 4654 2048 4709 rei
2083 4652 2524 4708 occurrendum
2556 4666 2685 4706 esse
2715 4648 2903 4704 duxit.

2041 4765 2205 4817 Hanc
2262 4760 2460 4815 Basilii
2514 4757 2852 4814 doctrinam
2896 4754 3260 4811 conﬁrmant
3290 4755 3405 4803 tres
3462 4745 3619 4800 illius

1968 4850 2233 4924 epistolae
2262 4848 2587 4914 canonicze,
2622 4863 2758 4919 qua:
2808 4845 2955 4900 dum
2999 4842 3194 4898 varias
3234 4840 3618 4911 peccatorum

1969 4942 2197 5014 species
2243 4946 2300 4995 et
2352 4938 2577 5009 gradus
2626 4939 2905 4994 accurate
2936 4934 3401 5006 persequuntur,
3431 4938 3619 4997 quam

1968 5011 2128 5087 arcte
2180 5035 2483 5084 servatum
2524 5026 2699 5081 fuerit
2747 5020 3071 5079 conﬁtendi
3115 5022 3483 5091 praeceptum
3515 5011 3618 5065 de-

1966 5124 2344 5184 monstrant;
2378 5122 2729 5189 quantaque
2777 5110 3060 5169 exstiterit
3097 5109 3519 5181 episcoporum
3556 5099 3618 5153 in

1967 5209 2228 5284 peccatis
2259 5223 2365 5279 pro
2398 5188 2610 5262 merito
2638 5188 2975 5277 puniendis
3005 5197 3331 5267 diligentia.
3366 5188 3618 5247 Mulieris

2803 5400 2849 5433 ⁸9
2882 5400 2901 5453 l
2934 5398 3063 5452 Cor.
3098 5407 3171 5456 tv,
3212 5393 3256 5443 l.
3336 5387 3382 5420 ⁴⁰
3415 5384 3614 5442 Matth.

1917 5412 1963 5445 ³⁷
1999 5412 2135 5465 Luc.
2165 5424 2247 5477 lu,
2282 5409 2335 5463 8.
2413 5405 2459 5438 ³⁸
2488 5401 2640 5458 lbid.
2673 5404 2724 5456 9.
