4062 6208
449 287 514 341 59
1961 281 2343 338 PBAEFATIO.
3795 295 3863 348 eo

444 406 731 465 adulterae
772 409 890 483 (ep.
917 413 1042 479 200,
1075 426 1210 469 can.
1253 414 1366 479 34),
1406 411 1500 468 vel
1538 415 1751 484 sponte
1779 407 2091 480 confessae,

2216 404 2552 469 ἐξιλάσασθαι
2583 410 2766 471 πάθος’
2803 409 2920 476 Qui
2945 416 3145 467 autem
3179 411 3397 468 latenti
3425 411 3733 470 ablatione
3757 415 3865 471 sibi

443 496 535 552 vel
561 498 870 571 convicta-‘2,
906 516 1027 555 non
1057 500 1484 572 percurrebant
1509 500 1705 556 varios
1736 499 2097 572 poenitentiae

445 587 696 657 gradus,
727 589 831 644 sed
860 588 1012 645 inter
1058 590 1454 646 consistentes
1486 596 1721 663 tempus
1753 589 2095 662 explebant.

449 676 659 734 Cautio
687 680 846 734 enim
878 686 1002 736 erat
1030 696 1104 735 ne
1142 681 1202 736 in
1236 681 1567 754 periculum
1608 686 1818 737 mortis
1847 680 2100 750 conjice-

409 771 672 838 -rentur,
709 767 755 823 si
807 774 1124 840 peccatum
1177 770 1546 840 vulgaretur.
1596 771 1734 838 Sed,
1767 769 1818 825 si
1865 769 2099 824 nullum

449 862 578 912 erat
625 856 944 912 confitendi
985 863 1042 914 et
1091 860 1382 931 puniendi
1431 861 1662 932 peccati
1705 863 2098 932 praeceptum,

448 961 554 1000 cur
580 961 703 1000 non
732 947 834 1002 illa
871 949 1051 1004 etiam
1091 949 1505 1006 remittebatur
1525 950 1678 1005 inter
1707 949 2102 1005 consistentes

386 1105 393 1112 ι
447 1035 816 1106 pmnitentia,
859 1055 994 1109 quae
1042 1039 1308 1112 periculo
1356 1056 1604 1112 prorsus
1641 1055 1763 1094 non
1812 1037 2103 1094 carebat?

447 1141 554 1180 cur
602 1125 739 1181 furti
788 1134 906 1199 (ep.
953 1133 1076 1195 217,
1110 1145 1243 1185 can.
1279 1133 1371 1194 61)
1410 1129 1718 1185 convictus
1751 1128 1938 1201 duplo
1966 1144 2102 1198 gra-

445 1213 672 1268 viorem
708 1231 955 1286 poenam
996 1218 1348 1288 sustinebat,
1381 1234 1569 1290 quam
1613 1223 1828 1289 sponte
1869 1217 2102 1272 confes-

449 1304 590 1358 sus?
632 1307 819 1361 Nemo
863 1323 1114 1378 prorsus
1167 1308 1246 1364 ab
1285 1309 1401 1364 hac
1439 1309 1569 1377 lege
1617 1308 2101 1364 conﬁtendorum

446 1399 834 1464 peccatorum
867 1393 1175 1453 immunis.
1217 1398 1543 1470 Presbyteri
1575 1403 1632 1454 et
1660 1398 1899 1453 diaconi
1939 1406 2097 1462 (can.

446 1484 562 1552 70),
593 1483 699 1555 qui
747 1501 809 1540 se
850 1486 1026 1541 labiis
1083 1494 1255 1542 tenus
1306 1503 1599 1560 peccasse
1635 1487 2097 1555 conﬁtebantur,

447 1573 1019 1645 excidebantgradu
1041 1594 1150 1632 suo
1183 1595 1196 1632 :
1227 1594 1297 1632 ac
1329 1593 1402 1632 ne
1433 1577 1545 1633 illis
1563 1578 1804 1650 quidem
1822 1593 2098 1632 commu-

445 1663 547 1718 nio
587 1680 724 1718 cum
763 1666 1129 1737 presbyteris
1170 1673 1273 1722 aut
1314 1668 1585 1722 diaconis
1624 1667 2096 1741 relinquebatur,

447 1751 497 1806 si
525 1752 674 1822 quid
699 1754 960 1824 amplius
991 1770 1274 1826 peccasse
1304 1756 1917 1828 deprehenderentur.

517 1860 581 1912 ll.
615 1863 674 1912 In
728 1859 821 1914 his
862 1862 1201 1916 canonibus
1260 1863 1545 1918 avaritite.
1580 1863 1818 1919 invidiae
1864 1869 1921 1919 et
1967 1864 2099 1920 aliis

444 1948 745 2018 ejusmodi
799 1949 951 2005 vitiis
1004 1951 1184 2007 nullae
1237 1953 1598 2008 nominatim
1653 1955 2100 2010 constituuntur

444 2053 661 2110 poenae.
688 2039 798 2095 Sed
825 2055 943 2095 non
968 2041 1192 2097 idcirco
1223 2043 1564 2115 putandum
1597 2049 1684 2098 est
1703 2044 2099 2100 confessionis

443 2125 558 2195 legi
587 2127 856 2199 subjecta
897 2145 1020 2185 non
1052 2130 1253 2186 fuisse.
1300 2135 1443 2187 Nam
1491 2132 1736 2188 Basilius
1769 2135 1827 2188 in
1861 2135 2102 2203 Regulis

447 2216 833 2283 brevioribus,
877 2224 1198 2292 postquam
1241 2224 1386 2291 (reg.
1437 2224 1561 2293 288)
1613 2224 1818 2280 statuit
1857 2229 2105 2296 peccata

443 2305 512 2359 iis
536 2306 678 2360 solis
704 2307 1053 2364 confitenda
1075 2325 1224 2374 esse,
1252 2312 1476 2382 quibus
1499 2312 1724 2368 credita
1756 2318 1843 2368 est
1863 2313 2104 2385 dispen-

445 2395 596 2451 satio
619 2398 1040 2468 mysteriorum
1065 2400 1184 2465 Dei,
1213 2400 1371 2456 banc
1393 2402 1786 2474 quaestionem
1813 2402 2102 2464 instituit:

443 2482 499 2535 Ὀ
529 2491 851 2556 μετανοήσας
906 2486 990 2540 ἐπὶ
1048 2489 1409 2564 ἁμαρτήματι,
1443 2497 1531 2543 καὶ
1583 2492 1735 2542 πάλιν
1776 2491 1847 2553 εἰς
1891 2495 1948 2542 τὸ
1981 2491 2106 2542 αὑτὸ

446 2571 680 2645 ἐμπεσὼν
716 2575 1022 2649 ἁμάρτημα,
1054 2583 1103 2630 τί
1142 2585 1352 2638 ποιήσει
1386 2588 1531 2650 (reg.
1578 2584 1729 2648 289);
1774 2581 1885 2648 Qui
1922 2583 2106 2649 paeni-

443 2665 695 2720 tentiam
728 2667 843 2736 egit
881 2671 1133 2735 peccati,
1176 2686 1246 2725 ac
1289 2687 1502 2725 rursus
1552 2671 1613 2726 in
1674 2670 1825 2725 idem
1880 2671 2109 2725 labitur

441 2760 780 2822 peccatum,
808 2757 955 2826 quid
972 2757 1197 2826 faciet?
1229 2760 1498 2814 Declarat
1531 2759 1776 2815 Ba~ilius
1803 2759 2104 2829 ejusmodi

444 2839 722 2897 homines
752 2843 975 2901 idcirco
1003 2846 1213 2914 relabi,
1242 2849 1386 2919 quia
1418 2848 1681 2903 radicem
1716 2848 1942 2919 peccati
1982 2864 2104 2903 non

441 2929 665 2987 tollunt
697 2949 709 2986 :
745 2949 816 2988 ac
847 2935 1073 3006 profert
1104 2938 1363 3009 exempli
1408 2937 1542 2992 loco
1586 2937 1875 2992 invidiam
1905 2944 1961 2991 et
1985 2937 2106 3007 jur-

444 3019 800 3094 gium,quae
858 3040 930 3079 ex
984 3025 1186 3081 radice
1235 3028 1460 3082 amoris
1519 3027 1723 3096 gloriae
1784 3026 2102 3098 pullulant,

443 3109 612 3165 Unde
655 3113 738 3166 sic
788 3112 1138 3170 concludit:
1183 3116 1420 3187 Siquis,
1477 3118 1684 3186 igitur,
1740 3116 1842 3170 ubi
1885 3131 1944 3171 se
1984 3118 2106 3185 ipse
2137 3107 2175 3160 C

441 3199 623 3253 semel
649 3201 1135 3258 condemnaverit
1169 3205 1422 3260 invidiie
1444 3211 1546 3258 aut
1560 3205 1787 3274 jurgii,
1817 3206 1881 3260 in
1903 3205 2104 3260 eadem

443 3302 656 3342 rursus
678 3290 949 3361 incidat;
981 3296 1210 3348 noverit
1236 3311 1296 3350 se
1317 3310 1391 3349 ea:
1411 3296 1708 3363 primaria
1737 3295 1977 3349 invidia:
2001 3302 2104 3351 aut

437 3377 641 3446 jurgii
667 3393 871 3447 causa,
903 3381 1118 3447 glorite
1148 3383 1346 3437 studio
1380 3384 1439 3437 in
1471 3385 1698 3438 intimis
1730 3383 2030 3439 laborare.

517 3483 823 3552 Ejusmodi
864 3502 1007 3555 ergo
1059 3495 1306 3558 peccata
1355 3490 1732 3545 sacerdotum
1768 3491 2103 3562 prudentite

446 3573 716 3628 curanda
749 3575 1249 3645 permittebantur
1277 3595 1289 3632 :
1326 3577 1429 3633 sed
1467 3595 1587 3633 non
1617 3562 1840 3634 idcirco
1871 3581 2104 3634 confes-

447 3661 632 3718 sionis
678 3662 796 3733 legi
843 3666 1374 3723 subtrahebantur.
1419 3675 1607 3740 Atque
1648 3669 1708 3723 id
1742 3671 2101 3724 contirmarc

445 3767 774 3822 possumus
808 3755 1149 3811 testimonio
1191 3758 1453 3826 Gregorii
1495 3758 1768 3829 Nysseni.
1811 3759 1916 3829 qui
1962 3774 2101 3812 cum

445 3839 507 3896 in
539 3841 789 3913 epistola
821 3845 1116 3900 canonica
1145 3853 1453 3917 queratur,
1481 3848 1645 3918 quod
1674 3847 1748 3901 de
1792 3846 2101 3902 nonnullis

447 3931 731 4002 peccatis,
776 3933 981 4004 qualia
1025 3939 1164 3990 sunt
1192 3936 1458 3991 convicia
1489 3940 1570 4008 (p.
1612 3936 1750 4004 119),
1784 3935 2104 3992 maledicta

449 4021 533 4092 (p.
572 4024 713 4090 121),
743 4039 929 4077 usura
959 4030 1017 4078 et
1064 4024 1399 4080 alienarum
1455 4041 1654 4079 rerum
1711 4025 1825 4079 sub
1882 4025 2104 4095 negotii

448 4115 742 4180 praetextu
769 4118 1003 4184 raptus,
1035 4114 1260 4169 conditi
1293 4132 1327 4169 a
1373 4114 1651 4169 Patribus
1683 4129 1949 4169 canones
1982 4128 2104 4168 uon

449 4197 689 4267 fuerint,
725 4217 834 4257 nec
865 4208 1100 4259 tantum
1148 4204 1261 4259 sibi
1310 4205 1681 4260 auctoritatis
1723 4210 2008 4268 assumat,
2043 4209 2107 4260 ut

449 4288 752 4358 ejusmodi
779 4295 1107 4348 constituat
1138 4310 1435 4360 canones;
1467 4294 1595 4348 haec
1625 4299 1825 4348 tamen
1858 4298 2106 4364 peccata

450 4379 814 4437 confessioni
863 4383 1136 4453 subjecta
1199 4401 1329 4439 esse
1383 4384 1698 4438 manifeste
1736 4383 1980 4438 indicat.
2037 4399 2108 4438 ac

451 4487 691 4527 summo
723 4473 923 4528 studio
955 4491 990 4528 a
1035 4475 1453 4530 sacerdotibus
1486 4475 1776 4528 curanda.
1829 4474 1920 4529 Sic
1947 4474 2108 4528 enim

448 4559 718 4633 loquitur
773 4562 847 4617 de
910 4563 1010 4619 illo
1062 4565 1214 4619 inter
1273 4563 1710 4634 negotiandum
1771 4563 1980 4618 alienae
2031 4567 2110 4620 rei

448 4656 628 4722 1‘8.th
660 4669 672 4706 :
705 4659 716 4670 '
748 4659 789 4701 Ο
824 4649 882 4704 δὲ
914 4649 988 4704 δι’
1011 4656 1322 4726 ὑφαιρέσεως
1355 4654 1713 4715 λανθανούσης
1752 4654 2110 4726 σφετεριζόμε-

449 4759 532 4802 νος
564 4745 621 4792 τὸ
656 4741 939 4814 ἀλλότριον,
974 4745 1084 4795 εἶτα
1136 4741 1204 4796 δι’
1253 4745 1626 4819 ἓξαγορεύσεως
1658 4747 1714 4795 τὸ
1754 4743 2110 4816 πλημμέλημα

452 4829 612 4881 αὐτοῦ
669 4840 740 4900 τῷ
793 4834 913 4903 ἱερεῖ
959 4840 1272 4907 φανερώσας,
1323 4843 1415 4895 τῆς
1474 4840 1592 4907 περὶ
1638 4837 1694 4885 τὸ
1745 4832 1968 4884 ἐναντίον
2017 4842 2106 4884 τοῦ

451 4921 647 4980 πάθους
677 4918 884 4994 σπουδῇ
924 4924 1226 4998 θεραπεύσει
1275 4928 1365 4981 τὴν
1408 4922 1719 4998 ἁρῥωστίαν·
1753 4922 1882 4993 λέγω
1916 4919 1973 4974 δὲ
2017 4919 2110 4974 διὰ

452 5017 543 5063 τοῦ
575 5013 638 5062 τὰ
659 5016 922 5085 προσόντα
952 5017 1202 5087 παρέχειν
1233 5021 1341 5074 τοῖς
1374 5017 1608 5081 πένησιν,
1642 5013 1722 5063 ἵνα
1753 5010 1822 5083 τῷ
1856 5013 2107 5087 προέσῦαι

453 5102 486 5153 ἃ
527 5105 658 5174 ἔχει³
696 5106 909 5175 φανερὸς
937 5107 1151 5173 γένηται
1190 5105 1487 5178 καθαρεύων
1536 5111 1626 5164 τῆς
1656 5105 1790 5154 κατὰ
1821 5101 2107 5163 πλεονεξίαν

453 5195 628 5245 νόσου·
683 5191 725 5244 εἰ
750 5188 808 5244 δὲ
837 5187 1002 5264 μηδὲν
1028 5194 1168 5263 ἔχοι,
1197 5197 1346 5264 μόνον
1379 5188 1437 5243 δὲ
1460 5196 1517 5244 τὸ
1549 5200 1701 5264 σῶμα
1743 5194 1881 5271 ἔχοιί
1909 5189 2100 5242 κελεύει

455 5284 480 5336 ὁ
525 5283 853 5348 Ἀπόστολος,
914 5279 1007 5334 διὰ
1058 5278 1148 5334 τοῦ
1201 5289 1502 5355 σωματικοῦ
1555 5285 1718 5334 κόπου
1775 5285 1830 5333 τὸ
1878 5298 2106 5332 τοιουτον

532 5590 577 5622 ⁴²
612 5587 834 5660 Ephes.
872 5604 950 5654 iv,
987 5591 1078 5644 28.
1165 5587 1210 5622 “
1241 5585 1393 5641 Psal.
1427 5600 1598 5654 Lxxu,
1624 5587 1715 5639 27.

2205 511 2327 552 rem
2361 499 2623 554 alienam
2659 506 2935 569 usurpat,
2967 516 3039 556 ac
3061 500 3278 557 deinde
3297 517 3409 569 per
3435 503 3862 571 confessionem

2205 591 2516 654 peccatum
2548 603 2722 643 suum
2766 589 3065 644 sacerdoti
3104 590 3318 658 aperit,
3350 605 3462 658 per
3491 577 3863 647 contrarium

2211 675 2352 730 vitio
2381 677 2647 732 studium
2697 678 3108 748 aegritudinem
3153 679 3443 735 curabit.“
3472 680 3604 736 dico
3648 685 3864 748 autem,

2211 764 2550 833 largiendo,
2583 782 2718 836 quia
2770 766 2968 830 habet,
3018 769 3414 836 pauperibus,
3444 776 3506 822 ut
3555 769 3694 824 dum
3738 785 3866 840 qua:

2212 852 2390 910 habet
2423 855 2772 925 profundit,
2821 871 2881 911 se
2918 856 2993 912 ab
3037 858 3318 914 avaritia'
3376 859 3580 914 morbo
3615 859 3864 915 liberum

2212 948 2418 1012 aperte
2447 946 2720 1000 ostendat
2773 962 2784 999 :
2826 946 2920 1000 sin
2967 951 3167 1002 autem
3219 947 3376 1004 nihil
3414 949 3589 1004 aliud
3613 954 3863 1018 praeter-

2213 1049 2392 1105 quam
2422 1035 2612 1089 solum
2663 1050 2880 1090 corpus
2934 1035 3170 1103 habeat,
3191 1036 3363 1106 jubet
3395 1038 3719 1106 Apostolus
3755 1051 3868 1108 per

2216 1124 2478 1180 laborem
2524 1125 2895 1192 corporalem
2943 1126 2998 1181 ei
3044 1126 3246 1181 morbo
3285 1127 3511 1182 mederi
3527 1129 3591 1181 δ’.
3641 1127 3869 1183 Similia

2210 1211 2397 1268 habet
2428 1212 2679 1268 Basilius
2719 1213 2794 1268 de
2845 1215 3041 1269 usuris
3073 1219 3231 1272 (can.
3271 1218 3354 1283 14,
3396 1231 3490 1288 ep.
3548 1217 3685 1285 188),
3714 1233 3869 1288 quas

2212 1302 2315 1373 qui
2343 1302 2594 1374 accepit,
2627 1318 2764 1357 eum
2793 1319 2827 1358 a
2854 1303 3185 1359 sacerdotio
3217 1319 3339 1359 non
3367 1305 3644 1374 excludit,
3681 1305 3869 1360 modo

2211 1391 2510 1462 injustum
2537 1392 2773 1447 lucrum
2805 1393 2863 1448 in
2903 1408 3204 1464 pauperes
3240 1394 3514 1450 insumat
3541 1399 3594 1449 et
3622 1394 3698 1450 ab
3728 1411 3870 1450 ava-

2211 1481 2356 1536 I‘llltB
2387 1481 2602 1537 morbo
2636 1481 2888 1537 liberum
2919 1498 2981 1537 se
3005 1482 3304 1538 exhibeat.

2284 1594 2373 1645 lll.
2417 1594 2749 1661 Peccatum,
2795 1591 2961 1663 quod
3014 1608 3085 1647 ex
3139 1593 3338 1664 primo
3377 1607 3589 1647 omnes
3620 1597 3871 1663 parente

2209 1680 2519 1750 traximus,
2557 1679 2640 1735 sic
2665 1680 2954 1752 praedicat
2985 1680 3260 1750 Basilius,
3286 1687 3349 1736 ut
3369 1680 3539 1736 facile
3569 1681 3870 1752 pateatni-

2130 1758 2170 1811 Β
2208 1769 2292 1826 hil
2315 1768 2478 1824 aliud
2521 1771 2575 1825 S.
2613 1770 3019 1839 Augustinum
3050 1777 3259 1826 contra
3285 1771 3638 1840 Pelagianos
3668 1769 3871 1825 defen-

2207 1859 2389 1928 disse,
2417 1858 2532 1914 nisi
2577 1859 2744 1931 quod
2786 1866 3082 1932 perpetua
3126 1859 3402 1916 Ecclesite
3441 1859 3870 1932 praedicatione

2209 1949 2552 2005 constabat.
2579 1949 2862 2014 Exsolve,
2895 1949 3092 2021 inquit
3123 1949 3369 2005 Basilius
3408 1947 3618 2004 homil.
3670 1950 3730 2004 in
3771 1949 3869 2017 fa-

2209 2053 2359 2093 mem
2407 2053 2464 2109 p.
2513 2041 2601 2102 70,
2644 2045 2955 2106 peccatum
2998 2039 3448 2109 primigenium,
3500 2038 3869 2094 cibariorum

2215 2127 3070 2195 largitione.Quemadmodum
3093 2128 3452 2183 enimAdam
3480 2127 3749 2196 improbo
3768 2141 3872 2182 esu

2211 2221 2523 2284 peccatum
2555 2216 2890 2270 transmisit
2928 2232 2940 2268 :
2973 2216 3057 2270 sic
3087 2232 3192 2270 nos
3241 2216 3630 2272 insidiantem
3679 2231 3870 2271 escam

2213 2305 2536 2371 abolemus,
2563 2307 2616 2359 si
2635 2305 2857 2374 fratris
2883 2306 3288 2360 necessitatem
3322 2306 3666 2376 famemque
3697 2319 3877 2361 cura-

2215 2411 2369 2450 mus.
2402 2395 2468 2449 Et
2495 2396 2554 2450 in
2603 2395 2761 2462 psal.
2807 2411 2932 2449 χχιι
2972 2396 3056 2466 (p.
3111 2399 3229 2464 129)
3264 2411 3276 2448 :
3315 2396 3580 2450 Pulcher
3631 2395 3876 2465 quidem

2216 2498 2405 2552 eram,
2437 2483 2652 2555 inquit,
2691 2483 3013 2539 secundum
3061 2490 3370 2554 nat-uram,
3393 2484 3493 2540 sed
3520 2483 3873 2554 languidus,

2213 2581 2538 2643 propterea
2569 2574 2729 2643 quod
2758 2589 2834 2629 ex
2861 2577 3154 2642 serpentis
3186 2574 3419 2628 insidiis
3446 2577 3689 2642 peccato
3715 2586 3881 2626 mor-

2217 2668 2355 2717 tuus
2385 2677 2572 2718 eram.
2606 2661 2756 2717 Alibi
2784 2663 2869 2734 (in
2891 2663 3048 2731 psal.
3080 2678 3262 2730 xxxu,
3296 2679 3355 2734 p.
3391 2665 3510 2729 132)
3552 2665 3730 2716 vocat
3754 2675 3881 2716 ser-

2215 2756 2459 2824 pentem
2489 2752 2718 2824 peccati
2741 2756 3068 2807 auctorem.
3091 2751 3316 2807 Ibidem
3336 2753 3417 2824 (p.
3441 2755 3590 2811 135):
3615 2753 3882 2819 Propter

2217 2842 2769 2897 condemnationem
2808 2842 2874 2896 in
2919 2857 3026 2896 nos
3080 2843 3152 2897 ob
3207 2849 3518 2911 peccatum
3564 2841 3878 2910 prolatam

2217 2936 2384 2986 terra
2415 2932 2696 2996 dicimur,
2727 2947 2832 2986 nos
2860 2931 2965 3001 qui
2993 2947 3028 2987 a
3051 2932 3171 2988 Deo
3197 2931 3538 2987 audivimus
3572 2947 3585 2984 :
3618 2949 3647 2982 ‹
3686 2931 3880 2985 Terra

2216 3035 2296 3081 es,
2335 3026 2388 3074 et
2430 3021 2490 3074 in
2521 3025 2743 3076 terram
2775 3019 2906 3074 ibis.
2943 3042 2971 3070 »
3013 3022 3080 3075 Et
3119 3022 3179 3074 in
3207 3021 3361 3090 psal.
3396 3036 3570 3075 χχχιιι
3599 3020 3682 3090 (p.
3712 3022 3835 3078 158)
3863 3034 3877 3073 :

2219 3108 2709 3181 Quandoquidem
2742 3109 2806 3177 ii,
2825 3113 2930 3180 qui
2959 3109 3088 3165 ideo
3115 3111 3308 3165 creati
3327 3115 3500 3165 erant
3529 3115 3592 3163 ut
3619 3108 3881 3164 Domino

2214 3200 2531 3267 servirent,
2560 3199 2667 3253 sub
2700 3199 2925 3254 inimici
2950 3200 3238 3254 servitute
3263 3198 3710 3266 detinebantur,
3741 3197 3886 3252 illo-

2216 3302 2348 3342 rum
2381 3290 2615 3343 animas
2646 3289 2904 3356 pretioso
2933 3303 3038 3343 suo
3068 3290 3366 3358 sanguine
3390 3287 3655 3344 redimet.

2289 3399 2458 3468 Saepe
2480 3396 2628 3451 alias
2658 3395 2903 3452 Basilius
2924 3397 2998 3452 de
3030 3402 3279 3469 peccato
3302 3396 3637 3469 primorum
3658 3410 3884 3468 paren-

2214 3493 2343 3543 tum
2373 3487 2656 3559 loquitur,
2692 3492 2758 3542 ut
2809 3486 2883 3542 de
2927 3487 3104 3559 culpa
3147 3502 3540 3558 nequaquam
3563 3484 3779 3539 Adami
3825 3488 3887 3539 et

2213 3579 2348 3631 Evaa
2391 3576 2657 3648 propria,
2695 3576 2803 3630 sed
2847 3575 2923 3631 ad
2956 3591 3164 3630 eorum
3208 3579 3481 3646 posteros
3513 3573 3883 3643 pertinente.

2210 3667 2500 3733 Adamus,
2548 3664 2744 3736 inquit
2781 3665 2840 3718 in
2881 3663 3088 3719 homil.
3119 3664 3194 3718 de
3226 3679 3316 3728 eo,
3366 3661 3534 3727 Quod
3560 3662 3718 3716 Deus
3748 3677 3882 3716 non

2211 3760 2296 3810 est
2326 3761 2540 3808 auctor
2569 3754 2868 3807 malorum
2898 3752 3064 3820 (tom.
3099 3753 3164 3819 ll,
3202 3766 3259 3821 p.
3299 3752 3438 3819 179),
3479 3749 3808 3806 secedendo
3843 3765 3884 3807 a

2213 3847 2331 3900 Deo
2361 3849 2607 3899 mortem
2647 3843 2932 3897 conscivit
2956 3842 3070 3896 sibi
3093 3843 3225 3910 ipsi,
3244 3844 3430 3911 juxta
3453 3841 3515 3895 id
3539 3841 3699 3912 quod
3725 3843 3887 3896 scri-

2204 3943 2378 4005 ptum
2406 3939 2488 3989 est
2517 3949 2529 3986 :
2560 3934 2756 3988 «Ecce
2775 3933 2880 4001 qui
2898 3932 3184 4001 elongant
3211 3946 3271 3987 se
3301 3947 3335 3986 a
3364 3938 3439 3998 te,
3467 3933 3752 4000 peribunt
3773 3932 3882 3986 ιε.»

2212 4026 2312 4080 Sic
2336 4039 2450 4078 non
2474 4021 2698 4077 crearit
2724 4022 2874 4075 Deus
2895 4025 3164 4085 mortem,
3185 4021 3288 4077 sed
3307 4035 3412 4075 nos
3433 4020 3601 4075 nobis
3634 4020 3779 4088 ipsis
3803 4035 3884 4076 ex

2209 4127 2406 4183 prava
2419 4119 2614 4167 mente
2629 4126 2757 4166 eam
2776 4111 3122 4166 accersivim
3135 4113 3357 4165 us.Non
3371 4108 3775 4164 omittendum
3791 4115 3888 4166 est

2213 4203 2448 4271 insigne
2470 4199 2887 4256 testimonium
2911 4215 2983 4254 ex
3010 4199 3184 4271 epist.
3217 4203 3341 4266 261,
3373 4215 3432 4255 n.
3465 4204 3517 4265 2,
3548 4197 3651 4252 ubi
3682 4197 3768 4252 sic
3796 4197 3886 4254 lo-

2215 4293 2418 4365 quitur
2441 4290 2690 4346 Basilius
2707 4307 2719 4344 :
2735 4290 2964 4360 Itaque,
2980 4291 3033 4344 si
3042 4291 3283 4345 Domini
3309 4290 3365 4343 in
3384 4289 3885 4345 carneadvcntus

2217 4399 2336 4438 non
2353 4383 2499 4452 fuit,
2531 4396 2650 4435 non
2683 4379 2846 4435 dedit
2880 4379 3236 4448 Redemptor
3257 4393 3375 4447 pro
3413 4379 3581 4433 nobis
3608 4382 3883 4446 pretium

2145 4456 2185 4508 θ
2217 4474 2421 4534 morti,
2447 4486 2556 4526 nec
2578 4486 2687 4538 per
2714 4470 2964 4538 seipsum
2996 4470 3203 4524 mortis
3231 4483 3482 4538 regnum
3507 4468 3781 4523 resecuit.
3815 4471 3890 4525 Si

2219 4564 2373 4618 enim
2406 4560 2579 4617 aliud
2611 4567 2779 4628 esset,
2813 4559 2973 4630 quod
3016 4559 3223 4613 mortis
3257 4559 3503 4627 imperio
3539 4557 3884 4624 subjectum

2217 4657 2372 4717 erat,
2390 4650 2562 4705 aliud
2582 4649 2742 4720 quod
2762 4655 3133 4717 assumptum
3156 4663 3193 4702 a
3220 4648 3502 4710 Domino;
3535 4661 3656 4700 non
3673 4646 3886 4702 desiis-

2216 4749 2300 4799 set
2323 4758 2479 4796 mors
2504 4755 2570 4796 ea
2598 4755 2732 4810 ψια»
2754 4755 2864 4794 sua
2890 4745 3050 4808 sunt,
3075 4738 3339 4806 operari,
3371 4751 3477 4792 nec
3506 4737 3740 4791 lucrum
3775 4752 3887 4792 no-

2215 4838 2405 4886 strum
2425 4831 2605 4899 facta?
2618 4829 2876 4896 fuissent
2898 4828 3140 4896 deifcraz
3161 4827 3362 4882 carnis
3371 4827 3677 4895 passiones
3711 4841 3724 4879 :
3753 4840 3886 4881 non

2215 4920 2606 4975 interemisset
2629 4921 2940 4984 peccatum
2969 4917 3029 4970 in
3060 4930 3274 4970 carne:
3309 4931 3429 4970 non
3461 4913 3705 4969 Christo
3733 4915 3888 4969 vivi-

2215 5008 2868 5078 ﬁcatifuissemus,qui
2886 5019 3124 5060 eramus
3147 4994 3209 5058 in
3226 5005 3461 5060 Adamo
3487 5005 3740 5075 mortui;
3761 5019 3892 5058 non

2218 5105 2512 5155 resartum
2535 5101 2762 5168 ίιιίεςδει,
2780 5095 2939 5165 quod
2955 5094 3290 5163 collapsum
3313 5099 3481 5163 erat;
3505 5109 3625 5147 non
3657 5094 3895 5148 instau-

2219 5195 2438 5257 ratum,
2474 5186 2633 5257 quod
2662 5186 3091 5255 confractum;
3144 5198 3266 5238 non
3318 5185 3708 5252 coniunctum
3739 5182 3890 5250 Deo,

2218 5278 2377 5351 quod
2395 5277 2687 5347 serpentis
2697 5275 3138 5344 fraudefuerat
3154 5273 3588 5330 abalienatum.
3610 5274 3672 5326 ln
3695 5269 3859 5326 libro
3877 5286 3896 5326 ι
