4050 6202
446 282 512 345 63
1945 279 2348 345 ΡΒΙΕΕΑΤΙΟ.
3791 288 3863 343 64

449 413 685 469 beatum
715 412 860 467 dicit
912 426 1029 467 non
1074 418 1372 477 vocatum,
1413 411 1515 468 sed
1559 413 1829 469 electum.
1860 411 2085 467 Beatus
2120 410 2165 467 Α
2200 413 2447 479 mittit,a
2478 419 2668 469 morte
2693 411 2930 483 peccati
2956 421 3251 466 renovans
3273 407 3509 466 animas
3540 413 3779 465 nostras
3799 408 3863 464 in

447 517 722 572 namque,
749 516 917 572 quem
945 502 1140 571 elegit.
1160 517 1291 572 quae
1314 502 1913 559 autem'beatitudinis
1945 516 2086 557 cau-

445 588 556 647 sa?
586 593 951 660 Exspectata
982 591 1269 647 bonorum
1312 598 1669 648 aeternorum
1697 591 2089 648 hcereditas...

444 681 665 736 Salvus
695 686 892 736 autem
935 682 1004 749 ﬁt
1048 697 1169 735 non
1211 682 1422 753 quivis,
1471 682 1573 738 sed
1601 683 1872 753 reliquiae
1900 681 2092 737 solum

445 770 772 825 secundum
821 771 1161 826 electionem
1228 772 1517 840 gratiae”.
1569 770 1710 826 Vide
1761 769 1970 827 bomil.
2031 772 2096 826 in

442 861 603 930 psal.
638 875 792 924 cxxv,
819 875 881 916 n.
909 863 962 928 5,
994 876 1054 932 p.
1087 862 1213 916 202.

519 1003 675 1060 Satis
707 1007 869 1075 patet
899 1020 970 1060 ex
1000 1004 1095 1059 his
1126 1020 1261 1077 quas
1289 1004 1621 1073 attulimus,
1660 1009 1956 1078 quantum
1983 1004 2103 1060 eni-

446 1095 565 1147 teat
589 1092 794 1147 divina
824 1093 1093 1165 potentia
1113 1093 1172 1148 in
1199 1094 1451 1150 humani
1473 1094 1670 1151 cordis
1694 1095 2102 1150 conversione~

450 1181 564 1237 Sed
594 1186 882 1254 praeterea
908 1182 966 1237 in
1000 1182 1279 1238 eamdem
1309 1184 1668 1239 sententiam
1700 1183 1995 1239 nonnulla
2020 1200 2107 1239 re-

445 1269 713 1325 ferenda.
740 1271 1139 1341 Subjiciamur
1164 1287 1303 1341 ergo
1326 1274 1466 1342 Deo,
1493 1271 1686 1344 inquit
1707 1273 1793 1340 (in
1815 1273 1967 1341 psal.
1999 1288 2105 1335 LXI,

445 1371 505 1414 n.
536 1361 611 1428 2),
656 1360 818 1429 quod
845 1361 1115 1415 salutare
1163 1359 1237 1415 ab
1286 1362 1411 1429 ipso
1455 1367 1560 1416 est.
1597 1360 1751 1426 Quid
1791 1366 1987 1417 autem
2032 1355 2108 1415 sit

447 1449 741 1518 salutare,
770 1450 1059 1517 explicat.
1091 1450 1224 1504 Non
1252 1450 1418 1505 nuda
1436 1450 1710 1520 quaedam
1735 1455 1819 1506 est
1838 1451 2107 1518 operatio

446 1539 718 1609 aliquam
766 1540 931 1594 nobis
965 1540 1409 1608 beneﬁcentiam
1440 1542 1721 1612 a/ferens,
1758 1556 1875 1613 qua
1906 1541 1981 1597 ab
2021 1544 2107 1596 in-

442 1628 736 1697 ﬁrmitate
777 1628 1116 1699 liberemur,
1161 1630 1431 1702 bonaque
1458 1632 1722 1699 corporis
1752 1631 2105 1687 habitudine

445 1722 711 1772 utamur.
744 1717 859 1773 Sed
875 1719 1021 1789 quid
1042 1726 1123 1774 est
1150 1719 1419 1774 salutare
1439 1723 1465 1773 ?
1487 1742 1512 1767 ‹‹
1542 1721 1780 1775 Etenim
1808 1722 1931 1789 ipse
1950 1721 2102 1775 Deus

447 1822 635 1875 meus,
670 1813 723 1862 et
748 1807 1035 1863 Salvator
1063 1823 1249 1875 mcus,
1275 1814 1585 1878 susceptor
1623 1825 1804 1877 meus,
1838 1825 1957 1865 non
1984 1826 2104 1865 mo-

447 1897 625 1953 vebor
657 1898 912 1952 multum
941 1898 1010 1950 39.
1060 1920 1087 1946 »
1134 1898 1327 1953 Filius
1357 1901 1463 1970 qui
1510 1914 1584 1954 ex
1625 1901 1745 1955 Deo
1792 1905 1896 1967 est,
1947 1901 2103 1956 Deus

445 1993 648 2041 noster
676 1992 787 2041 est.
828 1987 990 2042 Idem
1024 1988 1203 2042 etiam
1228 1988 1514 2043 Salvator
1535 1994 1618 2044 est
1642 1994 1877 2059 generis
1896 1990 2103 2045 huma-

448 2074 533 2143 ni,
561 2075 928 2130 debilitatem
958 2082 1227 2131 nostram
1245 2077 1531 2147 fulciens,
1563 2094 1634 2133 ac
1655 2080 2101 2135 commotionem

445 2178 521 2220 ex
548 2165 977 2220 tentationibus
1004 2167 1221 2221 animis
1244 2168 1463 2221 nostris
1485 2168 1897 2223 advenientem
1915 2170 2103 2224 corri-

445 2269 613 2323 gens.
648 2253 798 2309 Vide
818 2253 1028 2310 homil.
1056 2257 1117 2310 in
1144 2257 1300 2325 psal.
1333 2273 1512 2321 χχιιι,
1545 2272 1604 2311 n.
1640 2261 1692 2326 3,
1722 2273 1759 2329 p
1811 2262 1931 2328 133,
1963 2263 2018 2313 et
2040 2261 2103 2314 in

445 2344 604 2413 psal.
639 2359 827 2411 χχχιιι,
851 2360 912 2399 ιι.
953 2347 1005 2413 Ii,
1038 2361 1096 2417 p.
1138 2349 1259 2415 146,
1293 2351 1347 2400 et
1374 2345 1600 2402 Homil.
1625 2347 1698 2402 de
1725 2347 1866 2416 ﬁde,
1890 2365 1949 2421 p.
1981 2352 2102 2417 1.53,

448 2435 570 2488 rei.
611 2432 824 2490 moral.
861 2438 949 2500 55,
976 2449 1111 2506 cap.
1150 2439 1195 2491 1.

517 2558 897 2615 Divinitatem
927 2559 1049 2616 Filii
1075 2561 1455 2618 demonstrat
1484 2561 1732 2617 Basilius
1763 2579 1834 2618 ex
1864 2579 2105 2621 summo

447 2647 605 2703 illius
636 2649 696 2704 in
727 2648 1030 2705 humanas
1066 2655 1297 2705 mentes
1326 2651 1602 2723 imperio.
1636 2654 1823 2709 Petra
1852 2653 2101 2720 dicitur,

447 2737 644 2810 inquit
684 2738 747 2794 in
789 2737 945 2794 libro
988 2740 1077 2796 De
1118 2740 1350 2809 Spiritu
1379 2747 1608 2811 sancto,
1646 2757 1695 2795 θ’
1744 2745 1795 2806 8,
1834 2757 1891 2812 p.
1928 2747 2011 2811 15,
2044 2758 2107 2799 eo

451 2829 613 2898 quod
634 2828 901 2884 validum
926 2830 1002 2883 sit
1029 2836 1079 2884 et
1109 2831 1541 2896 inconcussum,
1557 2837 1611 2887 et
1634 2832 1833 2900 gravis
1849 2847 1989 2887 arce
2006 2834 2108 2899 ﬁr-

448 2918 601 2971 mius
627 2918 1157 2986 propugnaculum
1178 2918 1476 2986 ﬁdelibus.
1509 2922 1570 2975 Et
1592 2935 1730 2991 pag.
1770 2925 1831 2974 16
1853 2936 1873 2975 .·
1897 2921 2109 2977 Omnia

446 3012 643 3063 autem
662 3008 815 3076 facit
834 3014 1113 3062 contactu
1135 3010 1477 3074 virtutis,ac
1502 3010 1813 3065 voluntate
1830 3010 2114 3066 bonitatis

444 3110 722 3165 operans.
750 3098 969 3165 Pascit,
992 3097 1326 3167 illuminat,
1361 3099 1497 3163 alit,
1537 3098 1800 3167 deducit,
1824 3101 2112 3162 medetur,

446 3185 643 3255 erigit.
681 3185 822 3251 qu
848 3201 965 3240 non
989 3192 1146 3255 sunt,
1168 3187 1321 3255 facit
1351 3192 1413 3240 ut
1436 3188 1590 3256 sint,
1613 3188 1864 3243 condita
1885 3194 2117 3244 conser‘

447 3279 569 3331 vat.
616 3275 747 3330 Hoc
796 3276 968 3331 modo
1017 3276 1171 3330 bona
1200 3290 1275 3331 ex
1322 3277 1445 3331 Deo
1492 3292 1605 3345 per
1643 3278 1866 3333 Filium
1908 3280 1987 3333 ad
2013 3294 2118 3335 nos

446 3363 823 3433 perveniunt,
869 3366 1095 3434 majore
1125 3365 1433 3420 celeritate
1462 3366 1524 3419 in
1571 3367 1836 3436 singulis
1861 3382 2117 3436 operan-

454 3459 777 3524 tem,quam
797 3455 961 3508 ullus
976 3469 1164 3509 sermo
1177 3456 1509 3522 exprimere
1526 3456 1951 3525 valeat.Neque
1962 3458 2116 3512 cnim

368 3562 377 3575 ·
449 3544 732 3613 fulgura,
762 3558 951 3614 neque
983 3544 1132 3597 lucis
1163 3558 1271 3611 per
1301 3558 1497 3599 aerem
1526 3550 1652 3599 tam
1685 3546 1863 3600 velox
1887 3546 2114 3600 discur-

454 3648 551 3689 sus
578 3639 683 3699 est,
715 3648 835 3688 non
867 3633 1180 3688 oculorum
1203 3633 1419 3689 celeres
1454 3634 1632 3695 ictus,
1668 3649 1788 3687 non
1819 3634 2004 3702 ipsius
2030 3636 2117 3690 in~

450 3724 726 3780 tellectus
752 3724 950 3777 nostri
973 3728 1201 3777 motus:
1235 3724 1340 3777 sed
1371 3723 1587 3778 horum
1624 3723 1901 3794 quodque
1921 3725 2113 3793 magis

451 3815 718 3871 vincitur
739 3814 959 3869 divina:
988 3815 1351 3882 operationis
1399 3814 1730 3877 celeritate,
1762 3828 1939 3884 quam
1983 3816 2113 3870 ani-

448 3905 681 3959 mantia
726 3918 861 3973 qua:
899 3909 1037 3957 sunt
1064 3903 1231 3971 apud
1268 3919 1373 3958 nos
1422 3906 1686 3958 maxime
1733 3904 1960 3972 segnia,
1994 3920 2112 3960 non

449 3994 646 4050 dicam
681 3993 1042 4061 volatilium,
1095 4007 1281 4063 neque
1310 3998 1638 4058 ventorum,
1692 4007 1879 4063 neque
1918 3995 2111 4049 cccles‘

454 4084 597 4139 tium
622 4082 852 4138 orbium
872 4083 1118 4150 impetu,
1137 4082 1240 4137 sed
1260 4083 1446 4151 ipsius
1468 4083 1679 4137 mentis
1702 4089 1920 4138 nostra?
1944 4090 2108 4139 motu

448 4177 841 4241 superantur.
860 4172 1013 4227 Nam
1038 4171 1405 4242 quotanstem
1429 4176 1707 4241 temporis
1721 4173 1917 4241 spatio
1940 4178 2107 4241 egeat

2196 504 2519 571 pristinam
2552 505 2732 559 vitam
2754 517 2777 557 .·
2809 517 2883 557 ac
2918 502 3103 556 vitam
3134 504 3405 556 nostram
3453 504 3764 568 operatur.
3800 498 3868 554 Et

2204 608 2339 664 cap.
2380 598 2462 664 19,
2493 608 2533 664 p
2580 596 2641 648 41
2668 611 2688 647 :
2740 592 2876 648 Sive
2907 591 3035 662 quis
3085 591 3443 646 creationem
3480 587 3743 657 accipiat
3792 587 3867 643 de

2206 683 2638 738 exstinctorum
2660 679 3106 749 reviviscentia;
3129 694 3208 734 an
3230 694 3349 733 non
3372 692 3598 747 magna
3623 677 3866 748 spiritus

2209 772 2496 838 operatio,
2530 772 2634 842 qui
2678 771 2846 827 nobis
2875 768 3221 838 suppeditat
3265 767 3446 822 vitam
3483 781 3555 822 ex
3598 779 3863 822 resurre-

2213 862 2426 930 ctione,
2453 868 2506 917 et
2537 862 2618 917 ad
2659 860 3037 931 spiritualem
3068 860 3239 915 illam
3273 859 3461 914 vitam
3491 857 3728 912 animas
3758 870 3865 911 no-

2213 958 2373 1007 stras
2395 952 2685 1022 adoptat!
2704 952 2843 1009 Sive
2857 950 3082 1006 creatio
3112 949 3357 1004 dicatur
3380 962 3503 1004 esse
3519 962 3747 1013 eorum,
3766 945 3874 1017 qui

2220 1042 2317 1097 hic
2337 1057 2449 1110 per
2474 1047 2786 1110 peccatum
2829 1040 2987 1109 lapsi
3025 1044 3185 1107 sunt,
3221 1039 3283 1092 in
3310 1037 3611 1093 meliorem
3642 1041 3871 1090 statum

2220 1133 2472 1186 mutatio
2502 1131 2666 1202 (nam
2695 1131 2780 1186 ita
2811 1143 3042 1201 quoque
3072 1141 3497 1197 nonnunquam
3527 1126 3874 1193 usurpatur

2210 1225 2399 1292 juxta
2420 1222 2738 1289 scripturae
2758 1217 3263 1279 consuetudinem,
3293 1217 3451 1271 velut
3474 1230 3605 1270 cum
3629 1214 3873 1269 Paulus

2220 1312 2387 1375 dicit,
2412 1332 2440 1359 ‹‹
2471 1311 2537 1366 Si
2561 1325 2681 1380 qua
2711 1310 2772 1365 in
2795 1310 3028 1364 Christo
3054 1321 3209 1362 nova
3240 1304 3623 1371 creatura“),
3649 1326 3675 1352 ››
3700 1317 3872 1359 reno-

2220 1402 2378 1456 vatio
2404 1416 2534 1471 quae
2565 1399 2661 1455 hic
2688 1400 2778 1468 ﬁt,
2814 1404 2867 1454 et
2898 1413 2935 1453 a
2960 1398 3085 1452 vita
3112 1396 3387 1451 terrestri
3407 1408 3479 1449 ac
3505 1392 3870 1447 turbulentis

2219 1490 2532 1560 a/fectibus
2581 1490 2841 1544 obnoxia
2896 1486 2978 1542 ad
3033 1486 3323 1541 caelestem
3371 1482 3877 1539 conversationem

2218 1582 2801 1649 transmutatioqute
2817 1578 2885 1645 ﬁt
2908 1578 2967 1631 in
2990 1574 3156 1631 nobis
3178 1589 3284 1644 per
3295 1569 3703 1642 Spiritum,ad
3716 1584 3875 1623 sum-

2138 1693 2174 1745 Β
2212 1684 2370 1725 mam
2385 1669 2839 1725 admirationem
2853 1665 3091 1721 deducit
3101 1665 3331 1720 animos
3342 1656 3882 1717 nostros-Similiter

2213 1760 2274 1814 in
2292 1760 2462 1831 epist.
2491 1763 2542 1823 8,
2566 1773 2625 1813 n.
2656 1762 2711 1812 11
2741 1775 2755 1813 :
2790 1758 2926 1811 Tria
2943 1755 3265 1811 creationis
3285 1766 3505 1822 genera
3526 1751 3590 1805 in
3606 1749 3876 1816 Scriptu-

2215 1863 2286 1905 ra
2302 1850 2616 1904 nominata
2637 1838 2995 1903 invenimus.
3015 1845 3209 1900 Unum
3233 1842 3469 1914 quidem
3493 1855 3566 1896 ac
3585 1840 3871 1909 primum,

2214 1954 2289 1994 ex
2309 1938 2502 1994 nihilo
2523 1937 3009 2006 productionem:
3032 1932 3357 1989 secundum
3382 1945 3543 1996 vero,
3580 1944 3654 1986 ex
3672 1927 3876 1997 pejore

2214 2029 2276 2083 in
2308 2028 2518 2083 melius
2550 2026 3021 2081 immutationem
3043 2035 3065 2094 ;
3089 2023 3353 2087 tertium,
3374 2018 3873 2075 resurrectionem

2214 2122 2611 2172 mortuorum.
2640 2116 2711 2170 In
2743 2116 2835 2170 his
2852 2114 3108 2183 reperies
3134 2112 3427 2181 Spiritum
3448 2113 3722 2165 sanctum
3746 2120 3874 2162 una

2217 2219 2351 2259 cum
2389 2204 2574 2259 Patre
2611 2209 2665 2259 et
2705 2204 2835 2272 ﬁlio
2877 2206 3243 2272 operantem.
3292 2200 3459 2272 Saepe
3490 2195 3641 2252 alios
3674 2194 3875 2251 cordis

2217 2294 2533 2353 conversio
2570 2298 2820 2349 vocatur
2858 2308 3021 2348 nova
3060 2290 3305 2359 creatio,
3328 2294 3393 2344 ut
3421 2290 3481 2343 in
3502 2288 3663 2358 psal.
3696 2300 3872 2352 χχιιι,

2216 2403 2276 2459 p.
2316 2387 2453 2451 138;
2494 2389 2552 2439 et
2596 2384 2653 2438 in
2683 2382 2953 2447 homilia,
2989 2380 3157 2449 Quod
3188 2382 3341 2436 Deus
3379 2394 3498 2434 non
3545 2383 3627 2433 est
3658 2381 3879 2433 auctor

2216 2476 2535 2544 malorum,
2589 2489 2642 2544 p.
2693 2474 2784 2538 75,
2835 2477 2892 2528 et
2928 2471 3033 2527 lib.
3072 2487 3111 2526 ν
3157 2470 3445 2527 adversus
3485 2466 3871 2531 Eunomium,

2218 2580 2279 2638 p.
2308 2568 2433 2626 303.
2460 2567 2518 2619 et
2546 2563 2883 2618 Comment.
2912 2562 2976 2616 in
3006 2562 3252 2630 Isaiam,
3282 2574 3344 2630 p.
3375 2561 3501 2613 423.

2292 2689 2593 2754 Quantum
2631 2686 2869 2742 ﬁduciae
2890 2686 2949 2740 in
2981 2684 3188 2740 divina
3212 2681 3406 2753 gratia
3433 2684 3683 2753 poneret
3706 2678 3873 2734 Basi-

2221 2778 2334 2835 lius
2354 2794 2425 2833 ex
2440 2776 2534 2832 his
2581 2775 2837 2847 perspici
2867 2778 3081 2846 potest,
3103 2788 3240 2846 quin
3256 2772 3331 2827 de
3353 2767 3746 2827 conciliandis
3764 2773 3879 2823 An-

2224 2868 2514 2923 tiocheam
2540 2864 2812 2919 Ecclesia
2837 2862 3315 2919 dissensionibus
3336 2859 3601 2933 loquitur
3617 2858 3677 2913 in
3694 2858 3876 2930 epist.

2145 2964 2184 3017 C
2225 2961 2311 3023 66,
2342 2972 2399 3028 p.
2426 2959 2552 3011 £60:
2578 2955 2721 3009 Ilrec
2749 2968 2886 3009 vero
2908 2953 3254 3022 conciliare,
3280 2949 3492 3022 inquit.
3514 2953 3569 3004 et
3591 2947 3673 3003 ad
3694 2948 3878 3002 unius

2227 3047 2489 3114 corporis
2518 3044 2896 3099 harmoniam
2924 3042 3206 3111 redigere,
3231 3040 3397 3094 illius
3428 3043 3511 3094 est
3540 3038 3744 3104 solius,
3773 3036 3883 3107 qui

2228 3140 2279 3189 et
2310 3135 2480 3188 siccis
2513 3132 2828 3201 ossibus,ut
2858 3131 2939 3186 ad
2968 3145 3181 3186 nervos
3213 3134 3269 3184 et
3307 3142 3547 3183 carmen
3578 3126 3771 3181 denuo
3792 3140 3883 3181 re-

2228 3225 2431 3289 deant,
2465 3239 2582 3279 non
2615 3222 2951 3277 enarrabili
2978 3236 3085 3277 sua
3110 3225 3402 3290 potestate
3434 3219 3723 3288 largitur.
3764 3217 3878 3270 Do-

2228 3317 2424 3370 minus
2446 3321 2643 3370 autem
2671 3313 2912 3369 omnino
2937 3326 3160 3387 magna
3187 3326 3297 3379 per
3340 3324 3453 3377 eos,
3488 3308 3595 3380 qui
3618 3321 3676 3362 se
3704 3305 3881 3374 digni

2227 3411 2390 3470 sunt,
2439 3405 2648 3474 efﬁcit.
2681 3405 2747 3457 Et
2792 3401 2851 3457 in
2888 3402 3061 3473 epist.
3092 3404 3195 3455 203
3243 3398 3330 3470 (p.
3358 3400 3519 3467 300):
3552 3398 3688 3452 Non
3719 3395 3877 3451 enim

2227 3496 2540 3564 ignoratis,
2583 3508 2708 3561 nos,
2728 3492 2933 3561 palam
2962 3489 3234 3546 omnibus
3280 3488 3638 3557 propositos,
3692 3484 3883 3539 veluti

2225 3584 2498 3652 scopulos
2529 3582 2594 3641 in
2627 3582 2786 3635 mari
2806 3582 3235 3650 prominentes,
3262 3578 3532 3648 furorem
3576 3576 3877 3644 ﬂuctuum

2225 3673 2641 3730 hereticorum
2669 3672 2943 3739 excipere
2966 3686 2979 3735 ;
2998 3683 3208 3740 eosque
3227 3668 3368 3723 dum
3388 3668 3548 3723 circa
3573 3679 3679 3719 nos
3695 3663 3849 3731 fran
3868 3687 3889 3698 -

2223 3771 2473 3833 guntur,
2506 3777 2572 3817 ea
2600 3775 2731 3831 quae
2761 3766 2922 3815 retro
2951 3774 3057 3813 nos
3088 3766 3246 3825 sunt,
3272 3772 3390 3813 non
3425 3756 3675 3811 alluere.
3705 3753 3875 3808 Illud

2223 3859 2444 3917 autem,
2473 3874 2499 3902 ι(
2524 3868 2652 3919 nos,
2689 3872 2716 3901 »
2742 3866 2874 3906 cum
2905 3850 3058 3915 dico,
3091 3865 3210 3905 non
3238 3848 3321 3903 ad
3350 3848 3643 3903 humanas
3674 3844 3877 3912 refero

2223 3942 2501 4011 vires,sed
2533 3942 2609 3996 ml
2644 3941 2749 3996 Dei
2766 3939 3161 4011 gratiam,qui
3183 3940 3245 3993 in
3277 3938 3581 3993 hominum
3612 3933 3877 3989 imbecil-

2225 4034 2393 4088 litate
2431 4031 2759 4101 potentiam
2808 4044 2978 4085 suam
3026 4030 3317 4093 declarat,
3372 4022 3876 4097 quemadmodum

2220 4123 2307 4177 ait
2318 4121 2575 4190 proheta
2596 4134 2669 4175 cx
2686 4134 2945 4188 persona
2966 4118 3207 4172 Domini
3227 4116 3458 4171 dicens:
3478 4136 3506 4165 ‹‹
3529 4113 3624 4168 An
3649 4127 3739 4168 me
3754 4127 3874 4167 non

2219 4208 2519 4276 timebitis,
2553 4209 2656 4277 qui
2685 4220 2938 4262 arenam
2988 4206 3141 4260 mari
3180 4204 3498 4259 terminum
3525 4202 3702 4270 posui
3715 4200 3759 4236 ⁶¹
3784 4202 3813 4255 ?
3841 4221 3872 4248 ››

448 4263 555 4333 qui
598 4267 805 4365 porgit
854 4262 1053 4317 omnia
1086 4261 1261 4365 yerbo
1292 4261 1532 4316 virm“:
1561 4276 1700 4331 sua."
1735 4262 1953 4333 quiqu
1999 4278 2106 4365 nec.
2138 4287 2181 4340 D
2214 4298 2371 4353 Nam
2400 4261 2663 4353 omnium
2694 4296 3105 4365 inﬁrmissima
3135 4309 3207 4349 ac
3228 4292 3518 4349 vilissima
3549 4306 3631 4358 re,
3658 4302 3873 4347 arena.

452 4352 859 4421 corporaliter
895 4357 1203 4420 operatur,
1257 4365 1447 4421 neque
1484 4366 1773 4406 manuum
1817 4365 1998 4420 opera
2026 4350 2106 4406 ad

414 4461 418 4466 ’
449 4442 777 4497 creandum
792 4456 941 4509 opus
956 4440 1150 4511 habet,
1167 4440 1269 4496 sed
1282 4456 1482 4496 eorum
1507 4456 1638 4510 quae
1650 4442 1804 4507 ﬁunt
1819 4446 2102 4496 naturam

450 4531 625 4587 habet
658 4531 967 4586 voluntate
998 4546 1117 4585 non
1149 4536 1354 4585 coacta
1386 4530 1816 4600 obsequentem.

522 4655 694 4711 Nullo
726 4655 843 4710 alio
875 4659 1232 4724 argumento
1260 4653 1543 4709 libentius
1574 4655 1758 4709 utitur
1787 4655 1864 4710 ad
1894 4655 2104 4710 divini-

451 4750 634 4801 tatem
667 4745 853 4800 sancti
890 4745 1139 4818 Spiritus
1169 4744 1700 4802 demontrandam.
1723 4746 1929 4817 Neque
1949 4749 2103 4803 enim

446 4834 584 4904 ﬁeri
611 4840 824 4904 potest,
846 4832 1040 4906 inquit
1062 4835 1216 4905 (cap.
1247 4836 1619 4906 t2,pag.23),
1647 4841 1709 4889 ut
1731 4836 1953 4890 Filium
1974 4841 2103 4907 quis

451 4926 661 4980 adoret
682 4924 801 4978 nisi
820 4924 884 4977 in
905 4927 1114 4978 sancto
1134 4922 1387 4992 Spiritu,
1404 4928 1510 4977 aut
1532 4928 1595 4977 ut
1610 4924 1853 4979 Patrem
1874 4925 2104 4980 invocet

450 5016 569 5070 nisi
597 5014 660 5069 in
701 5012 1040 5081 adoptionis
1083 5013 1337 5081 Spiritu.
1377 5012 1516 5067 Vide
1556 5027 1692 5083 cap.
1721 5016 1804 5070 13.
1837 5018 1893 5067 et
1932 5014 2104 5085 epist.

453 5106 541 5173 38,
572 5118 631 5157 n.
661 5104 714 5157 4.
753 5100 1205 5157 Demonstratin
1239 5116 1374 5172 cap.
1408 5107 1470 5157 15
1493 5101 1766 5172 ejusdem
1793 5101 1950 5168 libri,
1984 5103 2106 5174 Spi-

450 5193 634 5249 ritum
663 5196 936 5247 sanctum
964 5206 999 5245 a
1031 5193 1195 5245 Patre
1225 5196 1281 5245 et
1311 5190 1449 5245 Filio
1471 5190 1734 5261 disjungi
1768 5206 1888 5245 non
1932 5207 2106 5263 posse

455 5288 535 5356 (p.
568 5284 675 5353 29),
712 5282 758 5337 si
788 5280 1035 5354 quidem
1062 5281 1124 5335 in
1159 5279 1462 5352 baptismo
1511 5283 1625 5337 vim
1678 5281 1973 5349 viviﬁcam
2005 5283 2107 5336 im-

2215 4391 2420 4457 ingens
2460 4403 2532 4443 ac
2558 4401 2737 4455 grave
2760 4386 3010 4455 pelagus
3049 4384 3411 4441 constrinxit
3452 4381 3864 4449 Omnipotens.

2215 4477 2441 4534 Similia
2462 4475 2741 4532 habcsin
2768 4474 3016 4530 homilia
3044 4474 3126 4543 ,in
3182 4474 3339 4543 psal.
3385 4487 3526 4526 xxxii
3571 4474 3651 4542 (p.
3708 4469 3870 4535 138):

2216 4567 2362 4623 Cum
2386 4566 2574 4635 igitur
2591 4565 2853 4620 mulieris
2871 4564 3207 4635 quempiam
3225 4575 3448 4632 magna
3467 4562 3871 4625 minitantem,

2202 4658 2663 4727 jactantemque
2691 4670 2751 4709 se
2772 4653 2880 4708 tibi
2907 4654 3097 4709 omnis
3118 4652 3350 4722 generis
3373 4648 3872 4713 xrumnas,dam-

2214 4760 2294 4800 na
2327 4750 2432 4800 aut
2457 4745 2700 4813 plagas,
2740 4749 2847 4799 aut
2872 4748 3117 4798 mortem
3156 4742 3493 4805 illaturum,
3534 4739 3760 4807 respice
3786 4736 3875 4791 ad

2215 4834 2534 4890 Dominum
2564 4833 2829 4900 gentium
2863 4833 3115 4888 consilia
3156 4831 3568 4898 dissipantem,
3596 4831 3648 4883 et
3675 4839 3874 4895 popu-

2218 4925 2413 4979 lorum
2462 4924 2849 4992 cogitationes
2900 4920 3335 4990 reprobantem.
3378 4920 3445 4973 Et
3476 4921 3705 4989 postea.
3744 4930 3804 4969 n.
3836 4918 3873 4969 9

2219 5022 2301 5085 (p,
2336 5015 2456 5072 140)
2485 5029 2497 5067 :
2528 5015 2736 5083 Neque
2764 5014 2955 5082 igitur
2980 5026 3089 5067 rex
3123 5025 3198 5065 ex
3229 5009 3413 5065 armis
3451 5007 3755 5076 sufﬁciens
3786 5004 3875 5059 ad

2216 5103 2471 5157 salutem
2503 5102 2801 5157 auxilium
2836 5100 3029 5168 habet,
3072 5114 3260 5170 neque
3298 5098 3470 5169 fortis
3503 5097 3597 5152 vir
3633 5095 3748 5150 sibi
3787 5094 3878 5148 ad

2217 5193 2298 5248 ad
2328 5192 2529 5247 omnia
2558 5191 2837 5259 sufﬁcere
2860 5196 3071 5259 potest.
3104 5188 3484 5244 Imbecillitas
3512 5187 3664 5241 enim
3693 5190 3747 5238 et
3776 5183 3872 5237 in-

2217 5282 2473 5348 ﬁrmitas
2509 5286 2650 5335 sunt
2680 5281 2880 5335 omnia
2909 5278 3091 5333 simul
3130 5279 3420 5345 humana,
3467 5276 3520 5331 si
3548 5289 3681 5330 cum
3724 5286 3876 5329 vera

524 5601 570 5639 ⁵⁸
602 5603 771 5660 Rom.
800 5620 873 5671 χι,
908 5609 958 5659 5.
1036 5606 1083 5640 δ’
1113 5582 1265 5659 Psal.
1300 5617 1410 5669 LXI,
1442 5605 1492 5656 6.
1572 5602 1619 5636 ⁸ο
1648 5603 1691 5655 ll
1723 5599 1851 5656 Cor.
1890 5616 1922 5655 ν
1953 5605 2035 5657 17.

2224 5614 2408 5657 erem.
2436 5615 2491 5670 ν,
2523 5602 2612 5654 22.
