4062 6208
211 289 275 340 65
1336 277 1698 334 ELENCHUS
1735 274 2062 331 VBTERUM
2099 275 2481 337 LIBRORUM.
3544 282 3611 341 66

185 409 413 478 potenti
439 410 894 475 comparentur.
929 404 1265 474 Propterea
1301 425 1329 454 ι(
1361 404 1609 472 Inﬁrma
1639 400 1855 457 mundi
1884 405 1933 457 Α
2034 402 2268 471 Agmen
2301 402 2540 459 claudet
2565 402 2799 473 insigne
2828 407 3260 477 testimonium,
3292 408 3460 481 quod
3486 425 3516 464 e
3552 411 3608 466 S-

191 497 362 565 elegit
382 496 640 562 Deus,ut
663 493 1003 562 confundat
1016 494 1320 561 fortia".»
1338 494 1515 559 Et,ea:
1530 506 1634 555 ore
1651 492 1855 560 infan-
1966 490 2161 546 Basilii
2188 492 2448 562 Liturgia
2482 492 2909 565 depromptum
2942 497 3145 552 Petrus
3171 498 3469 554 Diaconus
3500 500 3614 569 (18)

190 588 333 640 tium
356 590 409 640 et
437 585 794 639 lactentium
817 583 1070 651 perfecit
1098 582 1431 649 laudem,ut
1453 582 1725 637 destruat
1746 579 1855 634 ini-
1966 581 2105 636 citat
2126 582 2184 636 in
2214 581 2368 637 libro
2384 584 2469 637 De
2492 585 2913 640 incarnatione
2932 593 2984 641 et
3007 589 3207 655 gratia
3228 592 3420 660 cap.8:
3453 590 3615 644 Hinc

189 678 409 730 micum
440 680 493 728 et
526 672 899 738 ultorem“;»
922 686 1061 726 nam
1082 671 1291 729 divina
1321 672 1523 741 gratia
1555 670 1617 726 in
1648 671 1856 739 mfan-
1968 673 2167 731 etiam,
2204 672 2416 745 inquit,
2445 674 2649 730 beatus
2696 677 2951 731 Basilius
2975 676 3357 733 Casariensis
3387 681 3615 748 episco-

193 763 345 818 tibus
361 777 436 818 ac
457 760 710 816 rudibus
741 762 1292 829 operans,ma.rime
1312 760 1859 829 resplenduit.Praa-
1963 776 2079 830 pus
2102 762 2162 815 in
2194 764 2465 819 oratione
2484 766 2648 819 sacri
2675 766 3099 835 altaris,quam
3122 782 3273 834 pene
3302 770 3615 824 universus

196 852 597 909 clarissimum
648 855 739 905 est
778 849 1017 905 initium
1065 850 1236 921 epist.
1280 855 1399 911 161,
1434 850 1510 906 ad
1553 847 1858 921 Amphilo-
1965 851 2315 921 frequentat
2344 853 2574 921 Oriens,
2598 854 2757 909 inter
2784 860 2996 910 caztera
3027 873 3039 909 :
3072 858 3255 924 Dona,
3287 859 3617 929 inquit,Do~

199 943 427 998 chium:
462 940 832 996 Benedictus
859 941 1037 1009 Deus,
1069 943 1174 1012 qui
1191 940 1305 996 sibi
1323 941 1627 1009 placentes
1647 942 1709 994 in
1740 939 1859 994 sin-
1968 939 2447 1009 mine,virtutem
2476 948 2530 997 et
2556 948 2979 1013 tutamentum,
3005 946 3217 1014 malos,
3244 962 3614 1017 quaesumus,

207 1032 355 1102 gulis
385 1031 659 1085 ztatibus
691 1031 882 1100 eligit,
907 1031 1322 1101 electionisque
1345 1032 1599 1086 secernit
1625 1032 1861 1096 vasa,et
1969 1029 2165 1084 bonos
2198 1028 2396 1097 facito,
2442 1030 2635 1086 bonos
2657 1032 2716 1086 in
2748 1032 3014 1088 bonitate
3041 1050 3370 1100 conserva;
3413 1035 3620 1091 omnia

216 1122 300 1177 his
328 1122 509 1175 utitur
538 1118 624 1175 ad
652 1120 1052 1175 ministerium
1092 1126 1437 1176 sanctorum
1477 1136 1499 1175 :
1548 1120 1651 1191 qui
1697 1133 1861 1173 nunc
1969 1118 2129 1174 enim
2160 1125 2349 1190 potes,
2382 1127 2439 1176 et
2465 1136 2587 1176 non
2614 1128 2701 1177 est
2729 1123 2835 1193 qui
2874 1122 3245 1179 contradicat
3274 1122 3381 1179 tibi
3414 1140 3427 1178 :
3480 1138 3618 1179 cum

214 1214 371 1266 etiam
402 1216 479 1271 te.
511 1224 652 1264 cum
683 1212 947 1278 fugeres,
975 1214 1044 1263 ut
1085 1214 1270 1264 tumet
1297 1208 1529 1277 dixisti,
1561 1224 1682 1263 non
1731 1222 1858 1275 nos,
1969 1206 2130 1261 enim
2156 1207 2434 1270 volueris,
2465 1210 2685 1268 salvas.
2730 1216 2789 1266 et
2835 1211 3037 1267 nullus
3066 1212 3281 1267 resistit
3328 1210 3621 1267 voluntati

208 1300 301 1356 sed
346 1300 722 1354 vocationem
746 1314 927 1370 quam
957 1315 1064 1368 per
1084 1315 1191 1354 nos
1214 1301 1494 1367 futuram
1521 1298 1861 1366 suspicaba-
1970 1300 2106 1352 tuae.
2139 1297 2291 1352 Ecce
2333 1314 2511 1368 quam
2561 1300 2837 1368 breviter,
2888 1318 3181 1372 quamque
3210 1302 3379 1357 docte
3416 1301 3623 1357 doctor

201 1391 298 1456 ris,
348 1386 812 1443 inevitabitibus
836 1388 1052 1458 gratiae
1082 1389 1308 1444 retibus
1345 1388 1636 1458 illigavit,
1673 1402 1743 1443 ac
1796 1387 1860 1442 in
1971 1386 2243 1455 egregius
2270 1386 2409 1441 olim
2444 1388 2583 1443 huic
2613 1392 3033 1447 controversia
3051 1392 3230 1459 ﬁnem
3255 1391 3482 1460 posuit,
3522 1390 3624 1445 do-

202 1478 450 1533 mediam
482 1478 776 1533 Pisidiam
806 1478 1055 1533 deduxit
1078 1483 1144 1532 ut
1184 1476 1447 1533 homines
1477 1478 1730 1532 Domino
1761 1491 1861 1531 ca-
1972 1490 2106 1530 cens
2124 1491 2234 1543 per
2260 1476 2417 1531 hanc
2438 1492 2673 1545 precem
2700 1494 2817 1533 non
2851 1495 2887 1534 a
2914 1482 3139 1549 seipsz's,
3163 1481 3265 1535 sed
3286 1496 3320 1535 a
3351 1480 3471 1535 Deo
3500 1495 3623 1536 ma-

196 1568 340 1635 pias,
371 1572 437 1622 et
464 1582 545 1622 ea:
573 1566 883 1636 profundo
912 1566 1233 1636 pertrahas
1262 1566 1345 1621 ad
1367 1567 1578 1633 lucem,
1607 1581 1751 1638 quos
1776 1579 1863 1621 ce-
1976 1567 2060 1621 los
2086 1567 2350 1621 homines
2382 1568 2560 1623 bonos
2584 1569 2740 1636 ﬁeri,
2761 1584 2868 1625 nec
2893 1586 3003 1628 sua
3023 1573 3373 1649 virtute,sed
3403 1570 3624 1627 divinae

194 1657 276 1725 pit
297 1654 606 1722 diabolus,
631 1660 699 1711 ut
723 1670 891 1711 suam
920 1656 1107 1724 ipsius
1131 1656 1370 1725 faciant
1400 1656 1789 1712 voluntatem.
1971 1657 2186 1727 gratia
2216 1658 2524 1729 adjutorio
2555 1660 2617 1714 in
2649 1660 2780 1730 ipsa
2813 1662 3077 1719 bonitate
3100 1677 3500 1732 perseverare.

264 1836 310 1870 ⁶²
340 1837 361 1890 Ι
392 1837 535 1891 Cor.
564 1849 604 1902 ι,
633 1838 725 1889 27.
805 1835 853 1869 ⁸³
874 1833 1030 1891 Psal.
1055 1850 1176 1904 vni,
1200 1839 1230 1892 3
1256 1854 1268 1904 ;
1300 1835 1500 1893 Matth.
1524 1852 1634 1903 xxI,
1668 1839 1753 1893 16.

266 2014 378 2086 (18)
413 2014 726 2071 Biblioth.
760 2014 963 2095 Patr.,
996 2017 1142 2070 tom.
1176 2017 1259 2087 XI,
1295 2030 1355 2089 p.
1386 2019 1506 2074 198.

1466 2459 2345 2585 ELENCHUS

220 2760 509 2821 Veterum
570 2759 895 2820 librorum
946 2759 1025 2820 ad
1080 2778 1244 2837 quos
1303 2764 1525 2821 exacta
1583 2765 1645 2821 et
1701 2761 2045 2822 emendata
2102 2767 2252 2822 sunt
2307 2762 2527 2824 Basilii
2582 2781 2800 2842 opera,
2860 2780 3004 2842 quae
3055 2765 3119 2826 in
3152 2767 3272 2828 hoc
3301 2767 3627 2830 volumine

1713 2859 2140 2923 continentur.

275 3262 453 3319 Liber
483 3262 569 3317 De
595 3264 818 3331 spiritu
844 3264 1053 3316 sancto
1074 3274 1214 3315 cum
1244 3258 1515 3331 quinque
1538 3257 1736 3328 Regiis
1760 3258 2075 3315 codicibus
2105 3263 2163 3316 et
2194 3275 2317 3317 uno
2350 3259 2708 3317 Colbertino.

281 3370 374 3425 Ad
418 3369 713 3438 Epistolas
739 3369 800 3423 S.
838 3366 1041 3422 Basilii
1065 3382 1288 3436 magno
1320 3365 1593 3422 exstitere
1620 3366 1901 3438 praesidio
1924 3371 2043 3423 tres
2071 3367 2457 3441 potissimum
2489 3368 2727 3424 codices
2774 3367 3195 3440 antiquissimi,
3232 3369 3635 3425 Coislinianus

214 3474 281 3515 n.
311 3462 446 3528 237,
477 3457 692 3513 saeculo
720 3458 945 3513 circiter
968 3456 1290 3512 undecimo
1318 3456 1576 3528 scriptus
1599 3473 1613 3523 ;
1645 3455 2020 3523 Harlaaanus,
2044 3457 2281 3512 decimo
2313 3461 2416 3512 aut
2436 3456 2780 3527 undecimo,
2807 3462 2864 3513 et
2883 3456 3219 3523 Medicams,
3243 3474 3425 3531 quem
3447 3475 3637 3515 manu

214 3563 335 3602 sua
366 3546 809 3603 accuratissime
854 3563 993 3603 cum
1027 3545 1199 3601 editis
1230 3544 1478 3601 contulit
1506 3546 1597 3601 vir
1639 3546 1792 3601 inter
1818 3544 2111 3602 litteratos
2162 3545 2588 3602 celeberrimus
2626 3546 2921 3602 Antonius
2947 3547 3126 3603 Maria
3175 3548 3500 3604 Salvinius.
3534 3548 3634 3603 His

210 3637 408 3693 tribus
438 3635 769 3707 codicibus,
806 3636 1019 3692 saltem
1042 3651 1179 3690 cum
1203 3635 1375 3691 editis
1405 3634 1655 3691 contulit
1678 3634 1769 3689 vir
1794 3635 1948 3691 inter
1975 3635 2265 3692 litteratos
2307 3634 2728 3691 celeberrimus
2761 3636 3054 3691 Antonius
3084 3637 3265 3693 Maria
3297 3638 3624 3694 Salvinius.

207 3728 303 3783 His
330 3726 537 3782 tribus
564 3725 901 3795 codicibus,
926 3725 1139 3782 saltem
1193 3741 1332 3781 cum
1376 3725 1529 3781 inter
1558 3742 1622 3780 se
1654 3725 2056 3791 consentiunt,
2090 3724 2227 3797 plus
2259 3724 2459 3780 visum
2500 3729 2590 3780 est
2621 3724 3032 3794 tribuendum,
3065 3742 3254 3798 quam
3281 3725 3413 3782 aliis
3441 3726 3635 3784 omni-

204 3815 341 3871 bus.
364 3815 616 3871 Primus
642 3814 1063 3888 complectitur
1092 3813 1375 3887 epistolas
1397 3818 1489 3870 35l
1508 3858 1520 3881 ,
1550 3813 1900 3871 Harlteanus
1930 3817 2054 3881 249,
2082 3813 2396 3870 Medicmus
2423 3818 2546 3870 323.

268 3926 396 3980 Huc
425 3938 753 3980 accessere
778 3922 967 3979 codex
990 3925 1133 3992 Reg.
1159 3925 1321 3989 2293,
1362 3921 1505 3978 olim
1536 3921 1861 3979 cardinalis
1892 3921 2190 3989 Mazarini,
2214 3922 2622 3995 complectens
2652 3922 2940 3995 epistolas
2960 3926 3084 3979 272.
3120 3923 3220 3979 Hic
3236 3924 3428 3981 codex
3449 3939 3636 3981 anno-

197 4028 331 4069 rum
355 4018 455 4069 est
483 4016 622 4075 500,
655 4016 712 4068 et
730 4012 967 4085 primus
994 4011 1211 4081 Regius
1242 4028 1279 4067 a
1308 4011 1485 4068 nobis
1511 4016 1777 4068 vocatur.
1814 4011 2015 4069 Codex
2042 4014 2182 4081 Reg.
2216 4016 2377 4078 2897,
2403 4028 2586 4084 quem
2610 4012 2946 4069 secundum
2976 4028 3291 4082 vocamus,
3338 4013 3636 4087 complec-

199 4104 335 4160 titur
354 4101 666 4177 epistolas
697 4105 823 4157 334.
858 4101 1057 4158 Codex
1107 4101 1253 4171 Reg.
1287 4104 1450 4170 2896,
1484 4101 1799 4158 continens
1831 4100 2118 4173 epistolas
2148 4106 2237 4158 33.
2267 4101 2468 4157 Codex
2512 4104 2651 4172 Reg.
2693 4102 2855 4173 2502,
2884 4104 3196 4160 continens
3224 4103 3506 4175 epistolas
3543 4108 3636 4161 29.

201 4192 401 4247 Codex
433 4194 593 4261 Reg.
637 4196 792 4259 1824,
835 4192 898 4247 in
936 4184 1060 4264 quo
1093 4196 1211 4247 tres
1239 4190 1529 4262 epistolas,
1560 4207 1779 4264 nempe
1809 4194 1896 4262 43,
1930 4194 2033 4247 243
2062 4196 2119 4246 et
2145 4195 2268 4247 260.
2302 4190 2503 4247 Codex
2534 4194 2675 4262 Reg.
2727 4196 2885 4261 1906,
2918 4192 2980 4250 in
3006 4209 3128 4266 quo
3154 4192 3421 4267 epistolae
3472 4192 3629 4261 dum,

194 4299 417 4358 nempe
438 4288 477 4339 2
504 4289 569 4339 et
592 4286 681 4339 46.
709 4282 911 4339 Codex
942 4284 1081 4353 Reg.
1119 4285 1278 4346 1908,
1302 4281 1365 4337 in
1392 4298 1516 4355 quo
1537 4282 1830 4356 reperitur
1851 4282 2105 4356 epistola
2135 4280 2215 4338 ad
2251 4280 2585 4337 Chilonem.

260 4391 624 4448 Habuimus
648 4390 831 4448 etiam
850 4390 1050 4447 varias
1091 4387 1378 4446 lectiones
1404 4405 1476 4445 ex
1516 4389 1828 4446 codicibus
1854 4387 2336 4454 Combetisianis,
2375 4388 2700 4459 Bigotianis
2730 4388 2998 4457 duobus,
3023 4390 3495 4446 Claromoutano
3525 4393 3641 4448 An-

199 4482 466 4552 glicum,
522 4484 593 4538 in
642 4496 767 4554 quo
814 4481 1086 4555 epistola
1132 4484 1218 4548 28,
1272 4480 1581 4551 Vaticano,
1612 4481 1675 4536 in
1702 4496 1827 4553 quo
1874 4479 2146 4552 epistola
2194 4483 2317 4549 327,
2352 4495 2463 4535 nec
2510 4494 2635 4536 non
2681 4479 2934 4548 insignis
2974 4479 3251 4536 Ecclesiae
3291 4480 3640 4537 Parisiensis

200 4572 434 4640 codice,
490 4572 609 4645 qui
658 4570 822 4627 idem
852 4571 1089 4626 videtur
1119 4586 1253 4626 esse
1302 4586 1373 4626 ac
1404 4570 1855 4641 Bigotianorum
1888 4568 2057 4625 alter.
2094 4568 2513 4640 Suppeditavit
2557 4568 2921 4623 bibliotheca
2971 4568 3338 4625 Coisliniana
3368 4570 3639 4625 codicem

198 4664 319 4727 288,
353 4662 420 4719 in
453 4678 594 4735 quo
626 4660 894 4734 epistolae
926 4664 1051 4729 3'28,
1083 4676 1268 4732 quem
1296 4660 1732 4716 Coislinianum
1791 4658 2131 4714 secundum
2162 4673 2487 4724 vocamus;
2532 4662 2589 4711 et
2620 4656 2769 4712 alios
2798 4657 3150 4720 nonnullos,
3178 4657 3240 4712 in
3271 4657 3497 4729 quibus
3527 4657 3640 4714 ali-

196 4756 340 4821 quot
399 4750 627 4807 Basilii
657 4749 946 4822 epistolaa.
982 4752 1257 4806 Cauones
1309 4748 1501 4804 Basilii
1554 4748 1754 4804 collati
1806 4748 2047 4804 fuerunt
2088 4764 2227 4803 cum
2258 4747 2535 4819 pluribus
2567 4746 2878 4802 codicibus
2918 4746 3191 4817 ejusdem
3231 4746 3638 4818 bibliothecae,

195 4854 261 4896 ex
306 4839 560 4914 quibus
608 4842 806 4897 codex
856 4843 962 4895 209
1009 4838 1155 4894 noni
1185 4852 1321 4895 esse
1352 4837 1556 4896 seculi
1584 4838 1983 4910 existimatur,
2016 4842 2074 4894 et
2103 4852 2244 4894 cum
2292 4836 2487 4906 Regiis
2537 4835 2851 4892 codicibus
2882 4840 3045 4901 2038,
3078 4840 3240 4903 2039,
3279 4837 3441 4906 2063,
3472 4838 3634 4907 2044,

200 4930 357 4993 2502,
384 4934 572 5001 2505,
604 4932 773 4996 2508,
805 4932 973 4999 2509,
1007 4931 1172 4987 3027.
