4062 6208
187 263 242 315 σς
1373 242 1577 310 LIBER
1616 256 1707 311 DE
1747 255 2011 310 SPIRITU
2053 256 2343 313 SANCTO.
3396 242 3400 247 ’
3470 268 3539 320 7o

179 388 250 437 ιαὶ
295 386 435 455 πρὸς
489 381 695 453 ἀγνοίας
725 384 867 433 ἴασιν
896 384 988 438 τὴν
1043 379 1286 438 ἀλήθειαν
1316 380 1611 451 ἑκζητοῦση
1664 398 1774 449 χα-

1901 381 2251 452 Ῑιιεθεῐὶοηος
2300 380 2474 437 nobis
2501 381 2806 452 objiciant,
2839 383 3057 441 horum
3104 386 3218 442 hoc
3270 392 3537 463 tempore

177 474 457 525 λεπώτατον
490 470 746 541 ἐντυχεῖν.
770 470 853 529 Ὠς
878 475 977 544 γὰρ
1010 475 1170 541 παγίς
1204 473 1459 543 θηρατῶν,
1486 473 1576 520 καὶ
1620 467 1774 519 πολε-

176 565 396 634 μούντων
429 556 626 632 ἐνέδρα,
668 564 979 633 κεκρνμένον
1017 564 1103 611 τόν
1136 557 1285 612 δόλον
1326 560 1438 629 (‘22)
1479 563 1569 610 καὶ
1621 556 1774 628 ἔγκα-

176 653 424 703 τάσκευον
454 652 562 720 ἔχει
596 651 663 699 τά
718 657 818 699 τῶν
858 648 1053 700 πολλῶν
1098 648 1422 723 ἐρωτήματα,
1456 647 1505 700 οἱ
1542 646 1773 720 προϐάλ-

177 741 317 791 λουσι
347 739 555 810 λόγους,
585 738 691 808 οὐχ
734 740 817 788 ἵνα
846 758 898 789 τι
923 743 1189 810 χρήσιμον
1235 738 1464 789 λάϐωσιν
1501 735 1552 797 ἐξ
1582 735 1770 803 αὐτῶν,

183 829 271 881 ἄλλ’
300 830 463 895 ὅπως,
505 826 589 879 ἐάν
642 832 716 900 μὴ
762 827 1151 900 συμϐαινούσας
1198 836 1260 900 τῇ
1294 828 1483 880 ἑαυτῶν
1524 825 1775 897 ἐπιθυμίᾳ

183 921 264 980 τὰς
298 917 605 993 ἀποκρίσεις
635 917 849 992 εὕρωσι,
890 920 1084 976 ταύτην
1117 917 1352 993 ἀφορμὴν
1381 914 1594 969 δικαίαν
1631 918 1773 985 ἔχειν

190 1005 374 1069 δόξωσι
399 1014 485 1058 τοῦ
505 1006 757 1078 πολέμογ.

1883 485 2109 540 magna
2135 476 2225 526 est
2245 472 2438 542 copia.
2475 476 2543 526 At
2568 472 2629 525 in
2653 472 2923 528 animum
2966 474 3233 531 discendi
3264 479 3533 546 avidum,

1883 558 2110 630 quique
2141 560 2218 614 ad
2254 560 2649 631 ignorationis
2685 561 2984 617 medelam
3015 580 3223 621 verum
3253 566 3533 640 inquirat,

1881 647 2308 705 difficillimum
2357 654 2446 705 est
2496 650 2779 706 incidere.
2831 652 3057 707 Etenim
3084 659 3149 709 ut
3187 662 3537 715 venatorum

1879 735 2132 809 laqueus
2164 744 2219 793 et
2256 740 2520 795 hostium
2544 739 2796 809 insidim,
2828 741 2906 796 ita
2936 741 3210 799 fraudem
3242 747 3537 804 occultam

1882 831 1938 881 et
1968 832 2092 883 arte
2122 830 2477 884 instructam
2502 829 2729 885 habent
2756 830 3083 886 multorum
3130 832 3540 906 interrogatio-

1885 930 2017 983 nes,
2040 916 2143 988 qui
2190 916 2500 989 proferunt
2521 918 2580 973 in
2614 918 2880 973 medium
2907 920 3291 991 quaestiones,
3325 938 3446 980 non
3477 931 3543 983 ut

1880 1018 1950 1058 ex
1982 1005 2075 1059 his
2112 1005 2341 1078 aliquid
2366 1007 2610 1078 capiant
2660 1007 2942 1076 utilitatis,
2972 1009 3077 1063 sed
3121 1014 3202 1079 ut,
3246 1011 3294 1066 si
3340 1013 3544 1081 minus

196 1094 665 1154 accommodatas
699 1111 826 1151 suae
853 1096 1164 1169 cupiditati
1185 1096 1609 1168 responsiones
1639 1092 1965 1163 inveniant,
1992 1093 2149 1149 hanc
2175 1094 2312 1150 belli
2340 1112 2590 1152 causam
2621 1097 2845 1153 habere
2867 1098 3095 1168 justam
3126 1100 3468 1159 videantur.

258 1192 299 1242 2.
348 1187 407 1239 Εἰ
455 1181 513 1238 δι
571 1193 643 1256 τῷ
694 1184 922 1257 Ἀνοήτῳ
989 1185 1380 1261 ἐπερωτήσαντι
1446 1189 1558 1256 (23)
1620 1188 1777 1256 σοφία

198 1276 580 1348 ληισθησεταισ
652 1279 738 1327 τόν
787 1279 997 1327 συνετὸν
1052 1273 1333 1348 ἀκροατὴν,
1398 1279 1483 1327 τὸν
1528 1276 1626 1325 ὑπό
1684 1279 1775 1324 τοῦ

186 1370 436 1439 προφήτου
499 1371 575 1434 τῷ
638 1365 927 1436 θαυμαστῷ
987 1363 1263 1437 συμϐούλῳ
1321 1364 1773 1439 παραζευχθένταν

189 1460 331 1506 πόσου
374 1455 528 1516 ἄξιον
557 1454 916 1525 λογισόμεθα;
950 1454 1016 1506 Ἠ
1064 1474 1163 1506 που
1197 1451 1405 1506 δίκαιον
1460 1456 1636 1513 πάσης
1689 1455 1777 1524 μεν

186 1540 456 1615 ἀποδοχῆς
505 1542 705 1610 ἀξιοῦν,
743 1545 987 1616 προάγειν
1037 1540 1095 1595 δὲ
1148 1544 1213 1604 εἰς
1242 1547 1300 1595 τὸ
1330 1548 1532 1617 πρόσω,
1593 1560 1777 1614 συνεφ-

186 1638 495 1705 απτομένους
523 1632 664 1701 αὐτῷ
693 1639 789 1691 τῆς
840 1630 1013 1684 σπουδ
1017 1641 1045 1690 ἧ
1059 1653 1101 1702 ς,
1156 1638 1244 1684 καὶ
1300 1634 1471 1709 παντα
1528 1650 1778 1684 συνεκπο-

1886 1270 2049 1325 bitur
2078 1274 2124 1306 ⁸⁵
2161 1290 2173 1327 :

1885 1360 2065 1432 pheta
2087 1378 2225 1417 cum
2240 1363 2582 1419 admirabili
2595 1366 2937 1420 consiliario
2952 1367 3546 1443 copulavit“,quanti

1886 1451 2371 1508 aestimabimus?
2402 1454 2667 1525 quuum
2696 1460 2781 1510 est
2811 1455 3097 1527 profecto,
3152 1462 3217 1512 ut
3264 1474 3403 1513 eum
3443 1475 3547 1533 ap-

1888 1539 2245 1610 probatione
2266 1542 2433 1598 omni
2459 1542 3031 1615 complectamur,ac
3063 1544 3304 1617 longius
3332 1563 3544 1619 prove-

1887 1630 2127 1697 liamus,
2152 1647 2404 1687 manum
2427 1632 2581 1687 illius
2613 1633 2813 1689 studio
2846 1635 3027 1690 simul
3054 1636 3467 1707 admoventes,
3491 1642 3549 1695 et

1955 1187 2009 1236 2.
2029 1184 2199 1248 Quod
2226 1185 2273 1239 si
2298 1185 2496 1241 Stulto
2528 1187 2938 1257 interroganti
2955 1190 3255 1257 sapientia
3287 1192 3544 1261 imputa-

2226 1275 2698 1331 auscultatorem
2731 1277 3115 1347 prudentem,
3166 1295 3350 1350 quem
3408 1297 3547 1353 pro-

181 1730 406 1791 νοῦντας,
465 1721 779 1793 ἕπειγομένῳ
810 1724 938 1796 πρὸς
970 1727 1064 1780 τὴν
1112 1722 1388 1776 τελείωσιν.
1429 1726 1499 1774 T6
1537 1724 1649 1794 γάμ
1704 1726 1775 1793 μὴ

1901 1734 1949 1774 .n
1975 1720 2259 1776 omnibus
2299 1738 2437 1777 cum
2478 1739 2546 1778 eo
2578 1722 2658 1778 ad
2695 1723 3124 1795 perfectionem
3147 1727 3548 1783 contendente

1652 1810 1781 1862 ἀλλὰ

181 1903 461 1975 πειρᾶσθαι
514 1904 601 1954 τὸν
640 1900 687 1953 ἕν
752 1902 946 1974 ἑκάστη
998 1901 1128 1964 λέξει
1184 1907 1274 1953 καὶ
1331 1899 1379 1952 ἕν
1430 1902 1620 1974 ἑκάστη
1665 1902 1779 1970 (24)

182 1817 446 1886 παρέργως
521 1809 724 1863 ἀκούειν
799 1820 899 1862 τῶν
976 1810 1279 1882 θεολογικῶν
1356 1820 1530 1882 φωνῶν
1558 1856 1572 1872 ,

186 1990 401 2063 συλλαϐῇ
456 1995 804 2064 κεκρυμμένον
857 1998 974 2043 νοῦν
1004 1989 1301 2062 ἐξιχνεύειν,
1361 1991 1455 2042 οὐκ
1500 1989 1670 2064 ἀργῶν
1710 1994 1781 2051 εὶς

181 2079 459 2147 εὐσέϐειαν,
517 2078 647 2132 ἀλλὰ
695 2081 1053 2153 γνωριζόντων
1111 2083 1197 2131 τὸν
1259 2084 1452 2132 σκοπὸν
1504 2085 1599 2142 τὴς
1656 2079 1780 2138 κλή-

184 2188 297 2231 σεως
363 2172 520 2235 ἡμῶν
554 2185 567 2199 ⁸
628 2170 709 2222 ὅτι
746 2172 1017 2244 πρόκειται
1082 2171 1206 2241 ἡμῖν
1266 2170 1584 2241 ὁμοιωθῆναι
1647 2179 1782 2241 Θεῷ,

182 2262 297 2312 κατὰ
322 2262 387 2312 τό
425 2255 650 2311 δυνατὸν
702 2258 975 2334 ἀνθρώπου
1031 2262 1202 2329 φύσει.
1234 2259 1514 2331 Ὁμοίωσις
1572 2257 1649 2327 δὲ,
1692 2260 1787 2312 οὐκ

653 2351 683 2407 ἠ
728 2345 788 2401 δε
816 2358 1030 2419 γνῶσις,
1060 2340 1154 2401 οὐκ
1194 2348 1339 2411 ἐκτὸς
1368 2351 1480 2419 (25)
1523 2346 1789 2423 δίδαγμα-

186 2457 287 2496 τυν.
312 2442 489 2510 Λόγος
521 2435 580 2491 δε
630 2434 986 2499 διδασκαλίας
1017 2438 1158 2514 ἀρχή
1183 2460 1195 2473 ο
1229 2439 1388 2511 λόγου
1417 2436 1475 2491 δὲ
1505 2444 1633 2514 μέρη
1666 2440 1788 2492 συλ-

184 2526 323 2581 λαϐαί
378 2532 474 2579 καὶ
522 2528 695 2591 λέξεις.
729 2527 891 2580 Ὠστε
942 2528 1036 2580 οὐκ
1074 2528 1169 2591 ἔξω
1217 2536 1416 2581 σκοποῦ
1464 2534 1639 2600 γέγονε
1692 2537 1789 2581 τῶν

184 2350 287 2402 ἄνευ
310 2354 561 2420 γνώσεως
595 2366 609 2378 ⁹

192 2615 445 2669 συλλαϐῶν
499 2620 530 2674 ἡ
587 2618 845 2681 ἑξέτασις.
889 2617 962 2670 Οὐ
1001 2623 1104 2691 μὴν
1134 2620 1215 2671 ὅτι
1264 2622 1447 2692 μικρὰ,
1502 2621 1571 2681 ὡς
1610 2620 1670 2670 οἶν
1718 2639 1790 2691 τῳ

196 2701 360 2774 δόξαι,
425 2710 488 2758 τὰ
539 2704 876 2780 ἐρωτήματα,
933 2703 1025 2760 διὰ
1098 2715 1252 2761 τοῦτο
1318 2714 1407 2760 καὶ
1462 2710 1793 2782 παροφθῆναι

191 2794 305 2857 ἄξια
337 2816 349 2829 η
392 2794 496 2848 ἀλλ’
526 2793 709 2855 ἐπειδὴ
747 2793 1086 2870 δυσθήρατός
1112 2800 1140 2856 ἠ
1177 2795 1413 2864 ἀλήθεια,
1462 2800 1793 2869 πανταχόθεν

187 2883 303 2956 ἦμεν
338 2884 664 2958 ὶξιχνευτέα.
714 2886 776 2940 Εἰ
804 2889 906 2961 γὰρ
938 2888 1110 2961 ὥσπερ
1167 2888 1220 2939 αἱ
1263 2891 1470 2960 τέχναι,
1527 2888 1663 2940 οὕτω
1703 2888 1794 2939 καὶ

184 2973 212 3028 ἦ
265 2980 359 3035 τῆς
423 2974 688 3035 εὐσεϐείας
740 2975 857 3046 (26)
924 2974 1176 3047 ἀνάληψις
1242 2983 1359 3038 ταῖς
1423 2979 1559 3029 κατά
1605 2980 1791 3049 μικρὸν

1888 1808 2257 1882 laborantes.
2310 1814 2458 1867 Nam
2515 1812 2682 1867 haud
2719 1813 3121 1884 perfunctorie
3150 1829 3331 1872 voces
3387 1817 3550 1872 theo~

1891 1898 2119 1968 logicas
2137 1901 2481 1968 audire,sed
2502 1902 2728 1971 conari,
2751 1902 2898 1973 quid
2916 1903 2973 1959 in
3000 1919 3242 1976 quaque
3267 1904 3547 1971 dictione,

1894 1988 2041 2059 quid
2084 1990 2145 2045 in
2203 2006 2446 2063 quaque
2496 1990 2731 2063 syllaba
2778 1992 3068 2049 reconditi
3123 2009 3337 2050 sensus
3366 1994 3551 2051 lateat

1894 2079 2404 2148 perscrutari,non
2432 2084 2757 2155 esteorum
2782 2082 2888 2152 qui
2911 2096 3124 2150 segnes
3153 2087 3294 2139 sunt
3321 2082 3401 2139 ad
3432 2082 3554 2155 pie-

1896 2170 2098 2234 tatem,
2132 2168 2237 2223 sed
2263 2168 2367 2239 qui
2408 2153 2743 2224 vocationis
2789 2173 3001 2225 nostrze
3051 2187 3303 2243 scopum
3343 2153 3553 2228 intelli-

1897 2260 2090 2324 gunt:
2142 2256 2644 2330 quandoquidem
2688 2258 2862 2314 nobis
2913 2260 3291 2331 propositum
3340 2264 3446 2329 est,
3489 2264 3554 2317 ut

1897 2344 2123 2401 similes
2154 2344 2487 2402 efﬁciamur
2516 2349 2656 2415 Deo,
2683 2354 2982 2420 quatenus
3007 2348 3291 2406 humanae
3322 2354 3553 2406 natura;

1897 2434 1989 2489 fas
2032 2440 2141 2491 est.
2175 2437 2355 2491 Porro
2386 2436 2716 2492 similitudo
2772 2453 2897 2493 non
2946 2442 3033 2494 est
3076 2437 3306 2511 absque
3352 2438 3558 2509 cogni-

1896 2522 2079 2579 tione:
2110 2524 2371 2593 cognitio
2400 2540 2544 2581 vero
2571 2525 2702 2581 sine
2727 2525 3103 2582 documentis
3134 2543 3256 2584 non
3283 2532 3551 2600 paratur.

1901 2613 2190 2669 Doctrinae
2256 2619 2459 2671 autem
2523 2615 2780 2685 initium,
2835 2622 2923 2671 est
2984 2616 3197 2685 oratio,
3267 2617 3555 2675 orationis

1899 2707 2101 2774 partes
2129 2702 2379 2773 syllabae
2400 2718 2470 2759 ac
2495 2704 3062 2762 dictiones.Proinde
3085 2706 3355 2778 syllabas
3377 2723 3553 2764 excu-

1901 2796 2045 2859 tere,
2068 2807 2190 2847 non
2211 2797 2303 2847 est
2332 2792 2612 2849 aberrare
2640 2812 2672 2850 a
2701 2810 2907 2866 scopo.
2940 2798 3055 2851 Nec
3084 2811 3230 2852 vero
3259 2798 3553 2869 quoniam

1902 2882 2167 2949 minutae,
2199 2886 2266 2937 ut
2294 2881 2470 2938 alicui
2524 2883 2673 2940 forte
2726 2883 3110 2953 videbuntur,
3142 2886 3549 2956 quaestiones;

1901 2969 2123 3026 idcirco
2153 2975 2211 3026 et
2259 2971 2634 3043 negligenda;
2670 2978 2850 3028 sunt:
2883 2973 3005 3028 imo
3048 2974 3344 3044 quoniam
3401 2972 3554 3029 difﬁ-

186 3066 517 3136 κροσθηκαις
572 3065 808 3134 αὔξεται,
867 3062 1078 3126 οὐδενός
1152 3068 1464 3139 ὑπεροπτέον
1537 3074 1651 3129 τοῖς
1724 3066 1787 3128 εἰς

1901 3059 2029 3116 cilis
2078 3065 2167 3116 est
2191 3061 2439 3117 inventu
2468 3061 2706 3128 veritas,
2740 3061 3007 3134 undique
3037 3061 3216 3119 nobis
3269 3067 3355 3118 est
3379 3063 3555 3120 vesti-

181 3156 271 3209 τήν
344 3163 538 3224 γνῶσιν
615 3155 969 3225 εἰσαγομένοις
1005 3175 1017 3187 ·
1079 3158 1147 3216 ὡς
1186 3160 1230 3207 εἴ
1282 3176 1361 3218 τις
1416 3164 1517 3208 τῶν
1575 3161 1788 3232 πρώτων

185 3249 463 3313 στοιχείων
526 3245 592 3303 ὡς
653 3252 887 3316 σμικρῶν
953 3241 1211 3319 ὑπερίδοι,
1253 3242 1504 3298 οὐδέποτε
1544 3254 1644 3298 τῶν
1705 3265 1790 3298 τε-

182 3328 331 3381 λείων
380 3339 479 3392 τῆς
512 3336 691 3402 σοφίας
720 3331 998 3404 ἐφάψεται.
1050 3337 1120 3385 T6
1163 3338 1248 3385 ναὶ
1287 3338 1377 3385 καὶ
1408 3337 1467 3386 τὸ
1498 3333 1557 3386 οὓ
1599 3334 1791 3387 συλλα-

184 3415 278 3467 ϐαὶ
344 3415 482 3468 666'
553 3417 651 3469 ἀλλ’
692 3422 825 3491 ὅμως
862 3425 921 3473 τὸ
989 3424 1268 3493 κράτιστον
1313 3431 1409 3474 τῶν
1478 3422 1707 3494 ἀγαθῶν,
1758 3426 1788 3481 ἠ

186 3503 438 3571 ἀλήθεια,
478 3511 565 3557 καὶ
601 3507 626 3558 6
660 3510 873 3580 ἔσχατος
904 3513 1023 3584 ὄρος
1051 3520 1142 3572 τῆς
1171 3516 1439 3585 πονηρίας,
1473 3516 1531 3564 τό
1572 3510 1788 3584 ψεῦδος,

182 3601 300 3656 τοῖς
333 3603 550 3668 μικροῖς
603 3601 794 3659 τούτοις
846 3601 1054 3673 ῥήμασι
1101 3601 1349 3663 πολλάκις
1388 3601 1784 3676 ἐμπεριέχεται.

180 3690 281 3737 Καὶ
318 3689 379 3736 τί
416 3694 584 3738 ταῦτα
607 3686 780 3760 λέγως
830 3687 971 3748 Ἤδη
1027 3710 1103 3751 τις
1152 3697 1241 3744 καὶ
1281 3697 1435 3764 μόνον
1476 3695 1795 3753 κατανεύσας

178 3781 240 3844 τῇ
271 3776 471 3847 κεφαλῇ
530 3776 579 3828 ἰν
629 3785 738 3839 τοῖς
796 3781 925 3852 ὑπερ
968 3789 1203 3853 Χριστοῦ
1235 3787 1563 3857 μαρτυρίοις,
1618 3786 1796 3844 πάσης

176 3862 466 3938 πληρωτὴς
511 3866 772 3929 εὐσεϐείας
814 3867 991 3941 ἐκρίθη
1048 3872 1183 3940 (27).
1234 3871 1293 3923 Εἰ
1334 3869 1393 3924 δὲ
1431 3880 1596 3925 ταῦτα
1638 3874 1797 3933 οὕτως

175 3956 303 4023 ἔχει,
362 3960 419 4007 τί
478 3963 581 4005 τῶν
624 3956 929 4027 θεολογικῶν
985 3960 1232 4033 ῥημάτων
1299 3962 1433 4012 οὕτω
1485 3966 1691 4034 μικρὸν,
1734 3965 1797 4023 ὡς

172 4043 201 4101 ἡ
253 4041 431 4104 καλῶς
476 4044 508 4101 ἡ
552 4042 795 4107 ἐναντίως
843 4049 986 4117 ἔχον,
1020 4053 1091 4120 μὴ
1139 4050 1365 4121 μεγάλην
1396 4055 1648 4123 παρέχειν
1702 4056 1795 4109 τὴν

168 4132 331 4201 ῥοπὴν
364 4133 447 4205 ἐφ’
487 4132 749 4206 inanest;
813 4138 871 4189 Εἰ
919 4140 1020 4209 γὰρ
1068 4137 1122 4189 ἐκ
1170 4147 1261 4190 τοῦ
1299 4144 1457 4212 νόμου
1518 4141 1645 4192 ἰῶτα
1684 4140 1731 4192 ἓν
1764 4142 1792 4199 ἣ

169 4228 260 4291 μία
316 4228 524 4297 κεροιία
588 4224 648 4275 οὐ
709 4224 1100 4299 παρελεύσεται,
1141 4237 1248 4289 πῶς
1289 4227 1348 4279 ἂν
1392 4232 1518 4301 ἡμῖν
1577 4228 1797 4301 ἀσφαλὲς

165 4312 511 4385 ὑπερϐαίνειν
567 4320 659 4365 καὶ
724 4318 791 4366 τά
850 4321 1215 4390 σμικρότατος
1270 4316 1331 4368 Ἀ
1373 4338 1431 4390 γε
1486 4324 1589 4391 μὴν
1640 4319 1796 4381 αὐτὸς

169 4396 619 4477 διευκρινηθῆναι
659 4405 786 4478 παρ’
840 4406 984 4477 ἡμῶν
1024 4404 1375 4477 ἐπεζήτησας,
1443 4413 1531 4460 καὶ
1583 4407 1797 4483 βραχέα

236 4634 281 4671 ⁸⁸
314 4636 509 4692 Prov.
542 4650 680 4702 xm,
716 4638 806 4691 28.
885 4638 931 4671 ⁵⁸
958 4638 1070 4693 lsa.
1107 4653 1189 4703 ιιι,
1222 4642 1275 4696 3.

232 4870 352 4931 (22)
384 4870 498 4918 Τὸν
523 4861 703 4918 δόλον.
733 4865 1307 4940 Editio_Basileensis
1337 4872 1422 4920 τὸν
1452 4868 1627 4940 λόγον.

230 4941 346 5001 [23)
378 4940 661 5011 Ἐπερωτῄ
674 4956 843 4992 σαντι.
868 4937 1113 4994 Addunt
1137 4940 1275 4995 editi
1307 4937 1796 5011 copiam-interro-

166 5012 333 5074 genti
351 5009 738 5080 sapientiam
772 5012 1068 5078 sapientia
1112 5009 1517 5080 reputabitur,
1570 5013 1678 5068 sed
1726 5029 1797 5069 ea

169 5095 269 5134 vox
284 5080 521 5136 addita
541 5078 781 5134 videtur
798 5078 1275 5138 arecentioribus
1300 5083 1639 5148 librariis,et
1656 5101 1795 5141 cum

169 5164 291 5225 eam
319 5150 676 5225 dqpleverim
707 5151 874 5225 initio
907 5153 1180 5225 Epistula
1212 5156 1421 5225 prima;
1454 5157 1792 5221 Canonicaa,

170 5223 301 5297 quia
330 5222 635 5297 deest_in
684 5222 1118 5297 antiquissimis
1161 5222 1495 5295 codicibus,
1537 5227 1797 5284 delenda

170 5295 343 5350 etiam
378 5296 513 5350 hoc
545 5292 686 5348 loco
706 5292 833 5350 fuit.

231 5368 462 5442 (ξεί-Ἐν
520 5364 744 5442 ἑκάστῃ,
773 5366 991 5442 Addita
1027 5368 1375 5442 praepositio
1416 5386 1487 5425 ex
1535 5376 1798 5442 quatuor

174 5437 491 5513 codicibus
526 5437 829 5495 mss.ltlox
858 5438 980 5494 duo
1002 5437 1242 5496 c'odic'es
1266 5442 1448 5509 Regii,
1474 5437 1705 5513 primus
1739 5447 1796 5497 et

175 5510 390 5574 tertius,
430 5512 643 5561 σκοπὸν
675 5518 767 5570 τῆς
795 5515 1054 5581 γνώσεως,
1084 5528 1328 5581 scopum
1359 5510 1579 5569 nostra
1608 5515 1794 5570 scien-

178 5580 280 5635 ατ.
308 5582 459 5639 Hec
495 5580 810 5654 scriptura
845 5580 1234 5642 manifestum
1258 5590 1348 5644 est
1398 5590 1683 5656 erratum,
1724 5601 1796 5643 ac

1901 3149 2361 3219 ganda.Etenim
2393 3150 2461 3219 si,
2490 3156 2555 3206 ut
2578 3156 2755 3218 artes,
2786 3151 2869 3207 ita
2900 3156 2954 3207 et
2984 3151 3218 3223 pietatis
3240 3152 3555 3225 acquisitio

1903 3239 2191 3312 paulatim
2223 3241 2468 3296 minutis
2494 3241 2942 3297 accessionibus
2964 3241 3255 3310 augescit;
3289 3242 3435 3297 nihil
3465 3248 3559 3300 est

1901 3329 2414 3385 contemnendum
2442 3330 2512 3385 iis
2540 3331 2645 3402 qui
2674 3331 2751 3386 ad
2783 3330 3191 3400 cognitionem
3241 3331 3559 3387 instituun-

1900 3423 1996 3475 tur
2029 3437 2041 3474 :
2092 3420 2615 3490 quemadmodum
2656 3421 2703 3475 si
2751 3421 2888 3492 quis
2946 3421 3141 3492 prima
3170 3420 3468 3477 elementa
3495 3424 3561 3477 ut

1903 3508 2138 3564 minuta
2166 3514 2529 3575 contemnat,
2560 3524 2877 3582 nunquam
2898 3510 3299 3582 perfectorum
3322 3510 3562 3583 sapien-

1902 3598 2050 3654 tiam
2083 3605 2455 3670 assequetur.
2491 3603 2588 3656 Nae
2619 3605 2676 3655 et
2705 3604 2851 3669 Non,
2887 3599 3133 3670 syllabae
3191 3600 3326 3654 dum
3368 3604 3510 3655 sunt
3542 3615 3555 3653 :

1906 3692 2169 3753 attamen
2222 3687 2525 3744 bonorum
2568 3690 2866 3761 optimum
2896 3690 3137 3756 veritas,
3170 3693 3226 3743 et
3254 3692 3557 3743 extremus

1904 3777 2212 3848 pravitatis
2261 3777 2549 3833 terminus
2607 3776 3013 3843 mendacium,
3066 3776 3409 3848 frequenter
3466 3777 3560 3831 his

1908 3866 2155 3921 minutis
2176 3866 2378 3922 verbis
2412 3866 3027 3938 comprehenduntur.
3066 3866 3179 3921 Sed
3235 3866 3379 3938 quid
3434 3866 3559 3923 haec

1906 3972 2340 4023 commemoro,
2372 3972 2512 4011 cum
2539 3957 2669 4026 jam
2718 3957 2764 4011 si
2787 3955 2922 4029 quis
2954 3948 3045 4011 vel
3085 3957 3276 4027 capite
3309 3961 3558 4021 annuat,

1905 4048 2034 4099 tum
2065 4060 2201 4099 cum
2232 4044 2520 4115 martyrio
2546 4061 2655 4116 pro
2674 4045 2903 4101 Christo
2928 4044 3418 4116 perfungendum
3449 4048 3559 4108 est,

1905 4138 2092 4188 totam
2118 4135 2399 4206 pietatem
2429 4133 2761 4205 explevisse
2791 4133 3085 4203 iudicetur
3104 4135 3131 4189 ?
3162 4133 3334 4198 Quod
3361 4133 3409 4187 si
3433 4133 3561 4188 huic

1907 4221 1985 4277 ad
2014 4223 2175 4279 hunc
2206 4224 2430 4279 habent
2462 4222 2735 4290 modum,
2776 4222 2925 4295 quid
2955 4239 3086 4279 esse
3124 4222 3314 4294 possit
3342 4222 3403 4278 in
3433 4237 3559 4278 ver-

1904 4312 2019 4378 bis,
2068 4328 2205 4383 qum
2239 4313 2313 4367 de
2355 4315 2474 4367 Deo
2522 4312 2822 4379 dicuntur,
2859 4313 2911 4383 3
2945 4311 3098 4368 adeo
3135 4310 3444 4383 pusillum,
3498 4314 3563 4367 ut

1908 4402 2001 4457 vel
2037 4408 2194 4458 recte
2234 4403 2327 4459 vel
2365 4420 2537 4459 secus
2558 4402 2809 4471 dictum,
2840 4418 2963 4458 non
2994 4417 3290 4472 magnum
3337 4399 3563 4458 habeat

1908 4869 2217 4925 sententia:
2270 4869 2482 4924 seriem
2538 4868 2778 4940 penitus
2818 4867 3174 4936 denormat;
3218 4865 3325 4923 sed
3365 4870 3567 4924 tamen

1908 4941 2270 4997 Combetisio
2301 4940 2611 5011 probatur.

1977 5017 2085 5081 (23)
2121 5012 2232 5063 Οὐκ
2264 5010 2423 5072 ἐκτός.
2457 5013 2547 5069 Sic
2578 5012 2699 5067 duo
2756 5011 2921 5081 Regii
2950 5016 3007 5068 et
3045 5010 3213 5081 Colb.
3266 5016 3321 5066 et
3350 5010 3566 5079 Regius

1905 5084 2154 5155 quintus
2187 5083 2244 5138 in
2292 5084 2587 5153 margine.
2624 5080 2991 5155 Editifpamg
3022 5084 3075 5136 ἐκ
3107 5080 3404 5154 διδαγμῶν.
3440 5082 3567 5155 Duo

1906 5151 2145 5210 codices
2191 5170 2339 5209 mss.
2366 5151 2560 5225 γνῶσις
2590 5155 2646 5207 ἐκ
2706 5151 3077 5227 δίδαγμα-των,
3112 5151 3373 5225 cognitio
3414 5167 3444 5207 e
3466 5152 3566 5206 do-

1906 5229 2107 5284 ctrina
2136 5232 2420 5294 paratur.

1978 5296 2404 5367 (26)Εὐσεϐεία;.
2456 5301 2594 5369 lteg.
2633 5302 2893 5371 quartus,
2920 5298 3182 5371 ᾁληθείας.
3210 5294 3397 5363 Paulo
3428 5297 3570 5367 post

1906 5369 2214 5447 editirrqrs',
2240 5374 2357 5447 tres
2374 5367 3113 5447 Begii'codicespéé‘inotg.
3185 5437 3200 5447 _
3412 5438 3421 5447 _

1918 5513 1929 5524 ο
1976 5443 2081 5524 (2])
2116 5442 2345 5516 Ἐκρίθη.
2372 5437 2511 5515 Reg.
2535 5443 2765 5515 primus
2788 5438 3094 5512 ἐδείχθη,ει
3126 5437 3204 5496 ad
3232 5438 3570 5508 marginem

1908 5516 2111 5588 ἐκρίθη.
