4062 6208
462 286 522 338 7t
1849 278 1904 332 S.
1949 276 2124 331 BASII

2238 278 2453 333 MAGNI
3770 273 3839 323 72

464 409 842 461 momentum
873 404 932 460 in
956 408 1276 476 utramque
1306 406 1539 475 partem
1567 405 1592 458 ?
1616 405 1760 457 Nam
1796 399 1847 455 si
1898 416 1969 455 ex
1998 399 2124 469 lege

2240 419 2349 452 εστι
2400 404 2465 453 τά
2503 401 2637 453 αὑτά
2662 403 2749 451 καὶ
2777 398 2977 471 μέγάλα
3010 418 3021 429 ·

458 511 572 551 nec
606 511 798 551 unum
830 495 950 551 iota
977 510 1085 549 nec
1117 510 1271 564 apex
1304 509 1460 548 unus
1503 490 1829 563 praeteribit
1851 491 1922 557 ⁵⁷,
1974 506 2131 561 quo-

463 584 650 640 modo
672 584 849 639 nobis
885 588 1077 638 tutum
1122 581 1298 637 fuerit
1328 580 1422 635 vel
1472 579 1880 635 minutissima
1912 578 2131 633 transi-

469 674 626 729 lire?
676 679 745 729 At
793 689 929 744 quae
985 675 1107 725 tute
1161 686 1196 725 a
1234 670 1410 725 nobis
1458 668 1761 724 enucleari
1790 666 2131 740 postulasti,

474 762 685 819 eadem
711 762 927 828 exigua
958 763 1095 813 sunt
1118 763 1175 813 et
1202 774 1430 828 magna
1464 775 1476 812 :
1503 758 1855 829 prolationis
1881 755 2131 828 quidem

468 849 830 921 compendio
849 848 1277 918 exigua,atque
1304 847 1384 903 ob
1401 847 1460 902 id
1482 848 1734 902 fortasse
1757 844 2133 916 contemptui

462 940 744 1004 obnoxia,
778 937 885 991 sed
917 954 1114 992 rerum
1151 936 1628 1007 signiﬁeatarum
1657 937 1712 992 vi
1744 952 1972 1007 magna
2005 952 2017 990 :
2052 934 2131 990 ad

463 1025 919 1084 similitudinem
943 1026 1369 1097 sinapis,quod
1390 1043 1529 1081 cum
1553 1026 1630 1081 sit
1653 1024 2127 1081 minutissimum

457 1116 611 1171 inter
637 1114 807 1170 arida
851 1116 1103 1184 semina,
1135 1116 1183 1169 si
1224 1131 1370 1171 cura
1400 1115 1606 1171 debita
1635 1114 2019 1181 adhibeatur,
2066 1112 2128 1167 in

461 1204 835 1263 altitudinem
864 1206 1011 1261 satis
1055 1222 1345 1275 magnam
1374 1206 1660 1275 exsurgit,
1690 1206 1795 1260 ubi
1827 1205 1915 1259 vis
1964 1204 2025 1259 in
2057 1219 2127 1258 eo

457 1295 648 1351 latens
675 1310 806 1349 sese
837 1293 1186 1366 explicuerit
1211 1296 1277 1350 εδ.
1314 1294 1488 1360 Quod
1531 1294 1579 1349 si
1628 1294 1767 1365 quis
1799 1292 1971 1361 ridet,
2024 1308 2130 1347 no-

461 1389 652 1439 strum
679 1383 889 1437 videns
914 1383 1070 1439 circa
1092 1383 1384 1454 syllabas,
1406 1389 1471 1439 ut
1503 1382 1718 1454 psalmi
1748 1381 1941 1437 verbis
1971 1385 2126 1446 utar,

460 1473 899 1529 fabulationem
926 1475 972 1507 ⁶⁹
1011 1489 1022 1537 ;
1085 1473 1213 1544 ipse
1254 1473 1501 1545 quidem
1534 1473 1805 1527 futurum
1858 1470 2024 1535 sciat,
2066 1474 2131 1524 ut

458 1562 881 1632 infrugiferum
917 1562 1008 1617 sui
1071 1563 1225 1617 risus
1259 1562 1519 1617 fructum
1560 1566 1743 1617 metat
1776 1580 1788 1616 :
1845 1576 1957 1615 nos
1988 1574 2129 1614 vero

460 1652 948 1723 haudquaquam
980 1651 1259 1706 cedentes
1290 1651 1608 1706 hominum
1649 1649 1957 1717 conviciis,
2017 1662 2165 1702 1180'

3064 403 3137 466 τῷ
3187 398 3276 468 μὶν
3320 396 3559 465 συντόμῳ
3598 401 3690 454 τῆς
3717 412 3842 467 προ·

2239 496 2398 564 φορᾶς
2428 489 2659 563 βραχέα,
2691 480 2791 541 καὶ
2841 484 2934 540 διὰ
2978 494 3132 538 τοῦτο
3185 489 3313 562 ἴσως
3370 483 3794 554 εὐκαταφρόνητα
3826 504 3839 517 ·

2237 587 2299 649 τῇ
2344 576 2402 631 δὲ
2434 576 2652 651 δυνάμει
2709 587 2807 630 τῶν
2846 580 3237 649 σημαινομένων
3289 573 3511 645 μεγάλα,
3574 575 3707 623 κατά
3751 576 3843 629 τὴν

2238 667 2410 719 εἰκονα
2456 676 2547 720 τοῦ
2590 669 2865 733 σινάπεως,
2927 668 2950 717 ὃ
3000 670 3311 737 μικρότατον
3352 664 3407 714 ὃν
3455 670 3559 714 τῶν
3602 680 3844 734 φρυγανι-

2237 765 2339 807 κῶν
2391 760 2719 830 σπερμάτων,
2770 765 2867 815 τῆς
2918 756 3295 827 προσηκούσης
3349 750 3634 822 ἐπιμελείας
3676 749 3841 812 ἀξιω-

2241 847 2341 911 θὲν,
2398 846 2467 907 εἰς
2507 846 2639 915 ὕφος
2687 846 2940 917 αὔταρκες
2991 840 3354 909 διανίσταται,
3399 849 3489 900 τῆς
3548 858 3846 913 συνεσπαρ-

2237 938 2393 1007 μένης
2426 933 2473 986 ἐν
2501 935 2641 1003 αὐτῷ
2688 931 2959 1005 δυνάμεως
2991 931 3343 991 ἀπλωθείσης.
3375 929 3435 982 Εἰ
3482 925 3541 981 δέ
3571 948 3651 990 τις
3702 928 3842 999 γελᾷ,

2240 1021 2439 1095 βλέπων
2484 1028 2577 1081 τὴν
2630 1029 2746 1095 περὶ
2796 1026 2884 1081 τὰς
2941 1020 3201 1081 συλλαϐὰς
3246 1022 3411 1091 ἡμῶν,
3466 1018 3743 1090 ψαλμικῶς
3781 1017 3847 1069 εἰ·

2236 1120 2371 1180 πεῖν,
2440 1110 2783 1183 ἀδολεσχίαν,
2849 1111 3005 1171 αὐτὸς
3064 1113 3154 1181 μὲν
3230 1113 3344 1175 (28)
3422 1111 3555 1159 ἴστω
3614 1106 3843 1178 ἀνωφελῆ

2237 1205 2432 1275 καρπόν
2492 1210 2581 1253 τοῦ
2629 1201 2847 1272 γέλωτος
2910 1196 3224 1271 δρεπόμενος
3256 1219 3267 1231 ·
3316 1200 3465 1268 ἡμεῖς
3512 1192 3570 1248 δὲ
3609 1201 3680 1267 μὴ
3738 1202 3849 1256 τοῖς
3898 1196 3901 1199 ⁷

2239 1287 2464 1341 ὀνείδεσι
2502 1296 2601 1341 τών
2650 1289 2930 1364 ἀνθρώπων
2963 1285 3211 1353 ἑνδοντες,
3264 1291 3396 1359 μήτε
3442 1294 3514 1354 τῷ
3568 1285 3847 1356 φαυλισμῷ

2238 1380 2407 1431 αὐτῶν
2470 1382 2800 1447 ἡττηθέντες,
2861 1383 2955 1436 τὴν
3012 1381 3216 1450 ἔρευναν
3290 1374 3673 1446 καταλίπωμεν.
3751 1381 3847 1426 Το-

2240 1476 2425 1521 σοῡτον
2462 1472 2562 1541 γὰρ
2598 1466 2780 1539 ἀπέχω
2810 1487 3010 1526 τούτοις
3052 1469 3116 1525 ὡς
3146 1472 3347 1538 μικροῖς
3402 1463 3844 1535 ἐπαισχύνεσθαι,

2237 1560 2391 1625 ὥστε,
2427 1558 2467 1609 εἰ
2506 1564 2593 1609 καὶ
2632 1558 2919 1610 πολλοστοῦ
2976 1561 3159 1628 μέρους
3204 1564 3293 1615 τῆς
3340 1553 3487 1615 ἀξίας
3541 1553 3707 1604 αὐτῶν
3753 1550 3847 1622 ἐφ-

2240 1652 2467 1719 ικοίμην,
2522 1646 2728 1719 ἐμαυτῷ
2776 1666 2829 1698 τε
2887 1645 2946 1697 ἄν
2998 1646 3317 1702 συνησθείην
3358 1646 3425 1703 ὡς
3456 1642 3688 1714 μεγάλων
3734 1639 3847 1702 ἀξι-

460 1741 703 1797 illorum
734 1740 1175 1811 vituperatione
1225 1740 1368 1796 victi
1414 1739 1681 1795 studium
1722 1736 2124 1807 investigandi

2238 1738 2437 1801 ωθέντι,
2492 1744 2563 1806 τῷ
2607 1756 2660 1787 τε
2724 1732 3149 1810 συνδιιριυνῶντι
3194 1733 3309 1790 (29)
3359 1734 3484 1803 ἡμῖν
3534 1727 3735 1800 ἀδελφῷ
3786 1729 3847 1781 ού

464 1832 845 1887 deseramus.
887 1832 1143 1885 Tantum
1170 1837 1331 1884 enim
1363 1830 1552 1895 abest,
1586 1833 1650 1885 ut
1680 1845 1775 1885 me
1796 1830 2017 1885 harum
2043 1841 2131 1882 re-

464 1937 601 1977 rum
635 1926 925 1991 tanquam
955 1919 1328 1974 minutarum
1369 1919 1615 1991 pudeat.
1650 1924 1715 1975 ut
1752 1919 1802 1974 si
1830 1918 1925 1973 vel
1955 1916 2130 1973 mini-

465 2028 633 2068 mam
662 2011 969 2080 dignitatis
998 2025 1208 2065 earum
1237 2016 1470 2082 partem
1498 2010 1951 2082 attingam,tum
1982 2007 2132 2065 mihi

464 2101 872 2172 gratulaturus
928 2101 1064 2163 sim,
1120 2105 1182 2155 ut
1237 2115 1462 2169 magna
1506 2100 1791 2172 quaedam
1824 2102 2128 2164 assecuta,

463 2196 590 2247 tum
603 2188 1101 2246 fratrinobiscum
1124 2189 1251 2243 haec
1277 2189 1678 2259 perscrutanti
1691 2204 1812 2245 non
1828 2188 2131 2245 mediocre

460 2279 698 2335 lucrum
727 2278 867 2334 hinc
898 2277 1170 2333 dicturus
1200 2278 1541 2333 obvenisse.
1576 2280 1808 2349 Itaque,
1869 2293 2011 2333 cum
2069 2278 2131 2333 in

461 2368 727 2425 minimis
769 2365 969 2422 verbis
1000 2366 1375 2438 conspiciam
1424 2372 1729 2423 certamen
1778 2367 2128 2431 maximum,

463 2473 571 2529 spe
600 2456 835 2529 praemii
865 2471 989 2511 non
1027 2455 1293 2511 detrecto
1334 2455 1605 2511 laborem
1639 2474 1650 2510 :
1705 2461 1872 2511 ratus
1905 2470 2131 2510 sermo-

460 2561 601 2602 nem
636 2551 761 2601 tum
793 2544 940 2601 mihi
988 2544 1114 2600 fore
1146 2544 1375 2615 utilem,
1409 2550 1537 2601 tum
1564 2545 1953 2601 audientibus
1986 2544 2130 2599 satis

2238 1830 2422 1900 μικρὸν
2454 1826 2513 1877 ἂν
2546 1832 2701 1898 φαίην
2734 1826 2956 1878 ἐντεῦθεν
2992 1824 3345 1882 ἀπηντηκέναι
3374 1826 3431 1874 τό
3489 1817 3696 1893 κέρδος.
3736 1823 3847 1872 Μέ-

2237 1935 2419 1987 ’γιστον
2468 1912 2555 1967 οὖν
2608 1918 2737 1990 ὁρῶν
2770 1915 2818 1968 ἐν
2847 1922 3057 1989 μικροῖς
3094 1916 3301 1989 ῥήμασι
3339 1916 3397 1965 τό
3433 1916 3731 1983 ἀγώνισμα,
3766 1908 3844 1961 ἱλο

2238 2002 2361 2058 πίδι
2390 2015 2487 2057 τῶν
2513 2008 2713 2078 μισθῶν
2754 2009 2839 2057 τόν
2870 2010 3022 2058 πόνον
3078 2005 3171 2057 οὐκ
3204 2000 3523 2075 ἀναδύομαι,
3557 1999 3764 2073 ἐμαυτῷ
3793 2018 3850 2056 τε

2240 2097 2519 2167 ἡγούμενος
2546 2098 2799 2167 ἔγκαρπον
2849 2098 2933 2146 τόν
2991 2094 3141 2165 λόγον
3174 2094 3409 2157 ἔσεσθαι,
3444 2098 3547 2151 τοῖς
3588 2109 3640 2143 τι
3699 2088 3852 2142 ἀκού’

2239 2204 2360 2237 ουσι
2401 2182 2591 2258 διαρκῆ
2630 2189 2723 2242 τὴν
2776 2183 3018 2254 ὠφέλειαν
3049 2181 3317 2255 ὑπάρξειν.
3371 2184 3554 2251 Διόπερ
3604 2174 3711 2237 ἤδη
3754 2181 3849 2231 σὺν

2240 2273 2379 2343 αὐτῷ
2436 2292 2515 2343 γε,
2549 2274 2703 2343 φάναι
2735 2273 2870 2339 (30),
2920 2280 2990 2341 τῷ
3046 2271 3178 2341 ἀσγίῳ
3235 2272 3497 2341 Πνεύματι
3554 2264 3851 2340 βαδιοῦμαι

2239 2366 2363 2436 πρός
2393 2366 2486 2418 τὴν
2519 2360 2784 2431 ἐξήγησιν.
2839 2364 2935 2413 Καὶ
2968 2360 3010 2411 εἰ
3039 2356 3217 2429 βούλει
3246 2360 3376 2410 ὥστε
3403 2376 3465 2429 με
3495 2357 3562 2417 εἰς
3594 2354 3717 2409 ὁδὸν
3761 2374 3853 2409 κα·

2238 2459 2496 2509 ταστῆναι
2533 2457 2623 2501 τού
2676 2449 2851 2519 λόγου,
2902 2451 3087 2521 μικρὸν
3120 2445 3205 2499 ἐπὶ
3236 2451 3331 2505 τὴν
3363 2445 3538 2520 ἀρχὴν
3592 2453 3684 2499 τοῦ
3724 2464 3852 2518 προ·

2240 2538 2497 2611 ϐλήματος
2523 2538 2834 2612 ὑποστρέφω
2870 2538 2997 2608 (31).

461 2651 756 2708 magnum
780 2633 1042 2689 fructum
1074 2633 1418 2691 allaturum.
1452 2637 1830 2706 Quapropter
1854 2650 1993 2689 cum
2020 2636 2153 2705 ipso
2168 2630 2298 2701 jam
2322 2627 2674 2693 (dicendum
2706 2627 2866 2682 enim
2892 2630 3002 2686 est)
3025 2630 3235 2682 sancto
3268 2625 3487 2697 Spiritu
3538 2624 3617 2681 ad
3645 2623 3851 2696 expla-

459 2726 768 2781 nationem
802 2722 1112 2779 accedam.
1143 2726 1209 2779 Et
1234 2723 1283 2778 si
1306 2722 1395 2779 vis
1425 2728 1487 2779 ut
1508 2721 1605 2779 me
1630 2724 1693 2778 in
1715 2722 2144 2795 disputationis
2174 2721 2339 2777 viam
2365 2718 2762 2785 inducam,ad
2790 2717 2974 2788 hujus
2998 2716 3351 2788 quaestionis
3382 2715 3681 2787 originem
3703 2729 3850 2787 pau°

456 2814 644 2886 lisper
680 2812 997 2869 divertam.

530 2906 588 2957 3.
624 2905 822 2974 Nuper
848 2902 1120 2975 precanti
1149 2903 1298 2960 mihi
1327 2920 1468 2960 cum
1498 2904 1749 2977 populo,
1782 2908 1838 2960 et
1869 2908 2124 2976 utroque

2306 2901 2357 2954 3.
2408 2901 2823 2971 Προσευχομένῳ
2882 2915 2973 2968 μοι
3028 2901 3208 2969 πρώην
3258 2897 3388 2967 μετά
3434 2902 3526 2947 τοῦ
3571 2893 3718 2959 λαοῦ,
3758 2896 3851 2945 καὶ

460 2991 646 3048 modo
673 2991 1172 3062 gloriﬁcationem
1204 2991 1543 3049 absolventi
1575 2997 1692 3049 Deo
1720 3010 1789 3049 ac
1822 2994 1995 3060 Patri,
2039 2994 2124 3049 ine

2238 2988 2535 3061 ἀμφοτέρως
2607 2990 2701 3044 τὴν
2772 2983 3080 3056 δοξολογίαν
3144 2984 3533 3059 ἀποπληροῦντι
3595 2992 3669 3053 τῷ
3729 2989 3848 3053 Θεῷ

462 3080 699 3136 terdum
733 3095 874 3136 cum
907 3080 1051 3135 Filio
1084 3096 1207 3136 una
1239 3097 1377 3137 cum
1435 3088 1644 3139 sancto
1678 3083 1917 3154 Spiritu,
1945 3083 2122 3139 inter-

460 3168 609 3225 dum
650 3185 757 3241 per
782 3168 997 3224 Filium
1028 3170 1088 3225 in
1122 3175 1333 3226 sancto
1364 3172 1586 3243 Spiritu
1616 3190 1629 3237 ;
1662 3172 1914 3244 quidam
1952 3188 2025 3227 ex
2054 3172 2126 3227 iis

460 3259 565 3329 qui
596 3259 1105 3321 aderant.crimen
1134 3260 1544 3327 intenderunt,
1569 3262 1836 3318 dicentes
1864 3279 1977 3318 nos
2001 3278 2125 3318 non

461 3348 647 3404 modo
675 3349 1004 3419 peregrinis
1032 3366 1101 3405 ac
1126 3351 1302 3405 novis
1328 3352 1412 3406 uti
1441 3351 1925 3420 vocibus,verum
1945 3354 2126 3409 etiam

462 3436 618 3493 inter
670 3453 733 3492 se
795 3438 1231 3509 pugnantibus.
1259 3442 1342 3495 Tu
1373 3456 1551 3511 porro
1592 3442 1854 3497 maxime
1884 3442 2126 3498 illorum

462 3525 711 3582 utilitate
751 3527 1098 3587 consulens,
1126 3534 1230 3583 aut
1258 3528 1308 3583 si
1338 3544 1586 3600 prorsus
1615 3530 1730 3602 ipsi
1756 3531 2127 3587 insanabiles

464 3614 604 3684 sint,
640 3619 842 3671 tamen
875 3620 1121 3688 propter
1154 3618 1576 3690 eorum,quiin
1607 3618 1906 3689 ejusmodi
1932 3620 2127 3676 homi-

461 3720 568 3762 nes
626 3704 918 3775 incidunt,
948 3707 1352 3777 securitatem,
1387 3708 1711 3780 postulasti
1767 3710 2126 3781 quampiam

461 3794 794 3851 dilucidam
851 3796 1191 3853 doctrinam
1245 3797 1320 3853 de
1374 3797 1430 3854 vi
1474 3799 1690 3854 harum
1754 3800 2127 3871 syllabarum

461 3884 753 3955 evulgari.
784 3888 916 3942 Jam
942 3887 1121 3955 igitur
1168 3887 1347 3943 nobis
1368 3887 1628 3944 breviter
1665 3889 1992 3945 dicendum
2018 3895 2126 3954 est,

459 3982 761 4046 quantum
793 3976 1051 4031 orationi
1082 3981 1281 4032 ratum
1311 3977 1628 4049 quoddam
1658 3983 1715 4035 et
1746 3979 2129 4051 exploratum

459 4064 827 4135 principium
859 4066 1228 4135 ponentibus
1254 4066 1380 4122 ﬁeri
1406 4071 1623 4138 potest.

532 4188 578 4222 ⁵⁷
610 4188 808 4244 Matth.
840 4205 895 4255 v,
929 4192 1011 4244 18.
1090 4191 1136 4225 ⁵⁸
1160 4191 1359 4258 Matth,
1396 4208 1511 4257 xui,
1542 4196 1630 4260 3t,
1658 4196 1745 4248 32.

530 4313 646 4383 (28)
671 4314 853 4394 _A2376_;
877 4318 986 4394 μέν.
1011 4317 1158 4394 βας.
1186 4317 1391 4394 tertius
1409 4317 1575 4394 aii-rb;
1596 4321 1684 4394 μιν
1718 4318 1943 4394 ἀνωφελῆ
1991 4340 2119 4394 καρ-

459 4387 555 4465 πόν
600 4392 690 4436 τοῦ
716 4457 723 4465 Ι
746 4383 947 4465 γελοῖον
991 4383 1289 4465 δρεπέσθω.
1324 4389 1562 4465 Videtur
1596 4383 1891 4465 Erasmus
1922 4393 2003 4465 ita
2034 4383 2117 4447 lé-

460 4459 653 4535 gisse;
681 4459 763 4511 sic
790 4459 948 4535 enim
988 4459 1406 4535 interpretatur
1439 4477 1450 4514 :
1486 4462 1618 4529 Ipse
1646 4463 1885 4531 quidem
1920 4464 2123 4532 infru-

459 4528 718 4595 gz‘ferum
750 4530 907 4598 risus
936 4533 1031 4584 sui
1055 4528 1327 4598 [mictum
1353 4528 1559 4588 metat.

530 4600 645 4665 (29)
678 4596 1121 4675 Συνδιέρευνῶντι.
1150 4604 1267 4656 Hac
1298 4619 1442 4658 voce
1476 4604 1727 4659 Basilius
1761 4621 1883 4660 non
1934 4605 2115 4675 adju-

460 4672 980 4748 toremetsocium
1001 4672 1262 4748 aliquem
1284 4675 1481 4746 operis
1502 4675 1802 4745 designat.
1839 4682 1899 4732 ut
1925 4672 2117 4748 suspi-

460 4744 629 4820 catur
656 4742 1219 4820 Tillemontiusfsed
1250 4742 1535 4820 lectorem
1562 4742 2116 4820 stu'diosum,idq'ue

459 4811 643 4887 paulo
674 4819 808 4883 post
837 4815 1101 4887 declarat
1134 4818 1419 4887 apertius.

472 4954 481 4964 .
528 4886 643 4954 (30)
667 4886 927 4967 ξύν’-αὐτῇ
956 4906 1032 4957 γε,
1087 4886 1383 4967 egeat-£27810
1423 4888 1618 4967 reddit
1650 4892 2113 4967 Erasmus._cu7_n

458 4959 607 5035 ipso,
641 4963 705 5010 ut
748 4959 1079 5035 addicam.
1113 4960 1343 5035 Spiritu
1374 4961 1603 5035 ;_quasi
1636 4963 2115 5035 metueretBasi-

460 5026 578 5107 lius
612 5042 687 5107 ne
710 5029 893 5107 paulo
918 5026 1368 5107 audaciorth
1397 5026 1684 5107 loquendi
1710 5034 1861 5107 ratio
1892 5033 2119 5088 videre-

462 5100 748 5179 tur.‘_Visa
777 5105 864 5179 est
907 5100 1497 5179 Combetisiorudjs
1519 5105 1763 5160 Erasmi
1792 5106 2115 5179 expressio,

461 5185 532 5246 ec
555 5169 712 5246 illud
734 5175 894 5246 φάναι
916 5173 976 5228 in
998 5173 1298 5242 ejusmodi
1318 5175 1463 5230 locis
1500 5191 1717 5231 vacare
1748 5169 2115 5246 pronuntiat.

459 5241 576 5323 Sed
593 5241 781 5299 multo
815 5241 1189 5323 minusmihi
1228 5241 1895 5323 probaturpombéﬁsii
1926 5248 2125 5323 obser-

458 5316 640 5394 vatio,
672 5330 859 5394 quam
880 5316 1069 5388 ipsius
1088 5316 1492 5388 interpretatio
1524 5319 1775 5394 Erasmi.
1806 5322 1934 5394 Non
1955 5322 2114 5394 enim

459 5388 650 5464 otiose
672 5388 938 5464 positum
959 5404 1114 5464 esse,
1155 5393 1211 5443 et
1239 5405 1363 5461 quo
1386 5406 1568 5464 sensu
1589 5390 2011 5464 accipiendum
2041 5392 2116 5446 sit

458 5454 606 5512 illud
608 5454 790 5531 -φάναι
811 5460 1067 5531 perspici
1091 5454 1284 5531 potest
1315 5477 1389 5517 ex
1419 5461 1569 5517 libro
1604 5454 1872 5517 secundo
1902 5463 2113 5519 adver-

457 5541 557 5611 sus
594 5532 1059 5611 Eunomium,_p.
1093 5537 1214 5611 25d,
1246 5532 1350 5611 ubi
1396 5533 1646 5589 Basilius
1671 5533 1929 5611 ditiicilis
1964 5534 2109 5611 Scri-

457 5601 648 5669 ptura:
694 5601 1021 5661 testimonii
1059 5603 1523 5677 explicationem
1561 5606 1940 5677 promittens,
1980 5605 2111 5662 haec

2233 3081 2322 3127 καὶ
2356 3081 2543 3149 Πατρὶ,
2586 3082 2674 3127 νῦν
2706 3079 2795 3146 μὲν
2835 3074 2967 3147 μετὰ
3004 3082 3104 3146 μοῦ
3158 3076 3282 3127 Υἰοῦ
3332 3077 3427 3126 σὺν
3456 3072 3527 3144 τῷ
3585 3076 3851 3145 Πνιύματι

2234 3173 2305 3235 τῲ
2350 3166 2502 3237 ἁγιῳ,
2532 3173 2618 3216 νῦν
2651 3160 2708 3216 δὲ
2750 3160 2842 3215 δια
2888 3172 2978 3216 τοῦ
3018 3166 3142 3216 Υὶοῦ
3174 3162 3221 3215 ἐν
3269 3172 3340 3234 τῷ
3369 3163 3482 3233 (32)
3523 3162 3657 3233 ἁγίῳ
3692 3164 3849 3214 Ilva}-

2234 3272 2383 3325 ματι,
2416 3251 2714 3323 ἐπέσκηψάν
2747 3272 2879 3311 τινες
2909 3261 3009 3303 τῶν
3030 3257 3319 3324 παρόντων,
3355 3250 3680 3314 ξενιζούσαις
3712 3253 3851 3322 ἡμᾶς

2236 3350 2421 3413 φωναῖς
2450 3343 2751 3414 κεχρῆσθαι
2780 3341 3029 3411 λέγοντες,
3056 3348 3147 3393 καὶ
3185 3342 3297 3413 ἅμα
3324 3345 3450 3413 πρὸς
3479 3339 3699 3398 ἀλλήλας
3727 3341 3851 3391 ὑπι-

2234 3437 2451 3491 ναντίως
2477 3430 2754 3503 ἐχούσαις.
2792 3435 2858 3483 Σύ
2884 3428 2941 3483 δὲ
2964 3431 3195 3502 μάλιστα
3220 3434 3309 3501 μὲν
3338 3438 3429 3489 τῆς
3453 3428 3621 3481 αὐτῶν
3645 3428 3849 3481 ἐκείνων

2236 3522 2395 3572 ἕνεκεν
2435 3521 2691 3592 ὠφελείας,
2728 3521 2770 3572 εἰ
2800 3518 2858 3573 δὲ
2890 3519 3107 3580 ἀνιάτως
3133 3524 3319 3590 ἔχουσι
3354 3526 3634 3584 παντελῶς,
3665 3514 3760 3569 διά
3788 3517 3851 3567 τὸ

2235 3616 2333 3659 τῶν
2366 3607 2786 3679 ἐντυγχανόντων
2833 3610 3011 3670 αὐτοῖς
3051 3607 3274 3678 ἀσφαλὲς
3326 3606 3556 3668 ὴξίωσάς
3588 3624 3703 3657 τινα
3734 3604 3851 3656 εὐκ-

2234 3705 2347 3769 ρινῆ
2401 3701 2519 3770 περὶ
2568 3704 2663 3757 τῆς
2689 3696 2737 3748 ἐν
2760 3704 2871 3755 ταῖς
2898 3694 3178 3754 συλλαϐαῖς
3204 3696 3421 3752 ταύταις
3452 3689 3722 3764 δυνάμεως
3763 3690 3849 3743 δι-

2239 3782 2532 3837 δασκαλίαν
2596 3784 2972 3856 ἐκφωνηθῆναι.
3027 3787 3243 3837 Λεκτέον
3298 3779 3365 3840 δὴ
3427 3777 3513 3832 οὖν
3573 3783 3700 3853 ἡμῖν
3751 3777 3851 3833 διὰ

2240 3871 2509 3949 βραχέων.
2542 3877 2609 3936 ὡς
2649 3874 2755 3925 οἷόν
2803 3892 2855 3926 τε
2908 3871 3085 3946 ἀρχὴν
3135 3891 3252 3925 τινα
3304 3870 3728 3944 ὁμολογουμένην
3764 3878 3843 3937 τῷ

2236 3963 2373 4035 λόγῳ
2407 3960 2659 4023 διδόντας
2697 3963 2832 4029 (33).

1826 4196 1872 4229 ⁸ο
1907 4194 2066 4251 Psal.
2101 4212 2292 4264 cxvm,
2325 4199 2419 4251 85.

2227 4319 2573 4392 interponit,
2611 4323 2704 4371 σὺν
2737 4326 2849 4392 Θεῷ
2884 4315 2933 4370 δ’
2963 4318 3221 4392 εἰρῆσθαι»,Δ
3246 4318 3408 4392 quod
3441 4318 3678 4392 quidem
3710 4331 3847 4375 cum

2226 4392 2347 4447 Deo
2371 4389 2598 4447 dictum
2612 4390 2950 4455 sit.Quibus
2965 4389 3164 4444 verbis
3179 4389 3616 4459 signiﬁcantius
3637 4394 3851 4446 monet

2228 4480 2290 4517 se
2324 4479 2445 4518 non
2475 4462 2598 4517 suis
2630 4463 2879 4530 viribus,
2911 4460 3011 4515 sed
3038 4460 3139 4515 Dei
3180 4460 3403 4516 auxilio
3428 4460 3750 4515 conﬁdere.
3785 4459 3848 4515 Si

2227 4535 2361 4607 quis
2390 4540 2596 4607 autem
2625 4534 2905 4607 observet
2931 4532 3069 4607 inde
3102 4537 3308 4607 natam
3338 4531 3473 4586 libri
3496 4533 3579 4587 De
3605 4532 3845 4607 Spiritu

2224 4601 2433 4661 sancto
2466 4604 2765 4660 scribendi
2804 4604 3186 4660 occasionem
3218 4603 3422 4673 fuisse,
3458 4601 3622 4675 quod
3656 4605 3845 4675 Pneu-

2226 4677 2597 4732 matomachi
2612 4677 2781 4731 furiis
2795 4675 3323 4742 exarsissent,cum
3348 4671 3601 4730 Basilius
3620 4671 3769 4727 Patri
3784 4677 3843 4727 et

2226 4749 2365 4803 Filio
2386 4765 2525 4803 cum
2551 4750 2772 4819 Spiritu
2787 4752 2992 4801 sancto
3009 4746 3261 4819 gloriam
3279 4746 3573 4819 redderet;
3592 4745 3642 4819 is
3666 4742 3844 4819 facile

2224 4820 2543 4891 perspiciet
2570 4814 2693 4875 non
2714 4819 2843 4873 sine
2866 4814 3053 4891 causa
3077 4817 3359 4891 Basilium
3378 4816 3522 4891 illud
3550 4814 3845 4891 pdvaead-

2223 4886 2387 4956 dere,
2422 4891 2530 4946 sed
2579 4897 2641 4946 ut
2697 4891 2920 4945 indicet
2977 4889 3089 4943 sibi
3122 4886 3607 4943 adversariorum
3642 4886 3845 4942 minas

2228 4963 2372 5018 tanti
2394 4977 2515 5018 non
2544 4977 2693 5028 esse,
2738 4967 2802 5016 ut
2835 4962 2993 5016 hanc
3020 4960 3313 5031 loquendi
3343 4960 3661 5031 rationem,
3706 4974 3847 5031 eam

2228 5040 2435 5089 sancto
2467 5006 2726 5109 Βρζνίιά,
2757 5032 3030 5109 quamin
3064 5003 3185 5086 ιόιο
3214 5032 3327 5087 hoc
3356 5031 3510 5109 libro
3553 5003 3850 5109 defendit,

2228 5101 2522 5176 usurpare
2548 5101 2805 5176 desinat.
2825 5102 3148 5176 Basilianaa
3182 5119 3325 5173 ergo
3376 5101 3683 5176 sententiae
3715 5116 3854 5155 ner-

2225 5193 2336 5232 vos
2366 5173 2529 5231 elidit
2578 5175 3000 5239 Combeﬁsius,
3030 5190 3169 5229 cum
3201 5175 3283 5229 ita
3312 5173 3653 5230 redendum
3708 5187 3852 5229 esse

2227 5248 2982 5320 pronuntiat,ipsoﬁSpiritu
3005 5248 3254 5320 favente
3272 5247 3529 5316 beneque
3551 5245 3849 5320 propitio.

2298 5320 2411 5393 (3t)
2457 5319 2813 5393 Ὑποστρέψω.
2877 5318 2968 5373 Sic
3031 5317 3167 5373 libri
3216 5324 3461 5373 veteres.
3525 5316 3677 5371 Editi
3739 5316 3852 5393 ἐπι-

2226 5391 2449 5464 στρέψω.
2485 5389 2713 5464 Ibidem
2742 5393 2882 5459 Reg.
2908 5395 3163 5462 quartus
3184 5393 3598 5463 προσενχομένῳ
3628 5405 3720 5461 μοι
3747 5389 3851 5441 πά-

2220 5461 2324 5528 λαι,
2351 5479 2441 5518 me
2466 5463 2765 5534 quondam
2790 5461 3101 5534 precante.

2290 5536 2401 5605 (32)
2428 5528 2625 5605 Ἐντῷ.
2646 5528 2944 5590 Articulus
2966 5533 3212 5591 additus
3238 5549 3312 5590 ex
3336 5549 3483 5605 mss.
3511 5528 3847 5605 codicibus,

2293 5601 2402 5679 (33)
2438 5601 2708 5667 Διδόντας.
2754 5609 2879 5663 Duo
2933 5605 3180 5664 codices
3230 5605 3394 5677 Regii
3442 5601 3623 5669 δοῦσι,
3677 5603 3852 5675 quod
