4062 6208
210 255 273 307 73
1405 256 1609 310 LIBER
1646 255 1737 310 DE
1777 253 2046 311 SPlRlTU
2084 254 2417 323 SANCTO.,
2590 282 2591 285 ‘
3512 274 3582 329 74

770 380 1159 430 ΚΕΦΑΛΑΙΟΝ
1199 374 1268 432 Β’.

205 484 363 533 Ποίαν
427 482 591 552 ἔσχεν
655 479 832 562 ἀρχὴν
916 483 946 539 ἡ
1016 488 1133 557 περὶ
1220 485 1314 543 τὰς

674 560 949 625 αιρετιχῶν
974 560 1337 628 παρατήρησις
1352 599 1364 611 .

1400 482 1663 547 συλλαϐὰς
1721 492 1821 536 τῶν

271 645 323 697 4.
363 641 423 693 ἸΙ
479 647 601 714 περὶ
660 644 757 703 τὰς
812 642 1072 705 συλλαϐὰς
1110 650 1200 696 καὶ
1254 647 1344 705 τὰς
1399 644 1559 709 λέξεις
1607 655 1706 698 τῶν
1741 645 1824 698 ἂν·

206 727 341 803 δρῶν
398 733 599 782 τούτων
651 731 968 803 μικρολογία
1024 733 1130 805 οὐχ
1180 733 1313 793 ἁπλῆ
1349 734 1634 801 τίςιέστιν,
1664 738 1733 798 ὠς
1762 737 1823 788 ἄν

204 839 273 871 τω
304 816 486 883 δόξαι,
536 816 661 872 οὐδὲ
705 820 777 881 εἰς
825 826 1010 894 μικρὸν
1057 830 1150 874 τοῦ
1201 832 1366 876 κακοῦ
1416 828 1664 896 φέρουσα,
1695 824 1824 877 ἀλλὰ

209 907 426 981 βαθεῖαν
478 912 591 981 ἔχει
645 916 738 962 καὶ
798 918 1244 985 συνεσκιασμένην
1305 912 1501 986 βουλὴν
1551 917 1687 966 κατὰ
1728 923 1824 975 τῆς

207 998 483 1060 εὐσεϐείας.
548 999 912 1052 Φιλονεικοῦσι
969 1004 1071 1074 γὰρ
1150 1000 1395 1075 ἀνομοίαν
1453 1003 1566 1075 (34)
1618 1008 1824 1077 Πατρὸς

212 1097 304 1142 καὶ
330 1093 453 1141 ΐἱοῦ
479 1095 570 1141 καὶ
602 1090 759 1161 ἁγίου
803 1094 1102 1163 Πνευματος
1129 1089 1484 1145 ἐπιδεικνύναι
1507 1098 1601 1152 τὴν
1632 1115 1825 1169 προφο-

223 1183 331 1253 ρὰν,
364 1183 423 1239 ὡς
459 1178 509 1230 ἐκ
563 1182 756 1231 τούτου
803 1176 993 1254 ῥᾳδίαν
1048 1182 1243 1244 ἕξοντες
1289 1188 1515 1244 καὶοτῆς
1569 1187 1703 1235 κατὰ
1732 1189 1823 1243 τὴν

222 1272 363 1341 φύσιν
428 1268 767 1343 παραλλαγῆς
836 1274 929 1327 τὴν
987 1267 1274 1333 ἀπόδειξιν.
1334 1272 1491 1325 ’Ἐστι
1518 1275 1617 1346 γάρ
1648 1294 1699 1325 τι
1725 1273 1825 1325 αὗ-

215 1366 313 1419 τοίς
369 1359 589 1410 παλαιὸν
634 1364 896 1431 σόφισμα,
955 1361 1054 1412 ὑπὸ
1107 1359 1307 1413 Ἀετίου
1378 1369 1471 1414 τοῦ
1522 1365 1823 1436 προστάτου

212 1458 297 1509 τῆς
351 1450 601 1523 αἱρέσεως
653 1451 849 1508 ταύτης
908 1447 1180 1523 ἐξευρεθὲν,
1213 1450 1263 1511 ὃς
1321 1450 1519 1525 ἔγραψέ
1572 1472 1670 1504 που
1726 1460 1824 1503 τῶν

208 1538 388 1589 ἑαυτοῦ
440 1536 750 1605 ἐπιστολῶν,
798 1537 958 1609 λέγων
995 1542 1062 1590 τὰ
1119 1538 1341 1613 ἀνόμοια
1401 1543 1536 1593 κατά
1591 1545 1685 1599 τὴν
1729 1543 1823 1613 φύ-

207 1647 286 1679 σιν
351 1625 610 1698 ἀνομοίως
670 1629 1059 1701 προφέρεσθαι·
1120 1649 1210 1681 και
1268 1627 1537 1700 ἀνάπαλιν,
1589 1633 1657 1682 τὰ
1713 1629 1825 1682 ἀνο-

207 1722 362 1788 μοίως
422 1720 781 1791 προφερόμενα
828 1714 1046 1789 ἀνόμοια
1103 1715 1231 1770 εἶναι
1288 1722 1425 1770 κατὰ
1482 1724 1575 1777 τὴν
1632 1722 1814 1792 φύσιν.

210 1813 305 1858 Καὶ
360 1806 435 1866 εἰς
490 1810 784 1879 μαρτυρίαν
833 1814 923 1858 τοῦ
975 1806 1127 1878 λόγου
1197 1811 1283 1859 τὸν
1345 1808 1660 1861 Ἀπόστολον
1742 1808 1827 1861 ἐπ-

208 1898 480 1948 εσπάσατο
536 1895 773 1966 λέγοντα·
832 1895 913 1957 Εἷς
967 1901 1095 1959 Θεὸς
1146 1902 1236 1949 καὶ
1297 1903 1502 1971 Πατὴρ,
1560 1898 1613 1961 ἐξ
1669 1899 1729 1951 οὗ
1760 1902 1825 1951 τὰ

206 1989 391 2037 πέντα·
456 1991 547 2037 καὶ
619 1982 686 2045 εἷς
746 1988 937 2061 Κύριος
991 1988 1199 2049 Ἰησοῦς
1254 1992 1504 2061 Χριστὸς,
1536 1984 1609 2040 δι’
1659 1989 1721 2040 οὗ
1759 1992 1826 2041 τὰ

201 2078 374 2127 πάντα
400 2076 541 2146 (35)·
582 2075 673 2135 Ὡς
702 2072 790 2126 οὖν
830 2079 1047 2147 ἔχουσιν
1098 2079 1153 2128 αἱ
1183 2082 1345 2149 φωναὶ
1396 2081 1525 2152 πρὸς
1565 2076 1816 2146 ἀλλήλας,

206 2166 363 2225 οὕτως
411 2164 614 2229 ἕξουσι,
669 2170 819 2236 φησὶ,
880 2170 970 2217 καὶ
1024 2165 1078 2217 αἱ
1136 2162 1208 2217 δι’
1242 2166 1411 2218 αὐτῶν
1441 2172 1823 2239 σημαινόμεναι

206 2259 407 2326 φύσεις·
459 2252 704 2326 ἀνόμοιον
753 2251 811 2306 δὲ
869 2262 943 2325 τῷ
1002 2253 1054 2317 ἐξ
1110 2254 1171 2306 οὗ
1208 2259 1265 2307 τὸ
1326 2252 1398 2307 δι’
1453 2257 1531 2308 οὗ·
1586 2255 1821 2329 ἀνόμοιος

208 2346 305 2416 ἆρα
335 2350 427 2395 διαὶ
458 2351 532 2413 τῷ
564 2344 681 2415 (36)
738 2348 905 2418 Πατρὶ
964 2345 989 2395 ὁ
1042 2345 1181 2406 Υἱός.
1242 2347 1451 2406 Ταύτης
1505 2350 1677 2398 τοίνυν
1733 2356 1825 2408 τῆς

207 2440 358 2486 νόσου
406 2438 500 2484 καὶ
547 2435 575 2490 ἡ
620 2438 739 2507 περὶ
795 2436 885 2493 τὰς
936 2437 1274 2507 προκειμένας
1317 2434 1479 2498 λέξεις
1528 2432 1825 2508 ἀδολεσχία

208 2531 302 2573 τῶν
356 2520 568 2595 ἀνδρῶν
598 2525 793 2574 τούτων
847 2526 1095 2595 ἤρτηται.
1150 2526 1302 2576 Ὅθεν
1333 2533 1405 2595 τῷ
1454 2527 1544 2597 μὲν
1587 2532 1695 2595 Οεῷ
1734 2530 1823 2578 καὶ

214 2618 403 2686 Πατρὶ,
464 2615 643 2685 ὥσπερ
711 2614 828 2663 τινα
888 2611 1076 2687 κλῆρον
1130 2612 1407 2687 ἐξαίρετον,
1468 2618 1824 2688 προσνέμουσι

215 2706 295 2769 τε,
328 2700 376 2763 ἐξ
406 2698 484 2753 0'3-
518 2710 590 2771 τῷ
636 2697 694 2753 δὲ
748 2704 851 2772 Tir;
900 2706 989 2753 καί
1045 2710 1158 2772 Θεῷ
1208 2701 1475 2777 ἀφώρισαν
1515 2706 1597 2768 τὸ,
1631 2699 1702 2755 δι’
1740 2710 1819 2754 οὐ·

216 2798 287 2860 τῷ
319 2788 378 2842 δέ
430 2790 565 2862 ἁγίῳ
619 2793 884 2863 Πνεύματι
930 2794 1005 2863 τὸ3
1038 2792 1088 2844 ἐν
1248 2797 1338 2843 καί
1384 2812 1513 2864 φασι
1560 2788 1824 2864 μηδέποτε

208 2886 300 2938 τήν
346 2889 555 2953 χρῆσιν
604 2883 799 2937 ταύτην
848 2889 947 2932 τῶν
1000 2880 1266 2932 συλλαϐῶν
1310 2880 1701 2953 έπαμείϐεσθαι·
1737 2880 1818 2952 ἶν’,

209 2972 329 3042 ὅπερ
385 2973 535 3041 ἔφην,
576 2979 651 3041 τῷ
706 2969 1120 3044 παρηλλαγμένῳ
1172 2979 1265 3032 τῆς
1324 2969 1653 3042 ἐκφωνήσεως
1729 2975 1821 3022 καὶ

208 3061 235 3117 ᾗ
278 3069 379 3121 τῆς
427 3063 627 3131 φύσεως
675 3058 979 3131 παραλλαγὴ
1040 3065 1444 3132 συνεκφαίνηται
1487 3061 1623 3130 (37).
1672 3058 1824 3112 Ἀλλὰ

206 3154 307 3221 γὰρ
357 3150 418 3200 οὐ
462 3148 744 3206 λελήθασιν
773 3147 821 3199 ἐν
871 3156 934 3220 τῇ
990 3154 1107 3224 περὶ
1162 3153 1254 3211 τὰς
1306 3148 1459 3212 λέξεις
1515 3148 1825 3222 λεπτολογίᾳ

210 3248 285 3308 τῷ
316 3237 501 3289 ἀσεϐεῖ
544 3238 684 3308 λόγῳ
735 3242 830 3295 τήν
864 3237 1025 3308 ἰσχὺν
1077 3235 1447 3300 διασώζοντες.
1475 3242 1544 3291 Τὸ
1582 3241 1673 3311 μὲν
1698 3241 1822 3313 γὰρ,

211 3328 268 3390 ἐξ
300 3327 392 3392 οὗ,
432 3330 522 3377 τὸν
571 3323 894 3400 δημιουργὸν
970 3331 1239 3400 σημαίνειν
1287 3325 1586 3399 βούλονται·
1640 3348 1695 3380 το
1744 3325 1821 3395 δὲ,

212 3412 295 3467 δι’
332 3424 421 3481 οὐ,
452 3419 541 3465 τον
584 3416 838 3490 ὑπουργὸν
879 3416 907 3473 ἦ
964 3419 1022 3468 τό
1066 3420 1303 3490 ὄργανον·
1359 3420 1417 3468 τὸ
1454 3413 1533 3484 δὲ,
1562 3414 1608 3468 ἐν
1649 3425 1709 3487 ᾧ,
1738 3420 1826 3469 τὸν

211 3508 424 3578 χρόνον
458 3498 702 3560 δηλοῦνῆ
746 3507 830 3556 τὸν
873 3508 1050 3557 τόπον·
1105 3506 1188 3556 ἱνα
1236 3501 1401 3577 μηδὲν
1457 3507 1546 3577 μὲν
1605 3504 1824 3579 ὀργάνου

214 3596 538 3665 σεμνότερος
575 3593 600 3643 ὁ
647 3588 971 3666 δημιουργὸς
999 3602 1099 3645 τῶν
1150 3592 1277 3645 ὅλων
1334 3602 1539 3661 νοῆται,
1568 3591 1735 3666 μηδὲν
1769 3592 1827 3647 δὲ

204 3691 313 3743 τῆς
374 3681 480 3733 ἀπὸ
537 3685 695 3733 τόπου
761 3685 791 3741 ἦ
838 3690 1036 3757 χρόνου
1097 3689 1440 3758 συνεισφορᾶς
1484 3683 1553 3746 εἰς
1597 3685 1662 3735 τὰ
1710 3688 1829 3737 ὄντα

204 3771 388 3824 κλεῖον
446 3775 698 3843 φαίνηται
740 3771 853 3842 (38)
912 3775 970 3825 τὸ
1028 3779 1238 3845 Πνεῦμα
1281 3776 1339 3825 τὸ
1395 3772 1543 3845 ἅγιον
1598 3777 1827 3847 παρεχό-

202 3879 384 3933 μενον.

268 4180 321 4215 ⁷ο
374 4181 396 4234 I
428 4179 565 4236 Cor.
600 4194 726 4247 vni,
756 4181 809 4235 6.

196 4303 462 4385 quidem
501 4317 538 4385 a
561 4302 825 4385 librariis
846 4302 1125 4385 positum
1150 4302 1393 4385 yidetur
1418 4302 1829 4385 nimiogram-

197 4374 449 4432 maticae
482 4374 715 4430 studio.
757 4374 1294 4447 Vulgataailectioni
1337 4374 1828 4447 faventplurima

198 4448 420 4521 Basilii
436 4447 853 4521 loca_prorsu_s
874 4446 1117 4521 _s_imil_ia.
1148 4447 1511 4521 Habetunus
1538 4446 1607 4502 ex
1632 4447 1825 4517 Regiis
1859 4467 1902 4521 ι)

199 4518 536 4575 codicibus
561 4514 756 4586 ὂόντες,
790 4517 1166 4573 Colbertinus
1200 4514 1402 4579 δόντας.
1440 4522 1617 4573 Porro
1657 4514 1824 4573 Er'as-

198 4607 339 4646 mus
368 4590 471 4645 sic
498 4589 924 4659 interpretatur
957 4607 969 4643 :
998 4590 1135 4644 Jam
1184 4591 1375 4659 igitur
1430 4590 1598 4645 nobis
1646 4604 1825 4660 quam

192 4664 334 4730 ﬁeri
352 4666 568 4731 potest
594 4660 936 4716 brevissime
950 4660 1265 4716 dicendum
1294 4667 1396 4717 est.
1428 4664 1628 4717 Posset
1645 4662 1827 4716 etiam

198 4735 291 4788 hic
346 4732 569 4788 afferri
617 4747 873 4786 sensus:
930 4732 1206 4788 Orationi
1249 4738 1449 4789 ratum
1500 4733 1823 4802 quoddam,

199 4813 521 4875 quantum
541 4804 683 4871 ﬁeri
705 4808 919 4875 potest,
940 4808 994 4858 et
1024 4805 1413 4875 exploratum
1447 4805 1826 4873 principium

198 4874 603 4945 ponentibus.
633 4874 1107 4947 Sedqaccuratior
1125 4875 1365 4947 ridetur
1393 4874 1830 4947 interpretandi

199 4948 376 5005 ratio.
409 4960 617 5018 quam
668 4944 1080 5018 adhibuimus.
1114 4945 1261 5001 Cum
1321 4944 1623 5018 statuisset
1678 4947 1830 5002 Basi-

199 5018 311 5074 lius
348 5015 715 5074 orationem
739 5015 913 5089 altius
938 5018 1496 5089 repetere,breviter
1523 5017 1828 5073 dicturum

202 5106 255 5145 se
289 5094 545 5151 monet,
573 5092 876 5162 quantum
904 5088 1163 5145 brevitas
1196 5105 1335 5144 cum
1368 5089 1671 5159 ejusmodi
1695 5106 1831 5162 pro-

202 5160 1020 5240 positoconciliarihpotest.
1060 5232 1092 5240 ﬂ
1214 5231 1248 5240 Η
1396 5231 1537 5240 κη,
1576 5230 1587 5240 η

270 5239 395 5289 ςῖξιλ
424 5234 734 5303 Ἀνομοίαν.
769 5232 860 5285 Sic
876 5232 1095 5304 retusti
1118 5231 1544 5304 codices.Editi
1568 5231 1827 5304 ἀνόμοιον.

270 5310 389 5371 {35)
438 5306 520 5355 Tz'
549 5304 742 5356 nim.
804 5302 1049 5357 Addunt
1099 5302 1409 5358 editiones.
1466 5302 1831 5358 Basileenses

206 5370 490 5431 saturnia
515 5382 575 5428 et
606 5375 788 5429 Paris.
826 5380 1034 5445 Πνεῦμα
1071 5374 1239 5444 αἴγεον,
1284 5375 1331 5426 ἐν
1358 5376 1397 5424 ὦ
1424 5378 1487 5427 τὰ
1515 5377 1705 5429 πάντα.
1754 5376 1832 5429 Et

209 5464 365 5503 unus
383 5448 674 5516 Spiritus
699 5452 944 5501 sanctus
970 5448 1027 5500 in
1049 5461 1163 5515 quo
1187 5448 1409 5501 omnia.
1443 5445 1560 5500 Sed
1580 5453 1705 5502 hinc
1730 5461 1834 5501 ne-

208 5534 321 5589 que
353 5521 419 5574 in
446 5518 654 5590 prima
685 5516 949 5590 editione
974 5517 1313 5590 Basileensi,
1333 5516 1608 5590 nequein
1638 5518 1832 5589 Regiis

214 5587 485 5663 quatuor
500 5588 849 5655 codicibus,
866 5602 1061 5660 neque
1080 5588 1142 5644 in
1162 5587 1503 5647 Colbertino
1528 5587 1833 5659 leguntur.

506 5680 767 5738 PAIROL.
800 5679 901 5734 Gn.
933 5679 1129 5735 XXXII.

2544 381 2600 455 4
2640 385 2866 443 CAPUT
2904 390 2973 447 II.

1941 488 2107 545 Unde
2125 490 2198 545 sit
2230 495 2366 547 orta
2390 491 2801 550 haereticorum
2834 496 2906 552 de
2941 498 3194 567 syllabis
3225 500 3579 561 observatio.

2003 656 2057 711 4.
2099 653 2276 710 Exilis
2300 655 2401 711 illa
2452 656 2703 713 istorum
2741 658 3060 718 hominum
3104 662 3178 718 de
3238 665 3483 737 syllabis
3514 681 3584 723 ac

1932 741 2295 799 dictionibus
2321 744 2661 803 observatio
2692 763 2814 805 non
2868 749 3122 822 simplex
3152 756 3259 821 est,
3287 755 3586 825 quemad-

1933 833 2187 889 modum
2232 834 2408 890 alicui
2433 836 2621 892 videri
2668 839 2878 910 possit,
2910 856 3108 911 neque
3158 842 3236 897 ad
3288 844 3586 900 mediocre

1932 924 2164 980 malum
2195 925 2402 993 tendit,
2432 926 2514 982 sel
2546 928 2915 1000 profundum
2956 930 3139 987 habet
3170 936 3349 1005 atque
3380 933 3587 990 obtec-

1934 1019 2061 1069 tum
2112 1015 2408 1072 adversus
2464 1018 2748 1089 pietatem
2799 1020 3144 1078 consilium.
3212 1022 3592 1080 Contendunt

1935 1103 2097 1159 enim
2129 1106 2443 1161 ostendere
2473 1107 2828 1164 dissimilem
2861 1125 2993 1165 esse
3041 1110 3442 1183 prolationem
3494 1116 3592 1169 Pa-

1934 1193 2063 1263 tris,
2096 1200 2151 1249 et
2177 1195 2324 1262 Filii,
2355 1201 2413 1252 et
2444 1197 2693 1268 Spiritus
2722 1201 2929 1265 sancli,
2958 1205 3251 1273 tanquam
3281 1202 3419 1257 inde
3449 1201 3589 1258 faci-

1932 1284 2052 1339 lem
2084 1284 2348 1341 habituri
2379 1286 2570 1357 ipsius
2590 1288 2770 1344 etiam
2802 1291 3143 1346 secundum
3166 1296 3449 1347 naturam
3472 1292 3591 1347 dis-

1936 1374 2342 1429 similitudinis
2371 1376 2811 1447 probationem.
2847 1380 3081 1436 Habent
3110 1382 3272 1437 enim
3299 1381 3391 1437 isti
3421 1386 3592 1438 vetus

1935 1462 2249 1536 quoddam
2291 1472 2724 1531 commentum,
2756 1468 2832 1523 ab
2872 1470 3037 1525 Aetio
3080 1470 3262 1541 hujus
3289 1472 3591 1527 haereseos

1936 1553 2206 1625 principe
2244 1554 2580 1625 inventum,
2612 1557 2716 1629 qui
2748 1558 2835 1626 {in
2879 1558 3149 1630 epistolis
3198 1560 3323 1615 suis
3368 1559 3591 1616 alicubi

1936 1642 2173 1714 scripsit
2228 1659 2299 1698 ea
2347 1661 2483 1716 quae
2541 1646 2878 1702 secundum
2937 1654 3219 1704 naturam
3274 1649 3593 1707 dissimilia

1867 1746 1904 1799 Β
1936 1737 2095 1799 sunt,
2138 1732 2507 1789 dissimiliter
2562 1735 2863 1807 proferri:
2925 1753 2993 1793 ac
3034 1738 3161 1794 vice
3218 1755 3412 1805 versa,
3454 1755 3590 1812 quas

1936 1821 2305 1880 dissimiliter
2394 1825 2803 1897 proferuntur,
2886 1844 3016 1885 esse
3093 1829 3408 1887 dissimilia
3504 1846 3592 1888 se-

1936 1910 2204 1967 cundum
2231 1918 2533 1970 naturam.
2559 1918 2749 1987 Atque
2782 1915 2861 1971 ad
2887 1916 3069 1988 hujus
3098 1917 3240 1973 dicti
3266 1919 3590 1976 conﬁrma-

1934 2000 2156 2057 tionem
2186 2003 2360 2059 traxit
2393 2004 2751 2077 Apostolum
2780 2004 3101 2075 dicentem,
3138 2008 3300 2064 Unus
3328 2010 3486 2065 Deus
3534 2014 3591 2066 et

1933 2092 2124 2162 Pater,
2169 2109 2243 2150 ex
2297 2110 2412 2165 quo
2458 2097 2697 2165 omnia;
2758 2102 2811 2153 et
2868 2113 3021 2153 unus
3078 2098 3366 2154 Dominus
3416 2101 3587 2156 Jesus

1934 2182 2232 2254 Christus,
2280 2200 2394 2253 per
2459 2201 2630 2257 quem
2702 2188 2905 2244 omnia
2935 2189 3004 2243 το.
3054 2189 3586 2254 Quemadmodum

1932 2271 2111 2341 igitur
2141 2289 2318 2328 voces
2348 2290 2412 2328 se
2455 2274 2683 2332 habent
2734 2276 2887 2333 inter
2916 2294 3047 2333 sese
3082 2297 3094 2347 ;
3149 2278 3249 2350 ita,
3280 2279 3491 2352 inquit,
3524 2295 3586 2335 se

1933 2362 2248 2420 habebunt
2276 2370 2331 2420 et
2358 2370 2610 2433 naturae,
2642 2383 2776 2439 quae
2802 2385 2909 2441 per
2933 2369 3097 2442 ipsas
3132 2369 3583 2439 signiﬁcantur:

1933 2452 2036 2508 sed
2061 2452 2212 2509 inter
2243 2471 2305 2510 se
2336 2454 2678 2529 discrepant
2704 2474 2821 2528 per
2840 2476 3009 2531 quem
3033 2464 3089 2515 et
3128 2476 3203 2517 ex
3231 2476 3346 2532 quo
3372 2478 3385 2529 ;
3418 2459 3587 2517 dissi-

1934 2542 2091 2598 milis
2119 2544 2299 2613 igitur
2328 2546 2486 2602 Patri
2512 2546 2714 2606 Filius.
2746 2551 2828 2604 Ex
2859 2550 2974 2606 hoc
3032 2553 3233 2623 itaque
3286 2550 3501 2607 morbo
3532 2555 3589 2609 et

1930 2630 2183 2689 istorum
2215 2634 2374 2690 circa
2403 2637 2860 2708 praepositiones
2890 2641 3204 2711 nugacitas
3262 2639 3584 2713 dependet.

1934 2722 2098 2778 Unde
2150 2725 2266 2779 Deo
2320 2725 2566 2797 quidem
2614 2730 2672 2782 et
2745 2728 2899 2784 Patri
2953 2734 3243 2801 tanquam
3301 2730 3585 2787 eximiam

1932 2812 2268 2883 quamdam
2291 2814 2627 2886 portionem
2653 2817 2985 2874 attribuunt
3005 2818 3253 2886 illud,e:r
3276 2835 3417 2890 quo;
3444 2820 3585 2877 Filio

1931 2917 2075 2958 vero
2100 2908 2155 2959 et
2184 2906 2302 2959 Deo
2354 2905 2742 2976 assignarunt
2776 2908 2943 2976 iliud,
2968 2925 3081 2978 per
3101 2925 3274 2980 quem
3301 2928 3313 2978 ;
3344 2909 3588 2981 Spiritui

1934 2998 2136 3048 autem
2164 2998 2394 3065 sancto,
2428 2995 2595 3065 illud,
2626 2998 2687 3052 in
2710 3010 2868 3068 quo;
2898 3003 3243 3071 negantque
3269 2999 3429 3054 hunc
3461 2998 3585 3071 syl-

1931 3080 2210 3138 labarum
2246 3100 2425 3140 usum
2478 3102 2740 3158 usquam
2786 3087 3018 3152 inverti,
3055 3093 3139 3155 ut,
3183 3088 3587 3161 quemadmo-

1932 3171 2079 3227 dum
2111 3172 2251 3243 dixi,
2286 3189 2359 3229 ex
2389 3173 2797 3248 discrepantia
2845 3176 3198 3248 prolationis
3248 3177 3427 3234 simul
3482 3193 3588 3250 ap-

1931 3265 2145 3333 pareat
2170 3266 2225 3317 et
2264 3266 2493 3318 naturae
2524 3263 2955 3337 discrepantia.
2990 3266 3170 3338 Atqui
3207 3282 3330 3321 non
3368 3266 3588 3323 obscu-

1932 3366 2067 3405 rum
2095 3355 2202 3420 est,
2235 3368 2358 3417 eos,
2384 3352 2531 3409 dum
2562 3353 2636 3410 de
2660 3354 2909 3426 syllabis
2937 3354 3232 3411 subtiliter
3256 3360 3585 3427 nugantur,

1932 3440 2134 3513 impias
2165 3441 2452 3499 doctrinae
2483 3443 2605 3499 vim
2638 3460 2709 3500 ac
2739 3444 2926 3501 robur
2955 3451 3242 3502 astruere.
3279 3447 3589 3519 Siquidem

1934 3529 2025 3585 his
2054 3530 2325 3604 syllabis,
2348 3548 2424 3589 es:
2441 3548 2577 3605 quo,
2602 3534 2975 3590 conditorem
2996 3535 3207 3592 volunt
3227 3537 3589 3607 signiﬁcari;

1934 3634 2143 3675 rursus
2173 3620 2286 3685 his,
2313 3637 2425 3691 per
2445 3638 2639 3694 quem,
2663 3624 3007 3680 ministrum
3060 3640 3183 3680 non
3232 3626 3591 3683 instrumen-

1935 3712 2063 3764 tum
2090 3728 2102 3764 :
2134 3710 2227 3765 his
2251 3711 2531 3784 denique,
2557 3714 2620 3769 in
2640 3729 2778 3785 quo,
2813 3718 3053 3786 tempus
3083 3719 3189 3770 aut
3233 3713 3436 3771 locum
3489 3714 3595 3773 de-

1936 3797 2167 3870 clarari,
2194 3804 2257 3856 ut
2283 3799 2334 3855 is
2378 3801 2485 3873 qui
2536 3802 2809 3859 condidit
2861 3803 3171 3875 universa,
3222 3803 3593 3875 intelligatur

1934 3888 2122 3944 nihilo
2148 3888 2561 3947 honorabilior
2583 3892 3027 3949 instrumento:
3080 3893 3334 3966 Spiritus
3386 3899 3591 3952 autem

1936 3982 2181 4034 sanctus
2206 3978 2394 4035 nihilo
2423 3979 2583 4051 plus,
2622 3996 2810 4053 quam
2859 3981 3029 4038 locus
3079 3986 3183 4039 aut
3221 3986 3481 4055 tempus,
3511 3983 3592 4041 ad

1934 4081 2030 4122 res
2053 4067 2409 4125 condendas
2439 4069 2712 4126 attulisse
2740 4069 3038 4128 videatur.

2009 4302 2117 4378 (36)
2154 4302 2290 4378 Ἀρα
2326 4308 2416 4355 καὶ
2444 4310 2535 4374 τῷ.
2568 4305 2710 4372 Reg.
2742 4304 3085 4378 tertiusa‘z'pu
3105 4311 3274 4378 κεῖται
3297 4311 3389 4376 τῷ.

2008 4374 2120 4440 (37)
2168 4374 2593 4447 Συνεκφαίνηται.
2651 4379 2779 4431 Duo
2846 4374 3081 4449 antiqui
3120 4374 3360 4433 codices
3407 4394 3591 4451 συνεμ-

1976 4465 2209 4503 αινηται.
3480 4492 3491 4505 ι

1976 4466 2209 4500 αιντται.
3480 4492 3491 4505 ι

1939 4466 1970 4519 φ
2007 4483 2115 4591 (flat
2145 4521 2415 4591 φαίνηται.
2447 4519 2609 4573 Unus
2637 4517 2770 4573 cod.
2807 4534 2918 4575 ms.
2950 4527 3194 4591 φανῆται.
3239 4520 3332 4576 Sic
3386 4525 3591 4577 autem

1934 4588 2133 4645 reddit
2179 4590 2340 4644 hunc
2388 4589 2589 4645 locum
2640 4588 2975 4645 Erasmus:
3036 4593 3302 4660 Spiritus
3345 4599 3592 4648 sanctus

1937 4662 2130 4716 nihilo
2156 4662 2294 4730 plus
2324 4661 2401 4715 ad
2421 4662 2876 4717 rescondendas
2899 4664 3186 4719 momenti
3211 4665 3486 4719 attulisse
3515 4666 3596 4719 vi-

1936 4733 2172 4798 deatur,
2204 4734 2323 4787 nisi
2344 4733 2503 4803 quod
2543 4740 2769 4801 tempus
2809 4740 2913 4789 aut
2944 4736 3137 4791 locum
3158 4734 3480 4803 praebuerit
3501 4751 3596 4792 re-

1940 4805 2046 4859 bus
2103 4803 2378 4879 conditis.
2432 4807 2683 4879 Athon
2726 4809 2982 4879 tantum
3042 4807 3289 4879 honoris
3352 4805 3596 4879 Spiritui

1938 4880 2149 4950 sancto
2190 4874 2689 4950 habebantimpii
2726 4875 3008 4950 haeretici,
3049 4883 3114 4932 ut
3144 4878 3221 4933 ab
3254 4892 3324 4932 eo
3356 4874 3596 4950 tempus

1938 4951 1995 5002 et
2022 4946 2222 5022 locum
2261 4952 2460 5001 creata
2490 4946 2803 5022 dicerent_;_
2836 4949 2943 5003 sed
2974 4964 3112 5022 eum
3153 4946 3598 5022 comparabant

1938 5034 2078 5074 cum
2103 5017 2238 5073 loco
2251 5023 2307 5072 et
2320 5023 2610 5089 tempore,
2630 5026 2691 5073 ut
2708 5019 2913 5074 Filium
2929 5036 3066 5075 cum
3082 5021 3269 5076 instru
3280 5017 3479 5076 mento
3498 5038 3509 5074 :
3527 5035 3596 5074 ac

1938 5094 1991 5145 ei
2041 5089 2509 5169 appellationem
2536 5089 2650 5169 loci
2687 5089 3112 5169 imponebant,
3142 5098 3209 5147 ut
3235 5093 3314 5148 ait
3346 5091 3596 5169 Basilius

1938 5164 2134 5239 capis;
2151 5161 2321 5231 cujus
2338 5161 2730 5241 cartilationis
2746 5161 2960 5241 ansam
2976 5164 3252 5241 videntur
3267 5162 3597 5241 arripuisse

1942 5249 2014 5287 ex
2037 5233 2258 5287 usitata
2283 5232 2448 5304 apud
2476 5232 2794 5304 scriptores
2821 5235 3257 5290 ecclesiasticos
3279 5232 3593 5304 sententia,

1940 5303 2045 5375 qui
2061 5304 2276 5385 Spiritu
2287 5302 2624 5385 rn'sanctum
2643 5303 2838 5385 dicere
2854 5306 3046 5362 solent
3056 5305 3489 5385 plenitudinem
3505 5302 3601 5385 oo-

1941 5374 2157 5430 norum
2186 5376 2297 5430 Dei
2324 5392 2479 5445 esse,
2513 5381 2578 5430 ut
2608 5376 2689 5431 ait
2722 5376 3011 5447 Didymus
3059 5374 3203 5430 lib.1
3248 5377 3332 5429 De
3360 5374 3601 5443 Spiritu

1943 5453 2171 5513 sancto,
2204 5462 2273 5501 ac
2302 5446 2362 5502 in
2393 5463 2464 5502 eo
2496 5454 2715 5503 cuncta
2760 5446 2869 5502 Dei
2904 5449 3061 5502 dona
3093 5448 3431 5518 consistere.
3468 5450 3601 5518 lpse

1946 5518 2194 5598 Basilius
2216 5519 2614 5598 prob_at,_c_ap.
2650 5524 2718 5575 26
2747 5518 2929 5588 hujus
2955 5517 3108 5598 libri,
3140 5517 3427 5598 Spiritum
3461 5517 3602 5598 san-

1944 5594 2109 5646 ctum
2140 5589 2270 5646 esse
2300 5590 2479 5647 veluti
2506 5589 2709 5647 locum
2747 5604 2958 5647 eorum
2986 5589 3093 5661 qui
3123 5589 3600 5648 sanctiﬁcantur.

3303 5681 3335 5737 3
