4062 6208
459 277 529 328 75

1114 391 1340 448 CAPUT
1375 392 1467 446 Ill.

529 490 583 544 E
612 486 927 544 mundana
945 481 1328 553 philosophia
1360 484 1565 553 natam
1599 492 1716 534 esse
1746 476 1819 532 de
1856 474 2108 546 syllabis

850 551 1232 626 sophisticam
1259 551 1728 620 disputationem

531 655 582 706 5.
623 648 859 705 lnduxit
887 659 1068 718 porro
1094 643 1263 714 ipsos
1302 641 1362 696 in
1392 641 1555 695 hunc
1603 653 1866 694 errorem
1919 639 2110 690 exter-

461 757 682 798 norum
715 751 957 810 quoque
989 732 1349 804 scriptorum
1381 729 1742 796 observatio,
1773 727 1877 800 qui
1906 741 2108 788 voces,

463 847 537 888 ex
575 845 690 900 quo
720 832 774 881 et
802 841 912 895 per
944 838 1139 894 quem,
1173 821 1355 877 rebus
1385 824 1601 876 natura
1632 816 1928 890 separatis
1957 815 2113 871 attri-

460 920 738 976 buerunt.
771 912 1084 985 Siquidem
1113 909 1197 966 llll
1232 912 1447 982 putant
1473 909 1565 963 his
1594 905 1866 972 vocibus,
1899 919 1974 959 ea:
1997 917 2114 972 quo

462 1005 788 1079 signiﬁcari
817 1003 1172 1059 materiam:
1222 1001 1317 1056 his
1348 1015 1512 1065 vero,
1541 1013 1650 1069 per
1671 1012 1866 1068 quem,
1897 995 2113 1050 instru-

461 1101 737 1153 mentum
780 1091 1104 1162 designari.
1139 1091 1189 1163 5
1241 1094 1345 1145 aut
1382 1103 1630 1161 prorsus
1685 1083 2110 1140 ministerium.

460 1184 562 1242 Vel
583 1183 783 1256 potius
811 1180 980 1254 (quid
1010 1181 1170 1236 enim
1203 1181 1378 1240 vetat,
1409 1182 1534 1232 tota
1572 1175 1808 1230 illorum
1841 1171 2117 1228 doctrina

460 1275 729 1347 repetita,
761 1270 972 1345 paucis
1005 1284 1278 1339 arguere,
1311 1272 1368 1322 et
1395 1282 1579 1339 quam
1612 1265 1706 1320 isti
1729 1262 2007 1318 homines
2025 1259 2116 1315 di-

462 1369 602 1421 cant
627 1380 662 1420 a
695 1379 839 1418 vero
882 1358 1236 1415 dissidentia
1256 1360 1313 1412 et
1333 1371 1520 1428 quam
1546 1354 1805 1426 ipsinon
1843 1353 2118 1407 constent

462 1456 640 1514 sibi?)
685 1450 1008 1526 qui_inani
1051 1445 1452 1520 philosorihiaa
1500 1443 1796 1499 dederunt
1845 1456 2114 1514 operam,

461 1547 610 1602 dum
637 1540 1027 1599 multifariam
1057 1539 1370 1610 exponunt
1400 1549 1598 1589 causae
1624 1536 1924 1596 naturam,
1955 1544 2117 1583 eam-

461 1652 579 1710 que
602 1635 662 1690 in
678 1630 924 1706 propria
946 1626 1285 1698 signiﬁcata
1303 1622 1599 1689 dividunt,
1631 1620 1779 1676 alias
1800 1619 1967 1675 aiunt
1988 1633 2118 1672 esse

463 1741 679 1782 causas
702 1716 1089 1795 principales,
1114 1714 1263 1771 alias
1296 1715 1707 1784 cooperantes,
1739 1714 1841 1764 aut
1860 1723 2118 1764 concau-

464 1815 646 1882 sales,
679 1810 829 1867 alias
860 1813 1054 1863 autem
1089 1804 1247 1860 hanc
1281 1802 1576 1857 rationem
1621 1799 1845 1854 habere
1880 1800 1942 1851 ut
1988 1796 2116 1850 sine

461 1905 532 1961 iis
569 1901 718 1959 nihil
744 1898 1056 1956 efﬁciatur.
1091 1897 1283 1965 Atque
1328 1891 1547 1947 harum
1596 1888 1812 1960 cuique
1856 1884 2117 1959 peculia-

463 2011 591 2051 rem
622 1991 803 2047 etiam
837 1984 1169 2043 attribuunt
1204 1979 1696 2054 appellationem,
1719 1976 1800 2032 ita
1834 1981 1894 2030 ut
1949 1974 2117 2030 aliter

463 2083 684 2158 cpifex,
743 2078 911 2135 aliter
981 2074 1447 2130 instrumentum
1528 2067 1919 2138 signiﬁcetur.
1966 2067 2116 2120 Nam

463 2157 667 2247 opiﬁci
712 2182 1043 2238 congruere
1091 2161 1436 2219 existimant
1477 2157 1644 2221 illud.
1669 2173 1703 2213 α
1736 2171 1896 2228 quo;
1948 2157 2117 2210 aiunt

465 2246 625 2319 enim
643 2257 884 2334 proprie
904 2253 1086 2315 dici,a
1107 2251 1281 2307 fabro
1302 2248 1526 2305 factum
1548 2246 1734 2302 fuisse
1762 2259 2112 2300 scamnum:

465 2358 527 2411 at
550 2349 949 2407 instrumento
976 2341 1294 2399 convenire
1325 2336 1490 2402 illud,
1517 2351 1631 2406 per
1669 2350 1837 2407 quem
1867 2349 1889 2403 ,'
1908 2333 2118 2388 dicunt

462 2442 647 2508 enim,
679 2453 786 2511 per
824 2433 1080 2491 securim
1111 2435 1168 2486 et
1206 2426 1555 2484 terebellum
1595 2431 1652 2480 et
1674 2423 1926 2496 reliqua.
1952 2420 2120 2478 Simi-

462 2531 593 2590 liter
612 2531 773 2586 hanc
794 2521 1174 2600 particulam,
1189 2535 1262 2577 e1:
1277 2534 1414 2590 quo,
1438 2517 1519 2572 illi
1547 2515 1777 2571 faciunt
1806 2513 2116 2586 propriam

401 2685 403 2689 Α
466 2620 732 2679 materiae
760 2637 772 2686 ;
804 2613 1103 2688 siquidem
1131 2627 1161 2666 e
1192 2608 1442 2665 materia
1485 2606 1552 2662 ﬁt
1575 2605 1908 2677 opiﬁcium.
1942 2605 2118 2658 Porro

465 2708 848 2788 particulam,
871 2706 1059 2775 juxta
1087 2700 1266 2772 quod,
1295 2702 1509 2770 putant
1539 2696 1875 2765 signiﬁcare
1901 2708 2120 2748 conce-

467 2781 640 2877 ptum
693 2798 921 2861 animo,
972 2792 1070 2848 vel
1117 2791 1478 2846 extrinsecus
1542 2786 1843 2856 objectum
1911 2781 2122 2838 artiﬁci

469 2871 797 2963 exemplar.
822 2883 922 2940 Vel
942 2883 1102 2938 enim
1135 2880 1302 2952 prius
1329 2875 1689 2947 cogitatione
1717 2873 1829 2929 sibi
1857 2871 2126 2944 depingit

471 2982 532 3038 id
571 2962 737 3054 quod
768 2975 964 3032 facere
993 2970 1272 3030 destinat,
1301 2970 1357 3022 et
1381 2967 1465 3021 sic
1495 2962 1663 3036 quod
1692 2963 1896 3018 animo
1919 2975 2127 3017 conce-

473 3049 692 3146 pit,-ad
717 3082 872 3139 opus
901 3059 1176 3135 perducit
1206 3073 1218 3113 :
1265 3056 1357 3113 vel
1389 3055 1466 3111 ad
1502 3052 1812 3124 exemplar
1845 3051 1972 3122 jam
2007 3049 2128 3105 edi-

471 3143 598 3220 tum
613 3151 1046 3230 respiciens,ad
1064 3151 1221 3206 illius
1243 3145 1690 3204 similitudinem
1712 3143 2129 3216 operationem

475 3249 695 3318 dirigit.
730 3249 892 3301 Hanc
921 3247 1124 3298 autem
1143 3235 1524 3311 particulam,
1555 3240 1805 3304 propter
1824 3233 2004 3304 quod,
2032 3248 2133 3287 vo-

474 3340 606 3396 lunt
631 3339 972 3407 competere
1003 3330 1103 3384 ﬁni
1132 3344 1144 3393 ;
1174 3342 1491 3382 scamnum
1523 3324 1678 3379 enim
1727 3340 1857 3378 esse
1905 3323 2132 3379 factum

478 3430 556 3487 ad
587 3442 768 3484 usum
796 3421 1136 3478 hominum.
1173 3416 1438 3488 Denique
1486 3414 1579 3468 his
1631 3412 1845 3483 verbis,
1884 3415 1942 3468 in
1997 3429 2130 3484 quo,

481 3524 722 3590 tempus
745 3517 848 3569 aut
879 3510 1081 3566 locum
1111 3504 1388 3562 indicari.
1431 3503 1687 3568 Quando
1717 3504 1877 3557 enim
1910 3502 2136 3557 factum

481 3615 570 3666 est
589 3589 623 3665 ?7
648 3607 710 3662 in
733 3602 834 3660 tali
865 3606 1156 3671 tempore.
1193 3594 1302 3650 Ubi
1334 3593 1562 3647 factum
1590 3591 1728 3646 est?
1749 3590 1811 3644 in
1840 3589 1941 3645 tali
1979 3590 2137 3662 loco,

479 3705 617 3761 Haec
638 3700 842 3754 autem
869 3687 1108 3747 tametsi
1137 3683 1283 3740 nihil
1315 3681 1631 3738 conferunt
1652 3679 1732 3734 ad
1763 3679 1823 3734 id
1846 3680 2013 3752 quod
2050 3681 2134 3748 ﬁt,

481 3800 686 3850 tamen
720 3783 953 3855 absque
979 3778 1071 3835 his
1119 3771 1266 3831 nihil
1298 3776 1496 3845 potest
1543 3769 1692 3825 ﬁeri.
1737 3769 2138 3841 Operantibus

483 3882 644 3938 enim
676 3881 732 3932 et
776 3873 909 3929 loco
940 3874 997 3925 et
1036 3872 1306 3936 tempore
1339 3877 1495 3932 opus
1544 3863 1651 3914 est.
1699 3859 1814 3913 llas
1853 3858 2137 3914 observa-

483 3970 676 4029 tiones
703 3983 774 4021 ex
805 3959 1090 4018 inanibus
1120 3951 1452 4025 disciplinis
1493 3966 1562 4005 ac
1591 3965 1752 4004 vana
1783 3948 2135 4021 deceptione

485 4058 841 4128 desumptas
865 4065 1001 4105 cum
1024 4045 1119 4101 isti
1146 4042 1462 4099 didicerint
1486 4045 1666 4112 atque
1693 4038 1972 4094 admirati
1994 4038 2132 4107 sint,

485 4167 589 4206 eas
613 4127 793 4203 etiam
817 4141 896 4197 ad
923 4135 1256 4208 simplicem
1278 4143 1334 4186 et
1354 4136 1476 4185 arte
1499 4128 1665 4184 omni
1688 4133 1988 4183 carentem
2013 4127 2135 4198 Spi-

483 4241 632 4298 ritus
661 4231 1000 4292 doctrinam
1033 4221 1418 4286 transferunt,
1448 4225 1512 4274 ut
1543 4225 1598 4274 ct
1638 4221 1822 4273 Deum
1874 4216 2134 4272 Verbum

483 4328 848 4389 diminuant,
877 4324 934 4376 et
983 4315 1264 4390 Spiritum
1317 4315 1594 4366 sanctum
1656 4306 1970 4377 rejiciaut:
2029 4307 2134 4378 qui

483 4418 732 4492 quidem
762 4425 976 4467 vocem
1023 4401 1433 4461 instrumentis
1477 4398 1760 4454 inanimis
1800 4402 1905 4452 aut
1934 4395 2134 4451 servili

483 4483 554 4564 ac
576 4517 824 4578 prorsus
847 4494 1062 4554 humili
1093 4489 1424 4548 ministerio
1453 4503 1488 4543 a
1535 4485 1802 4558 profanis
1827 4483 2131 4557 scriptori-

481 4573 598 4651 bus
619 4583 1247 4660 assignatam,loquor
1276 4579 1351 4634 de
1393 4577 1673 4644 dictione,
1701 4589 2022 4645 perquem,
2054 4573 2134 4630 ad

483 4683 809 4741 Dominum
832 4678 1250 4734 universorum
1272 4686 1395 4726 non
1421 4668 1590 4724 veriti
1613 4670 1753 4721 sunt
1781 4663 2127 4728 transferre;

481 4789 593 4830 nec
626 4769 816 4844 pudet
862 4764 1230 4824 Christianos
1281 4774 1459 4815 serrae
1488 4761 1592 4813 aut
1633 4753 1834 4810 mallei
1870 4753 2133 4811 vocabu-

480 4864 613 4921 lum
652 4861 946 4918 universee
978 4859 1264 4912 creaturae
1297 4846 1603 4906 Conditori
1633 4844 1977 4904 attribuere.

553 5041 668 5110 (39)
705 5038 828 5092 ‘On
869 5035 923 5088 ἐκ
963 5042 1067 5110 ’τῆς
1113 5028 1537 5110 ἓξωθεν.ωΗυΟη
1563 5023 1909 5110 transferre
1939 5021 2130 5110 coacti

483 5095 697 5171 sumus
732 5111 895 5166 hunc
937 5105 1176 5162 titulum
1220 5118 1256 5158 a
1310 5098 1572 5171 librariis
1621 5096 1780 5152 infra
1811 5098 1949 5150 ante
2001 5095 2129 5171 hinc

477 5169 687 5254 verba,
723 5184 773 5234 oi
796 5183 1032 5254 aspirati
1060 5170 1554 5254 ματαίαῃηνῇιὶοεο
1580 5183 1848 5246 prorsu_,
1877 5172 1943 5222 ut
1966 5169 2131 5254 patet

477 5237 960 5328 exi—parenthesi,
989 5237 1176 5328 quam
1217 5237 1828 5328 adjiqimus','apposi
1849 5253 1975 5292 um.
2018 5237 2128 5292 lbi-

647 5331 784 5397 Reg.
819 5313 1040 5397 tertiu§_
1060 5313 1458 5397 auﬂaﬁdw‘fao?
1470 5318 1609 5397 ογία,

449 5379 961 5470 ’ἃλῖοῑῖἔκείνους
983 5392 1189 5452 αὐτούς.
1212 5389 1304 5444 Sic
1323 5384 1458 5442 libri
1483 5379 1734 5439 veteres.
1763 5379 1917 5436 Edili
1937 5379 2126 5441 αὐτοὺς

473 5489 664 5522 εκεινου
675 5491 716 5532 ς.

545 5523 962 5612 (“filii-ﬁxura.
1005 5539 1148 5612 Non
1192 5531 1347 5612 male
1403 5529 1463 5585 in
1507 5543 1627 5583 uno
1668 5542 1758 5612 ex‘
1786 5523 2124 5612 ‘Regi‘s‘fn-

473 5594 865 5683 έχέἱνῘΡοιιιιῗ
876 5594 1014 5689 post
1043 5604 1328 5666 articulus
1356 5617 1428 5660 ex
1466 5615 1614 5657 mss.
1649 5596 1827 5654 codd.
1879 5594 2124 5653 additus

1932 5344 1956 5362 δ

1835 264 1894 321 S.
1937 257 2186 316 BASlLlI
2222 259 2463 325 MAGNI.

2139 388 2186 442 Α

3745 269 3817 322 76

2769 390 3157 439 ΚΕΦΑΛΑΙΟΝ
3197 385 3265 441 Γ.

2289 469 2408 524 ’Ὁτι
2437 471 2492 524 ἐκ
2537 481 2631 535 τῆς
2688 473 2867 552 ἕξωθςδ
2924 479 3036 542 (39)
3071 481 3257 552 σοφίας
3315 479 3345 534 ἡ
3379 483 3498 552 περὶ
3555 486 3653 530 τῶν
3699 481 3826 534 συλ-

2752 545 2918 598 λαϐῶν
2958 545 3284 619 τεχνολογία.

2400 637 2701 707 Υπηγάγετο
2739 640 2913 708 μέντοι
3000 637 3184 698 αὐτοὺς
3259 642 3388 712 πρὸς
3459 645 3552 698 τὴν
3618 639 3823 700 ἀπάτην

2221 726 2412 780 ταύτην
2443 728 2533 775 καὶ
2562 726 2589 782 ἡ
2624 733 2723 776 τῶν
2781 725 2960 789 ἔξωθεν
3013 733 3377 801 παρατήρησις
3431 729 3480 780 οἳ
3533 734 3612 793 τὸ,
3655 730 3706 794 ἐξ
3737 732 3819 798 οὗ,

2221 815 2417 882 καὶτὸ,
2469 809 2542 864 δι’
2586 813 2666 880 οὗ,
2695 819 3105 887 κεχωρισμένοις
3159 819 3294 868 κατὰ
3345 823 3438 876 τὴν
3488 821 3643 890 φύσιν
3689 825 3824 895 πρά-

2221 921 2390 973 γμασι
2445 899 2873 975 προσδιένειμαν.
2954 903 3166 957 Ἐκεῖνοι
3216 910 3314 976 γὰρ
3361 909 3556 960 οἴονται
3618 913 3675 962 1'6
3733 915 3820 963 ιιεν

2231 989 2278 1004 Ν
2485 967 2493 975 .
2560 992 2577 1005 ο
2746 967 2755 974 .
3223 967 3236 976 .
3286 967 3294 974 -
3729 967 3738 983 .

2225 1009 2275 1052 ες
2308 991 2366 1042 οὗ
2415 995 2508 1048 τὴν
2551 991 2674 1049 υλην
2717 989 2927 1058 δηλοῦν,
2961 997 3018 1044 τό
3052 991 3110 1046 δὲ
3143 991 3215 1046 δι’
3246 996 3306 1046 οὗ
3335 1000 3391 1048 τό
3424 1001 3638 1070 ιῖογανον
3691 1020 3824 1072 παρα

2227 1086 2396 1149 ιστᾲνν
2449 1081 2477 1139 ἦ
2541 1080 2668 1143 ὅλως
2714 1086 2808 1139 τὴν
2859 1083 3170 1156 ὑπουργίαν.
3227 1085 3428 1138 Μᾶλλον
3487 1084 3546 1140 δὲ
3587 1091 3654 1159 (τί
3717 1093 3820 1165 γὰρ

2224 1167 2427 1236 κωλύει,
2488 1172 2656 1254 πάντα
2694 1175 2779 1222 τόν
2842 1169 3040 1224 ἐκείνων
3087 1172 3238 1246 λόγον
3288 1173 3652 1246 ἀναλαϐόντας,
3684 1185 3740 1232 τό
3769 1200 3826 1232 τε

2225 1261 2353 1330 πρὸς
2384 1263 2476 1316 τὴν
2519 1257 2759 1316 ἀληθειαν
2793 1259 3146 1334 ἀσυνάρτητον
3191 1268 3279 1315 καὶ
3333 1268 3389 1316 τὸ
3421 1271 3549 1341 πρός
3602 1266 3825 1330 ἐκείνους

2227 1346 2412 1408 αὐτοὺς
2463 1351 2572 1418 (40)
2605 1347 2914 1422 ἀσυμφωνον
2953 1359 3052 1402 τῶν
3106 1348 3308 1425 ἀνδρῶν
3356 1358 3548 1406 τούτων
3593 1356 3641 1408 ἐν
3691 1357 3829 1432 βρα-

2226 1442 2317 1506 χεῖ
2349 1432 2608 1506 διελέγξαι
2634 1441 2683 1506 ;)
2714 1437 2760 1490 οἱ
2792 1444 2908 1513 περὶ
2938 1445 3023 1498 τὴν
3049 1447 3278 1514 ματαίαν
3310 1443 3612 1516 φιλοσοφίαν
3657 1448 3826 1518 ἐσχο-

2229 1529 2454 1592 Αακότες,
2482 1534 2571 1578 τοῦ
2605 1528 2773 1581 αἰτίου
2817 1535 2911 1587 την
2944 1534 3096 1602 φύσιν
3143 1531 3418 1604 πολλαχῶς
3469 1533 3826 1608 ἐξηγούμενοι,

2226 1621 2316 1666 καὶ
2347 1624 2500 1668 τοῦτο
2529 1617 2594 1677 εἰς
2640 1621 2703 1669 τὰ
2750 1618 2916 1671 οἰκεῖα
2962 1626 3319 1693 σημαινόμενα
3369 1620 3713 1697 διαιροῦντες,
3763 1629 3831 1679 τὰ

2157 1707 2317 1796 Βμεν
2393 1711 2823 1779 προκαταρκτικόι
2890 1707 3100 1779 λέγουσι
3159 1719 3259 1762 τῶν
3335 1712 3512 1764 αἰτίων
3571 1713 3717 1782 εἶναι,
3759 1717 3828 1767 τὰ

2229 1789 2289 1845 δε
2343 1798 2566 1868 συνεργὰ
2615 1797 2641 1854 ἡ
2703 1801 2964 1862 συναίτια,
3007 1801 3071 1850 τά
3128 1795 3186 1851 δὲ
3231 1809 3328 1852 τῶν
3359 1802 3426 1852 ὧν
3458 1802 3551 1854 οὐκ
3589 1805 3707 1856 ἄνευ
3733 1803 3826 1856 λό-

2226 1901 2316 1953 γον
2362 1881 2566 1955 ἐπέχειν
2620 1885 2754 1956 (4ἰ).
2805 1886 3034 1957 Ἐκάστῳ
3078 1893 3250 1960 μέντοι
3286 1893 3478 1943 τούτων
3512 1888 3826 1953 ἰδιάζουσαν

2226 1977 2316 2024 καὶ
2373 1978 2465 2031 την
2531 1972 2819 2046 ἐκφώνησιν
2893 1975 3232 2048 ἀφορίζουσιν
3265 1995 3277 2008 ⁸
3340 1983 3472 2033 ὥστε
3521 1981 3686 2043 ἄλλως
3737 1986 3826 2035 τὸν

2229 2057 2554 2137 δημιουργὸν
2598 2067 2968 2135 σημαίνεσθαι,
3024 2073 3113 2119 καὶ
3153 2071 3208 2120 τό
3269 2070 3482 2142 ὀργανον
3531 2071 3716 2134 οὒιλως.
3741 2079 3826 2143 Τῷ

2227 2154 2315 2223 μὲν
2346 2155 2446 2224 γὰρ
2507 2148 2818 2224 δημιουργῷ
2869 2159 3077 2226 πρέπειν
3136 2159 3333 2208 οἴονται
3386 2164 3444 2210 τὸ
3501 2160 3584 2231 ὑφ’
3616 2156 3697 2212 οὗ·
3733 2181 3828 2212 κυ-

2226 2259 2346 2312 ριως
2374 2243 2475 2315 γὰρ
2505 2261 2631 2313 φασι
2678 2241 2920 2312 λέγεσθαι
2960 2245 3058 2295 ὑπὸ
3111 2253 3201 2297 τοῦ
3251 2251 3487 2310 τέκτονος
3515 2251 3828 2320 γεγενῆσθαι

2226 2334 2284 2381 τό
2339 2329 2558 2402 βάθρονο
2595 2339 2663 2400 τῷ
2718 2327 2777 2382 δὲ
2824 2331 3024 2403 ὀργάνῳ
3062 2336 3118 2384 τὸ
3175 2330 3246 2386 δι’
3292 2335 3371 2386 οὗ·
3421 2333 3514 2389 διά
3569 2342 3670 2410 γὰρ
3714 2358 3831 2392 σκε-

2226 2423 2424 2494 πάρνου
2470 2425 2618 2493 φασὶ,
2652 2427 2740 2472 καὶ
2777 2425 3032 2496 τερέτρου,
3078 2428 3167 2475 καὶ
3217 2433 3316 2476 τῶν
3355 2424 3566 2481 λοιπῶν.
3609 2427 3832 2499 Ὀμοίως

2230 2507 2288 2562 δὲ
2345 2514 2434 2561 καὶ
2487 2513 2544 2561 τὸ
2604 2508 2655 2571 ἐξ
2703 2510 2762 2562 οὗ
2799 2519 2891 2572 τῆς
2937 2511 3060 2571 ὕλης
3101 2509 3239 2564 ἰδιον
3270 2517 3496 2567 τίθενται
3524 2515 3722 2568 ἐκεῖνοι·
3768 2517 3830 2569 ἐκ

2230 2599 2381 2663 ξύλου
2434 2603 2535 2672 γὰρ
2594 2597 2721 2651 εἶναι
2768 2603 2822 2651 1'6
2893 2597 3291 2674 δημιούργημαο
3345 2607 3401 2655 τὸ
3452 2601 3511 2656 δε
3551 2604 3720 2658 καθ’ὂ
3769 2610 3830 2658 τὸ

2231 2688 2467 2761 ἐνθύμιον
2533 2685 2744 2753 δηλοῦν,
2815 2690 2845 2748 ἡ
2922 2694 2980 2741 τό
3047 2689 3331 2764 ἐκκείμενον
3398 2690 3697 2766 ὑπόδειγμα
3756 2704 3833 2766 τῷ

2231 2784 2466 2850 τεχνίτῃ.
2514 2777 2580 2830 ⁴Π
2624 2781 2724 2852 γὰρ
2775 2781 3334 2855 προαναζωγραφησας
3373 2789 3433 2854 τῇ
3483 2779 3692 2856 διανοίᾳ
3718 2788 3830 2854 (42)

2231 2872 2288 2921 τὸ
2331 2871 2763 2940 κατασκεύασμα,
2813 2870 2978 2930 οὕτως
3026 2869 3096 2932 εἰς
3165 2873 3310 2944 ἔργον
3379 2877 3470 2930 τὴν
3543 2879 3833 2945 φαντασίαν

2233 2961 2446 3029 ἤγαγεν·
2481 2959 2510 3016 ἦ
2567 2961 2697 3031 πρὸς
2744 2954 2849 3015 ἤδη
2901 2957 3187 3031 ἐκκείμενον
3240 2957 3579 3035 παράδειγμα
3620 2961 3833 3016 ἀποϐλέ-

2165 3067 2362 3150 Cum»,
2419 3045 2533 3098 καθ’
2581 3049 2830 3118 ὁμοίωσιν
2880 3045 3070 3099 ἐκείνου
3126 3053 3219 3106 τὴν
3265 3047 3518 3122 ἐνέργειαν
3575 3052 3840 3123 (43)κατ-

2301 3138 2352 3150 ..
2506 3133 2895 3150 _........
3003 3146 3022 3150 _
3119 3137 3142 3150 ..
3433 3145 3443 3150 .
3631 3140 3739 3150 λ..

2236 3138 2456 3190 ευοὺνει.
2506 3140 2574 3188 T6
2634 3133 2692 3188 δὲ
2743 3133 2817 3188 δι’
2875 3136 2900 3188 ὁ
2958 3146 3030 3208 τῷ
3074 3137 3204 3190 τέλει
3274 3145 3559 3212 προσήκειν
3621 3140 3843 3213 βουλον-

2239 3245 2343 3278 ται’
2381 3223 2473 3278 διὰ
2522 3229 2623 3299 γὰρ
2684 3231 2773 3283 την
2819 3233 3020 3300 χρῆσιν
3071 3231 3157 3284 την
3212 3236 3309 3279 τῶν
3364 3227 3643 3302 ἀνθρώπων
3690 3250 3843 3302 γεγο-

2241 3321 2377 3369 νέναι
2405 3320 2461 3368 τὸ
2508 3315 2725 3390 βάθρον·
2777 3319 2834 3367 τὸ
2868 3311 2926 3368 δε
2985 3314 3031 3367 ἐν
3071 3314 3110 3387 ᾧ
3141 3321 3226 3369 τὸν
3260 3322 3452 3392 χρόνον
3517 3326 3779 3394 παριστᾲν
3807 3322 3841 3380 ἣ

2243 3410 2330 3458 τὸν
2374 3411 2549 3461 τόπον.
2606 3411 2738 3458 Πότε
2785 3409 2884 3480 γάρ
2932 3409 3173 3478 γέγονεν;
3208 3406 3288 3459 Ἐν
3323 3404 3461 3477 τῷδε
3512 3417 3583 3478 τῷ
3640 3414 3846 3481 χρόνῳ.

2249 3501 2349 3547 Καὶ
2380 3503 2480 3548 που
2506 3513 2518 3560 ;
2549 3495 2628 3548 Ἐν
2675 3491 2810 3565 τῷδε
2843 3501 2915 3564 τῷ
2966 3500 3125 3566 τόπῳ,
3179 3503 3356 3548 Ταῦτα
3387 3492 3446 3548 δὲ
3486 3496 3528 3548 εἰ
3555 3502 3644 3549 καὶ
3674 3495 3852 3569 μηδὲν

2246 3593 2318 3654 τῷ
2359 3591 2609 3656 γινομένῳ
2680 3583 3047 3656 συμϐάλλεται,
3105 3583 3214 3635 ἀλλ’
3268 3581 3354 3635 οὖν
3404 3584 3496 3635 οὐκ
3553 3584 3671 3637 ἄνευ
3725 3591 3855 3640 τού-

2246 3694 2344 3726 των
2378 3671 2599 3726 δυνατόν
2639 3693 2691 3724 τι
2733 3674 2992 3742 γενέσθαι.
3053 3677 3217 3743 Χρεία
3244 3675 3344 3742 γὰρ
3403 3676 3493 3722 καὶ
3535 3678 3695 3724 τόπου
3751 3683 3854 3730 καὶ

2244 3768 2440 3836 χρόνου
2479 3769 2588 3822 τοῖς
2651 3759 2933 3834 ἐνεργοῦσι.
2984 3766 3161 3810 Ταῦτα
3207 3761 3456 3830 μαθόντες
3501 3765 3591 3812 καὶ
3639 3763 3854 3836 θαυμά-

2247 3873 2426 3914 σαντες
2458 3854 2567 3921 (44)
2617 3850 2764 3902 οὖτοῖ
2802 3852 2867 3901 τὰ
2919 3847 2973 3900 ἐκ
3024 3857 3118 3908 τῆς
3166 3854 3518 3921 ματαιότητος
3555 3871 3644 3904 και
3691 3862 3855 3918 κενῆς

2242 3945 2445 4002 ἀπάτης
2486 3944 2930 4016 παρατηρήματα,
2977 3943 3070 3989 καὶ
3115 3937 3197 3990 ἐπὶ
3244 3942 3338 3996 τήν
3395 3939 3560 3999 ἁπλῆν
3592 3947 3680 3994 καὶ
3731 3942 3856 3996 ἁτε-

2241 4031 2561 4104 χνολόγητον
2613 4037 2703 4080 τοῦ
2790 4030 3084 4099 Πνεύματος
3152 4023 3506 4080 διδασκαλίαν
3562 4039 3853 4102 μετακομί-

2245 4126 2444 4186 ζουσιν,
2480 4120 2550 4182 εἰς
2597 4119 2876 4171 ἐλάττωσιν
2929 4120 3019 4189 μὲν
3077 4124 3168 4168 τοῦ
3213 4125 3346 4170 Θεοῦ
3403 4122 3598 4190 Λόγου,
3661 4119 3854 4180 ἀθέτη-

2246 4233 2327 4265 σιν
2369 4208 2426 4263 ὃε
2484 4217 2574 4262 τοῦ
2644 4208 2793 4278 ἁγίου
3017 4209 3330 4280 Πνετᾶματοςο
3390 4208 3439 4258 οἱ
3494 4227 3551 4280 γε
3602 4215 3694 4267 τὴν
3758 4210 3851 4264 ἐπὶ

2242 4301 2465 4373 ἀψύχων
2515 4299 2765 4374 ὀργάνων,
2829 4296 2858 4354 ἦ
2916 4305 3011 4357 τῆς
3067 4297 3378 4370 ὑποχειρίου
3440 4303 3529 4350 καὶ
3594 4309 3851 4365 ταπεινῆς

2241 4391 2493 4451 παντελῶς
2540 4392 2828 4462 ὑπηρεσίας
2883 4392 3052 4458 φωνην
3109 4383 3472 4458 ἀφωρισμένην
3532 4391 3674 4461 παρὰ
3739 4397 3848 4441 τῶν

2243 4481 2441 4546 ἔξωθεν,
2501 4483 2594 4537 τὴν
2648 4475 2721 4530 δι’
2759 4477 2818 4528 οὗ
2874 4475 3026 4547 λέγω,
3058 4479 3251 4533 ταύτην
3310 4474 3391 4527 ἐπὶ
3441 4480 3525 4528 τόν
3573 4482 3846 4537 Δεσπότην

2239 4580 2338 4623 τῶν
2394 4569 2520 4622 ὅλων
2573 4568 2668 4620 οὐκ
2715 4570 2956 4624 ὤκνησαν
2986 4567 3302 4638 μεταθεῖναι,
3349 4571 3437 4617 καὶ
3485 4566 3578 4618 οὐκ
3635 4567 3844 4638 αἰσχύ..

2237 4681 2410 4714 νονται
2437 4662 2486 4712 οἱ
2515 4659 2827 4733 Χριστιανοὶ
2856 4673 3060 4728 πριονος
3100 4656 3128 4713 ἦ
3173 4657 3376 4730 σφύρας
3404 4663 3474 4726 τῷ
3525 4652 3842 4730 δημιουργῷ

2238 4759 2333 4812 τῆς
2362 4755 2580 4810 κτίσεως
2611 4751 2781 4820 φωνὴν
2801 4744 3153 4818 ἀφορίζοντες.

2238 5022 2377 5075 ante
2406 5021 2663 5077 τέκτονος.

2310 5091 2428 5159 (42)
2466 5095 2538 5146 Τῆ
2576 5085 2806 5157 διανοίᾳ.
2841 5087 2967 5159 Duo
2999 5081 3237 5159 codices
3263 5095 3407 5138 mss.
3436 5080 3484 5134 ἓν
3506 5078 3842 5159 τῇμιξιανοίᾳ,

2306 5141 2426 5232 (ᾗ)
2461 5141 2772 5233 Ἐνέργειαν.’
2795 5141 2911 5214 ⁷8ἱο
2937 5141 3177 5213 codices
3203 5171 3357 5211 mss.
3397 5169 3522 5211 sex.
3544 5141 3703 5211 'Editi
3751 5141 3846 5230 ἑρέ

2235 5253 2448 5306 γασιαν.

2309 5307 2420 5372 (44)
2466 5307 2566 5356 Καὶ
2594 5302 2972 5373 θαυμάσαντες.
3004 5301 3138 5355 Haec
3164 5296 3382 5373 desunt
3418 5299 3479 5354 in
3523 5295 3846 5373 nonnullis

2163 5403 2167 5405 ·
2235 5369 2547 5433 codicibus
2577 5369 2927 5429 mss.Paulo
2948 5375 3086 5443 post
3111 5369 3262 5443 editi
3275 5375 3367 5428 τὴν
3387 5378 3478 5443 τοῦ
3507 5372 3839 5443 nmina-r95,

2236 5448 2340 5504 sed
2356 5447 2589 5519 primus
2619 5443 2903 5519 articulus
2924 5438 3048 5498 non
3069 5441 3455 5519 i_nve_nitur__in
3476 5456 3628 5496 mss.
3646 5438 3843 5519 codd.

2306 5512 2431 5590 (4'5)
2455 5525 2558 5570 Τοῦ
2613 5514 2787 5586 ἁγίου.
2826 5517 2952 5590 Duo
2983 5513 3215 5586 antiqui
3267 5512 3507 5570 codices
3535 5518 3628 5564 τοῦ
3670 5514 3838 5568 θείου.

2232 5585 2361 5648 Ι)αο
2383 5589 2486 5647 alii
2510 5595 2602 5642 τοῦ
2635 5585 2772 5642 θείου
2803 5592 2893 5640 καὶ
2923 5585 3105 5660 ἁγίου.
