4062 6208
563 270 633 327 79
1156 236 1157 239 γ
1916 275 1974 331 s.
2014 274 2177 332 BASI

2315 278 2565 339 MAGNI.
3012 326 3015 330 -
3833 295 3923 361 ’80

562 393 847 466 Spiritum
879 400 1161 453 sanctum
1202 396 1264 452 in
1304 397 1673 453 consortium
1719 398 1941 455 harum
1987 414 2185 456 vocun

2323 404 2381 456 οῦ
2406 404 2792 501 ποὲοαδέχεται·
2827 414 2951 490 ὅπερ
2981 417 3009 475 ἡ
3056 422 3208 477 καινὴ
3270 420 3380 491 (50)
3439 423 3634 475 τούτων
3676 425 3920 501 κληροδω

556 499 634 541 ea:
660 500 797 556 quo,
825 489 949 554 aut,
975 501 1086 556 per
1108 500 1298 556 quem,
1319 485 1485 557 quod
1526 492 1731 543 tamen
1762 503 1924 545 nova
1952 488 2209 546 istorum

554 573 898 631 distributio
944 574 1169 630 deﬁnit.
1232 575 1391 630 Unus
1445 576 1603 631 Deus
1658 582 1712 633 et
1733 578 1937 645 Pater,
1972 594 2050 635 ea:
2095 596 2209 651 quo

552 665 754 720 omnia
773 680 796 719 .·
814 670 869 720 et
899 679 1055 719 unus
1081 664 1368 719 Dominus
1395 666 1567 720 Iesus
1591 664 1883 736 Christus,
1901 683 2015 738 per
2033 684 2207 741 quem

550 755 750 809 omnia
770 755 839 807 79.
872 755 1000 809 Non
1032 756 1172 807 sunt
1199 752 1294 807 has
1325 768 1503 809 voces
1532 753 1730 826 legem
1785 756 2047 820 ferentis,
2100 758 2206 814 sed

2324 499 2415 547 σία
2455 492 2719 572 διώρισεν.
2739 587 2754 588 ﬂ
2777 500 2866 565 Εἷς
2919 509 3051 569 Θεὸς
3107 508 3222 577 (51)
3287 514 3378 562 καὶ
3431 516 3636 588 Πατὴρ,
3681 515 3734 578 ἐξ
3762 492 3822 568 οὗ
3859 522 3920 571 τὰ

2316 585 2507 637 πάντα·
2568 594 2655 641 καὶ
2709 587 2780 654 εἷς
2839 596 3028 668 Κύριος
3078 596 3285 660 Ἰησοῦς
3344 604 3600 675 Χρῖστός,
3664 599 3736 656 δι’
3768 605 3827 657 οὗ
3856 610 3919 659 τὰ

2314 676 2503 730 πάντα.
2565 678 2730 731 Αὗται
2774 685 2868 733 οῦκ
2927 684 3031 736 εἰσι
3091 688 3486 759 νομοθετοῦντος
3546 697 3727 763 φωναὶ,
3795 693 3915 749 ἀλλὰ

2316 758 2771 839 διευκρινουμένου
2825 774 2917 834 τὰς
2970 774 3309 837 ὑποστάσεις.
3364 778 3440 829 Οὐ
3488 782 3590 854 γὰρ
3626 782 3794 835 ἶνατό
3827 782 3914 836 ἁλ-

546 840 907 914 hypostases
937 840 1377 911 distinguentis.
1402 846 1529 899 Non
1551 844 1713 901 enim
1744 850 1808 902 ut
1833 851 2063 903 naturae
2104 847 2201 903 in-

544 930 789 985 duceret
816 929 1249 995 diversitatem,
1278 931 1388 1000 sed
1408 937 1471 989 ut
1502 934 1564 989 in
1587 935 1911 992 confusam
1935 937 2123 992 Patris
2150 940 2208 994 et

543 1017 666 1073 Filii
714 1018 1023 1075 notionem
1069 1019 1403 1091 exhiberet,
1456 1022 1541 1078 ita
1571 1022 1809 1080 locutus
1858 1025 2199 1098 Apostolus.

540 1108 686 1162 Nam
711 1107 876 1179 quod
915 1108 1007 1163 has
1046 1125 1227 1165 voces
1257 1110 1412 1166 inter
1441 1128 1503 1168 se
1530 1112 1844 1169 contrariae
1894 1130 2018 1170 non
2063 1115 2200 1185 sint,

537 1210 734 1268 neque
764 1196 926 1252 velut
947 1197 1008 1253 in
1035 1198 1245 1270 praalio
1279 1205 1577 1273 separatae
1601 1202 1892 1259 adversus
1918 1203 2199 1262 hostilem

536 1286 751 1355 aciem,
783 1286 862 1342 ad
887 1286 1115 1343 bellum
1142 1288 1297 1345 inter
1327 1305 1390 1345 se
1412 1290 1747 1361 gerendum
1783 1292 2041 1349 excitent
2096 1310 2201 1351 na-

535 1378 703 1432 turas
753 1374 830 1431 ad
888 1393 1045 1449 quas
1095 1378 1477 1447 accesserint,
1518 1380 1658 1435 inde
1713 1380 1917 1454 liquet.
1953 1382 2201 1453 Collegit

534 1465 751 1522 ambas
779 1467 840 1521 in
863 1482 983 1523 una
1013 1470 1070 1522 et
1099 1467 1314 1523 eadem
1336 1484 1599 1541 persona
1619 1468 1835 1526 beatus
1861 1472 1911 1541 7
1940 1476 2195 1544 Aposto-

532 1552 627 1609 lus
655 1554 902 1611 dicens:
931 1556 1224 1623 Quoniam
1254 1572 1330 1614 ex
1367 1559 1513 1630 ipso,
1549 1566 1603 1616 et
1631 1575 1741 1629 per
1790 1560 2009 1630 ipsum,
2045 1567 2099 1617 et
2133 1564 2196 1618 in

532 1646 726 1715 ipsum
774 1648 976 1702 omnia
999 1647 1066 1701 ⁸ο.
1120 1646 1294 1713 Quod
1342 1652 1545 1705 autem
1597 1649 1726 1705 hinc
1757 1649 1836 1706 ad
1864 1650 2188 1707 Dominum

528 1734 765 1801 referat,
793 1735 991 1807 quivis
1021 1735 1322 1805 fatebitur,
1346 1737 1451 1810 qui
1478 1738 1568 1793 vel
1616 1739 1869 1795 tenuiter
1914 1740 2196 1812 inspiciat
2226 1762 2264 1815 Β

530 1828 797 1879 mentem
824 1823 1132 1880 orationis.
1158 1827 1306 1881 Cum
1337 1827 1499 1881 enim
1557 1828 1878 1899 Apostolus
1912 1829 2079 1901 prius
2122 1846 2194 1885 ex

530 1914 700 1969 Isaiae
725 1914 1044 1987 prophetia
1062 1914 1367 1987 posuisset
1386 1915 1533 1971 illud
1557 1933 1570 1971 :
1603 1916 1742 1984 Quis
1765 1920 2042 1988 cognovit
2063 1935 2193 1975 sen-

526 2018 657 2059 sum
684 2005 946 2074 Domini,
978 2010 1082 2060 aut
1114 2005 1244 2077 quis
1282 2006 1667 2062 consiliarius
1696 2009 1825 2077 ejus
1855 2008 1980 2077 fuit
2012 2007 2190 2064 ?sub-

522 2092 986 2164 jecitzQuoniam
1016 2110 1092 2151 ex
1122 2096 1263 2164 ipso,
1292 2100 1347 2151 et
1372 2110 1484 2164 per
1513 2096 1731 2166 ipsum,
1775 2104 1831 2153 et
1880 2098 1942 2153 in
1994 2099 2190 2167 ipsum

526 2190 667 2240 sunt
693 2185 892 2240 omnia
915 2185 983 2239 ⁸⁸.
1013 2186 1155 2250 Qum
1188 2188 1343 2240 certe
1369 2184 1444 2241 de
1476 2188 1594 2241 Deo
1636 2185 1827 2242 Verbo
1878 2186 2190 2244 universo-

526 2287 665 2329 rum
703 2272 1013 2329 conditore
1063 2272 1225 2329 diota
1263 2289 1393 2330 esse
1440 2289 1477 2330 a
1500 2274 1820 2347 propheta,
1853 2291 1925 2331 ex
1951 2276 2022 2332 iis
2051 2293 2189 2349 quae

526 2363 883 2436 praecedunt
910 2362 1111 2420 discas
1168 2362 1391 2422 licebit.
1445 2365 1583 2433 Quis
1628 2381 1864 2422 mensus
1890 2372 1973 2423 est
2006 2382 2191 2423 manu

526 2468 771 2525 aquam,
793 2459 849 2510 et
866 2454 1080 2510 caelum
1099 2453 1329 2524 palmo,
1362 2458 1417 2510 et
1444 2459 1629 2511 totam
1665 2461 1889 2512 terram
1928 2472 2132 2526 pugno
2162 2456 2190 2511 ?

530 2543 671 2610 Quis
694 2544 909 2599 statuit
937 2549 1164 2599 montes
1186 2546 1247 2598 in
1278 2544 1459 2613 libra,
1484 2549 1539 2600 et
1569 2545 1753 2601 colles
1797 2546 1862 2600 in
1902 2551 2133 2602 statera
2163 2549 2191 2600 ?

529 2633 670 2701 Quis
690 2633 965 2703 cognovit
986 2648 1221 2690 sensum
1247 2633 1493 2701 Domini,
1518 2639 1624 2689 aut
1646 2635 1777 2706 quis
1800 2635 2187 2690 consiliarius

529 2723 633 2778 illi
654 2723 781 2794 fuit
803 2723 850 2757 ⁸³
876 2722 904 2776 ?
928 2725 1079 2779 Nam
1110 2722 1239 2779 haec
1260 2722 1462 2789 dictio,
1492 2724 1645 2795 quis,
1674 2723 1772 2779 hic
1793 2739 1917 2779 non
1940 2739 2189 2796 prorsus

525 2810 586 2869 id
609 2811 778 2885 quod
807 2811 1017 2869 haberi
1046 2812 1276 2886 nequit,
1310 2811 1634 2882 signiﬁcat,
1664 2812 1771 2869 sed
1796 2813 1961 2885 quod
1981 2818 2068 2870 est
2096 2830 2189 2869 ra-

524 2918 704 2960 rum:
733 2902 972 2960 velutin
997 2902 1149 2960 hoc:
1186 2903 1327 2971 Quis
1362 2905 1634 2974 insurget
1693 2904 1845 2960 mihi
1899 2904 2188 2961 adversus

522 3008 799 3063 perverse
828 2998 1069 3063 agentes
1092 2993 1139 3028 ⁸³
1159 2994 1185 3049 ?
1207 2995 1296 3049 Et:
1317 2993 1457 3061 Quis
1481 2998 1566 3049 est
1599 2993 1770 3048 homo
1802 2995 1907 3065 qui
1942 2994 2070 3049 vult
2104 2995 2189 3049 vi-

528 3082 760 3139 tam“?
792 3084 897 3138 Et:
926 3082 1067 3150 Quis
1114 3083 1393 3139 ascendet
1450 3084 1505 3138 in
1553 3088 1807 3139 montem
1840 3082 2130 3139 Domini“5
2161 3083 2188 3139 ?
2219 3123 2259 3180 Ο

527 3172 807 3229 Similiter
834 3177 891 3229 et
915 3172 1031 3229 hoc
1046 3172 1181 3229 loco
1208 3172 1439 3229 dictum
1463 3192 1476 3229 :
1506 3174 1645 3242 Quis
1667 3180 1755 3229 est
1783 3173 2184 3245 quicognovit

523 3276 754 3318 sensum
779 3263 1038 3331 Domini,
1068 3268 1123 3318 et
1144 3265 1384 3319 consilii
1408 3264 1578 3319 illius
1593 3265 1903 3334 particeps
1944 3264 2067 3333 fuit
2094 3264 2140 3298 ⁸⁸
2160 3263 2188 3318 ‘?

523 3350 714 3407 Pater
740 3353 897 3407 enim
918 3352 1125 3421 diligit
1148 3352 1396 3420 Filium,
1419 3358 1477 3407 et
1497 3354 1695 3408 omnia
1716 3352 1972 3408 ostendit
2000 3353 2101 3408 illi
2117 3353 2186 3411 ⁸⁷.

526 3439 625 3496 Hic
653 3444 741 3495 est
759 3439 864 3511 qui
894 3439 1159 3496 continet
1195 3444 1440 3506 terram,
1470 3456 1728 3513 eamque
1774 3456 1986 3513 pugno
2023 3457 2185 3497 com-

524 3530 736 3604 plexus
758 3534 844 3587 est
872 3548 886 3597 ;
911 3530 1015 3603 qui
1044 3534 1260 3587 cuncta
1291 3530 1541 3603 digessit
1576 3532 1634 3587 in
1663 3532 1962 3599 ordinem,
1995 3547 2189 3604 eaque

524 3619 763 3677 ornavit
787 3637 801 3689 ;
834 3619 935 3692 qui
957 3623 1013 3676 et
1034 3624 1270 3676 montes
1290 3619 1606 3693 aequaliter
1628 3620 1894 3687 libravit,
1928 3625 1986 3676 et
2011 3621 2191 3693 aquis

525 3710 816 3767 terminos
857 3709 1226 3782 prescripsit,
1273 3714 1331 3766 et
1376 3709 1663 3766 omnibus
1691 3726 1827 3783 quae
1857 3709 1917 3765 in
1950 3709 2189 3766 mundo

525 3806 682 3867 sunt,
708 3816 889 3855 suum
910 3799 1249 3869 designavit
1270 3799 1544 3856 ordinem
1573 3817 1585 3855 :
1612 3800 1718 3873 qui
1746 3806 1937 3856 totum
1966 3798 2187 3855 caelum

524 3889 769 3945 modica
792 3888 971 3945 totius
994 3905 1118 3945 sure
1141 3889 1454 3961 potestatis
1478 3888 1773 3962 particula
1794 3888 2159 3961 comprehen
2175 3925 2189 3933 -

524 3976 612 4033 dit
641 3995 653 4032 :
682 3994 868 4051 quam
890 3995 1089 4035 sermo
1112 3979 1497 4052 propheticus
1519 3978 1772 4049 figurate
1791 3978 2065 4051 palmum
2085 3993 2189 4047 ap-

524 4067 788 4141 pellavit.
810 4068 979 4126 Unde
1009 4073 1412 4140 congruenter
1437 4067 1758 4141 Apostolus
1785 4066 2008 4139 adjecit
2041 4083 2054 4122 :
2088 4068 2188 4123 Ex

1169 4212 1217 4246 ’θ
1249 4213 1419 4267 Rom.
1459 4226 1536 4271 xx.
1571 4213 1659 4266 36.

1183 4283 1230 4319 ⁸⁵
1264 4282 1414 4338 Psal.
1449 4298 1612 4352 χχιιι,
1642 4285 1695 4337 3.

2311 851 2509 929 λὸτριον
2566 866 2659 919 τῆς
2716 862 2915 931 φύσεως
2966 863 3244 937 εἰσαγάγῃ,
3302 864 3408 919 ἀλλ’
3466 870 3547 921 ἵνα
3611 869 3913 945 ἀσύγχυτον

2313 948 2517 1018 Πατρός
2573 966 2663 999 και
2719 951 2842 1002 Υίοῦ
2905 956 2998 1010 τὴν
3078 955 3271 1006 ἔννοιαν
3339 964 3684 1034 παραστὴση,
3784 966 3912 1016 οὕτω

2310 1039 2622 1106 προήνεγκεν
2676 1038 2701 1089 ὁ
2760 1039 3096 1104 Ἀπόστολος.
3158 1044 3296 1097 Ἐπεὶ
3340 1048 3496 1120 ὄτιγε
3536 1052 3591 1101 αἱ
3632 1057 3797 1122 φωναὶ
3834 1051 3912 1105 ἆλ-

2309 1119 2489 1185 λήλαις
2550 1124 2643 1176 οῦκ
2695 1124 3122 1202 ἁντιτάσσονται,
3181 1131 3296 1186 οὐδ’
3355 1119 3528 1211 ὧσπερ
3584 1138 3632 1191 ἐν
3712 1140 3913 1214 πολέμῳ

2308 1212 2435 1283 πρὸς
2500 1210 2777 1268 ἀντίπαλον
2844 1219 2988 1281 τάξιν
3043 1219 3416 1296 ἁποκριθεῐσαι
3474 1228 3913 1302 συνεκπολεμοῦσι

2307 1302 2401 1361 τὰς
2428 1302 2603 1373 φύσεις
2629 1302 2706 1366 αἷς
2736 1314 3178 1383 προσεχώρησαν,
3231 1312 3416 1366 ἐκεῖθεν
3468 1312 3645 1373 δῆλον.
3688 1324 3910 1391 Συνήγα-

2306 1395 2527 1461 γεν152)
2561 1391 2855 1470 ἀμφοτέρας
2886 1398 2970 1450 ἐπὶ
3001 1398 3104 1460 ἐνὸς
3142 1406 3231 1454 καὶ
3260 1410 3350 1454 τοῦ
3380 1404 3539 1457 αὐτοῦ
3572 1407 3910 1480 ὑποκειμένου

2307 1479 2333 1529 6
2386 1484 2643 1557 μακάριος
2704 1486 2908 1549 Παῦλος
2965 1489 3139 1541 εἰπών’
3194 1490 3314 1544 Ὀτι
3381 1493 3435 1557 ἐξ
3474 1495 3653 1562 αὐτοῦ,
3710 1502 3799 1549 καὶ
3838 1495 3911 1550 δι’

2306 1568 2486 1637 αὑτοῦ,
2548 1578 2636 1625 καὶ
2688 1574 2754 1635 εἰς
2810 1576 2964 1629 αὑτὸν
3012 1582 3071 1630 τα
3104 1582 3295 1637 πάντα.
3331 1588 3496 1636 Τοῦτο
3537 1581 3596 1637 δὲ
3633 1583 3912 1659 προδήλως

2306 1658 2378 1721 εἰς
2443 1663 2528 1711 τὸν
2584 1666 2770 1736 Κύριον
2813 1670 2978 1741 φέρειν
3032 1675 3134 1729 πᾶς
3183 1690 3258 1731 τις
3302 1670 3361 1722 ἂν
3390 1676 3524 1725 εῖποι
3554 1675 3579 1725 6
3609 1680 3698 1727 καὶ
3726 1680 3909 1749 μικρὸν

2304 1757 2375 1819 τῷ
2437 1748 2737 1824 βουλήματι
2800 1764 2891 1818 τῆς
2941 1757 3116 1821 λέξεως
3166 1760 3475 1824 ἐπιστήσας.
3506 1768 3782 1839 Προτάσας
3810 1771 3909 1841 γὰρ

2305 1838 2330 1889 ὁ
2380 1838 2698 1903 Ἀπόστολος
2762 1844 2815 1896 ἐκ
2877 1854 2972 1909 τῆς
3047 1856 3356 1923 προφητείας
3424 1861 3514 1905 τοῦ
3580 1854 3799 1908 Ἡσαΐου
3828 1859 3906 1923 τὸ,

2302 1934 2389 1989 Τίς
2436 1933 2562 2001 ἔγνω
2618 1941 2735 1984 νοῦν
2794 1942 3038 2011 κυρίους
3090 1945 3179 1991 καὶ
3233 1946 3313 2003 τίς
3372 1942 3684 2015 σύμϐουλος,
3749 1946 3909 1998 αὐτοῦ

2303 2018 2498 2090 ἐγένετο
2552 2022 2885 2095 ;ἑπηγαγεν·
2945 2025 3064 2079 Ὀτι
3123 2028 3176 2091 ἐξ
3234 2030 3414 2102 αὐτοῦ,
3477 2038 3566 2085 καὶ
3618 2029 3690 2086 δι’
3718 2034 3905 2103 αὑτοῦ,

2301 2114 2391 2161 καὶ
2449 2109 2516 2171 εἰς
2575 2111 2729 2163 αὑτὸν
2796 2116 2859 2165 τὰ
2911 2118 3099 2171 πάντα.
3154 2116 3316 2193 "Amp
3368 2122 3448 2173 ὅτι
3498 2126 3615 2196 περὶ
3652 2131 3744 2175 τοῦ
3776 2131 3910 2178 Θεοῦ

2304 2202 2476 2270 Λόγου
2508 2208 2598 2251 τοῦ
2628 2198 2957 2277 δημιουργοῦ
2980 2208 3153 2267 πάσης
3191 2215 3406 2271 κτίσεως
3437 2213 3641 2284 εἴρηται
3672 2222 3743 2283 τῷ
3780 2232 3905 2286 προσ

2304 2296 2461 2363 φήτη,
2515 2290 2569 2342 ἐκ
2618 2300 2717 2343 τῶν
2766 2298 2984 2345 κατόπιν
3018 2300 3130 2367 (33)
3180 2296 3240 2349 ἃν
3266 2301 3482 2371 μάθοις.
3521 2308 3612 2365 Τίς
3656 2303 3912 2377 ἐμέτρησε

2300 2386 2361 2450 τῇ
2430 2384 2573 2455 χειρὶ
2634 2386 2691 2432 τό
2745 2379 2911 2455 ὕδωρ,
2981 2389 3070 2436 καὶ
3136 2389 3222 2438 τὸν
3262 2388 3477 2462 οὐρανὸν
3510 2393 3779 2464 σπιθαμῇ,
3814 2408 3908 2456 καὶ

2299 2474 2473 2520 πᾶσαν
2530 2474 2621 2528 τὴν
2688 2479 2787 2541 γῆν
2865 2468 3026 2547 δρακί
3081 2492 3094 2543 ;
3151 2481 3237 2537 Τίς
3304 2480 3495 2536 ἔστησε
3559 2482 3625 2532 τὰ
3692 2485 3787 2555 ὅρη
3862 2482 3911 2534 ἐν

2302 2560 2519 2631 σταθμῷ
2585 2566 2673 2612 καὶ
2736 2563 2829 2623 τὰς
2891 2565 3058 2625 νάπας
3126 2565 3174 2617 ἐν
3244 2566 3538 2638 ζυγῷ;’Ῑ’ίς
3604 2571 3734 2640 ἔγνω
3787 2579 3913 2623 νοῦν

2302 2652 2517 2722 Κυρίου,
2588 2654 2676 2701 καὶ
2738 2655 2818 2711 τίς
2896 2652 3191 2724 σύμϐουλος
3258 2656 3416 2709 αὑτοῦ
3506 2657 3701 2729 ἐγένετο
3760 2677 3775 2727 ;
3836 2664 3909 2713 Τό

2298 2738 2421 2810 γὰρ,
2468 2742 2549 2797 τίς
2602 2738 2825 2791 ἐνταῦθα
2874 2739 3000 2813 οὐχὶ
3031 2745 3089 2794 τὸ
3121 2744 3315 2819 ἄπορον
3354 2745 3632 2807 παντελῶς,
3676 2744 3809 2800 ἀλλὰ
3853 2753 3911 2801 τό

2302 2829 2518 2878 σπάνιον
2585 2824 2759 2897 δηλοῖ,
2825 2831 2889 2889 ὡς
2966 2830 3047 2883 ἐπὶ
3110 2840 3219 2885 τοῦθ
3287 2838 3381 2896 Τίς
3434 2835 3788 2895 ἀναστήσεταί
3818 2857 3887 2910 μο

2300 2914 2382 2967 ἐπὶ
2423 2922 2858 2990 πονηρευομένους
2925 2924 3223 2987 (54);καὶ,
3288 2929 3378 2985 Τίς
3437 2923 3577 2977 ἐστιν
3631 2927 3909 2999 ἄνθρωπος

2299 3006 2324 3057 6
2393 3007 2544 3058 θέλων
2603 3012 2926 3075 ζωηνςκαὶ,
2994 3016 3081 3072 Τίς
3148 3010 3467 3070 ἀναϐήσεται
3535 3015 3606 3078 εἰς
3672 3020 3731 3069 τὸ
3792 3021 3910 3092 ὅρος

2298 3103 2390 3147 τοῦ
2450 3103 2644 3171 Κυρίου
2702 3117 2715 3165 ;
2760 3099 2912 3153 Οῦτω
2973 3096 3039 3160 δὴ
3076 3098 3162 3153 οὖν
3214 3107 3303 3155 καὶ
3336 3104 3559 3157 ἐνταῦθά
3587 3105 3721 3175 ἐστι,
3753 3113 3854 3168 Τίς
3882 3108 3908 3160 6

2299 3182 2453 3248 εἰδὼς
2514 3192 2600 3239 τὸν
2657 3197 2774 3241 νοῦν
2836 3198 2928 3242 τοῦ
3007 3196 3226 3265 Κυρίου,
3288 3199 3380 3246 καὶ
3442 3202 3536 3257 τῆς
3566 3194 3768 3269 βουλῆς
3809 3197 3911 3250 αὖ·

2297 3283 2388 3329 τοῦ
2437 3283 2679 3341 κοινωνός
2738 3298 2751 3349 ;
2796 3279 2854 3331 Ὀ
2920 3284 3020 3357 γὰρ
3065 3287 3245 3356 Πατὴρ
3301 3282 3483 3357 ἀγαπᾳ
3526 3289 3611 3337 τὸν
3642 3289 3785 3354 Υἱόν,
3820 3291 3912 3340 καὶ

2297 3366 2468 3420 πάντα
2516 3364 2781 3421 δείκνυσιν
2842 3370 3003 3443 αὐτῷ.
3066 3372 3227 3433 Οὗτος
3285 3373 3426 3426 ἐστιν
3484 3376 3510 3426 6
3542 3379 3781 3447 συνέχων
3813 3381 3910 3435 τὴν

2298 3464 2417 3527 γῆν,
2468 3461 2558 3510 καὶ
2619 3455 3093 3535 περιδεδραγμένος
3146 3462 3329 3523 αὐτ-ἧς’
3378 3464 3404 3514 6
3456 3462 3529 3525 εἰς
3556 3463 3702 3526 τάξιν
3732 3467 3912 3518 πάντα

2298 3549 2388 3597 καὶ
2447 3543 2807 3619 διακόσμησιν
2865 3547 3093 3621 ἀγαγών·
3153 3552 3178 3602 6
3223 3555 3312 3602 καὶ
3365 3556 3537 3625 ὄρεσιν
3571 3551 3908 3625 ἰσορροπίαν,

2297 3638 2387 3685 καὶ
2444 3631 2611 3687 ὕδασι
2662 3641 2845 3711 μέτρα,
2896 3643 2986 3690 καὶ
3041 3645 3174 3690 πᾶσι
3224 3645 3333 3699 τοῖς
3390 3639 3437 3690 ἐν
3494 3647 3565 3709 τῷ
3590 3644 3780 3713 κόσμῳ
3813 3647 3911 3701 τὴν

2299 3722 2489 3775 οἰκείαν
2543 3724 2688 3786 τάξιν
2729 3724 3112 3800 ἀποκληρώσας
3142 3727 3278 3797 (55)'
3322 3728 3347 3778 6
3396 3730 3483 3778 τόν
3536 3727 3757 3801 οὐρανὸν
3794 3732 3912 3785 ὅλον

2298 3821 2469 3885 μικρῷ
2489 3816 2633 3887 μέρει
2655 3822 2745 3873 τῆς
2770 3813 2891 3874 ὅλης
2946 3813 3133 3866 ἑαυτοῦ
3201 3811 3471 3888 δυνάμεως
3520 3821 3814 3890 περιέχων,
3850 3822 3911 3880 ἣν

2302 3904 2567 3976 σπιθαμην
2632 3911 2888 3977 τροπικῶς
2948 3904 2974 3955 6
3032 3908 3351 3978 προφητικός
3436 3908 3675 3980 ὠνόμασε
3728 3908 3907 3982 λόγος.

2296 3991 2449 4045 ὈΘεν
2502 3991 2704 4054 οἰκείως
2757 3992 3016 4065 ἐπήγαγεν
3065 3995 3090 4045 ὁ
3141 3993 3462 4058 ’.ἀπόστολος
3511 4000 3590 4063 τὸ,
3660 3996 3750 4061 Ἐξ
3807 4000 3909 4052 αῦ-

2295 4089 2405 4153 τοῦ,
2476 4086 2565 4134 καὶ
2632 4078 2706 4134 δι’
2769 4081 2951 4150 αὐτοῦ,
3018 4087 3110 4136 καὶ
3168 4084 3235 4145 εἰς
3291 4084 3449 4137 αὐτὸν
3494 4088 3561 4139 τὰ
3588 4088 3789 4143 πάντα.
3822 4088 3911 4153 Ἐξ

1740 4210 1784 4245 οι
1816 4208 1963 4265 ibid.
2007 4208 2097 4277 34,
2129 4212 2196 4265 36
2227 4226 2239 4276 ;
2269 4209 2362 4262 Isa
2392 4222 2484 4277 χι,
2528 4210 2617 4263 13.
2702 4206 2748 4242 ⁸³
2786 4210 2897 4264 Isa.
2936 4223 3033 4279 XL,
3070 4212 3154 4277 l2,
3192 4212 3275 4265 13.

1774 4282 1821 4317 ⁸⁵
1864 4284 1975 4336 lsa.
2020 4296 2107 4349 χι,
2151 4284 2234 4337 13.
2316 4280 2357 4314 ⁸⁷
2393 4280 2570 4335 Joan.
2607 4294 2662 4347 v,
2697 4282 2787 4335 20.

594 4212 642 4246 τ’
673 4212 693 4265 Ι
725 4213 856 4268 Cor.
887 4225 1003 4279 vni,
1039 4214 1090 4266 6.
1169 4212 1217 4246 ⁸ο
1249 4213 1419 4267 Rom.
1459 4226 1536 4271 xx.
1571 4213 1659 4266 36.
1740 4210 1784 4245 οι
1816 4210 1963 4265 ibid.
2007 4210 2097 4277 34,
2129 4212 2196 4265 36
2227 4226 2239 4276 ;
2269 4210 2362 4262 Isa
2392 4222 2484 4277 XL,
2528 4210 2617 4263 l3.
2702 4210 2748 4242 "
2786 4210 2897 4264 Isa.
2936 4223 3033 4279 XL,
3070 4212 3154 4277 l2,
3192 4212 3275 4265 13.
3353 4210 3402 4245 ⁸³
3432 4210 3585 4267 Psal.
3612 4228 3773 4275 xcui.
3819 4218 3906 4271 16.

522 4282 569 4319 ⁸⁸
595 4282 756 4339 Psal.
788 4299 984 4352 xxxm,
1023 4288 1107 4338 13.

2276 4403 2497 4475 pretari
2530 4420 2542 4457 :
2581 4402 2876 4479 Quoniam
2894 4404 3115 4479 exipso
3143 4409 3196 4479 el
3227 4420 3339 4474 per
3370 4406 3563 4475 ipsum
3596 4412 3651 4463 et
3673 4408 3741 4464 in
3773 4410 3909 4479 ipso

2275 4474 2415 4530 sunt
2445 4477 2668 4550 omnia,
2702 4474 2860 4530 lib.“
2881 4476 2966 4550 D_e
2996 4476 3231 4550 Spiritu
3262 4474 3492 4550 sancto,
3526 4494 3659 4550 cap.
3689 4474 3908 4547 9;cum

2278 4546 3117 4625 prtesertimsanctusdoctor
3148 4547 3295 4625 illud
3322 4548 3389 4625 εἰς
3419 4549 3574 4601 αὐτόν
3601 4546 3692 4625 sic
3708 4546 3903 4625 expli-

2277 4616 2389 4682 cet.
2418 4618 2590 4689 quasi
2613 4617 2775 4689 idem
2804 4616 3002 4673 valeat
3031 4634 3100 4689 ac
3131 4620 3341 4675 omnia
3369 4621 3431 4675 in
3458 4636 3598 4676 eum
3648 4616 3910 4680 intuen-

2278 4695 2391 4745 tur.
2429 4688 2567 4760 Ejus
2606 4688 2794 4744 verba
2830 4704 2971 4745 mox
3002 4688 3289 4753 referam,

2345 4762 2461 4830 (53)
2497 4761 2585 4812 Ἐκ
2606 4769 2704 4834 τῷν
2735 4766 2980 4815 κατόπιν.
3017 4763 3302 4834 Erasmus
3326 4806 3340 4832 ,
3366 4774 3443 4818 es:
3469 4762 3563 4818 his
3596 4778 3733 4834 quae
3764 4766 3911 4822 sub-

2274 4833 2498 4916 jiciunt
2536 4851 2547 4899 ;
2575 4831 2709 4916 sed,
2737 4837 2801 4887 ut
2828 4848 2987 4905 saepe
3018 4832 3188 4916 alias,
3222 4832 3305 4914 ita
3331 4833 3427 4888 hic
3452 4831 3703 4916 quoque
3744 4836 3909 4916 desi-

2278 4908 2540 4973 gnantur
2575 4904 2685 4959 hac
2712 4918 2876 4965 voce.
2902 4904 3035 4974 qua:
3058 4910 3219 4960 retro
3250 4904 3373 4959 sive
3410 4904 3687 4973 superius
3732 4909 3911 4966 dicta

2276 4982 2436 5051 sunt,
2462 4976 2830 5051 utobserv‘at
2852 4974 3267 5051 Combeﬁsius.
3295 4977 3425 5051 M0;
3448 4976 3495 5028 iv
3534 4980 3906 5051 praepositio

2276 5046 2371 5102 bis
2404 5046 2611 5103 addita
2636 5063 2708 5101 ex
2739 5046 2981 5102 duobus
3005 5046 3177 5102 libris
3208 5047 3531 5103 veteribus.

2350 5119 2462 5190 (54)
2495 5122 2959 5193 Πονηρευομένους.
2993 5117 3242 5175 Codices
3282 5119 3553 5192 quinque
3611 5139 3912 5197 πονηρευο-

2323 5209 2480 5252 ενοις.

2514 5260 2940 5340 Ἀῖτοκληρώσᾳς.
2984 5260 3077 5340 §ic
3126 5266 3380 5340 utraque
3412 5261 3609 5340 editio
3645 5278 3659 5329 ;
3715 5269 3913 5340 atque

2274 5332 2433 5389 hanc
2459 5332 2799 5399 lectionem,
2820 5333 3191 5405 utaptiorem
3214 5332 3915 5402 etsigniﬁcatiorem're-

2277 5405 2936 5487 tinuimus,‘quamvi§
2980 5405 3250 5487 quinque
3290 5405 3530 5487 codices
3580 5422 3736 5464 mss.
3799 5409 3914 5487 ha-

2274 5476 2878 5549 ὺοειιιῐάποπληρώσας.
2899 5476 3071 5549 Quod
3093 5476 3273 5533 etiam
3296 5478 3491 5549 prima
3506 5493 3700 5534 manu
3722 5483 3914 5540 exsti-

2274 5548 2342 5605 tit
2366 5549 2427 5604 in
2454 5547 2815 5617 Colbertino,
2841 5547 2947 5606 sed
2976 5552 3195 5621 postea
3221 5547 3470 5607 inducta
3496 5551 3793 5613 mutatio.

593 4407 705 4477 (50)
742 4404 801 4459 ἰι
829 4410 1031 4478 καινή.
1071 4408 1195 4461 Duo
1217 4404 1455 4461 codices
1488 4421 1635 4461 mss.
1669 4409 1723 4460 et
1769 4404 1923 4461 alius
1969 4404 2167 4478 prima

522 4494 708 4535 manu
742 4477 968 4532 habent
993 4480 1021 4535 ἡ
1047 4483 1180 4534 κενή.

591 4550 706 4619 (51)
768 4556 854 4609 Εἰς
876 4552 1026 4608 Θεὸς.
1055 4551 1232 4603 Totus
1256 4548 1352 4603 hic
1389 4547 1558 4603 locus
1589 4548 1671 4603 sic
1700 4548 1915 4618 legitur
1962 4547 2021 4602 in
2056 4549 2165 4602 Re-

522 4620 619 4692 gio
650 4625 866 4692 quarto
898 4621 1027 4692 {Eis
1075 4623 1205 4679 Θεὸς
1243 4621 1268 4671 ὁ
1296 4624 1534 4692 -Πατηρ,
1588 4619 1639 4682 ἐξ
1668 4620 1727 4671 οὗ
1756 4622 1823 4671 τὰ
1853 4621 2043 4687 πάντα,
2077 4624 2167 4692 καὶ

521 4687 688 4764 imi;—
729 4688 800 4744 δι’
871 4687 1050 4743 αὐτου·
1122 4695 1208 4742 καὶ
1269 4688 1339 4753 εἷς
1397 4687 1701 4764 Κύριος.....
1760 4697 1849 4745 καὶ
1898 4693 2047 4763 ἡμεῖς
2095 4690 2166 4751 εἰς

518 4782 695 4818 αυτον.

590 4838 695 4899 (52)
733 4835 1045 4907 ξυνήγαγεν.
1071 4833 1470 4907 Adduntediti
1495 4836 1596 4907 γαρ
1628 4839 1736 4898 καὶ,
1763 4833 1869 4889 sed
1897 4834 2025 4889 haec
2056 4848 2167 4888 vo-

517 4907 665 4961 culae
691 4904 911 4961 absunt
939 4904 1018 4961 ab
1057 4906 1319 4971 antiquis
1348 4904 1677 4971 codrCibus.
1703 4908 2017 4961 Erasmum
2041 4920 2167 4960 car-

561 4978 599 5033 it
620 4976 1221 5051 Combetisiusquod
1247 4976 1533 5051 ἀμ’ροτέρας
1584 4978 2008 5051 interpretatur
2038 4991 2165 5032 am-

561 4993 599 5033 ιι
620 4993 1018 5034 uomnensms
1050 4993 1217 5050 quoa
1247 4997 1533 5051 αμιροτερας
1584 4993 2008 5048 interpretatur
2038 4993 2165 5032 am-

514 4993 638 5116 gas,
672 5066 743 5106 ac
771 5048 1152 5104 reddendum
1192 5063 1321 5103 esse
1364 5048 1670 5104 contendit
1714 5055 2003 5118 utrasque
2048 5054 2167 5104 tres

511 5122 690 5181 ipsas.
722 5121 905 5176 Venia
931 5136 1051 5176 non
1082 5125 1311 5175 careret
1340 5120 1677 5176 observatio
1710 5118 2066 5181 Combeﬁsii,
2119 5119 2165 5174 si

510 5191 681 5260 illud,
706 5193 772 5254 εἰς
804 5191 979 5257 αὐτόν,
1007 5191 1168 5247 idem
1199 5197 1359 5246 esset
1384 5207 1454 5247 ac
1502 5193 1565 5247 in
1610 5206 1757 5261 ipso.
1795 5194 1956 5247 Tunc
2005 5191 2166 5246 enim

510 5268 724 5323 merito
746 5264 1042 5320 diceretur
1068 5262 1316 5319 Basilius
1344 5268 1457 5317 tres
1490 5262 1618 5319 illas
1648 5263 1937 5334 loquendi
1989 5263 2165 5317 ratio-

506 5351 633 5400 nes,
667 5352 743 5393 ετ
764 5353 901 5409 quo,
922 5351 1231 5409 perquem,
1259 5340 1314 5390 et
1340 5337 1403 5389 in
1425 5351 1561 5405 quo,
1581 5334 1655 5390 de
1674 5335 1896 5409 quibus
1918 5349 2060 5391 eum
2081 5335 2167 5409 in-

506 5411 594 5464 ter
614 5414 671 5464 et
693 5406 1280 5464 Pneumatomachos
1304 5412 1429 5461 erat
1445 5407 1875 5474 controversia,
1894 5422 1964 5461 ex
1985 5406 2163 5461 Paulo

504 5479 836 5548 collegisse.
886 5485 957 5535 At
995 5479 1163 5544 illud,
1205 5479 1277 5539 εἰς
1318 5478 1493 5544 αὐτὸν,
1548 5480 1605 5533 in
1659 5480 1875 5548 ipsum,
1937 5478 2056 5532 sive
2085 5477 2166 5533 ad

504 5550 719 5618 ipsum,
740 5567 862 5607 non
886 5557 1015 5607 erat
1040 5550 1290 5607 materia
1304 5549 1753 5605 cavillationum
1776 5550 1853 5606 ab
1873 5550 2164 5605 haereticis

501 5622 913 5680 inventurum.
955 5622 1122 5681 Unde
1148 5621 1335 5681 miror
1364 5623 1421 5679 S.
1455 5621 1846 5679 Ambrosium
1868 5620 1952 5677 sic
1980 5621 2161 5677 inter-
