4062 6208
211 260 261 315 8|
1395 262 1595 318 LIBER
1636 259 1723 316 DE
1762 259 2030 316 SPlRITU
2072 259 2363 318 SANCTO.

187 384 323 437 αὐτοῦ
368 387 478 457 γὰρ
534 393 649 446 τοῖς
702 382 853 438 οὖσιν
901 386 931 444 ἠ
980 385 1123 438 αἰτία
1158 394 1251 440 τοῦ
1282 388 1412 440 εἶναι
1439 387 1657 439 κατὰτὸ
1689 387 1761 438 θέ-

1890 384 2042 453 ipso,
2083 390 2140 441 et
2176 401 2286 456 per
2315 388 2529 457 ipsum,
2553 393 2607 445 et
2636 389 2701 445 in
2721 389 2917 458 ipsum
2962 389 3165 447 omnia
3194 389 3265 448 ⁸⁸.
3320 393 3402 447 Ex
3425 391 3542 449 hoc

186 474 305 546 λῆμα
348 482 443 527 τοῦ
505 482 647 527 Θεοῦ
704 480 795 528 καὶ
850 480 1050 551 Πατρός
1100 478 1318 549 γίνεται.
1372 478 1447 530 Δι’
1477 477 1637 530 αὐτοῦ
1666 483 1777 540 τοῖς

183 570 325 616 πᾶσιν
362 566 392 621 ἡ
424 560 659 637 διαμονή
706 570 799 618 καὶ
852 568 882 624 ἠ
946 568 1221 629 σύστασις
1259 574 1349 619 τοῦ
1400 571 1674 629 κτίσαντος
1712 570 1789 621 τὰ

183 653 353 718 πάντα,
385 656 477 703 καὶ
526 654 594 703 τὰ
640 656 775 726 πρὸς
829 658 1093 727 σωτηρίαν
1144 652 1343 726 ίκάστῳ
1371 663 1469 707 τῶν
1495 658 1776 729 γενομένων

181 740 590 815 ἕπιμετροῦντος.
632 746 723 794 Διὸ
774 739 843 801 δὴ
896 748 985 796 καὶ
1032 743 1099 805 εἰς
1130 743 1286 796 αὐτὸν
1327 742 1683 819 ἑπέστραπται
1711 747 1778 797 τὰ

183 835 469 903 σύμπωτα,
503 829 722 903 ἁσχέτῳ
754 832 870 903 (56)
911 837 1013 885 τινὶ
1041 834 1185 905 πόθῳ
1214 837 1303 885 καὶ
1338 831 1546 909 ἀρρήτῳ
1580 842 1772 909 στοργῇ

179 926 292 995 πρὸς
352 925 442 973 τὸν
492 920 737 995 ἀρχηγὸν
780 930 873 983 τῆς
942 923 1082 985 ζωῆς
1128 928 1214 975 καὶ
1268 927 1503 996 χορηγὸν
1553 922 1775 977 amomi-

179 1030 357 1077 ποντα,
430 1014 564 1063 κατὰ
632 1014 693 1063 τὸ
756 1016 1135 1085 γεγραμμένον·
1198 1012 1263 1064 Oi
1337 1012 1595 1086 ὀφθαλμοὶ
1644 1015 1777 1065 πάν-

178 1121 277 1152 των
337 1100 406 1161 εἰς
455 1102 508 1153 σε
573 1098 875 1161 ἱλπίζουσι·
929 1106 1017 1153 καὶ
1068 1101 1243 1156 πάλιν.
1312 1105 1491 1155 Πάντα
1546 1105 1676 1177 πρὸς
1720 1122 1779 1185 σὲ

182 1188 532 1264 προσδοκῶσι⁶
584 1195 697 1253 καὶ,
748 1191 998 1265 Ἀνοίγεις
1048 1196 1114 1246 σὺ
1168 1196 1263 1252 τήν
1312 1195 1475 1269 χεῖρά
1533 1213 1651 1264 σου,
1688 1209 1778 1257 καὶ

181 1281 430 1355 ἐμπιπὶᾲς
457 1287 561 1335 πᾶν
592 1282 725 1344 ζῶον
757 1279 1018 1345 εὐδοκίας.

231 1572 283 1625 8.
331 1568 393 1621 Εἰ
448 1563 507 1621 δέ
537 1570 666 1643 πρὸς
714 1568 911 1625 ταύτην
967 1569 1114 1641 ἡμῶν
1142 1572 1238 1627 τὴν
1282 1565 1516 1642 ἐκδοχὴν
1546 1568 1773 1623 ἐνίσταν-

169 1679 264 1729 ται,
316 1678 399 1720 τις
448 1658 641 1720 αὐτοὺς
682 1656 1015 1731 ἐξαιρήσεται
1060 1658 1212 1731 λόγος
1240 1666 1329 1713 τοῦ
1372 1664 1443 1732 μὴ
1478 1662 1607 1732 οὑχὶ
1632 1680 1777 1731 φανε-

1889 474 2190 547 siquidem
2220 476 2292 532 iis
2322 493 2458 550 quae
2477 482 2638 544 sunt,
2672 494 2858 535 causa
2883 483 2947 535 ut
2976 479 3094 536 sint
3114 484 3344 548 manat,
3366 481 3542 551 juxta

1886 564 2258 622 voluntatem
2279 566 2379 623 Dei
2400 572 2457 624 et
2478 567 2681 625 Patris.
2712 571 2819 623 Per
2841 568 3043 641 ipsum
3067 575 3451 641 perseverant
3468 586 3539 629 ac

1884 655 2228 711 consistunt
2274 657 2521 724 omnia;
2565 657 2992 714 universorum
3037 659 3344 716 conditore
3402 661 3537 717 uni-

1886 746 2105 818 cuique
2133 745 2216 801 rei
2245 750 2455 802 creatae
2486 762 2558 803 ea
2597 747 2779 803 etiam
2808 763 2947 820 quae
2989 747 3069 802 ad
3096 747 3187 803 sui
3216 764 3537 808 conserva-

1886 835 2114 892 tionem
2171 836 2517 893 necessaria
2565 842 2703 892 sunt
2754 836 3121 894 dimetiente.
3167 839 3539 912 Quapropter

1887 940 2033 981 sane
2084 924 2263 980 etiam
2312 925 2596 981 universa
2639 942 2770 982 sese
2820 926 2899 984 ad
2942 925 3112 982 illum
3160 933 3535 993 convertunt,

1885 1014 2417 1087 invincibiliatque
2456 1014 2777 1072 insedabili
2819 1016 3093 1089 quodam
3136 1015 3457 1087 desiderio,
3482 1022 3542 1075 et

1887 1119 2111 1160 arcano
2164 1103 2383 1160 affectu
2435 1104 2513 1159 ad
2561 1109 2869 1162 auctorem
2923 1109 2979 1161 et
3031 1105 3379 1175 largitorem
3404 1106 3540 1163 vitm

1885 1192 2286 1265 respicientia,
2320 1193 2492 1264 juxta
2521 1193 2666 1249 illud
2696 1194 2865 1267 quod
2887 1194 3175 1267 scriptum
3198 1200 3287 1251 est
3318 1213 3331 1252 :
3368 1196 3543 1253 Oculi

1886 1283 2147 1339 omnium
2192 1284 2257 1338 in
2281 1289 2336 1339 te
2358 1290 2607 1353 sperant
2649 1285 2695 1319 ⁸⁹
2723 1302 2736 1352 ;
2782 1289 2837 1341 et
2867 1300 3139 1340 rursum:
3177 1285 3394 1342 Omnia
3420 1303 3457 1342 a
3486 1293 3541 1345 te

1887 1378 2229 1441 exspectant
2251 1373 2301 1407 9°
2333 1391 2345 1440 ;
2376 1378 2432 1429 et
2461 1390 2473 1427 :
2498 1374 2714 1443 Aperis
2737 1378 2802 1429 tu
2823 1388 3070 1430 manum
3102 1380 3289 1444 tuam,
3322 1380 3378 1432 et
3427 1376 3539 1432 im-

1881 1462 2011 1541 ples
2037 1477 2208 1519 omne
2236 1463 2472 1519 animal
2506 1463 2933 1519 benedictione.

1958 1556 2012 1606 8.
2037 1551 2210 1617 Quod
2233 1552 2282 1607 si
2313 1552 2605 1608 adversus
2622 1552 2782 1608 hanc
2804 1556 3076 1609 nostram
3103 1552 3539 1625 expositionem

1885 1639 2216 1708 instabunt,
2268 1657 2405 1714 quae
2461 1640 2595 1697 illos
2648 1642 2802 1697 ratio
2858 1640 3157 1710 liberabit,
3211 1643 3540 1714 quominus

167 1756 259 1821 ρῶς
316 1746 524 1807 ἑαυτοῖς
572 1750 901 1819 περιπίπτειν
935 1763 949 1814 ;
998 1746 1059 1799 Εἰ
1100 1750 1201 1824 γὰρ
1238 1752 1310 1821 μὴ
1344 1746 1429 1801 ἐπὶ
1457 1756 1548 1801 τοῦ
1582 1753 1761 1823 Κυρίοι

1886 1729 2193 1785 evidenter
2220 1730 2280 1786 in
2314 1746 2378 1785 se
2398 1730 2564 1803 ipsos
2594 1731 2945 1786 incurrant?
2961 1731 3189 1787 Etenim
3216 1731 3264 1787 si
3294 1747 3538 1788 conces-

170 1836 410 1892 δώσουσι
472 1839 566 1900 τὰς
618 1845 757 1909 τρεῖς
805 1838 1050 1911 εἰρῆσθαι
1078 1840 1264 1911 φωνὰς,
1296 1844 1389 1898 τήν
1432 1858 1485 1892 τε
1516 1837 1567 1902 ἐξ
1593 1839 1775 1905 αὐτοῦ,

165 1934 248 1981 καὶ
296 1924 372 1979 δι’
433 1927 620 1995 αὐτοῦ,
696 1931 787 1979 καὶ
844 1927 917 1989 εἰς
976 1926 1130 1980 αὑτὸν
1187 1934 1321 1996 (57),
1383 1926 1581 2001 ἀνάγκῆ
1627 1935 1777 1982 πᾶσα

165 2023 527 2091 προσοιχειοῡν
566 2024 638 2087 τῷ
689 2023 803 2085 Θεῷ
852 2020 941 2069 καὶ
987 2020 1174 2090 Πατρί.
1220 2019 1305 2071 Ἐκ
1346 2015 1405 2070 δε
1434 2021 1619 2070 τούτου
1644 2036 1773 2093 προ-

167 2103 330 2167 δήλως
381 2105 564 2165 αὐτοῖς
621 2100 958 2157 διαπεσεῖται
1004 2108 1061 2157 τὸ
1092 2110 1472 2179 παρατήρημα.
1517 2107 1774 2181 Εὖρίσκε-

162 2214 240 2246 ται
289 2198 394 2270 γὰρ
456 2194 515 2245 οὗ
564 2198 718 2266 μόνον
758 2197 815 2245 τὸ
864 2192 917 2257 ἐξ
967 2194 1045 2263 οὗ,
1098 2192 1227 2246 ἀλλά
1255 2200 1345 2247 καὶ
1390 2199 1448 2247 τὸ
1481 2192 1555 2247 δι’
1586 2191 1665 2262 οὗ,
1699 2203 1772 2266 τῷ

163 2290 323 2356 Ιιπτρί
383 2288 800 2359 προσαγόμενον.
850 2282 1011 2356 Ὀπερ
1078 2284 1121 2336 εἰ
1167 2287 1257 2356 μὶν
1310 2280 1476 2337 arth
1529 2288 1768 2337 ταπεινὸν

161 2374 409 2445 ἐμοαίνει,
470 2378 524 2425 τί
592 2369 790 2431 δήποτε
856 2374 926 2435 ὡς
985 2368 1354 2448 ὑποδεέστερον
1430 2372 1766 2447 ἀφορίζουσι,

161 2471 228 2533 τῷ
280 2466 437 2533 Tia};
497 2462 541 2515 εὶ
600 2459 660 2516 δὲ
723 2465 922 2523 πάντας
953 2464 1063 2515 iuri.
1116 2460 1382 2524 διακονίας
1441 2460 1757 2527 δηλωτικὸν,

160 2552 632 2626 ἀποκρινάσθωσαν
692 2553 845 2624 ἡμῖν.
880 2552 937 2605 Ὀ
993 2556 1121 2615 Θεὸς
1164 2562 1255 2614 τῆς
1308 2550 1467 2616 δόξης
1524 2560 1614 2606 καὶ
1650 2562 1764 2607 Πα-

159 2646 256 2715 τηρ
310 2648 401 2692 :o-s
463 2646 703 2714 Χριστοῦ
753 2645 891 2703 τίνος
956 2639 1094 2694 ἐστὶν
1148 2643 1408 2715 ἄρχοντος
1456 2644 1763 2719 ὑπηρέτηςδ

160 2736 356 2783 Εκείνοι
410 2732 500 2801 μὲν
552 2726 642 2781 οὖν
704 2728 869 2791 οὕτως
934 2728 1015 2801 ὑφ’
1074 2729 1265 2782 ἑαυτῶν
1330 2735 1760 2805 περιτρέπονται,

156 2821 278 2889 ἡμῖν
323 2815 383 2870 o’":
431 2819 749 2892 ἑκατέρωθεν
806 2820 865 2869 τὸ
931 2817 1153 2893 ἰσχυρὸν
1202 2818 1623 2891 φυλαχθησεται.
1646 2821 1765 2875 Ἐάν

156 2926 206 2959 τε
246 2911 346 2981 γὰρ
396 2914 590 2979 νικησῄ
657 2926 777 2982 περι
828 2914 919 2958 τοῦ
972 2909 1094 2959 Υἱοῦ
1145 2904 1273 2960 εἶναι
1302 2912 1388 2960 τὸν
1418 2908 1585 2981 λόγον.
1621 2910 1762 2985 εὑρε-

155 2998 363 3055 θήσεταὶ
422 3001 481 3048 τὸ
537 2996 589 3058 ἑξ
645 2996 705 3048 οὗ
757 3004 829 3067 τῷ
892 2998 992 3068 Υίῷ
1044 2998 1434 3073 προσαρμόζον·
1490 2998 1573 3051 ἐάν
1600 3002 1655 3051 τέ
1687 3019 1763 3060 τις

1884 1818 2008 1874 suri
2039 1835 2162 1875 non
2216 1825 2358 1876 sunt
2389 1819 2463 1875 de
2496 1819 2749 1876 Domino
2780 1819 2974 1875 dictas
2995 1836 3128 1876 esse
3149 1821 3262 1877 has
3294 1825 3408 1876 tres
3437 1837 3541 1877 vo-

1883 1924 1981 1964 ces
2021 1924 2096 1965 ex
2124 1910 2271 1979 ipso,
2310 1915 2366 1965 et
2392 1924 2504 1979 per
2541 1910 2757 1978 ipsum,
2787 1914 2844 1965 et
2884 1910 2946 1964 in
2990 1910 3186 1979 ipsum
3226 1927 3239 1964 :
3286 1910 3538 1967 omnino

1882 2015 2202 2056 necessum
2234 2004 2339 2071 est,
2374 2004 2439 2055 ut
2467 2000 2587 2055 Deo
2627 2002 2685 2054 et
2722 1999 2876 2055 Patri
2901 1999 3141 2072 proprie
3174 1999 3533 2055 tribuantur.

1884 2096 2073 2164 Atque
2102 2091 2242 2147 hinc
2281 2090 2484 2163 palam
2526 2089 2852 2146 conciderit
2892 2089 3133 2146 illorum
3172 2088 3535 2146 observatio.

1883 2181 2190 2255 Reperitur
2215 2181 2376 2237 enim
2407 2196 2530 2237 non
2572 2181 2755 2237 modo
2785 2196 2860 2237 ea:
2880 2196 3015 2253 quo,
3048 2179 3154 2235 sed
3185 2179 3364 2235 etiam
3410 2196 3539 2250 ,per

1880 2288 2075 2344 quem,
2107 2271 2560 2328 accommodari
2591 2271 2669 2328 ad
2692 2274 2953 2327 Patrem.
3003 2272 3144 2336 Quae
3173 2285 3290 2325 vox
3319 2269 3367 2324 si
3388 2269 3537 2326 nihil

1879 2379 2003 2435 prae
2030 2379 2093 2418 se
2123 2362 2235 2418 fert
2262 2361 2508 2427 humile,
2540 2377 2729 2434 quam
2757 2360 3002 2417 tandem
3026 2360 3107 2417 ob
3134 2375 3378 2416 causam
3399 2376 3536 2416 eam

1877 2453 2039 2509 velut
2056 2452 2354 2509 inferioris
2376 2451 2686 2522 dignitatis
2712 2451 3028 2521 assignant
3051 2450 3199 2507 Filio
3231 2451 3257 2506 ?
3289 2450 3463 2516 Quod
3485 2450 3535 2506 si

1876 2545 2125 2601 omnino
2144 2542 2841 2612 declaratministerium,
2875 2540 3289 2614 respondeant
3317 2540 3491 2596 nobis
3516 2558 3529 2596 :

1876 2636 2030 2690 Deus
2056 2632 2258 2705 gloriae
2303 2637 2358 2688 et
2406 2636 2578 2705 pater
2626 2630 2859 2701 Christi,
2904 2631 3079 2701 cujus
3112 2629 3401 2703 principis
3444 2633 3534 2687 est

1875 2722 2146 2778 minister
2168 2723 2195 2777 ?
2244 2721 2426 2791 Igitur
2448 2720 2541 2776 isti
2562 2720 2812 2793 quidem
2842 2721 2899 2791 8
2922 2719 3000 2776 ad
3027 2719 3188 2776 hunc
3218 2718 3471 2775 modum
3495 2735 3532 2776 a

1874 2812 2084 2884 seipsis
2101 2811 2364 2883 undique
2378 2810 2826 2877 subvertuntur,
2844 2810 3019 2866 nobis
3032 2814 3232 2866 autem
3250 2808 3528 2882 utrinque

1871 2902 2040 2977 quod
2073 2902 2315 2957 ﬁrmum
2347 2906 2436 2957 est
2468 2901 2827 2957 servabitur.
2862 2901 3090 2957 Etenim
3125 2900 3248 2955 sive
3279 2900 3353 2955 de
3384 2899 3524 2956 Filio

1870 2993 2112 3049 evicerit
2140 2992 2368 3049 dictum
2395 3008 2526 3047 esse
2549 2991 2716 3064 quod
2735 2991 3144 3059 recitavimus,
3186 2989 3522 3062 comperie-

152 3086 405 3159 φίλονιικῇ
462 3091 577 3155 (58)
634 3085 718 3139 ἐπὶ
771 3090 858 3139 τὸν
903 3090 1031 3141 Θεὸν
1088 3086 1351 3163 ἀναφέρειν
1409 3097 1497 3142 τοῦ
1553 3094 1758 3163 προφή-

1878 3085 1964 3143 tur
1994 3084 2122 3139 haec
2152 3081 2469 3156 particula,
2515 3096 2591 3137 ea:
2625 3096 2762 3153 quo,
2807 3080 2945 3136 Filio
2990 3079 3306 3136 convenire
3340 3097 3353 3135 :
3397 3079 3523 3136 sive

146 3195 236 3228 του
287 3182 381 3234 την
438 3176 595 3241 λέξιν,
627 3176 780 3228 πάλιν
829 3181 921 3235 τὴν
970 3173 1043 3230 δι’
1096 3174 1155 3229 οὗ
1210 3182 1377 3250 φωνην
1404 3186 1475 3249 τῷ
1499 3186 1611 3250 Θεῷ
1640 3184 1757 3253 πρέ-

146 3284 255 3316 πειν
307 3261 501 3329 δώσει,
550 3269 772 3322 χαίτην
830 3268 952 3324 ἴσην
1018 3266 1117 3329 ἔξει
1169 3265 1317 3330 ὰξιαν
1386 3267 1617 3341 ἑκατέρα,
1682 3276 1754 3339 τῷ

139 3359 285 3409 κατὰ
322 3360 417 3406 τὸν
452 3357 569 3407 ἶσον
606 3354 753 3425 λόγον
782 3355 868 3408 ἐπὶ
916 3364 1048 3409 Θεοῦ
1079 3357 1449 3431 παρειλῆφθαι.
1487 3363 1587 3410 Καὶ
1618 3358 1752 3411 οὓτω

141 3463 205 3515 γε
267 3442 531 3504 κάκείνως
582 3444 813 3517 ὀμοτιμοι
872 3438 1121 3509 ἀλλήλαις
1184 3445 1625 3519 ἀναφανήσονται,
1674 3447 1749 3521 ἐφ’

139 3535 256 3596 ἐνὸς
314 3538 605 3605 προσώπου
656 3540 739 3586 καὶ
797 3542 889 3587 τοῦ
942 3535 1101 3589 αὐτοῦ
1144 3540 1467 3609 τεταγμέναι.
1508 3536 1747 3591 ’Δλλ’έπὶ

140 3627 199 3674 τὸ
230 3628 575 3699 προκείμενον
600 3622 976 3698 ἐπανέλθωμεν.

209 3894 264 3947 9.
318 3892 542 3963 Γράφω
587 3892 614 3943 ὁ
664 3890 981 3955 Ἀπόστολος
1028 3895 1153 3967 πρὸς
1213 3892 1506 3966 Ἐφεσίους,
1562 3898 1744 3967 φησίν·

136 3979 509 4042 ’Δληϐευοντες
588 3976 648 4034 δέ
720 3979 769 4032 ἓν
828 3980 1027 4055 ἀγάπη,
1088 3982 1392 4055 αὐξήσωμεν
1460 3983 1526 4045 εἰς
1590 3983 1744 4037 αὐτόν

135 4070 203 4119 τα
268 4070 465 4135 πάντα,
535 4070 589 4131 ὃς
666 4068 809 4122 ἔστιν
877 4072 905 4128 ἡ
984 4070 1172 4143 κεφαλὴ
1244 4074 1495 4146 Χριστὸς,
1572 4071 1625 4135 ἐξ
1684 4073 1746 4126 οὗ

1478 4161 1744 4235 συμϐιϐά-

138 4246 359 4316 ζομενον
432 4242 531 4299 διὰ
596 4249 774 4309 πάσης
844 4248 984 4322 ἁφῆς
1038 4258 1131 4311 τῆς
1197 4248 1571 4325 ἐπιχορηγίας,
1628 4252 1743 4304 κατ’

136 4334 404 4409 ὸεργείαν
503 4334 550 4387 ἕν
642 4341 813 4412 μέτρῳ
887 4337 989 4399 ἑνὸς
1082 4337 1304 4391 ἑκάστου
1377 4343 1561 4415 μέρους
1630 4341 1742 4413 (59)

140 4432 227 4480 τὴν
308 4426 541 4488 αὔξησιν
614 4434 706 4479 τοῦ
778 4431 1014 4499 σώματος
1088 4435 1334 4483 ποιεῖται.
1416 4434 1515 4481 Καὶ
1587 4429 1742 4482 πάλιν

134 4162 238 4207 πᾶν
326 4157 390 4208 τό
468 4165 626 4230 σῶμα
696 4158 1237 4233 συναρμολογούμενον
1310 4166 1398 4213 καὶ

503 4334 550 4387 ἕν
642 4341 813 4412 μέτρῳ
887 4337 989 4399 ἐνὸς

138 4512 185 4563 ἑν
232 4522 296 4585 τῇ
369 4520 503 4587 πρὸς
560 4515 880 4577 Κολασσαεῐς
940 4520 1064 4590 πρὸς
1114 4524 1234 4579 τοῦς
1280 4517 1373 4570 οὐκ
1404 4520 1619 4590 ἔχοντας
1648 4526 1740 4571 τοῦ

140 4609 466 4674 lavor/0923;
506 4609 603 4662 τὴν
643 4613 833 4677 γνῶσιν
884 4609 1108 4679 εἰρηται,
1154 4608 1235 4659 ὅτι
1273 4607 1339 4659 Ὀ
1386 4617 1589 4681 κρατῶν
1646 4614 1741 4667 τὴν

140 4693 388 4763 κεφαλὴν,
472 4678 874 4748 τουτέστι’τόν
947 4698 1198 4771 Χριστὸν,
1279 4695 1332 4760 ἐξ
1395 4697 1455 4750 οὗ
1516 4704 1617 4753 πᾶν
1681 4700 1741 4751 τὸ

1868 3173 2003 3247 quis
2030 3171 2351 3229 contendat
2380 3170 2687 3243 prophetae
2718 3170 2907 3225 verba
2944 3169 3022 3226 ad
3055 3172 3243 3225 Deum
3273 3185 3402 3225 esse
3431 3184 3522 3225 re-

1865 3262 2134 3328 ferenda,
2170 3278 2379 3317 rursus
2418 3260 2707 3317 concedet
2750 3275 2964 3315 vocem
2989 3259 3169 3329 hanc,
3190 3275 3299 3329 per
3323 3275 3521 3331 quem,

1866 3355 1984 3408 Deo
2015 3367 2348 3423 congruere
2374 3370 2385 3420 ;
2420 3355 2474 3407 et
2496 3354 2752 3421 utraque
2784 3364 2901 3404 vox
2930 3364 3139 3421 parem
3172 3347 3520 3420 dignitatem

1862 3442 2173 3513 obtinebit,
2206 3457 2275 3498 eo
2311 3440 2475 3514 quod
2498 3440 2627 3513 pari
2658 3439 2889 3495 ratione
2920 3438 2994 3494 de
3022 3439 3141 3495 Deo
3172 3442 3516 3511 usurpetur.

1858 3536 2050 3606 Atque
2083 3532 2256 3603 juxta
2294 3530 2547 3586 modum
2598 3534 2947 3601 utrumque,
2979 3527 3373 3600 perspicuum
3411 3530 3520 3586 erit

1855 3622 1967 3679 has
1993 3620 2316 3696 pariiculas
2346 3636 2557 3693 parem
2584 3621 2739 3676 inter
2769 3636 2831 3676 se
2874 3618 3099 3675 habere
3137 3618 3513 3687 dignitatem,

1855 3711 2022 3784 quod
2060 3712 2135 3767 de
2192 3726 2316 3767 una
2359 3710 2697 3782 eademque
2744 3723 3008 3782 persona
3044 3712 3350 3780 usurpatae
3377 3706 3513 3775 sint,

1856 3801 1969 3858 Sed
2000 3800 2080 3858 ad
2108 3800 2487 3874 propositum
2516 3802 2911 3855 revertamur.

1924 3894 1979 3948 9.
2022 3888 2347 3962 Apostolus
2377 3886 2649 3944 scribens
2700 3885 2994 3959 Ephesiis,
3025 3884 3142 3941 ait:
3192 3884 3513 3943 Veritatem

1854 3988 2053 4037 autem
2095 3980 2399 4051 loquentes
2425 3978 2487 4034 in
2518 3976 2837 4045 charitate,
2869 3991 3206 4033 crescamus
3227 3976 3291 4031 in
3316 3975 3513 4049 ipsum

1847 4084 1963 4140 per
1979 4070 2203 4135 omnia,
2224 4069 2329 4140 qui
2344 4074 2425 4124 est
2449 4072 2632 4137 caput
2656 4066 3163 4137 Christus,exquo
3182 4070 3367 4121 totum
3388 4081 3515 4122 cor-

1851 4175 1967 4230 pus
1997 4160 2140 4215 dum
2189 4158 2599 4228 compingitur
2623 4162 2679 4213 et
2710 4157 3112 4221 connectitur,
3136 4170 3253 4225 per
3281 4171 3514 4211 omnem

1845 4252 2212 4322 juncturam
2231 4246 2831 4315 subministrationis,
2861 4244 3190 4302 secundum
3216 4245 3510 4314 operatio-

1856 4354 1990 4396 nem
2035 4340 2095 4394 in
2130 4351 2416 4394 mensura
2448 4336 2923 4406 uniuscujusque
2948 4337 3142 4404 partis
3174 4334 3513 4390 incremen-

1857 4435 1982 4485 tum
1997 4426 2424 4497 corporis/‘acit
2448 4426 2517 4479 θ’.
2536 4427 2821 4481 Etrursus
2836 4423 2895 4478 in
2912 4418 3180 4496 ‘Epistola
3206 4420 3285 4477 ad
3313 4421 3514 4478 Colos-

1857 4516 2167 4585 senses,ad
2189 4532 2293 4573 eos
2314 4514 2419 4588 qui
2436 4528 2561 4570 non
2583 4512 2895 4570 habebant
2918 4511 3218 4583 Unigeniti
3240 4511 3515 4569 notitiam

1855 4608 2082 4664 dictum
2099 4610 2213 4662 est:
2232 4606 2346 4673 Qui
2366 4610 2521 4661 tenet
2540 4602 2866 4672 caput,hoc
2882 4601 3384 4673 estChristum,ex
3404 4618 3515 4674 quo

1854 4703 2044 4754 totum
2062 4711 2296 4767 corpus,
2303 4696 2749 4766 perjuncturas
2773 4698 2827 4750 et
2841 4693 3234 4749 connexiunes
3256 4692 3521 4749 submini

205 4872 252 4906 ⁸³
279 4874 464 4929 Rom.
494 4885 579 4938 Il,
609 4874 698 4927 36.
777 4872 824 4907 ’⁸
852 4870 1003 4928 Psal.
1037 4887 1222 4941 cxuv,
1260 4876 1347 4932 l3.
1422 4875 1471 4910 ’°
1498 4873 1650 4931 Psal.
1683 4890 1800 4947 cm,
1830 4878 1921 4931 27.
2000 4876 2046 4910 θι
2079 4872 2237 4930 Psal.
2268 4886 2457 4939 cxuv,
2484 4873 2571 4927 t6.
2649 4870 2697 4905 ⁹²
2727 4867 2943 4942 Ephes.
2967 4884 3045 4937 1v,
3080 4872 3167 4938 l5,
3212 4872 3297 4926 16.

205 5026 323 5101 (56,1
355 5021 412 5075 Ἀ
424 5024 629 5101 glires,
650 5020 885 5101 gtcLSie
906 5021 1101 5101 reddit
1117 5024 1281 5080 hunc
1308 5023 1513 5080 locum
1530 5026 1598 5101 rS.
1614 5029 1749 5101 Am-

140 5092 403 5169 brosius,
428 5092 550 5169 lib.
576 5108 613 5148 ιι
635 5094 723 5148 De
745 5093 990 5169 Spiritu
1004 5102 1231 5169 sancto,
1258 5112 1392 5169 cap.
1427 5101 1488 5152 9:
1524 5100 1587 5152 ln
1618 5097 1751 5169 ipso

144 5166 281 5234 quid
295 5170 414 5221 est!
430 5165 594 5238 Quia
606 5166 809 5220 omnia
823 5166 1180 5222 admirabili
1188 5165 1443 5238 quodam
1460 5165 1753 5225 desiderio

144 5237 619 5303 “inenarrabili
645 5251 853 5293 amore
879 5244 1183 5294 auctorem
1199 5237 1342 5295 vita:
1363 5246 1416 5295 et
1451 5241 1755 5295 ministra-

151 5314 329 5365 torem
367 5309 598 5380 gratiae
628 5323 755 5364 suae
787 5323 859 5363 ac
887 5314 1147 5365 muneris
1178 5312 1516 5379 intuentur,
1553 5327 1758 5367 secun-

150 5380 280 5453 dum
303 5382 470 5453 quod
490 5381 797 5453 scriptum
823 5386 907 5435 est
926 5398 939 5434 :
956 5403 980 5428 «
1002 5381 1477 5451 Oculiomnium,
1501 5406 1527 5431 ››
1551 5388 1662 5438 etc.
1692 5383 1758 5437 In

149 5452 596 5509 Commentario
615 5455 677 5507 in
694 5452 929 5525 Isaiam
953 5468 1085 5524 cap.
1114 5470 1167 5519 v,
1184 5470 1244 5525 p.
1266 5454 1531 5519 477,11zec
1551 5454 1759 5524 legun-

148 5529 259 5579 tur:
279 5526 655 5595 Unigenitus
678 5524 880 5593 ipsum
898 5522 1134 5590 bonum,
1154 5522 1314 5596 quod
1329 5522 1761 5595 appetunt—om-

149 5598 264 5665 nia,
298 5602 482 5671 cujus
531 5611 715 5654 amor
756 5596 1046 5652 naturali
1074 5601 1127 5652 et
1160 5596 1565 5654 inenarrabili
1588 5598 1762 5653 modo

1863 5026 2133 5082 omnium
2163 5023 2400 5080 ratione
2430 5024 2727 5080 utentium
2755 5022 2975 5078 animis
3003 5020 3362 5077 instillatus.

1931 5098 2043 5169 (57)
2086 5100 2181 5169 Kal
2223 5095 2496 5169 atquetiam
2542 5094 2790 5169 Addunt
2818 5092 2959 5169 editi
2988 5097 3046 5149 et
3067 5095 3189 5169 Reg
3214 5090 3521 5169 secundus

1860 5163 2129 5221 ταπάθτα.
2165 5167 2278 5223 Sed
2308 5167 2439 5222 haec
2470 5182 2715 5238 prorsus
2744 5164 2997 5233 inutilia,
3028 5179 3140 5220 nec
3168 5165 3231 5220 in
3252 5163 3523 5235 quinque

1864 5240 1995 5296 aliis
2026 5238 2338 5312 codicibus
2367 5240 2767 5312 reperiuntur.
2884 5309 2910 5312 _
3003 5305 3034 5312 __
3325 5304 3336 5312 ,
3460 5302 3493 5312 ,.

1937 5315 2051 5379 (58)
2084 5310 2369 5383 φιλονεικῇ.
2419 5304 2511 5366 Sic
2557 5309 2851 5383 editiones
2882 5305 3253 5383 Basileenses
3285 5304 3343 5356 et
3375 5304 3524 5383 anti-

1866 5374 1970 5455 qui
1997 5374 2253 5437 codices.
2284 5374 2447 5437 Unus
2477 5397 2617 5436 cum
2654 5380 2913 5455 editione
2943 5374 3522 5455 ξῇΐὶβΣ-φιλονρικήσζῃ.

1868 5443 2191 5525 Aliquanto
2231 5458 2367 5525 post
2410 5458 2640 5507 veteres
2686 5452 2915 5525 aliquot
2962 5447 3097 5503 libri
3122 5443 3221 5497 Καὶ
3262 5444 3398 5498 οὕτω
3443 5443 3523 5500 δι’

1947 5520 2059 5595 (59)
2092 5520 2313 5597 Μέροῐις.
2334 5524 2735 5597 Consentiunt
2776 5520 2839 5597 in
2856 5520 2988 5597 hac
2997 5532 3140 5573 voce
3174 5530 3391 5573 omnes
3434 5535 3529 5577 co-

1873 5589 2210 5653 dices'mss.
2248 5595 2479 5652 Habent
2518 5600 2718 5651 tamen
2749 5591 2889 5647 editi
2909 5589 3110 5663 μέλους.
