4050 6202
528 342 594 396 83
1914 343 1968 399 s.
2015 342 2239 398 essm
2282 345 2521 401 MAGNI.
3826 362 3893 420 34

526 469 810 534 stratum,
858 465 1125 536 augescit
1164 473 1485 537 augmento
1528 469 1636 524 Dei
1693 468 1762 523 9³.
1822 467 1992 533 Quod
2032 466 2125 522 eni

2315 477 2487 544 σῶμα,
2545 467 2638 524 διὰ
2702 481 2801 525 τῶν
2861 473 3000 546 ἁφῶν
3048 481 3135 527 καὶ
3184 474 3490 550 συνδέσμων
3546 479 3895 556 ἐπιχορηγοιΓ

530 553 801 610 Christus
847 559 1030 628 caput
1051 559 1140 610 est
1171 556 1468 624 Ecclesiae,
1515 556 1632 612 alio
1685 556 1819 614 loco
1849 556 2129 612 didicimu

2309 578 2480 632 μενον,
2556 561 2699 624 αὔξει
2774 567 2867 621 τὴν
2934 565 3153 628 αὔξησιν
3228 575 3318 619 τοῦ
3397 577 3549 623 Θεοῦ.
3631 579 3726 624 Οτι
3798 578 3893 647 γὰρ

529 642 818 713 Apostolo
835 643 1066 700 dieente
1085 661 1096 698 :
1115 646 1191 701 Et
1205 648 1398 714 ipsum
1416 645 1579 702 dedit
1599 651 1782 714 caput
1799 661 1980 715 super
1997 660 2128 700 omn

2311 652 2543 723 Χριστὸς
2603 651 2824 723 κεφαλὴν
2868 661 2962 716 τῆς
3024 655 3355 726 Ἐκκλησίας,
3408 657 3615 732 ἑτέρωθι
3667 666 3896 734 μεμαθή-

535 729 822 788 Ecclesiae
837 735 905 788 9*.
933 737 997 790 Et
1017 736 1112 790 :E
1129 735 1516 804 plenitudine
1549 737 1677 805 ejus
1721 735 2049 804 accipimus
2090 750 2134 788 ni

2309 757 2488 809 καμεν,
2539 746 2630 790 τοῦ
2676 739 2992 794 Ἀποστόλου
3051 743 3303 816 λέγοντος⁸
3371 753 3470 799 Καὶ
3529 749 3684 800 αὑτὸν
3742 749 3896 808 ἔδωκε

529 837 728 878 omnes
751 824 818 877 95.
856 826 922 879 Et
942 823 1069 895 ipse
1103 825 1394 881 Dominus
1424 842 1435 878 :
1469 826 1551 880 De
1580 840 1705 881 meo
1737 825 2072 893 accipiet,et
2093 837 2126 878 a

2308 826 2530 898 κεφαλὴν
2588 830 2715 903 ὑπερ
2768 833 2940 884 πάντα
2991 841 3052 906 τῇ
3126 834 3433 908 Ἐκκλησία·
3491 843 3603 903 καὶ,
3666 837 3751 893 Ἐκ
3807 852 3895 896 τοῦ

527 914 834 968 nuntiabit
859 915 1025 970 nobis
1048 917 1119 973 9°.
1170 915 1315 971 Etin
1358 930 1619 979 summa,
1645 913 1958 983 diligenter
1981 911 2126 984 lege:

2307 917 2420 986 (60)
2506 916 2852 994 πληρώματος
2942 922 3104 975 αὐτοῦ
3174 925 3324 994 ἡμεῖς
3400 928 3587 988 πάντες
3636 927 3891 994 ἐλάϐομεν.

527 1000 707 1056 variis
737 1019 881 1058 usus
911 1003 1452 1060 videbunturillius
1473 1020 1548 1061 ex
1564 1020 1699 1077 quo.
1725 1007 1870 1058 Nam
1905 1007 1960 1058 et
1991 1004 2126 1057 Dom

2310 1008 2412 1057 Καὶ
2462 1005 2618 1070 αὐτὸς
2675 1010 2699 1060 ό
2751 1013 2955 1084 Κύριος,
3019 1013 3100 1064 ὅτι
3165 1013 3253 1066 Ἐκ
3314 1023 3404 1066 1'05
3472 1016 3599 1087 ἐμοῦ
3657 1017 3894 1089 λήψεται,

529 1105 672 1146 nus:
698 1093 1382 1165 Novi,inquit,virtutem
1408 1109 1483 1150 ex
1510 1109 1602 1150 me
1625 1091 2128 1150 exiissc°’.Similil

2307 1099 2395 1146 xui
2451 1093 2717 1168 ἀναγγελεῖ
2763 1101 2904 1171 ὑμῖν.
2980 1106 3078 1154 Καὶ
3131 1101 3260 1162 ὅλως
3307 1112 3379 1174 τῷ
3452 1104 3735 1176 φιλοπόνως
3782 1108 3897 1162 ἀνα-

529 1185 730 1263 autem
743 1187 797 1237 et
811 1182 884 1238 de
906 1183 1126 1256 Spiritu
1147 1183 1725 1255 compluribuslocis
1740 1181 2122 1238 observavim

2305 1182 2558 1256 λεγομένῳ
2603 1185 2916 1262 πολύτροποι
2964 1192 3016 1241 ui
3066 1197 3290 1264 χρήσεις
3338 1191 3755 1266 ἀναφανήσονται
3809 1208 3897 1252 τοῦ

527 1266 698 1335 lllud,
719 1285 789 1325 ex
811 1286 954 1341 quo,
983 1272 1248 1343 positum
1273 1288 1421 1328 esse.
1449 1271 1559 1338 Qui
1587 1271 1770 1338 enim,
1796 1269 2010 1342 inquit,
2034 1284 2126 1324 sen

2307 1271 2362 1334 ἐξ
2404 1273 2483 1324 οὗ.
2544 1281 2644 1328 Καὶ
2673 1281 2770 1352 γὰρ
2825 1283 2914 1332 καὶ
2969 1281 2994 1332 ὁ
3058 1283 3268 1354 Κύριος,
3327 1281 3542 1354 Ἐγνων,
3607 1293 3756 1358 φησι,
3809 1285 3901 1340 θῦε

530 1362 638 1413 nat
664 1360 724 1413 in
747 1359 996 1428 Spiritu,
1029 1376 1059 1416 e
1105 1361 1338 1431 Spiritu
1366 1367 1538 1418 metet
1567 1363 1750 1416 vitam
1791 1365 2075 1416 aeternam
2113 1360 2129 1392 θ

2305 1383 2458 1435 ναμιν
2517 1363 2821 1428 ἐξελθοῦσαν
2875 1369 2927 1432 ἐξ
2993 1369 3142 1442 ἐμοῦ.
3191 1371 3412 1443 Ὀμοίως
3489 1371 3546 1426 δὲ
3617 1381 3706 1428 καὶ
3780 1386 3901 1451 περὶ

531 1453 980 1510 ItemJoannes:
997 1452 1092 1507 Ea:
1113 1451 1222 1507 hoc
1234 1453 1641 1521 cognoscimus
1669 1450 1828 1523 quod
1847 1450 1909 1506 in
1931 1448 2093 1504 nobis
2115 1464 2130 1504 ι

2306 1459 2395 1504 τοῦ
2455 1457 2747 1528 Πνεῦματος
2824 1465 3179 1534 τετηρήκαμεν
3244 1461 3517 1534 πολλαχοῦ
3598 1469 3656 1516 τὸ
3719 1465 3769 1529 ἐξ
3843 1469 3902 1520 οὗ

531 1561 561 1603 e
584 1546 814 1615 Spiritu
844 1559 1013 1615 quem
1045 1542 1213 1598 nobis
1242 1542 1488 1598 donavit
1513 1543 1584 1597 ’9.
1625 1543 1689 1596 Et
1717 1539 2005 1610 angelus:
2035 1539 2130 1604 Qui

2307 1546 2557 1613 κείμενον·
2605 1545 2661 1597 Ὀ
2735 1551 2837 1620 γὰρ
2919 1554 3166 1623 σπείρων,
3229 1558 3408 1625 φησὶν,
3472 1553 3544 1615 εἰς
3597 1558 3654 1608 τὸ
3698 1563 3904 1630 Πνεῦμα

531 1651 685 1693 enim
717 1636 778 1689 in
809 1649 878 1690 ea
907 1638 1258 1704 generatum
1288 1637 1392 1691 est.
1421 1647 1451 1688 e
1479 1631 1713 1700 Spiritu
1734 1635 1942 1685 sancto
1965 1631 2103 1685 est‘.

2310 1629 2366 1682 ἐκ
2427 1640 2519 1684 τοῦ
2587 1639 2880 1708 Πνεῦματος
2937 1640 3129 1712 Θερίσει
3197 1641 3333 1701 ζωὴν
3402 1642 3624 1695 αἰώνιον·
3706 1651 3792 1697 καὶ
3879 1648 3901 1698 ό

532 1724 823 1780 Dominus
853 1724 937 1778 ait
967 1740 978 1776 :
1026 1722 1196 1789 Quod
1233 1727 1444 1776 natum
1489 1726 1572 1776 est
1603 1736 1633 1777 e
1661 1720 1918 1788 Spiritu,
1964 1716 2129 1786 Spiri

2313 1725 2331 1772 ἰ
2403 1722 2430 1756 ,η
2541 1745 2551 1756 ι
2653 1727 2662 1745 ,
2874 1730 2884 1742 .
3160 1735 3168 1743 .
3499 1733 3516 1746 η
3673 1732 3684 1747 ι
3787 1737 3798 1748 ρ
3860 1743 3879 1753 ..

2339 1740 2532 1783 ωαθνης
2668 1733 2738 1778 Ex
2800 1747 2985 1781 τουτου
3051 1750 3394 1803 γινωσκομεν,
3491 1753 3571 1784 οτι
3665 1753 3712 1784 εν
3778 1756 3903 1807 ημιν

531 1820 615 1872 est
637 1817 680 1869 ³.
703 1817 893 1884 Atque
919 1811 978 1867 id
1006 1811 1254 1884 quidem
1276 1811 1351 1866 ad
1383 1811 1545 1866 hunc
1567 1809 1750 1866 habet
1776 1808 2052 1864 modum.

2315 1807 2481 1877 ἐστιν,
2541 1811 2594 1864 ἐκ
2650 1823 2738 1867 τοῦ
2804 1821 3096 1890 Πνεῦματος
3165 1820 3224 1871 οῦ
3290 1823 3414 1892 ἡμῖν
3477 1818 3658 1883 ἔδωκε,
3725 1829 3813 1875 καὶ
3880 1826 3902 1876 ὁ

539 1903 769 1976 ἅγγελος·
837 1906 906 1956 Τὸ
933 1905 1033 1976 γὰρ
1068 1901 1116 1954 ἐν
1159 1901 1288 1973 αὐτῇ
1331 1902 1571 1972 γεννηθὲν
1599 1899 1650 1952 ἐκ
1682 1903 1982 1972 Πνεύματός
2019 1897 2159 1949 ἐστιν
2191 1895 2372 1967 ἁγίου.
2418 1906 2517 1954 Καὶ
2561 1904 2585 1954 ὁ
2633 1908 2821 1979 Κύριός
2864 1927 2995 1980 φησι
3043 1909 3177 1979 (61)·
3210 1912 3279 1962 Τὸ
3310 1915 3672 1983 γεγεννημένον
3729 1911 3781 1964 ἐκ
3811 1921 3904 1966 τοῦ

538 1997 837 2066 Πνεύματος
870 1999 1080 2064 Πνεῦμα
1110 1990 1241 2045 ἐστι.
1281 1997 1446 2044 Τοῦτο
1476 1993 1565 2063 μὲν
1595 1988 1662 2049 δὴ
1691 1997 1948 2042 τοιοῦτον·

471 2155 476 2160 _
608 2084 691 2139 10.
731 2085 862 2138 Jam
892 2097 1036 2138 vero
1061 2081 1609 2138 demonstrandum
1649 2084 1736 2136 est
1763 2079 1922 2135 hanc
1960 2092 2070 2132 voc

2389 2082 2473 2136 10.
2505 2081 2625 2134 Ὀτι
2660 2080 2720 2137 δι
2746 2089 2838 2143 τὴν
2871 2083 2945 2138 δι’
2975 2087 3037 2138 οὗ
3058 2093 3227 2160 φωνὴν
3264 2090 3451 2161 ὁμοίως
3490 2088 3573 2142 ἒπί
3622 2110 3676 2143 τε
3705 2096 3906 2166 Πατρός

531 2189 643 2245 per
671 2188 864 2245 quem,
912 2171 1134 2243 pariter
1165 2175 1222 2227 et
1258 2171 1333 2227 de
1364 2175 1553 2236 Patre,
1604 2174 1661 2226 et
1689 2169 1764 2224 de
1810 2167 1973 2237 Filio,
2025 2170 2130 2254 etde

2308 2172 2397 2220 xui
2444 2172 2567 2223 Υἱοῦ
2594 2179 2684 2226 καὶ
2737 2174 2886 2246 ἁγίου
2933 2181 3230 2250 Πνεῦματος
3275 2180 3303 2236 ἠ
3369 2185 3542 2252 Γραφὴ
3595 2178 3906 2254 παραδέχε-

539 2262 759 2335 Spiritu
794 2264 1003 2317 sancto
1029 2260 1091 2315 in
1134 2259 1450 2332 Scripturis
1481 2258 1783 2331 usurpari.
1817 2263 1898 2312 Ac
1950 2254 2024 2311 de
2056 2251 2138 2346 Fil

2308 2262 2413 2323 ταὶ,
2448 2257 2554 2318 ἤδη
2616 2259 2860 2318 δεικτέον.
2922 2267 3037 2319 Ἐπὶ
3090 2271 3180 2339 μὲν
3238 2265 3302 2326 δὴ
3369 2277 3460 2320 τοῦ
3501 2272 3625 2322 Υἰοῦ
3656 2271 3907 2346 παρελκον

534 2367 681 2409 sane
725 2365 1248 2423 supervacaneum
1293 2349 1468 2405 fuerit
1515 2348 1781 2422 proferre
1832 2343 2128 2402 testimoni

2308 2345 2366 2399 ἂν
2419 2353 2488 2401 εἶν
2535 2358 2825 2426 μαρτυρίας
2866 2356 3120 2427 κομίζειν,
3156 2353 3248 2408 διά
3287 2377 3349 2416 τη
3384 2361 3442 2410 τὸ
3492 2364 3772 2434 γνώριμον,
3813 2367 3907 2414 καὶ

534 2447 663 2500 tum
695 2441 839 2514 quia
867 2440 983 2496 hoc
1015 2444 1228 2496 notum
1253 2444 1361 2510 est,
1393 2443 1521 2495 tum
1553 2437 1720 2511 quod
1746 2438 1860 2493 hoc
1888 2436 2087 2509 ipsum
2115 2448 2133 2487 ε

2309 2434 2400 2490 διὰ
2442 2443 2500 2491 τό
2543 2445 2688 2516 παρά
2729 2453 2828 2496 τῶν
2878 2443 3116 2497 ἕναντίῶν
3149 2446 3274 2498 αὐτὸ
3314 2455 3468 2500 τοῦτο
3508 2452 3908 2512 κατασκευάζε-

536 2531 899 2589 adversariis
927 2531 1231 2586 astruitur.
1267 2532 1383 2585 Nos
1420 2543 1601 2602 porro
1631 2525 2135 2584 demonstrabimi

2307 2529 2449 2580 σθαι·
2485 2531 2634 2602 ἠμεις
2676 2529 2734 2584 δὲ
2783 2529 3072 2606 δείκνυμεν,
3109 2537 3188 2587 ὅτι
3230 2541 3321 2588 καὶ
3353 2536 3438 2590 ἐπὶ
3485 2545 3577 2589 τοῦ
3613 2543 3814 2614 Πατρός
3844 2545 3906 2593 τὸ

533 2621 696 2678 hanc
717 2619 1104 2694 particulam,
1134 2634 1246 2690 per
1282 2635 1473 2691 quem,
1500 2619 1679 2675 etiam
1710 2617 1784 2673 de
1817 2620 1982 2672 Patre
2005 2615 2132 2670 fuis:

2312 2613 2378 2697 ἴε
2433 2619 2494 2670 οὗ
2559 2624 2826 2694 τέτακται.
2888 2627 3103 2690 Πιστὸς,
3175 2631 3354 2697 φησὶν,
3409 2628 3434 2678 ό
3490 2631 3632 2694 Θεὸς,
3697 2625 3769 2681 δι’
3847 2632 3911 2683 οὗ

535 2693 817 2784 positam.
846 2709 1322 2782 Fidelis,inquit,
1342 2711 1810 2780 Deus,perquem
1841 2707 2038 2763 vocati
2054 2711 2134 2762 est

2303 2707 2552 2766 εκλήθητε
2631 2713 2735 2782 (62)
2827 2713 2893 2774 εἰς
2976 2720 3242 2767 κοινώνίαν
3331 2724 3422 2768 τοῦ
3509 2720 3630 2770 Υἱοῦ
3699 2720 3893 2771 αὐτοῦ·

534 2803 599 2856 in
620 2802 985 2856 consortium
1013 2801 1159 2856 Filii
1185 2802 1370 2870 ipsius
1393 2801 1414 2834 ³
1443 2813 1464 2870 ;
1494 2805 1551 2855 et
1578 2817 1590 2854 :
1628 2799 1858 2854 Paulus
1885 2795 2133 2864 apostoli

2306 2802 2413 2863 xui,
2453 2800 2654 2863 Παυλος
2687 2800 2975 2866 ἀπόστολος
3008 2805 3184 2862 Ἰησοῦ
3216 2813 3447 2881 Χριστοῦ
3478 2804 3571 2859 διὰ
3617 2808 3905 2881 θελήματος

533 2891 676 2947 Jesu
700 2889 929 2945 Christi
955 2905 1065 2959 per
1089 2891 1456 2946 voluntatem
1481 2890 1586 2945 Dei
1607 2891 1626 2923 ⁴
1653 2907 1666 2957 ;
1693 2893 1749 2944 et
1769 2901 2041 2942 rursum:
2074 2885 2132 2938 Iti

2307 2894 2440 2939 Θεοῦ
2467 2905 2484 2919 ·
2525 2896 2613 2941 καὶ
2643 2891 2814 2943 πάλιν·
2856 2890 3018 2946 Ὠστε
3061 2894 3232 2947 οὐκέτι
3264 2897 3310 2947 εἴ
3353 2892 3558 2957 δουλος,
3607 2895 3733 2948 ἀλλὰ
3761 2901 3899 2960 υἱός·

535 2995 648 3051 que
680 2995 801 3036 non
842 2994 900 3035 es
937 2981 1070 3048 jam
1118 2995 1345 3050 servus,
1389 2979 1493 3035 sed
1522 2980 1711 3047 ﬁlius,
1765 2982 1820 3033 et
1862 2977 2046 3032 haeres
2086 2989 2134 3044 pi

2315 2975 2354 3028 εἰ
2395 2973 2454 3030 δε
2485 2980 2619 3047 υἱὸς,
2651 2985 2740 3032 καὶ
2770 2980 3088 3054 κληρονόμος
3137 2980 3228 3035 διὰ
3255 2985 3409 3047 Θεοῦ,
3442 2991 3530 3037 καὶ
3574 2991 3651 3037 τό’
3706 2986 3914 3061 Ὠσπερ

532 3071 722 3126 Deum
740 3069 782 3122 ⁵.
802 3071 948 3124 Item
967 3067 1143 3124 illud:
1172 3069 1678 3136 Quemadmodum
1702 3066 1971 3122 surrexit
1995 3063 2131 3120 Chr1

2314 3067 2506 3139 ἠγέρθη
2554 3073 2783 3143 Χριστὸς
2809 3070 2864 3123 ἔκ
2894 3081 3081 3145 νεκρῶν
3122 3068 3214 3125 δ’ιά
3240 3082 3328 3134 τῆς
3368 3071 3531 3137 δόξης
3553 3084 3651 3127 τοῦ
3683 3082 3913 3150 Πατρός·

535 3166 629 3216 tus
655 3175 692 3216 α
732 3161 986 3215 mortuis
1011 3174 1122 3229 per
1135 3129 1396 3228 gloriam
1420 3160 1625 3215 Patris
1655 3161 1700 3212 θ.
1724 3161 1791 3212 Et
1820 3155 2008 3212 Isaias
2037 3170 2058 3209 .·
2102 3153 2134 3208 Ρ

2355 3129 2365 3136 -
2407 3129 2416 3139 .
2601 3129 2610 3143 ι
2771 3129 2778 3130 ί
2981 3129 2989 3145 ε
3287 3129 3295 3132 ·
3315 3129 3326 3134 ν
3446 3129 3461 3137 ν
3486 3129 3493 3132 ’
3517 3129 3530 3136 ·
3793 3131 3802 3150 ι
3876 3129 3890 3140 ⁸

2315 3162 2401 3207 καὶ
2427 3157 2451 3207 ὁ
2476 3155 2710 3226 Ἠσαίας,
2745 3159 2898 3230 Οὐαὶ,
2939 3165 3117 3232 φησιν,
3149 3162 3197 3213 οἱ
3235 3160 3438 3234 βαθέως
3471 3162 3668 3235 βουλὴν
3694 3174 3914 3228 ποιοῦν-

535 3249 750 3321 inquit,
787 3265 919 3320 qum
947 3250 1476 3320 profundefacitis
1499 3249 1839 3313 consilium,
1875 3252 1926 3302 et
1950 3261 2069 3300 non
2092 3259 2134 3312 p

2321 3264 2412 3313 τες,
2446 3252 2535 3298 καὶ
2579 3247 2636 3298 05
2671 3244 2763 3300 διὰ
2811 3254 3022 3323 Κυρίου.
3060 3250 3251 3311 Πολλὰς
3293 3248 3351 3304 δε
3399 3258 3489 3304 καὶ
3520 3252 3604 3306 ἐπὶ
3628 3261 3718 3306 τοῦ
3757 3260 3920 3308 Πνεῦ-

540 3339 928 3394 Dominum".
985 3339 1136 3403 Quin
1195 3343 1251 3394 et
1302 3338 1376 3394 de
1435 3339 1656 3410 Spiritu
1701 3341 1912 3393 sancto
1946 3351 2131 3408 possu

2314 3355 2470 3406 ματος
2499 3345 2594 3398 τῆς
2626 3346 2762 3409 φωνῆ
2777 3358 2797 3399 ς
2818 3341 3014 3401 ταύτης
3035 3345 3329 3414 μαρτυρίας
3355 3341 3524 3403 ἔξεστι
3545 3346 3884 3417 παραθέσθαι
3901 3361 3913 3373 ·

535 3427 716 3484 etiam
753 3426 979 3499 apponi
1005 3427 1194 3483 multa
1222 3428 1406 3498 hujus
1430 3428 1594 3483 vocis
1624 3426 1984 3483 testimonia.
2013 3425 2134 3481 Nol

2327 3431 2458 3498 Ημίν
2487 3423 2562 3497 δὲ,
2599 3433 2778 3498 φησὶν,
2829 3429 2854 3479 ὁ
2895 3431 3014 3490 Θεὸς
3047 3426 3344 3500 ἀπεκάλυψε
3375 3427 3467 3482 διὰ
3498 3440 3588 3484 τοῦ
3616 3436 3926 3506 Πνεῦματος

535 3522 733 3572 autem
763 3517 819 3587 9
850 3515 1064 3588 inquit,
1095 3517 1251 3572 Deus
1283 3519 1570 3572 revelavit
1596 3531 1711 3584 per
1729 3516 2026 3584 Spiritum
2056 3515 2097 3567 ⁸.

2333 3518 2446 3584 63)·
2481 3521 2573 3567 καὶ
2621 3515 2847 3589 ἐτέρωθι’
2879 3522 2984 3574 Τὴν
3015 3517 3175 3576 καλὴν
3222 3521 3534 3594 παραθήκην
3567 3521 3785 3592 φύλαξον
3821 3520 3928 3575 διὰ

536 3605 654 3662 alio
683 3605 817 3662 loco
845 3622 866 3661 .·
895 3607 1120 3662 Bonum
1147 3606 1479 3676 depositum
1506 3606 1742 3661 custodi
1760 3619 1874 3673 per
1901 3604 2135 3672 Spiritu

2324 3607 2604 3676 πνεύματος
2642 3613 2732 3657 τοῦ
2780 3605 2953 3677 ἁγίου·
3006 3612 3095 3659 καὶ
3133 3607 3307 3664 πάλιν.
3340 3608 3406 3679 ’ῼ-
3433 3613 3522 3681 μὲν
3551 3613 3648 3682 γὰρ
3691 3607 3787 3663 διὰ
3817 3622 3923 3665 τοῦ

537 3699 812 3754 sanctum
836 3699 856 3732 θ
884 3713 897 3764 ;
927 3712 998 3751 ac
1029 3712 1238 3752 rursus
1267 3713 1279 3750 :
1321 3697 1450 3751 Alii
1476 3696 1714 3769 quidem
1759 3710 1874 3764 per
1899 3695 2136 3764 Spiritu

1674 3713 1714 3751 ἠ
1759 3710 1874 3764 per
1899 3695 2198 3764 Spiritum
2313 3697 2606 3766 Πνεῦματος
2638 3693 2854 3748 δίδοται
2883 3695 3029 3766 λόγος
3068 3702 3273 3770 σοφίας.

539 3785 718 3843 datus
749 3791 832 3842 est
861 3800 1054 3842 sermo
1075 3787 1383 3854 sapientia:
1416 3787 1480 3840 ¹⁰.

616 3881 700 3932 11.
727 3875 948 3931 Eadem
974 3890 1116 3930 vero
1162 3880 1219 3930 et
1263 3874 1338 3930 de
1363 3873 1617 3947 syllaba,
1639 3876 1722 3942 in,
1766 3873 1964 3930 dicere
1994 3886 2206 3944 possu'

2390 3877 2473 3928 11.
2515 3877 2591 3926 Τὰ
2631 3875 2764 3927 αῦτὰ
2803 3872 2861 3929 δε
2900 3895 3066 3928 ταυτα
3103 3881 3193 3929 καὶ
3233 3881 3491 3949 περὶτῆς,
3535 3876 3606 3941 ἐν,
3649 3877 3930 3940 συλλαϐῆς

544 3982 704 4032 mus,
737 3965 905 4038 quod
935 3964 1116 4020 etiam
1147 3965 1304 4020 hanc
1345 3965 1420 4021 de
1453 3969 1571 4021 Deo
1599 3970 1656 4022 et
1698 3968 1864 4021 Patre
1901 3965 2143 4036 Scriptui

2331 3961 2472 4015 εἰπεῖν
2522 3965 2732 4037 ἔχομεν,
2782 3967 2862 4017 ὅτι
2910 3971 2999 4017 καὶ
3057 3965 3139 4017 ἐπὶ
3190 3974 3278 4018 τοῦ
3311 3974 3443 4019 Θεοῦ
3473 3972 3562 4019 xui
3594 3972 3791 4042 Πατρός
3820 3975 3930 4027 τὴν

543 4054 866 4126 usurparit,
900 4052 1064 4109 velut
1088 4053 1150 4108 in
1182 4054 1375 4110 Veteri
1395 4056 1773 4110 Testamento
1801 4071 1813 4108 :
1844 4056 1913 4110 In
1943 4055 2142 4118 Dc0,i1

2333 4062 2515 4126 (Pium
2586 4055 2749 4116 αὐτῆς
2801 4057 2830 4113 ἡ
2894 4060 3066 4128 Γραφὴ
3104 4052 3515 4128 παραδέδίκται’
3568 4059 3632 4116 ὡς
3677 4054 3758 4108 ἰπὶ
3818 4062 3932 4129 μὲν

544 4143 697 4217 quit,
725 4145 1028 4213 faciamus
1059 4145 1338 4199 virtutem
1368 4146 1446 4213 “','
1476 4148 1532 4199 et
1557 4165 1569 4199 :
1601 4144 1670 4199 In
1694 4150 1749 4200 te
1777 4147 2046 4201 cantatio
2075 4161 2143 4200 mi

2329 4142 2568 4209 Παλαιᾶς,
2619 4144 2698 4196 Ἐν
2741 4153 2811 4217 τῷ
2861 4152 2996 4215 Θεῷ,
3029 4150 3180 4210 φησι,
3230 4150 3528 4217 ποιήσωμεν
3578 4146 3688 4216 (64)
3743 4141 3928 4198 δῦνα-

543 4235 838 4303 semperu
865 4252 877 4301 ;
911 4237 969 4289 et
999 4249 1207 4288 rursus
1233 4249 1245 4288 :
1271 4234 1340 4288 In
1359 4236 1596 4290 nomine
1627 4240 1729 4291 tuo
1751 4235 2034 4291 exultabo
2055 4235 2136 4304 ¹³,·

2335 4251 2422 4284 ιιν·
2479 4239 2588 4301 καὶ,
2642 4235 2719 4287 Ἐν
2776 4240 2859 4286 σοὶ
2916 4236 2946 4292 ἡ
3009 4234 3234 4306 ῦμνησις
3291 4255 3390 4306 μου
3437 4232 3749 4296 διαπαντός’
3818 4242 3934 4289 καὶ

547 4323 716 4395 apud
733 4321 1013 4377 Paulum:
1033 4323 1101 4377 In
1119 4323 1263 4386 Deo,
1278 4321 1488 4395 inquit,
1505 4324 1611 4394 qui
1623 4323 1888 4379 condidit
1910 4325 2110 4380 omnia
2127 4327 2142 4360 ¹

2333 4321 2488 4378 πάλιν.
2536 4324 2612 4376 Ἐν
2653 4332 2724 4394 τῷ
2771 4325 2985 4394 ὀνόματι
3036 4343 3130 4375 σου
3180 4322 3593 4396 ἀγαλλιάσομαι,
3643 4327 3793 4398 Παροί
3858 4323 3932 4379 δὲ

545 4417 622 4481 et,
641 4413 871 4467 Paulus
884 4413 1178 4470 acSilvan
1190 4427 1256 4467 us
1269 4417 1323 4468 et
1340 4412 1719 4469 Thimotheus
1730 4415 2012 4470 Ecclesia
2028 4415 2144 4470 The

2330 4414 2524 4485 Παύλῳ,
2571 4414 2650 4466 Ἐν
2694 4421 2766 4483 τῷ
2810 4421 2942 4483 Θεῷ,
2999 4417 3152 4484 φησι,
3204 4421 3275 4483 τῷ
3324 4416 3387 4464 τὰ
3436 4416 3605 4464 πάντα
3638 4419 3929 4466 κτίσαπίτυ

544 4502 1076 4558 salonicensiumin
1102 4503 1490 4569 DeoPatre”;
1506 4503 1656 4569 et,Si
1665 4503 1904 4559 tandem
1927 4505 2143 4576 aliqua:

2343 4509 2425 4568 ui,
2489 4503 2688 4564 Παυλος
2744 4508 2833 4554 καὶ
2891 4501 3164 4562 Σιλουανός
3219 4506 3308 4553 xui
3359 4504 3610 4574 Τιμόθεος
3662 4510 3721 4572 τῇ
3790 4504 3942 4556 Ἐκ-

545 4589 621 4647 d0
621 4605 979 4661 prosperum
996 4591 1105 4646 iter
1116 4590 1366 4648 habeam
1378 4591 1441 4646 in
1458 4591 1768 4649 voluntate
1780 4592 1906 4661 Dei,
1926 4595 2144 4651 venient

2332 4593 2520 4665 ιιλησιᾳ
2585 4591 3007 4646 Θεσσαλονικέων
3087 4590 3135 4644 ἓν
3199 4599 3311 4663 Θεῷ
3366 4597 3550 4666 Πατρί⁶
3624 4596 3714 4643 καὶ
3787 4596 3931 4665 (65)

617 4770 666 4804 ³³
695 4767 818 4826 Col.
852 4785 911 4838 ιι,
943 4772 1028 4825 19.
1106 4770 1153 4803 θδ
1186 4768 1396 4841 Ephes.
1430 4787 1468 4836 1,
1502 4772 1590 4824 22.
1667 4771 1716 4805 95
1745 4772 1986 4841 Joan.'1,
2024 4776 2109 4828 16.
2189 4774 2210 4808 9

2331 4787 2430 4830 an.
2459 4788 2582 4840 xw,
2619 4775 2702 4827 14.
2781 4773 2824 4806 97
2881 4772 2997 4827 Luc
3048 4785 3169 4834 Vin,
3204 4773 3291 4826 46.
3369 4769 3417 4804 θ’
3450 4769 3572 4826 Gal.
3599 4785 3678 4836 v1,
3710 4772 3763 4826 8.
3861 4774 3928 4807 9’

546 4843 761 4899 lJoan.
793 4857 876 4906 ιιι,
907 4844 1002 4901 24.
1080 4842 1094 4876 ί
1129 4840 1325 4897 Matth.
1363 4858 1398 4906 ι,
1448 4845 1538 4896 20.
1614 4844 1635 4877 ³
1668 4844 1838 4899 Joan.
1892 4840 1978 4909 ιιι,
2009 4849 2059 4900 ὀ.
2137 4846 2145 4878 ε

2345 4862 2384 4901 r.
2415 4860 2454 4912 ι,
2489 4848 2541 4900 9.
2621 4847 2642 4878 ⁵
2676 4842 2798 4899 Gal.
2831 4858 2910 4908 ιν,
2945 4848 2999 4897 7.
3077 4844 3098 4876 ⁶
3134 4844 3299 4896 Rom.
3329 4857 3404 4906 Vl,
3442 4845 3491 4896 4.
3567 4842 3587 4875 ⁷
3625 4844 3716 4896 lsa
3742 4856 3944 4909 xxxx,

549 4916 632 4970 15.
711 4913 731 4946 ³
766 4915 784 4966 1
825 4915 957 4970 Cor.
989 4928 1048 4977 ιι,
1085 4917 1199 4985 1οη
1247 4915 1267 4946 θ
1300 4915 1346 4968 Il
1392 4913 1539 4968 Tim.
1573 4931 1606 4978 ι,
1645 4917 1729 4969 14.
1787 4916 1854 4985 ί⁴⁰
1889 4919 1905 4970 1
1937 4916 2068 4971 Cor.
2130 4932 2148 4971 ι

2401 4919 2444 4952 ιι
2496 4915 2650 4971 Psal.
2708 4930 2839 4980 cvn,
2895 4917 2981 4971 14.
3061 4915 3106 4948 ¹²
3148 4913 3300 4969 Psal.
3335 4929 3467 4982 ιιι,
3518 4917 3570 4969 6.
3654 4914 3696 4947 ⁸³
3745 4915 3947 4971 Psal.

543 4999 822 5041 uxxvui.
855 4987 943 5042 17.
1027 4986 1071 5020 ιι
1099 4983 1312 5056 Ephes.
1342 5000 1423 5052 ιιι,
1457 4988 1510 5040 9.
1591 4987 1634 5020 ’³
1667 4989 1710 5041 ll
1741 4984 1945 5041 Thess.
1980 5003 2016 5055 ι,
2054 4992 2107 5042 1.

617 5164 733 5232 (60)
771 5165 894 5228 Καὶ,
937 5160 1026 5214 Ἐκ
1085 5168 1196 5232 τοῦ,
1227 5165 1337 5218 etc.
1395 5161 1488 5217 Sic
1526 5178 1739 5219 omnes
1769 5163 2007 5220 codices
2043 5181 2188 5220 mss.
2305 5181 2377 5221 ea
2427 5180 2542 5220 vox
2600 5163 2660 5219 in
2709 5161 2873 5218 nullo
2913 5177 2982 5217 ex
3017 5161 3233 5217 nostris
3283 5160 3594 5217 codicibus
3643 5166 3954 5232 reperta.

545 5233 695 5290 Editi
726 5249 869 5290 vero
900 5237 990 5285 xui
1021 5233 1320 5300 όἹωάννης,
1358 5234 1444 5287 Ἐκ
1466 5242 1578 5308 τοῦ,
1608 5239 1718 5308 etc.

2360 5236 2487 5292 mlo
2519 5242 2659 5308 post
2683 5250 2839 5290 unus
2871 5234 3007 5290 cod.
3037 5234 3183 5304 ltcg.
3242 5232 3405 5290 καλὴν
3436 5236 3959 5306 παρακαταθήκην,

612 5309 914 5379 (βυ-Φησὶ.
974 5308 1138 5362 Hanc
1186 5306 1789 5379 vocemaddidimus
1830 5311 2195 5379 ex_quatuor

2041 5311 2195 5363 Ltuor
2375 5312 2490 5374 (64)
2522 5306 2851 5379 Ποιήσωμεν.
2887 5309 3313 5379 Reg._quartus
3338 5309 3640 5379 ποιήσομεν,

543 5362 855 5434 codicibus
885 5394 1031 5450 mss.
1079 5378 1286 5434 Statim
1329 5376 1471 5432 editi
1519 5384 1683 5429 Τοῦτο
1731 5362 1973 5450 μὲνοῦνξ

2377 5362 2618 5450 {Gallia}.
2643 5362 2692 5430 -εὶ
2720 5362 3121 5450 ὁίήποτεηίζιίιίι
3163 5383 3218 5432 et
3246 5383 3478 5450 ‘vetcres
3510 5362 3738 5448 aliquot
3770 5374 3966 5437 libri

541 5454 807 5520 quatuor
854 5448 1092 5506 codices
1124 5465 1293 5520 mss,
1351 5465 1504 5520 quos
1538 5447 1740 5505 secuti
1780 5466 2008 5505 sumus.
2043 5450 2191 5506 Sub-
2303 5447 2394 5502 xui
2436 5447 2542 5508 ἤδη
2604 5455 2743 5504 ποτέ.
2800 5448 3195 5520 Competisius
3246 5447 3569 5519 legendum
3625 5452 3815 5520 putat
3855 5467 3972 5510 ex

541 5516 684 5574 inde
716 5520 952 5576 codices
985 5526 1104 5576 tres
1138 5517 1244 5579 ἤδη
1268 5516 1486 5573 λεκτέον.

2374 5530 2459 5577 [ιιι
2485 5537 2676 5588 sacro,
2709 5525 2873 5580 Εἰπως
2901 5516 3006 5578 ἤδη
3032 5516 3376 5575 ποτέ.8εοιῖῑὶ
3412 5516 3973 5589 sumus—scriptu-

610 5591 726 5664 (62)
758 5591 1057 5651 Ἐκλὴθητε.
1085 5593 1300 5662 Regius
1323 5596 1574 5664 quartus
1598 5591 1939 5664 Ἐκλήθημεν.

2375 5609 2434 5648 m
2461 5595 2600 5662 Reg.
2629 5591 2900 5664 secundi.
2937 5591 3120 5647 Paulo
3143 5591 3458 5664 postidem
3486 5589 3675 5664 codex
3693 5601 3969 5664 καυχά-

609 5661 724 5732 (63)
779 5666 872 5716 Δια
921 5671 1010 5716 τοῦ
1045 5661 1360 5737 Πνεῦματοςξ
1402 5662 1552 5720 Editi
1583 5661 1837 5721 addunt
1867 5665 2051 5736 αὑτοῦ,
2087 5665 2192 5721 sed

2140 5665 2192 5721 td
2309 5683 2422 5738 σαι,
2445 5669 2478 5720 Α
2497 5661 2570 5720 111
2587 5662 2864 5721 nonnulli
2892 5661 3192 5735 καυχᾶσθε.
3227 5661 3376 5718 Editl
3405 5663 3739 5734 καυχᾶσθαι.
