4062 6208
436 298 506 351 87
1801 296 1836 349 8
1851 334 1863 349 .
1915 292 2166 350 BASlLll
2203 294 2441 350 MAGNI.
3737 298 3808 353 88

1104 420 1328 475 CAPUT
1363 417 1449 474 Vl.

443 509 721 568 Occurrit
771 508 843 565 iis
886 508 993 579 qui
1040 508 1357 575 afﬁrmant
1386 507 1611 564 Filium
1652 522 1772 563 non
1814 522 1935 565 esse
1964 522 2098 564 cum

512 585 707 709 Pgtce,
737 580 842 638 sed
865 584 997 649 post
1033 580 1277 635 Patrem
1299 591 1323 650 ;
1362 579 1466 635 ubi
1488 584 1542 636 et
1568 579 1640 635 de
1666 580 1878 651 gloriae
1906 594 2103 652 mqua-

544 671 559 710 l
592 669 627 710 α
658 668 707 710 e.

520 747 582 799 13
622 740 799 814 Atqui
829 754 939 795 nec
968 738 1047 795 ad
1071 738 1427 809 ignorantia:
1462 740 1916 797 excusationem
1961 754 2104 796 con-

446 830 652 901 fugere
667 832 938 903 possunt,
954 844 1092 883 cum
1106 832 1270 884 tanto
1290 827 1537 885 artiﬁcio
1559 834 1849 902 tantaque
1871 844 2105 902 perver-

447 922 617 976 sitate
638 919 796 975 dicta
816 922 1022 975 nostra
1046 918 1380 990 excipiant:
1405 920 1509 992 qui
1526 920 1778 992 quidem
1802 918 1980 976 nobis
2002 934 2107 992 pa-

443 1010 565 1067 lam
596 1007 1008 1077 indignantur,
1031 1008 1198 1081 quod
1227 1024 1349 1065 una
1388 1024 1528 1065 cum
1556 1013 1725 1067 Patre
1766 1008 2106 1082 adimplea-

444 1114 581 1155 mus
613 1096 927 1167 Unigenito
958 1097 1482 1168 gloriﬁcationem,
1511 1099 1800 1172 quodque
1822 1099 2108 1172 Spiritum

444 1191 725 1245 sanctum
761 1202 798 1242 a
837 1186 979 1242 Filio
1008 1202 1132 1243 non
1166 1204 1539 1261 separemus.
1575 1189 1741 1245 Unde
1786 1194 2107 1245 novatores

444 1292 558 1333 nos
583 1275 909 1349 appellant,
952 1276 1353 1350 novitatisque
1400 1277 1755 1335 architectos
1800 1283 1856 1334 et
1903 1277 2110 1334 verbo-

444 1381 581 1423 rum
611 1366 975 1437 inventores,
1011 1370 1067 1422 et
1110 1366 1338 1439 quibus
1372 1382 1497 1423 non
1550 1367 1680 1423 aliis
1720 1366 2109 1441 probrosissi-

446 1455 564 1512 mis
605 1454 957 1511 nominibus
980 1457 1008 1511 ?
1040 1456 1308 1521 Quorum
1352 1457 1625 1513 convicia
1672 1461 1912 1513 tantum
1942 1456 2112 1513 abest

445 1549 512 1602 ut
556 1544 802 1615 indigne
848 1544 1062 1611 feram,
1098 1549 1164 1601 ut
1210 1545 1324 1601 nisi
1379 1562 1492 1602 nos
1542 1547 1815 1620 ipsorum
1866 1546 2110 1602 exitium

446 1635 655 1692 dolore
700 1638 1111 1707 perpetuoque
1153 1634 1423 1691 cruciatu
1465 1634 1749 1705 afﬁceret,
1780 1652 2110 1709 propemo-

446 1726 595 1781 dum
644 1725 908 1780 dicerem
959 1740 1056 1780 me
1102 1725 1282 1781 etiam
1327 1725 1474 1798 ipsis
1502 1741 1612 1799 pro
1640 1726 1977 1783 maledictis
2008 1727 2110 1782 ha-

446 1815 588 1871 bere
614 1814 896 1884 gratiam,
919 1818 981 1869 ut
1002 1814 1105 1886 qui
1128 1814 1276 1869 mihi
1296 1814 1614 1871 concilient
1647 1815 2108 1873 beatitudinem.

450 1906 624 1962 Beati
662 1905 840 1973 enim,
872 1902 1087 1975 inquit,
1132 1905 1291 1971 estis,
1322 1919 1455 1960 cum
1486 1906 1727 1974 probris
1749 1921 1849 1963 vos
1882 1907 2111 1975 impeti-

448 1996 642 2052 verint
671 1997 924 2064 propter
952 2008 1043 2049 me
1074 1994 1141 2048 ’³.
1195 1994 1553 2065 Hujusmodi
1598 1999 1801 2052 autem
1846 2000 1989 2051 sunt
2039 2011 2113 2052 ea

449 2100 712 2159 quorum
762 2099 947 2140 causa
995 2083 1412 2153 indignantur.
1468 2084 1598 2142 Non
1646 2090 1754 2153 est,
1810 2085 2108 2159 inquiunt,

450 2192 590 2234 cum
616 2178 787 2231 Patre
808 2174 1013 2243 Filius,
1037 2174 1143 2230 sed
1166 2178 1303 2247 post
1321 2178 1584 2247 Patrem;
1612 2176 1773 2233 unde
1801 2178 2117 2251 consequi-

452 2270 549 2322 tur
574 2268 639 2321 ut
659 2280 765 2337 per
813 2279 947 2318 eum
983 2262 1175 2334 gloria
1205 2263 1359 2319 Patri
1380 2264 1699 2333 tribuatur,
1734 2266 1839 2323 sed
1871 2283 2012 2323 cum
2043 2282 2114 2323 eo

452 2369 867 2427 nequaquam.
885 2355 1034 2409 Nam
1048 2352 1218 2419 illud,
1234 2369 1366 2410 cum
1384 2370 1470 2420 eo,
1490 2355 1900 2428 aequalitatem
1923 2356 2117 2413 decla-

453 2448 564 2514 rat,
589 2458 700 2514 per
720 2459 851 2500 eum
876 2446 1101 2509 autem,
1126 2441 1526 2500 ministerium
1567 2444 1886 2514 signiﬁcat.
1911 2448 2114 2517 Neque

456 2534 638 2590 etiam
668 2548 807 2588 cum
864 2533 1061 2598 Patre,
1104 2531 1404 2605 inquiunt,
1432 2538 1490 2589 et
1529 2532 1669 2590 Filio
1726 2534 2115 2591 collocandus

458 2627 551 2679 est
582 2624 836 2679 Sanctus
861 2621 1135 2694 Spiritus,
1168 2620 1273 2677 sed
1304 2621 1417 2678 sub
1448 2623 1612 2693 Filio,
1646 2628 1703 2679 et
1732 2625 1923 2691 Patre,
1950 2625 2032 2680 sic
2054 2629 2119 2681 ut

457 2728 582 2770 non
604 2727 727 2768 una
752 2727 891 2766 cum
918 2710 1032 2767 illis
1062 2709 1406 2780 collocetur,
1436 2712 1544 2769 sed
1569 2712 1888 2779 subdatur,
1921 2729 2117 2787 neque

461 2791 951 2871 connu'meretur,
980 2799 1086 2856 sed
1137 2799 1625 2857 subnumeretur.
1676 2806 1867 2875 Atque
1899 2802 2119 2860 talibus

461 2890 831 2965 quibusdam
849 2890 1173 2947 verborum
1186 2906 1319 2946 vers
1328 2891 1462 2947 utiis
1478 2897 1826 2964 pervertunt
1842 2892 1986 2948 ﬁdei
2002 2893 2120 2949 sin-

463 2982 767 3039 ceritatem
788 2980 1376 3053 simplicitatemque.
1395 2982 1653 3039 Proinde
1664 2998 1852 3056 quam
1882 2984 2120 3040 veniam

464 3073 864 3143 assequentur
882 3069 1198 3142 imperitia:
1211 3074 1519 3142 praetextu,
1548 3086 1654 3143 per
1668 3087 1823 3144 quos
1844 3070 1923 3128 ob
1942 3072 2120 3127 istam

467 3159 876 3217 curiositatem
915 3175 990 3215 ne
1021 3158 1150 3215 aliis
1180 3158 1429 3232 quidem
1465 3160 1756 3232 imperitis
1777 3177 1906 3217 esse
1938 3160 2120 3217 licet?

542 3253 631 3305 14.
677 3251 794 3305 Nos
826 3264 964 3304 vero
994 3248 1260 3321 primum
1283 3248 1433 3305 illud
1456 3250 1619 3322 ipsos
1641 3266 1946 3322 rogemus,
1971 3266 2122 3324 quo-

468 3337 655 3395 modo
686 3338 893 3395 dicant
923 3338 1132 3394 Filium
1175 3343 1316 3410 post
1338 3342 1574 3396 Patrem
1602 3340 1628 3395 7
1671 3356 1819 3396 num
1850 3326 2129 3413 tempore

467 3427 883 3495 recentiorem,
908 3443 1056 3483 num
1079 3427 1401 3496 ordine,an
1424 3428 1711 3499 dignitate
1732 3430 1760 3487 ?
1793 3430 1905 3486 Sed
1922 3430 2125 3487 nullus

473 3517 625 3577 adeo
653 3518 904 3573 demens
936 3519 1027 3572 est
1057 3520 1122 3572 ut
1149 3516 1307 3573 dicat
1346 3518 1719 3574 conditorem
1743 3520 2120 3593 saeculorum,

471 3624 785 3683 quoquam
811 3623 941 3664 esse
976 3610 1244 3680 tempore
1275 3607 1686 3680 posteriorem,
1711 3625 1850 3666 cum
1891 3609 2126 3667 nullum

472 3700 546 3755 sit
589 3696 994 3764 intervallum,
1019 3696 1184 3769 quod
1216 3696 1553 3754 naturalem
1598 3698 1722 3754 Filii
1770 3716 1909 3756 cum
1958 3702 2125 3757 Patre

472 3787 957 3861 conjunctionem
976 3785 1239 3845 dirimat.
1258 3789 1462 3861 Neque
1484 3786 1664 3845 etiam
1694 3789 2010 3845 hominum
2031 3805 2127 3846 co-

473 3878 757 3949 gitatione
787 3876 947 3933 ﬁlius
976 3881 1143 3949 patre
1182 3877 1476 3933 recentior
1504 3878 1622 3933 dici
1648 3878 1857 3951 possit,
1885 3894 2007 3935 non
2046 3879 2127 3935 ob

472 3966 535 4023 id
556 3966 740 4022 modo
765 3965 929 4037 quod
961 3964 1140 4021 simul
1160 3964 1568 4037 intelligantur
1605 3965 1940 4022 secundum
1968 3965 2127 4022 rela-

380 4048 385 4051 ’
473 4056 722 4123 tionem,
751 4069 958 4110 verum
981 4054 1162 4110 etiam
1183 4054 1351 4127 quod
1383 4070 1453 4111 ea
1478 4054 1764 4111 dicuntur
1792 4056 2127 4127 posteriora

474 4148 765 4218 tempore,
796 4159 932 4216 quae
960 4159 996 4199 a
1022 4144 1304 4215 praesenti
1334 4147 1603 4213 tempore
1630 4144 1833 4200 minus
1863 4144 2087 4201 absunt
2112 4162 2125 4201 :

476 4240 535 4293 et
553 4250 764 4292 rursus
790 4232 891 4289 illa
910 4232 1133 4305 priora,
1149 4248 1285 4305 quae
1302 4232 1539 4303 longius
1564 4233 1785 4289 absunt
1803 4250 1838 4289 a
1851 4234 2131 4306 praesenti

476 4329 770 4399 tempore.
792 4321 1063 4395 Exempli
1082 4338 1288 4391 causa,
1302 4338 1437 4395 quae
1456 4324 1573 4379 Noe
1599 4322 1975 4396 temporibus
1995 4328 2132 4380 acta

478 4420 618 4472 sunt
666 4412 869 4485 priora
900 4416 1038 4468 sunt
1066 4412 1137 4467 iis
1172 4427 1309 4484 qua:
1351 4416 1675 4469 narrantur
1700 4412 1774 4469 de
1824 4412 2131 4469 subversis

2128 420 2175 473 Α

2776 427 3165 476 ΚΕΦΑΛΛΙΟΝ
3206 420 3252 485 ς’

2210 510 2526 573 Ἀπάντησις
2559 512 2669 587 (71)
2722 516 2849 587 πρὸς
2903 511 3521 587 τοὺς-,ἀποφαινομένους
3580 514 3649 587 μὴ
3678 502 3813 587 μετ-ἀ

2284 588 2487 671 Πατρός
2541 583 2668 637 εἶναι
2721 582 2806 637 τόν
2857 582 3158 671 Υὶὸνκάλλά
3195 582 3448 655 ’μετάτόν
3508 582 3811 656 Πατίρα,ἕν

2294 653 2315 668 ⁷
2545 660 2553 671 l
2625 665 2644 671 --
2715 658 2725 667 ’
2837 661 2846 671 ι
3040 655 3087 671 ιν

2284 653 2323 726 ᾧ
2352 652 2419 707 τά
2446 660 2561 731 περὶ
2584 665 2674 716 τῆς
2705 658 2957 727 όμοτὶμου
2991 652 3168 718 δόξης.

2282 747 2379 801 13.
2422 750 2521 798 Καὶ
2551 750 2653 817 μὴν
2690 742 2813 798 οὑδὲ
2856 748 2985 818 πρὸς
3036 750 3129 803 τὴν
3160 744 3211 807 ἐξ
3257 743 3467 816 ἀγνοίας
3499 748 3812 817 συγγνώμην

2217 829 2439 886 δυνατόν
2498 834 2688 897 αύτούς
2734 842 3071 907 καταφυγεῖν,
3122 835 3256 886 οὕτω
3304 842 3556 906 τεχνικῶς
3603 838 3693 885 καὶ
3724 854 3815 885 κα·

2215 926 2415 984 κοήθως
2471 926 2557 975 τόν
2607 923 2756 996 λόγον
2810 922 3285 997 ὑπολαμϐάνοντας·
3345 925 3393 975 οἱ
3436 920 3817 997 γελπροδηλως

2218 1015 2342 1086 ἡμῖν
2381 1012 2812 1084 χαλεπαίνουσιν,
2859 1015 2939 1065 ὅτι
2987 1016 3119 1086 μετά
3166 1014 3370 1085 Πατρός
3419 1011 3817 1087 ἀποπληροᾶμεν

2218 1110 2290 1173 τῷ
2331 1109 2605 1174 Μονογενεῐ
2652 1107 2744 1160 τὴν
2799 1099 3124 1174 δοξολογίαν,
3182 1108 3270 1154 καὶ
3308 1106 3365 1155 τό
3406 1104 3553 1173 ἅγιον
3609 1109 3823 1174 Πνεῦμα

2219 1197 2289 1265 μὴ
2356 1188 2640 1264 διίστῶμεν
2704 1191 2804 1244 ἀπό
2850 1199 2941 1244 τοῦ
2999 1192 3123 1245 Υἰοῦ
3178 1196 3315 1257 (72).
3374 1191 3525 1244 Ὀθεν
3585 1211 3823 1266 νεωτερο-

2220 1284 2400 1341 ποιούς
2449 1282 2586 1353 ἡμᾶς
2644 1286 2733 1333 καὶ
2781 1286 3121 1353 καινοτόμους
3176 1286 3265 1332 καὶ
3332 1280 3601 1354 ἐφευρετὰς
3652 1280 3825 1355 ῥημά-

2221 1391 2342 1441 των,
2373 1377 2463 1424 καὶ
2508 1376 2559 1424 τί
2604 1375 2701 1447 γὰρ
2737 1372 2864 1444 ούχὶ
2894 1381 2992 1424 τῶν
3033 1368 3397 1424 ἐπονειδίστων
3432 1370 3821 1436 ἀποκαλοῦσιν;

2220 1461 2315 1513 Ὧν
2378 1468 2627 1514 τοσοῦτον
2687 1460 2871 1534 ἀπέχω
2923 1459 3293 1535 δυσχεραίνειν
3350 1468 3466 1521 ταῖς
3511 1457 3823 1534 λοιδορίαις,

2224 1553 2375 1620 ὥστε,
2418 1552 2461 1604 εἰ
2517 1556 2588 1624 μὴ
2643 1552 2810 1611 λύπην
2866 1554 2988 1624 ἡμῖν
3074 1550 3284 1604 ἐνεποίει
3334 1555 3423 1603 καὶ
3490 1548 3823 1603 ἀδιάλειπτον

2223 1637 2414 1698 ὀδύνην
2464 1643 2492 1699 ἠ
2550 1640 2665 1693 κατ’
2721 1642 2911 1704 αὐτούς
2952 1645 3135 1714 ζημία,
3181 1648 3371 1715 μικροῦ
3424 1640 3483 1691 ἆν
3544 1638 3681 1693 εἶπον
3733 1644 3824 1691 καὶ

2224 1732 2385 1805 χάριν
2412 1730 2589 1792 αὑτοῖς
2618 1728 2711 1794 τῆς
2770 1730 3113 1804 βλασφημίας
3156 1734 3316 1803 ἔχειν,
3360 1734 3427 1792 ὡς
3481 1736 3823 1803 μακαρισμοῦ

2223 1820 2511 1893 προξένοις.
2579 1823 2846 1894 Μακάριοι
2915 1823 3016 1895 γάρ
3078 1820 3212 1887 ἐστε,
3285 1826 3464 1892 φησὶν,
3516 1822 3637 1873 ὅταν
3693 1821 3824 1872 ὀνει-

2225 1906 2449 1963 δίσωσιν
2508 1912 2644 1982 ὑμᾶς
2698 1912 2810 1979 (73)
2859 1911 3020 1963 ἕνεκεν
3071 1909 3214 1983 ἐμοῦ.
3284 1910 3437 1963 Ἐστι
3517 1907 3575 1963 δὲ
3630 1908 3701 1982 ἐφ’
3754 1910 3823 1969 εἷς

2225 1998 2600 2071 ἀγανακτοῦσι,
2644 2008 2832 2054 ταῦτα.
2876 2000 2950 2053 Οὑ
2997 2003 3129 2073 μετά
3177 2004 3400 2075 Πατρός,
3454 2005 3633 2073 φασὶν,
3678 1998 3820 2067 Υἱός,

2225 2088 2351 2141 ἀλλά
2403 2092 2533 2161 μετά
2596 2093 2684 2141 τόν
2745 2094 2969 2164 Πατέρα·
3023 2086 3205 2163 διόπερ
3253 2089 3530 2141 ἀκόλουθον
3560 2085 3633 2141 δι’
3661 2088 3823 2140 αὑτοῦ

2223 2184 2311 2237 τὴν
2344 2176 2501 2243 δόξαν
2527 2183 2809 2253 προσάγειν
2844 2188 2915 2249 τῷ
2960 2185 3153 2254 Πατρὶ,
3186 2179 3293 2232 ἀλλ’
3326 2180 3453 2252 ούχὶ
3482 2178 3588 2251 μετ’
3641 2179 3820 2233 αὑτοῦ.

2223 2273 2293 2322 T6
2337 2272 2425 2343 μεν
2466 2272 2567 2341 γάρ
2618 2268 2728 2341 μετ’
2758 2269 2916 2321 αὑτοῦ
2968 2274 3062 2327 τὴν
3118 2269 3381 2341 ἰσοτιμίαν
3426 2266 3614 2327 δηλοῖ·
3666 2272 3723 2320 τό
3764 2264 3824 2321 δε

2227 2355 2299 2411 δι’
2336 2360 2395 2410 οὗ
2439 2364 2532 2417 τήν
2577 2360 2865 2431 ὑπουργίαν
2913 2364 3252 2431 παρίστησιν.
3298 2359 3431 2410 Οὑτε
3477 2364 3580 2431 μην
3622 2361 3716 2409 σύν
3751 2364 3825 2427 τῷ

2227 2453 2416 2522 Πατρὶ,
2469 2453 2618 2520 φασὶ,
2677 2452 2767 2499 καὶ
2811 2456 2882 2519 τῷ
2939 2450 3042 2519 Υἱῳ
3090 2451 3147 2500 τό
3190 2455 3397 2519 Πνεῦμα
3451 2452 3684 2513 τακτέον,
3716 2447 3831 2499 ἀλλ’

2225 2540 2325 2591 ὑπό
2356 2541 2441 2590 τόν
2468 2541 2585 2591 Υἱὸν
2612 2542 2702 2590 καὶ
2733 2540 2821 2589 τόν
2871 2541 3097 2613 Πατέρα,
3151 2537 3208 2590 ού
3253 2540 3678 2609 συντεταγμένον,
3719 2535 3831 2587 ἀλλ’

2226 2631 2653 2701 ὑποτεταγμένον,
2728 2625 2852 2681 οὐδὲ
2910 2631 3405 2704 ωναριθμογόμενον,
3464 2627 3568 2679 ἀλλ’
3627 2630 3827 2701 ὑπαρι-

2229 2721 2537 2791 θμοὺμενον.
2596 2723 2696 2771 Καὶ
2726 2721 2995 2779 τοιαύταις
3026 2724 3137 2771 τισὶ
3182 2718 3540 2790 τεχνολογίαις
3576 2718 3827 2791 ῥημάτων

2227 2812 2286 2860 τό
2337 2808 2529 2860 ἁπλοῦν
2586 2814 2671 2860 καὶ
2716 2806 3071 2860 ἀκατάσκευον
3140 2810 3252 2877 (74)
3304 2816 3395 2867 τῆς
3445 2812 3671 2869 πίστεως
3710 2803 3829 2858 δια-

2232 2903 2562 2973 στρέφουσιν.
2613 2897 2773 2951 Ὥστε
2829 2902 2965 2960 τίνος
3012 2899 3072 2949 οἷν
3133 2893 3206 2949 δι’
3234 2895 3471 2973 ἀπειριαν
3512 2902 3829 2969 συγγνώμης

2228 2990 2462 3059 τύχοιεν,
2495 2989 2543 3039 οἱ
2591 2982 2729 3059 μηδὲ
2776 2994 2881 3047 τοῖς
2938 2986 3113 3049 ἄλλοις
3170 2985 3389 3062 ἀπείρως
3446 2989 3587 3058 ἔχείν
3637 2985 3691 3038 ἐκ
3731 2987 3875 3049 τῆςι

2230 3076 2397 3129 αὑτῶν
2428 3075 2924 3150 φιλοπραγμοσύνης
2948 3077 3059 3147 (75)
3088 3075 3439 3152 ἐπιτρέποντες
3464 3093 3476 3143 ;

2308 3256 2394 3310 14⁰
2431 3253 2605 3327 Ἠμείς
2660 3251 2717 3306 δε
2766 3254 2924 3307 ἐκεῖνο
2967 3262 3166 3329 πρῶτον
3226 3254 3411 3315 αύτούς
3469 3254 3831 3327 ἐρωτήσωμεν,

2231 3348 2287 3399 τό
2333 3347 2460 3417 μετὰ
2499 3347 2584 3396 τὸν
2634 3348 2840 3417 Πατέρα
2899 3365 3006 3407 πως
3072 3347 3158 3396 τόν
3230 3347 3348 3397 Υἰόν
3426 3344 3706 3415 λέγουσιν;
3762 3342 3836 3403 ὡς

2232 3439 2409 3509 χρόνῳ
2430 3439 2688 3510 νεώτερον,
2723 3436 2751 3494 ἡ
2788 3438 2850 3496 ὡς
2899 3434 3059 3498 τάξει,
3093 3436 3121 3493 ἦ
3165 3437 3228 3495 ὡς
3256 3432 3412 3506 aiio};
3454 3432 3608 3487 Ἀλλά
3653 3436 3835 3505 χρόνῳ

2233 3529 2343 3598 μὲν,
2399 3522 2574 3586 οὐδεὶς
2649 3525 2815 3587 οὑτως
2887 3524 3124 3591 ἀνόητος,
3182 3526 3250 3584 ὡς
3307 3521 3620 3596 δευτερεύειν
3666 3522 3835 3593 λέγειν

2234 3618 2319 3667 τόν
2358 3618 2576 3672 ποιητὴν
2625 3634 2724 3666 των
2756 3614 2974 3680 αἰώνων,
3028 3609 3238 3673 οὐδενός
3277 3609 3642 3682 διαστήματος
3682 3630 3835 3682 μεσι-

2232 3706 2465 3764 τεύοντος
2522 3710 2583 3773 τῇ
2618 3709 2811 3773 φυσικῇ
2854 3704 2979 3775 πρός
3033 3704 3118 3752 τόν
3168 3705 3373 3773 Πατέρα
3420 3706 3507 3750 τοῦ
3555 3700 3677 3752 Υἱοῦ
3710 3718 3839 3750 συν-

2234 3800 2407 3864 αφείᾳ.
2443 3790 2595 3842 Ἀλλά
2619 3795 2720 3862 μὴν
2752 3793 2867 3841 οῦτε
2915 3797 2975 3861 τῇ
3042 3787 3207 3861 ἐννοίᾳ
3262 3809 3360 3841 των
3402 3786 3681 3861 ἀνθρώπων
3714 3790 3835 3859 (76)

2237 3878 2511 3951 συμϐαίνει
2558 3883 2797 3949 νεώτερον
2849 3875 3011 3947 λέγειν
3057 3885 3145 3929 τοῦ
3206 3880 3409 3949 Πατρός
3450 3880 3536 3928 τόν
3581 3879 3719 3942 Υἱόν,
3771 3876 3834 3928 οὐ

2236 3974 2387 4042 μόνον
2442 3987 2514 4039 τῳ
2554 3971 2649 4019 σύν
2694 3964 2933 4028 ἀλληλοις
2997 3968 3229 4018 νοεῖσθαι
3284 3968 3419 4018 κατα
3474 3971 3567 4024 τὴν
3615 3970 3829 4038 σχέσιν,

2235 4057 2346 4110 ἀλλ’
2380 4059 2454 4109 ὅτι
2505 4055 2670 4109 ἐκεῖνα
2710 4056 2914 4128 λέγεται
2967 4076 3038 4127 τῳ
3077 4060 3253 4130 χρόνῳ
3310 4052 3549 4129 δεύτερα,
3596 4056 3696 4107 ὅσα
3737 4059 3836 4113 τὴν

2236 4150 2366 4220 πρός
2388 4149 2445 4198 τό
2477 4154 2564 4197 νῦν
2589 4144 2881 4198 ἀπόστασιν
2908 4144 3149 4197 ἐλάττονα
3171 4148 3302 4217 ἔχει·
3332 4149 3421 4196 καὶ
3468 4144 3620 4197 πάλιν
3667 4144 3841 4197 ἐκεῖνα

2237 4241 2482 4311 πρότερα,
2517 4238 2617 4288 ὅσα
2664 4239 3036 4309 περισσότερον
3074 4234 3266 4307 ἀπέχει
3295 4242 3385 4287 τοῦ
3432 4242 3519 4286 νῦν
3559 4235 3680 4287 Οἶον
3709 4240 3839 4307 πρό-

2238 4346 2362 4401 τερα
2389 4346 2487 4378 των
2517 4322 2873 4398 Σοδομιτικων
2912 4327 3025 4396 (77)
3056 4326 3123 4378 τά
3160 4327 3294 4376 κατά
3340 4332 3473 4391 Νωε,
3506 4325 3585 4375 ὄτι
3610 4331 3701 4376 τοῦ
3745 4332 3839 4376 νῦν

2240 4416 2324 4469 ἐπὶ
2354 4414 2503 4469 πλέον
2560 4413 2877 4485 ἀπῴκισται·
2927 4419 3017 4466 καὶ
3060 4414 3254 4486 ὕστερα
3282 4422 3449 4466 ταῦτα
3494 4413 3715 4479 ἐκείνων,
3753 4415 3842 4467 ὅτι

483 4502 782 4571 Sodomis,
809 4501 978 4574 quod
1013 4501 1116 4558 illa
1168 4500 1412 4573 longius
1463 4500 1676 4559 dissita
1706 4502 1828 4559 sint
1879 4519 1917 4560 a
1971 4518 2117 4577 prm-

2238 4504 2427 4579 μᾶλλόν
2464 4524 2570 4568 πως
2620 4501 2767 4558 δοκεῖ
2802 4504 3166 4578 προσεγγίζειν
3209 4511 3280 4575 τῷ
3302 4510 3408 4558 νῦν.
3437 4510 3544 4565 Τῆς
3578 4500 3636 4556 δι
3667 4505 3842 4557 πάντα

549 4664 599 4700 ³⁸
638 4662 837 4723 Matth.
880 4677 940 4729 v,
985 4666 1071 4718 11.

551 4843 663 4912 (71)
704 4842 1048 4901 Ἀπάντησις.
1091 4839 1309 4908 Regius
1339 4839 1545 4896 tertius
1635 4839 1960 4903 ἀντίστασις.

548 4917 661 4984 (72)
703 4914 831 4967 Ἀπὸ
861 4921 953 4966 τοῦ
986 4914 1132 4967 Υίού.
1172 4917 1315 4984 Reg.
1351 4911 1555 4968 tertius
1584 4911 1684 4964 ἀπό
1714 4920 1806 4965 τοῦ
1838 4920 1994 4967 Θεοῦ.

550 4983 663 5059 (73)
692 4986 867 5059 Ὑμεῖς.
902 4984 1145 5059 Addunt
1190 4983 1352 5053 editi,
1391 4984 1893 5059 repugnantibus
1934 4986 2128 5041 omni—

550 5000 663 5059 (73)
712 5000 867 5058 Υμας.
902 5000 1145 5040 Addunt
1190 5000 1352 5053 eam,
1408 5000 1469 5037 re
1520 5000 1893 5052 ugnanunus
1934 5000 2128 5041 omni—

476 5059 593 5116 bus
650 5056 954 5114 veteribus
1012 5055 1204 5123 libris,
1236 5060 1324 5108 καὶ
1379 5000 1631 5126 regem,
1684 5061 1772 5108 καὶ
1801 5058 1985 5109 εἴπωσι
2028 5064 2128 5109 πᾶν

476 5132 700 5205 πονηρόν
746 5128 921 5205 ῥῆμα.
951 5128 1068 5205 καθ’
1120 5122 1278 5205 ,ὑμων
1333 5122 1666 5205 ψευδόμενοι.
1699 5128 1777 5205 E_t
1826 5131 2133 5197 persecuti

472 5200 825 5275 fuerint,'et
856 5200 1126 5257 dixerint
1187 5214 1357 5255 omne
1399 5200 1626 5255 malum
1659 5200 1978 5255 adversum
2027 5216 2126 5256 vos

475 5276 848 5334 mentientes.

548 5348 663 5419 (74)
707 5345 1111 5422 Ἀκατάσκευον.
1165 5345 1249 5422 It_a
1288 5357 1432 5397 mss.
1465 5345 1752 5422 quatuor,
1798 5341 1948 5422 Editi
2002 5341 2125 5395 ἀκα-

478 5409 858 5471 τασκεὺαστον.
918 5413 1145 5487 Ibidem
1178 5413 1314 5487 duo
1372 5409 1613 5487 codices
1665 5409 2123 5487 ενδ-ιαστρεφουσι.

480 5491 712 5556 Quibus
743 5489 904 5560 favet
947 5485 1121 5547 alius.
1174 5485 1233 5540 in
1259 5500 1382 5560 quo
1428 5483 1644 5560 legitur
1685 5482 2120 5560 ἐνδιατρίϐουσα.

575 5562 663 5630 75)
698 5555 1350 5633 ίιιλιλοτιραγμοοξύνης.-ξὶ(ὶ
1381 5556 1649 5633 quinque
1699 5555 2120 5633 codicesimss.

474 5627 1199 5703 Εάἰίῖπολυπραγνμοσύνης.
1230 5630 1357 5686 Mox
1390 5627 1531 5684 éditi
1551 5627 1730 5703 ἓρωτὴ
1744 5648 1916 5702 σομεν.
1955 5630 2122 5687 Pleri-

2236 4858 2355 4915 que
2394 4842 2634 4915 codices
2664 4858 2813 4898 mss.
2847 4846 2911 4899 ut
2939 4843 2999 4898 in
3031 4845 3334 4915 contextu.

2309 4916 2424 4985 (76)
2463 4922 2574 4967 Των
2606 4913 2909 4987 ἀνθρώπων.
2935 4914 3183 4969 Codices
3209 4914 3479 4986 quinque
3504 4933 3603 4965 των
3635 4911 3839 4987 ἀνθρω-

2236 4991 2412 5057 πίνων,
2450 5002 2525 5043 ea:
2554 4984 2755 5042 rerum
2806 4984 3499 5042 humanarumnotione.
3540 4990 3613 5039 At
3655 4984 3843 5057 longe

2237 5058 2433 5129 potior
2479 5062 2570 5113 est
2618 5058 2862 5127 vulgata
2891 5058 3210 5129 Scriptura.
3248 5057 3624 5129 Propositum
3673 5056 3843 5113 enim

2236 5127 2328 5185 est
2381 5129 2615 5198 Basilio,
2644 5145 2782 5184 cum
2816 5135 2994 5184 antea
3019 5127 3393 5200 'probaveri’t
3419 5127 3657 5200 “Filium
3684 5143 3845 5200 non

2237 5216 2367 5256 esse
2399 5205 2670 5272 tempore
2720 5197 3135 5272 posteriorem,
3187 5198 3609 5272 nuncgaliquid
3649 5197 3845 5267 signi-

2234 5270 2803 5336 ﬁcantius—addere,
2838 5287 3100 5343 eumque
3126 5272 3309 5342 liquet
3362 5270 3423 5343 in
3479 5270 3592 5325 hoc
3661 5284 3846 5343 argu-

2234 5351 2438 5399 mento
2464 5344 2711 5408 versari,
2746 5349 2809 5398 ut
2842 5340 3047 5397 Filium
3082 5358 3156 5398 ne
3185 5340 3546 5411 cogitatione
3586 5340 3845 5413 quidem

2234 5418 2401 5471 Patre
2429 5415 2819 5486 posteriorem
2847 5414 2964 5469 dici
2988 5430 3167 5486 posse
3199 5415 3601 5486 demonstret.
3627 5414 3843 5471 Statim

2233 5487 2376 5542 editi
2410 5484 2769 5551 ἀόναλλήλους,
2805 5484 3045 5541 codices
3073 5502 3286 5542 omnes
3316 5501 3460 5540 mss.
3492 5489 3557 5539 ut
3591 5484 3650 5539 in
3690 5500 3840 5541 con-

2235 5563 2420 5615 textu.

2306 5632 2418 5701 (77)
2434 5637 2545 5684 Τῶν
2576 5625 2950 5703 Σοδομιτικων.
2972 5632 3111 5687 Tres
3131 5628 3368 5685 codices
3390 5647 3489 5680 των
3511 5623 3833 5699 Σοδομιτων,
