4062 6208
248 277 313 330 89
1360 314 1365 319 -
1446 285 1651 342 LIBER
1692 287 1779 341 DE
1818 283 2087 340 SPIRITU
2128 280 2423 339 SANCTO.
3547 273 3617 329 90

244 403 440 471 χρόνον
474 406 566 453 καὶ
596 403 791 463 πάντας
812 403 994 465 αἰῶνας
1023 406 1388 479 ὑπερεχούσης
1415 409 1551 472 ζωῆς
1742 412 1836 484 πρό

1981 408 2134 463 senti
2165 410 2267 478 ιι
2308 412 2574 479 tempore
2604 424 2615 458 :
2650 410 2704 461 et
2727 405 2849 459 haec
2877 403 2992 458 illis
3039 400 3396 474 posteriora,
3446 398 3613 470 quod

244 493 301 542 τό
334 497 426 541 νῦν
460 488 753 545 ἀποστάσει
780 497 839 545 τό
874 496 1002 547 sive“
1030 506 1369 572 καταμετρεῖν
1414 508 1518 562 πῶς
1559 501 1687 572 οὐχὶ
1738 500 1867 574 πρός

247 587 305 651 τῇ
372 578 591 652 ἀσεϐείᾳ
642 584 719 633 ἔτι
775 588 866 636 καὶ
923 590 1096 637 πᾶσαν
1149 587 1435 661 ὑπερϐολὴν
1500 588 1678 652 ἀνοίας
1725 592 1855 661 ἔχει’

249 671 389 740 εἰπερ
440 669 561 721 καθ’
610 671 664 721 όν
714 674 905 742 τρόπον
956 676 1023 725 τὰ
1069 672 1117 725 ὶν
1171 680 1363 746 γενέσει
1412 683 1503 729 καὶ
1536 681 1703 752 φθορᾲ
1730 682 1856 750 πρό-

245 775 369 829 τερα
426 754 559 810 εἶναι
603 757 831 817 ἀλλήλων
863 759 1082 832 λέγεται,
1114 767 1249 815 κατὰ
1287 768 1373 817 τόν
1406 765 1556 817 αὐτόν
1611 770 1800 840 τρόπον
1831 767 1856 817 ό

248 851 375 907 Θεὸς
429 852 521 900 καὶ
581 855 760 923 Πατὴρ
818 859 890 921 τῷ
922 854 1024 923 Υἱῷ
1053 858 1142 905 καὶ
1173 862 1287 924 Θεῷ
1320 863 1388 926 τῷ
1420 857 1716 929 ὑπάρχοντι
1754 860 1854 929 πρό

246 946 346 988 τῶν
401 938 600 989 αἰώνων
640 945 1129 1015 παιοαμετροὺμενος
1178 945 1428 1017 ὑπερέχοι
1461 962 1474 1011 ;
1510 945 1664 998 Ἀλλὰ
1686 948 1787 1020 γὰρ
1819 946 1849 1004 ἡ

246 1029 374 1097 πρὸς
430 1031 495 1078 τὰ
550 1029 657 1079 ἄνω
713 1030 951 1103 ὑπεροχή
1011 1040 1101 1085 τοῦ
1162 1038 1361 1107 Πατρός
1416 1033 1726 1109 ἀθεώρητος,
1781 1042 1852 1106 τῷ

252 1117 567 1179 απαξαπλῶς
627 1128 761 1191 μῆτε
817 1120 1120 1194 ἐνθύμησιν,
1180 1130 1306 1196 μήτε
1360 1128 1476 1177 τινὰ
1534 1128 1725 1177 ἔννοιαν
1756 1131 1849 1184 τὴν

255 1214 345 1257 τοῦ
396 1212 584 1280 Κυρίου
642 1214 882 1279 γέννησιν
932 1213 1248 1285 ὑπεραίρειν,
1280 1214 1449 1277 καλῶς
1477 1223 1568 1266 τοῦ
1612 1218 1847 1267 Ἰωάννου

255 1291 341 1346 διὰ
370 1292 467 1347 δύο
497 1306 674 1367 φωνῶν
702 1301 826 1350 εἵσω
857 1305 1218 1377 περιγράπτων
1276 1305 1404 1378 ὅρων
1461 1310 1553 1363 τὴν
1613 1301 1847 1358 διάνοιαν

245 1383 669 1455 ἁποκλείσαντος,
726 1387 776 1439 ἐν
831 1398 903 1459 τῷ
963 1399 1138 1443 εἰπεῖν·
1199 1393 1277 1446 Ἐν
1328 1391 1469 1468 ἀρχῇ
1506 1391 1566 1466 ᾖν
1598 1396 1621 1446 ό
1654 1399 1843 1466 Λόγος.

244 1473 548 1527 ’Δνέκϐατον
610 1480 699 1547 μὲν
751 1481 854 1553 γὰρ
925 1476 1185 1543 διανοίαις
1246 1486 1303 1534 τό
1498 1482 1845 1557 ἀνυπέρϐατον

240 1558 296 1613 δέ
322 1569 646 1632 φαντασίαις
684 1566 799 1635 (78)
848 1565 1014 1639 ἀρχή.
1064 1568 1224 1622 Ὀσον
1271 1572 1372 1645 γὰρ
1422 1570 1481 1622 ἂν
1536 1568 1844 1646 ἀναὸράμῃς

332 1649 552 1724 διανοίᾳ
582 1652 665 1705 ἐπὶ
697 1674 754 1706 το
785 1657 911 1724 ἄνω,
944 1660 1036 1709 οὑκ
1067 1658 1317 1721 ἑκϐαίνεις
1346 1663 1404 1711 τὸ
1446 1657 1524 1718 ἦν.
1580 1666 1678 1713 Καί
1722 1664 1841 1715 ὅσον

1973 497 2431 570 quodammodo
2444 499 2777 568 appareant
2796 492 3066 566 praesenti
3091 490 3344 562 tempori
3376 488 3616 545 vicinio-

1968 601 2053 641 ra.
2071 587 2283 656 Atejus
2305 585 2455 651 vitae,
2476 602 2609 657 quae
2629 598 2807 639 omne
2828 587 3063 652 tempus
3089 585 3143 635 et
3163 579 3370 634 omnia
3392 577 3614 633 saecula

1967 674 2357 744 transcendit,
2409 674 2789 729 existentiam
2850 670 3041 725 metiri
3095 668 3612 738 distantiaaprze-

1966 765 2117 821 senti
2157 771 2446 835 tempore,
2481 780 2557 819 an
2588 779 2706 818 non
2734 765 2945 833 praeter
2970 760 3611 831 impietatem,omnem

1963 854 2141 910 etiam
2169 854 2539 909 dementiam
2567 855 2813 924 superat
2836 868 2847 917 ;
2874 849 2920 903 si
2960 847 3481 921 quemadmodum
3513 862 3609 902 res

1964 943 2333 1012 generationi
2347 941 2834 1014 corruptionique
2850 938 3148 1001 obnoxiae,
3165 936 3296 991 aliis
3312 935 3440 991 aliae
3458 935 3610 1006 prio-

1959 1049 2054 1087 res
2079 1048 2214 1089 esse
2244 1032 2545 1094 dicuntur,
2580 1030 2863 1085 eumdem
2901 1027 3236 1083 admodum
3268 1028 3417 1080 Deus
3437 1029 3494 1079 et
3510 1026 3613 1079 Pa-

1960 1128 2065 1187 ter,
2105 1121 2358 1177 collatus
2392 1137 2531 1175 cum
2565 1120 2704 1175 Filio
2744 1123 2801 1173 et
2832 1121 2949 1173 Deo
2977 1116 3080 1189 qui
3114 1120 3202 1170 est
3229 1118 3366 1169 ante
3392 1112 3612 1169 smcula

1959 1213 2333 1284 superat?At
2381 1210 2542 1266 enim
2596 1214 2827 1265 Patrem
2867 1224 2995 1263 esse
3043 1205 3402 1261 anteriorem
3430 1218 3610 1259 nemo

1957 1302 2149 1374 possit
2165 1300 2367 1356 animo
2386 1299 2720 1371 concipere,
2748 1314 2819 1353 eo
2841 1297 3007 1369 quod
3025 1294 3259 1351 Domini
3282 1292 3612 1364 generatio-

1955 1407 2094 1446 nem
2128 1406 2236 1445 nec
2267 1389 2384 1445 ulla
2422 1405 2670 1460 prorsus
2703 1386 3004 1458 cogitatio,
3037 1400 3234 1456 neque
3279 1383 3396 1439 ulla
3444 1382 3609 1438 notio

1954 1479 2369 1536 transcendat:
2392 1479 2621 1533 Joanne
2641 1476 2885 1549 pulchre
2908 1475 3147 1530 duabus
3171 1472 3419 1528 vocibus
3445 1471 3609 1540 cogi-

1953 1569 2238 1626 tationem
2266 1568 2422 1623 intra
2439 1566 2920 1637 circumscriptos
2940 1564 3224 1620 terminos
3242 1560 3606 1627 recludente,

1950 1674 2091 1715 cum
2121 1659 2203 1714 ait
2228 1675 2239 1713 :
2263 1659 2329 1713 In
2350 1658 2654 1727 principio
2685 1662 2814 1712 erat
2856 1655 3104 1711 Verbum
3129 1655 3196 1708 ³³.
3231 1656 3377 1708 Nam
3413 1668 3607 1723 neque

239 1739 296 1790 ἂν
357 1737 625 1815 διαταθῇς
687 1741 815 1797 ἰδεῖν
865 1754 955 1798 τοῦ
1012 1750 1134 1800 Υἰοῡ
1191 1752 1256 1800 τὰ
1306 1747 1554 1818 ἐπέκεινα,
1608 1752 1836 1824 ὑπεράνω

1950 1765 2023 1806 ex
2038 1751 2152 1805 hac
2173 1765 2341 1814 voce,
2370 1754 2519 1817 erat,
2546 1747 2826 1816 cogitatio
2849 1746 3073 1802 exitum
3100 1743 3354 1815 reperire
3377 1745 3603 1814 potest;

237 1833 485 1899 γενέσθαι
541 1841 636 1894 τῆς
689 1832 865 1907 ἀρχῆς
930 1836 987 1888 οὑ
1047 1833 1274 1910 δυνήσῃ.
1331 1837 1549 1900 Εὑσεϐὲς
1591 1836 1677 1891 οὖν
1708 1844 1842 1892 κατά

237 1927 420 1971 τοῦτον
452 1925 541 1972 τόν
562 1927 751 1995 τρόπον
775 1925 887 1996 οἶμα
912 1933 1042 1978 νοεῖν
1069 1930 1126 1978 τό
1160 1930 1278 1980 Υίόν
1307 1936 1378 1997 τῷ
1411 1933 1599 2000 Πατρί.

1949 1856 2145 1912 neque
2176 1838 2535 1910 principium
2566 1835 2919 1905 imaginatio
2951 1833 3605 1896 transcendere.Quan-

1950 1930 2172 1986 tumvis
2204 1930 2367 1984 enim
2390 1928 2749 1997 cogitatione
2799 1942 3004 1981 curras
3062 1924 3141 1980 ad
3180 1923 3605 1980 anteriorazex

236 2025 413 2079 voce,
450 2018 608 2081 erat,
668 2012 894 2069 exitum
925 2031 1046 2072 non
1079 2018 1328 2090 reperis.
1354 2022 1417 2073 Et
1446 2020 1795 2090 quatumvis
1820 2018 2106 2075 institeris
2132 2018 2329 2075 videre
2378 2034 2513 2091 quae
2569 2018 2686 2072 sint
2725 2016 2879 2072 ultra
2921 2016 3153 2085 Filium,
3211 2029 3333 2069 non
3382 2013 3604 2085 poteris

238 2104 448 2155 tamen
481 2117 770 2173 superare
798 2104 1183 2178 principium.
1215 2110 1419 2180 Itaque
1451 2109 1617 2182 pium
1642 2114 1727 2164 est
1748 2109 1916 2179 juxta
1944 2108 2102 2164 hanc
2122 2109 2417 2163 rationem
2452 2106 2663 2161 Filium
2689 2104 2874 2159 simul
2908 2120 3047 2159 cum
3081 2103 3251 2159 Patre
3276 2101 3602 2170 intelligere

311 2194 397 2244 15.
452 2191 513 2243 Εἰ
575 2188 625 2243 δ’

234 2287 325 2331 τοῦ
386 2282 514 2333 Tim}
563 2288 743 2333 νοοῦσι
786 2286 917 2356 πρὸς
975 2288 1061 2336 τόν
1129 2292 1357 2360 Πατέρα,
1416 2290 1549 2340 ὥστε
1605 2290 1838 2361 ὑπεράνω

372 2372 463 2420 τόν
520 2375 730 2442 Πατέρα
785 2375 1072 2440 καθῆσθαι,
1109 2379 1240 2449 πρός
1271 2374 1329 2429 δὲ
1380 2381 1438 2429 τό
1472 2377 1649 2450 ἐφεξῆς
1681 2376 1751 2439 εἰς
1779 2381 1837 2428 τὸ

682 2194 748 2253 ὡς
806 2192 854 2244 ἐν
902 2200 1043 2267 τόπῳ
1090 2199 1407 2270 ὑποκειμένῳ
1437 2199 1694 2251 ὑπόϐασίν
1724 2218 1841 2250 τινα

233 2458 375 2508 κάτω
428 2462 515 2510 τόν
568 2462 687 2511 Υίόν
746 2460 1035 2532 ἀπεῶσθαι,
1090 2464 1499 2536 ὀμολογείτωσαν
1542 2475 1714 2536 τοῦτο,
1750 2471 1839 2518 καί

234 2549 382 2619 ἡμεῖς
445 2554 788 2623 σιωπήσομεν
836 2553 971 2621 (79),
1036 2561 1130 2614 τῆς
1177 2556 1441 2629 ἐναργείας
1482 2558 1596 2624 (80)
1627 2557 1837 2609 αὐτόθεν

237 2638 291 2685 τό
352 2635 673 2707 απειαφαίνον
728 2638 978 2711 ἔχοὺσης.
1038 2638 1178 2695 Οὐδὲ
1228 2646 1329 2718 γὰρ
1379 2648 1436 2696 τό
1477 2644 1659 2707 ἐντοῖς
1687 2644 1835 2717 λογι-

242 2732 393 2795 σμοῖς
437 2724 721 2779 ἀκόλουθον
768 2725 1128 2791 διασώζονσιν
1182 2735 1230 2785 οἱ
1280 2730 1373 2787 διὰ
1400 2738 1603 2786 πάντων
1635 2731 1835 2793 διήκειν

236 2820 306 2881 τῷ
352 2819 520 2889 Πατρὶ
572 2821 646 2888 μὴ
706 2813 965 2887 διδόντες,
1018 2828 1112 2881 τῆς
1139 2828 1238 2872 τῶν
1289 2824 1622 2893 ὑγιαινόντων
1645 2821 1837 2885 ἐννοίας

233 2906 295 2953 τὰ
320 2905 493 2955 πάντα
520 2908 608 2956 τόν
638 2906 790 2977 ξΘεόν
838 2908 1229 2981 πεπληρωκέναι
1281 2916 1654 2973 πιστευούσης
1714 2911 1837 2966 οὑδὲ

230 2997 526 3065 μέμνηνται
580 3004 675 3047 τοῦ
732 3003 1002 3069 προφήτου
1049 2998 1303 3070 λέγοντος·
1373 3002 1487 3054 Ἐὰν
1545 3001 1715 3055 ἀναϐῶ
1770 3003 1836 3064 εὶς

231 3086 315 3133 τόν
406 3084 647 3156 οὐρανόν,
738 3089 803 3137 σὺ
891 3085 993 3140 ἐκεῖ
1056 3085 1115 3141 εἷ·
1188 3088 1272 3141 ἐὰν
1329 3091 1538 3143 καταϐῶ
1605 3092 1675 3153 εἰς
1748 3096 1834 3145 τόν

230 3170 390 3247 ᾅδην,
445 3177 623 3247 πάρει·
676 3178 725 3227 οἱ
780 3179 838 3228 τό
898 3178 1000 3229 ἄνω
1057 3184 1147 3232 καὶ
1198 3182 1339 3231 κάτω
1387 3182 1454 3241 εἰς
1510 3186 1713 3254 Πατέρα
1744 3187 1829 3235 καὶ

2024 2202 2107 2251 15.
2141 2197 2311 2262 Quod
2344 2196 2393 2251 si
2417 2195 2577 2252 velut
2607 2195 2665 2250 in
2692 2194 2825 2250 loco
2852 2193 3168 2249 humiliore
3186 2191 3397 2247 Filium
3440 2189 3603 2245 Patri

1948 2285 2195 2342 subesse
2228 2286 2639 2355 imaginantur
2668 2302 2681 2351 ;
2706 2289 2769 2339 ut
2799 2284 2858 2339 in
2891 2282 3134 2338 sublimi
3171 2281 3379 2336 sedeat
3406 2282 3598 2348 Pater,

1947 2392 2018 2432 ac
2048 2373 2185 2431 dein
2219 2376 2392 2431 Filius
2423 2376 2483 2430 in
2513 2375 2714 2431 locum
2754 2374 3097 2429 inferiorem
3150 2371 3433 2428 detrusus
3481 2370 3598 2437 sit;

1946 2464 2245 2520 fateantur
2270 2464 2449 2525 istud,
2484 2468 2541 2520 et
2560 2480 2670 2519 nos
2699 2462 3059 2530 tacebimus,
3085 2465 3294 2534 aperta
3313 2458 3602 2531 loquendi

1944 2555 2174 2610 ratione
2196 2570 2301 2626 per
2332 2570 2392 2609 se
2428 2553 2863 2609 absurditatem
2890 2551 3171 2608 habente.
3207 2554 3357 2606 Nam
3396 2565 3507 2605 nec
3539 2548 3597 2603 in

1946 2643 2359 2699 ratiocinando
2387 2643 2499 2698 sibi
2522 2647 2823 2710 constant,
2856 2641 2959 2714 qui
2989 2657 3112 2695 non
3138 2639 3481 2695 concedunt
3499 2642 3601 2694 Pa-

1946 2736 2095 2787 trem
2127 2731 2205 2786 ad
2245 2732 2523 2787 universa
2554 2731 2913 2804 pertingere,
2944 2746 3081 2785 cum
3101 2744 3310 2784 eorum
3341 2728 3445 2800 qui
3467 2726 3599 2783 sani

1947 2824 2106 2887 sunt,
2137 2821 2415 2890 cogitatio
2459 2822 2662 2876 credat
2695 2824 2880 2877 Deum
2923 2818 3210 2890 implesse
3257 2818 3544 2873 universa
3579 2834 3592 2872 :

1945 2926 2054 2965 nec
2070 2910 2461 2965 recordantur
2483 2910 2787 2983 Prophetze
2802 2908 3052 2964 dicentis
3076 2924 3088 2961 :
3113 2907 3179 2962 Si
3193 2907 3514 2963 ascendere
3533 2907 3596 2960 in

1946 3001 2173 3065 caelum,
2201 3006 2264 3053 tu
2280 3000 2410 3054 illic
2436 3015 2493 3055 es
2520 3018 2532 3067 ;
2554 3002 2606 3055 si
2625 2999 2983 3055 descendere
3013 2996 3095 3051 ad
3116 2995 3509 3065 inferos,ades
3525 2996 3598 3063 ’5;

1944 3088 2046 3161 qui
2088 3103 2270 3159 supra
2301 3088 2532 3143 etinfra
2565 3087 2903 3159 partiuntur
2943 3084 3093 3140 inter
3130 3087 3363 3138 Patrem
3396 3086 3451 3138 et
3504 3083 3596 3138 Fi-

1942 3176 2112 3232 lium.
2133 3181 2202 3231 At
2230 3181 2293 3231 ut
2320 3176 2465 3230 nihil
2486 3174 2683 3230 dicam
2713 3174 2791 3230 ad
2825 3172 3315 3242 redarguendam
3356 3171 3595 3227 illorum

230 3264 350 3314 Υἱὸν
412 3259 751 3336 διαιροῦντες.
810 3265 920 3319 Ἰνα
982 3263 1040 3319 δί
1094 3277 1191 3330 τῆς
1222 3268 1474 3341 illam“;
1502 3275 1586 3333 τὸν
1622 3271 1833 3343 ᾓεγχον

1950 3264 3106 3339 imperitiam,rebusincorporeislocum
3121 3262 3595 3331 attribuentium;

230 3358 521 3418 σιωπήσω,
589 3360 740 3406 τόπον
797 3354 880 3407 ἐπὶ
939 3366 1037 3407 τῶν
1110 3355 1400 3430 ἀσωμάτων
1464 3360 1829 3433 ἀφοριζόντων·

231 3444 289 3491 τί
344 3445 444 3497 τήν
482 3445 614 3514 πρός
660 3446 749 3505 τὰς
798 3448 1002 3519 Γραφὰς
1043 3449 1226 3518 μάχην
1282 3453 1371 3500 καὶ
1420 3448 1715 3501 ἐναντίωσιν
1747 3450 1835 3501 αὑ-

233 3537 340 3581 τῶν
399 3530 563 3591 οὕτως
614 3530 956 3604 ἀναίσχυντον
1005 3532 1165 3588 οὖσαν
1221 3540 1698 3611 παραμυθὴσεται,
1752 3542 1829 3604 τό,

232 3620 419 3671 Κάθου
475 3618 529 3671 ἐκ
584 3618 762 3683 δεξιῶν
817 3643 938 3694 μου,
998 3630 1086 3677 καὶ
1143 3630 1222 3694 τό,
1283 3626 1550 3679 Ἐκάθισεν
1605 3626 1651 3679 ἐν
1686 3624 1835 3698 δεξιᾷ

226 3715 324 3769 τῆς
381 3709 749 3780 μεγαλοσὺνης
796 3720 888 3764 τοῦ
934 3718 1059 3766 Θεοῦ
1102 3731 1114 3780 ;
1156 3720 1225 3768 Τό
1281 3718 1381 3787 γὰρ
1424 3712 1593 3778 δεξιόν
1652 3718 1710 3769 οὑ
1740 3723 1834 3776 τὴν

223 3801 367 3850 κάτω
420 3806 610 3872 χώραν
664 3798 820 3858 δηλοῖ
875 3804 970 3873 (ὡς
1013 3805 1037 3855 ό
1096 3808 1286 3856 τούτων
1334 3804 1507 3875 λόγος)
1575 3804 1701 3858 ἀλλὰ
1739 3812 1831 3866 τὴν

222 3887 356 3957 πρός
407 3888 468 3936 τό
523 3889 640 3937 ἴσον
692 3891 903 3957 σχέσιν·
935 3888 993 3939 οὗ
1028 3898 1338 3961 σωματικῶς
1370 3898 1459 3942 τοῦ
1490 3888 1665 3953 δεξιοῦ
1695 3891 1831 3964 λαμ-

223 3971 509 4046 ϐανομένου
559 3978 716 4043 (οὕτω
764 3978 863 4049 γὰρ
912 3978 972 4028 οἷν
1029 3998 1079 4030 τι
1130 3984 1219 4030 καὶ
1250 3984 1431 4031 σκαιόν
1463 3979 1547 4032 ἐπὶ
1577 3988 1667 4032 τοῦ
1699 3988 1832 4033 Θεοῦ

222 4066 341 4132 εἴη),
406 4063 521 4115 ἀλλ’
576 4064 632 4116 ἐκ
685 4073 784 4116 τῶν
831 4071 1014 4138 τιμίων
1070 4076 1164 4128 τῆς
1192 4065 1538 4142 προσεδρείας
1570 4071 1684 4139 (81)
1719 4070 1831 4121 όνο-

1335 4160 1419 4208 τὸν
1492 4161 1607 4211 Υὶὸν

442 4157 506 4205 τό
556 4155 945 4230 μεγαλοπρεπὲς
996 4164 1089 4217 τῆς
1140 4162 1257 4230 περὶ
1335 4160 1419 4208 τὸν
1492 4161 1607 4211 Υὶόν
1676 4168 1833 4231 τιμῆς

216 4253 590 4317 παριστῶντος
646 4252 737 4296 τοῦ
786 4245 961 4317 λόγου.
1021 4250 1333 4318 Λειπόμενον
1396 4252 1566 4299 τοίνυν
1593 4250 1702 4319 (82)
1731 4248 1829 4300 αὑ-

280 4394 330 4428 ²⁴
358 4395 547 4451 Joan.
576 4411 610 4462 ι,
641 4399 690 4449 1.
770 4395 817 4429 ²⁸
858 4393 1012 4451 Psal.
1036 4411 1305 4464 cxxxvm,
1340 4400 1395 4454 8.

280 4548 396 4615 (78)
434 4550 784 4618 Διανοίαις...
826 4551 1156 4618 φαντασίαις.
1216 4548 1310 4604 Sic
1367 4549 1491 4605 duo
1532 4548 1669 4605 libri
1722 4567 1828 4606 ve-

213 4621 388 4688 teres,
417 4617 656 4690 quibus
687 4617 843 4674 favet
872 4618 1128 4692 aliorum
1161 4618 1339 4675 trium
1368 4620 1662 4692 scriptura
1703 4618 1827 4674 δια-

214 4688 793 4765 νοίας...”φαντασίας.
832 4690 995 4765 _Editi
1052 4688 1328 4765 διανοίᾳ...
1387 4688 1664 4765 φαντασίᾳ.
1712 4694 1825 4749 Ali-

214 4767 450 4832 quanto
491 4760 795 4833 postediti
824 4760 993 4814 ἐπὶτὰ
1031 4764 1154 4830 ἄνω,
1188 4760 1425 4819 codices
1478 4760 1634 4820 mssﬁ
1661 4769 1724 4820 ut
1767 4766 1828 4821 in

215 4837 533 4889 contextu.

279 4911 391 4967 (79)
425 4910 799 4979 Σιωπήσομεν.
828 4906 966 4979 Tres
1001 4905 1239 4979 codices
1271 4911 1639 4979 σιωπήσαιμεν.

280 4980 389 5043 (80)
420 4984 540 5036 Τῆς
566 4975 852 5047 ἐναργείας.
882 4977 973 5047 Sic
1017 4977 1141 5032 duo
1190 4977 1425 5033 codices
1475 4975 1621 5033 m'ss.
1674 4980 1827 5044 Qua—

217 5052 341 5122 tuor
359 5048 470 5103 alii
494 5046 846 5122 cumLeditis
875 5046 1103 5104 habent
1132 5047 1381 5122 ἐνεργείας
1430 5050 1543 5106 Sed
1568 5050 1827 5121 proclive

216 5117 316 5173 fuit
343 5135 563 5195 errare
604 5118 885 5195 librariis,
913 5117 1648 5195 quospariter‘ineadém
1680 5138 1827 5177 voce

218 5205 367 5262 saepe
390 5189 563 5264 alias
580 5189 906 5264 offendisse
926 5189 1284 5264 ridebimus.
1310 5192 1826 5264 Scriptura,quam

220 5261 403 5318 sesuti
438 5277 691 5328 sumus,
712 5261 899 5317 haeret
917 5262 1270 5319 etconducit
1291 5261 1603 5333 proposito
1627 5261 1827 5319 B'asilii

220 5278 403 5318 secuti
438 5278 691 5328 sumus,
712 5278 1270 5319 naaretetconnucu
1335 5278 1603 5333 roposrto
1627 5278 1827 5319 Basuu

220 5334 311 5402 qui
324 5338 631 5413 provocat
648 5333 1045 5413 luereticosut
1059 5340 1260 5413 aperte
1274 5278 1476 5413 (iicant
1489 5338 1559 5413 Pa
1572 5341 1719 5391 trem
1736 5353 1830 5413 su-

222 5404 450 5474 periore
478 5405 620 5461 loco
652 5405 883 5468 sedere,
920 5404 1129 5459 Filium
1161 5405 1437 5461 inferiore
1465 5424 1477 5471 ;
1508 5412 1649 5462 tunc
1666 5407 1826 5463 enim

224 5476 409 5531 verbis
440 5477 525 5531 ad
561 5492 667 5531 eos
687 5474 1045 5548 refellendos
1075 5492 1228 5548 opus
1256 5492 1376 5532 non
1394 5477 1827 5544 futurum,cum

224 5548 519 5616 ejusmodi
535 5547 910 5617 sententia,si
925 5547 1126 5618 palam
1140 5564 1209 5603 ac
1224 5549 1349 5603 sine
1361 5548 1827 5607 dissimulatione

225 5618 968 5691 enuntietur,manifestam
981 5618 1830 5692 habeatrepugnantiam.Non

1471 4399 1517 4433 ²⁶
1545 4397 1695 4455 Psal.
1733 4414 1845 4467 cu,
1876 4402 1923 4453 1.

1942 3355 2088 3428 quid
2118 3354 2428 3411 excusabit
2454 3370 2660 3409 eorum
2695 3354 3088 3426 impietatem,
3112 3368 3235 3424 qua
3260 3356 3385 3408 tam
3403 3353 3597 3425 impu-

1942 3450 2149 3500 denter
2178 3448 2518 3517 repugnant
2547 3443 3063 3515 adversanturque
3083 3441 3597 3513 Scripturis?quod

1942 3550 2132 3604 genus
2154 3540 2244 3588 est
2269 3532 2417 3588 illud
2436 3550 2447 3588 :
2464 3532 2612 3589 Sede
2641 3549 2677 3588 a
2698 3533 2928 3588 dextris
2949 3534 3093 3588 meis
3115 3533 3246 3598 ";et
3276 3548 3288 3585 :
3317 3531 3596 3586 Consedit

1942 3625 2004 3679 in
2030 3624 2249 3680 dextra
2280 3624 2612 3692 majestatis
2640 3624 2749 3678 Dei
2772 3625 2838 3676 ’⁷.
2869 3625 3069 3694 Neque
3117 3622 3277 3676 enim
3320 3620 3596 3675 dextrum

1942 3714 2242 3780 significat
2270 3712 2471 3767 locum
2499 3712 2846 3767 inferiorem
2878 3710 3047 3783 quod
3096 3710 3188 3765 isti
3239 3709 3593 3781 praedicant,

1942 3803 2047 3858 sed
2078 3802 2430 3858 relationem
2460 3802 2608 3857 adid
2634 3801 2800 3874 quod
2822 3800 3054 3873 aequale
3082 3800 3424 3872 est;quippe
3456 3815 3595 3854 cum

1941 3878 2216 3947 dexirum
2242 3907 2365 3947 non
2388 3891 2717 3963 accipiatur
2740 3889 3127 3962 corporaliter
3153 3890 3261 3961 (sic
3281 3888 3442 3944 enim
3464 3903 3597 3960 pos-

1942 3981 2017 4039 sit
2047 3981 2225 4036 etiam
2258 3997 2386 4036 esse
2418 3980 2646 4052 aliquid
2670 3980 2980 4034 sinistrum
3005 3979 3065 4034 in
3104 3979 3244 4050 Deo)
3269 3978 3374 4033 sed
3407 3978 3596 4033 hono-

1939 4070 2119 4126 riﬁcis
2152 4069 2464 4125 assidendi
2494 4069 2695 4124 verbis
2732 4068 2853 4124 Filii
2877 4068 3252 4138 majestatem
3277 4068 3596 4123 honorem-

1941 4176 2058 4233 que
2085 4162 2388 4232 Scriptura
2410 4159 2490 4215 ob
2513 4159 2719 4214 oculos
2742 4162 2944 4231 ponat.
2964 4158 3278 4229 Reliquum
3302 4162 3393 4212 est
3418 4156 3599 4225 igitur

1940 4255 2005 4305 ut
2038 4249 2155 4305 hac
2182 4264 2327 4305 voce
2355 4248 2663 4322 dignitatis
2691 4248 3033 4304 inferiorem
3057 4248 3315 4318 gradum
3336 4245 3593 4302 indicari

2004 4399 2047 4434 ετ
2084 4399 2257 4454 Hebr.
2285 4415 2324 4468 ι,
2359 4403 2409 4454 3.

1938 4550 2176 4607 diverso
2204 4566 2403 4621 sensu,
2430 4549 2567 4606 licet
2595 4550 2836 4606 diverso
2865 4547 3180 4605 verborum
3210 4548 3596 4621 ordine,dixit

1938 4623 2196 4698 Basilius
2227 4624 2289 4678 in
2320 4621 2559 4698 epistol.
2603 4622 2679 4677 al.
2712 4624 2857 4677 344:
2890 4621 3110 4698 Αὐτρβεν
3159 4624 3271 4693 ἔχει
3324 4626 3383 4698 τό
3443 4622 3594 4698 ἔναρ-

1935 4698 2023 4765 γὲς
2044 4697 2072 4752 ἡ
2101 4693 2432 4769 βλασφημία.
2454 4695 2581 4751 Sua
2601 4700 2811 4764 sponte
2839 4694 3160 4762 manifesta
3199 4700 3281 4748 est
3315 4693 3594 4765 blasphe-

1940 4782 2081 4822 mza.

2010 4837 2118 4907 (81)
2154 4833 2852 4911 Προσεὸρείαςλρυᾶῐηνὶε
2882 4835 3012 4911 haec
3038 4836 3332 4909 scriptura
3378 4837 3438 4893 in
3472 4854 3595 4911 uno

1938 4914 2172 4964 tantum
2200 4908 2389 4963 exstet
2417 4908 2624 4963 codice
2652 4908 3090 4976 ms.,assentior
3112 4908 3311 4964 tamen
3344 4910 3594 4967 Combe-

1936 4979 2513 5054 fisioeamyulgatae
2534 4977 2832 5054 προεδρίας,
2856 4996 2991 5054 quae
3032 4980 3098 5054 in_
3124 4980 3256 5036 aliis
3299 4983 3595 5054 reperitur

1936 5069 2083 5106 mss.
2119 5051 2432 5107 codicibus
2454 5056 2512 5106 et
2543 5051 2738 5119 editis,
2767 5051 3210 5122 praeferendam
3231 5051 3386 5122 esse:
3417 5053 3594 5109 Filius

1937 5139 2073 5198 cum
2103 5126 2269 5178 Patre
2297 5120 2832 5198 comparatusnon
2879 5121 3063 5178 habet
3127 5120 3427 5198 προεδρίαν,
3481 5140 3592 5180 nec

1935 5194 2017 5250 illi
2044 5198 2180 5250 Eras
2209 5210 2321 5248 nus
2343 5192 2467 5248 sine
2486 5192 2756 5249 absurdo
2778 5200 3122 5250 commento
3142 5192 3588 5264 praesidentium

1938 5267 2048 5333 (sic
2079 5266 2238 5321 enim
2266 5265 2702 5321 reddidithanc
2729 5270 2959 5331 vocem)
2992 5266 3314 5321 attribuere
3363 5266 3579 5335 potuit.

2006 5341 2120 5404 (82)
2188 5342 2506 5408 Λειπόμενου
2564 5342 2756 5392 τοίνυν.
2828 5337 2971 5393 Cod.
3034 5336 3591 5408 ΟοιὺεξΓῐἏΛείπεται

1936 5414 2128 5466 τοίνυν.
2153 5405 2467 5464 Contendit
2497 5415 2697 5465 autem
2726 5409 2840 5464 hoc
2868 5408 3003 5463 loco
3058 5405 3448 5463 Cumbetisius
3500 5408 3589 5465 le-

1937 5480 2205 5547 gendum
2227 5496 2378 5547 esse,
2411 5481 2545 5536 utin
2573 5482 2841 5549 margine
2865 5478 3086 5534 codicis
3102 5476 3590 5549 Henriciani,o-Jé"s

1938 5549 2108 5614 ἀξίας,
2142 5557 2200 5608 et
2226 5551 2309 5606 sic
2339 5548 2735 5607 reddendum}
2750 5550 3135 5618 Relinquitur
3163 5548 3353 5618 igitur
3373 5551 3496 5608 illis
3526 5560 3589 5609 ut

1938 5639 2045 5681 nec
2070 5625 2416 5694 inferiorem
2437 5624 2751 5693 dignitatis
2778 5620 3036 5692 gradum
3066 5636 3175 5691 per
3206 5621 3364 5678 hanc
3394 5639 3588 5686 vocem
