4062 6208
446 268 507 329 9i
1806 278 1861 333 S.
1906 277 2150 332 BASILII
2189 276 2426 336 HAGNI.
2828 280 2843 305 ‘
3720 291 3785 342 9'2

447 403 738 455 asserant.
771 400 1012 456 Discant
1037 401 1215 471 igitur
1244 400 1408 474 quod
1440 401 1708 457 Christus
1737 404 1829 455 est
1859 400 1958 456 Dei
1983 401 2091 455 vir-

2214 406 2322 463 τοὺς
2373 408 2431 457 τὸ
2486 414 2581 465 τῆς
2641 404 2788 468 ἀξίας
2846 401 3061 466 ύποδεὶς
3115 403 3209 459 δια
3264 414 3355 468 τῆς
3410 416 3578 478 φωνῆς
3607 412 3788 474 ταύτης

448 491 567 555 tus,
605 494 660 543 et
693 488 786 543 Dei
811 489 1105 561 sapientia
1127 492 1194 559 ’8,
1224 498 1281 545 et
1314 490 1516 560 imago
1558 490 1655 545 Dei
1685 490 1994 545 invisibilis
2020 492 2090 557 ³9,

448 582 505 635 et
532 578 817 650 splendor
853 581 958 650 12
990 579 1191 651 gloriae
1214 581 1279 645 ³ο,
1310 580 1597 653 quodque
1628 581 1789 635 hunc
1812 584 1981 635 Pater
2017 579 2091 635 si-

450 669 657 737 gnavit
708 671 876 738 Deus,
922 685 1106 740 seque
1156 674 1346 725 totum
1401 671 1461 725 in
1511 685 1581 725 eo
1614 672 1927 742 expressit.
1963 674 2094 726 llaec

448 758 625 827 igitur
655 762 709 813 et
736 774 1113 830 quaecunque
1128 759 1219 813 his
1234 758 1451 815 similia
1466 764 1603 815 sunt
1621 776 1725 832 per
1748 760 2094 815 universam

452 848 815 919 Scripturam
848 848 1208 910 testimonia,
1245 850 1726 905 utrumdicemus
1742 849 2097 905 humilitatis

449 936 671 991 habere
693 936 1218 1007 signiﬁcationem,
1242 954 1319 993 an
1347 955 1456 994 ceu
1486 939 1789 1010 praeconia
1811 939 2095 1011 quaedam

452 1024 745 1091 Unigeniti
773 1024 1176 1094 majestatem,
1211 1032 1267 1082 et
1292 1026 1591 1100 aequalem
1616 1044 1755 1083 cum
1780 1029 1950 1083 Patre
1971 1028 2095 1097 glo-

448 1114 599 1169 riam
628 1114 969 1171 ebuccinari
998 1118 1303 1172 tAudiant
1334 1117 1584 1190 insuper
1627 1124 1682 1173 et
1736 1118 1939 1190 ipsum
1991 1121 2097 1173 Do-

447 1205 682 1259 minum
708 1205 912 1276 palam
946 1223 1119 1261 suam
1152 1207 1407 1275 gloriam
1437 1224 1571 1262 cum
1606 1211 1769 1263 Patre
1798 1207 2097 1279 aequalem

450 1300 819 1350 asserentem
869 1312 1005 1350 cum
1057 1296 1172 1351 ait:
1202 1297 1316 1363 Qui
1376 1298 1535 1353 videt
1585 1312 1695 1361 me,
1727 1298 1885 1353 videt
1911 1300 1963 1353 et
1996 1300 2098 1353 Pa-

450 1384 651 1439 trem3'
700 1390 779 1439 Ac
823 1401 1111 1440 rursum:
1147 1386 1291 1441 Cum
1348 1388 1571 1443 venerit
1630 1388 1827 1443 Filius
1878 1396 1938 1443 in
1966 1389 2097 1458 glo-

449 1474 545 1527 ria
574 1473 838 1529 Patris”
867 1493 878 1529 :
910 1481 965 1530 et
994 1494 1006 1539 ;
1038 1476 1109 1531 Ut
1137 1477 1529 1544 honoriﬁcent
1549 1477 1795 1547 Filium,
1819 1478 2077 1548 quemad

451 1563 691 1618 modum
714 1562 1111 1633 honoriﬁcam
1142 1566 1386 1621 Patrem
1410 1566 1478 1620 ³³.
1512 1568 1653 1621 ltem
1705 1566 1851 1622 illud
1884 1583 1897 1621 :
1943 1568 2098 1622 Vidi-

448 1668 579 1707 mus
608 1654 865 1721 gloriam
898 1656 1045 1724 ejus,
1078 1656 1335 1722 gloriam
1370 1662 1658 1726 tanquam
1716 1657 2022 1727 Um'geniti
2062 1673 2098 1713 a

2206 488 2499 549 δηλοῦσθαί
2549 494 2731 566 λέγειν.
2790 497 3201 548 Μανθανέτωσαν
3232 500 3423 559 τοίνυν,
3458 497 3539 547 ὅτι
3568 504 3790 569 Χριστὸς

2205 590 2337 634 Θεοῦ
2382 580 2623 657 δύναμις,
2665 590 2753 637 καὶ
2812 593 2943 637 Θεοῦ
2996 588 3171 657 σοφία,
3225 590 3313 637 καὶ
3362 588 3441 637 ὅτι
3491 586 3634 638 εἰκὼν
3663 596 3788 642 Θεοῦ

2204 679 2294 722 τοῦ
2349 671 2591 745 ἀοράτου,
2650 680 2740 726 καὶ
2798 676 3130 747 ἀπαύγασμα
3190 683 3285 736 τῆς
3352 673 3533 741 δόξης,
3603 682 3689 729 καὶ
3715 679 3791 730 ὅτι

2204 769 2383 813 τοῦτον
2410 764 2434 813 6
2466 768 2643 838 Πατὴρ
2672 763 2982 838 ἐσφράγισεν
3022 766 3047 815 6
3078 768 3215 831 Θεὸς,
3250 764 3361 817 ὅλον
3420 766 3561 835 αύτῷ
3620 767 3789 820 ἑαυτὸν

2207 850 2523 914 ἐντυπώσας.
2557 856 2754 913 Ταύτας
2785 858 2975 923 τοίνυν,
3016 858 3105 905 καὶ
3164 855 3285 906 ὅσαι
3341 858 3554 915 ταύταις
3608 876 3792 928 συγγε-

2205 947 2301 1000 νεῖς
2350 945 2482 993 κοιτά
2529 945 2699 994 πᾶσαν
2750 944 2853 995 εἰσι
2903 948 2994 1001 τὴν
3046 949 3252 1017 Γραφὴν
3302 950 3607 1019 μαρτυρίαι,
3648 952 3794 999 πότι·

2205 1049 2293 1103 ρον
2346 1050 2717 1093 ταπεινωτικας
2770 1031 2898 1084 εἰναί
2951 1051 3109 1105 φαμεν
3169 1035 3280 1104 (83)
3340 1035 3367 1091 ἡ
3440 1036 3614 1109 ὧσπερ
3660 1039 3795 1099 τινάς

2208 1116 2537 1192 ἀναρρήσεις,
2597 1124 2653 1171 τό
2703 1120 3084 1194 μεγαλοπρεπὲς
3147 1130 3237 1173 τοῦ
3313 1130 3652 1194 Μονογενοῦς,
3712 1131 3798 1177 καὶ

2207 1211 2264 1259 τὸ
2296 1213 2425 1280 πρός
2466 1214 2552 1260 τόν
2600 1215 2801 1284 Πατέρα
2856 1214 2968 1262 ἶσον
3012 1219 3104 1273 τῆς
3164 1208 3323 1274 δόξης
3379 1211 3745 1286 ἀνακηρύττειν
3785 1232 3798 1281 ;

2210 1298 2561 1351 Ἀκουέτωσαν
2594 1296 2651 1351 δὲ
2690 1305 2778 1351 καὶ
2805 1300 2964 1351 αὐτοῦ
3008 1308 3097 1352 τοῦ
3133 1305 3326 1375 Κυρίου
3388 1312 3565 1375 σαφῶς
3622 1305 3802 1376 ὁμότι-

2206 1406 2300 1458 μον
2350 1387 2532 1439 ἑαυτοῦ
2581 1392 2673 1445 τὴν
2733 1385 2890 1451 δόξαν
2935 1397 3006 1459 τῷ
3040 1396 3205 1463 Πατρί
3236 1400 3617 1463 παριστώντος,
3656 1393 3703 1444 ἐν
3733 1402 3801 1464 τῷ

2206 1475 2385 1547 λέγειν·
2440 1476 2496 1529 Ὀ
2555 1478 2793 1552 ἑωρακὼς
2849 1477 2935 1550 ἐμὲ
2993 1478 3185 1553 ἑώρακε
3249 1484 3334 1532 τόν
3404 1486 3630 1557 Πατέρα·
3716 1489 3803 1535 καὶ

2207 1567 2378 1619 πάλιν·
2452 1567 2612 1619 Ὀταν
2672 1568 2791 1641 ἔλθη
2863 1572 2887 1621 6
2950 1572 3069 1631 Υἱός
3126 1568 3172 1621 ἓν
3240 1579 3301 1643 τῇ
3372 1567 3498 1644 δόξη
3570 1580 3662 1624 τοῦ
3696 1580 3802 1626 Πα-

2205 1660 2339 1729 τρός·
2402 1662 2492 1709 καὶ
2558 1663 2636 1725 τό,
2697 1656 2808 1711 Ἰνα
2871 1667 3066 1730 τιμῶσι
3131 1664 3216 1711 τόν
3282 1662 3417 1725 Υἰόν,
3491 1664 3663 1722 καθὼς
3726 1683 3802 1715 τι·

448 1742 631 1798 Patre
652 1743 721 1799 ³⁸.
746 1746 968 1797 Rursus
1000 1761 1011 1797 :
1046 1745 1396 1813 Unigenitus
1429 1746 1602 1809 Deus,
1631 1747 1734 1816 qui
1760 1753 1842 1801 est
1870 1748 1931 1801 in
1961 1748 2097 1802 sinu

2214 1754 2350 1816 μώσι
2401 1751 2486 1799 τόν
2547 1752 2769 1821 Πατέρα·
2831 1754 2920 1800 καὶ
2967 1753 3042 1813 τό,
3108 1750 3463 1822 Ἐθεασοξμεθα
3516 1756 3612 1809 τὴν
3646 1748 3803 1814 δόξαν

454 1832 663 1887 Patris
692 1833 756 1886 ³⁵.
790 1835 1014 1888 Horum
1064 1833 1212 1888 dum
1268 1834 1360 1889 isti
1392 1833 1536 1888 nihil
1580 1835 1984 1903 considerant,
2014 1836 2098 1891 lo-

449 1937 587 1977 cum
640 1922 915 1977 hostibus
957 1922 1323 1978 destinatum
1372 1923 1705 1979 attribuunt
1745 1924 1905 1981 Filio.
1948 1928 2097 1981 Nam

450 2010 615 2065 sinus
640 2015 926 2082 paternus
953 2012 1124 2068 sedes
1155 2017 1241 2067 est
1266 2012 1451 2082 digna
1475 2013 1613 2069 Filio
1639 2032 1651 2079 ;
1683 2014 1925 2069 scabelli
1959 2031 2097 2071 vero

448 2099 618 2157 locus
643 2101 713 2157 iis
752 2102 1049 2173 convenit,
1084 2103 1306 2175 quibus
1359 2119 1513 2175 opus
1564 2109 1651 2159 est
1704 2105 2094 2175 subjectione.

446 2195 564 2248 Nos
607 2193 785 2264 igitur
832 2193 908 2248 ad
953 2193 1070 2249 alia
1118 2199 1532 2265 properantes.
1564 2195 1755 2250 obiter
1804 2196 1861 2250 in
1908 2201 2099 2251 trans-

451 2297 631 2337 cursu
658 2282 997 2339 testimonia
1028 2283 1335 2353 attigimus
1363 2300 1374 2343 :
1408 2284 1511 2339 tibi
1540 2300 1680 2339 vero
1704 2301 1810 2356 per
1833 2285 2100 2341 otiumli-

451 2371 839 2439 cet,collectis
872 2372 1352 2443 probationibus.
1387 2373 1588 2442 gloria:
1644 2374 2097 2443 sublimitatem,

450 2477 520 2517 ac
554 2461 787 2516 virtutis
812 2462 1203 2518 eminentiam
1236 2463 1294 2517 in
1325 2463 1464 2519 Filio
1492 2464 1846 2535 perspicere.
1902 2466 2099 2529 Quan-

451 2568 635 2624 quam
671 2568 743 2607 ne
775 2552 904 2607 haec
930 2552 1175 2624 quidem
1209 2553 1465 2609 auditori
1494 2570 1667 2625 aequo
1699 2570 1887 2625 parva
1931 2553 2097 2609 vide-

449 2640 693 2707 buntur,
722 2642 835 2696 nisi
862 2642 995 2713 quis
1017 2641 1333 2697 carnaliter
1360 2649 1415 2697 et
1437 2642 1665 2713 abjecte
1692 2642 2100 2713 intelligathas

448 2746 647 2800 voces,
696 2732 977 2787 dextrum
1010 2736 1065 2786 et
1107 2733 1341 2787 sinum:
1378 2736 1439 2786 ut
1478 2732 1610 2787 loco
1650 2732 2102 2788 circumscribat

449 2820 658 2888 Deum,
678 2820 987 2891 ﬁngatque
1009 2820 1267 2890 ﬁguram
1287 2838 1355 2876 ac
1382 2821 1635 2876 formam
1659 2820 1959 2893 situmque
1980 2837 2105 2877 cor-

451 2910 723 2981 poralem
759 2927 924 2982 :quaa
950 2911 1027 2965 ab
1059 2910 1447 2981 intelligentia
1475 2912 1555 2966 rei
1589 2911 1876 2983 simplicis
1907 2917 1963 2966 et
1989 2911 2099 2967 im-

452 3014 676 3054 mensa:
709 3015 777 3054 ac
805 3000 1173 3071 incorporea:
1204 3001 1382 3069 longe
1406 3007 1639 3056 semota
1662 3006 1821 3061 sunt,
1855 3005 2100 3072 praeter-

2208 1835 2389 1901 αὐτοῦ,
2461 1832 2617 1899 δόξαν
2680 1842 2742 1897 ώς
2809 1845 3124 1909 Μονογενοῦς
3185 1843 3327 1912 παρά
3410 1844 3626 1913 Πατρός·
3715 1847 3803 1893 καὶ

2206 1930 2281 1989 τό,
2342 1924 2399 1976 Ὀ
2457 1930 2737 1997 μονογενὴς
2795 1932 2917 1989 Θεὸς
2972 1929 3102 1997 (84),
3163 1929 3188 1980 6
3237 1930 3303 1979 ὠν
3358 1930 3429 1991 εἰς
3473 1934 3559 1981 τόν
3615 1930 3805 1983 κόλπον

2206 2022 2296 2067 τού
2336 2020 2566 2089 Πατρός.
2642 2015 2737 2068 Ὧν
2793 2013 2959 2089 μηδὲν
3014 2016 3471 2090 ὑπολογισάμενοι,
3537 2025 3631 2078 τὴν
3697 2028 3809 2082 τοῖς

2206 2103 2418 2177 ἐχθροῖς
2486 2104 2845 2179 ἀφωρισμένην
2910 2112 3091 2181 χώραν
3128 2108 3476 2180 προστιθέασι
3549 2118 3621 2179 τῷ
3704 2113 3808 2179 Υἱῲ

2211 2195 2407 2257 Κόλπος
2456 2198 2544 2267 μὲν
2588 2200 2687 2269 γάρ
2743 2202 2998 2269 πατρικὸς
3064 2199 3168 2267 Υὶῲ
3216 2194 3449 2271 καθέδρα
3508 2205 3805 2272 πρέπουσα·

2207 2286 2235 2342 ἡ
2274 2282 2332 2337 δὲ
2363 2293 2452 2335 τοῦ
2483 2281 2773 2336 ὑποποδίου
2801 2292 2956 2358 χώρα
3004 2292 3113 2347 τοῖς
3171 2283 3525 2357 ἐπιδεομένοις
3565 2292 3681 2357 (85i
3714 2298 3813 2349 τῆς

2208 2376 2576 2435 ὑποπτώσεως.
2644 2374 2817 2445 ’Πμεῖς
2878 2378 2967 2446 μεν
3026 2371 3132 2439 οὖν,
3203 2373 3275 2446 ἐφ’
3338 2376 3485 2448 ἕτερα
3516 2381 3607 2434 την
3646 2380 3813 2449 ὁρμὴν

2210 2466 2434 2534 ἔχοντες,
2468 2467 2901 2536 παρατρεχόντως
2943 2470 3042 2514 τῶν
3109 2471 3407 2535 μαρτυριῶν
3473 2464 3811 2537 ἐφηψάμεθα·

2210 2554 2377 2615 ἔξεστι
2425 2550 2482 2605 δὲ
2532 2572 2615 2603 σοι
2663 2555 2797 2604 κατά
2865 2552 3086 2623 σχολὴν,
3141 2558 3488 2624 συναγαγόντι
3546 2557 3634 2615 τάς
3684 2554 3814 2607 ἀπο-

2212 2642 2418 2708 δείξεις,
2481 2647 2538 2694 τό
2607 2651 2696 2703 τῆς
2764 2638 2925 2705 δόξης
2991 2642 3120 2713 ὕψος
3177 2649 3267 2695 καὶ
3324 2648 3382 2695 τό
3407 2652 3499 2705 τῆς
3542 2636 3818 2717 δυνάμεως

2211 2736 2463 2808 ὑπερέχον
2496 2741 2585 2785 τοῦ
2624 2739 2941 2803 ΧΙονογενοῦς
2991 2728 3248 2789 κατιδεῖν,
3298 2737 3480 2784 Καίτοι
3530 2734 3820 2805 εὐγνώμονι

2212 2823 2438 2898 ἀκροατῇ
2473 2820 2596 2875 οὐδὲ
2653 2830 2819 2874 ταῦτα
2862 2826 3044 2896 μικρὰ·
3079 2822 3227 2893 εἰμὴ
3276 2842 3355 2884 τις
3406 2832 3667 2897 σαρκικώς
3728 2830 3821 2876 καὶ

2210 2921 2460 2973 ταπεινῶς
2508 2913 2748 2973 ἐξακόύοι
2799 2919 2888 2963 τοῦ
2945 2908 3118 2973 δεξιοῦ
3166 2915 3255 2962 καὶ
3303 2919 3392 2963 τοῦ
3431 2911 3652 2981 κόλπου,
3681 2915 3822 2965 ὥστε

2209 3006 2349 3073 τόπῳ
2434 3020 2486 3053 τε
2567 3021 2651 3051 τον
2723 3006 2848 3052 Θεὸν
2902 3001 3256 3072 περιγράφειν,
3319 3004 3404 3051 καὶ
3470 2999 3819 3054 ἀναπλάττειν

451 3104 635 3160 quam
666 3089 832 3161 quod
862 3089 1015 3145 illius
1047 3090 1327 3158 cogitatio
1360 3090 1864 3163 humilis,pariter
1912 3090 1970 3144 in
2002 3093 2100 3144 Pa-

2214 3099 2422 3163 σχῆμα,
2494 3095 2581 3141 καὶ
2648 3092 2827 3153 τύπον,
2891 3094 2980 3140 καί
3048 3091 3187 3142 θέσιν
3230 3095 3554 3161 σωματικὴν,
3606 3091 3821 3166 ἀπαρὰ

454 3182 601 3232 trem
634 3178 787 3232 cadit
815 3184 995 3251 atque
1025 3182 1084 3235 in
1112 3180 1338 3235 Filium.
1375 3183 1567 3245 Quare
1593 3196 1713 3235 non
1736 3179 1937 3249 dejicit
1975 3178 2105 3234 Filii

453 3266 806 3334 dignitatem
820 3270 944 3329 ,sed
962 3269 1145 3338 adjun
1157 3271 1236 3338 git
1251 3270 1643 3341 blasphemiae
1659 3270 1881 3325 crimen
1897 3270 2104 3325 adver-

453 3370 555 3408 sus
578 3356 761 3408 Deum
786 3357 1058 3427 quisquis
1081 3358 1223 3411 talia
1243 3358 1499 3412 disserit.
1523 3360 1910 3429 Quaecunque
1941 3358 2104 3413 enim

453 3458 638 3498 ausus
664 3444 841 3498 fuerit
865 3461 1138 3500 evomere
1169 3446 1228 3499 in
1264 3447 1492 3509 Filium,
1521 3463 1770 3502 necesse
1802 3452 1887 3502 est
1920 3453 1980 3501 ut
2011 3464 2104 3503 ea~

452 3532 590 3588 dem
623 3533 941 3589 transferat
961 3535 1021 3589 in
1055 3539 1305 3589 Patrem.
1338 3539 1484 3591 Nam
1530 3538 1634 3607 qui
1657 3538 1806 3591 Patri
1837 3538 2106 3608 superio-

449 3638 575 3678 rem
608 3621 807 3678 locum
832 3623 910 3679 ad
948 3624 1398 3696 prtesidendum
1430 3624 1654 3691 tribuit,
1688 3642 1757 3681 ac
1786 3626 1991 3681 Filium
2023 3625 2107 3681 di-

450 3712 528 3768 cit
557 3712 875 3769 humiliore
903 3713 1035 3769 lnco
1064 3714 1291 3783 sedere,
1317 3713 1365 3767 is
1386 3730 1767 3786 quaecunque
1799 3714 2106 3785 corporeis

451 3802 748 3871 accidunt,
768 3818 838 3858 ea
859 3804 1063 3859 omnia
1084 3803 1399 3859 habiturus
1423 3809 1515 3858 est
1545 3820 1722 3858 suum
1749 3804 2107 3874 figmentum

452 3893 902 3962 consequentia.
930 3893 1096 3958 Quod
1117 3893 1163 3948 si
1188 3893 1787 3963 istmimaginaiiones
1812 3893 2106 3947 suntvino

451 3979 855 4043 delirantium,
889 3998 957 4035 ac
984 3998 1091 4053 per
1118 3982 1516 4053 phrenitidem
1546 3988 1743 4037 mente
1779 3985 2107 4038 commoto-

450 4083 585 4123 rum
612 4087 624 4134 ;
650 4070 961 4140 quomodo
980 4071 1148 4141 pium
1166 4072 1339 4127 fuerit
1360 4088 1518 4134 eum,
1544 4073 1642 4144 qui
1669 4070 2108 4141 natura,gloria

451 4158 858 4231 dignitateque
893 4162 1252 4230 conjunctus
1282 4166 1389 4225 est,
1422 4177 1546 4217 non
1571 4161 1749 4216 simul
1773 4177 1911 4215 cum
1934 4161 2106 4215 Patre

451 4248 690 4305 adorari
727 4254 784 4304 et
811 4249 1128 4317 gloriﬁcari
1152 4250 1228 4306 ab
1251 4252 1341 4305 his
1363 4252 1468 4323 qui
1486 4250 1562 4305 ab
1585 4251 1716 4323 ipso
1736 4250 2104 4319 edoctisunt,

2211 3181 2339 3233 πολὺ
2395 3187 2453 3237 τῆ
2469 3200 2488 3240 ς
2545 3178 2732 3238 ἐννοίας
2779 3186 2867 3230 τοῦ
2932 3176 3094 3229 ἀπλού
3143 3183 3233 3230 καὶ
3280 3178 3493 3252 ἀπείρου
3534 3184 3623 3232 καὶ
3668 3180 3822 3233 ἀσω-

2214 3272 2376 3342 μάτου
2433 3266 2734 3343 διώρισται·
2804 3266 2935 3324 πλην
3000 3285 3056 3337 γε
3114 3262 3198 3336 δὴ,
3257 3268 3336 3318 ὅτι
3388 3272 3444 3319 τό
3486 3276 3580 3329 τῆς
3620 3267 3826 3330 ἑννοίας

2216 3359 2373 3411 αὐτοῦ
2404 3378 2640 3411 ταπεινόν
2669 3356 2751 3409 ἐπί
2780 3376 2832 3409 τε
2874 3360 3072 3430 Πατρός
3121 3360 3210 3408 καὶ
3249 3359 3372 3409 Υἱοῦ
3420 3357 3825 3431 παραπλήσιον,

2213 3447 2373 3500 ’Ὥστε
2420 3449 2479 3499 ού
2532 3449 2772 3519 καθαιρεί
2807 3453 2896 3498 τοῦ
2953 3453 3075 3498 Υιοῦ
3125 3450 3217 3503 τὴν
3282 3443 3451 3513 ἀξίαν,
3491 3445 3618 3497 ἀλλά
3645 3466 3828 3520 προσ-

2213 3536 2462 3608 λαμϐάνει
2503 3541 2559 3588 τό
2616 3541 2780 3608 κρίμα
2835 3543 2928 3595 τῆς
2986 3534 3057 3595 εἰς
3116 3540 3200 3586 τον
3246 3539 3373 3586 Θεόν
3403 3533 3759 3606 βλασφημίας
3803 3539 3830 3588 6

2214 3628 2280 3677 τά
2304 3632 2527 3676 τοιαῦτα
2559 3621 2782 3684 διεξιών,
2822 3624 2898 3674 Ἐν
2929 3623 3006 3682 οἷς
3039 3624 3137 3694 γάρ
3171 3621 3230 3671 ἂν
3294 3622 3667 3693 κατατολμήση
3731 3633 3831 3677 τοῦ

2215 3716 2359 3773 Υἰοῦ,
2416 3720 2580 3763 ταῦτα
2625 3711 2821 3780 ἀνάγκη
2874 3709 3014 3777 αύτῷ
3061 3710 3391 3779 μετατιθέναι
3435 3714 3557 3783 πρός
3600 3716 3692 3763 τόν
3721 3720 3834 3766 Πα-

2214 3808 2354 3877 τέρα⁸
2379 3802 2435 3852 'o
2465 3804 2565 3874 γὰρ
2597 3809 2665 3868 τῷ
2701 3802 2869 3871 Πατρί
2912 3802 3004 3855 τὴν
3035 3799 3139 3849 οἷνω
3182 3802 3363 3871 χώραν
3415 3798 3486 3860 εἰς
3530 3798 3834 3873 προεδρίαν

2218 3886 2524 3953 ἀποδιδούς,
2552 3908 2638 3939 τόν
2671 3883 2729 3939 δε
2759 3894 3003 3958 μονογενῆ
3034 3888 3150 3938 Υἰόν
3202 3888 3574 3946 ὑποκαθῆσθαι
3634 3888 3836 3961 λέγων,

2215 3983 2385 4033 πάντα
2439 3977 2825 4029 amica-Ocnum
2890 3976 2988 4037 ἔξει
3044 3979 3110 4028 τά
3143 3979 3420 4046 σωματικά
3448 3984 3839 4051 συμπτώματα

2216 4079 2287 4141 τῷ
2347 4068 2531 4121 ἑαυτοῦ
2603 4065 2943 4138 ἀναπλασμῷ.
3026 4064 3084 4118 Εἰ
3136 4062 3195 4117 δὲ
3253 4073 3421 4118 ταῦτα
3463 4066 3837 4125 οἰνοπλήκτων

2216 4165 2305 4212 καὶ
2368 4158 2420 4211 ἐκ
2476 4154 2766 4231 φρενίτιδος
2835 4159 3148 4229 παραφόρων
3215 4160 3302 4207 τόν
3360 4175 3478 4207 νουν
3518 4154 3585 4207 τά
3625 4161 3839 4228 φαντά-

2221 4269 2412 4322 σματα,
2481 4256 2589 4309 πῶς
2654 4245 2876 4310 εὐσεϐὲς,
2943 4248 3030 4296 τόν
3101 4253 3162 4317 τῇ
3238 4249 3405 4314 φύσει,
3457 4253 3518 4317 τῇ
3557 4241 3719 4319 δόξῃ,
3764 4256 3841 4319 τῷ

452 4356 593 4394 eum
625 4339 728 4411 qui
758 4355 879 4395 non
912 4340 1269 4395 honorificat
1314 4341 1521 4395 Filium
1553 4355 1674 4395 non
1708 4339 2101 4396 honoriﬁeare

2219 4338 2475 4411 ἀξιώματι
2545 4340 2868 4408 σννημμένον
2936 4337 3005 4405 μὴ
3040 4336 3169 4405 μετὰ
3238 4338 3434 4407 Πατρός
3513 4344 3840 4406 προσκυνεῖν

453 4432 686 4485 Patrem
712 4431 759 4464 ³⁵
782 4430 808 4484 ?
834 4430 985 4495 Quid
1009 4446 1188 4502 porro
1211 4431 1481 4487 dicemus
1509 4431 1535 4486 ?
1557 4431 1703 4504 quid
1728 4431 1907 4501 justze
1932 4446 2107 4485 excu-

544 4574 591 4608 ³⁸
632 4575 808 4628 ICor.
835 4592 869 4638 ι,
903 4577 990 4629 24.
1065 4576 1110 4609 ³9
1142 4574 1365 4629 Coloss.
1401 4591 1437 4635 ι.
1476 4579 1560 4631 15.

453 4647 696 4702 3‘Joan.
726 4662 762 4709 ι,
802 4649 885 4700 14.
965 4645 1012 4680 ³⁵
1044 4644 1188 4700 ibid.
1219 4649 1301 4701 18.

1638 4576 1684 4609 ³ο
1719 4573 1890 4629 Hebr.
1932 4591 1967 4637 ι,
2004 4578 2055 4630 3.

1374 4647 1421 4681 ³6
1448 4646 1621 4702 Joan.
1657 4663 1711 4715 v,
1742 4651 1830 4702 23.

454 4790 662 4844 dicant
691 4788 1043 4857 signiﬁcari.
1078 4787 1253 4842 Addit
1283 4788 1373 4841 vir
1402 4786 1701 4842 eruditus:
1740 4787 1882 4853 Quae
1911 4788 2101 4855 plana

452 4861 676 4916 Basilii
696 4860 921 4925 littera,
954 4860 1313 4914 abhorrente
1338 4874 1584 4925 prorsus
1613 4859 1772 4929 quod
1791 4858 1964 4912 editis
1997 4861 2100 4912 est.

456 4931 568 4988 Sed
600 4937 1003 5003 praeterquam
1024 4931 1187 5003 quod
1210 4931 1455 5003 Basilius
1484 4929 1857 5003 adversarios
1879 4944 2106 5003 nequa;

454 4999 641 5076 quam
672 4999 901 5058 inducit
930 5002 1003 5056 de
1033 4999 1157 5056 Filii
1189 5001 1530 5076 aequalitate
1562 5001 1933 5076 confitentes,
1981 4999 2105 5076 sed

499 5076 654 5130 otius
688 5090 824 5129 eam
854 5078 1143 5142 negantes
1170 5072 1560 5137 refellit;certe
1577 5072 1831 5140 diligens
1855 5071 2107 5126 Combe-

499 5091 654 5130 ouus
688 5091 824 5129 eam
854 5091 1143 5142 negantes
1170 5091 1560 5137 reieuu;cer1e
1577 5091 1831 5140 cingens
1855 5091 2107 5126 uomne-

454 5091 624 5202 tEisius
656 5146 715 5201 in
740 5144 997 5215 legendo
1030 5144 1235 5215 codice
1258 5161 1439 5215 quem
1464 5145 1622 5200 citat.
1644 5148 1769 5215 Non
1787 5143 1943 5197 enim
1972 5142 2107 5215 legi:

458 5224 556 5296 tur
586 5218 667 5296 -in
717 5212 989 5296 margine
1039 5213 1161 5296 ούδε
1207 5212 1374 5296 ἀξίας,
1434 5212 1726 5296 sedﬂoao“;
1754 5214 1891 5296 ἀξία.
1937 5212 2107 5296 Quod

456 5290 703 5362 quidem
718 5289 1011 5344 scholium
1031 5289 1107 5342 ad
1127 5285 1314 5362 Basilii
1334 5287 1689 5341 sententiam
1716 5285 2106 5362 indicandam

458 5355 805 5433 appositum
838 5366 942 5423 est,
974 5376 1097 5433 non
1124 5359 1209 5433 ad
1243 5363 1583 5433 contextum
1629 5355 2104 5433 emendandum.

460 5427 605 5488 Nam
627 5434 685 5487 in
705 5433 1011 5504 superiore
1042 5428 1313 5499 ejusdem
1346 5429 1566 5504 codicis
1594 5429 1815 5504 pagina
1839 5427 1961 5504 duo
1990 5427 2110 5504 alia

459 5498 1058 5567 occux'runt'scholia,
1076 5498 1341 5573 quorum
1372 5498 1633 5573 primum
1653 5500 1737 5573 sic
1761 5498 1942 5573 habet
1968 5498 2110 5551 εὈτι

458 5575 516 5627 οὐ
542 5580 716 5646 χρόνῳ
737 5578 760 5626 6
782 5578 896 5633 Υἱός
917 5572 1130 5646 ὕστερος
1156 5580 1245 5624 τοῦ
1274 5576 1495 5646 Πατρός.
1529 5572 1695 5646 Quod
1739 5572 1929 5625 Filius
1963 5576 2109 5646 teni-

460 5638 609 5719 po'r'e
631 5638 750 5702 non
772 5638 1251 5718 inferior'Patre;
1272 5638 1489 5699 deinde
1503 5644 1809 5717 aliquanto
1831 5648 1965 5716 post
1982 5638 2104 5694 ούδε

2134 4574 2178 4609 ³¹
2222 4575 2397 4629 Joan.
2427 4586 2545 4637 xw,
2574 4570 2627 4623 9.

2218 4434 2306 4481 καὶ
2369 4424 2609 4489 δοξάζειν
2675 4429 2794 4485 τοὺς
2862 4424 2986 4498 παρ’
3039 4422 3198 4475 αύτου
3240 4419 3621 4495 διδαχθέντας,
3657 4426 3745 4477 ὅτι
3779 4425 3841 4477 Ὀ

2716 4569 2762 4603 ³³
2792 4570 2960 4623 Marc.
2993 4583 3108 4630 VIII,
3144 4570 3231 4623 38.
3310 4567 3357 4603 ³³
3404 4568 3576 4623 Joan.
3627 4584 3693 4636 γ,
3737 4573 3837 4625 23-

2211 4776 3833 4854 τάξει,ηεςιιρίηῆίηεῗάοηίίῐυθοὐδέάξέᾳρηθέάίθηίίθίθῖ

2213 4850 2604 4911 accommoda
2622 4861 2669 4906 te
2698 4853 2773 4908 ad
2791 4850 3120 4907 institutam
3140 4867 3174 4906 a
3192 4851 3406 4905 Basilio
3429 4850 3832 4907 divisionem.

2286 4928 2397 4993 (83)
2423 4931 2611 4997 Φαμὲν.
2650 4927 2775 4978 Duo
2805 4922 3044 4997 codices
3072 4938 3216 4997 mss.
3244 4930 3430 4993 φῶμεν.

2288 5000 2399 5065 (Si)
2419 4997 2475 5048 Ὀ
2501 4993 2781 5069 μονογενὴς
2802 5000 2945 5069 eid;
2982 4996 3128 5069 HtB_(_)_
3148 4993 3371 5069 desunt
3430 4993 3489 5048 in
3514 5008 3671 5069 _u_no
3732 5012 3838 5051 co-

2215 5064 2345 5124 diCe
2370 5064 2510 5131 ms,
2532 5064 2643 5121 sed
2662 5071 2716 5120 in
2744 5067 3014 5138 quinque
3036 5064 3166 5119 aliis
3186 5064 3487 5139 leguntur.
3512 5064 3664 5139 Editi
3688 5069 3716 5117 ό
3738 5088 3837 5139 μο-

2214 5145 2423 5210 νογενής
2466 5142 2581 5198 Υἱός
2632 5134 2866 5210 οοηῐὶξν
2896 5134 3162 5210 veterum
3217 5136 3498 5210 codicum
3527 5134 3746 5191 ﬁdem'
3781 5144 3843 5194 et

2216 5206 2409 5283 ipsius
2446 5207 3235 5283 Basiliirtestimoniumgui
3273 5206 3556 5283 declarat,
3600 5223 3748 5283 cap.
3805 5215 3841 5283 8

2220 5278 2402 5353 liujus
2426 5282 2579 5351 libri,
2617 5280 2914 5353 Christum
2938 5294 2973 5332 a
3000 5279 3302 5353 Scriptura
3326 5278 3844 5353 yocariunigeni-

2219 5349 2345 5410 tum
2368 5349 2572 5407 Deum.
2608 5351 2769 5405 [inde
2790 5355 2952 5422 patet
2972 5365 3112 5422 eum
3137 5352 3218 5403 sic
3239 5349 3559 5422 lcgissequti
3582 5350 3841 5407 edimus

2221 5429 2338 5480 Hoc
2365 5425 2498 5496 ipso
2530 5425 2586 5479 in
2621 5424 2750 5477 loco
2779 5419 3017 5476 codices
3046 5421 3167 5477 duo
3195 5424 3242 5472 ὲ»
3269 5419 3378 5481 τοῖς
3404 5419 3628 5489 κόλποις,
3670 5423 3841 5479 alius

2221 5497 2275 5548 ἐκ
2304 5505 2372 5566 τῲ
2401 5496 2591 5565 κόλπῳ,

2290 5562 2401 5637 (83)
2429 5562 2833 5638 Ἐπιδεομένοις.
2875 5564 2966 5621 Sic
2993 5579 3138 5619 mss.
3174 5567 3454 5635 quatuor.
3491 5562 3638 5618 Editi
3700 5566 3838 5618 ὑπο-

2216 5636 2496 5712 δεομένοις.
