4062 6208
277 329 344 383 93
1484 320 1685 374 LIBER
1726 317 1815 372 DE
1856 315 2123 372 SPIRITU
2165 318 2454 376 SANCTO.
3580 325 3648 382 94

280 457 350 524 μή
401 458 568 521 τιμῶν
615 451 702 500 τὸν
751 450 867 501 Υἱόν
898 448 956 499 οὗ
987 453 1116 518 τιμᾷ
1161 449 1247 498 τὸν
1299 446 1631 519 Πατέρα;Τί
1664 443 1765 514 γὰρ
1796 444 1883 492 καὶ

2003 441 2248 498 sationis
2306 443 2627 501 aﬂ'eremus
2679 446 2740 502 in
2800 447 3163 504 formidabili
3212 464 3283 504 ac
3337 448 3648 506 communi

281 547 548 613 φήσομεν;
610 542 728 589 τίνα
789 536 963 608 ἕξομεν
1023 533 1234 588 δικαίαν
1302 533 1584 604 ἀπολογίαν
1651 528 1734 582 ἐπὶ
1795 535 1886 580 τοῦ

281 630 500 704 φοϐεροῦ
542 633 634 680 καὶ
679 634 854 679 κοινοῦ
893 635 989 688 τῆς
1030 632 1247 687 κτίσεως
1287 627 1463 684 πάσης
1509 619 1884 694 δικαστηρίου,

282 722 326 774 εἰ
351 728 442 772 τοῦ
496 723 695 792 Κυρίου
738 725 911 789 σαφῶς
953 715 1390 788 ἐπαγγελλομένου
1419 714 1556 776 ἥξειν
1585 710 1632 762 ἐν
1660 718 1720 782 τῇ
1758 707 1883 780 ὃόξη

281 819 374 863 τοῦ
407 814 639 882 Πατρός,
674 813 764 859 καὶ
812 809 1064 880 Στεφάνου
1097 809 1414 878 θεασαμένου
1457 805 1659 861 Ἰησοῦν
1692 800 1890 852 ἑστῶτα

281 901 338 953 ἐκ
386 897 576 962 δεξιῶν
598 905 692 950 τοῦ
734 904 890 965 Θεοῦ,
925 901 1014 948 καὶ
1055 896 1258 948 Παύλου
1300 893 1347 946 ἐν
1390 896 1648 965 Πνεύματι
1688 886 1888 960 διαμα-

278 993 602 1063 ρτυρομένου
636 988 748 1058 (86)
775 992 894 1060 περὶ
921 993 1178 1060 Χριστοῦ,
1212 986 1291 1037 ὅτι
1340 986 1479 1036 ἔστιν
1529 981 1576 1033 ἐν
1621 977 1770 1049 δεξιᾷ
1797 983 1889 1029 τοῦ

279 1087 410 1134 Θεοῦ
434 1094 449 1108 ·
485 1084 575 1130 καὶ
605 1086 696 1130 τοῦ
732 1081 938 1151 Πατρός
966 1077 1216 1147 λέγοντος,
1248 1076 1421 1128 Κάθου
1453 1072 1507 1125 ἐκ
1535 1069 1716 1134 δεξιῶν
1747 1089 1846 1144 μου
1873 1091 1884 1102 ·

286 1177 378 1222 καὶ
421 1177 508 1221 τοῦ
552 1169 710 1239 ἁγίου
758 1171 1056 1238 Πνενματος
1094 1171 1504 1238 μαρτυροῦντος,
1536 1164 1613 1214 ὃτι
1651 1161 1888 1213 ἐκάθισεν

291 1263 338 1313 ἐν
369 1257 514 1328 δεξιᾲ
541 1267 635 1320 τῆς
668 1256 1023 1329 μεγαλοσύνης
1053 1263 1143 1308 τοῦ
1177 1263 1309 1308 Θεοῦ
1336 1276 1347 1288 ·
1382 1255 1528 1326 ἡμεῖς
1557 1254 1890 1326 τὸν-σύνθρο-

289 1371 368 1403 νον
415 1355 507 1401 καὶ
552 1350 803 1420 ὁμότιμον
837 1345 938 1398 ἀπὸ
977 1355 1072 1407 τῆς
1111 1349 1241 1420 πρὸς
1281 1348 1338 1397 τὸ
1371 1348 1483 1396 ἶσον
1533 1346 1767 1414 σχέσεως
1806 1339 1889 1393 ἐπὶ

283 1443 338 1491 τὸ
396 1442 543 1490 κάτω
597 1435 1042 1508 καταϐιϐάζοιμεν
1083 1434 1236 1503 (87);
1286 1432 1451 1505 Οἶμαι
1501 1434 1601 1506 γὰρ
1659 1435 1751 1489 τὴν
1799 1432 1888 1501 μὲν

283 1533 476 1582 στάσιν
501 1533 593 1579 καὶ
636 1531 730 1584 τὴν
760 1522 1078 1600 καθίδρυσιν
1103 1529 1162 1577 τὸ
1192 1526 1381 1595 πάγιον
1429 1531 1523 1584 τῆς
1571 1526 1765 1592 φύσεως
1803 1528 1890 1576 καὶ

277 1623 451 1675 πάντη
505 1619 766 1689 στάσιμον
812 1617 1134 1687 ὑποφαίνειν,
1173 1615 1303 1666 καθὸ
1342 1618 1432 1664 καὶ
1481 1613 1506 1664 ὁ
1550 1615 1783 1683 Βαροὺχ,
1830 1613 1886 1661 τὸ

278 1705 553 1770 ἀκίνητον,
600 1708 688 1755 καὶ
738 1701 1050 1775 ἀμετάθετον
1092 1711 1187 1763 τῆς
1241 1709 1330 1753 τοῦ
1375 1707 1508 1754 Θεοῦ
1560 1695 1885 1769 διεξαγωγῆς

278 1793 689 1868 ἐνδεικνύμενος,
718 1797 807 1866 ἔφη
841 1799 919 1860 τὸ,
940 1797 1006 1844 Σὺ
1032 1794 1320 1864 καθήμενος
1352 1791 1417 1851 εἰς
1455 1793 1540 1841 τὸν
1583 1788 1762 1854 αἰῶνα,
1797 1792 1886 1840 καὶ

277 1888 434 1958 ἡμεῖς
476 1884 818 1956 ἀπολλύμενοι
851 1883 915 1943 εἰς
954 1887 1039 1935 τὸν
1072 1883 1263 1952 αἰῶνα·
1297 1885 1391 1939 τὴν
1423 1877 1596 1942 δεξιὰν
1620 1875 1678 1931 δὲ
1703 1883 1884 1952 χώραν

276 1973 478 2032 δηλοῦν
527 1977 586 2024 τὸ
630 1981 726 2034 τῆς
764 1971 909 2034 ἀξίας
947 1973 1214 2043 ὁμότιμον.
1263 1977 1378 2030 Πῶς
1414 1964 1500 2020 οὖν
1538 1967 1595 2020 οὐ
1628 1966 1884 2041 τολμηρὸν

273 2074 370 2126 τῆς
398 2066 539 2116 κατά
569 2067 661 2120 την
689 2059 994 2132 δοξο).ογίαν
1021 2062 1135 2131 (88)
1165 2064 1432 2120 κοινωνίας
1466 2056 1766 2130 ἀποστερεῖν
1797 2059 1884 2108 τὸν

273 2156 420 2218 Υιόν,
448 2154 521 2213 ὡς
553 2150 599 2203 ἐν
630 2149 862 2203 ἐλάττονι
891 2155 1045 2222 χώρᾳ
1074 2157 1230 2221 τιμῆς
1260 2148 1518 2218 τετάχθαι
1547 2146 1689 2208 ἄξιον
1716 2165 1727 2178 ·

850 2278 1238 2328 ΚΕΦΑΛΑΙΟΝ
1277 2271 1327 2324 Ζ’

279 2398 415 2469 Πρὸς
447 2396 572 2455 τοὺς
607 2391 852 2462 λέγοντας
882 2395 952 2462 μὴ
996 2389 1240 2475 ἀρμὸζειν
1280 2387 1362 2475 ἐπὶ
1403 2390 1525 2475 Iliad
1555 2387 1796 2460 λεγεσθαι
1825 2391 1882 2440 τὸ

324 2455 334 2469 ³
401 2455 410 2456 ί
628 2455 804 2536 (μεθ’
837 2455 897 2514 οὗ
929 2485 956 2512 ››
990 2455 1116 2513 ἀλλὰ
1141 2465 1197 2514 τὸ
1229 2483 1254 2508 α
1291 2458 1365 2514 δι’
1397 2460 1476 2514 οὗ.
1511 2484 1536 2508 ›)

353 2593 437 2644 I6.
478 2587 635 2641 Ἀλλὰ
685 2590 745 2638 τὸ
791 2585 900 2659 μετ’
952 2585 1110 2638 αὑτοῦ
1161 2585 1342 2656 λέγειν,
1399 2589 1575 2656 φασὶν,
1630 2582 1883 2646 ἀπεξενωι

278 2683 428 2751 μενον
480 2676 742 2737 παντελῶς
789 2680 881 2727 καὶ
931 2673 1225 2736 ἀσύνηθες·
1273 2679 1330 2726 τὸ
1381 2671 1439 2727 δὲ
1489 2671 1563 2726 δι’
1601 2674 1760 2726 αὐτου
1815 2681 1886 2744 τῷ

280 2789 335 2821 τε
384 2769 521 2840 λόγῳ
565 2777 662 2828 τῆς
709 2773 914 2839 Γραφῆς
969 2765 1282 2818 οἰκειότατον
1335 2770 1424 2817 καὶ
1474 2764 1520 2816 ἐν
1687 2771 1886 2838 χρήσει

281 2867 374 2918 τῆς
451 2854 809 2928 ἀδελφότητος
872 2860 1221 2930 τετριμμένον.
1280 2862 1344 2908 Τι
1409 2851 1495 2906 οὖν
1552 2857 1702 2927 ἡμεῖς
1758 2859 1887 2928 πρὸς

275 2965 488 3014 ταυτα;
552 2947 676 2998 Ὀτι
744 2946 981 3017 μακάρια
1044 2948 1104 2996 τὰ
1171 2942 1279 2996 ὦτα
1342 2947 1408 2996 τὰ
1471 2949 1539 3016 μὴ
1593 2943 1890 2996 ἀκούσαντα

275 3039 440 3108 ὑμῶν,
483 3041 576 3087 καὶ
616 3031 840 3106 καρδίαι
889 3034 1011 3085 ὅσαι
1056 3035 1282 3108 οἶτρωτοι
1332 3031 1432 3085 ἀπό
1477 3043 1574 3085 τῶν
1605 3035 1718 3102 (89)
1763 3036 1884 3107 ὑμε-

273 3132 433 3200 τέρων
474 3123 642 3194 λόγων
696 3119 1159 3194 διεφυλάχθησαν.
1224 3121 1358 3174 Ἀλλ’
1417 3123 1537 3194 ὑμῖν
1595 3123 1725 3194 λέγω
1778 3131 1885 3186 τοῖς
1925 3153 1964 3208 C

274 3214 670 3286 φιλοχρίστοις,
723 3213 804 3264 ὅτι
851 3210 1143 3284 ἀμφοτέρας
1188 3208 1328 3264 οἶδεν
1381 3213 1409 3270 ἡ
1469 3211 1751 3270 Ἐκκλησία
1792 3215 1885 3274 τὰς

274 3309 526 3375 χρήσεις,
567 3308 654 3352 καὶ
704 3297 980 3373 οὐδετέραν
1029 3301 1196 3352 αὐτῶν
1246 3309 1573 3375 παραιτεῖται
1621 3304 1685 3361 ὡς
1734 3300 1882 3353 ἀναι-

281 3396 497 3464 ρετικὴν
566 3397 659 3448 τῆς
721 3390 910 3462 ἐτέρας.
963 3389 1124 3440 Ὀταν
1180 3393 1268 3462 μὲν
1334 3392 1434 3462 γὰρ
1499 3394 1554 3442 τὸ
1617 3389 1883 3462 μεγαλεῖον

284 3488 380 3538 τῆς
426 3483 629 3550 φύσεως
673 3498 754 3530 τον
799 3485 1113 3550 Μονογενοῦς
1159 3484 1248 3531 καὶ
1287 3483 1380 3538 τὴν
1414 3489 1510 3541 τῆς
1554 3479 1703 3542 ἀξίας
1733 3481 1884 3552 ὑπερ-

285 3572 429 3639 οχήν
481 3569 757 3640 θεωρῶμεν,
788 3570 921 3640 μετά
966 3571 1169 3642 Πατρός
1218 3565 1347 3620 εἶναι
1396 3569 1536 3640 αὐτῷ
1580 3577 1882 3644 μαρτυροῦ-

276 3677 373 3730 μεν
407 3662 505 3715 τήν
554 3653 712 3718 δόξαν
739 3674 750 3686 ·
794 3659 914 3708 ὅταν
961 3653 1019 3709 δὲ
1057 3662 1150 3714 τὴν
1194 3658 1265 3719 εἰς
1314 3659 1452 3730 ἡμᾶς
1493 3662 1754 3732 χορηγίαν
1784 3667 1884 3710 τῶν

277 3745 488 3817 ἀγαθῶν
540 3745 940 3817 ἐννοήσωμεν,ἦ
993 3751 1081 3803 τὴν
1132 3748 1276 3819 ἡμῶν
1325 3746 1491 3798 αὐτῶν
1531 3752 1884 3819 προσαγωγὴν

272 3841 362 3887 καὶ
412 3835 680 3887 οἰκείωσιν
726 3837 853 3909 πρὸς
896 3838 981 3886 τὸν
1022 3839 1149 3888 Θεὸν
1179 3835 1315 3905 (90),
1365 3832 1441 3888 δι’
1486 3836 1645 3888 αὐτοῦ
1693 3841 1783 3888 καὶ
1834 3836 1883 3888 ἓν

269 3927 415 3994 αὐτῷ
474 3923 801 3997 ἐνεργεῖσθαι
853 3925 974 3995 ὑμῖν
1011 3929 1104 3982 τὴν
1157 3928 1318 3999 χάριν
1367 3927 1558 3983 ταύτην
1608 3926 1884 3998 ὁμολογου-

266 4035 378 4087 μεν,
427 4014 596 4066 Ὠστε
643 4016 673 4072 ἠ
731 4017 820 4085 μεν
873 4011 986 4066 ἰδία
1038 4022 1136 4066 τῶν
1187 4011 1599 4085 δοξολογούντων
1649 4015 1809 4084 ἐστὶν,
1851 4019 1880 4075 ἡ

264 4106 382 4176 μεθ’
419 4104 486 4156 οὗ
511 4125 524 4137 ·
568 4105 599 4160 ἡ
649 4099 709 4155 δὲ
751 4099 822 4155 δι’
856 4103 915 4155 οὗ
954 4112 1053 4154 τῶν
1099 4103 1553 4177 εὐχαριστούντων
1593 4105 1875 4177 ἐξαίρετος.

265 4191 480 4255 Τενὸος
523 4190 583 4245 δὲ
631 4191 859 4260 κάκεῖνο,
893 4195 973 4244 ὃτι
1019 4193 1049 4250 ἡ
1093 4194 1206 4264 μεθ’
1253 4193 1313 4245 οὗ
1363 4199 1499 4266 φωνὴ
1549 4202 1640 4254 τῆς
1670 4204 1767 4247 τῶν
1809 4196 1886 4247 εὖ·

259 4284 438 4337 λαϐὼν
497 4289 746 4357 χρήσεως
811 4282 1143 4345 ἁπεξένωται.
1201 4282 1358 4336 Ὀσοι
1409 4287 1510 4356 γὰρ
1571 4282 1645 4337 dt.‘
1701 4285 1886 4337 εὐστά-

263 4377 407 4427 θειαν
463 4378 670 4446 τρόπων
719 4377 777 4424 τὸ
817 4381 910 4434 τῆς
965 4371 1322 4445 ἀρχαιότητος
1365 4377 1547 4446 σεμνὸν
1588 4395 1675 4426 τον
1717 4395 1886 4427 καινο-

261 4483 509 4537 πρεπους
566 4466 951 4534 προετίμησαν,
998 4467 1088 4514 καὶ
1135 4461 1531 4537 ἀπαραποίητον
1579 4471 1679 4515 τῶν
1735 4469 1886 4518 πατέ-

259 4574 358 4626 ρων
405 4549 736 4623 διεφύλαξαν
786 4556 881 4609 τὴν
927 4548 1247 4628 παράδοσιν,
1290 4555 1422 4604 κατά
1471 4573 1524 4605 τε
1569 4561 1752 4628 χώραν
1796 4559 1884 4607 καὶ

259 4642 409 4693 πόλιν
477 4643 641 4712 ταύτῃ
696 4644 987 4714 κέχρηνται
1041 4649 1102 4712 τῇ
1160 4648 1320 4713 φωνῇ.
1379 4644 1444 4693 Οἱ
1496 4637 1555 4694 δὲ
1618 4639 1884 4715 διακορεῖς

258 4738 354 4781 τῶν
397 4730 652 4786 συνήθων
702 4734 792 4780 καὶ
835 4737 934 4780 τῶν
980 4729 1211 4781 παλαιῶν
1259 4733 1327 4790 ὡς
1367 4729 1530 4782 ἑώλων
1574 4737 1880 4807 κατεπαιρὸ-

255 4839 424 4889 μενοι,
487 4818 634 4870 οὗτοί
683 4818 814 4871 εἰσιν
855 4821 904 4870 οἱ
941 4822 1035 4880 τὰς
1081 4823 1468 4892 νεωτεροποιίας
1507 4817 1876 4894 παραδεχόμε-

325 4998 370 5032 ’7
418 4995 634 5053 Matth.
669 5013 783 5065 xvi,
816 4999 904 5051 27.

259 5083 342 5134 ιιι,
379 5074 434 5126 3.

983 4997 1029 5032 ³⁸
1068 4999 1194 5053 Act.
1227 5012 1326 5066 vu,

328 5223 1008 5293 ιὸβλΔιαμαρτυρομένον.
1054 5219 1144 5276 Sic
1195 5225 1310 5276 tres
1354 5220 1632 5286 codices;
1666 5220 1766 5278 alii
1815 5225 1873 5277 et

260 5291 394 5346 editi
435 5289 960 5364 διαμαρτυράμενον.

332 5366 449 5424 ιὸῑ)
497 5362 974 5434 Καταϐιϐάζοιμιν.
1035 5363 1127 5419 Sic
1171 5367 1291 5434 tres,
1338 5362 1615 5434 codices;
1663 5363 1876 5420 melius

261 5448 448 5504 quam
483 5435 545 5490 in
567 5435 712 5507 aliis
744 5440 801 5488 et
831 5433 889 5489 in
924 5434 1097 5490 editis
1127 5433 1565 5507 καταϐιϐάζομεν.

331 5510 447 5574 (88)
494 5505 825 5576 Δοξολογίαν.
881 5508 1019 5574 Heg.
1073 5512 1325 5578 quartus
1387 5505 1700 5578 ἀξιολογίαν.
1757 5506 1874 5562 Has

267 5589 466 5651 voces,
499 5580 774 5651 τὸν-Χίον,
809 5593 946 5648 quae
981 5593 1115 5633 mox
1161 5583 1513 5651 sequuntur,
1544 5595 1575 5635 e
1606 5581 1746 5648 Reg.
1782 5593 1874 5634 se-

265 5647 466 5705 cundo
497 5647 874 5707 addidimus.

1527 4999 1573 5032 ³³
1616 5000 1787 5055 Rom.
1819 5015 1940 5071 vm,
1977 5000 2066 5055 34.

2001 532 2180 588 totius
2226 539 2511 590 creaturae
2547 535 2794 606 judicio,
2828 537 2873 592 si
2923 543 3318 611 posteaquam
3361 541 3647 595 Dominus

2000 627 2201 693 aperte
2231 624 2606 680 denuntiavit
2634 642 2694 680 se
2727 631 3041 682 venturum
3068 629 3126 682 in
3160 628 3345 697 gloria
3372 629 3552 684 Patris
3575 627 3645 688 ³⁷,

2000 716 2056 766 et
2089 713 2425 784 Stephanus
2454 715 2657 770 Jesum
2689 715 2834 771 vidit
2860 720 3113 771 stantem
3147 733 3181 772 a
3207 718 3427 773 dextris
3455 719 3554 774 Dei
3573 718 3643 789 ⁸⁸,

2001 805 2058 857 et
2094 802 2309 857 Paulus
2356 804 2573 876 Spiritu
2616 804 2856 861 afﬂatus
2891 806 3232 861 testiﬁcatus
3261 813 3348 862 est
3375 807 3449 864 de
3481 807 3644 864 Chri-

2002 895 2112 962 sto,
2149 891 2315 963 quod
2345 899 2435 948 est
2472 893 2532 948 in
2580 894 2789 950 dextra
2819 894 2920 950 Dei
2944 895 2990 929 39
3020 914 3031 963 ;
3066 901 3245 967 atque
3283 896 3457 952 etiam
3506 915 3645 955 cum

2001 983 2170 1037 Pater
2226 981 2404 1044 dicat,
2454 984 2574 1040 Sed
2627 1000 2663 1040 a
2721 985 2949 1041 dextris
2997 988 3138 1042 meis
3163 987 3230 1049 ‘0,
3286 991 3341 1042 et
3398 987 3646 1059 Spiritus

2001 1076 2244 1126 sanctus
2293 1074 2702 1129 testimonium
2749 1075 3080 1146 perhibeat,
3111 1076 3276 1148 quod
3314 1076 3648 1133 consederit

2001 1161 2078 1215 ad
2112 1161 2385 1216 dextram
2418 1163 2747 1232 majestatis
2782 1164 2880 1219 Dei
2905 1166 2946 1198 δι
2977 1183 2990 1228 ;
3019 1181 3129 1219 nos
3174 1165 3373 1220 throni
3403 1181 3648 1221 consor-

2001 1253 2139 1316 tem,
2174 1256 2230 1305 et
2253 1251 2499 1306 honoris
2529 1241 3204 1325 ejusdem'participem,
3238 1254 3316 1309 ab
3343 1254 3649 1326 aequalita-

2001 1337 2072 1394 tis
2098 1344 2254 1394 statu
2293 1340 2371 1395 ad
2408 1341 2745 1396 inferiorem
2791 1341 3147 1412 dejiciamus
3175 1343 3378 1399 locum
3400 1345 3428 1400 ?
3461 1344 3649 1416 Siqui-

2000 1427 2138 1483 dem
2189 1429 2444 1485 arbitror
2482 1430 2731 1485 statione
2763 1435 2818 1486 et
2848 1447 3137 1486 concessu
3184 1439 3434 1501 naturas,
3466 1433 3648 1488 ﬁrmi-

1998 1523 2183 1574 tatem
2239 1536 2309 1575 ac
2363 1520 2749 1576 stabilitatem
2803 1522 3219 1578 omnimodam
3281 1523 3642 1593 signiﬁcari;

1993 1607 2163 1677 juxta
2201 1624 2382 1680 quem
2426 1613 2667 1681 tropum
2711 1615 2768 1664 et
2797 1611 3024 1666 Baruch
3058 1613 3243 1667 Deum
3274 1611 3646 1668 immobilem

1997 1701 2054 1751 et
2084 1696 2523 1754 immutabilem
2571 1715 2813 1771 semper
2849 1701 2956 1771 13
2990 1717 3118 1756 esse
3151 1702 3494 1763 ostendens.
3526 1702 3642 1758 ait:

1929 1800 1966 1852 Β
2006 1786 2091 1839 Tu
2116 1786 2278 1842 sedes
2311 1788 2372 1841 in
2403 1795 2714 1856 aeternum,
2743 1795 2796 1845 et
2826 1806 2931 1844 nos
2960 1793 3224 1858 perimus
3253 1791 3316 1846 in
3347 1805 3535 1846 aevum
3557 1792 3605 1825 "
3630 1806 3644 1845 :

1996 1873 2206 1932 dextro
2250 1881 2453 1932 autem
2497 1876 2630 1933 loco
2677 1877 2930 1934 indicari
2973 1878 3283 1946 dignitatis
3331 1879 3644 1952 aequalita-

1999 1969 2136 2020 tem.
2171 1971 2258 2020 An
2301 1982 2422 2021 non
2468 1966 2648 2037 igitur
2691 1967 2891 2022 audax
2931 1967 3167 2024 facinus
3210 1969 3404 2036 fuerit,
3439 1971 3644 2026 Filium

1997 2053 2444 2123 gloriﬁcationis
2495 2057 2800 2112 consortio
2848 2057 3104 2128 privare,
3151 2057 3331 2113 veluti
3371 2058 3478 2130 qui
3527 2076 3644 2116 me-

1993 2148 2195 2200 reatur
2222 2144 2284 2200 in
2311 2144 2448 2200 loco
2472 2146 2674 2201 minus
2706 2147 3004 2203 honorato
3036 2147 3362 2204 collocari?

2636 2273 2859 2329 CAPUT
2897 2275 3007 2328 VII.

1993 2368 2306 2444 Adversus,
2326 2403 2418 2443 eos
2447 2387 2548 2460 qui
2579 2388 2789 2445 dicunt
2819 2405 2941 2446 non
2970 2395 3373 2459 congruenter
3395 2389 3468 2446 de
3487 2390 3645 2446 Filio

2199 2460 2340 2528 dici,
2375 2481 2401 2508 ‹‹
2436 2476 2568 2516 cum
2601 2477 2735 2532 quo,
2771 2484 2798 2510 ››
2830 2462 2951 2529 sed,
2986 2484 3014 2510 «
3045 2477 3155 2532 per
3181 2477 3375 2533 quem.
3411 2482 3438 2510 »

2069 2588 2152 2640 16.
2197 2584 2312 2640 Sed
2353 2585 2468 2640 hoc
2505 2585 2795 2658 loquendi
2834 2603 3044 2657 genus,
3079 2604 3211 2644 cum
3261 2589 3406 2658 ipso,
3451 2587 3642 2652 aiunt,

1995 2674 2244 2728 omnino
2293 2675 2676 2747 peregrinum
2735 2681 2822 2731 est
2867 2681 2922 2732 et
2968 2677 3359 2733 inusitatum:
3413 2682 3640 2747 contra,

1994 2761 2177 2831 istud,
2207 2779 2318 2832 per
2345 2766 2560 2832 ipsum,
2595 2770 2722 2820 tum
2751 2767 3015 2822 sermoni
3047 2768 3363 2840 Scriptura:
3396 2767 3646 2824 familia-

1993 2851 2303 2908 rissimum
2333 2858 2456 2909 tum
2504 2854 2754 2910 fratrum
2785 2870 2902 2910 usu
2932 2855 3136 2911 tritum
3167 2871 3320 2911 esse.
3355 2856 3509 2921 Quid
3536 2856 3644 2925 igi-

1997 2947 2090 2998 tur
2119 2957 2230 2998 nos
2261 2943 2333 2997 ad
2379 2945 2542 3000 ista?
2571 2944 2863 3000 Nimirum
2906 2944 3114 2999 beatas
3146 2961 3273 3000 esse
3304 2960 3479 3000 aures
3505 2961 3642 3016 quas

1994 3045 2117 3085 non
2149 3029 2472 3086 audierunt
2502 3047 2626 3096 vos,
2660 3037 2716 3087 et
2742 3031 2924 3086 beata
2965 3031 3170 3101 corda,
3203 3047 3340 3104 quae
3371 3048 3406 3087 a
3435 3033 3642 3088 vestris

1995 3119 2378 3175 sermonibus
2422 3126 2658 3186 servata
2699 3125 2837 3175 sunt
2881 3115 3085 3176 illaesa.
3115 3121 3292 3177 Vobis
3319 3137 3501 3194 porro
3538 3121 3642 3195 qui

1995 3210 2294 3264 Christum
2337 3208 2596 3279 diligitis,
2631 3209 2765 3264 dico
2806 3210 3136 3265 Ecclesiam
3182 3217 3505 3283 utrumque
3541 3211 3644 3266 ha-

1995 3313 2130 3352 rum
2178 3313 2393 3353 vocum
2441 3314 2619 3352 usum
2661 3314 3010 3368 agnoscere,
3053 3304 3456 3372 neutrumque
3512 3299 3644 3370 reji-

1994 3403 2146 3449 cere,
2181 3388 2355 3458 quasi
2396 3387 2543 3442 alter
2585 3387 2838 3443 alterum
2875 3388 3162 3444 destruat.
3193 3391 3340 3445 Cum
3381 3389 3541 3444 enim
3580 3389 3643 3445 in

1997 3476 2310 3545 Unigeuito
2340 3482 2568 3532 natura:
2600 3477 2977 3547 majestatem
3019 3494 3088 3532 ac
3123 3478 3429 3546 dignitatis
3457 3477 3644 3534 excel-

1991 3566 2239 3622 lentiam
2302 3565 2802 3638 contemplamur,
2854 3567 2904 3622 ei
2958 3584 3098 3622 cum
3153 3571 3321 3623 Patre
3387 3567 3642 3638 gloriam

1993 3672 2126 3712 esse
2159 3662 2470 3712 testamur.
2503 3659 2729 3712 Rursus
2761 3673 2898 3712 cum
2941 3658 3276 3726 cogitamus
3306 3674 3440 3728 quae
3481 3657 3642 3713 bona

1992 3746 2168 3802 nobis
2212 3745 2626 3818 suppeditarit,
2660 3751 2762 3801 aut
2807 3746 3117 3818 quomodo
3165 3763 3278 3802 nos
3326 3746 3405 3802 ad
3457 3749 3639 3802 Deum

1993 3835 2310 3892 adduxerit
2339 3851 2410 3890 ac
2440 3839 2553 3890 Deo
2580 3835 2925 3900 asseruerit,
2950 3835 3308 3890 conﬁtemur
3330 3834 3489 3890 hanc
3510 3849 3643 3904 gra-

1994 3925 2162 3991 tiam,
2215 3940 2327 3993 ρξε’
2372 3925 2568 3992 ipsum
2613 3929 2668 3978 et
2718 3925 2778 3978 in
2827 3925 2954 3992 ipso
3016 3922 3189 3979 nobis
3229 3921 3404 3978 efﬁci.
3449 3925 3641 3988 Quare

1994 4013 2179 4069 altera
2221 4011 2533 4085 particula,
2567 4029 2700 4068 cum
2746 4028 2880 4084 quo,
2914 4013 3160 4085 propria
3190 4019 3277 4068 est
3307 4011 3642 4082 gloriﬁcan-

1995 4103 2143 4158 tium
2171 4120 2182 4169 ;
2216 4102 2423 4169 altera,
2449 4117 2561 4170 per
2589 4117 2779 4173 quem,
2815 4102 3060 4174 propria
3085 4106 3173 4157 est
3203 4102 3425 4170 gratias
3464 4117 3642 4172 agen-

1997 4193 2164 4250 tium.
2199 4192 2352 4257 Quin
2397 4198 2454 4246 et
2482 4191 2628 4247 illud
2658 4191 3050 4248 mendacium
3093 4196 3180 4247 est
3218 4193 3376 4247 hanc
3406 4208 3640 4261 vocem,

1996 4295 2129 4339 cum
2161 4298 2296 4354 quo,
2327 4281 2404 4336 ab
2449 4297 2564 4336 usu
2597 4281 2830 4352 piorum
2860 4281 3122 4336 alienam
3153 4297 3305 4336 esse.
3339 4283 3645 4351 Quotquot

1996 4372 2156 4428 enim
2191 4387 2426 4425 morum
2459 4371 2818 4439 constantia,
2846 4368 3214 4441 antiquitatis
3262 4369 3642 4440 majestatem

1996 4462 2283 4536 speciosis
2342 4459 2711 4516 novitatibus
2757 4458 3164 4531 praetulerunt,
3211 4474 3282 4514 ac
3339 4460 3642 4530 majorum

1993 4551 2376 4608 traditionem
2422 4549 2567 4604 citra
2597 4548 2992 4604 mutationem
3025 4553 3478 4614 conservarunt,
3517 4553 3643 4604 tum

1991 4643 2134 4711 ruri,
2169 4646 2296 4697 tum
2328 4639 2386 4694 in
2439 4637 2777 4694 civitatibus
2819 4638 2934 4693 hac
2975 4653 3122 4694 voce
3172 4641 3440 4693 utuntur.
3471 4639 3644 4696 Caete-

1988 4749 2122 4787 rum
2154 4730 2258 4803 qui
2284 4733 2572 4786 consueta
2595 4727 2928 4792 fastidiunt,
2956 4731 3010 4783 et
3039 4727 3101 4782 in
3127 4732 3328 4783 vetera
3353 4734 3644 4799 tanquam

1986 4821 2047 4876 in
2080 4819 2352 4876 obsoleta
2385 4819 2727 4886 insurgunt,
2761 4816 2799 4872 ii
2833 4820 2975 4872 sunt
3003 4815 3107 4889 qui
3135 4816 3430 4872 novitates
3463 4816 3646 4872 susci‘

2146 4999 2192 5032 ⁴⁰
2233 4996 2385 5052 Psal.
2421 5012 2530 5061 cxx,
2571 5000 2616 5050 l.
2707 4996 2746 5028 “
2797 4993 2971 5051 Hebr.
3004 5009 3120 5063 vm,
3159 4999 3204 5051 l.
3293 4996 3340 5031 ⁸³
3377 4995 3634 5053 Barucb.

2054 5221 2344 5292 (89)_‘A1:5
2404 5227 2526 5292 τῶν.
2583 5218 3158 5292 Deestiprzepositio
3217 5217 3277 5273 in
3339 5215 3642 5292 nonnullis

1987 5287 2319 5348 codicibus.
2352 5290 2534 5348 Paulo
2562 5296 2700 5364 post
2751 5287 2874 5347 duo
2920 5287 3157 5346 codices
3195 5305 3338 5344 mss.
3370 5292 3427 5338 τὸ
3456 5287 3643 5340 τέλειον

1986 5372 2082 5424 τῆς
2114 5367 2336 5435 φύσεως.

2057 5428 2339 5509 (θῶ-Πρὸς
2387 5439 2472 5487 τὸν
2524 5433 2973 5509 ΘεόνηΑᾴόίιιιε
3023 5447 3094 5486 ex
3133 5428 3643 5509 veteribuslibris

1986 5501 2270 5587 articulus
2300 5525 2332 5587 ;‘
2362 5522 2625 5587 moxque
2667 5505 2893 5587 iisdem
2942 5501 3290 5587 auctoribus
3338 5506 3642 5587 mutatum

1983 5578 2151 5652 quod
2181 5577 2497 5649 legebatur
2521 5573 2583 5634 in
2609 5576 2801 5643 editis,
2831 5573 3148 5648 ἐνεργεῖσθαι
3179 5573 3226 5626 ἐν
3257 5574 3401 5643 ἡμῖν,
