4062 6208
386 309 455 363 95
1749 304 1809 360 s.
1850 298 2098 357 BASILII
2136 300 2375 358 MAGNI.
3688 316 3757 370 96

386 430 578 504 piunt,
621 431 1145 504 quemadmodum
1185 432 1247 488 in
1290 429 1663 500 vestimento,
1710 426 1816 501 qui
1860 440 2034 483 orna-

2148 443 2241 490 νοι,
2274 428 2446 504 ὥσπερ
2498 429 2581 484 ἐπὶ
2617 439 2709 495 τῆς
2755 432 2976 495 ἐσθῆτος
3021 434 3071 486 οἱ
3119 432 3430 508 φιλοκοσμοι
3468 438 3562 493 τὴν
3613 436 3756 501 ἐξηλ-

386 525 513 575 tum
554 525 780 589 amant,
810 537 1037 578 novum
1076 535 1312 592 semper
1349 519 1674 593 praeferunt
1701 514 2036 573 communi.

385 608 597 666 Videas
634 611 838 685 itaque
880 612 1213 667 etiamnum
1251 610 1568 665 rusticanae
1610 607 1804 681 plebis
1833 606 1895 661 in
1920 605 2035 661 hac

384 714 532 756 voce
558 716 789 757 morem
819 700 1170 771 antiquum:
1203 699 1454 754 istorum
1481 703 1682 754 autem
1712 696 2032 762 artiﬁcum,

386 792 442 844 et
471 789 532 844 in
558 789 877 845 verborum
911 789 1129 861 pugnis
1159 789 1555 844 contritorum
1586 787 1824 858 signata
1860 801 2035 841 nova:

386 877 695 949 sapientiae
740 877 1003 932 cauterio
1042 877 1246 933 verba.
1282 877 1539 933 Proinde
1577 876 1743 949 quod
1775 892 1811 931 a
1840 874 2038 945 majo-

384 966 551 1021 ribus
590 965 808 1021 nostris
838 965 1067 1039 dictum
1098 971 1209 1030 est,
1242 972 1299 1023 et
1335 982 1447 1022 nos
1473 965 1754 1034 dicimus,
1781 964 2035 1035 gloriam

383 1053 660 1109 videlicet
704 1070 1093 1110 communem
1151 1071 1285 1111 esse
1338 1055 1493 1111 Patri
1550 1071 1621 1111 ac
1679 1053 1841 1119 Filio,
1889 1068 2036 1120 qua-

384 1147 627 1214 propter
665 1160 803 1199 cum
836 1144 981 1201 Filio
1012 1144 1510 1215 gloriﬁcationem
1548 1144 1704 1200 Patri
1748 1140 2037 1216 persolvi-

384 1248 541 1288 mus.
575 1235 938 1307 Quanquam
982 1235 1098 1291 hoc
1141 1234 1317 1291 nobis
1360 1250 1483 1291 non
1528 1238 1614 1290 est
1653 1233 1819 1296 satis,
1868 1231 1952 1287 sic
2001 1246 2038 1287 a

384 1322 658 1379 Patribus
710 1340 844 1380 esse
892 1324 1405 1393 traditum;-nam
1460 1328 1515 1379 et
1572 1322 1653 1379 illi
1723 1322 2038 1395 Scriptura:

385 1412 574 1468 secuti
607 1418 749 1468 sunt
778 1413 1156 1475 sententiam.
1182 1428 1256 1468 ex
1281 1411 1666 1480 testimoniis,
1690 1427 1825 1483 quae
1855 1408 2038 1482 paulo

384 1506 519 1557 ante
567 1502 739 1557 vobis
786 1518 817 1558 e
862 1503 1168 1575 Scriptura
1214 1502 1557 1567 citavimus,
1604 1499 1899 1573 principia
1944 1492 2038 1554 su-

385 1594 639 1647 mentes.
696 1591 990 1664 Splendor
1032 1592 1192 1649 enim
1250 1608 1388 1647 cum
1429 1591 1619 1661 gloria
1665 1589 2031 1659 intelligitur,

384 1686 440 1736 et
479 1680 684 1751 imago
725 1698 864 1737 curn
913 1682 1264 1753 archetypo,
1294 1686 1351 1737 et
1399 1681 1574 1735 Filius
1618 1680 1867 1736 omnino
1898 1695 2036 1734 cum

2142 512 2395 587 λαγμένην
2472 517 2548 573 ἀεὶ
2616 529 2712 584 τῆς
2777 531 2956 583 κοινῆς
3016 530 3393 596 προτιμῶντες.
3463 521 3630 587 Ἴδοις
3695 525 3755 578 ἂν

2143 600 2230 656 οὖν
2258 614 2359 659 τῶν
2407 611 2497 681 μὲν
2546 608 2800 685 ἀγροίκων
2843 614 2919 665 ἔτι
2965 616 3054 665 καὶ
3103 634 3192 665 νυν
3242 612 3631 690 ὰρχαιότροπον
3663 620 3755 675 τήν

2144 700 2348 765 φωνήν·
2399 705 2496 749 τῶν
2542 696 2601 752 δὲ
2650 701 2897 774 ἐντέχνων
2946 704 3162 770 τούτων,
3211 708 3302 756 καὶ
3359 711 3475 766 ταῖς
3532 704 3753 778 λογομα-

2142 790 2296 855 χίαις
2349 787 2765 865 ἐντετριμμένων,
2818 791 2873 846 ἐκ
2928 801 3021 856 τῆς
3075 797 3191 856 νέας
3250 800 3435 867 σοφίας
3500 815 3753 856 κεκαυτγΓ

2141 881 2400 949 ριασμένα
2445 882 2512 931 τὰ
2572 881 2806 957 ῥήματα·
2866 880 3028 955 Ὅπερ
3087 882 3259 955 ἔλεγον
3310 887 3419 952 (91)
3466 890 3637 938 τοίνυν
3703 888 3751 939 οἱ

2142 969 2354 1038 πατέρες
2401 968 2566 1040 ἡμῶν,
2609 974 2699 1022 καὶ
2740 971 2890 1042 ἡμεῖς
2927 970 3162 1045 λέγομεν,
3206 973 3287 1025 ὅτι
3334 975 3364 1031 ἠ
3423 970 3555 1037 δόξα
3606 979 3750 1035 κοινή

2146 1059 2313 1127 Πατρὶ
2359 1060 2446 1107 καὶ
2491 1060 2614 1129 Υἱῷ,
2659 1055 2745 1111 διὸ
2791 1062 2923 1131 μετὰ
2968 1079 3058 1113 του
3118 1063 3242 1114 Υἱου
3298 1066 3390 1121 τήν
3441 1059 3749 1137 δοξολογίαν

2143 1147 2474 1218 προσάγομεν
2521 1155 2593 1217 τῷ
2642 1153 2829 1223 Πατρί.
2866 1148 3001 1202 Ἀλλ’
3045 1148 3103 1202 ού
3143 1170 3296 1203 τουτο
3326 1153 3469 1225 ,ἡμῖν
3526 1152 3747 1227 ἐξαρκεῖ,

2145 1235 2225 1286 ὅτι
2283 1244 2381 1288 τῶν
2446 1242 2677 1312 πατέρων
2730 1242 2760 1298 ἡ
2825 1237 3158 1315 παράδοσις⁶
3214 1241 3445 1296 κάκεῖνοι
3509 1247 3611 1318 γὰρ
3677 1252 3751 1317 τῷ

2146 1322 2446 1398 βουλήματι
2500 1335 2591 1388 τῆς
2648 1334 2856 1402 Γραφῆς
2906 1330 3291 1403 ἠκολούθησαν,
3352 1331 3406 1385 ἐκ
3463 1341 3563 1386 τῶν
3615 1354 3752 1410 μαρ-

2145 1422 2374 1486 τυριῶν,
2434 1413 2497 1478 ἃς
2553 1425 2723 1493 μικρῷ
2796 1421 3021 1492 πρόσθεν
3080 1421 3201 1493 ὑμῖν
3268 1420 3323 1475 ἐκ
3386 1430 3483 1483 τῆς
3548 1429 3753 1498 Γραφῆς

2145 1505 2492 1577 παρεθέμεθα,
2553 1508 2647 1568 τὰς
2714 1505 2888 1579 ἀρχὰς
2953 1506 3211 1571 λαϐόντες.
3279 1513 3349 1563 Τὸ
3415 1514 3516 1585 γὰρ
3584 1511 3751 1565 ἀπαύ-

2144 1611 2331 1664 γασμα
2381 1596 2511 1665 μετὰ
2563 1602 2660 1657 τῆς
2710 1592 2873 1660 δόξης
2926 1604 3161 1650 νοεῖται·
3217 1602 3301 1651 καὶ
3348 1601 3378 1659 ἡ
3431 1600 3578 1653 εἰκὼν
3622 1603 3755 1675 μετὰ

2146 1699 2236 1733 του
2292 1680 2593 1755 ἀρχετύπου
2625 1700 2637 1712 ·
2697 1690 2787 1738 καὶ
2846 1686 2872 1737 ὁ
2930 1689 3050 1750 Υἱὸς
3103 1688 3221 1759 (92)
3273 1690 3473 1751 πάντως
3529 1694 3622 1743 σὺν
3681 1698 3751 1762 τῷ

383 1772 575 1837 Patre,
616 1788 756 1826 cum
802 1787 913 1827 nec
960 1772 1282 1827 nominum
1325 1770 1774 1843 consequentia,
1809 1768 2034 1825 nedum

2148 1775 2316 1844 Πατρί
2345 1789 2357 1801 ·
2411 1769 2533 1826 οὐδὲ
2580 1782 2677 1837 τῆς
2718 1782 2819 1826 τῶν
2869 1774 3132 1849 ὀνομάτων
3183 1776 3507 1847 ἀκολουθίας,
3567 1784 3637 1852 μή
3699 1785 3750 1833 τί

381 1874 583 1915 rerum
607 1865 847 1931 natura,
870 1861 1317 1934 separationem
1345 1859 1641 1916 admittat.

936 2058 1047 2130 14
1089 2060 1312 2115 CAPUT
1349 2060 1488 2112 VIII.

384 2164 535 2231 Quot
591 2164 780 2221 modis
838 2166 1226 2235 intelligatur
1281 2166 1408 2220 haec
1459 2163 1794 2233 particula,
1845 2184 1872 2212 ‹‹
1926 2177 2037 2231 per

450 2253 641 2307 quem,
680 2259 706 2287 »
739 2243 793 2292 et
830 2238 893 2292 in
934 2252 1050 2308 quo
1094 2252 1269 2292 sensu
1310 2240 1737 2306 congruentius
1785 2235 2033 2308 dicitur,

453 2331 481 2358 «
522 2324 655 2363 cum
704 2324 862 2379 quo:
902 2330 929 2357 ι)
972 2308 1075 2362 ubi
1120 2309 1298 2363 etiam
1349 2309 1692 2376 exponitur,
1744 2307 2034 2378 quomodo

449 2380 804 2435 mandatum
836 2380 1053 2449 accipit
1084 2380 1300 2445 Filius,
1333 2385 1388 2435 et
1425 2380 1719 2450 quomodo
1749 2380 2030 2434 mittitur.

456 2491 538 2544 17.
582 2490 783 2559 Itaque
815 2502 953 2542 cum
988 2486 1309 2559 Apostolus
1354 2486 1576 2558 gratias
1619 2486 1741 2555 agit
1778 2488 1897 2541 Deo
1928 2500 2036 2557 per

377 2579 582 2632 Jesum
631 2577 929 2633 Christum
953 2577 1021 2643 ‘3,
1074 2592 1144 2632 ac
1183 2592 1391 2631 rursus
1442 2592 1579 2631 cum
1632 2575 1714 2631 ait
1757 2591 1888 2631 sese
1928 2590 2034 2646 per

368 2666 546 2722 illum
584 2666 889 2739 accepisse
937 2666 1192 2736 gratiam
1245 2671 1299 2721 et
1348 2665 1752 2737 apostolatum
1786 2664 1866 2721 ad
1895 2664 2034 2721 obe-

376 2755 662 2811 dientiam
686 2756 823 2811 ﬁdei
846 2755 905 2811 in
928 2755 1214 2810 omnibus
1237 2754 1595 2825 gentibus“,
1614 2759 1716 2809 aut
1732 2770 1867 2809 cum
1890 2753 2035 2810 dicit

376 2861 488 2901 nos
514 2861 619 2917 per
640 2861 777 2901 eum
811 2861 1123 2901 accessum
1154 2844 1379 2900 habere
1409 2844 1483 2899 ad
1513 2843 1770 2914 gratiam
1792 2844 1951 2899 hanc
1971 2844 2033 2899 in

377 2950 500 3007 qua
528 2940 762 2990 stamus
785 2939 841 2990 et
867 2934 1198 3005 gloriamur
1217 2936 1285 3002 ⁸⁵,
1308 2933 1467 2988 illius
1497 2949 1639 3004 erga
1669 2949 1782 2989 nos
1809 2932 2033 2989 beneﬁ-

377 3024 469 3079 cia
494 3023 780 3095 declarat,
812 3040 973 3079 nunc
1004 3023 1254 3096 quidem
1282 3028 1347 3079 ut
1377 3038 1412 3078 a
1439 3025 1607 3078 Patre
1637 3022 1890 3092 gratiam
1928 3022 2034 3078 bo-

373 3130 594 3170 norum
615 3114 675 3169 in
705 3114 817 3170 hos
845 3113 1346 3185 transfundentis,
1376 3129 1538 3168 nunc
1569 3129 1811 3168 rursum
1843 3118 1907 3168 ut
1927 3129 2034 3185 per

375 3219 436 3257 se
464 3203 664 3274 ipsum
698 3203 1073 3259 conciliantis
1097 3219 1209 3258 nos
1234 3202 1407 3257 Patri.
1434 3201 1741 3274 Siquidem
1770 3219 1907 3257 cum
1930 3203 2030 3270 ait,

373 3294 494 3347 Per
536 3308 707 3362 quem
754 3295 1090 3361 accepimus
1134 3296 1397 3363 gratiam
1428 3300 1481 3349 et
1534 3295 2029 3364 apostolatum“,

375 3380 671 3451 signiﬁcat
702 3381 1004 3437 bonorum
1036 3382 1417 3451 largitionem
1455 3381 1531 3436 ab
1580 3382 1679 3437 illo
1713 3383 2031 3453 proﬁcisci.

375 3472 633 3524 Rursum
658 3485 793 3524 cum
830 3471 946 3525 ait:
978 3472 1099 3539 Per
1128 3486 1299 3540 quem
1332 3485 1628 3525 accessum
1660 3471 1943 3527 habemus
1963 3474 2029 3535 ‘7,

374 3557 598 3612 assumi
622 3574 753 3624 nos,
770 3573 840 3613 ac
854 3560 972 3613 Deo
992 3573 1097 3629 per
1120 3557 1416 3613 Christum
1440 3558 1725 3629 conjungi
1750 3559 2028 3614 ostendit.

374 3650 526 3703 Num
549 3647 727 3716 igitur
757 3647 961 3716 gratiae
986 3663 1170 3719 quam
1203 3646 1262 3701 in
1295 3645 1472 3700 nobis
1498 3652 1781 3718 operatur
1806 3648 2033 3703 confes-

375 3736 463 3792 sio
486 3736 766 3792 diminuit
796 3736 953 3792 illius
988 3736 1239 3807 gloriam
1259 3736 1286 3789 ‘?
1313 3751 1390 3790 an
1416 3734 1616 3808 potius
1643 3735 1805 3792 dictu
1832 3736 2032 3792 verius

374 3827 563 3893 fuerit,
587 3828 1030 3883 enarrationem
1055 3825 1486 3882 beneﬁciorum
1510 3824 1731 3880 decens
1756 3843 1889 3881 esse
1910 3825 2033 3897 glo-

372 3915 645 3971 riﬁcandi
676 3921 1101 3986 argumentum
1123 3916 1150 3971 ‘I
1178 3918 1337 3971 Hanc
1362 3914 1441 3970 ob
1468 3931 1716 3970 causam
1740 3916 2032 3988 comperi-

372 4021 507 4059 mus
532 4004 901 4077 Scripturam
925 4021 1042 4060 non
1071 4021 1190 4059 uno
1213 4006 1455 4060 nomine
1486 4003 1660 4059 nobis
1692 4005 2030 4074 significare

372 4092 718 4161 Dominum,
742 4108 853 4147 nec
873 4092 968 4147 bis
993 4097 1225 4147 tantum
1248 4108 1384 4164 qua:
1411 4092 1785 4148 divinitatem
1813 4109 1883 4149 ac
1905 4109 2031 4149 ma-

371 4181 749 4251 gnitudinem
780 4181 909 4252 ejus
940 4181 1269 4249 declarant,
1303 4181 1409 4236 sed
1438 4181 1741 4237 interdum
1780 4182 2028 4254 quidem

370 4271 454 4327 uti
486 4271 737 4328 vocibus
770 4275 1050 4327 naturam
1084 4271 1634 4343 experimentibus;
1672 4271 1834 4327 novit
1867 4272 2028 4328 enim

370 4376 594 4417 nomen
640 4361 783 4429 Filii,
821 4360 990 4434 quod
1034 4365 1120 4416 est
1165 4376 1346 4433 super
1388 4376 1571 4417 omne
1613 4376 1837 4417 nomen
1862 4363 1929 4430 ⁸⁸,
1975 4367 2032 4419 et

2143 1880 2205 1931 γε
2246 1869 2336 1922 τῆς
2378 1871 2477 1915 τῶν
2525 1867 2847 1939 πραγμάτων
2896 1869 3118 1940 φύσεως,
3148 1871 3233 1921 τὸν
3271 1872 3550 1944 χωρισμὸν
3590 1866 3746 1943 δεχο-

2078 1954 2085 1965 “
2144 1953 2320 2022 μένης.

2690 2068 3082 2118 ΚΕΦΑΛΛΙΟΝ
3122 2064 3198 2120 H'.

2147 2173 2410 2243 Ποσαχῷς
2457 2170 2515 2221 τὸ
2564 2189 2592 2219 «ι
2641 2165 2715 2222 δι’
2757 2170 2818 2223 οὗ
2862 2192 2891 2219 ››
2941 2175 3031 2223 καὶ
3076 2171 3158 2224 ἐπὶ
3206 2176 3363 2233 ποίας
3403 2174 3516 2243 (93)
3556 2173 3747 2236 ἑννοίας

2216 2236 2601 2316 ἁρμοδιώτερον
2638 2244 2706 2316 .τό
2761 2263 2788 2316 ς(
2834 2242 2948 2316 μεθ’
2998 2243 3093 2294 οὗ·
3144 2265 3172 2292 ››
3224 2243 3275 2295 ἐν
3408 2236 3505 2298 καὶ(
3546 2245 3743 2316 ἐξήγη-

2219 2312 2480 2385 σ⁷ις,-πώ;
2513 2312 2725 2371 ἐντολὴν
2763 2312 3012 2385 λαμϐάνει
3062 2315 3087 2366 ὁ
3130 2315 3267 2385 Υἱὸς,
3316 2312 3407 2368 καὶ
3457 2324 3569 2378 πῶς
3621 2312 3748 2370 ἆπο-

2218 2382 2481 2435 στελλεται
2491 2424 2503 2437 .

2217 2489 2305 2545 17.
2344 2488 2502 2541 Ὀταν
2541 2486 2628 2542 οὖν
2668 2491 2693 2542 ὁ
2718 2490 3032 2553 Ἀπόστολος
3070 2491 3365 2567 εύχαριστῇ
3400 2500 3472 2564 τῷ
3503 2501 3617 2565 Θεῷ
3649 2492 3746 2547 διὰ

2146 2578 2322 2636 Ἰησοῦ
2354 2587 2614 2653 Χριστοῦ,
2648 2584 2739 2633 καὶ
2774 2580 2928 2633 πάλιν
2970 2578 3043 2634 δι’
3076 2581 3236 2634 αὐτου
3281 2582 3403 2656 λέγῃ
3445 2587 3539 2642 τὴν
3581 2586 3744 2659 χάριν

2146 2666 2403 2739 εἰληφέναι
2456 2672 2546 2720 καὶ
2601 2673 2690 2727 τὴν
2748 2668 3044 2729 ἀποστολὴν
3101 2670 3173 2733 εἰς
3229 2671 3465 2729 ὑπακοὴν
3522 2676 3746 2735 πίστεως

2145 2755 2192 2808 ἐν
2234 2762 2368 2808 πᾶσι
2406 2764 2512 2816 τοῖς
2560 2758 2779 2826 ἔθνεσιν,
2812 2760 2841 2818 ἢ
2887 2763 2977 2811 καὶ
3017 2756 3091 2812 δι’
3137 2759 3294 2813 αὐτοῦ
3336 2765 3428 2819 τὴν
3472 2780 3748 2836 προσαγω-

2142 2849 2241 2916 γην
2291 2845 2580 2917 ἐσχηκέναι
2634 2847 2705 2909 εἰς
2752 2852 2847 2906 τὴν
2884 2850 3047 2923 χάριν
3100 2852 3295 2908 ταύτην
3345 2850 3393 2902 ἐν
3440 2852 3470 2923 ᾗ
3526 2850 3748 2909 ἑστήκα-

2142 2953 2231 3007 μεν
2270 2939 2361 2986 καὶ
2400 2938 2742 3008 καυχώμεθα,
2789 2940 2881 2999 τὰς
2931 2938 3001 2999 εἰς
3050 2940 3190 3010 ἡμᾶς
3238 2939 3535 3014 εὐεργεσίας
3585 2941 3747 2995 αὑτοῦ

2143 3028 2459 3097 παρίστησι,
2493 3045 2580 3076 νυν
2619 3028 2709 3097 μὲν
2741 3025 2841 3078 ἀπὸ
2887 3030 3086 3100 Πατρός
3117 3027 3188 3090 εἰς
3217 3031 3359 3101 ἡμᾶς
3392 3038 3491 3081 τῶν
3536 3029 3745 3101 ἀγαθῶν

2144 3117 2237 3171 τὴν
2283 3115 2446 3187 χάριν
2507 3111 2919 3185 διαϐιϐάζοντος,
2968 3136 3055 3168 νυν
3113 3113 3172 3170 δὲ
3226 3119 3366 3191 ἡμᾶς
3424 3114 3500 3170 δι’
3558 3119 3745 3172 ἑαυτοῦ

2142 3204 2502 3276 προσάγοντος
2548 3211 2619 3275 τῷ
2675 3209 2865 3278 Πατρί.
2906 3204 2987 3258 Ἐν
3032 3210 3123 3278 μὶν
3165 3209 3263 3280 γὰρ
3320 3216 3391 3278 τῷ
3444 3207 3625 3280 λέγειν,
3670 3208 3746 3261 Δι’

2144 3291 2204 3343 οὗ
2285 3291 2527 3364 ἂάϐομεν
2602 3295 2765 3366 χάριν
2830 3298 2920 3346 καὶ
2995 3293 3314 3354 ἀποστολὴν.
3383 3300 3477 3353 την
3560 3297 3747 3349 ἐκεῖθεν

2142 3388 2242 3434 τῶν
2298 3379 2503 3453 ἀγαθῶν
2556 3387 2820 3458 χορηγίαν
2876 3382 3146 3455 ἐμφαίνει·
3198 3384 3246 3437 ἐν
3306 3380 3364 3437 δὲ
3429 3393 3501 3456 τῷ
3556 3384 3745 3457 λέγειν,

2143 3469 2220 3521 Δι’
2272 3470 2332 3521 οὗ
2396 3476 2489 3527 τήν
2546 3475 2901 3543 προσαγωγὴν
2960 3471 3283 3545 ἐσχήκαμεν,
3336 3476 3429 3531 τὴν
3495 3475 3747 3548 ἡμετέραν

2141 3557 2441 3631 πρόσληψιν
2472 3564 2561 3611 καὶ
2606 3561 2867 3612 οἱκείωσιν
2907 3557 3000 3612 διὰ
3044 3569 3277 3635 Χριστοῦ
3332 3564 3459 3633 πρὸς
3497 3565 3583 3613 τὸν
3616 3565 3747 3615 Θεὸν

2139 3650 2409 3718 γινομένην
2484 3652 2826 3720 παρίστησιν.
2893 3647 3008 3720 Ἆρ’
3073 3645 3159 3699 οὖν
3226 3651 3255 3708 ὴ
3326 3648 3577 3719 ὁμολογία
3648 3660 3749 3712 τῆς

2142 3735 2507 3808 ἐνεργουμένης
2554 3735 2678 3808 παρ’
2718 3736 2877 3787 αύτου
2922 3738 3055 3809 πρὸς
3096 3738 3231 3809 ἡμᾶς
3268 3738 3492 3809 χάριτος
3535 3739 3749 3812 ὑφαίρε-

2143 3828 2226 3885 σίς
2272 3824 2383 3875 ἐστι
2431 3832 2527 3885 τῆς
2576 3820 2766 3890 doing;
2816 3824 2845 3883 ἦ
2903 3823 3093 3896 μᾶλλον
3161 3824 3316 3878 εἰπεῖν
3377 3825 3745 3903 ἀληθέστερον,

2139 3914 2220 3965 ὅτι
2263 3916 2540 3986 πρέπονσα
2591 3909 2897 3985 δοξολογίας
2936 3914 3184 3977 ὑπόθεσις
3237 3917 3267 3973 ἠ
3324 3922 3424 3967 τῶν
3477 3916 3746 3991 εὐεργετη-

2137 4003 2314 4075 μάτων
2359 3998 2651 4073 διήγησις;
2685 4004 2781 4055 Διὰ
2823 4021 2975 4055 τουτο
3011 4005 3124 4073 (94)
3156 4003 3370 4079 εὕρομεν
3410 4009 3503 4064 τὴν
3536 4012 3745 4079 Γραφὴν

2138 4091 2233 4143 ούκ
2263 4091 2315 4155 ἐξ
2345 4092 2455 4153 ἐνὸς
2505 4091 2751 4164 ὀνόματος
2788 4095 2876 4144 τὸν
2928 4094 3116 4165 Κύριον
3155 4095 3281 4166 ἡμῖν
3312 4091 3743 4167 παραδιδουσαν,

2137 4178 2260 4234 οὐδὲ
2309 4180 2363 4234 ἐκ
2392 4190 2492 4234 τῶν
2525 4184 2627 4235 ὅσα
2675 4189 2762 4243 τῆς
2815 4184 3056 4243 θεότητος
3096 4182 3236 4235 ἐστιν
3268 4184 3427 4237 αύτου
3470 4190 3624 4258 μόνον
3654 4192 3746 4241 καὶ

2136 4278 2227 4324 τοῦ
2279 4272 2530 4344 μεγέθους
2579 4267 2869 4338 δηλωτικὰ,
2913 4270 3041 4323 ἀλλά
3082 4293 3170 4324 νυν
3213 4276 3303 4345 μὲν
3351 4281 3460 4335 τοῖς
3507 4283 3597 4336 τῆς
3641 4276 3744 4347 φύ-

2138 4379 2264 4422 σεως
2309 4362 2413 4431 (95)
2462 4368 2971 4435 χαρακτηριστικοῖς
3024 4366 3353 4435 κεχρημένην
3387 4383 3400 4396 ο
3462 4359 3575 4416 οἶδε
3638 4366 3744 4438 γὰρ

370 4450 581 4506 Filium
607 4468 818 4507 verum
851 4451 1071 4517 dicere,
1101 4454 1158 4506 et
1190 4450 1571 4519 Unigenitum
1601 4452 1810 4518 Deum,
1834 4456 1889 4507 et
1920 4452 2030 4507 vir-

2148 4451 2194 4501 τὸ
2244 4452 2404 4522 ὄνομα
2440 4452 2497 4500 τὸ
2543 4450 2668 4521 ὑπὲρ
2701 4455 2801 4501 πᾶν
2850 4452 3012 4521 ὄνομα
3047 4457 3138 4501 τοῦ
3182 4451 3305 4503 Υἱοῦ
3349 4456 3440 4503 καὶ
3468 4453 3588 4504 Υἱὸν
3619 4450 3744 4510 ἀλη-

369 4543 558 4595 tutem
604 4540 727 4605 Dei,
761 4544 818 4594 et
865 4539 1247 4611 sapientiam,
1277 4545 1333 4594 et
1361 4538 1642 4595 Verbum.
1688 4542 1753 4595 Et
1798 4556 2025 4612 rursus,

368 4628 449 4685 ob
480 4627 873 4701 multiplicem
908 4629 966 4684 in
991 4645 1103 4684 nos
1124 4628 1608 4696 beneﬁcentiam,
1632 4646 1817 4701 quam
1844 4630 1922 4685 ob
1946 4630 2030 4685 di-

368 4716 547 4773 vitias
575 4717 863 4773 bonitatis
909 4733 1017 4789 pro
1046 4718 1217 4773 varia
1247 4734 1357 4773 sua
1389 4718 1686 4789 sapientia
1716 4718 2032 4788 egentibus

368 4811 640 4878 praestat,
670 4806 804 4862 aliis
836 4806 1171 4863 innumeris
1205 4806 1712 4880 appellationibus
1747 4808 2030 4864 eumdem

368 4893 664 4964 designat,
696 4894 843 4950 dum
896 4895 1229 4968 aliquando
1261 4899 1441 4951 vocat
1485 4894 1654 4951 illum
1698 4901 2026 4969 pastorem,

445 5048 492 5082 “
533 5050 704 5103 Rom.
747 5064 789 5117 ι,
832 5050 882 5103 8.
962 5049 1009 5082 “
1049 5046 1198 5105 ibid.
1242 5052 1293 5103 5.
1372 5048 1419 5083 ⁸⁵
1460 5049 1630 5103 Rom.
1671 5064 1729 5115 ν,
1772 5053 1823 5103 2.

441 5201 559 5285 (9t)
597 5201 759 5285 Ὀπερ
808 5200 1017 5285 ᾒεγοντῖ
1052 5201 1388 5285 Βεθεςηῶτερ
1423 5198 1495 5285 in
1536 5198 1787 5285 duobus
1824 5199 2043 5285 codici:

370 5270 508 5343 bus.
540 5270 781 5343 Legitur
824 5270 1118 5328 in'tribus
1164 5271 1294 5326 aliis
1345 5270 1379 5323 ἆ
1420 5270 1856 5343 ἔλεγον.8ιδ.ιὶω
1901 5272 2041 5327 editi

374 5342 460 5397 διὸ
511 5350 602 5398 καὶ
634 5342 796 5418 μετὰ,
846 5343 953 5399 sed
1003 5343 1168 5398 deest
1216 5344 1564 5413 conjunctio
1614 5342 1674 5397 in
1729 5343 2041 5399 codicibus

376 5432 521 5471 mss.

447 5488 563 5555 (92)
599 5487 657 5539 '0
690 5492 828 5550 Υἱός.
863 5486 956 5543 Sic
988 5484 1224 5542 codices
1259 5501 1402 5540 mss.
1434 5488 1604 5541 Deest
1655 5482 1941 5540 articulus
1980 5484 2043 5540 in
2090 5546 2093 5547 ν

375 5557 576 5612 editis.

456 5628 573 5700 (93)
614 5628 728 5681 Ἐπὶ
759 5635 912 5693 ποίας
942 5628 1151 5692 ἐννοίας.
1182 5627 1437 5687 Colbert.
1472 5625 1555 5680 ἐπὶ
1583 5630 1773 5699 ποίαις
1807 5626 2040 5691 ἐννοίαις.

1904 5051 1951 5085 ⁴⁶
1991 5052 2162 5106 Rom.
2203 5065 2240 5118 ι,
2285 5053 2337 5104 5.

2141 4540 2278 4591 θινὸν
2325 4537 2511 4609 λέγειν,
2558 4543 2648 4590 καὶ
2700 4546 2947 4611 μονογενῆ
3006 4543 3156 4606 Θεὸν,
3189 4544 3279 4592 καὶ
3319 4536 3542 4612 δύναμιν
3582 4549 3740 4606 Θεου,

2138 4633 2226 4680 καὶ
2286 4632 2493 4700 σοφίαν,
2539 4631 2628 4679 καὶ
2686 4632 2878 4698 Λόγον.
2938 4632 3038 4681 Καὶ
3092 4627 3249 4681 πάλιν
3300 4632 3476 4702 μέντοι
3530 4626 3624 4683 διὰ
3682 4634 3742 4683 τὸ

2138 4716 2465 4792 πολύτροπον
2505 4723 2596 4777 τῆς
2653 4716 2723 4778 εἰς
2773 4718 2911 4789 ἡμᾶς
2949 4719 3190 4791 χάριτος,
3242 4717 3301 4775 ἢν
3361 4715 3455 4771 διὰ
3510 4722 3597 4770 τὸν
3651 4727 3744 4781 τῆς

2088 4824 2091 4825 ⁷
2138 4803 2459 4879 ὴαθὸτητος
2503 4810 2638 4860 κατὰ
2675 4811 2765 4865 τὴν
2814 4806 3182 4860 πολυποίκιλον
3229 4807 3389 4861 αὐτοῦ
3423 4814 3607 4881 σοφίαν
3637 4817 3745 4870 τοῖς

2145 4894 2409 4970 δεομένοις
2467 4899 2794 4970 παρέχεται,
2847 4901 3065 4971 μυρίαις
3121 4897 3274 4949 αὐτὸν
3328 4896 3524 4972 ἑτέραις
3582 4918 3744 4973 προσ-

2417 5050 2459 5085 ⁸⁷
2506 5051 2673 5105 Rom.
2716 5065 2771 5117 v,
2812 5052 2867 5104 2.
2944 5049 2990 5083 ⁴⁸
3030 5047 3286 5122 Philipp.
3322 5065 3382 5119 ιι,
3421 5055 3476 5108 9.

2155 5202 2318 5257 Unus
2348 5215 2419 5256 ex
2447 5200 2641 5269 Regiis
2668 5198 2751 5252 ἐπὶ
2778 5204 2930 5252 ποίαν
2962 5201 3173 5253 ἔννοιαν.

2221 5274 2331 5341 (94)
2375 5275 2469 5345 Διά
2506 5271 2829 5345 τουτοη-Ηὶο
2874 5272 3085 5344 incipit
3128 5275 3309 5345 caput
3356 5276 3638 5330 octavum
3683 5272 3747 5329 in

2154 5346 2295 5412 Reg.
2327 5344 2497 5398 tertio
2527 5349 2583 5398 et
2609 5342 2868 5399 Colbert.

2226 5414 2339 5482 (95)
2374 5422 2478 5475 Τῆς
2510 5418 2730 5487 φύσεως.
2754 5417 3035 5469 Erasmus
3060 5413 3434 5487 perabsurda
3463 5414 3747 5484 reddidit,

2153 5494 2436 5557 naturam
2491 5491 2895 5555 assumptum;
2928 5487 3095 5557 quod
3148 5492 3409 5542 erratum
3462 5502 3584 5542 non
3632 5488 3747 5543 im-

2200 5573 2317 5631 une
2344 5556 2473 5631 tulit
2500 5560 2541 5612 'a
2566 5556 2965 5631 Combeﬁsioi
2990 5559 3131 5631 _l_\lox
3164 5557 3347 5614 editio
3377 5559 3560 5616 Paris.
3586 5557 3744 5631 λέγει.
3793 5601 3797 5604 .

2200 5573 2317 5611 une
2344 5573 2473 5612 tum
2505 5574 2541 5612 a
2574 5573 2963 5613 uombensm.
3002 5573 3131 5613 mox
3164 5573 3253 5613 ea]

2153 5573 2314 5683 ΕΠ)τὶ
2345 5628 2579 5702 antiqui
2610 5634 2667 5685 et
2698 5628 2841 5686 edit.
2873 5628 3044 5685 Basil.
3072 5628 3253 5701 λέγειν.
