4062 6208
250 251 324 305 9'7

1443 249 1647 304 LIBER
1689 249 1778 303 DE
1819 248 2089 304 SPIRITU
2128 249 2439 307 SANCTO.
3566 256 3636 309 98

249 376 499 445 ηγορίαις
569 369 955 445 ἀποσημαίνει·
1022 373 1145 427 ποτε
1195 374 1287 446 μεν
1338 376 1559 445 ποιμένα
1613 372 1895 445 λέγουσα,

2006 370 2127 429 lias
2146 389 2374 444 regem,
2388 378 2444 431 et
2458 388 2664 430 rursus
2681 373 3007 439 medicum,
3029 373 3293 448 denique
3309 390 3632 447 sponsum.

250 464 375 513 ποτε
427 458 487 514 δέ
531 459 777 533 βασιλέα,
832 465 921 513 καὶ
961 461 1112 514 πάλιν
1174 461 1369 535 ἰατρόν,
1430 466 1520 514 καὶ
1571 464 1656 514 τὸν
1712 460 1866 513 αὐτὸν

254 554 493 623 νυμφίον,
526 555 617 603 καὶ
649 548 793 615 ὁδὸν,
826 556 918 603 καὶ
970 552 1147 625 θύραν,
1179 556 1269 604 καὶ
1309 555 1512 623 πηγήν,
1554 555 1643 603 καὶ
1687 552 1867 624 ἄρτον,

249 646 343 693 καὶ
393 638 596 706 ἀξίνην,
657 644 746 693 καὶ
802 645 1011 715 πέτραν.
1076 648 1255 695 Ταῦτα
1308 643 1407 716 γὰρ
1463 641 1522 693 οὐ
1574 644 1668 699 τήν
1714 642 1868 713 φύσιν

250 733 607 803 παρίστησιν,
642 725 772 798 ἄλλ’,
818 732 943 804 ὅπερ
992 734 1136 804 ἔφην,
1191 735 1249 784 τό
1298 741 1393 794 τῆς
1442 731 1699 805 ἐνεργείας
1744 750 1871 783 παν-

250 818 510 888 τοδαπόν,
542 820 603 878 ἦν
632 819 689 872 ἐκ
732 827 824 881 τῆς
861 824 980 895 περὶ
1035 825 1094 873 τὸ
1142 817 1283 874 ἴδιον
1341 820 1561 893 πλάσμα
1612 820 1870 891 εὐσπλαγ-

252 915 416 980 χνίας
471 912 610 961 κατὰ
668 912 727 961 τό
776 917 875 971 τῆς
946 914 1133 982 χρείας
1198 906 1395 966 ἰδίωμα
1446 916 1554 970 τοῖς
1609 906 1872 982 δεομένοις

252 1003 577 1072 παρέχεται.
637 1002 774 1061 Τοὺς
828 1001 920 1073 μεν
970 1002 1070 1073 γὰρ
1129 1005 1584 1073 προσπεφευγότας
1632 1000 1750 1071 (96)
1807 1005 1867 1071 τῇ

258 1087 547 1160 ἐπιστασίᾳ
586 1088 770 1158 αὐτοῦ,
821 1092 913 1141 καὶ
963 1091 1020 1140 τό
1064 1085 1409 1161 εὐμεταδοτον
1440 1091 1550 1152 (9‘7)
1598 1085 1669 1141 δι’
1700 1087 1873 1151 ανεξι-

262 1183 455 1240 κακίας
492 1180 914 1253 κατωρθωκότας
942 1190 967 1245 ,“
1013 1177 1250 1253 πρόϐατα
1296 1177 1430 1250 λέγει
1457 1221 1471 1245 ,
1530 1182 1621 1230 καὶ
1683 1182 1872 1249 ποιμὴν

268 1263 397 1319 εἶναι
434 1274 530 1317 τῶν
559 1269 809 1318 τοιούτων
840 1265 1099 1339 ὁμολογεῖ,
1135 1274 1235 1318 τῶν
1283 1271 1675 1319 κατακουόντων
1715 1265 1874 1318 αὑτοῦ

265 1364 355 1417 τῆς
407 1362 595 1428 γωνῆς,
636 1360 729 1408 καὶ
794 1358 866 1427 μὴ
923 1359 1292 1428 προσεχόντων
1338 1352 1601 1427 διδαχαῖς
1647 1355 1874 1418 ξενιςού-

263 1465 406 1507 σαις.
460 1448 542 1499 Τὰ
590 1447 693 1518 γὰρ
734 1443 835 1517 ἐμὰ
880 1444 1140 1520 πρόϐατα,
1193 1449 1343 1518 φησὶ,
1389 1453 1484 1505 τῆς
1540 1443 1667 1518 ἐμῆς
1711 1453 1877 1517 φωνῆς

261 1533 478 1588 ἇαοὺει·
553 1533 804 1607 βασιλεὺς
874 1531 933 1587 δὲ
991 1543 1089 1588 τῶν
1155 1530 1681 1609 ὐπεραναϐεϐηιιότων
1724 1530 1872 1604 ἤδη,

258 1631 352 1678 καὶ
401 1631 500 1686 τῆς
550 1623 760 1697 ἐννόμου
811 1620 1063 1697 δεομένων
1106 1623 1417 1685 ἐπιστασίας
1446 1624 1577 1687 (98)·
1617 1628 1707 1676 καὶ
1747 1625 1880 1696 θύρα

1975 461 2160 533 viam,
2188 462 2431 531 ostium,
2451 462 2702 533 fontem,
2730 478 2974 535 panem,
2997 464 3254 520 securim
3282 479 3354 520 ac
3377 469 3633 536 petram.

1979 551 2112 606 Haec
2142 551 2302 606 enim
2339 567 2462 607 non
2510 558 2793 606 naturam
2834 551 3126 622 indicant,
3155 552 3281 622 sed,
3322 553 3488 625 quod
3517 553 3637 609 aie-

1977 638 2142 708 bam,
2159 641 2523 712 operationis
2535 640 2909 697 varietatem:
2924 657 3106 713 quam
3123 658 3196 697 ex
3206 642 3638 714 aﬁ‘ectu,quem

1979 729 2129 799 gerit
2144 745 2287 800 erga
2307 747 2485 786 suum
2501 730 2879 800 ﬁgmentum,
2903 730 3407 802 indigentibus,ut
3421 732 3638 805 cuique

1979 832 2134 890 opus
2168 823 2280 889 est,
2311 819 2598 891 impartit.
2637 821 2750 874 Eos
2779 820 2939 874 enim
2970 819 3075 892 qui
3107 819 3183 875 ad
3207 820 3338 891 ejus
3369 820 3639 892 regimen

1979 906 2630 981 confugerunt,quique
2648 924 2754 979 per
2770 908 3071 964 malorum
3088 908 3463 964 tolerantiam
3480 924 3643 964 com-

1980 997 2336 1053 municandi
2358 997 2702 1053 facilitatem
2724 998 3151 1071 praestiterunt,
3175 1012 3314 1053 oves
3346 996 3641 1069 appellat;

1982 1102 2167 1159 seque
2198 1087 2406 1142 talium
2437 1092 2746 1158 pastorem
2779 1103 2908 1142 esse
2934 1087 3268 1159 proﬁtetur,
3297 1086 3401 1158 qui
3431 1100 3643 1141 vocem
3665 1148 3677 1159 ο

1979 1175 2169 1247 ipsius
2196 1176 2469 1240 audiunt,
2492 1193 2601 1232 nec
2624 1177 2943 1233 attendunt
2973 1176 3259 1233 doctrinis
3282 1174 3640 1248 peregrinis.

1984 1263 2132 1319 Oves
2146 1265 2301 1319 enim
2324 1280 2484 1327 meae,
2499 1264 2713 1336 inquit,
2734 1280 2929 1321 vocem
2953 1280 3143 1320 meam
3165 1264 3506 1319 audiunt".
3527 1264 3645 1318 Rex

1983 1355 2185 1407 autem
2218 1357 2472 1408 vocatur
2506 1368 2737 1419 eorum,
2767 1352 2867 1424 qui
2904 1353 3033 1423 jam
3066 1352 3244 1409 altius
3291 1353 3400 1424 15
3448 1367 3645 1408 assur-

1984 1447 2285 1509 rexerunt,
2306 1458 2376 1499 ac
2392 1442 2658 1513 legitimo
2676 1443 2949 1516 imperio,
2966 1448 3021 1498 et
3036 1442 3470 1513 gubernatione
3492 1457 3649 1514 opus

1984 1530 2231 1587 habent.
2257 1532 2410 1598 Quin
2438 1538 2493 1588 et
2524 1534 2747 1588 ostium
2787 1533 3025 1602 dicitur,
3049 1548 3120 1588 eo
3149 1532 3314 1605 quod
3341 1547 3448 1604 per
3478 1530 3647 1587 recti-

1986 1620 2257 1677 tudinem
2286 1626 2726 1694 praeceptorum
2750 1623 2949 1678 educit
2964 1622 3052 1679 ad
3082 1622 3215 1695 pias
3241 1621 3507 1678 actiones
3532 1637 3546 1675 :
3592 1624 3648 1678 et

260 1712 343 1782 δε,
376 1722 455 1785 τῷ
508 1711 594 1766 ἐπὶ
640 1717 736 1776 τὰς
786 1710 1084 1777 σπουδαίας
1129 1714 1344 1787 πράξεις
1383 1711 1476 1767 διὰ
1516 1720 1611 1775 τῆς
1660 1713 1879 1788 ὀρθότη-

2006 1726 2192 1766 rursus
2225 1714 2351 1765 tuto
2382 1711 2659 1782 perducit
2686 1712 2763 1767 ad
2795 1711 3004 1767 caulas
3035 1727 3159 1780 eos,
3192 1711 3297 1783 qui
3327 1725 3434 1782 per
3460 1709 3648 1767 ﬁdem

259 1823 350 1866 τος
397 1812 499 1856 τῶν
552 1807 973 1877 προσταγμάτων
1026 1802 1247 1876 ἐξάγειν,
1300 1807 1390 1855 καὶ
1430 1801 1621 1876 πάλιν]
1637 1802 1880 1875 ἀσφαλῶς

263 1893 501 1955 αὐλίζειν
550 1898 674 1955 τοὺς
728 1892 813 1946 ἐπὶ
863 1896 921 1946 τὸ
976 1902 1072 1955 τῆς
1121 1898 1359 1965 γνώσεως
1408 1891 1601 1964 ἀγαθὸν
1655 1889 1749 1945 διὰ
1790 1898 1881 1953 τῆς

264 1983 334 2044 εἰς
375 1982 537 2035 αὑτὸν
590 1988 815 2045 πίστεως
870 1985 1324 2055 καταφεύγοντας.
1380 1980 1568 2049 Ὀθεν,
1629 1981 1703 2035 Δι’
1757 1979 1881 2055 ἐμοῦ

264 2071 352 2125 ἐάν
412 2092 496 2133 τις
554 2072 779 2145 εἰσέλθῃ,
840 2076 931 2124 καὶ
984 2070 1347 2137 εἰσελεύσεται,
1402 2075 1492 2123 καὶ
1545 2070 1881 2141 ἐξελεύσεται,

264 2169 357 2216 καὶ
385 2167 554 2235 νόμην
606 2165 837 2236 εὑρήσει.
903 2165 1070 2236 Πέτρα
1124 2158 1204 2228 δε,
1253 2157 1347 2215 διὰ
1411 2164 1469 2213 τό
1523 2161 1748 2234 ἰσχυρὸν
1794 2166 1883 2213 καὶ

266 2255 521 2305 ἄσειστον
585 2257 675 2305 καὶ
738 2254 934 2314 παντὸς
998 2250 1248 2327 ἐρύμάτος
1321 2249 1697 2326 ἆρῥαγέστερον
1755 2247 1884 2303 εἶναι

268 2342 630 2415 φυλακτήριον
663 2348 775 2403 τοῖς
822 2349 1049 2401 πιστοῖς.
1090 2340 1173 2395 Ἐν
1203 2341 1402 2400 τούτοις
1448 2342 1527 2407 τό,
1586 2335 1659 2391 δι’
1699 2338 1881 2405 αὐτοῦ,

272 2428 679 2505 ἁρμοδιωτάτην
726 2434 820 2489 τὴν
871 2438 1073 2503 χρῆσιν
1121 2434 1212 2481 καὶ
1255 2432 1482 2501 εὔσημον
1529 2424 1883 2496 ἀποδίδωσιν,

270 2522 394 2573 ὅταν
424 2524 495 2583 ὡς
541 2522 813 2594 θύραιοθ)
866 2524 959 2572 καὶ
1006 2521 1075 2581 ὡς
1127 2516 1248 2580 όδός
1293 2519 1528 2591 λέγηται.
1582 2517 1671 2579 Ὠς
1713 2521 1887 2591 μέντοι

270 2614 405 2672 Θεὸς
462 2613 559 2662 καὶ
622 2610 781 2673 Υἱὸς,
839 2610 973 2681 μετὰ
1018 2611 1215 2681 Πατρός
1274 2613 1366 2661 καὶ
1420 2610 1514 2661 σὺν
1571 2611 1741 2681 Πατρὶ
1792 2610 1886 2665 τὴν

274 2696 434 2763 δόξαν
492 2700 628 2771 ἔχει·
684 2697 807 2751 Ὀτι
851 2696 902 2750 ἐν
961 2705 1035 2770 τῷ
1101 2697 1315 2771 ὀνόματι
1374 2698 1551 2757 Ἰησοῦ
1615 2703 1716 2750 πᾶν
1760 2701 1886 2768 γόνυ

272 2788 498 2860 κάμψει,
544 2787 887 2861 ἐπουρανίων,
934 2791 1025 2839 καὶ
1071 2784 1328 2859 ἐπιγείων,
1369 2791 1459 2840 καὶ
1500 2788 1885 2858 καταχθονίων,

270 2883 364 2930 καὶ
383 2883 538 2931 πᾶσα
576 2876 800 2950 γλῶσσα
838 2875 1412 2949 ἐξομολογήσεται,,ὃτι
1456 2878 1649 2949 Κύριος
1689 2875 1890 2936 Ἰησοῦς

270 2971 511 3043 Χριστός
559 2967 631 3029 εἰς
688 2963 847 3030 δόξαν
898 2973 1031 3020 Θεοῦ
1071 2971 1296 3041 Πατρός.
1356 2970 1538 3039 Διόπερ
1580 2964 1891 3038 ἀμφοτέραις

1987 1801 2048 1857 in
2069 1799 2270 1872 ipsum
2299 1799 2375 1855 ad
2398 1799 2757 1870 cognitionis
2778 1800 3012 1856 bonum
3036 1799 3437 1870 confugerint.
3458 1799 3646 1869 Unde,

1988 1890 2109 1946 Per
2120 1891 2273 1945 mesi
2285 1891 2417 1960 quis
2429 1890 2807 1956 introierit,et
2822 1890 3272 1960 ingredietur,et
3287 1890 3646 1960 egredietur,

1990 1994 2061 2036 ac
2081 1994 2306 2049 pascua
2333 1980 2588 2036 inveniet
2601 1979 2670 2033 ⁸ο.
2698 1981 2864 2034 Petra
2894 1979 3111 2034 dicitur
3135 1980 3206 2047 δι,
3254 1995 3325 2035 eo
3355 1978 3523 2051 quod
3545 1994 3649 2035 va-

1988 2068 2182 2126 lidum
2230 2069 2301 2124 sit
2350 2073 2406 2123 et
2450 2068 2883 2124 inconcussum
2909 2073 2965 2123 et
2994 2067 3208 2141 quavis
3251 2082 3386 2123 arce
3415 2066 3651 2122 ﬁrmius

1991 2157 2520 2232 propugnaculum
2536 2157 2840 2214 ﬁdelibus.
2856 2157 2919 2213 In
2932 2157 3026 2215 his
3043 2157 3172 2213 haec
3186 2172 3323 2227 vox,
3333 2172 3444 2227 per
3455 2158 3649 2227 ipsum

1993 2248 2379 2321 aptissimum
2408 2262 2478 2304 ac
2509 2247 2739 2304 clarum
2770 2263 2953 2304 usum
2983 2246 3189 2316 habet,
3218 2246 3454 2319 quoties
3490 2245 3654 2301 velut

1994 2338 2217 2395 ostium
2246 2342 2304 2394 et
2331 2336 2494 2393 velut
2520 2337 2617 2394 via
2645 2336 2884 2401 dicitur.
2913 2342 2983 2393 At
3011 2352 3156 2392 vero
3188 2341 3252 2391 ut
3282 2337 3439 2391 Deus
3484 2340 3540 2391 et
3572 2333 3655 2390 Fi-

1992 2428 2130 2495 lius,
2172 2443 2314 2483 cum
2346 2429 2512 2483 Patre
2539 2442 2929 2483 communem
2968 2426 3152 2483 habet
3183 2424 3474 2495 gloriam:
3510 2425 3659 2485 Quo-

1994 2518 2158 2573 niam
2182 2518 2243 2572 in
2269 2517 2504 2572 nomine
2535 2516 2677 2573 Jesu
2708 2532 2880 2572 omne
2922 2531 3081 2587 genu
3120 2516 3416 2587 ﬂectetur,
3459 2514 3657 2572 cccles-

1998 2607 2166 2674 tium,
2204 2607 2541 2662 terrestium
2580 2611 2634 2661 et
2677 2606 3078 2675 infernarum,
3128 2611 3185 2660 et
3225 2605 3415 2660 omnis
3449 2604 3657 2674 lingua

1997 2694 2399 2765 conﬁtebitur,
2431 2695 2592 2768 quod
2620 2696 2912 2751 Dominus
2936 2696 3108 2751 Jesus
3141 2694 3412 2751 Christus
3441 2694 3505 2748 in
3533 2693 3660 2764 glo-

1998 2787 2093 2841 ria
2122 2786 2195 2840 sit
2224 2785 2338 2840 Dei
2362 2785 2572 2840 Patris
2594 2785 2661 2841 5’.
2704 2787 2896 2851 Quam
2928 2784 3008 2840 ob
3048 2799 3176 2839 rem
3215 2782 3521 2839 ambabus
3557 2797 3661 2840 vo-

1999 2875 2169 2931 cibus
2212 2874 2457 2943 utimur,
2505 2874 2691 2931 altera
2738 2873 3048 2948 propriam
3093 2873 3249 2929 illius
3280 2872 3657 2942 dignitatem,

2000 2962 2186 3020 altera
2207 2963 2337 3034 ejus
2357 2978 2501 3033 erga
2532 2978 2643 3019 nos
2670 2962 3147 3018 muniﬁcentiam
3174 2960 3587 3033 praedicantes.

270 3060 592 3133 κεχρήμεθα
622 3063 739 3119 ταῖς
768 3064 978 3129 φωναῖς,
1005 3064 1066 3129 τῇ
1097 3059 1186 3129 μεν
1214 3060 1311 3115 τὴν
1333 3056 1525 3109 οἰκείαν
1556 3055 1719 3107 αὐτοῦ
1752 3053 2003 3127 ἁξίαν,τῇ
2040 3050 2097 3105 δὲ
2126 3057 2220 3111 τὴν
2252 3054 2413 3127 χάριν
2444 3057 2538 3111 την
2568 3055 2697 3124 πρὸς
2726 3053 2861 3124 ἡμᾶς
2889 3048 2922 3103 δ
2928 3050 3302 3123 ιαγγέλλοντες.

352 3170 441 3223 18.
485 3165 559 3219 Δι’
602 3165 763 3218 αὐτοῦ
808 3166 911 3239 γὰρ
943 3170 1093 3217 πᾶσα
1138 3162 1361 3236 βοήθεια
1404 3171 1505 3216 τῶν
1546 3162 1758 3234 ψυχῶν,
1805 3167 1895 3215 καὶ
1927 3164 1966 3219 C

273 3255 397 3309 καθ’
449 3256 671 3308 ἕκαστον
724 3250 867 3316 εἶδος
915 3252 1207 3326 ἐπιμελείας
1256 3250 1545 3314 ἰδιάζουσά
1595 3271 1677 3315 τις
1724 3269 1896 3326 προσ-

279 3350 484 3417 ηγορία
512 3344 847 3411 ἐπινενόηται,
878 3342 1042 3401 Ὀταν
1071 3345 1159 3415 μεν
1185 3344 1286 3417 γὰρ
1319 3346 1412 3399 τήν
1443 3342 1659 3414 ἄμωμον
1688 3340 1895 3412 ψυχὴν,

287 3440 391 3492 τήν
442 3438 515 3504 μή
550 3436 770 3504 ἔχουσαν
819 3433 1003 3487 σπῖλον
1042 3434 1071 3493 ἧ
1105 3429 1323 3509 ῥυτίδα,
1355 3434 1420 3492 ὡς
1458 3431 1619 3503 ἁγνὴν
1650 3433 1900 3505 παρθένον

294 3524 472 3593 ἐαυτῷ
529 3530 951 3597 παραστησηται,
1002 3529 1216 3597 νυμφίος
1264 3524 1728 3595 προσαγορεύεταιο
1784 3521 1902 3572 ὅταν

292 3609 360 3664 δε
404 3618 762 3685 κεκακωμένην
817 3615 919 3665 ὑπὸ
966 3621 1065 3665 τῶν
1117 3619 1353 3688 πονηρῶν
1404 3610 1613 3683 πληγῶν
1651 3617 1743 3663 τοῦ
1779 3605 1901 3663 δια-

281 3701 444 3755 ϐόλου
494 3701 669 3775 λάϐῃ,
737 3701 943 3777 βαρέως
1022 3701 1396 3755 ἐνασθενοῦσαν
1461 3709 1577 3763 ταῖς
1628 3701 1907 3774 ἁμαρτίαις

281 3792 454 3851 αὐτὴν
513 3790 811 3865 ἐξιώμενος,
874 3791 1050 3867 ἰατρός
1107 3792 1463 3866 ὀνομάζεται.
1521 3790 1638 3866 Ἆρ’
1696 3785 1784 3842 οὖν
1851 3790 1905 3841 αἱ

278 3889 533 3935 τοιαῦται
584 3882 732 3955 ἡμῶν
771 3880 1056 3955 ἐπιμέλειαι
1108 3882 1181 3944 εἰς
1237 3884 1297 3934 τὸ
1348 3882 1587 3933 ταπεινὸν
1644 3882 1765 3940 τοὺς
1812 3877 1902 3930 λο-

355 4099 408 4135 υ
449 4098 629 4155 Joan.
659 4112 715 4165 ι,
746 4100 842 4154 27.
925 4096 975 4133 ⁸·
1012 4096 1187 4154 Joan.
1219 4110 1272 4168 x,
1302 4097 1357 4152 9.
1435 4094 1480 4131 εί
1524 4093 1546 4149 Ι
1578 4095 1709 4151 Cor.
1740 4107 1796 4157 ι,
1826 4093 1882 4149 4.

354 4291 485 4361 (96)
524 4292 1030 4366 Προσπιφευγότας.
1092 4290 1341 4348 Codices
1396 4287 1674 4346 nonnulli
1738 4304 1902 4362 προσ-

279 4370 585 4438 φεύγοντας
596 4407 607 4418 .

355 4429 489 4502 (97)
527 4440 598 4487 Τὸ
621 4430 990 4505 εὖμετάδοτον.
1006 4432 1135 4489 Vitii
1156 4430 1721 4505 suspicionealiqua
1741 4429 1909 4505 labo-

275 4500 376 4564 rat
397 4500 509 4563 hic
542 4500 866 4561 locus.Etsi
900 4505 1059 4561 enim
1077 4500 1282 4576 justos
1315 4500 1770 4576 appellari-oves
1800 4500 1909 4576 ob-

276 4582 501 4635 servat
531 4576 781 4645 Basilius
802 4579 865 4632 in
885 4570 1101 4645 psalmi
1129 4592 1319 4640 xxvm,
1345 4570 1413 4643 ῥῖ
1443 4579 1562 4629 121.
1591 4570 1685 4625 διὰ
1712 4574 1913 4644 τόνῆμε-

275 4671 372 4725 ρον
406 4654 514 4701 καὶ
544 4644 894 4725 μεταδοτικόν
930 4649 1157 4725 ὦνμέχει,
1191 4647 1270 4725 ob_
1299 4648 1605 4725 tenitatem
1625 4650 1678 4701 et
1710 4659 1910 4701 rerum

276 4718 557 4779 suarum
593 4718 1219 4787 communicationem;
1256 4718 1353 4773 hic
1383 4723 1587 4773 tamen
1620 4732 1745 4772 non
1766 4731 1914 4787 con:

278 4794 531 4850 siderat
560 4790 623 4845 in
648 4790 862 4846 ovibus
891 4786 1383 4846 communicandi
1413 4786 1915 4856 facilitatem,‘sed

276 4862 710 4935 constantiam
729 4863 787 4917 in
806 4862 1116 4935 sequendo
1133 4867 1383 4935 pastore
1395 4866 1450 4915 et
1467 4859 1796 4935 peregrinis
1813 4858 1916 4935 _do-

278 4935 507 4994 ctrinis
530 4930 1664 5004 rejiciendisfRegius’secundus'habet
1688 4935 1746 5004 το
1765 4930 1918 5004 ἐὐμε-

280 5008 543 5072 τάϐολον,
570 5001 709 5078 quae
735 5001 1033 5078 scriptura
1060 5005 1168 5078 etsi
1197 5003 1656 5078 vulnusaugere
1681 5001 1920 5057 videtur

279 5084 566 5162 (pugnat
579 5073 992 5162 énim‘animus
1004 5075 1177 5162 facile
1193 5073 1497 5162 mutabilis
1510 5090 1639 5162 cum
1654 5077 1922 5162 constan-

284 5144 371 5208 tia
387 5144 456 5208 in
474 5149 799 5222 sequendo
813 5150 1072 5220 pastore)
1084 5147 1181 5215 ,ad
1194 5146 1557 5222 illudtamen
1572 5144 1920 5222 sanandum

287 5238 538 5295 magno
564 5216 699 5295 usui
720 5216 855 5295 esse
870 5224 1083 5295 potest.
1107 5221 1256 5275 Nam
1279 5216 1742 5295 silegamuslevi
1762 5216 1924 5295 facta

286 5289 736 5353 immutatione
751 5296 810 5344 τὸ
834 5289 1168 5363 ἀμετάϐολον,
1183 5290 1289 5361 qui
1299 5303 1408 5358 per
1418 5290 1775 5363 patientiam
1794 5289 1923 5343 ani-

289 5385 465 5423 mum
490 5360 929 5439 immutabilem
947 5360 1360 5439 prmbuerunt,
1376 5360 1562 5439 plana
1580 5360 1694 5439 erit
1706 5365 1761 5439 et
1784 5364 1926 5439 apta

293 5438 629 5495 sententia.
663 5436 901 5492 Usitatm
924 5430 1090 5506 apud
1111 5430 1395 5506 antiquos
1416 5430 1721 5506 ejusmodi
1748 5430 1926 5486 ratio.

292 5528 407 5568 nes
436 5507 775 5583 loquendi,
810 5502 1091 5583 quamvis
1110 5502 1309 5575 justos
1336 5502 1542 5583 gratiae
1568 5502 1928 5583 r_esistere_et

292 5573 560 5656 justitiae'
583 5573 1052 5639 statu'eicidere
1081 5573 1260 5650 posse
1283 5573 1410 5633 non
1434 5573 1801 5633 dubitarent.
1833 5573 1929 5631 Sic

2082 3163 2165 3216 18.
2198 3161 2387 3216 Omne
2417 3159 2578 3214 enim
2609 3158 2949 3214 animarum
2991 3156 3283 3214 auxilium
3325 3172 3433 3230 per
3459 3157 3662 3229 ipsum

2008 3253 2116 3318 est,
2139 3253 2320 3321 atque
2341 3248 2514 3319 juxta
2542 3246 2781 3317 singula
2800 3245 3056 3301 curandi
3084 3262 3154 3302 ac
3184 3244 3544 3317 providendi
3570 3258 3667 3314 ge-

2007 3353 2155 3394 nera
2179 3338 2514 3408 excogitata
2544 3341 2633 3392 est
2658 3336 2979 3409 peculiaris
3009 3336 3293 3409 quaedam
3320 3333 3664 3407 appellatio.

2012 3431 2159 3485 Cum
2172 3428 2333 3483 enim
2342 3427 2611 3483 animam
2624 3427 2683 3482 in
2691 3426 3190 3492 contaminatam,
3205 3440 3329 3482 non
3341 3424 3667 3481 habentem

2012 3516 2317 3575 maculam
2356 3522 2459 3573 aut
2496 3532 2737 3587 rugam,
2772 3516 2953 3589 quasi
2982 3532 3202 3590 puram
3231 3515 3529 3586 virginem
3554 3514 3670 3572 sibi

2013 3606 2088 3663 ad
2092 3605 2311 3677 jungit,
2328 3621 2587 3678 sponsus
2603 3605 2966 3678 appellatur;
2991 3621 3130 3661 cum
3151 3620 3295 3661 vero
3314 3620 3450 3661 eam
3466 3603 3670 3677 pravis

2016 3695 2245 3752 diaboli
2266 3695 2462 3768 plagis
2501 3695 2853 3751 afﬂictatam
2883 3695 3113 3766 recipit,
3145 3710 3217 3750 ac
3246 3694 3507 3766 peccatis
3538 3709 3672 3762 gra-

2013 3786 2159 3842 viter
2201 3784 2578 3843 laborantem
2618 3789 2813 3850 sanat,
2847 3784 3118 3840 medicus
3147 3788 3418 3839 vocatur.
3462 3783 3671 3840 Utrum

2012 3875 2191 3947 igitur
2210 3874 2376 3948 quod
2395 3875 2561 3932 hisce
2582 3873 2783 3931 modis
2808 3871 2997 3930 nostri
3019 3886 3224 3929 curam
3248 3871 3420 3945 gerit,
3451 3871 3673 3943 cogita-

1960 4091 2009 4128 η
2050 4089 2265 4163 Philip.
2288 4105 2350 4158 ιι,
2390 4092 2471 4158 ιο,
2501 4094 2591 4146 ιι.

2013 4285 2352 4358 Cyprianus
2384 4300 2589 4340 coram
2610 4282 2975 4356 proconsule
2997 4281 3231 4358 aiebat:
3266 4281 3439 4336 Bona
3472 4281 3679 4358 volun-

2018 4353 2133 4419 tas.
2166 4372 2295 4429 qua
2321 4359 2507 4412 Deum
2536 4353 2721 4429 no'vit,
2755 4355 3073 4429 immutari
3095 4370 3213 4429 non
3256 4358 3447 4429 potest
3468 4353 3674 4429 .'__A_c_t.

2019 4422 2223 4492 marti,
2257 4444 2314 4500 p.
2345 4432 2472 4500 216.
2509 4428 2601 4483 Sic
2626 4427 2826 4500 etiam
2859 4424 3232 4500 SnFelicitas
3265 4422 3678 4500 Publio_Urbis

2019 4496 2299 4574 praefecto
2321 4499 2587 4574 dicebat;
2611 4499 2734 4574 Nec
2758 4498 3183 4574 blandimentis
3206 4497 3322 4574 tuis
3344 4496 3563 4574 rescivi
3576 4510 3681 4564 po-

2023 4566 2171 4641 tero,
2204 4586 2311 4627 nec
2333 4570 2665 4627 terroribus
2694 4570 2928 4639 frangi.
2965 4572 3026 4623 Et
3054 4568 3215 4623 Felix
3240 4567 3397 4622 illius
3418 4566 3680 4623 ﬁliorum

2021 4649 2165 4700 natu
2191 4642 2532 4698 secundus:
2564 4643 2925 4696 Immineant
2958 4641 3223 4703 verbera,
3253 4644 3405 4695 stent
3429 4644 3681 4695 cruenta

2024 4716 2312 4786 consilia;
2338 4714 2486 4782 ﬁdes
2508 4720 2718 4768 nostra
2748 4728 2857 4768 nec
2887 4713 3048 4767 vinci
3074 4716 3262 4786 potest
3295 4725 3403 4766 nec
3432 4710 3679 4766 mutari.

2028 4783 2371 4843 Basilius'in
2398 4786 2743 4854 psatm.’v1i,
2778 4799 2835 4854 p.
2876 4787 2995 4849 103,
3021 4783 3220 4852 gratiae
3252 4786 3569 4853 acceptum
3596 4798 3683 4854 re-

2025 4859 2137 4915 fert
2166 4853 2408 4913 rectum
2421 4856 2563 4927 justi
2595 4853 2972 4927 propositum
3004 4861 3058 4911 et
3094 4854 3307 4910 mentis
3337 4853 3682 4911 immutabi-

2025 4930 2272 4987 litatem.
2304 4931 2443 4997 Reg.
2474 4933 2539 4983 39
2571 4928 2815 4992 Morat.,
2845 4942 2903 4997 p.
2933 4928 3056 4981 263.

2100 5004 2215 5069 (98)
2258 4995 2623 5061 Ἐπιοῖτασίας.
2672 5001 2813 5067 Reg.
2847 4995 3075 5053 tertius
3122 4995 3418 5069 βασιλείας.
3475 4999 3605 5054 Mox
3650 5010 3682 5050 e

2028 5071 2330 5129 veteribus
2376 5070 2542 5126 libris
2586 5069 2933 5141 conjunctio
2964 5074 3052 5121 καί
3093 5069 3301 5141 addita
3334 5072 3484 5141 ante
3530 5069 3683 5139 θύρα,

2030 5140 2745 5223 eademqueauctoritate
2774 5140 3024 5198 verbum
3062 5161 3125 5213 φη
3138 5146 3189 5193 σί
3218 5140 3521 5196 sublatum
3551 5141 3689 5210 post

2032 5231 2244 5272 vocem
2278 5234 2425 5268 εαου.

2104 5289 2212 5358 (99)
2252 5272 2338 5345 'n‘;
2367 5285 2701 5358 espanditi
2733 5284 2966 5342 addunt
2995 5287 3185 5358 mia;
3213 5285 3427 5358 ποιμήν,
3460 5278 3566 5335 sed
3597 5295 3688 5336 as-

2035 5352 2258 5413 sentior
2283 5352 2645 5414 Combeﬁsio
2670 5357 2783 5412 has
2804 5372 2981 5412 voces
3001 5352 3358 5424 rejiciendas
3386 5368 3515 5409 esse
3541 5369 3554 5417 ;
3578 5367 3690 5409 nec

2032 5430 2313 5499 leguntur
2353 5430 2411 5486 in
2439 5429 2638 5499 tribus
2669 5428 2999 5484 codicibus.
3049 5423 3229 5482 Paulo
3269 5429 3407 5495 pOSt
3446 5423 3688 5482 codices

2036 5496 2182 5559 mss.
2216 5498 2394 5564 δόξαν.
2429 5500 2581 5557 Editi
2611 5496 2938 5570 δοξολογίαν.
