  <div class='ocr_page' id='page_1' title='image "/cluster/home/n/w/nwhite01/storage/ocr_20150623/32/hvd.32044048207401/055.png"; bbox 0 0 4050 6202; ppageno 0'>
   <div class='ocr_carea' id='block_1_1' title="bbox 449 232 2447 290">
    <p class='ocr_par' dir='ltr' id='par_1_1' title="bbox 449 232 2447 290">
     <span class='ocr_line' id='line_1_1' title="bbox 449 232 2447 290; baseline -0.002 0"><span class='ocrx_word' id='word_1_1' title='bbox 449 239 514 290; x_wconf 89' lang='grc'>99</span> <span class='ocrx_word' id='word_1_2' title='bbox 1812 236 1875 290; x_wconf 91' lang='lat' dir='ltr'>S.</span> <span class='ocrx_word' id='word_1_3' title='bbox 1918 232 2168 288; x_wconf 72' lang='lat' dir='ltr'>BASILll</span> <span class='ocrx_word' id='word_1_4' title='bbox 2208 232 2447 287; x_wconf 72' lang='lat' dir='ltr'>MAGNI.</span> 
     </span>
    </p>
   </div>
   <div class='ocr_carea' id='block_1_2' title="bbox 3704 241 3791 292">
    <p class='ocr_par' dir='ltr' id='par_1_2' title="bbox 3704 241 3791 292">
     <span class='ocr_line' id='line_1_2' title="bbox 3704 241 3791 292; baseline 0.011 -1"><span class='ocrx_word' id='word_1_5' title='bbox 3704 241 3791 292; x_wconf 86' lang='grc'>100</span> 
     </span>
    </p>
   </div>
   <div class='ocr_carea' id='block_1_3' title="bbox 446 359 2071 429">
    <p class='ocr_par' dir='ltr' id='par_1_3' title="bbox 446 359 2071 427">
     <span class='ocr_line' id='line_1_3' title="bbox 446 359 2071 427; baseline -0.002 -11"><span class='ocrx_word' id='word_1_6' title='bbox 446 361 640 417; x_wconf 84' lang='lat' dir='ltr'>tiones</span> <span class='ocrx_word' id='word_1_7' title='bbox 669 363 908 416; x_wconf 87' lang='lat' dir='ltr'>nostras</span> <span class='ocrx_word' id='word_1_8' title='bbox 939 374 1012 414; x_wconf 86' lang='lat' dir='ltr'>eo</span> <span class='ocrx_word' id='word_1_9' title='bbox 1041 359 1318 427; x_wconf 83' lang='lat' dir='ltr'>deducet,</span> <span class='ocrx_word' id='word_1_10' title='bbox 1349 363 1411 414; x_wconf 91' lang='lat' dir='ltr'>ut</span> <span class='ocrx_word' id='word_1_11' title='bbox 1438 359 1727 415; x_wconf 82' lang='lat' dir='ltr'>humilius</span> <span class='ocrx_word' id='word_1_12' title='bbox 1759 360 1832 414; x_wconf 86' lang='lat' dir='ltr'>de</span> <span class='ocrx_word' id='word_1_13' title='bbox 1862 375 1932 414; x_wconf 93' lang='lat' dir='ltr'>eo</span> <span class='ocrx_word' id='word_1_14' title='bbox 1966 373 2071 412; x_wconf 91' lang='lat' dir='ltr'>sen</span> 
     </span>
    </p>
   </div>
   <div class='ocr_carea' id='block_1_4' title="bbox 2186 359 3792 429">
    <p class='ocr_par' dir='ltr' id='par_1_4' title="bbox 2207 359 3792 429">
     <span class='ocr_line' id='line_1_4' title="bbox 2207 359 3792 429; baseline 0.003 -21"><span class='ocrx_word' id='word_1_15' title='bbox 2207 361 2430 428; x_wconf 78' lang='grc' dir='ltr'>γισμους</span> <span class='ocrx_word' id='word_1_16' title='bbox 2491 360 2858 429; x_wconf 80' lang='grc' dir='ltr'>κατάγουσιν;</span> <span class='ocrx_word' id='word_1_17' title='bbox 2923 359 2951 417; x_wconf 72' lang='grc' dir='ltr'>ᾖ</span> <span class='ocrx_word' id='word_1_18' title='bbox 3007 362 3062 411; x_wconf 87' lang='grc' dir='ltr'>τὸ</span> <span class='ocrx_word' id='word_1_19' title='bbox 3129 360 3351 412; x_wconf 82' lang='grc' dir='ltr'>ἐναντίον</span> <span class='ocrx_word' id='word_1_20' title='bbox 3406 360 3648 424; x_wconf 80' lang='grc' dir='ltr'>ἔκπληξιν</span> <span class='ocrx_word' id='word_1_21' title='bbox 3710 371 3792 424; x_wconf 83' lang='grc' dir='ltr'>τῆς</span> 
     </span>
    </p>
   </div>
   <div class='ocr_carea' id='block_1_5' title="bbox 446 446 2098 521">
    <p class='ocr_par' dir='ltr' id='par_1_5' title="bbox 446 446 2098 521">
     <span class='ocr_line' id='line_1_5' title="bbox 446 446 2098 521; baseline -0.003 -17"><span class='ocrx_word' id='word_1_22' title='bbox 446 451 670 504; x_wconf 87' lang='lat' dir='ltr'>tiamus</span> <span class='ocrx_word' id='word_1_23' title='bbox 693 451 719 504; x_wconf 89' lang='lat'><strong>?</strong></span> <span class='ocrx_word' id='word_1_24' title='bbox 750 466 826 505; x_wconf 92' lang='lat' dir='ltr'>an</span> <span class='ocrx_word' id='word_1_25' title='bbox 859 451 1057 521; x_wconf 81' lang='lat' dir='ltr'>potius</span> <span class='ocrx_word' id='word_1_26' title='bbox 1081 465 1110 502; x_wconf 91' lang='lat' dir='ltr'>e</span> <span class='ocrx_word' id='word_1_27' title='bbox 1140 448 1377 503; x_wconf 91' lang='lat' dir='ltr'>diverso</span> <span class='ocrx_word' id='word_1_28' title='bbox 1409 448 1640 514; x_wconf 84' lang='lat' dir='ltr'>efﬁciet,</span> <span class='ocrx_word' id='word_1_29' title='bbox 1675 454 1739 504; x_wconf 91' lang='lat' dir='ltr'>ut</span> <span class='ocrx_word' id='word_1_30' title='bbox 1768 446 2098 504; x_wconf 85' lang='lat' dir='ltr'>Servatoris</span> 
     </span>
    </p>
   </div>
   <div class='ocr_carea' id='block_1_6' title="bbox 445 539 2098 610">
    <p class='ocr_par' dir='ltr' id='par_1_6' title="bbox 445 539 2098 610">
     <span class='ocr_line' id='line_1_6' title="bbox 445 539 2098 610; baseline -0.002 -17"><span class='ocrx_word' id='word_1_31' title='bbox 445 545 501 593; x_wconf 88' lang='lat' dir='ltr'>et</span> <span class='ocrx_word' id='word_1_32' title='bbox 542 540 844 608; x_wconf 82' lang='lat' dir='ltr'>ingentem</span> <span class='ocrx_word' id='word_1_33' title='bbox 888 539 1214 610; x_wconf 77' lang='lat' dir='ltr'>potentiam</span> <span class='ocrx_word' id='word_1_34' title='bbox 1247 544 1304 592; x_wconf 91' lang='lat' dir='ltr'>et</span> <span class='ocrx_word' id='word_1_35' title='bbox 1332 539 1773 593; x_wconf 81' lang='lat' dir='ltr'>humanitatem</span> <span class='ocrx_word' id='word_1_36' title='bbox 1818 553 1964 605; x_wconf 88' lang='lat' dir='ltr'>erga</span> <span class='ocrx_word' id='word_1_37' title='bbox 1988 552 2098 590; x_wconf 87' lang='lat' dir='ltr'>nos</span> 
     </span>
    </p>
   </div>
   <div class='ocr_carea' id='block_1_7' title="bbox 443 625 2099 700">
    <p class='ocr_par' dir='ltr' id='par_1_7' title="bbox 443 625 2099 700">
     <span class='ocr_line' id='line_1_7' title="bbox 443 625 2099 700; baseline -0.002 -18"><span class='ocrx_word' id='word_1_38' title='bbox 443 629 1014 700; x_wconf 87' lang='lat' dir='ltr'>admiremur,quod</span> <span class='ocrx_word' id='word_1_39' title='bbox 1043 634 1098 682; x_wconf 90' lang='lat' dir='ltr'>et</span> <span class='ocrx_word' id='word_1_40' title='bbox 1122 629 1386 698; x_wconf 87' lang='lat' dir='ltr'>compati</span> <span class='ocrx_word' id='word_1_41' title='bbox 1409 628 1626 682; x_wconf 80' lang='lat' dir='ltr'>nostris</span> <span class='ocrx_word' id='word_1_42' title='bbox 1649 625 2099 683; x_wconf 86' lang='lat' dir='ltr'>inﬁrmitatibus</span> 
     </span>
    </p>
   </div>
   <div class='ocr_carea' id='block_1_8' title="bbox 444 715 2097 787">
    <p class='ocr_par' dir='ltr' id='par_1_8' title="bbox 444 715 2097 787">
     <span class='ocr_line' id='line_1_8' title="bbox 444 715 2097 787; baseline -0.002 -16"><span class='ocrx_word' id='word_1_43' title='bbox 444 719 751 776; x_wconf 87' lang='lat' dir='ltr'>sustinuit.</span> <span class='ocrx_word' id='word_1_44' title='bbox 783 725 840 772; x_wconf 91' lang='lat' dir='ltr'>et</span> <span class='ocrx_word' id='word_1_45' title='bbox 869 734 928 772; x_wconf 91' lang='lat' dir='ltr'>se</span> <span class='ocrx_word' id='word_1_46' title='bbox 952 717 1026 772; x_wconf 91' lang='lat' dir='ltr'>ad</span> <span class='ocrx_word' id='word_1_47' title='bbox 1061 722 1330 771; x_wconf 88' lang='lat' dir='ltr'>nostram</span> <span class='ocrx_word' id='word_1_48' title='bbox 1361 717 1765 772; x_wconf 84' lang='lat' dir='ltr'>inﬁrmitatem</span> <span class='ocrx_word' id='word_1_49' title='bbox 1791 716 1980 787; x_wconf 89' lang='lat' dir='ltr'>potuit</span> <span class='ocrx_word' id='word_1_50' title='bbox 2000 715 2097 768; x_wconf 89' lang='lat' dir='ltr'>de-</span> 
     </span>
    </p>
   </div>
   <div class='ocr_carea' id='block_1_9' title="bbox 440 806 2096 878">
    <p class='ocr_par' dir='ltr' id='par_1_9' title="bbox 440 806 2096 878">
     <span class='ocr_line' id='line_1_9' title="bbox 440 806 2096 878; baseline -0.002 -16"><span class='ocrx_word' id='word_1_51' title='bbox 440 808 716 862; x_wconf 84' lang='lat' dir='ltr'>mittere?</span> <span class='ocrx_word' id='word_1_52' title='bbox 747 811 946 878; x_wconf 82' lang='lat' dir='ltr'>Neque</span> <span class='ocrx_word' id='word_1_53' title='bbox 970 806 1128 860; x_wconf 91' lang='lat' dir='ltr'>enim</span> <span class='ocrx_word' id='word_1_54' title='bbox 1147 807 1362 861; x_wconf 75' lang='lat' dir='ltr'>caelum</span> <span class='ocrx_word' id='word_1_55' title='bbox 1384 823 1453 861; x_wconf 89' lang='lat' dir='ltr'>ac</span> <span class='ocrx_word' id='word_1_56' title='bbox 1481 812 1654 873; x_wconf 87' lang='lat' dir='ltr'>terra,</span> <span class='ocrx_word' id='word_1_57' title='bbox 1674 807 2096 875; x_wconf 88' lang='lat' dir='ltr'>immensaque</span> 
     </span>
    </p>
   </div>
   <div class='ocr_carea' id='block_1_10' title="bbox 441 893 2098 968">
    <p class='ocr_par' dir='ltr' id='par_1_10' title="bbox 441 893 2098 968">
     <span class='ocr_line' id='line_1_10' title="bbox 441 893 2098 968; baseline -0.003 -17"><span class='ocrx_word' id='word_1_58' title='bbox 441 898 652 962; x_wconf 90' lang='lat' dir='ltr'>maria,</span> <span class='ocrx_word' id='word_1_59' title='bbox 682 913 791 951; x_wconf 90' lang='lat' dir='ltr'>nec</span> <span class='ocrx_word' id='word_1_60' title='bbox 823 896 1173 960; x_wconf 82' lang='lat' dir='ltr'>animantia,</span> <span class='ocrx_word' id='word_1_61' title='bbox 1209 895 1294 950; x_wconf 83' lang='lat' dir='ltr'>vel</span> <span class='ocrx_word' id='word_1_62' title='bbox 1319 896 1374 950; x_wconf 91' lang='lat' dir='ltr'>in</span> <span class='ocrx_word' id='word_1_63' title='bbox 1401 896 1574 968; x_wconf 86' lang='lat' dir='ltr'>aquis</span> <span class='ocrx_word' id='word_1_64' title='bbox 1597 895 1688 950; x_wconf 81' lang='lat' dir='ltr'>vel</span> <span class='ocrx_word' id='word_1_65' title='bbox 1710 897 1768 950; x_wconf 90' lang='lat' dir='ltr'>in</span> <span class='ocrx_word' id='word_1_66' title='bbox 1802 895 1966 950; x_wconf 88' lang='lat' dir='ltr'>terris</span> <span class='ocrx_word' id='word_1_67' title='bbox 1999 893 2098 947; x_wconf 90' lang='lat' dir='ltr'>de-</span> 
     </span>
    </p>
   </div>
   <div class='ocr_carea' id='block_1_11' title="bbox 439 982 2098 1057">
    <p class='ocr_par' dir='ltr' id='par_1_11' title="bbox 439 982 2098 1057">
     <span class='ocr_line' id='line_1_11' title="bbox 439 982 2098 1057; baseline -0.002 -17"><span class='ocrx_word' id='word_1_68' title='bbox 439 988 660 1054; x_wconf 85' lang='lat' dir='ltr'>gentia,</span> <span class='ocrx_word' id='word_1_69' title='bbox 695 1001 804 1040; x_wconf 93' lang='lat' dir='ltr'>nec</span> <span class='ocrx_word' id='word_1_70' title='bbox 837 986 1075 1057; x_wconf 81' lang='lat' dir='ltr'>plantae,</span> <span class='ocrx_word' id='word_1_71' title='bbox 1112 1001 1221 1040; x_wconf 92' lang='lat' dir='ltr'>nec</span> <span class='ocrx_word' id='word_1_72' title='bbox 1267 992 1448 1052; x_wconf 88' lang='lat' dir='ltr'>astra,</span> <span class='ocrx_word' id='word_1_73' title='bbox 1481 1001 1589 1041; x_wconf 90' lang='lat' dir='ltr'>nec</span> <span class='ocrx_word' id='word_1_74' title='bbox 1625 1001 1744 1054; x_wconf 88' lang='lat' dir='ltr'>aer,</span> <span class='ocrx_word' id='word_1_75' title='bbox 1795 1000 1905 1040; x_wconf 92' lang='lat' dir='ltr'>nec</span> <span class='ocrx_word' id='word_1_76' title='bbox 1953 982 2098 1038; x_wconf 89' lang='lat' dir='ltr'>anni</span> 
     </span>
    </p>
   </div>
   <div class='ocr_carea' id='block_1_12' title="bbox 435 1073 2094 1146">
    <p class='ocr_par' dir='ltr' id='par_1_12' title="bbox 435 1073 2094 1146">
     <span class='ocr_line' id='line_1_12' title="bbox 435 1073 2094 1146; baseline -0.002 -16"><span class='ocrx_word' id='word_1_77' title='bbox 435 1081 730 1146; x_wconf 83' lang='lat' dir='ltr'>tempora,</span> <span class='ocrx_word' id='word_1_78' title='bbox 755 1091 864 1130; x_wconf 90' lang='lat' dir='ltr'>nec</span> <span class='ocrx_word' id='word_1_79' title='bbox 887 1075 1192 1146; x_wconf 83' lang='lat' dir='ltr'>multiplex</span> <span class='ocrx_word' id='word_1_80' title='bbox 1216 1075 1478 1130; x_wconf 78' lang='lat' dir='ltr'>universi</span> <span class='ocrx_word' id='word_1_81' title='bbox 1502 1081 1751 1130; x_wconf 91' lang='lat' dir='ltr'>ornatus</span> <span class='ocrx_word' id='word_1_82' title='bbox 1805 1073 2094 1129; x_wconf 82' lang='lat' dir='ltr'>excellen-</span> 
     </span>
    </p>
   </div>
   <div class='ocr_carea' id='block_1_13' title="bbox 437 1163 2093 1235">
    <p class='ocr_par' dir='ltr' id='par_1_13' title="bbox 437 1163 2093 1235">
     <span class='ocr_line' id='line_1_13' title="bbox 437 1163 2093 1235; baseline -0.002 -17"><span class='ocrx_word' id='word_1_83' title='bbox 437 1164 578 1218; x_wconf 92' lang='lat' dir='ltr'>tiam</span> <span class='ocrx_word' id='word_1_84' title='bbox 621 1165 899 1235; x_wconf 76' lang='lat' dir='ltr'>potentiae</span> <span class='ocrx_word' id='word_1_85' title='bbox 949 1163 1104 1217; x_wconf 91' lang='lat' dir='ltr'>illius</span> <span class='ocrx_word' id='word_1_86' title='bbox 1152 1163 1400 1234; x_wconf 85' lang='lat' dir='ltr'>perinde</span> <span class='ocrx_word' id='word_1_87' title='bbox 1449 1163 1857 1227; x_wconf 87' lang='lat' dir='ltr'>commendat,</span> <span class='ocrx_word' id='word_1_88' title='bbox 1915 1167 2093 1234; x_wconf 87' lang='lat' dir='ltr'>atque</span> 
     </span>
    </p>
   </div>
   <div class='ocr_carea' id='block_1_14' title="bbox 433 1252 2091 1324">
    <p class='ocr_par' dir='ltr' id='par_1_14' title="bbox 433 1252 2091 1324">
     <span class='ocr_line' id='line_1_14' title="bbox 433 1252 2091 1324; baseline -0.003 -16"><span class='ocrx_word' id='word_1_89' title='bbox 433 1253 598 1324; x_wconf 83' lang='lat' dir='ltr'>quod</span> <span class='ocrx_word' id='word_1_90' title='bbox 646 1257 797 1308; x_wconf 91' lang='lat' dir='ltr'>Deus</span> <span class='ocrx_word' id='word_1_91' title='bbox 829 1252 1454 1322; x_wconf 86' lang='lat' dir='ltr'>incomprehensibilis</span> <span class='ocrx_word' id='word_1_92' title='bbox 1485 1254 1675 1323; x_wconf 88' lang='lat' dir='ltr'>potuit</span> <span class='ocrx_word' id='word_1_93' title='bbox 1705 1268 1811 1323; x_wconf 90' lang='lat' dir='ltr'>per</span> <span class='ocrx_word' id='word_1_94' title='bbox 1849 1266 2091 1305; x_wconf 88' lang='lat' dir='ltr'>carnem</span> 
     </span>
    </p>
   </div>
   <div class='ocr_carea' id='block_1_15' title="bbox 434 1340 2093 1400">
    <p class='ocr_par' dir='ltr' id='par_1_15' title="bbox 434 1340 2093 1400">
     <span class='ocr_line' id='line_1_15' title="bbox 434 1340 2093 1400; baseline -0.002 -4"><span class='ocrx_word' id='word_1_95' title='bbox 434 1344 580 1396; x_wconf 90' lang='lat' dir='ltr'>citra</span> <span class='ocrx_word' id='word_1_96' title='bbox 606 1358 828 1397; x_wconf 83' lang='lat' dir='ltr'>noxam</span> <span class='ocrx_word' id='word_1_97' title='bbox 862 1358 999 1395; x_wconf 91' lang='lat' dir='ltr'>curn</span> <span class='ocrx_word' id='word_1_98' title='bbox 1043 1347 1232 1396; x_wconf 91' lang='lat' dir='ltr'>morte</span> <span class='ocrx_word' id='word_1_99' title='bbox 1279 1340 1628 1400; x_wconf 85' lang='lat' dir='ltr'>conﬂictari,</span> <span class='ocrx_word' id='word_1_100' title='bbox 1678 1347 1741 1394; x_wconf 89' lang='lat' dir='ltr'>ut</span> <span class='ocrx_word' id='word_1_101' title='bbox 1770 1340 1947 1394; x_wconf 89' lang='lat' dir='ltr'>nobis</span> <span class='ocrx_word' id='word_1_102' title='bbox 1979 1354 2093 1393; x_wconf 90' lang='lat' dir='ltr'>sua</span> 
     </span>
    </p>
   </div>
   <div class='ocr_carea' id='block_1_16' title="bbox 433 1428 2090 1502">
    <p class='ocr_par' dir='ltr' id='par_1_16' title="bbox 433 1428 2090 1502">
     <span class='ocr_line' id='line_1_16' title="bbox 433 1428 2090 1502; baseline -0.002 -17"><span class='ocrx_word' id='word_1_103' title='bbox 433 1432 621 1502; x_wconf 86' lang='lat' dir='ltr'>ipsius</span> <span class='ocrx_word' id='word_1_104' title='bbox 649 1431 930 1502; x_wconf 82' lang='lat' dir='ltr'>passione</span> <span class='ocrx_word' id='word_1_105' title='bbox 963 1430 1828 1499; x_wconf 83' lang='lat' dir='ltr'>largireturimmortalitatem,</span> <span class='ocrx_word' id='word_1_106' title='bbox 1851 1428 2014 1501; x_wconf 88' lang='lat' dir='ltr'>quod</span> <span class='ocrx_word' id='word_1_107' title='bbox 2042 1428 2090 1482; x_wconf 93' lang='lat' dir='ltr'>si</span> 
     </span>
    </p>
   </div>
   <div class='ocr_carea' id='block_1_17' title="bbox 435 1520 2087 1592">
    <p class='ocr_par' dir='ltr' id='par_1_17' title="bbox 435 1520 2087 1592">
     <span class='ocr_line' id='line_1_17' title="bbox 435 1520 2087 1592; baseline -0.002 -16"><span class='ocrx_word' id='word_1_108' title='bbox 435 1521 755 1592; x_wconf 79' lang='lat' dir='ltr'>Apostolus</span> <span class='ocrx_word' id='word_1_109' title='bbox 788 1520 902 1575; x_wconf 87' lang='lat' dir='ltr'>ait:</span> <span class='ocrx_word' id='word_1_110' title='bbox 933 1521 1001 1575; x_wconf 89' lang='lat' dir='ltr'>In</span> <span class='ocrx_word' id='word_1_111' title='bbox 1026 1521 1115 1576; x_wconf 75' lang='lat' dir='ltr'>his</span> <span class='ocrx_word' id='word_1_112' title='bbox 1137 1521 1410 1575; x_wconf 81' lang='lat' dir='ltr'>omnibus</span> <span class='ocrx_word' id='word_1_113' title='bbox 1437 1536 1789 1590; x_wconf 80' lang='lat' dir='ltr'>superamus</span> <span class='ocrx_word' id='word_1_114' title='bbox 1816 1534 1927 1587; x_wconf 79' lang='lat' dir='ltr'>per</span> <span class='ocrx_word' id='word_1_115' title='bbox 1957 1534 2087 1573; x_wconf 89' lang='lat' dir='ltr'>eum</span> 
     </span>
    </p>
   </div>
   <div class='ocr_carea' id='block_1_18' title="bbox 433 1606 2088 1684">
    <p class='ocr_par' dir='ltr' id='par_1_18' title="bbox 433 1606 2088 1684">
     <span class='ocr_line' id='line_1_18' title="bbox 433 1606 2088 1684; baseline -0.002 -18"><span class='ocrx_word' id='word_1_116' title='bbox 433 1606 535 1684; x_wconf 61' lang='lat' dir='ltr'>(fui</span> <span class='ocrx_word' id='word_1_117' title='bbox 577 1613 792 1667; x_wconf 75' lang='lat' dir='ltr'>dilexit</span> <span class='ocrx_word' id='word_1_118' title='bbox 839 1626 944 1665; x_wconf 86' lang='lat' dir='ltr'>nos</span> <span class='ocrx_word' id='word_1_119' title='bbox 966 1613 1051 1665; x_wconf 64' lang='lat'>53‘:</span> <span class='ocrx_word' id='word_1_120' title='bbox 1103 1626 1493 1682; x_wconf 86' lang='lat' dir='ltr'>nequaquam</span> <span class='ocrx_word' id='word_1_121' title='bbox 1525 1611 1640 1664; x_wconf 90' lang='lat' dir='ltr'>hac</span> <span class='ocrx_word' id='word_1_122' title='bbox 1686 1625 1832 1664; x_wconf 87' lang='lat' dir='ltr'>voce</span> <span class='ocrx_word' id='word_1_123' title='bbox 1863 1607 2088 1662; x_wconf 88' lang='lat' dir='ltr'>humile</span> 
     </span>
    </p>
   </div>
   <div class='ocr_carea' id='block_1_19' title="bbox 429 1697 2085 1781">
    <p class='ocr_par' dir='ltr' id='par_1_19' title="bbox 429 1697 2085 1781">
     <span class='ocr_line' id='line_1_19' title="bbox 429 1697 2085 1781; baseline -0.004 -25"><span class='ocrx_word' id='word_1_124' title='bbox 429 1702 738 1774; x_wconf 88' lang='lat' dir='ltr'>quoddam</span> <span class='ocrx_word' id='word_1_125' title='bbox 762 1701 1161 1756; x_wconf 90' lang='lat' dir='ltr'>ministerium</span> <span class='ocrx_word' id='word_1_126' title='bbox 1179 1700 1540 1767; x_wconf 88' lang='lat' dir='ltr'>indicat,sed</span> <span class='ocrx_word' id='word_1_127' title='bbox 1558 1699 1847 1754; x_wconf 82' lang='lat' dir='ltr'>auxilium</span> <span class='ocrx_word' id='word_1_128' title='bbox 1864 1697 2085 1781; x_wconf 64' lang='lat' dir='ltr'>potips,</span> 
     </span>
    </p>
   </div>
   <div class='ocr_carea' id='block_1_20' title="bbox 428 1786 2082 1863">
    <p class='ocr_par' dir='ltr' id='par_1_20' title="bbox 428 1786 2082 1863">
     <span class='ocr_line' id='line_1_20' title="bbox 428 1786 2082 1863; baseline -0.004 -18"><span class='ocrx_word' id='word_1_129' title='bbox 428 1791 591 1863; x_wconf 87' lang='lat' dir='ltr'>quod</span> <span class='ocrx_word' id='word_1_130' title='bbox 615 1807 720 1861; x_wconf 90' lang='lat' dir='ltr'>per</span> <span class='ocrx_word' id='word_1_131' title='bbox 741 1791 1061 1861; x_wconf 91' lang='lat' dir='ltr'>imperium</span> <span class='ocrx_word' id='word_1_132' title='bbox 1077 1806 1198 1844; x_wconf 74' lang='lat' dir='ltr'>suae</span> <span class='ocrx_word' id='word_1_133' title='bbox 1212 1790 1488 1861; x_wconf 64' lang='lat' dir='ltr'>potentiae</span> <span class='ocrx_word' id='word_1_134' title='bbox 1503 1794 1788 1860; x_wconf 89' lang='lat' dir='ltr'>operatur</span> <span class='ocrx_word' id='word_1_135' title='bbox 1805 1788 1864 1842; x_wconf 92' lang='lat' dir='ltr'>in</span> <span class='ocrx_word' id='word_1_136' title='bbox 1887 1786 2082 1841; x_wconf 90' lang='lat' dir='ltr'>nobis.</span> 
     </span>
    </p>
   </div>
   <div class='ocr_carea' id='block_1_21' title="bbox 429 1877 2086 1952">
    <p class='ocr_par' dir='ltr' id='par_1_21' title="bbox 429 1877 2086 1952">
     <span class='ocr_line' id='line_1_21' title="bbox 429 1877 2086 1952; baseline -0.003 -17"><span class='ocrx_word' id='word_1_137' title='bbox 429 1879 734 1952; x_wconf 88' lang='lat' dir='ltr'>Siquidem</span> <span class='ocrx_word' id='word_1_138' title='bbox 764 1880 963 1951; x_wconf 90' lang='lat' dir='ltr'>ipsum</span> <span class='ocrx_word' id='word_1_139' title='bbox 991 1879 1254 1950; x_wconf 84' lang='lat' dir='ltr'>alligavit</span> <span class='ocrx_word' id='word_1_140' title='bbox 1275 1879 1510 1944; x_wconf 81' lang='lat' dir='ltr'>fortem,</span> <span class='ocrx_word' id='word_1_141' title='bbox 1543 1877 1910 1949; x_wconf 86' lang='lat' dir='ltr'>diripuitque</span> <span class='ocrx_word' id='word_1_142' title='bbox 1939 1890 2086 1931; x_wconf 86' lang='lat' dir='ltr'>vasa</span> 
     </span>
    </p>
   </div>
   <div class='ocr_carea' id='block_1_22' title="bbox 423 1967 2086 2041">
    <p class='ocr_par' dir='ltr' id='par_1_22' title="bbox 423 1967 2086 2041">
     <span class='ocr_line' id='line_1_22' title="bbox 423 1967 2086 2041; baseline -0.002 -17"><span class='ocrx_word' id='word_1_143' title='bbox 423 1969 581 2024; x_wconf 92' lang='lat' dir='ltr'>illius</span> <span class='ocrx_word' id='word_1_144' title='bbox 594 1971 663 2035; x_wconf 65' lang='grc'>³⁸,</span> <span class='ocrx_word' id='word_1_145' title='bbox 692 1969 958 2024; x_wconf 81' lang='lat' dir='ltr'>videlicet</span> <span class='ocrx_word' id='word_1_146' title='bbox 978 1985 1111 2037; x_wconf 89' lang='lat' dir='ltr'>nos,</span> <span class='ocrx_word' id='word_1_147' title='bbox 1134 1968 1356 2041; x_wconf 87' lang='lat' dir='ltr'>quibus</span> <span class='ocrx_word' id='word_1_148' title='bbox 1380 1968 1457 2023; x_wconf 90' lang='lat' dir='ltr'>ad</span> <span class='ocrx_word' id='word_1_149' title='bbox 1485 1970 1692 2024; x_wconf 88' lang='lat' dir='ltr'>omnia</span> <span class='ocrx_word' id='word_1_150' title='bbox 1713 1967 1876 2023; x_wconf 90' lang='lat' dir='ltr'>mala</span> <span class='ocrx_word' id='word_1_151' title='bbox 1901 1980 2086 2038; x_wconf 87' lang='lat' dir='ltr'>opera</span> 
     </span>
    </p>
   </div>
   <div class='ocr_carea' id='block_1_23' title="bbox 424 2057 2084 2129">
    <p class='ocr_par' dir='ltr' id='par_1_23' title="bbox 424 2057 2084 2129">
     <span class='ocr_line' id='line_1_23' title="bbox 424 2057 2084 2129; baseline -0.002 -15"><span class='ocrx_word' id='word_1_152' title='bbox 424 2059 617 2114; x_wconf 78' lang='lat' dir='ltr'>fuerat</span> <span class='ocrx_word' id='word_1_153' title='bbox 641 2058 899 2125; x_wconf 90' lang='lat' dir='ltr'>abusus;</span> <span class='ocrx_word' id='word_1_154' title='bbox 932 2058 1186 2129; x_wconf 80' lang='lat' dir='ltr'>iecitque</span> <span class='ocrx_word' id='word_1_155' title='bbox 1215 2073 1364 2112; x_wconf 84' lang='lat' dir='ltr'>vasa</span> <span class='ocrx_word' id='word_1_156' title='bbox 1394 2057 1560 2112; x_wconf 87' lang='lat' dir='ltr'>utilia</span> <span class='ocrx_word' id='word_1_157' title='bbox 1590 2058 1866 2119; x_wconf 90' lang='lat' dir='ltr'>Domino,</span> <span class='ocrx_word' id='word_1_158' title='bbox 1898 2071 2084 2127; x_wconf 88' lang='lat' dir='ltr'>appa-</span> 
     </span>
    </p>
   </div>
   <div class='ocr_carea' id='block_1_24' title="bbox 423 2145 2085 2219">
    <p class='ocr_par' dir='ltr' id='par_1_24' title="bbox 423 2145 2085 2219">
     <span class='ocr_line' id='line_1_24' title="bbox 423 2145 2085 2219; baseline -0.001 -17"><span class='ocrx_word' id='word_1_159' title='bbox 423 2154 582 2203; x_wconf 87' lang='lat' dir='ltr'>ratos</span> <span class='ocrx_word' id='word_1_160' title='bbox 616 2149 693 2203; x_wconf 89' lang='lat' dir='ltr'>ad</span> <span class='ocrx_word' id='word_1_161' title='bbox 735 2164 914 2203; x_wconf 91' lang='lat' dir='ltr'>omne</span> <span class='ocrx_word' id='word_1_162' title='bbox 959 2164 1115 2219; x_wconf 86' lang='lat' dir='ltr'>opus</span> <span class='ocrx_word' id='word_1_163' title='bbox 1145 2148 1376 2202; x_wconf 87' lang='lat' dir='ltr'>bonum</span> <span class='ocrx_word' id='word_1_164' title='bbox 1402 2148 1470 2211; x_wconf 69' lang='lat'>‘5,</span> <span class='ocrx_word' id='word_1_165' title='bbox 1523 2163 1628 2218; x_wconf 88' lang='lat' dir='ltr'>per</span> <span class='ocrx_word' id='word_1_166' title='bbox 1655 2146 1825 2202; x_wconf 89' lang='lat' dir='ltr'>liberi</span> <span class='ocrx_word' id='word_1_167' title='bbox 1856 2145 2085 2206; x_wconf 86' lang='lat' dir='ltr'>arbitrii</span> 
     </span>
    </p>
   </div>
   <div class='ocr_carea' id='block_1_25' title="bbox 421 2235 2083 2311">
    <p class='ocr_par' dir='ltr' id='par_1_25' title="bbox 421 2235 2083 2311">
     <span class='ocr_line' id='line_1_25' title="bbox 421 2235 2083 2311; baseline -0.002 -17"><span class='ocrx_word' id='word_1_168' title='bbox 421 2241 606 2294; x_wconf 90' lang='lat' dir='ltr'>nostri</span> <span class='ocrx_word' id='word_1_169' title='bbox 641 2239 1169 2311; x_wconf 65' lang='lat' dir='ltr'>praeparationem.</span> <span class='ocrx_word' id='word_1_170' title='bbox 1198 2240 1314 2292; x_wconf 86' lang='lat' dir='ltr'>Iloc</span> <span class='ocrx_word' id='word_1_171' title='bbox 1337 2244 1513 2309; x_wconf 91' lang='lat' dir='ltr'>pacto</span> <span class='ocrx_word' id='word_1_172' title='bbox 1535 2253 1848 2292; x_wconf 88' lang='lat' dir='ltr'>accessum</span> <span class='ocrx_word' id='word_1_173' title='bbox 1872 2235 1945 2291; x_wconf 91' lang='lat' dir='ltr'>ad</span> <span class='ocrx_word' id='word_1_174' title='bbox 1977 2238 2083 2291; x_wconf 85' lang='lat' dir='ltr'>Pa&#39;</span> 
     </span>
    </p>
   </div>
   <div class='ocr_carea' id='block_1_26' title="bbox 420 2327 2079 2399">
    <p class='ocr_par' dir='ltr' id='par_1_26' title="bbox 420 2327 2079 2399">
     <span class='ocr_line' id='line_1_26' title="bbox 420 2327 2079 2399; baseline -0.002 -15"><span class='ocrx_word' id='word_1_175' title='bbox 420 2335 570 2384; x_wconf 87' lang='lat' dir='ltr'>trem</span> <span class='ocrx_word' id='word_1_176' title='bbox 603 2329 929 2384; x_wconf 90' lang='lat' dir='ltr'>habuimus</span> <span class='ocrx_word' id='word_1_177' title='bbox 962 2344 1066 2399; x_wconf 92' lang='lat' dir='ltr'>per</span> <span class='ocrx_word' id='word_1_178' title='bbox 1108 2328 1328 2399; x_wconf 86' lang='lat' dir='ltr'>ipsum,</span> <span class='ocrx_word' id='word_1_179' title='bbox 1364 2327 1632 2382; x_wconf 87' lang='lat' dir='ltr'>translati</span> <span class='ocrx_word' id='word_1_180' title='bbox 1666 2327 1739 2382; x_wconf 91' lang='lat' dir='ltr'>de</span> <span class='ocrx_word' id='word_1_181' title='bbox 1786 2332 2079 2398; x_wconf 90' lang='lat' dir='ltr'>potestate</span> 
     </span>
    </p>
   </div>
   <div class='ocr_carea' id='block_1_27' title="bbox 420 2416 2073 2488">
    <p class='ocr_par' dir='ltr' id='par_1_27' title="bbox 420 2416 2073 2488">
     <span class='ocr_line' id='line_1_27' title="bbox 420 2416 2073 2488; baseline -0.003 -14"><span class='ocrx_word' id='word_1_182' title='bbox 420 2419 806 2474; x_wconf 88' lang='lat' dir='ltr'>tenebrarum</span> <span class='ocrx_word' id='word_1_183' title='bbox 823 2419 879 2472; x_wconf 92' lang='lat' dir='ltr'>in</span> <span class='ocrx_word' id='word_1_184' title='bbox 897 2424 1126 2488; x_wconf 86' lang='lat' dir='ltr'>partem</span> <span class='ocrx_word' id='word_1_185' title='bbox 1140 2418 1315 2472; x_wconf 86' lang='lat' dir='ltr'>sortis</span> <span class='ocrx_word' id='word_1_186' title='bbox 1329 2423 1673 2472; x_wconf 89' lang='lat' dir='ltr'>sanctorum</span> <span class='ocrx_word' id='word_1_187' title='bbox 1691 2417 1746 2470; x_wconf 94' lang='lat' dir='ltr'>in</span> <span class='ocrx_word' id='word_1_188' title='bbox 1764 2416 1988 2470; x_wconf 87' lang='lat' dir='ltr'>lumine</span> <span class='ocrx_word' id='word_1_189' title='bbox 2004 2418 2073 2469; x_wconf 79' lang='grc'>⁵⁸.</span> 
     </span>
    </p>
   </div>
   <div class='ocr_carea' id='block_1_28' title="bbox 422 2505 2076 2579">
    <p class='ocr_par' dir='ltr' id='par_1_28' title="bbox 422 2505 2076 2579">
     <span class='ocr_line' id='line_1_28' title="bbox 422 2505 2076 2579; baseline -0.001 -17"><span class='ocrx_word' id='word_1_190' title='bbox 422 2510 502 2564; x_wconf 88' lang='lat' dir='ltr'>Ne</span> <span class='ocrx_word' id='word_1_191' title='bbox 546 2509 726 2577; x_wconf 81' lang='lat' dir='ltr'>igitur</span> <span class='ocrx_word' id='word_1_192' title='bbox 767 2507 1281 2579; x_wconf 88' lang='lat' dir='ltr'>dispensationem</span> <span class='ocrx_word' id='word_1_193' title='bbox 1315 2506 1434 2560; x_wconf 84' lang='lat' dir='ltr'>Filii</span> <span class='ocrx_word' id='word_1_194' title='bbox 1476 2512 1748 2560; x_wconf 90' lang='lat' dir='ltr'>coactum</span> <span class='ocrx_word' id='word_1_195' title='bbox 1777 2522 1848 2560; x_wconf 88' lang='lat' dir='ltr'>ex</span> <span class='ocrx_word' id='word_1_196' title='bbox 1879 2505 2076 2560; x_wconf 84' lang='lat' dir='ltr'>servili</span> 
     </span>
    </p>
   </div>
   <div class='ocr_carea' id='block_1_29' title="bbox 418 2595 2075 2653">
    <p class='ocr_par' dir='ltr' id='par_1_29' title="bbox 418 2595 2075 2653">
     <span class='ocr_line' id='line_1_29' title="bbox 418 2595 2075 2653; baseline -0.003 0"><span class='ocrx_word' id='word_1_197' title='bbox 418 2598 754 2653; x_wconf 88' lang='lat' dir='ltr'>humilitate</span> <span class='ocrx_word' id='word_1_198' title='bbox 778 2596 1172 2651; x_wconf 90' lang='lat' dir='ltr'>ministerium</span> <span class='ocrx_word' id='word_1_199' title='bbox 1196 2595 1635 2650; x_wconf 84' lang='lat' dir='ltr'>existimemus:</span> <span class='ocrx_word' id='word_1_200' title='bbox 1668 2595 1771 2650; x_wconf 91' lang='lat' dir='ltr'>sed</span> <span class='ocrx_word' id='word_1_201' title='bbox 1802 2595 2075 2649; x_wconf 86' lang='lat' dir='ltr'>volunta-</span> 
     </span>
    </p>
   </div>
   <div class='ocr_carea' id='block_1_30' title="bbox 416 2683 2070 2752">
    <p class='ocr_par' dir='ltr' id='par_1_30' title="bbox 416 2683 2070 2752">
     <span class='ocr_line' id='line_1_30' title="bbox 416 2683 2070 2752; baseline -0.003 -10"><span class='ocrx_word' id='word_1_202' title='bbox 416 2690 569 2742; x_wconf 85' lang='lat' dir='ltr'>riam</span> <span class='ocrx_word' id='word_1_203' title='bbox 622 2685 1082 2741; x_wconf 84' lang='lat' dir='ltr'>sollicitudinem</span> <span class='ocrx_word' id='word_1_204' title='bbox 1125 2701 1195 2738; x_wconf 85' lang='lat' dir='ltr'>ex</span> <span class='ocrx_word' id='word_1_205' title='bbox 1246 2684 1511 2738; x_wconf 87' lang='lat' dir='ltr'>bonitate</span> <span class='ocrx_word' id='word_1_206' title='bbox 1543 2699 1611 2738; x_wconf 92' lang='lat' dir='ltr'>ac</span> <span class='ocrx_word' id='word_1_207' title='bbox 1643 2683 2070 2752; x_wconf 83' lang='lat' dir='ltr'>misericordia,</span> 
     </span>
    </p>
   </div>
   <div class='ocr_carea' id='block_1_31' title="bbox 411 2773 2072 2847">
    <p class='ocr_par' dir='ltr' id='par_1_31' title="bbox 411 2773 2072 2847">
     <span class='ocr_line' id='line_1_31' title="bbox 411 2773 2072 2847; baseline -0.001 -17"><span class='ocrx_word' id='word_1_208' title='bbox 411 2777 586 2847; x_wconf 89' lang='lat' dir='ltr'>juxta</span> <span class='ocrx_word' id='word_1_209' title='bbox 616 2776 984 2830; x_wconf 73' lang='lat' dir='ltr'>voluntatem</span> <span class='ocrx_word' id='word_1_210' title='bbox 1011 2774 1109 2828; x_wconf 91' lang='lat' dir='ltr'>Dei</span> <span class='ocrx_word' id='word_1_211' title='bbox 1131 2778 1185 2827; x_wconf 88' lang='lat' dir='ltr'>et</span> <span class='ocrx_word' id='word_1_212' title='bbox 1211 2773 1415 2832; x_wconf 81' lang='lat' dir='ltr'>Patris.</span> <span class='ocrx_word' id='word_1_213' title='bbox 1447 2789 1590 2841; x_wconf 88' lang='lat' dir='ltr'>erga</span> <span class='ocrx_word' id='word_1_214' title='bbox 1616 2789 1794 2827; x_wconf 91' lang='lat' dir='ltr'>suum</span> <span class='ocrx_word' id='word_1_215' title='bbox 1818 2775 2072 2843; x_wconf 85' lang='lat' dir='ltr'>ﬁgmen-</span> 
     </span>
    </p>
   </div>
   <div class='ocr_carea' id='block_1_32' title="bbox 417 2862 2072 2934">
    <p class='ocr_par' dir='ltr' id='par_1_32' title="bbox 417 2862 2072 2934">
     <span class='ocr_line' id='line_1_32' title="bbox 417 2862 2072 2934; baseline -0.002 -14"><span class='ocrx_word' id='word_1_216' title='bbox 417 2871 542 2920; x_wconf 92' lang='lat' dir='ltr'>tum</span> <span class='ocrx_word' id='word_1_217' title='bbox 575 2865 925 2920; x_wconf 88' lang='lat' dir='ltr'>exhibitam.</span> <span class='ocrx_word' id='word_1_218' title='bbox 964 2864 1055 2919; x_wconf 87' lang='lat' dir='ltr'>Sic</span> <span class='ocrx_word' id='word_1_219' title='bbox 1086 2863 1243 2917; x_wconf 90' lang='lat' dir='ltr'>enim</span> <span class='ocrx_word' id='word_1_220' title='bbox 1279 2862 1657 2917; x_wconf 79' lang='lat' dir='ltr'>servabimus</span> <span class='ocrx_word' id='word_1_221' title='bbox 1686 2863 1991 2934; x_wconf 89' lang='lat' dir='ltr'>pietatem,</span> <span class='ocrx_word' id='word_1_222' title='bbox 2026 2864 2072 2917; x_wconf 90' lang='lat' dir='ltr'>si</span> 
     </span>
    </p>
   </div>
   <div class='ocr_carea' id='block_1_33' title="bbox 414 2952 2071 3023">
    <p class='ocr_par' dir='ltr' id='par_1_33' title="bbox 414 2952 2071 3023">
     <span class='ocr_line' id='line_1_33' title="bbox 414 2952 2071 3023; baseline -0.001 -14"><span class='ocrx_word' id='word_1_223' title='bbox 414 2954 473 3010; x_wconf 88' lang='lat' dir='ltr'>in</span> <span class='ocrx_word' id='word_1_224' title='bbox 505 2955 790 3009; x_wconf 90' lang='lat' dir='ltr'>omnibus</span> <span class='ocrx_word' id='word_1_225' title='bbox 815 2952 999 3008; x_wconf 87' lang='lat' dir='ltr'>rebus</span> <span class='ocrx_word' id='word_1_226' title='bbox 1026 2952 1102 3006; x_wconf 89' lang='lat' dir='ltr'>ab</span> <span class='ocrx_word' id='word_1_227' title='bbox 1130 2967 1200 3006; x_wconf 91' lang='lat' dir='ltr'>eo</span> <span class='ocrx_word' id='word_1_228' title='bbox 1225 2952 1482 3022; x_wconf 83' lang='lat' dir='ltr'>peractis</span> <span class='ocrx_word' id='word_1_229' title='bbox 1513 2957 1569 3006; x_wconf 90' lang='lat' dir='ltr'>et</span> <span class='ocrx_word' id='word_1_230' title='bbox 1609 2953 1718 3022; x_wconf 79' lang='lat'>16</span> <span class='ocrx_word' id='word_1_231' title='bbox 1743 2952 2071 3023; x_wconf 82' lang='lat' dir='ltr'>perfectam</span> 
     </span>
    </p>
   </div>
   <div class='ocr_carea' id='block_1_34' title="bbox 412 3040 2072 3115">
    <p class='ocr_par' dir='ltr' id='par_1_34' title="bbox 412 3040 2072 3115">
     <span class='ocr_line' id='line_1_34' title="bbox 412 3040 2072 3115; baseline -0.001 -16"><span class='ocrx_word' id='word_1_232' title='bbox 412 3044 493 3099; x_wconf 89' lang='lat' dir='ltr'>illi</span> <span class='ocrx_word' id='word_1_233' title='bbox 522 3043 853 3115; x_wconf 89' lang='lat' dir='ltr'>potentiam</span> <span class='ocrx_word' id='word_1_234' title='bbox 889 3043 1227 3096; x_wconf 88' lang='lat' dir='ltr'>testimonio</span> <span class='ocrx_word' id='word_1_235' title='bbox 1278 3047 1485 3096; x_wconf 90' lang='lat' dir='ltr'>nostro</span> <span class='ocrx_word' id='word_1_236' title='bbox 1517 3040 1929 3105; x_wconf 80' lang='lat' dir='ltr'>tribuerimus,</span> <span class='ocrx_word' id='word_1_237' title='bbox 1962 3057 2072 3097; x_wconf 88' lang='lat' dir='ltr'>nec</span> 
     </span>
    </p>
   </div>
   <div class='ocr_carea' id='block_1_35' title="bbox 411 3129 2068 3206">
    <p class='ocr_par' dir='ltr' id='par_1_35' title="bbox 411 3129 2068 3206">
     <span class='ocr_line' id='line_1_35' title="bbox 411 3129 2068 3206; baseline -0.001 -18"><span class='ocrx_word' id='word_1_238' title='bbox 411 3150 668 3206; x_wconf 74' lang='lat' dir='ltr'>usquam:-</span> <span class='ocrx_word' id='word_1_239' title='bbox 703 3133 870 3187; x_wconf 83' lang='lat' dir='ltr'>illum</span> <span class='ocrx_word' id='word_1_240' title='bbox 903 3148 937 3186; x_wconf 90' lang='lat' dir='ltr'>a</span> <span class='ocrx_word' id='word_1_241' title='bbox 962 3137 1216 3203; x_wconf 86' lang='lat' dir='ltr'>paterna</span> <span class='ocrx_word' id='word_1_242' title='bbox 1238 3129 1538 3185; x_wconf 76' lang='lat' dir='ltr'>voluntate</span> <span class='ocrx_word' id='word_1_243' title='bbox 1563 3132 2068 3201; x_wconf 86' lang='lat' dir='ltr'>separaverimus.</span> 
     </span>
    </p>
   </div>
   <div class='ocr_carea' id='block_1_36' title="bbox 412 3220 2072 3292">
    <p class='ocr_par' dir='ltr' id='par_1_36' title="bbox 412 3220 2072 3292">
     <span class='ocr_line' id='line_1_36' title="bbox 412 3220 2072 3292; baseline -0.001 -15"><span class='ocrx_word' id='word_1_244' title='bbox 412 3222 942 3288; x_wconf 88' lang='lat' dir='ltr'>Quemadmodum</span> <span class='ocrx_word' id='word_1_245' title='bbox 993 3221 1194 3291; x_wconf 89' lang='lat' dir='ltr'>utique</span> <span class='ocrx_word' id='word_1_246' title='bbox 1246 3235 1382 3273; x_wconf 83' lang='lat' dir='ltr'>cum</span> <span class='ocrx_word' id='word_1_247' title='bbox 1417 3220 1704 3274; x_wconf 89' lang='lat' dir='ltr'>Dominus</span> <span class='ocrx_word' id='word_1_248' title='bbox 1732 3220 2072 3292; x_wconf 88' lang='lat' dir='ltr'>appellatur</span> 
     </span>
    </p>
   </div>
   <div class='ocr_carea' id='block_1_37' title="bbox 408 3309 2066 3383">
    <p class='ocr_par' dir='ltr' id='par_1_37' title="bbox 408 3309 2066 3383">
     <span class='ocr_line' id='line_1_37' title="bbox 408 3309 2066 3383; baseline 0.001 -18"><span class='ocrx_word' id='word_1_249' title='bbox 408 3313 591 3373; x_wconf 63' lang='lat' dir='ltr'>via“,</span> <span class='ocrx_word' id='word_1_250' title='bbox 619 3312 697 3366; x_wconf 86' lang='lat' dir='ltr'>ad</span> <span class='ocrx_word' id='word_1_251' title='bbox 727 3311 1137 3366; x_wconf 79' lang='lat' dir='ltr'>sublimiorem</span> <span class='ocrx_word' id='word_1_252' title='bbox 1166 3309 1613 3378; x_wconf 81' lang='lat' dir='ltr'>intelligentiam</span> <span class='ocrx_word' id='word_1_253' title='bbox 1637 3311 1856 3382; x_wconf 87' lang='lat' dir='ltr'>potius,</span> <span class='ocrx_word' id='word_1_254' title='bbox 1880 3327 2066 3383; x_wconf 88' lang='lat' dir='ltr'>quam</span> 
     </span>
    </p>
   </div>
   <div class='ocr_carea' id='block_1_38' title="bbox 408 3398 2067 3470">
    <p class='ocr_par' dir='ltr' id='par_1_38' title="bbox 408 3398 2067 3470">
     <span class='ocr_line' id='line_1_38' title="bbox 408 3398 2067 3470; baseline 0 -14"><span class='ocrx_word' id='word_1_255' title='bbox 408 3401 488 3457; x_wconf 89' lang='lat' dir='ltr'>ad</span> <span class='ocrx_word' id='word_1_256' title='bbox 512 3400 820 3470; x_wconf 79' lang='lat' dir='ltr'>vulgarem</span> <span class='ocrx_word' id='word_1_257' title='bbox 836 3416 904 3454; x_wconf 90' lang='lat' dir='ltr'>ac</span> <span class='ocrx_word' id='word_1_258' title='bbox 917 3414 1303 3454; x_wconf 89' lang='lat' dir='ltr'>communem</span> <span class='ocrx_word' id='word_1_259' title='bbox 1319 3399 1523 3453; x_wconf 92' lang='lat' dir='ltr'>animo</span> <span class='ocrx_word' id='word_1_260' title='bbox 1540 3398 2067 3456; x_wconf 79' lang='lat' dir='ltr'>ferimur.Audien-</span> 
     </span>
    </p>
   </div>
   <div class='ocr_carea' id='block_1_39' title="bbox 407 3488 2064 3560">
    <p class='ocr_par' dir='ltr' id='par_1_39' title="bbox 407 3488 2064 3560">
     <span class='ocr_line' id='line_1_39' title="bbox 407 3488 2064 3560; baseline 0 -15"><span class='ocrx_word' id='word_1_261' title='bbox 407 3495 494 3545; x_wconf 89' lang='lat' dir='ltr'>tes</span> <span class='ocrx_word' id='word_1_262' title='bbox 525 3491 684 3544; x_wconf 91' lang='lat' dir='ltr'>enim</span> <span class='ocrx_word' id='word_1_263' title='bbox 707 3489 889 3554; x_wconf 85' lang='lat' dir='ltr'>viam,</span> <span class='ocrx_word' id='word_1_264' title='bbox 915 3488 1250 3560; x_wconf 83' lang='lat' dir='ltr'>profectum</span> <span class='ocrx_word' id='word_1_265' title='bbox 1278 3504 1437 3553; x_wconf 89' lang='lat' dir='ltr'>eum,</span> <span class='ocrx_word' id='word_1_266' title='bbox 1468 3489 1570 3558; x_wconf 91' lang='lat' dir='ltr'>qui</span> <span class='ocrx_word' id='word_1_267' title='bbox 1599 3489 1746 3542; x_wconf 91' lang='lat' dir='ltr'>serie</span> <span class='ocrx_word' id='word_1_268' title='bbox 1770 3494 1948 3560; x_wconf 86' lang='lat' dir='ltr'>atque</span> <span class='ocrx_word' id='word_1_269' title='bbox 1973 3506 2064 3545; x_wconf 85' lang='lat' dir='ltr'>or-</span> 
     </span>
    </p>
   </div>
   <div class='ocr_carea' id='block_1_40' title="bbox 405 3575 2061 3651">
    <p class='ocr_par' dir='ltr' id='par_1_40' title="bbox 405 3575 2061 3651">
     <span class='ocr_line' id='line_1_40' title="bbox 405 3575 2061 3651; baseline 0.001 -18"><span class='ocrx_word' id='word_1_270' title='bbox 405 3579 544 3635; x_wconf 89' lang='lat' dir='ltr'>dine</span> <span class='ocrx_word' id='word_1_271' title='bbox 571 3593 676 3651; x_wconf 90' lang='lat' dir='ltr'>per</span> <span class='ocrx_word' id='word_1_272' title='bbox 701 3578 944 3648; x_wconf 74' lang='lat' dir='ltr'>justitia:</span> <span class='ocrx_word' id='word_1_273' title='bbox 977 3593 1159 3648; x_wconf 89' lang='lat' dir='ltr'>opera</span> <span class='ocrx_word' id='word_1_274' title='bbox 1186 3583 1239 3631; x_wconf 93' lang='lat' dir='ltr'>et</span> <span class='ocrx_word' id='word_1_275' title='bbox 1268 3577 1524 3631; x_wconf 69' lang='lat' dir='ltr'>scientia:</span> <span class='ocrx_word' id='word_1_276' title='bbox 1556 3575 2061 3635; x_wconf 86' lang='lat' dir='ltr'>illuminationem</span> 
     </span>
    </p>
   </div>
   <div class='ocr_carea' id='block_1_41' title="bbox 404 3664 2057 3741">
    <p class='ocr_par' dir='ltr' id='par_1_41' title="bbox 404 3664 2057 3741">
     <span class='ocr_line' id='line_1_41' title="bbox 404 3664 2057 3741; baseline -0.001 -15"><span class='ocrx_word' id='word_1_277' title='bbox 404 3669 483 3726; x_wconf 88' lang='lat' dir='ltr'>ad</span> <span class='ocrx_word' id='word_1_278' title='bbox 525 3668 950 3741; x_wconf 83' lang='lat' dir='ltr'>perfectionem</span> <span class='ocrx_word' id='word_1_279' title='bbox 1004 3666 1212 3733; x_wconf 85' lang='lat' dir='ltr'>tendit,</span> <span class='ocrx_word' id='word_1_280' title='bbox 1260 3664 1664 3734; x_wconf 84' lang='lat' dir='ltr'>intelligimus,</span> <span class='ocrx_word' id='word_1_281' title='bbox 1718 3683 1955 3740; x_wconf 90' lang='lat' dir='ltr'>semper</span> <span class='ocrx_word' id='word_1_282' title='bbox 1997 3671 2057 3725; x_wconf 89' lang='lat' dir='ltr'>id</span> 
     </span>
    </p>
   </div>
   <div class='ocr_carea' id='block_1_42' title="bbox 402 3755 2059 3831">
    <p class='ocr_par' dir='ltr' id='par_1_42' title="bbox 402 3755 2059 3831">
     <span class='ocr_line' id='line_1_42' title="bbox 402 3755 2059 3831; baseline 0.001 -17"><span class='ocrx_word' id='word_1_283' title='bbox 402 3759 568 3831; x_wconf 90' lang='lat' dir='ltr'>quod</span> <span class='ocrx_word' id='word_1_284' title='bbox 591 3759 854 3814; x_wconf 89' lang='lat' dir='ltr'>anterius</span> <span class='ocrx_word' id='word_1_285' title='bbox 877 3762 966 3813; x_wconf 91' lang='lat' dir='ltr'>est</span> <span class='ocrx_word' id='word_1_286' title='bbox 988 3760 1361 3828; x_wconf 87' lang='lat' dir='ltr'>appetentes,</span> <span class='ocrx_word' id='word_1_287' title='bbox 1394 3759 1450 3810; x_wconf 87' lang='lat' dir='ltr'>et</span> <span class='ocrx_word' id='word_1_288' title='bbox 1483 3755 1558 3810; x_wconf 91' lang='lat' dir='ltr'>ad</span> <span class='ocrx_word' id='word_1_289' title='bbox 1583 3772 1653 3812; x_wconf 90' lang='lat' dir='ltr'>ea</span> <span class='ocrx_word' id='word_1_290' title='bbox 1678 3772 1812 3829; x_wconf 71' lang='lat' dir='ltr'>quze</span> <span class='ocrx_word' id='word_1_291' title='bbox 1834 3763 2059 3815; x_wconf 86' lang='lat' dir='ltr'>restant</span> 
     </span>
    </p>
   </div>
   <div class='ocr_carea' id='block_1_43' title="bbox 399 3843 2058 3919">
    <p class='ocr_par' dir='ltr' id='par_1_43' title="bbox 399 3843 2058 3919">
     <span class='ocr_line' id='line_1_43' title="bbox 399 3843 2058 3919; baseline -0.001 -15"><span class='ocrx_word' id='word_1_292' title='bbox 399 3849 804 3919; x_wconf 91' lang='lat' dir='ltr'>nosmetipsos</span> <span class='ocrx_word' id='word_1_293' title='bbox 825 3846 1210 3902; x_wconf 86' lang='lat' dir='ltr'>extendentes</span> <span class='ocrx_word' id='word_1_294' title='bbox 1224 3846 1292 3910; x_wconf 81' lang='grc'>⁵⁸,</span> <span class='ocrx_word' id='word_1_295' title='bbox 1321 3843 1514 3899; x_wconf 91' lang='lat' dir='ltr'>donec</span> <span class='ocrx_word' id='word_1_296' title='bbox 1536 3846 1957 3916; x_wconf 85' lang='lat' dir='ltr'>perveniamus</span> <span class='ocrx_word' id='word_1_297' title='bbox 1981 3848 2058 3903; x_wconf 87' lang='lat' dir='ltr'>ad</span> 
     </span>
    </p>
   </div>
   <div class='ocr_carea' id='block_1_44' title="bbox 399 3934 2056 4007">
    <p class='ocr_par' dir='ltr' id='par_1_44' title="bbox 399 3934 2056 4007">
     <span class='ocr_line' id='line_1_44' title="bbox 399 3934 2056 4007; baseline 0.001 -16"><span class='ocrx_word' id='word_1_298' title='bbox 399 3937 644 3992; x_wconf 87' lang='lat' dir='ltr'>beatum</span> <span class='ocrx_word' id='word_1_299' title='bbox 662 3937 866 4002; x_wconf 89' lang='lat' dir='ltr'>ﬁnem,</span> <span class='ocrx_word' id='word_1_300' title='bbox 882 3952 1016 4007; x_wconf 69' lang='lat' dir='ltr'>quae</span> <span class='ocrx_word' id='word_1_301' title='bbox 1035 3941 1121 3990; x_wconf 88' lang='lat' dir='ltr'>est</span> <span class='ocrx_word' id='word_1_302' title='bbox 1145 3935 1242 3989; x_wconf 94' lang='lat' dir='ltr'>Dei</span> <span class='ocrx_word' id='word_1_303' title='bbox 1263 3934 1544 4003; x_wconf 87' lang='lat' dir='ltr'>cognitio,</span> <span class='ocrx_word' id='word_1_304' title='bbox 1559 3950 1746 4005; x_wconf 90' lang='lat' dir='ltr'>quam</span> <span class='ocrx_word' id='word_1_305' title='bbox 1766 3937 2056 3992; x_wconf 91' lang='lat' dir='ltr'>Dominus</span> 
     </span>
    </p>
   </div>
   <div class='ocr_carea' id='block_1_45' title="bbox 400 4023 2056 4100">
    <p class='ocr_par' dir='ltr' id='par_1_45' title="bbox 400 4023 2056 4100">
     <span class='ocr_line' id='line_1_45' title="bbox 400 4023 2056 4100; baseline 0 -17"><span class='ocrx_word' id='word_1_306' title='bbox 400 4044 506 4100; x_wconf 89' lang='lat' dir='ltr'>per</span> <span class='ocrx_word' id='word_1_307' title='bbox 553 4043 680 4081; x_wconf 90' lang='lat' dir='ltr'>sese</span> <span class='ocrx_word' id='word_1_308' title='bbox 726 4027 787 4082; x_wconf 90' lang='lat' dir='ltr'>in</span> <span class='ocrx_word' id='word_1_309' title='bbox 832 4027 1032 4098; x_wconf 90' lang='lat' dir='ltr'>ipsum</span> <span class='ocrx_word' id='word_1_310' title='bbox 1079 4023 1463 4079; x_wconf 87' lang='lat' dir='ltr'>credentibus</span> <span class='ocrx_word' id='word_1_311' title='bbox 1510 4023 1781 4093; x_wconf 87' lang='lat' dir='ltr'>largitur.</span> <span class='ocrx_word' id='word_1_312' title='bbox 1832 4029 2056 4083; x_wconf 75' lang='lat' dir='ltr'>Revera</span> 
     </span>
    </p>
   </div>
   <div class='ocr_carea' id='block_1_46' title="bbox 397 4114 2052 4186">
    <p class='ocr_par' dir='ltr' id='par_1_46' title="bbox 397 4114 2052 4186">
     <span class='ocr_line' id='line_1_46' title="bbox 397 4114 2052 4186; baseline 0.001 -14"><span class='ocrx_word' id='word_1_313' title='bbox 397 4118 555 4172; x_wconf 91' lang='lat' dir='ltr'>enim</span> <span class='ocrx_word' id='word_1_314' title='bbox 579 4117 741 4171; x_wconf 89' lang='lat' dir='ltr'>bona</span> <span class='ocrx_word' id='word_1_315' title='bbox 758 4121 845 4171; x_wconf 88' lang='lat' dir='ltr'>est</span> <span class='ocrx_word' id='word_1_316' title='bbox 863 4116 975 4177; x_wconf 90' lang='lat' dir='ltr'>via,</span> <span class='ocrx_word' id='word_1_317' title='bbox 991 4114 1440 4169; x_wconf 85' lang='lat' dir='ltr'>exorbitationis</span> <span class='ocrx_word' id='word_1_318' title='bbox 1463 4114 1804 4186; x_wconf 90' lang='lat' dir='ltr'>errorisque</span> <span class='ocrx_word' id='word_1_319' title='bbox 1826 4119 2052 4186; x_wconf 89' lang='lat' dir='ltr'>nescia,</span> 
     </span>
    </p>
   </div>
   <div class='ocr_carea' id='block_1_47' title="bbox 397 4202 2048 4274">
    <p class='ocr_par' dir='ltr' id='par_1_47' title="bbox 397 4202 2048 4274">
     <span class='ocr_line' id='line_1_47' title="bbox 397 4202 2048 4274; baseline 0 -13"><span class='ocrx_word' id='word_1_320' title='bbox 397 4206 685 4261; x_wconf 91' lang='lat' dir='ltr'>Dominus</span> <span class='ocrx_word' id='word_1_321' title='bbox 707 4209 932 4270; x_wconf 89' lang='lat' dir='ltr'>noster,</span> <span class='ocrx_word' id='word_1_322' title='bbox 950 4204 1022 4258; x_wconf 90' lang='lat' dir='ltr'>ad</span> <span class='ocrx_word' id='word_1_323' title='bbox 1048 4206 1302 4268; x_wconf 88' lang='lat' dir='ltr'>Patrem,</span> <span class='ocrx_word' id='word_1_324' title='bbox 1327 4202 1429 4274; x_wconf 90' lang='lat' dir='ltr'>qui</span> <span class='ocrx_word' id='word_1_325' title='bbox 1452 4218 1662 4258; x_wconf 80' lang='lat' dir='ltr'>verum</span> <span class='ocrx_word' id='word_1_326' title='bbox 1688 4203 1915 4260; x_wconf 90' lang='lat' dir='ltr'>bonum</span> <span class='ocrx_word' id='word_1_327' title='bbox 1943 4211 2048 4270; x_wconf 86' lang='lat' dir='ltr'>est,</span> 
     </span>
    </p>
   </div>
   <div class='ocr_carea' id='block_1_48' title="bbox 2207 444 3790 523">
    <p class='ocr_par' dir='ltr' id='par_1_48' title="bbox 2207 444 3790 523">
     <span class='ocr_line' id='line_1_48' title="bbox 2207 444 3790 523; baseline 0.003 -25"><span class='ocrx_word' id='word_1_328' title='bbox 2207 447 2435 517; x_wconf 87' lang='grc' dir='ltr'>μεγάλης</span> <span class='ocrx_word' id='word_1_329' title='bbox 2476 444 2744 520; x_wconf 76' lang='grc' dir='ltr'>δυνάμεως</span> <span class='ocrx_word' id='word_1_330' title='bbox 2793 450 2924 520; x_wconf 85' lang='grc' dir='ltr'>ὁμοῦ</span> <span class='ocrx_word' id='word_1_331' title='bbox 2973 453 3062 501; x_wconf 82' lang='grc' dir='ltr'>καὶ</span> <span class='ocrx_word' id='word_1_332' title='bbox 3122 449 3510 523; x_wconf 66' lang='grc' dir='ltr'>φιλανθρωπίας</span> <span class='ocrx_word' id='word_1_333' title='bbox 3556 458 3645 502; x_wconf 85' lang='grc' dir='ltr'>τοῦ</span> <span class='ocrx_word' id='word_1_334' title='bbox 3699 460 3790 502; x_wconf 74' lang='grc' dir='ltr'>σῶ-</span> 
     </span>
    </p>
   </div>
   <div class='ocr_carea' id='block_1_49' title="bbox 2209 536 3792 611">
    <p class='ocr_par' dir='ltr' id='par_1_49' title="bbox 2209 536 3792 611">
     <span class='ocr_line' id='line_1_49' title="bbox 2209 536 3792 611; baseline 0.004 -25"><span class='ocrx_word' id='word_1_335' title='bbox 2209 536 2377 596; x_wconf 79' lang='grc' dir='ltr'>ζοντος</span> <span class='ocrx_word' id='word_1_336' title='bbox 2407 536 2728 608; x_wconf 69' lang='grc' dir='ltr'>ἐμποιοῦσιν,</span> <span class='ocrx_word' id='word_1_337' title='bbox 2774 540 2852 589; x_wconf 87' lang='grc' dir='ltr'>ὅτι</span> <span class='ocrx_word' id='word_1_338' title='bbox 2896 543 2984 589; x_wconf 80' lang='grc' dir='ltr'>καί</span> <span class='ocrx_word' id='word_1_339' title='bbox 3016 539 3269 611; x_wconf 76' lang='grc' dir='ltr'>ἠνέσχετο</span> <span class='ocrx_word' id='word_1_340' title='bbox 3312 543 3660 610; x_wconf 75' lang='grc' dir='ltr'>συμπαθήσαι</span> <span class='ocrx_word' id='word_1_341' title='bbox 3692 547 3792 602; x_wconf 85' lang='grc' dir='ltr'>ταῖς</span> 
     </span>
    </p>
   </div>
   <div class='ocr_carea' id='block_1_50' title="bbox 2206 624 3790 703">
    <p class='ocr_par' dir='ltr' id='par_1_50' title="bbox 2206 624 3790 703">
     <span class='ocr_line' id='line_1_50' title="bbox 2206 624 3790 703; baseline 0.003 -28"><span class='ocrx_word' id='word_1_342' title='bbox 2206 625 2495 686; x_wconf 75' lang='grc' dir='ltr'>ἀσθενείαις</span> <span class='ocrx_word' id='word_1_343' title='bbox 2570 629 2735 697; x_wconf 79' lang='grc' dir='ltr'>ήμῶν,</span> <span class='ocrx_word' id='word_1_344' title='bbox 2803 632 2891 678; x_wconf 84' lang='grc' dir='ltr'>καὶ</span> <span class='ocrx_word' id='word_1_345' title='bbox 2954 624 3180 685; x_wconf 73' lang='grc' dir='ltr'>ἐδυνήθη</span> <span class='ocrx_word' id='word_1_346' title='bbox 3249 632 3378 700; x_wconf 85' lang='grc' dir='ltr'>πρὸς</span> <span class='ocrx_word' id='word_1_347' title='bbox 3441 635 3499 680; x_wconf 91' lang='grc' dir='ltr'>τό</span> <span class='ocrx_word' id='word_1_348' title='bbox 3563 632 3790 703; x_wconf 70' lang='grc' dir='ltr'>ἡμέτερον</span> 
     </span>
    </p>
   </div>
   <div class='ocr_carea' id='block_1_51' title="bbox 2208 711 3786 794">
    <p class='ocr_par' dir='ltr' id='par_1_51' title="bbox 2208 711 3786 794">
     <span class='ocr_line' id='line_1_51' title="bbox 2208 711 3786 794; baseline 0.005 -31"><span class='ocrx_word' id='word_1_349' title='bbox 2208 711 2415 776; x_wconf 72' lang='grc' dir='ltr'>ἀσθενὲς</span> <span class='ocrx_word' id='word_1_350' title='bbox 2446 716 2737 774; x_wconf 80' lang='grc' dir='ltr'>καταϐῆναι</span> <span class='ocrx_word' id='word_1_351' title='bbox 2771 733 2782 782; x_wconf 92' lang='grc'><strong>;</strong></span> <span class='ocrx_word' id='word_1_352' title='bbox 2828 720 2902 768; x_wconf 75' lang='grc' dir='ltr'>Ού</span> <span class='ocrx_word' id='word_1_353' title='bbox 2930 720 3030 791; x_wconf 81' lang='grc' dir='ltr'>γὰρ</span> <span class='ocrx_word' id='word_1_354' title='bbox 3061 726 3309 770; x_wconf 88' lang='grc' dir='ltr'>τοσοῦτον</span> <span class='ocrx_word' id='word_1_355' title='bbox 3349 719 3563 794; x_wconf 70' lang='grc' dir='ltr'>οὐρανός</span> <span class='ocrx_word' id='word_1_356' title='bbox 3599 726 3685 771; x_wconf 81' lang='grc' dir='ltr'>καὶ</span> <span class='ocrx_word' id='word_1_357' title='bbox 3727 728 3786 791; x_wconf 72' lang='grc' dir='ltr'>γῇ</span> 
     </span>
    </p>
   </div>
   <div class='ocr_carea' id='block_1_52' title="bbox 2206 806 3788 879">
    <p class='ocr_par' dir='ltr' id='par_1_52' title="bbox 2206 806 3788 879">
     <span class='ocr_line' id='line_1_52' title="bbox 2206 806 3788 879; baseline 0.003 -24"><span class='ocrx_word' id='word_1_358' title='bbox 2206 809 2293 856; x_wconf 86' lang='grc' dir='ltr'>καὶ</span> <span class='ocrx_word' id='word_1_359' title='bbox 2323 808 2389 856; x_wconf 79' lang='grc' dir='ltr'>τὰ</span> <span class='ocrx_word' id='word_1_360' title='bbox 2416 809 2603 876; x_wconf 86' lang='grc' dir='ltr'>μεγέθη</span> <span class='ocrx_word' id='word_1_361' title='bbox 2637 816 2735 857; x_wconf 84' lang='grc' dir='ltr'>τῶν</span> <span class='ocrx_word' id='word_1_362' title='bbox 2765 807 3020 879; x_wconf 89' lang='grc' dir='ltr'>πελαγῶν,</span> <span class='ocrx_word' id='word_1_363' title='bbox 3053 813 3142 859; x_wconf 84' lang='grc' dir='ltr'>καὶ</span> <span class='ocrx_word' id='word_1_364' title='bbox 3172 810 3238 859; x_wconf 81' lang='grc' dir='ltr'>τὰ</span> <span class='ocrx_word' id='word_1_365' title='bbox 3276 807 3322 858; x_wconf 84' lang='grc' dir='ltr'>ἐν</span> <span class='ocrx_word' id='word_1_366' title='bbox 3367 806 3533 861; x_wconf 75' lang='grc' dir='ltr'>ὕδασι</span> <span class='ocrx_word' id='word_1_367' title='bbox 3580 806 3788 862; x_wconf 78' lang='grc' dir='ltr'>διαιτω-</span> 
     </span>
    </p>
   </div>
   <div class='ocr_carea' id='block_1_53' title="bbox 2204 898 3790 970">
    <p class='ocr_par' dir='ltr' id='par_1_53' title="bbox 2204 898 3790 970">
     <span class='ocr_line' id='line_1_53' title="bbox 2204 898 3790 970; baseline 0.004 -26"><span class='ocrx_word' id='word_1_368' title='bbox 2204 913 2346 964; x_wconf 88' lang='grc' dir='ltr'>μενα,</span> <span class='ocrx_word' id='word_1_369' title='bbox 2378 899 2558 946; x_wconf 78' lang='grc' dir='ltr'>καὶτὰ</span> <span class='ocrx_word' id='word_1_370' title='bbox 2605 904 2826 970; x_wconf 84' lang='grc' dir='ltr'>χερσεία</span> <span class='ocrx_word' id='word_1_371' title='bbox 2878 906 2977 948; x_wconf 87' lang='grc' dir='ltr'>τῶν</span> <span class='ocrx_word' id='word_1_372' title='bbox 3038 898 3202 961; x_wconf 78' lang='grc' dir='ltr'>ζώων,</span> <span class='ocrx_word' id='word_1_373' title='bbox 3258 903 3342 948; x_wconf 80' lang='grc' dir='ltr'>καὶ</span> <span class='ocrx_word' id='word_1_374' title='bbox 3399 902 3462 949; x_wconf 77' lang='grc' dir='ltr'>τὰ</span> <span class='ocrx_word' id='word_1_375' title='bbox 3507 903 3659 970; x_wconf 67' lang='grc' dir='ltr'>φυτὰ,</span> <span class='ocrx_word' id='word_1_376' title='bbox 3710 904 3790 952; x_wconf 82' lang='grc' dir='ltr'>καὶ</span> 
     </span>
    </p>
   </div>
   <div class='ocr_carea' id='block_1_54' title="bbox 2205 982 3787 1060">
    <p class='ocr_par' dir='ltr' id='par_1_54' title="bbox 2205 982 3787 1060">
     <span class='ocr_line' id='line_1_54' title="bbox 2205 982 3787 1060; baseline 0.003 -26"><span class='ocrx_word' id='word_1_377' title='bbox 2205 982 2430 1056; x_wconf 78' lang='grc' dir='ltr'>ἀστέρες,</span> <span class='ocrx_word' id='word_1_378' title='bbox 2465 990 2552 1036; x_wconf 79' lang='grc' dir='ltr'>καὶ</span> <span class='ocrx_word' id='word_1_379' title='bbox 2597 984 2717 1058; x_wconf 78' lang='grc' dir='ltr'>ἀήρ,</span> <span class='ocrx_word' id='word_1_380' title='bbox 2769 991 2857 1037; x_wconf 85' lang='grc' dir='ltr'>καὶ</span> <span class='ocrx_word' id='word_1_381' title='bbox 2907 988 3058 1060; x_wconf 79' lang='grc' dir='ltr'>ὧραι,</span> <span class='ocrx_word' id='word_1_382' title='bbox 3112 992 3201 1039; x_wconf 84' lang='grc' dir='ltr'>καὶ</span> <span class='ocrx_word' id='word_1_383' title='bbox 3233 989 3261 1043; x_wconf 81' lang='grc' dir='ltr'><strong>ἠ</strong></span> <span class='ocrx_word' id='word_1_384' title='bbox 3296 987 3503 1044; x_wconf 77' lang='grc' dir='ltr'>ποικίλη</span> <span class='ocrx_word' id='word_1_385' title='bbox 3537 996 3627 1039; x_wconf 89' lang='grc' dir='ltr'>τοῦ</span> <span class='ocrx_word' id='word_1_386' title='bbox 3666 1009 3787 1039; x_wconf 79' lang='grc' dir='ltr'>παν-</span> 
     </span>
    </p>
   </div>
   <div class='ocr_carea' id='block_1_55' title="bbox 2202 1070 3786 1149">
    <p class='ocr_par' dir='ltr' id='par_1_55' title="bbox 2202 1070 3786 1149">
     <span class='ocr_line' id='line_1_55' title="bbox 2202 1070 3786 1149; baseline 0.003 -25"><span class='ocrx_word' id='word_1_387' title='bbox 2202 1078 2284 1132; x_wconf 89' lang='grc' dir='ltr'>τός</span> <span class='ocrx_word' id='word_1_388' title='bbox 2317 1070 2671 1146; x_wconf 76' lang='grc' dir='ltr'>διακόσμησις</span> <span class='ocrx_word' id='word_1_389' title='bbox 2701 1080 2759 1128; x_wconf 88' lang='grc' dir='ltr'>τό</span> <span class='ocrx_word' id='word_1_390' title='bbox 2785 1078 3038 1149; x_wconf 74' lang='grc' dir='ltr'>ὑπερέχον</span> <span class='ocrx_word' id='word_1_391' title='bbox 3080 1085 3175 1137; x_wconf 83' lang='grc' dir='ltr'>τῆς</span> <span class='ocrx_word' id='word_1_392' title='bbox 3223 1077 3414 1147; x_wconf 81' lang='grc' dir='ltr'>ἰσχύος</span> <span class='ocrx_word' id='word_1_393' title='bbox 3465 1084 3786 1142; x_wconf 80' lang='grc' dir='ltr'>συνίστησιν,</span> 
     </span>
    </p>
   </div>
   <div class='ocr_carea' id='block_1_56' title="bbox 2201 1161 3790 1239">
    <p class='ocr_par' dir='ltr' id='par_1_56' title="bbox 2201 1161 3790 1239">
     <span class='ocr_line' id='line_1_56' title="bbox 2201 1161 3790 1239; baseline 0.003 -26"><span class='ocrx_word' id='word_1_394' title='bbox 2201 1165 2320 1216; x_wconf 81' lang='grc' dir='ltr'>ὅσον</span> <span class='ocrx_word' id='word_1_395' title='bbox 2351 1169 2408 1215; x_wconf 87' lang='grc' dir='ltr'>τό</span> <span class='ocrx_word' id='word_1_396' title='bbox 2446 1161 2736 1224; x_wconf 76' lang='grc' dir='ltr'>δυνηθῆναι</span> <span class='ocrx_word' id='word_1_397' title='bbox 2775 1171 2860 1219; x_wconf 87' lang='grc' dir='ltr'>τόν</span> <span class='ocrx_word' id='word_1_398' title='bbox 2909 1169 3056 1238; x_wconf 76' lang='grc' dir='ltr'>Θεὸν,</span> <span class='ocrx_word' id='word_1_399' title='bbox 3108 1170 3193 1218; x_wconf 81' lang='grc' dir='ltr'>τόν</span> <span class='ocrx_word' id='word_1_400' title='bbox 3239 1166 3534 1239; x_wconf 80' lang='grc' dir='ltr'>ἀχωρητον,</span> <span class='ocrx_word' id='word_1_401' title='bbox 3587 1167 3790 1229; x_wconf 77' lang='grc' dir='ltr'>ἀπαθῶς</span> 
     </span>
    </p>
   </div>
   <div class='ocr_carea' id='block_1_57' title="bbox 2203 1249 3787 1328">
    <p class='ocr_par' dir='ltr' id='par_1_57' title="bbox 2203 1249 3787 1328">
     <span class='ocr_line' id='line_1_57' title="bbox 2203 1249 3787 1328; baseline 0.003 -26"><span class='ocrx_word' id='word_1_402' title='bbox 2203 1249 2296 1303; x_wconf 76' lang='grc' dir='ltr'>διὰ</span> <span class='ocrx_word' id='word_1_403' title='bbox 2354 1259 2546 1327; x_wconf 86' lang='grc' dir='ltr'>σαρκός</span> <span class='ocrx_word' id='word_1_404' title='bbox 2607 1256 2974 1327; x_wconf 75' lang='grc' dir='ltr'>συμπλακῆναι</span> <span class='ocrx_word' id='word_1_405' title='bbox 3020 1265 3092 1327; x_wconf 84' lang='grc' dir='ltr'>τῷ</span> <span class='ocrx_word' id='word_1_406' title='bbox 3141 1259 3366 1328; x_wconf 78' lang='grc' dir='ltr'>Θανάτῳ,</span> <span class='ocrx_word' id='word_1_407' title='bbox 3423 1259 3503 1308; x_wconf 84' lang='grc' dir='ltr'>ἱνα</span> <span class='ocrx_word' id='word_1_408' title='bbox 3559 1259 3680 1328; x_wconf 78' lang='grc' dir='ltr'>ἡμῖν</span> <span class='ocrx_word' id='word_1_409' title='bbox 3722 1265 3787 1325; x_wconf 81' lang='grc' dir='ltr'>τῶ</span> 
     </span>
    </p>
   </div>
   <div class='ocr_carea' id='block_1_58' title="bbox 2204 1338 3788 1420">
    <p class='ocr_par' dir='ltr' id='par_1_58' title="bbox 2204 1338 3788 1420">
     <span class='ocr_line' id='line_1_58' title="bbox 2204 1338 3788 1420; baseline 0.003 -29"><span class='ocrx_word' id='word_1_410' title='bbox 2204 1338 2325 1413; x_wconf 78' lang='grc' dir='ltr'>ἰδίῳ</span> <span class='ocrx_word' id='word_1_411' title='bbox 2352 1345 2506 1395; x_wconf 77' lang='grc' dir='ltr'>πάθει</span> <span class='ocrx_word' id='word_1_412' title='bbox 2549 1349 2643 1402; x_wconf 83' lang='grc' dir='ltr'>τήν</span> <span class='ocrx_word' id='word_1_413' title='bbox 2678 1345 2928 1398; x_wconf 75' lang='grc' dir='ltr'>ἀπάθειαν</span> <span class='ocrx_word' id='word_1_414' title='bbox 2959 1352 3279 1420; x_wconf 83' lang='grc' dir='ltr'>χαρίσηται,</span> <span class='ocrx_word' id='word_1_415' title='bbox 3332 1345 3436 1398; x_wconf 81' lang='grc' dir='ltr'>Κάν</span> <span class='ocrx_word' id='word_1_416' title='bbox 3485 1345 3604 1417; x_wconf 74' lang='grc' dir='ltr'>λέγῃ</span> <span class='ocrx_word' id='word_1_417' title='bbox 3659 1343 3714 1398; x_wconf 83' lang='grc' dir='ltr'>δε</span> <span class='ocrx_word' id='word_1_418' title='bbox 3765 1348 3788 1396; x_wconf 89' lang='lat'>6</span> 
     </span>
    </p>
   </div>
   <div class='ocr_carea' id='block_1_59' title="bbox 2201 1427 3789 1508">
    <p class='ocr_par' dir='ltr' id='par_1_59' title="bbox 2201 1427 3789 1508">
     <span class='ocr_line' id='line_1_59' title="bbox 2201 1427 3789 1508; baseline 0.001 -24"><span class='ocrx_word' id='word_1_419' title='bbox 2201 1427 2532 1502; x_wconf 78' lang='grc' dir='ltr'>Ἀπόστολος,</span> <span class='ocrx_word' id='word_1_420' title='bbox 2589 1435 2667 1486; x_wconf 83' lang='grc' dir='ltr'>ὅτι</span> <span class='ocrx_word' id='word_1_421' title='bbox 2723 1436 2800 1488; x_wconf 84' lang='grc' dir='ltr'>Ἐν</span> <span class='ocrx_word' id='word_1_422' title='bbox 2856 1439 3055 1495; x_wconf 75' lang='grc' dir='ltr'>τούτοις</span> <span class='ocrx_word' id='word_1_423' title='bbox 3101 1441 3261 1487; x_wconf 86' lang='grc' dir='ltr'>πᾶσιν</span> <span class='ocrx_word' id='word_1_424' title='bbox 3309 1436 3656 1508; x_wconf 72' lang='grc' dir='ltr'>ὑπερνικῶμεν</span> <span class='ocrx_word' id='word_1_425' title='bbox 3701 1431 3789 1486; x_wconf 75' lang='grc' dir='ltr'>διὰ</span> 
     </span>
    </p>
   </div>
   <div class='ocr_carea' id='block_1_60' title="bbox 2198 1522 3786 1597">
    <p class='ocr_par' dir='ltr' id='par_1_60' title="bbox 2198 1522 3786 1597">
     <span class='ocr_line' id='line_1_60' title="bbox 2198 1522 3786 1597; baseline 0.003 -25"><span class='ocrx_word' id='word_1_426' title='bbox 2198 1530 2288 1573; x_wconf 84' lang='grc' dir='ltr'>τοῦ</span> <span class='ocrx_word' id='word_1_427' title='bbox 2355 1522 2722 1593; x_wconf 80' lang='grc' dir='ltr'>ἀγαπήσαντος</span> <span class='ocrx_word' id='word_1_428' title='bbox 2786 1527 2920 1597; x_wconf 79' lang='grc' dir='ltr'>ἡμᾶς</span> <span class='ocrx_word' id='word_1_429' title='bbox 2950 1570 2963 1593; x_wconf 90' lang='grc'>,</span> <span class='ocrx_word' id='word_1_430' title='bbox 3023 1525 3151 1596; x_wconf 68' lang='grc' dir='ltr'>οὐχὶ</span> <span class='ocrx_word' id='word_1_431' title='bbox 3200 1529 3443 1581; x_wconf 87' lang='grc' dir='ltr'>ταπεινήν</span> <span class='ocrx_word' id='word_1_432' title='bbox 3495 1544 3611 1577; x_wconf 85' lang='grc' dir='ltr'>τινα</span> <span class='ocrx_word' id='word_1_433' title='bbox 3656 1526 3786 1582; x_wconf 79' lang='lat' dir='ltr'>6m:-</span> 
     </span>
    </p>
   </div>
   <div class='ocr_carea' id='block_1_61' title="bbox 2195 1613 3786 1686">
    <p class='ocr_par' dir='ltr' id='par_1_61' title="bbox 2195 1613 3786 1686">
     <span class='ocr_line' id='line_1_61' title="bbox 2195 1613 3786 1686; baseline 0 -22"><span class='ocrx_word' id='word_1_434' title='bbox 2195 1617 2375 1686; x_wconf 82' lang='grc' dir='ltr'>ρεσίαν</span> <span class='ocrx_word' id='word_1_435' title='bbox 2433 1613 2486 1664; x_wconf 79' lang='grc' dir='ltr'>ἐκ</span> <span class='ocrx_word' id='word_1_436' title='bbox 2538 1622 2628 1674; x_wconf 80' lang='grc' dir='ltr'>τῆς</span> <span class='ocrx_word' id='word_1_437' title='bbox 2673 1618 2912 1675; x_wconf 77' lang='grc' dir='ltr'>τοιαύτης</span> <span class='ocrx_word' id='word_1_438' title='bbox 2966 1622 3131 1686; x_wconf 79' lang='grc' dir='ltr'>φωνῆς</span> <span class='ocrx_word' id='word_1_439' title='bbox 3176 1613 3472 1679; x_wconf 79' lang='grc' dir='ltr'>ὑποϐάλλει,</span> <span class='ocrx_word' id='word_1_440' title='bbox 3526 1613 3650 1665; x_wconf 78' lang='grc' dir='ltr'>ἀλλά</span> <span class='ocrx_word' id='word_1_441' title='bbox 3699 1619 3786 1671; x_wconf 83' lang='grc' dir='ltr'>τήν</span> 
     </span>
    </p>
   </div>
   <div class='ocr_carea' id='block_1_62' title="bbox 2197 1701 3782 1778">
    <p class='ocr_par' dir='ltr' id='par_1_62' title="bbox 2197 1701 3782 1778">
     <span class='ocr_line' id='line_1_62' title="bbox 2197 1701 3782 1778; baseline -0.001 -24"><span class='ocrx_word' id='word_1_442' title='bbox 2197 1701 2243 1754; x_wconf 83' lang='grc' dir='ltr'>ἐν</span> <span class='ocrx_word' id='word_1_443' title='bbox 2311 1711 2382 1772; x_wconf 81' lang='grc' dir='ltr'>τῷ</span> <span class='ocrx_word' id='word_1_444' title='bbox 2447 1705 2623 1776; x_wconf 85' lang='grc' dir='ltr'>κράτει</span> <span class='ocrx_word' id='word_1_445' title='bbox 2678 1713 2769 1764; x_wconf 81' lang='grc' dir='ltr'>τῆς</span> <span class='ocrx_word' id='word_1_446' title='bbox 2837 1704 3028 1774; x_wconf 81' lang='grc' dir='ltr'>ἰσχύος</span> <span class='ocrx_word' id='word_1_447' title='bbox 3101 1703 3465 1778; x_wconf 72' lang='grc' dir='ltr'>ἐνεργουμένην</span> <span class='ocrx_word' id='word_1_448' title='bbox 3525 1701 3782 1774; x_wconf 83' lang='grc' dir='ltr'>βοήθειαν.</span> 
     </span>
    </p>
   </div>
   <div class='ocr_carea' id='block_1_63' title="bbox 2196 1790 3786 1867">
    <p class='ocr_par' dir='ltr' id='par_1_63' title="bbox 2196 1790 3786 1867">
     <span class='ocr_line' id='line_1_63' title="bbox 2196 1790 3786 1867; baseline -0.001 -21"><span class='ocrx_word' id='word_1_449' title='bbox 2196 1791 2362 1852; x_wconf 83' lang='grc' dir='ltr'>Αύτός</span> <span class='ocrx_word' id='word_1_450' title='bbox 2389 1795 2490 1865; x_wconf 81' lang='grc' dir='ltr'>γὰρ</span> <span class='ocrx_word' id='word_1_451' title='bbox 2542 1790 2710 1855; x_wconf 77' lang='grc' dir='ltr'>δήσας</span> <span class='ocrx_word' id='word_1_452' title='bbox 2759 1797 2845 1845; x_wconf 89' lang='grc' dir='ltr'>τὸν</span> <span class='ocrx_word' id='word_1_453' title='bbox 2910 1795 3153 1865; x_wconf 80' lang='grc' dir='ltr'>ἰσχυρόν,</span> <span class='ocrx_word' id='word_1_454' title='bbox 3197 1791 3488 1867; x_wconf 75' lang='grc' dir='ltr'>διήρπασεν</span> <span class='ocrx_word' id='word_1_455' title='bbox 3527 1793 3683 1844; x_wconf 72' lang='grc' dir='ltr'>αὐτοῦ</span> <span class='ocrx_word' id='word_1_456' title='bbox 3725 1795 3786 1844; x_wconf 78' lang='grc' dir='ltr'>τὰ</span> 
     </span>
    </p>
   </div>
   <div class='ocr_carea' id='block_1_64' title="bbox 2198 1881 3786 1958">
    <p class='ocr_par' dir='ltr' id='par_1_64' title="bbox 2198 1881 3786 1958">
     <span class='ocr_line' id='line_1_64' title="bbox 2198 1881 3786 1958; baseline -0.001 -23"><span class='ocrx_word' id='word_1_457' title='bbox 2198 1887 2380 1952; x_wconf 82' lang='grc' dir='ltr'>σκεύη,</span> <span class='ocrx_word' id='word_1_458' title='bbox 2431 1885 2590 1956; x_wconf 83' lang='grc' dir='ltr'>ἡμᾶς,</span> <span class='ocrx_word' id='word_1_459' title='bbox 2637 1881 2712 1945; x_wconf 81' lang='grc' dir='ltr'>οἷς</span> <span class='ocrx_word' id='word_1_460' title='bbox 2753 1885 2824 1945; x_wconf 82' lang='grc' dir='ltr'>εἰς</span> <span class='ocrx_word' id='word_1_461' title='bbox 2871 1891 3046 1936; x_wconf 81' lang='grc' dir='ltr'>πᾶσαν</span> <span class='ocrx_word' id='word_1_462' title='bbox 3090 1883 3338 1958; x_wconf 73' lang='grc' dir='ltr'>ἐνέργειαν</span> <span class='ocrx_word' id='word_1_463' title='bbox 3398 1887 3625 1957; x_wconf 73' lang='grc' dir='ltr'>πονηρὰν</span> <span class='ocrx_word' id='word_1_464' title='bbox 3674 1902 3786 1934; x_wconf 84' lang='grc' dir='ltr'>κατ-</span> 
     </span>
    </p>
   </div>
   <div class='ocr_carea' id='block_1_65' title="bbox 2195 1975 3781 2049">
    <p class='ocr_par' dir='ltr' id='par_1_65' title="bbox 2195 1975 3781 2049">
     <span class='ocr_line' id='line_1_65' title="bbox 2195 1975 3781 2049; baseline -0.001 -24"><span class='ocrx_word' id='word_1_465' title='bbox 2195 1978 2470 2049; x_wconf 73' lang='grc' dir='ltr'>εκέχρητο·</span> <span class='ocrx_word' id='word_1_466' title='bbox 2524 1980 2613 2026; x_wconf 81' lang='grc' dir='ltr'>καὶ</span> <span class='ocrx_word' id='word_1_467' title='bbox 2662 1975 2875 2032; x_wconf 80' lang='grc' dir='ltr'>ἐποίησε</span> <span class='ocrx_word' id='word_1_468' title='bbox 2924 1976 3081 2030; x_wconf 69' lang='grc' dir='ltr'>σκεύη</span> <span class='ocrx_word' id='word_1_469' title='bbox 3125 1977 3402 2046; x_wconf 68' lang='grc' dir='ltr'>εὔχρηστα</span> <span class='ocrx_word' id='word_1_470' title='bbox 3429 1980 3500 2042; x_wconf 82' lang='grc' dir='ltr'>τῷ</span> <span class='ocrx_word' id='word_1_471' title='bbox 3533 1976 3781 2043; x_wconf 71' lang='grc' dir='ltr'>Δεσπότη,</span> 
     </span>
    </p>
   </div>
   <div class='ocr_carea' id='block_1_66' title="bbox 2194 2060 3788 2138">
    <p class='ocr_par' dir='ltr' id='par_1_66' title="bbox 2194 2060 3788 2138">
     <span class='ocr_line' id='line_1_66' title="bbox 2194 2060 3788 2138; baseline -0.002 -23"><span class='ocrx_word' id='word_1_472' title='bbox 2194 2069 2309 2124; x_wconf 78' lang='grc' dir='ltr'>τοὺς</span> <span class='ocrx_word' id='word_1_473' title='bbox 2361 2068 2801 2138; x_wconf 82' lang='grc' dir='ltr'>κατηρτισμένους</span> <span class='ocrx_word' id='word_1_474' title='bbox 2860 2065 2927 2125; x_wconf 79' lang='grc' dir='ltr'>εἰς</span> <span class='ocrx_word' id='word_1_475' title='bbox 2981 2069 3079 2116; x_wconf 83' lang='grc' dir='ltr'>πᾶν</span> <span class='ocrx_word' id='word_1_476' title='bbox 3137 2066 3282 2136; x_wconf 85' lang='grc' dir='ltr'>ἔργον</span> <span class='ocrx_word' id='word_1_477' title='bbox 3341 2061 3535 2134; x_wconf 78' lang='grc' dir='ltr'>ἀγαθόν</span> <span class='ocrx_word' id='word_1_478' title='bbox 3585 2060 3641 2113; x_wconf 79' lang='grc' dir='ltr'>ἐκ</span> <span class='ocrx_word' id='word_1_479' title='bbox 3697 2069 3788 2122; x_wconf 74' lang='grc' dir='ltr'>τῆς</span> 
     </span>
    </p>
   </div>
   <div class='ocr_carea' id='block_1_67' title="bbox 2196 2148 3783 2226">
    <p class='ocr_par' dir='ltr' id='par_1_67' title="bbox 2196 2148 3783 2226">
     <span class='ocr_line' id='line_1_67' title="bbox 2196 2148 3783 2226; baseline -0.001 -22"><span class='ocrx_word' id='word_1_480' title='bbox 2196 2154 2496 2226; x_wconf 78' lang='grc' dir='ltr'>ἐτοιμασίας</span> <span class='ocrx_word' id='word_1_481' title='bbox 2525 2161 2617 2206; x_wconf 86' lang='grc' dir='ltr'>τοῦ</span> <span class='ocrx_word' id='word_1_482' title='bbox 2657 2152 2733 2224; x_wconf 58' lang='grc' dir='ltr'>ἐρ’</span> <span class='ocrx_word' id='word_1_483' title='bbox 2779 2154 2919 2224; x_wconf 76' lang='grc' dir='ltr'>ὑμῖν.</span> <span class='ocrx_word' id='word_1_484' title='bbox 2965 2153 3113 2204; x_wconf 77' lang='grc' dir='ltr'>Οὕτω</span> <span class='ocrx_word' id='word_1_485' title='bbox 3143 2156 3236 2209; x_wconf 84' lang='grc' dir='ltr'>τήν</span> <span class='ocrx_word' id='word_1_486' title='bbox 3287 2148 3360 2204; x_wconf 79' lang='grc' dir='ltr'>δι’</span> <span class='ocrx_word' id='word_1_487' title='bbox 3411 2151 3568 2203; x_wconf 69' lang='grc' dir='ltr'>αὑτοῦ</span> <span class='ocrx_word' id='word_1_488' title='bbox 3619 2169 3783 2222; x_wconf 87' lang='grc' dir='ltr'>προσ-</span> 
     </span>
    </p>
   </div>
   <div class='ocr_carea' id='block_1_68' title="bbox 2193 2239 3784 2315">
    <p class='ocr_par' dir='ltr' id='par_1_68' title="bbox 2193 2239 3784 2315">
     <span class='ocr_line' id='line_1_68' title="bbox 2193 2239 3784 2315; baseline -0.003 -20"><span class='ocrx_word' id='word_1_489' title='bbox 2193 2249 2403 2315; x_wconf 73' lang='grc' dir='ltr'>αγωγὴν</span> <span class='ocrx_word' id='word_1_490' title='bbox 2435 2244 2736 2315; x_wconf 80' lang='grc' dir='ltr'>ἐσχήκαμεν</span> <span class='ocrx_word' id='word_1_491' title='bbox 2762 2247 2888 2315; x_wconf 86' lang='grc' dir='ltr'>πρός</span> <span class='ocrx_word' id='word_1_492' title='bbox 2934 2246 3019 2294; x_wconf 90' lang='grc' dir='ltr'>τόν</span> <span class='ocrx_word' id='word_1_493' title='bbox 3069 2246 3294 2314; x_wconf 82' lang='grc' dir='ltr'>Πατέρα,</span> <span class='ocrx_word' id='word_1_494' title='bbox 3344 2242 3685 2312; x_wconf 81' lang='grc' dir='ltr'>μεταστάντες</span> <span class='ocrx_word' id='word_1_495' title='bbox 3732 2239 3784 2291; x_wconf 74' lang='grc' dir='ltr'>ἐκ</span> 
     </span>
    </p>
   </div>
   <div class='ocr_carea' id='block_1_69' title="bbox 2189 2328 3782 2404">
    <p class='ocr_par' dir='ltr' id='par_1_69' title="bbox 2189 2328 3782 2404">
     <span class='ocr_line' id='line_1_69' title="bbox 2189 2328 3782 2404; baseline -0.005 -17"><span class='ocrx_word' id='word_1_496' title='bbox 2189 2345 2279 2395; x_wconf 78' lang='grc' dir='ltr'>τῆς</span> <span class='ocrx_word' id='word_1_497' title='bbox 2311 2336 2548 2396; x_wconf 84' lang='grc' dir='ltr'>ἐξουσίας</span> <span class='ocrx_word' id='word_1_498' title='bbox 2576 2341 2667 2385; x_wconf 81' lang='grc' dir='ltr'>τοῦ</span> <span class='ocrx_word' id='word_1_499' title='bbox 2697 2337 2914 2392; x_wconf 86' lang='grc' dir='ltr'>σκότους</span> <span class='ocrx_word' id='word_1_500' title='bbox 2963 2333 3033 2392; x_wconf 84' lang='grc' dir='ltr'>εἰς</span> <span class='ocrx_word' id='word_1_501' title='bbox 3081 2336 3174 2389; x_wconf 82' lang='grc' dir='ltr'>τήν</span> <span class='ocrx_word' id='word_1_502' title='bbox 3222 2328 3413 2404; x_wconf 80' lang='grc' dir='ltr'>μερίδα</span> <span class='ocrx_word' id='word_1_503' title='bbox 3455 2338 3546 2383; x_wconf 86' lang='grc' dir='ltr'>τοῦ</span> <span class='ocrx_word' id='word_1_504' title='bbox 3595 2330 3782 2400; x_wconf 86' lang='grc' dir='ltr'>κλήρου</span> 
     </span>
    </p>
   </div>
   <div class='ocr_carea' id='block_1_70' title="bbox 2187 2418 3783 2495">
    <p class='ocr_par' dir='ltr' id='par_1_70' title="bbox 2187 2418 3783 2495">
     <span class='ocr_line' id='line_1_70' title="bbox 2187 2418 3783 2495; baseline -0.005 -17"><span class='ocrx_word' id='word_1_505' title='bbox 2187 2435 2286 2478; x_wconf 89' lang='grc' dir='ltr'>τῶν</span> <span class='ocrx_word' id='word_1_506' title='bbox 2318 2426 2478 2495; x_wconf 79' lang='grc' dir='ltr'>ἁγίων</span> <span class='ocrx_word' id='word_1_507' title='bbox 2510 2423 2557 2474; x_wconf 75' lang='grc' dir='ltr'>ἐν</span> <span class='ocrx_word' id='word_1_508' title='bbox 2597 2429 2668 2492; x_wconf 82' lang='grc' dir='ltr'>τῷ</span> <span class='ocrx_word' id='word_1_509' title='bbox 2710 2427 2860 2494; x_wconf 63' lang='grc' dir='ltr'>φωτί,</span> <span class='ocrx_word' id='word_1_510' title='bbox 2907 2427 2990 2480; x_wconf 82' lang='grc' dir='ltr'>Μή</span> <span class='ocrx_word' id='word_1_511' title='bbox 3025 2427 3197 2473; x_wconf 86' lang='grc' dir='ltr'>τοίνυν</span> <span class='ocrx_word' id='word_1_512' title='bbox 3225 2421 3279 2472; x_wconf 84' lang='grc' dir='ltr'>ὲκ</span> <span class='ocrx_word' id='word_1_513' title='bbox 3330 2418 3579 2481; x_wconf 79' lang='grc' dir='ltr'>δουλικῆς</span> <span class='ocrx_word' id='word_1_514' title='bbox 3608 2437 3783 2471; x_wconf 87' lang='grc' dir='ltr'>ταπει-</span> 
     </span>
    </p>
   </div>
   <div class='ocr_carea' id='block_1_71' title="bbox 2184 2505 3780 2583">
    <p class='ocr_par' dir='ltr' id='par_1_71' title="bbox 2184 2505 3780 2583">
     <span class='ocr_line' id='line_1_71' title="bbox 2184 2505 3780 2583; baseline -0.006 -15"><span class='ocrx_word' id='word_1_515' title='bbox 2184 2523 2399 2575; x_wconf 88' lang='grc' dir='ltr'>νότητος</span> <span class='ocrx_word' id='word_1_516' title='bbox 2456 2514 2856 2583; x_wconf 75' lang='grc' dir='ltr'>ἠναγκασμένην</span> <span class='ocrx_word' id='word_1_517' title='bbox 2913 2513 3201 2583; x_wconf 82' lang='grc' dir='ltr'>ὑπηρεσίαν</span> <span class='ocrx_word' id='word_1_518' title='bbox 3266 2519 3477 2582; x_wconf 83' lang='grc' dir='ltr'>νοῶμεν,</span> <span class='ocrx_word' id='word_1_519' title='bbox 3536 2515 3621 2566; x_wconf 85' lang='grc' dir='ltr'>τήν</span> <span class='ocrx_word' id='word_1_520' title='bbox 3688 2505 3780 2566; x_wconf 70' lang='grc' dir='ltr'>διὰ</span> 
     </span>
    </p>
   </div>
   <div class='ocr_carea' id='block_1_72' title="bbox 2185 2598 3775 2674">
    <p class='ocr_par' dir='ltr' id='par_1_72' title="bbox 2185 2598 3775 2674">
     <span class='ocr_line' id='line_1_72' title="bbox 2185 2598 3775 2674; baseline -0.004 -16"><span class='ocrx_word' id='word_1_521' title='bbox 2185 2610 2306 2658; x_wconf 83' lang='grc' dir='ltr'>Υἱοῦ</span> <span class='ocrx_word' id='word_1_522' title='bbox 2340 2605 2652 2674; x_wconf 83' lang='grc' dir='ltr'>οἰκονομίαν,</span> <span class='ocrx_word' id='word_1_523' title='bbox 2708 2600 2833 2653; x_wconf 80' lang='grc' dir='ltr'>ἀλλά</span> <span class='ocrx_word' id='word_1_524' title='bbox 2882 2606 2974 2659; x_wconf 84' lang='grc' dir='ltr'>τήν</span> <span class='ocrx_word' id='word_1_525' title='bbox 3023 2602 3258 2653; x_wconf 84' lang='grc' dir='ltr'>ἑκούσιον</span> <span class='ocrx_word' id='word_1_526' title='bbox 3308 2600 3612 2672; x_wconf 73' lang='grc' dir='ltr'>ἐπιμέλειαν,</span> <span class='ocrx_word' id='word_1_527' title='bbox 3646 2598 3775 2670; x_wconf 67' lang='grc' dir='ltr'>ἀγα-</span> 
     </span>
    </p>
   </div>
   <div class='ocr_carea' id='block_1_73' title="bbox 2186 2690 3777 2762">
    <p class='ocr_par' dir='ltr' id='par_1_73' title="bbox 2186 2690 3777 2762">
     <span class='ocr_line' id='line_1_73' title="bbox 2186 2690 3777 2762; baseline -0.005 -14"><span class='ocrx_word' id='word_1_528' title='bbox 2186 2699 2365 2752; x_wconf 83' lang='grc' dir='ltr'>θότητι</span> <span class='ocrx_word' id='word_1_529' title='bbox 2421 2699 2509 2744; x_wconf 80' lang='grc' dir='ltr'>καὶ</span> <span class='ocrx_word' id='word_1_530' title='bbox 2563 2690 2947 2762; x_wconf 69' lang='grc' dir='ltr'>εὐσπλαγχνίᾳ,</span> <span class='ocrx_word' id='word_1_531' title='bbox 3003 2694 3138 2742; x_wconf 79' lang='grc' dir='ltr'>κατὰ</span> <span class='ocrx_word' id='word_1_532' title='bbox 3179 2695 3235 2742; x_wconf 90' lang='lat'>76</span> <span class='ocrx_word' id='word_1_533' title='bbox 3283 2690 3480 2761; x_wconf 79' lang='grc' dir='ltr'>θέλημα</span> <span class='ocrx_word' id='word_1_534' title='bbox 3517 2697 3606 2741; x_wconf 91' lang='grc' dir='ltr'>τοῦ</span> <span class='ocrx_word' id='word_1_535' title='bbox 3647 2697 3777 2742; x_wconf 83' lang='grc' dir='ltr'>Θεοῦ</span> 
     </span>
    </p>
   </div>
   <div class='ocr_carea' id='block_1_74' title="bbox 2183 2777 3778 2856">
    <p class='ocr_par' dir='ltr' id='par_1_74' title="bbox 2183 2777 3778 2856">
     <span class='ocr_line' id='line_1_74' title="bbox 2183 2777 3778 2856; baseline -0.004 -20"><span class='ocrx_word' id='word_1_536' title='bbox 2183 2791 2272 2836; x_wconf 87' lang='grc' dir='ltr'>καὶ</span> <span class='ocrx_word' id='word_1_537' title='bbox 2350 2788 2578 2856; x_wconf 85' lang='grc' dir='ltr'>Πατρός,</span> <span class='ocrx_word' id='word_1_538' title='bbox 2635 2785 2753 2853; x_wconf 85' lang='grc' dir='ltr'>περὶ</span> <span class='ocrx_word' id='word_1_539' title='bbox 2807 2785 2862 2832; x_wconf 89' lang='grc' dir='ltr'>τό</span> <span class='ocrx_word' id='word_1_540' title='bbox 2919 2777 3057 2832; x_wconf 80' lang='grc' dir='ltr'>ἴδιον</span> <span class='ocrx_word' id='word_1_541' title='bbox 3111 2780 3328 2851; x_wconf 87' lang='grc' dir='ltr'>πλάσμα</span> <span class='ocrx_word' id='word_1_542' title='bbox 3393 2779 3778 2852; x_wconf 82' lang='grc' dir='ltr'>ἐνεργουμένην.</span> 
     </span>
    </p>
   </div>
   <div class='ocr_carea' id='block_1_75' title="bbox 2184 2868 3779 2945">
    <p class='ocr_par' dir='ltr' id='par_1_75' title="bbox 2184 2868 3779 2945">
     <span class='ocr_line' id='line_1_75' title="bbox 2184 2868 3779 2945; baseline -0.004 -19"><span class='ocrx_word' id='word_1_543' title='bbox 2184 2875 2334 2926; x_wconf 81' lang='grc' dir='ltr'>Οῦτω</span> <span class='ocrx_word' id='word_1_544' title='bbox 2394 2875 2496 2945; x_wconf 77' lang='grc' dir='ltr'>γὰρ</span> <span class='ocrx_word' id='word_1_545' title='bbox 2529 2872 2606 2942; x_wconf 87' lang='grc'>(1)</span> <span class='ocrx_word' id='word_1_546' title='bbox 2649 2868 3018 2942; x_wconf 70' lang='grc' dir='ltr'>εὐσεϐήσομεν,</span> <span class='ocrx_word' id='word_1_547' title='bbox 3078 2869 3127 2921; x_wconf 82' lang='grc' dir='ltr'>ἐν</span> <span class='ocrx_word' id='word_1_548' title='bbox 3179 2875 3314 2921; x_wconf 80' lang='grc' dir='ltr'>πᾶσι</span> <span class='ocrx_word' id='word_1_549' title='bbox 3361 2877 3466 2928; x_wconf 87' lang='grc' dir='ltr'>τοῖς</span> <span class='ocrx_word' id='word_1_550' title='bbox 3523 2868 3779 2921; x_wconf 80' lang='grc' dir='ltr'>ἐπιτελου-</span> 
     </span>
    </p>
   </div>
   <div class='ocr_carea' id='block_1_76' title="bbox 2182 2955 3774 3035">
    <p class='ocr_par' dir='ltr' id='par_1_76' title="bbox 2182 2955 3774 3035">
     <span class='ocr_line' id='line_1_76' title="bbox 2182 2955 3774 3035; baseline -0.004 -21"><span class='ocrx_word' id='word_1_551' title='bbox 2182 2969 2352 3035; x_wconf 81' lang='grc' dir='ltr'>μένοις</span> <span class='ocrx_word' id='word_1_552' title='bbox 2398 2966 2486 3013; x_wconf 81' lang='grc' dir='ltr'>καὶ</span> <span class='ocrx_word' id='word_1_553' title='bbox 2525 2961 2718 3012; x_wconf 82' lang='grc' dir='ltr'>τελείαν</span> <span class='ocrx_word' id='word_1_554' title='bbox 2771 2960 2912 3027; x_wconf 73' lang='grc' dir='ltr'>αὐτῷ</span> <span class='ocrx_word' id='word_1_555' title='bbox 2973 2967 3354 3033; x_wconf 83' lang='grc' dir='ltr'>μαρτυροῦντες</span> <span class='ocrx_word' id='word_1_556' title='bbox 3394 2963 3489 3015; x_wconf 85' lang='grc' dir='ltr'>τήν</span> <span class='ocrx_word' id='word_1_557' title='bbox 3533 2955 3774 3030; x_wconf 79' lang='grc' dir='ltr'>δύναμιν,</span> 
     </span>
    </p>
   </div>
   <div class='ocr_carea' id='block_1_77' title="bbox 2183 3046 3774 3125">
    <p class='ocr_par' dir='ltr' id='par_1_77' title="bbox 2183 3046 3774 3125">
     <span class='ocr_line' id='line_1_77' title="bbox 2183 3046 3774 3125; baseline -0.002 -20"><span class='ocrx_word' id='word_1_558' title='bbox 2183 3058 2270 3105; x_wconf 89' lang='grc' dir='ltr'>καὶ</span> <span class='ocrx_word' id='word_1_559' title='bbox 2293 3050 2530 3125; x_wconf 77' lang='grc' dir='ltr'>ούὸαμου</span> <span class='ocrx_word' id='word_1_560' title='bbox 2557 3070 2649 3103; x_wconf 86' lang='grc' dir='ltr'>του</span> <span class='ocrx_word' id='word_1_561' title='bbox 2681 3050 3010 3123; x_wconf 73' lang='grc' dir='ltr'>βουλήματος</span> <span class='ocrx_word' id='word_1_562' title='bbox 3039 3069 3131 3102; x_wconf 87' lang='grc' dir='ltr'>του</span> <span class='ocrx_word' id='word_1_563' title='bbox 3161 3057 3418 3123; x_wconf 81' lang='grc' dir='ltr'>πατρικοῦ</span> <span class='ocrx_word' id='word_1_564' title='bbox 3453 3046 3774 3110; x_wconf 79' lang='grc' dir='ltr'>διὶστῶντες.</span> 
     </span>
    </p>
   </div>
   <div class='ocr_carea' id='block_1_78' title="bbox 2179 3136 3777 3216">
    <p class='ocr_par' dir='ltr' id='par_1_78' title="bbox 2179 3136 3777 3216">
     <span class='ocr_line' id='line_1_78' title="bbox 2179 3136 3777 3216; baseline -0.003 -22"><span class='ocrx_word' id='word_1_565' title='bbox 2179 3141 2378 3216; x_wconf 84' lang='grc' dir='ltr'>Ὠσπερ</span> <span class='ocrx_word' id='word_1_566' title='bbox 2429 3138 2516 3193; x_wconf 79' lang='grc' dir='ltr'>οὖν</span> <span class='ocrx_word' id='word_1_567' title='bbox 2564 3145 2654 3192; x_wconf 85' lang='grc' dir='ltr'>καὶ</span> <span class='ocrx_word' id='word_1_568' title='bbox 2712 3141 2831 3191; x_wconf 81' lang='grc' dir='ltr'>ὅταν</span> <span class='ocrx_word' id='word_1_569' title='bbox 2879 3136 2996 3199; x_wconf 75' lang='grc' dir='ltr'>ὁδός</span> <span class='ocrx_word' id='word_1_570' title='bbox 3054 3141 3080 3190; x_wconf 93' lang='lat'>6</span> <span class='ocrx_word' id='word_1_571' title='bbox 3130 3141 3316 3212; x_wconf 80' lang='grc' dir='ltr'>Κύριος</span> <span class='ocrx_word' id='word_1_572' title='bbox 3364 3138 3598 3209; x_wconf 79' lang='grc' dir='ltr'>λέγηται,</span> <span class='ocrx_word' id='word_1_573' title='bbox 3648 3157 3777 3209; x_wconf 91' lang='grc' dir='ltr'>προς</span> 
     </span>
    </p>
   </div>
   <div class='ocr_carea' id='block_1_79' title="bbox 2179 3225 3778 3305">
    <p class='ocr_par' dir='ltr' id='par_1_79' title="bbox 2179 3225 3778 3305">
     <span class='ocr_line' id='line_1_79' title="bbox 2179 3225 3778 3305; baseline -0.003 -24"><span class='ocrx_word' id='word_1_574' title='bbox 2179 3231 2501 3305; x_wconf 64' lang='grc' dir='ltr'>ὑψηλοτέραν</span> <span class='ocrx_word' id='word_1_575' title='bbox 2543 3231 2756 3292; x_wconf 77' lang='grc' dir='ltr'>ἔννοιαν,</span> <span class='ocrx_word' id='word_1_576' title='bbox 2802 3227 2907 3279; x_wconf 80' lang='grc' dir='ltr'>ἀλλ’</span> <span class='ocrx_word' id='word_1_577' title='bbox 2949 3228 3076 3298; x_wconf 84' lang='grc' dir='ltr'>ούχὶ</span> <span class='ocrx_word' id='word_1_578' title='bbox 3121 3232 3246 3300; x_wconf 85' lang='grc' dir='ltr'>πρός</span> <span class='ocrx_word' id='word_1_579' title='bbox 3278 3232 3372 3284; x_wconf 82' lang='grc' dir='ltr'>τήν</span> <span class='ocrx_word' id='word_1_580' title='bbox 3413 3225 3468 3278; x_wconf 79' lang='grc' dir='ltr'>ἐκ</span> <span class='ocrx_word' id='word_1_581' title='bbox 3521 3233 3614 3278; x_wconf 88' lang='grc' dir='ltr'>τοῦ</span> <span class='ocrx_word' id='word_1_582' title='bbox 3653 3246 3778 3298; x_wconf 77' lang='grc' dir='ltr'>προ-</span> 
     </span>
    </p>
   </div>
   <div class='ocr_carea' id='block_1_80' title="bbox 2177 3312 3773 3395">
    <p class='ocr_par' dir='ltr' id='par_1_80' title="bbox 2177 3312 3773 3395">
     <span class='ocr_line' id='line_1_80' title="bbox 2177 3312 3773 3395; baseline -0.004 -22"><span class='ocrx_word' id='word_1_583' title='bbox 2177 3326 2362 3395; x_wconf 84' lang='grc' dir='ltr'>χείρου</span> <span class='ocrx_word' id='word_1_584' title='bbox 2419 3319 2808 3392; x_wconf 71' lang='grc' dir='ltr'>λαμϐανομένην</span> <span class='ocrx_word' id='word_1_585' title='bbox 2861 3319 3238 3392; x_wconf 74' lang='grc' dir='ltr'>ύποφερόμεθα.</span> <span class='ocrx_word' id='word_1_586' title='bbox 3309 3322 3414 3374; x_wconf 81' lang='grc' dir='ltr'>Τήν</span> <span class='ocrx_word' id='word_1_587' title='bbox 3465 3318 3563 3390; x_wconf 79' lang='grc' dir='ltr'>γὰρ</span> <span class='ocrx_word' id='word_1_588' title='bbox 3615 3312 3773 3389; x_wconf 79' lang='grc' dir='ltr'>είρμῷ</span> 
     </span>
    </p>
   </div>
   <div class='ocr_carea' id='block_1_81' title="bbox 2175 3404 3773 3479">
    <p class='ocr_par' dir='ltr' id='par_1_81' title="bbox 2175 3404 3773 3479">
     <span class='ocr_line' id='line_1_81' title="bbox 2175 3404 3773 3479; baseline -0.004 -16"><span class='ocrx_word' id='word_1_589' title='bbox 2175 3415 2264 3463; x_wconf 79' lang='grc' dir='ltr'>καὶ</span> <span class='ocrx_word' id='word_1_590' title='bbox 2295 3410 2435 3472; x_wconf 80' lang='grc' dir='ltr'>τάξει</span> <span class='ocrx_word' id='word_1_591' title='bbox 2484 3406 2575 3460; x_wconf 77' lang='grc' dir='ltr'>διὰ</span> <span class='ocrx_word' id='word_1_592' title='bbox 2621 3415 2720 3459; x_wconf 89' lang='grc' dir='ltr'>τῶν</span> <span class='ocrx_word' id='word_1_593' title='bbox 2778 3410 2936 3479; x_wconf 83' lang='grc' dir='ltr'>ἔργων</span> <span class='ocrx_word' id='word_1_594' title='bbox 2988 3414 3076 3466; x_wconf 84' lang='grc' dir='ltr'>τῆς</span> <span class='ocrx_word' id='word_1_595' title='bbox 3130 3404 3490 3473; x_wconf 81' lang='grc' dir='ltr'>δικαιοσύνης,</span> <span class='ocrx_word' id='word_1_596' title='bbox 3542 3410 3628 3458; x_wconf 85' lang='grc' dir='ltr'>καὶ</span> <span class='ocrx_word' id='word_1_597' title='bbox 3679 3413 3773 3457; x_wconf 87' lang='grc' dir='ltr'>τοῦ</span> 
     </span>
    </p>
   </div>
   <div class='ocr_carea' id='block_1_82' title="bbox 2175 3492 3773 3572">
    <p class='ocr_par' dir='ltr' id='par_1_82' title="bbox 2175 3492 3773 3572">
     <span class='ocr_line' id='line_1_82' title="bbox 2175 3492 3773 3572; baseline -0.003 -21"><span class='ocrx_word' id='word_1_598' title='bbox 2175 3505 2445 3572; x_wconf 71' lang='grc' dir='ltr'>φωίσμοῦ</span> <span class='ocrx_word' id='word_1_599' title='bbox 2485 3505 2574 3558; x_wconf 76' lang='grc' dir='ltr'>τῆς</span> <span class='ocrx_word' id='word_1_600' title='bbox 2603 3503 2844 3567; x_wconf 83' lang='grc' dir='ltr'>γνώσεως</span> <span class='ocrx_word' id='word_1_601' title='bbox 2887 3495 2967 3547; x_wconf 86' lang='grc' dir='ltr'>ἐπὶ</span> <span class='ocrx_word' id='word_1_602' title='bbox 3005 3500 3061 3546; x_wconf 88' lang='grc' dir='ltr'>τό</span> <span class='ocrx_word' id='word_1_603' title='bbox 3100 3495 3286 3547; x_wconf 70' lang='grc' dir='ltr'>τέλειον</span> <span class='ocrx_word' id='word_1_604' title='bbox 3335 3499 3603 3568; x_wconf 82' lang='grc' dir='ltr'>προκοπήν</span> <span class='ocrx_word' id='word_1_605' title='bbox 3645 3492 3773 3548; x_wconf 78' lang='grc' dir='ltr'>ὁδόν</span> 
     </span>
    </p>
   </div>
   <div class='ocr_carea' id='block_1_83' title="bbox 2171 3581 3773 3660">
    <p class='ocr_par' dir='ltr' id='par_1_83' title="bbox 2171 3581 3773 3660">
     <span class='ocr_line' id='line_1_83' title="bbox 2171 3581 3773 3660; baseline -0.001 -21"><span class='ocrx_word' id='word_1_606' title='bbox 2171 3587 2500 3659; x_wconf 81' lang='grc' dir='ltr'>έξακούομεν,</span> <span class='ocrx_word' id='word_1_607' title='bbox 2535 3585 2613 3639; x_wconf 79' lang='grc' dir='ltr'>ἀεὶ</span> <span class='ocrx_word' id='word_1_608' title='bbox 2644 3581 2732 3638; x_wconf 76' lang='grc' dir='ltr'>τοῦ</span> <span class='ocrx_word' id='word_1_609' title='bbox 2778 3589 2959 3660; x_wconf 86' lang='grc' dir='ltr'>πρόσω</span> <span class='ocrx_word' id='word_1_610' title='bbox 2998 3583 3475 3659; x_wconf 83' lang='grc' dir='ltr'>ἐπορεγόμενοι(2),</span> <span class='ocrx_word' id='word_1_611' title='bbox 3526 3590 3614 3636; x_wconf 79' lang='grc' dir='ltr'>καὶ</span> <span class='ocrx_word' id='word_1_612' title='bbox 3657 3593 3773 3647; x_wconf 85' lang='grc' dir='ltr'>τοῖς</span> 
     </span>
    </p>
   </div>
   <div class='ocr_carea' id='block_1_84' title="bbox 2169 3673 3771 3748">
    <p class='ocr_par' dir='ltr' id='par_1_84' title="bbox 2169 3673 3771 3748">
     <span class='ocr_line' id='line_1_84' title="bbox 2169 3673 3771 3748; baseline -0.002 -20"><span class='ocrx_word' id='word_1_613' title='bbox 2169 3677 2486 3748; x_wconf 82' lang='grc' dir='ltr'>λειπομένοις</span> <span class='ocrx_word' id='word_1_614' title='bbox 2545 3677 2758 3737; x_wconf 81' lang='grc' dir='ltr'>ἑαυτοὺς</span> <span class='ocrx_word' id='word_1_615' title='bbox 2826 3674 3228 3743; x_wconf 82' lang='grc' dir='ltr'>ἐπεκτείνοντες,</span> <span class='ocrx_word' id='word_1_616' title='bbox 3292 3675 3378 3734; x_wconf 80' lang='grc' dir='ltr'>ἕως</span> <span class='ocrx_word' id='word_1_617' title='bbox 3433 3673 3493 3724; x_wconf 80' lang='grc' dir='ltr'>ἀν</span> <span class='ocrx_word' id='word_1_618' title='bbox 3547 3675 3771 3743; x_wconf 67' lang='grc' dir='ltr'>φθάσω-</span> 
     </span>
    </p>
   </div>
   <div class='ocr_carea' id='block_1_85' title="bbox 2167 3763 3770 3839">
    <p class='ocr_par' dir='ltr' id='par_1_85' title="bbox 2167 3763 3770 3839">
     <span class='ocr_line' id='line_1_85' title="bbox 2167 3763 3770 3839; baseline -0.002 -21"><span class='ocrx_word' id='word_1_619' title='bbox 2167 3785 2256 3839; x_wconf 82' lang='grc' dir='ltr'>μεν</span> <span class='ocrx_word' id='word_1_620' title='bbox 2311 3765 2394 3818; x_wconf 84' lang='grc' dir='ltr'>ἐπὶ</span> <span class='ocrx_word' id='word_1_621' title='bbox 2449 3770 2506 3818; x_wconf 88' lang='grc' dir='ltr'>τό</span> <span class='ocrx_word' id='word_1_622' title='bbox 2557 3767 2814 3838; x_wconf 89' lang='grc' dir='ltr'>μακάριον</span> <span class='ocrx_word' id='word_1_623' title='bbox 2871 3763 3032 3831; x_wconf 76' lang='grc' dir='ltr'>τέλος,</span> <span class='ocrx_word' id='word_1_624' title='bbox 3090 3769 3182 3820; x_wconf 80' lang='grc' dir='ltr'>τὴν</span> <span class='ocrx_word' id='word_1_625' title='bbox 3237 3770 3368 3817; x_wconf 86' lang='grc' dir='ltr'>Θεοῦ</span> <span class='ocrx_word' id='word_1_626' title='bbox 3422 3767 3770 3833; x_wconf 84' lang='grc' dir='ltr'>κατανόησιν,</span> 
     </span>
    </p>
   </div>
   <div class='ocr_carea' id='block_1_86' title="bbox 2168 3851 3772 3929">
    <p class='ocr_par' dir='ltr' id='par_1_86' title="bbox 2168 3851 3772 3929">
     <span class='ocr_line' id='line_1_86' title="bbox 2168 3851 3772 3929; baseline -0.002 -23"><span class='ocrx_word' id='word_1_627' title='bbox 2168 3856 2227 3914; x_wconf 76' lang='grc' dir='ltr'>ἦν</span> <span class='ocrx_word' id='word_1_628' title='bbox 2259 3857 2283 3907; x_wconf 90' lang='lat'>6</span> <span class='ocrx_word' id='word_1_629' title='bbox 2319 3859 2507 3929; x_wconf 80' lang='grc' dir='ltr'>Κύριος</span> <span class='ocrx_word' id='word_1_630' title='bbox 2559 3851 2632 3906; x_wconf 76' lang='grc' dir='ltr'>δι’</span> <span class='ocrx_word' id='word_1_631' title='bbox 2681 3854 2865 3906; x_wconf 83' lang='grc' dir='ltr'>ἑαυτοῦ</span> <span class='ocrx_word' id='word_1_632' title='bbox 2919 3861 3023 3913; x_wconf 89' lang='grc' dir='ltr'>τοίς</span> <span class='ocrx_word' id='word_1_633' title='bbox 3082 3853 3148 3914; x_wconf 86' lang='grc' dir='ltr'>εἰς</span> <span class='ocrx_word' id='word_1_634' title='bbox 3198 3852 3352 3904; x_wconf 73' lang='grc' dir='ltr'>αὐτόν</span> <span class='ocrx_word' id='word_1_635' title='bbox 3389 3856 3772 3904; x_wconf 85' lang='grc' dir='ltr'>πεπιστευκόσι</span> 
     </span>
    </p>
   </div>
   <div class='ocr_carea' id='block_1_87' title="bbox 2165 3939 3774 4020">
    <p class='ocr_par' dir='ltr' id='par_1_87' title="bbox 2165 3939 3774 4020">
     <span class='ocr_line' id='line_1_87' title="bbox 2165 3939 3774 4020; baseline -0.001 -24"><span class='ocrx_word' id='word_1_636' title='bbox 2165 3946 2574 4020; x_wconf 78' lang='grc' dir='ltr'>χαρίζεται</span> <span class='ocrx_word' id='word_1_637' title='bbox 2631 3945 2827 4014; x_wconf 81' lang='grc' dir='ltr'>Ἀγαθή</span> <span class='ocrx_word' id='word_1_638' title='bbox 2878 3945 2978 4015; x_wconf 80' lang='grc' dir='ltr'>γὰρ</span> <span class='ocrx_word' id='word_1_639' title='bbox 3032 3946 3188 4003; x_wconf 83' lang='grc' dir='ltr'>ὄντως</span> <span class='ocrx_word' id='word_1_640' title='bbox 3231 3939 3375 4006; x_wconf 82' lang='grc' dir='ltr'>ὁδός,</span> <span class='ocrx_word' id='word_1_641' title='bbox 3419 3939 3774 4013; x_wconf 77' lang='grc' dir='ltr'>ἀπαρεξόδευ-</span> 
     </span>
    </p>
   </div>
   <div class='ocr_carea' id='block_1_88' title="bbox 2163 4033 3772 4105">
    <p class='ocr_par' dir='ltr' id='par_1_88' title="bbox 2163 4033 3772 4105">
     <span class='ocr_line' id='line_1_88' title="bbox 2163 4033 3772 4105; baseline -0.002 -20"><span class='ocrx_word' id='word_1_642' title='bbox 2163 4053 2249 4096; x_wconf 91' lang='grc' dir='ltr'>τος</span> <span class='ocrx_word' id='word_1_643' title='bbox 2317 4039 2405 4086; x_wconf 88' lang='grc' dir='ltr'>καὶ</span> <span class='ocrx_word' id='word_1_644' title='bbox 2469 4033 2714 4095; x_wconf 77' lang='grc' dir='ltr'>ἀπλανὴς,</span> <span class='ocrx_word' id='word_1_645' title='bbox 2769 4034 2794 4084; x_wconf 92' lang='lat'>6</span> <span class='ocrx_word' id='word_1_646' title='bbox 2847 4035 3037 4105; x_wconf 79' lang='grc' dir='ltr'>Κύριος</span> <span class='ocrx_word' id='word_1_647' title='bbox 3085 4034 3248 4104; x_wconf 81' lang='grc' dir='ltr'>ἡμῶν,</span> <span class='ocrx_word' id='word_1_648' title='bbox 3305 4035 3433 4104; x_wconf 88' lang='grc' dir='ltr'>πρὸς</span> <span class='ocrx_word' id='word_1_649' title='bbox 3501 4035 3559 4082; x_wconf 88' lang='grc' dir='ltr'>τό</span> <span class='ocrx_word' id='word_1_650' title='bbox 3615 4035 3772 4092; x_wconf 82' lang='grc' dir='ltr'>ὅντως</span> 
     </span>
    </p>
   </div>
   <div class='ocr_carea' id='block_1_89' title="bbox 2165 4119 3766 4196">
    <p class='ocr_par' dir='ltr' id='par_1_89' title="bbox 2165 4119 3766 4196">
     <span class='ocr_line' id='line_1_89' title="bbox 2165 4119 3766 4196; baseline -0.002 -20"><span class='ocrx_word' id='word_1_651' title='bbox 2165 4123 2381 4196; x_wconf 82' lang='grc' dir='ltr'>ἀγαθόν,</span> <span class='ocrx_word' id='word_1_652' title='bbox 2435 4129 2522 4176; x_wconf 90' lang='grc' dir='ltr'>τόν</span> <span class='ocrx_word' id='word_1_653' title='bbox 2572 4127 2799 4196; x_wconf 85' lang='grc' dir='ltr'>Πατέρα,</span> <span class='ocrx_word' id='word_1_654' title='bbox 2859 4127 3042 4194; x_wconf 70' lang='grc' dir='ltr'>φέρων.</span> <span class='ocrx_word' id='word_1_655' title='bbox 3113 4119 3303 4184; x_wconf 74' lang='grc' dir='ltr'>Οὐδεὶς</span> <span class='ocrx_word' id='word_1_656' title='bbox 3367 4124 3466 4194; x_wconf 78' lang='grc' dir='ltr'>γὰρ</span> <span class='ocrx_word' id='word_1_657' title='bbox 3527 4124 3766 4195; x_wconf 79' lang='grc' dir='ltr'>ἔρχεται,</span> 
     </span>
    </p>
   </div>
   <div class='ocr_carea' id='block_1_90' title="bbox 2163 4208 3764 4287">
    <p class='ocr_par' dir='ltr' id='par_1_90' title="bbox 2163 4208 3764 4287">
     <span class='ocr_line' id='line_1_90' title="bbox 2163 4208 3764 4287; baseline -0.003 -20"><span class='ocrx_word' id='word_1_658' title='bbox 2163 4221 2312 4285; x_wconf 76' lang='grc' dir='ltr'>φησι,</span> <span class='ocrx_word' id='word_1_659' title='bbox 2360 4219 2487 4287; x_wconf 86' lang='grc' dir='ltr'>πρός</span> <span class='ocrx_word' id='word_1_660' title='bbox 2544 4218 2628 4265; x_wconf 91' lang='grc' dir='ltr'>τόν</span> <span class='ocrx_word' id='word_1_661' title='bbox 2698 4217 2903 4284; x_wconf 80' lang='grc' dir='ltr'>Πατέρα</span> <span class='ocrx_word' id='word_1_662' title='bbox 2957 4213 3000 4264; x_wconf 79' lang='grc' dir='ltr'>εἰ</span> <span class='ocrx_word' id='word_1_663' title='bbox 3058 4217 3129 4284; x_wconf 84' lang='grc' dir='ltr'>μή</span> <span class='ocrx_word' id='word_1_664' title='bbox 3197 4208 3264 4263; x_wconf 76' lang='grc' dir='ltr'>δι’</span> <span class='ocrx_word' id='word_1_665' title='bbox 3322 4211 3465 4284; x_wconf 83' lang='grc' dir='ltr'>ἐμοῦ.</span> <span class='ocrx_word' id='word_1_666' title='bbox 3535 4214 3764 4268; x_wconf 82' lang='grc' dir='ltr'>Τοιαύτη</span> 
     </span>
    </p>
   </div>
   <div class='ocr_carea' id='block_1_91' title="bbox 393 4291 2071 4374">
    <p class='ocr_par' dir='ltr' id='par_1_91' title="bbox 393 4291 2049 4368">
     <span class='ocr_line' id='line_1_91' title="bbox 393 4291 2049 4368; baseline -0.001 -17"><span class='ocrx_word' id='word_1_667' title='bbox 393 4296 753 4368; x_wconf 90' lang='lat' dir='ltr'>perducens.</span> <span class='ocrx_word' id='word_1_668' title='bbox 795 4294 981 4348; x_wconf 83' lang='lat' dir='ltr'>Nemo</span> <span class='ocrx_word' id='word_1_669' title='bbox 1003 4295 1179 4360; x_wconf 81' lang='lat' dir='ltr'>enim,</span> <span class='ocrx_word' id='word_1_670' title='bbox 1220 4291 1432 4362; x_wconf 89' lang='lat' dir='ltr'>inquit,</span> <span class='ocrx_word' id='word_1_671' title='bbox 1481 4295 1641 4348; x_wconf 77' lang='lat' dir='ltr'>venit</span> <span class='ocrx_word' id='word_1_672' title='bbox 1689 4295 1769 4349; x_wconf 86' lang='lat' dir='ltr'>ad</span> <span class='ocrx_word' id='word_1_673' title='bbox 1807 4296 2049 4350; x_wconf 79' lang='lat' dir='ltr'>Patrem</span> 
     </span>
    </p>
   </div>
   <div class='ocr_carea' id='block_1_92' title="bbox 2186 4291 3613 4374">
    <p class='ocr_par' dir='ltr' id='par_1_92' title="bbox 2186 4297 3613 4374">
     <span class='ocr_line' id='line_1_92' title="bbox 2186 4297 3613 4374; baseline 0.001 -21"><span class='ocrx_word' id='word_1_674' title='bbox 2186 4305 2249 4355; x_wconf 74' lang='grc' dir='ltr'>ιὲν</span> <span class='ocrx_word' id='word_1_675' title='bbox 2275 4300 2362 4355; x_wconf 76' lang='grc' dir='ltr'>οὖν</span> <span class='ocrx_word' id='word_1_676' title='bbox 2393 4305 2422 4361; x_wconf 85' lang='grc' dir='ltr'>ή</span> <span class='ocrx_word' id='word_1_677' title='bbox 2453 4305 2676 4374; x_wconf 73' lang='grc' dir='ltr'>ἡμετέρα</span> <span class='ocrx_word' id='word_1_678' title='bbox 2704 4307 2832 4374; x_wconf 87' lang='grc' dir='ltr'>πρός</span> <span class='ocrx_word' id='word_1_679' title='bbox 2859 4305 2986 4354; x_wconf 88' lang='grc' dir='ltr'>Θεόν</span> <span class='ocrx_word' id='word_1_680' title='bbox 3016 4297 3202 4362; x_wconf 78' lang='grc' dir='ltr'>ἄνοδος</span> <span class='ocrx_word' id='word_1_681' title='bbox 3235 4297 3329 4352; x_wconf 77' lang='grc' dir='ltr'>διὰ</span> <span class='ocrx_word' id='word_1_682' title='bbox 3351 4299 3440 4353; x_wconf 76' lang='grc' dir='ltr'>τοῦ</span> <span class='ocrx_word' id='word_1_683' title='bbox 3472 4303 3613 4354; x_wconf 85' lang='grc' dir='ltr'>Υἱοῦ.</span> 
     </span>
    </p>
   </div>
   <div class='ocr_carea' id='block_1_93' title="bbox 394 4382 2050 4454">
    <p class='ocr_par' dir='ltr' id='par_1_93' title="bbox 394 4382 2050 4454">
     <span class='ocr_line' id='line_1_93' title="bbox 394 4382 2050 4454; baseline 0 -14"><span class='ocrx_word' id='word_1_684' title='bbox 394 4386 511 4440; x_wconf 80' lang='lat' dir='ltr'>nisi</span> <span class='ocrx_word' id='word_1_685' title='bbox 531 4401 644 4454; x_wconf 80' lang='lat' dir='ltr'>per</span> <span class='ocrx_word' id='word_1_686' title='bbox 663 4399 754 4440; x_wconf 88' lang='lat' dir='ltr'>me</span> <span class='ocrx_word' id='word_1_687' title='bbox 777 4384 843 4436; x_wconf 74' lang='lat'>‘9.</span> <span class='ocrx_word' id='word_1_688' title='bbox 879 4382 1032 4438; x_wconf 87' lang='lat' dir='ltr'>Talis</span> <span class='ocrx_word' id='word_1_689' title='bbox 1063 4386 1148 4437; x_wconf 85' lang='lat' dir='ltr'>est</span> <span class='ocrx_word' id='word_1_690' title='bbox 1179 4382 1356 4450; x_wconf 89' lang='lat' dir='ltr'>igitur</span> <span class='ocrx_word' id='word_1_691' title='bbox 1376 4386 1580 4437; x_wconf 90' lang='lat' dir='ltr'>noster</span> <span class='ocrx_word' id='word_1_692' title='bbox 1623 4382 1699 4438; x_wconf 91' lang='lat' dir='ltr'>ad</span> <span class='ocrx_word' id='word_1_693' title='bbox 1739 4386 1925 4439; x_wconf 92' lang='lat' dir='ltr'>Deum</span> <span class='ocrx_word' id='word_1_694' title='bbox 1959 4400 2050 4440; x_wconf 88' lang='lat' dir='ltr'>as-</span> 
     </span>
    </p>
   </div>
   <div class='ocr_carea' id='block_1_94' title="bbox 393 4472 1001 4545">
    <p class='ocr_par' dir='ltr' id='par_1_94' title="bbox 393 4472 1001 4545">
     <span class='ocr_line' id='line_1_94' title="bbox 393 4472 1001 4545; baseline -0.003 -16"><span class='ocrx_word' id='word_1_695' title='bbox 393 4490 609 4529; x_wconf 93' lang='lat' dir='ltr'>census</span> <span class='ocrx_word' id='word_1_696' title='bbox 635 4489 741 4545; x_wconf 91' lang='lat' dir='ltr'>per</span> <span class='ocrx_word' id='word_1_697' title='bbox 772 4472 1001 4528; x_wconf 84' lang='lat' dir='ltr'>Filium.</span> 
     </span>
    </p>
   </div>
   <div class='ocr_carea' id='block_1_95' title="bbox 467 4559 2044 4632">
    <p class='ocr_par' dir='ltr' id='par_1_95' title="bbox 467 4559 2044 4632">
     <span class='ocr_line' id='line_1_95' title="bbox 467 4559 2044 4632; baseline 0.001 -15"><span class='ocrx_word' id='word_1_698' title='bbox 467 4567 549 4618; x_wconf 87' lang='grc'>19.</span> <span class='ocrx_word' id='word_1_699' title='bbox 585 4565 808 4616; x_wconf 81' lang='lat' dir='ltr'>Rursus</span> <span class='ocrx_word' id='word_1_700' title='bbox 826 4565 1026 4616; x_wconf 88' lang='lat' dir='ltr'>autem</span> <span class='ocrx_word' id='word_1_701' title='bbox 1050 4559 1246 4632; x_wconf 90' lang='lat' dir='ltr'>qualis</span> <span class='ocrx_word' id='word_1_702' title='bbox 1267 4559 1338 4614; x_wconf 91' lang='lat' dir='ltr'>sit</span> <span class='ocrx_word' id='word_1_703' title='bbox 1359 4560 1537 4615; x_wconf 88' lang='lat' dir='ltr'>etiam</span> <span class='ocrx_word' id='word_1_704' title='bbox 1562 4561 1744 4616; x_wconf 86' lang='lat' dir='ltr'>Patris</span> <span class='ocrx_word' id='word_1_705' title='bbox 1770 4577 1912 4632; x_wconf 87' lang='lat' dir='ltr'>erga</span> <span class='ocrx_word' id='word_1_706' title='bbox 1933 4578 2044 4619; x_wconf 94' lang='lat' dir='ltr'>nos</span> 
     </span>
    </p>
   </div>
   <div class='ocr_carea' id='block_1_96' title="bbox 390 4650 2040 4725">
    <p class='ocr_par' dir='ltr' id='par_1_96' title="bbox 390 4650 2040 4725">
     <span class='ocr_line' id='line_1_96' title="bbox 390 4650 2040 4725; baseline 0.001 -17"><span class='ocrx_word' id='word_1_707' title='bbox 390 4669 497 4725; x_wconf 91' lang='lat' dir='ltr'>per</span> <span class='ocrx_word' id='word_1_708' title='bbox 534 4653 816 4707; x_wconf 91' lang='lat' dir='ltr'>eumdem</span> <span class='ocrx_word' id='word_1_709' title='bbox 857 4651 1156 4706; x_wconf 91' lang='lat' dir='ltr'>bonorum</span> <span class='ocrx_word' id='word_1_710' title='bbox 1198 4650 1622 4721; x_wconf 70' lang='lat' dir='ltr'>Suppeditatio,</span> <span class='ocrx_word' id='word_1_711' title='bbox 1657 4667 2040 4724; x_wconf 90' lang='lat' dir='ltr'>consequens</span> 
     </span>
    </p>
   </div>
   <div class='ocr_carea' id='block_1_97' title="bbox 382 4741 2041 4814">
    <p class='ocr_par' dir='ltr' id='par_1_97' title="bbox 382 4741 2041 4814">
     <span class='ocr_line' id='line_1_97' title="bbox 382 4741 2041 4814; baseline 0 -15"><span class='ocrx_word' id='word_1_712' title='bbox 382 4743 514 4814; x_wconf 87' lang='lat' dir='ltr'>jam</span> <span class='ocrx_word' id='word_1_713' title='bbox 541 4743 714 4797; x_wconf 87' lang='lat' dir='ltr'>fuerit</span> <span class='ocrx_word' id='word_1_714' title='bbox 744 4743 1057 4797; x_wconf 88' lang='lat' dir='ltr'>disserere.</span> <span class='ocrx_word' id='word_1_715' title='bbox 1091 4741 1378 4796; x_wconf 72' lang='lat' dir='ltr'>Nimirum</span> <span class='ocrx_word' id='word_1_716' title='bbox 1415 4757 1552 4796; x_wconf 90' lang='lat' dir='ltr'>cum</span> <span class='ocrx_word' id='word_1_717' title='bbox 1597 4743 1795 4797; x_wconf 92' lang='lat' dir='ltr'>omnis</span> <span class='ocrx_word' id='word_1_718' title='bbox 1825 4749 2041 4800; x_wconf 91' lang='lat' dir='ltr'>natura</span> 
     </span>
    </p>
   </div>
   <div class='ocr_carea' id='block_1_98' title="bbox 389 4831 2037 4902">
    <p class='ocr_par' dir='ltr' id='par_1_98' title="bbox 389 4831 2037 4902">
     <span class='ocr_line' id='line_1_98' title="bbox 389 4831 2037 4902; baseline 0.001 -13"><span class='ocrx_word' id='word_1_719' title='bbox 389 4839 610 4900; x_wconf 84' lang='lat' dir='ltr'>creata,</span> <span class='ocrx_word' id='word_1_720' title='bbox 637 4838 762 4890; x_wconf 92' lang='lat' dir='ltr'>tum</span> <span class='ocrx_word' id='word_1_721' title='bbox 791 4833 922 4889; x_wconf 58' lang='lat' dir='ltr'>hac</span> <span class='ocrx_word' id='word_1_722' title='bbox 941 4832 1214 4902; x_wconf 84' lang='lat' dir='ltr'>visibilis,</span> <span class='ocrx_word' id='word_1_723' title='bbox 1241 4836 1368 4887; x_wconf 91' lang='lat' dir='ltr'>tum</span> <span class='ocrx_word' id='word_1_724' title='bbox 1393 4831 1802 4902; x_wconf 88' lang='lat' dir='ltr'>intelligibilis,</span> <span class='ocrx_word' id='word_1_725' title='bbox 1819 4834 1897 4890; x_wconf 91' lang='lat' dir='ltr'>ad</span> <span class='ocrx_word' id='word_1_726' title='bbox 1921 4835 2037 4891; x_wconf 92' lang='lat' dir='ltr'>hoc</span> 
     </span>
    </p>
   </div>
   <div class='ocr_carea' id='block_1_99' title="bbox 458 5011 1549 5080">
    <p class='ocr_par' dir='ltr' id='par_1_99' title="bbox 458 5011 1549 5080">
     <span class='ocr_line' id='line_1_99' title="bbox 458 5011 1549 5080; baseline -0.002 -10"><span class='ocrx_word' id='word_1_727' title='bbox 458 5015 504 5049; x_wconf 79' lang='grc'>⁵³</span> <span class='ocrx_word' id='word_1_728' title='bbox 528 5015 834 5080; x_wconf 79' lang='lat' dir='ltr'>Rom.vui,</span> <span class='ocrx_word' id='word_1_729' title='bbox 867 5016 953 5068; x_wconf 84' lang='lat'>3&#39;7.</span> <span class='ocrx_word' id='word_1_730' title='bbox 1033 5011 1297 5068; x_wconf 67' lang='lat' dir='ltr'>“Matth.</span> <span class='ocrx_word' id='word_1_731' title='bbox 1329 5026 1426 5074; x_wconf 87' lang='lat' dir='ltr'>xu,</span> <span class='ocrx_word' id='word_1_732' title='bbox 1460 5016 1549 5068; x_wconf 81' lang='lat' dir='ltr'>2t.</span> 
     </span>
    </p>
   </div>
   <div class='ocr_carea' id='block_1_100' title="bbox 385 5105 1135 5172">
    <p class='ocr_par' dir='ltr' id='par_1_100' title="bbox 385 5105 1135 5172">
     <span class='ocr_line' id='line_1_100' title="bbox 385 5105 1135 5172; baseline -0.005 -12"><span class='ocrx_word' id='word_1_733' title='bbox 385 5117 463 5172; x_wconf 82' lang='grc' dir='ltr'>ιιι,</span> <span class='ocrx_word' id='word_1_734' title='bbox 501 5109 585 5163; x_wconf 87' lang='grc'><strong>13.</strong></span> <span class='ocrx_word' id='word_1_735' title='bbox 664 5106 709 5138; x_wconf 70' lang='grc' dir='ltr'>⁵ο</span> <span class='ocrx_word' id='word_1_736' title='bbox 749 5105 1051 5169; x_wconf 74' lang='lat' dir='ltr'>Joan.xrv,</span> <span class='ocrx_word' id='word_1_737' title='bbox 1085 5107 1135 5158; x_wconf 90' lang='lat'>6.</span> 
     </span>
    </p>
   </div>
   <div class='ocr_carea' id='block_1_101' title="bbox 457 5280 2031 5355">
    <p class='ocr_par' dir='ltr' id='par_1_101' title="bbox 457 5280 2031 5355">
     <span class='ocr_line' id='line_1_101' title="bbox 457 5280 2031 5355; baseline -0.001 -15"><span class='ocrx_word' id='word_1_738' title='bbox 457 5287 532 5354; x_wconf 86' lang='grc'>(1)</span> <span class='ocrx_word' id='word_1_739' title='bbox 577 5284 728 5336; x_wconf 73' lang='grc' dir='ltr'>Οὕτω</span> <span class='ocrx_word' id='word_1_740' title='bbox 769 5285 891 5355; x_wconf 89' lang='grc' dir='ltr'>γάρ,</span> <span class='ocrx_word' id='word_1_741' title='bbox 940 5286 1050 5355; x_wconf 85' lang='lat' dir='ltr'>etc.</span> <span class='ocrx_word' id='word_1_742' title='bbox 1103 5280 1248 5336; x_wconf 87' lang='lat' dir='ltr'>Editi</span> <span class='ocrx_word' id='word_1_743' title='bbox 1294 5284 1502 5355; x_wconf 86' lang='lat' dir='ltr'>contra</span> <span class='ocrx_word' id='word_1_744' title='bbox 1550 5282 1828 5355; x_wconf 88' lang='lat' dir='ltr'>codicum</span> <span class='ocrx_word' id='word_1_745' title='bbox 1882 5299 2031 5338; x_wconf 88' lang='lat' dir='ltr'>mss.</span> 
     </span>
    </p>
   </div>
   <div class='ocr_carea' id='block_1_102' title="bbox 383 5352 2037 5425">
    <p class='ocr_par' dir='ltr' id='par_1_102' title="bbox 383 5352 2037 5425">
     <span class='ocr_line' id='line_1_102' title="bbox 383 5352 2037 5425; baseline -0.003 -14"><span class='ocrx_word' id='word_1_746' title='bbox 383 5352 564 5411; x_wconf 76' lang='lat' dir='ltr'>ﬁdem</span> <span class='ocrx_word' id='word_1_747' title='bbox 596 5352 922 5410; x_wconf 70' lang='lat' dir='ltr'>hebebant:</span> <span class='ocrx_word' id='word_1_748' title='bbox 955 5353 1317 5425; x_wconf 77' lang='grc' dir='ltr'>ἐνεργουμένην</span> <span class='ocrx_word' id='word_1_749' title='bbox 1350 5352 1396 5404; x_wconf 75' lang='grc' dir='ltr'>ἐν</span> <span class='ocrx_word' id='word_1_750' title='bbox 1442 5359 1573 5406; x_wconf 81' lang='grc' dir='ltr'>πᾶσι</span> <span class='ocrx_word' id='word_1_751' title='bbox 1617 5362 1725 5414; x_wconf 87' lang='grc' dir='ltr'>τοῖς</span> <span class='ocrx_word' id='word_1_752' title='bbox 1779 5354 2037 5407; x_wconf 78' lang='grc' dir='ltr'>ἐπιτελου-</span> 
     </span>
    </p>
   </div>
   <div class='ocr_carea' id='block_1_103' title="bbox 383 5425 1275 5500">
    <p class='ocr_par' dir='ltr' id='par_1_103' title="bbox 383 5425 1275 5500">
     <span class='ocr_line' id='line_1_103' title="bbox 383 5425 1275 5500; baseline -0.002 -22"><span class='ocrx_word' id='word_1_753' title='bbox 383 5433 575 5497; x_wconf 86' lang='grc' dir='ltr'>μένοις.</span> <span class='ocrx_word' id='word_1_754' title='bbox 607 5429 756 5478; x_wconf 79' lang='grc' dir='ltr'>Ούτω</span> <span class='ocrx_word' id='word_1_755' title='bbox 777 5430 876 5500; x_wconf 76' lang='grc' dir='ltr'>γὰρ</span> <span class='ocrx_word' id='word_1_756' title='bbox 910 5425 1275 5496; x_wconf 67' lang='grc' dir='ltr'>εὐσεϐήσομεν.</span> 
     </span>
    </p>
   </div>
   <div class='ocr_carea' id='block_1_104' title="bbox 458 5496 1888 5570">
    <p class='ocr_par' dir='ltr' id='par_1_104' title="bbox 458 5496 1888 5570">
     <span class='ocr_line' id='line_1_104' title="bbox 458 5496 1888 5570; baseline 0 -18"><span class='ocrx_word' id='word_1_757' title='bbox 458 5501 533 5567; x_wconf 79' lang='grc'>(2)</span> <span class='ocrx_word' id='word_1_758' title='bbox 577 5496 987 5570; x_wconf 57' lang='grc' dir='ltr'>Ἐπορεγόμενοι,</span> <span class='ocrx_word' id='word_1_759' title='bbox 1020 5497 1278 5570; x_wconf 85' lang='lat' dir='ltr'>Quidam</span> <span class='ocrx_word' id='word_1_760' title='bbox 1304 5496 1543 5552; x_wconf 84' lang='lat' dir='ltr'>codices</span> <span class='ocrx_word' id='word_1_761' title='bbox 1573 5496 1888 5570; x_wconf 84' lang='grc' dir='ltr'>ὀρεγόμενοι.</span> 
     </span>
    </p>
   </div>
   <div class='ocr_carea' id='block_1_105' title="bbox 457 5568 2036 5642">
    <p class='ocr_par' dir='ltr' id='par_1_105' title="bbox 457 5568 2036 5642">
     <span class='ocr_line' id='line_1_105' title="bbox 457 5568 2036 5642; baseline 0 -17"><span class='ocrx_word' id='word_1_762' title='bbox 457 5574 530 5641; x_wconf 75' lang='grc'>(3)</span> <span class='ocrx_word' id='word_1_763' title='bbox 573 5568 878 5642; x_wconf 75' lang='grc' dir='ltr'>Χαρίζεται.</span> <span class='ocrx_word' id='word_1_764' title='bbox 938 5569 1030 5624; x_wconf 90' lang='lat' dir='ltr'>Sic</span> <span class='ocrx_word' id='word_1_765' title='bbox 1086 5568 1326 5624; x_wconf 91' lang='lat' dir='ltr'>codices</span> <span class='ocrx_word' id='word_1_766' title='bbox 1382 5584 1550 5635; x_wconf 91' lang='lat' dir='ltr'>mss.,</span> <span class='ocrx_word' id='word_1_767' title='bbox 1601 5568 1722 5625; x_wconf 89' lang='lat' dir='ltr'>non</span> <span class='ocrx_word' id='word_1_768' title='bbox 1773 5574 1836 5625; x_wconf 93' lang='lat' dir='ltr'>ut</span> <span class='ocrx_word' id='word_1_769' title='bbox 1893 5568 2036 5627; x_wconf 90' lang='lat' dir='ltr'>editi</span> 
     </span>
    </p>
   </div>
   <div class='ocr_carea' id='block_1_106' title="bbox 1628 5013 2121 5084">
    <p class='ocr_par' dir='ltr' id='par_1_106' title="bbox 1628 5013 2121 5084">
     <span class='ocr_line' id='line_1_106' title="bbox 1628 5013 2121 5084; baseline 0.008 -16"><span class='ocrx_word' id='word_1_770' title='bbox 1628 5013 1674 5048; x_wconf 82' lang='grc'>⁵⁵</span> <span class='ocrx_word' id='word_1_771' title='bbox 1699 5015 1742 5068; x_wconf 89' lang='lat' dir='ltr'>Il</span> <span class='ocrx_word' id='word_1_772' title='bbox 1765 5013 1911 5070; x_wconf 89' lang='lat' dir='ltr'>Tim.</span> <span class='ocrx_word' id='word_1_773' title='bbox 1944 5031 2003 5084; x_wconf 82' lang='grc' dir='ltr'>ιι,</span> <span class='ocrx_word' id='word_1_774' title='bbox 2032 5019 2121 5073; x_wconf 78' lang='grc'>29.</span> 
     </span>
    </p>
   </div>
   <div class='ocr_carea' id='block_1_107' title="bbox 2231 4565 3762 4642">
    <p class='ocr_par' dir='ltr' id='par_1_107' title="bbox 2231 4565 3762 4642">
     <span class='ocr_line' id='line_1_107' title="bbox 2231 4565 3762 4642; baseline -0.007 -17"><span class='ocrx_word' id='word_1_775' title='bbox 2231 4574 2313 4625; x_wconf 78' lang='grc'>19.</span> <span class='ocrx_word' id='word_1_776' title='bbox 2354 4569 2542 4620; x_wconf 87' lang='grc' dir='ltr'>Ὀποία</span> <span class='ocrx_word' id='word_1_777' title='bbox 2583 4565 2640 4620; x_wconf 68' lang='grc' dir='ltr'>δὲ</span> <span class='ocrx_word' id='word_1_778' title='bbox 2689 4569 2840 4620; x_wconf 87' lang='grc' dir='ltr'>πάλιν</span> <span class='ocrx_word' id='word_1_779' title='bbox 2889 4574 2976 4621; x_wconf 88' lang='grc' dir='ltr'>καὶ</span> <span class='ocrx_word' id='word_1_780' title='bbox 3026 4570 3054 4626; x_wconf 73' lang='grc' dir='ltr'>ἡ</span> <span class='ocrx_word' id='word_1_781' title='bbox 3108 4571 3249 4641; x_wconf 85' lang='grc' dir='ltr'>παρά</span> <span class='ocrx_word' id='word_1_782' title='bbox 3294 4577 3384 4621; x_wconf 86' lang='grc' dir='ltr'>τοῦ</span> <span class='ocrx_word' id='word_1_783' title='bbox 3436 4571 3638 4642; x_wconf 83' lang='grc' dir='ltr'>Πατρός</span> <span class='ocrx_word' id='word_1_784' title='bbox 3679 4569 3762 4637; x_wconf 70' lang='grc'>(4)</span> 
     </span>
    </p>
   </div>
   <div class='ocr_carea' id='block_1_108' title="bbox 2153 4655 3758 4731">
    <p class='ocr_par' dir='ltr' id='par_1_108' title="bbox 2153 4655 3758 4731">
     <span class='ocr_line' id='line_1_108' title="bbox 2153 4655 3758 4731; baseline 0 -23"><span class='ocrx_word' id='word_1_785' title='bbox 2153 4659 2219 4718; x_wconf 84' lang='grc' dir='ltr'>εἰς</span> <span class='ocrx_word' id='word_1_786' title='bbox 2263 4661 2402 4730; x_wconf 80' lang='grc' dir='ltr'>ἡμᾶς</span> <span class='ocrx_word' id='word_1_787' title='bbox 2443 4655 2514 4710; x_wconf 76' lang='grc' dir='ltr'>δι’</span> <span class='ocrx_word' id='word_1_788' title='bbox 2546 4659 2706 4710; x_wconf 72' lang='grc' dir='ltr'>αὐτοῦ</span> <span class='ocrx_word' id='word_1_789' title='bbox 2745 4665 2985 4731; x_wconf 80' lang='grc' dir='ltr'>χορηγία</span> <span class='ocrx_word' id='word_1_790' title='bbox 3027 4667 3125 4709; x_wconf 85' lang='grc' dir='ltr'>τῶν</span> <span class='ocrx_word' id='word_1_791' title='bbox 3158 4658 3388 4729; x_wconf 77' lang='grc' dir='ltr'>ἀγαθῶν,</span> <span class='ocrx_word' id='word_1_792' title='bbox 3436 4659 3551 4720; x_wconf 76' lang='grc' dir='ltr'>ἑξῆς</span> <span class='ocrx_word' id='word_1_793' title='bbox 3582 4657 3640 4708; x_wconf 76' lang='grc' dir='ltr'>ἂν</span> <span class='ocrx_word' id='word_1_794' title='bbox 3674 4661 3758 4715; x_wconf 80' lang='grc' dir='ltr'>εἵη</span> 
     </span>
    </p>
   </div>
   <div class='ocr_carea' id='block_1_109' title="bbox 2149 4747 3759 4819">
    <p class='ocr_par' dir='ltr' id='par_1_109' title="bbox 2149 4747 3759 4819">
     <span class='ocr_line' id='line_1_109' title="bbox 2149 4747 3759 4819; baseline 0.001 -21"><span class='ocrx_word' id='word_1_795' title='bbox 2149 4747 2332 4818; x_wconf 82' lang='grc' dir='ltr'>λέγειν.</span> <span class='ocrx_word' id='word_1_796' title='bbox 2378 4747 2514 4817; x_wconf 84' lang='grc' dir='ltr'>Ὀτι,</span> <span class='ocrx_word' id='word_1_797' title='bbox 2567 4751 2744 4809; x_wconf 83' lang='grc' dir='ltr'>πάσης</span> <span class='ocrx_word' id='word_1_798' title='bbox 2793 4757 2882 4808; x_wconf 79' lang='grc' dir='ltr'>τῆς</span> <span class='ocrx_word' id='word_1_799' title='bbox 2932 4751 3148 4819; x_wconf 78' lang='grc' dir='ltr'>φύσεως,</span> <span class='ocrx_word' id='word_1_800' title='bbox 3208 4757 3298 4808; x_wconf 80' lang='grc' dir='ltr'>τῆς</span> <span class='ocrx_word' id='word_1_801' title='bbox 3350 4747 3396 4798; x_wconf 67' lang='grc' dir='ltr'>ἐν</span> <span class='ocrx_word' id='word_1_802' title='bbox 3449 4756 3510 4818; x_wconf 75' lang='grc' dir='ltr'>τῇ</span> <span class='ocrx_word' id='word_1_803' title='bbox 3559 4754 3759 4816; x_wconf 87' lang='grc' dir='ltr'>κτίσει,</span> 
     </span>
    </p>
   </div>
   <div class='ocr_carea' id='block_1_110' title="bbox 2148 4837 3764 4912">
    <p class='ocr_par' dir='ltr' id='par_1_110' title="bbox 2148 4837 3764 4912">
     <span class='ocr_line' id='line_1_110' title="bbox 2148 4837 3764 4912; baseline 0.009 -28"><span class='ocrx_word' id='word_1_804' title='bbox 2148 4845 2210 4909; x_wconf 79' lang='grc' dir='ltr'>τῇ</span> <span class='ocrx_word' id='word_1_805' title='bbox 2267 4857 2319 4890; x_wconf 86' lang='grc' dir='ltr'>τε</span> <span class='ocrx_word' id='word_1_806' title='bbox 2387 4839 2615 4912; x_wconf 80' lang='grc' dir='ltr'>ὁρωμένη</span> <span class='ocrx_word' id='word_1_807' title='bbox 2663 4841 2824 4910; x_wconf 74' lang='grc' dir='ltr'>ταύτῃ</span> <span class='ocrx_word' id='word_1_808' title='bbox 2885 4843 2973 4889; x_wconf 86' lang='grc' dir='ltr'>καὶ</span> <span class='ocrx_word' id='word_1_809' title='bbox 3031 4846 3090 4909; x_wconf 71' lang='grc' dir='ltr'>τῇ</span> <span class='ocrx_word' id='word_1_810' title='bbox 3139 4843 3406 4910; x_wconf 74' lang='grc' dir='ltr'>νοουμένη,</span> <span class='ocrx_word' id='word_1_811' title='bbox 3461 4837 3764 4908; x_wconf 77' lang='grc' dir='ltr'>ἐπίμελείας</span> 
     </span>
    </p>
   </div>
   <div class='ocr_carea' id='block_1_111' title="bbox 2199 5016 3761 5091">
    <p class='ocr_par' dir='ltr' id='par_1_111' title="bbox 2199 5016 3761 5091">
     <span class='ocr_line' id='line_1_111' title="bbox 2199 5016 3761 5091; baseline -0.001 -17"><span class='ocrx_word' id='word_1_812' title='bbox 2199 5018 2248 5053; x_wconf 74' lang='grc'>⁸⁸</span> <span class='ocrx_word' id='word_1_813' title='bbox 2272 5016 2498 5075; x_wconf 89' lang='lat' dir='ltr'>Coloss.</span> <span class='ocrx_word' id='word_1_814' title='bbox 2528 5033 2565 5084; x_wconf 81' lang='grc' dir='ltr'>ι,</span> <span class='ocrx_word' id='word_1_815' title='bbox 2597 5022 2677 5087; x_wconf 80' lang='lat' dir='ltr'>l2,</span> <span class='ocrx_word' id='word_1_816' title='bbox 2709 5022 2792 5074; x_wconf 81' lang='grc'><strong>13.</strong></span> <span class='ocrx_word' id='word_1_817' title='bbox 2879 5019 2922 5053; x_wconf 75' lang='grc'>⁵⁷</span> <span class='ocrx_word' id='word_1_818' title='bbox 2952 5020 3121 5076; x_wconf 82' lang='lat' dir='ltr'>Joan.</span> <span class='ocrx_word' id='word_1_819' title='bbox 3151 5034 3262 5091; x_wconf 80' lang='lat' dir='ltr'>xiv,</span> <span class='ocrx_word' id='word_1_820' title='bbox 3290 5023 3342 5076; x_wconf 92' lang='lat'>6.</span> <span class='ocrx_word' id='word_1_821' title='bbox 3421 5020 3467 5055; x_wconf 77' lang='grc'>⁵³</span> <span class='ocrx_word' id='word_1_822' title='bbox 3495 5017 3761 5091; x_wconf 85' lang='lat' dir='ltr'>Philipp.</span> 
     </span>
    </p>
   </div>
   <div class='ocr_carea' id='block_1_112' title="bbox 2147 5285 3762 5361">
    <p class='ocr_par' dir='ltr' id='par_1_112' title="bbox 2147 5285 3762 5361">
     <span class='ocr_line' id='line_1_112' title="bbox 2147 5285 3762 5361; baseline 0.002 -26"><span class='ocrx_word' id='word_1_823' title='bbox 2147 5287 2622 5361; x_wconf 56' lang='lat' dir='ltr'>Zapiaa7at:_Mox</span> <span class='ocrx_word' id='word_1_824' title='bbox 2652 5285 2912 5361; x_wconf 71' lang='lat' dir='ltr'>ineditis</span> <span class='ocrx_word' id='word_1_825' title='bbox 2945 5288 2970 5361; x_wconf 69' lang='grc' dir='ltr'>ὁ</span> <span class='ocrx_word' id='word_1_826' title='bbox 3006 5289 3194 5358; x_wconf 79' lang='grc' dir='ltr'>Κύριος</span> <span class='ocrx_word' id='word_1_827' title='bbox 3217 5287 3354 5358; x_wconf 75' lang='grc' dir='ltr'>ήμῆν</span> <span class='ocrx_word' id='word_1_828' title='bbox 3387 5285 3591 5347; x_wconf 77' lang='grc' dir='ltr'>Ἰησοῦς</span> <span class='ocrx_word' id='word_1_829' title='bbox 3623 5290 3762 5361; x_wconf 81' lang='grc' dir='ltr'>πρὸς</span> 
     </span>
    </p>
   </div>
   <div class='ocr_carea' id='block_1_113' title="bbox 2147 5357 3348 5416">
    <p class='ocr_par' dir='ltr' id='par_1_113' title="bbox 2147 5357 3348 5416">
     <span class='ocr_line' id='line_1_113' title="bbox 2147 5357 3348 5416; baseline 0.004 -8"><span class='ocrx_word' id='word_1_830' title='bbox 2147 5357 2253 5416; x_wconf 75' lang='grc' dir='ltr'>τόν,</span> <span class='ocrx_word' id='word_1_831' title='bbox 2297 5363 2403 5412; x_wconf 91' lang='lat' dir='ltr'>etc.</span> <span class='ocrx_word' id='word_1_832' title='bbox 2435 5358 2668 5412; x_wconf 86' lang='lat' dir='ltr'>Veteres</span> <span class='ocrx_word' id='word_1_833' title='bbox 2701 5357 2832 5412; x_wconf 90' lang='lat' dir='ltr'>libri</span> <span class='ocrx_word' id='word_1_834' title='bbox 2867 5363 2928 5412; x_wconf 91' lang='lat' dir='ltr'>ut</span> <span class='ocrx_word' id='word_1_835' title='bbox 2957 5360 3015 5412; x_wconf 92' lang='lat' dir='ltr'>in</span> <span class='ocrx_word' id='word_1_836' title='bbox 3050 5357 3348 5413; x_wconf 78' lang='lat' dir='ltr'>cOntextu.</span> 
     </span>
    </p>
   </div>
   <div class='ocr_carea' id='block_1_114' title="bbox 2222 5428 3762 5503">
    <p class='ocr_par' dir='ltr' id='par_1_114' title="bbox 2222 5428 3762 5503">
     <span class='ocr_line' id='line_1_114' title="bbox 2222 5428 3762 5503; baseline 0.003 -21"><span class='ocrx_word' id='word_1_837' title='bbox 2222 5431 2297 5498; x_wconf 78' lang='grc'>(4)</span> <span class='ocrx_word' id='word_1_838' title='bbox 2341 5432 2489 5502; x_wconf 84' lang='grc' dir='ltr'>Παρά</span> <span class='ocrx_word' id='word_1_839' title='bbox 2520 5437 2609 5503; x_wconf 80' lang='grc' dir='ltr'>τοῦ</span> <span class='ocrx_word' id='word_1_840' title='bbox 2638 5435 2862 5503; x_wconf 79' lang='grc' dir='ltr'>Πατρός.</span> <span class='ocrx_word' id='word_1_841' title='bbox 2894 5436 3020 5503; x_wconf 78' lang='grc' dir='ltr'>Περί</span> <span class='ocrx_word' id='word_1_842' title='bbox 3049 5431 3106 5485; x_wconf 92' lang='lat' dir='ltr'>in</span> <span class='ocrx_word' id='word_1_843' title='bbox 3135 5429 3417 5503; x_wconf 87' lang='lat' dir='ltr'>omnibus</span> <span class='ocrx_word' id='word_1_844' title='bbox 3444 5428 3560 5503; x_wconf 78' lang='lat' dir='ltr'>fere</span> <span class='ocrx_word' id='word_1_845' title='bbox 3585 5429 3762 5486; x_wconf 85' lang='lat' dir='ltr'>codi-</span> 
     </span>
    </p>
   </div>
   <div class='ocr_carea' id='block_1_115' title="bbox 2146 5498 3754 5560">
    <p class='ocr_par' dir='ltr' id='par_1_115' title="bbox 2146 5498 3754 5560">
     <span class='ocr_line' id='line_1_115' title="bbox 2146 5498 3754 5560; baseline 0.001 -6"><span class='ocrx_word' id='word_1_846' title='bbox 2146 5499 2318 5555; x_wconf 88' lang='lat' dir='ltr'>cibus</span> <span class='ocrx_word' id='word_1_847' title='bbox 2347 5498 2495 5554; x_wconf 88' lang='lat' dir='ltr'>mss.</span> <span class='ocrx_word' id='word_1_848' title='bbox 2530 5498 2760 5556; x_wconf 87' lang='lat' dir='ltr'>Ibidem</span> <span class='ocrx_word' id='word_1_849' title='bbox 2787 5501 2942 5556; x_wconf 80' lang='lat' dir='ltr'>male</span> <span class='ocrx_word' id='word_1_850' title='bbox 2970 5498 3047 5558; x_wconf 45' lang='lat' dir='ltr'>&#39;in</span> <span class='ocrx_word' id='word_1_851' title='bbox 3095 5501 3266 5560; x_wconf 88' lang='lat' dir='ltr'>editis</span> <span class='ocrx_word' id='word_1_852' title='bbox 3319 5507 3409 5554; x_wconf 82' lang='grc' dir='ltr'>καὶ</span> <span class='ocrx_word' id='word_1_853' title='bbox 3449 5498 3522 5555; x_wconf 77' lang='grc' dir='ltr'>δι’</span> <span class='ocrx_word' id='word_1_854' title='bbox 3560 5503 3754 5557; x_wconf 72' lang='grc' dir='ltr'>αὐτοῦ.</span> 
     </span>
    </p>
   </div>
   <div class='ocr_carea' id='block_1_116' title="bbox 2147 5571 2965 5643">
    <p class='ocr_par' dir='ltr' id='par_1_116' title="bbox 2147 5571 2965 5643">
     <span class='ocr_line' id='line_1_116' title="bbox 2147 5571 2965 5643; baseline 0.001 -16"><span class='ocrx_word' id='word_1_855' title='bbox 2147 5571 2502 5643; x_wconf 86' lang='lat' dir='ltr'>Conjunctio</span> <span class='ocrx_word' id='word_1_856' title='bbox 2527 5572 2698 5629; x_wconf 87' lang='lat' dir='ltr'>deest</span> <span class='ocrx_word' id='word_1_857' title='bbox 2727 5573 2788 5629; x_wconf 92' lang='lat' dir='ltr'>in</span> <span class='ocrx_word' id='word_1_858' title='bbox 2819 5589 2965 5629; x_wconf 89' lang='lat' dir='ltr'>mss.</span> 
     </span>
    </p>
   </div>
  </div>
