4062 6208
202 259 297 311 101

1406 257 1615 314 LIBER
1660 256 1749 311 DE
1792 252 2064 310 SPIRITU
2105 255 2396 315 SANCTO.

3494 273 3591 325 102

197 380 251 432 ὰ
280 387 378 432 τοῦ
421 388 565 434 Θεοῦ
594 385 725 457 πρός
761 385 819 434 τὸ
844 383 1161 454 συνέχεσθαι
1192 378 1462 455 δεομένης,
1490 384 1515 434 6
1545 378 1811 454 δημιουρ-

1936 382 1988 434 ut
2008 380 2314 449 consistat,
2349 382 2449 437 Dei
2488 398 2633 439 cura
2672 388 3106 459 egeat;opifex
3140 390 3420 459 Verbum,
3463 395 3591 449 uni-

197 475 290 541 γός
350 475 548 542 Λόγος,
590 473 617 522 6
676 476 955 543 μονογενής
1012 478 1162 537 Θεὸς,
1205 476 1339 524 κατά
1400 476 1457 523 τὸ
1498 476 1682 546 μέτρον
1721 480 1815 530 τῆς

201 560 429 611 ἑκάστου
478 566 690 633 χρείας,
765 566 858 619 τὴν
918 559 1166 633 βοήθειαν
1232 560 1497 633 ἐπινέμων,
1576 560 1815 621 ποικίλας

203 654 296 722 μιν
370 654 462 701 καὶ
539 646 883 711 παντοδαπὰς
936 647 1029 702 διὰ
1076 655 1133 703 τό
1209 660 1308 703 τῶν
1385 651 1816 724 εὐεργετουμένων

203 736 502 807 πολυειδὲς,
536 745 868 814 συμμέτρους
923 760 981 811 γε
1016 744 1118 813 μὴν
1177 740 1400 811 ἑκάστῳ,
1441 743 1576 793 κατὰ
1614 745 1670 791 τό
1724 748 1819 802 τῆς

206 830 399 897 χρείας
466 825 769 897 ἀναγκαῖον,
809 832 900 889 τὰς
951 835 1213 903 χορηγίας
1263 830 1543 903 ἐπιμετρεῖ.
1603 837 1730 889 Τοῦς
1771 829 1819 880 ἐν

207 922 281 985 τῷ
352 920 523 986 σκότῳ
582 924 674 977 τῆς
728 915 942 988 ἀγνοίας
996 924 1379 993 κατεχομένους
1430 923 1685 992 φωτίζει·
1730 916 1822 971 διὰ

205 1012 362 1056 τοῦτο
414 1013 514 1076 φῶς
581 1009 639 1057 τὸ
689 1005 953 1063 ἀληθινόν.
1016 1015 1191 1081 Κρίνει
1251 1015 1346 1081 (5),
1391 1013 1527 1061 κατὰ
1584 1014 1676 1067 τὴν
1725 1018 1824 1060 τῶν

206 1093 371 1164 ἔργων
424 1091 573 1155 ἀξίαν
614 1092 929 1167 ἁντιμετρῶν
983 1102 1076 1154 τὴν
1145 1094 1415 1150 ἀντίδοσιν
1449 1119 1461 1132 ·
1522 1094 1614 1149 διὰ
1674 1104 1830 1161 τοῦτο

209 1186 399 1255 κριτής
431 1179 650 1243 δίκαιος.
690 1182 750 1235 Ὀ
806 1188 907 1258 γὰρ
970 1192 1149 1261 Πατὴρ
1213 1193 1373 1259 κρίνει
1428 1184 1635 1252 οὐδένα,
1704 1186 1835 1244 ἀλλὰ

212 1277 309 1328 τήν
370 1276 538 1344 κρίσιν
592 1279 771 1324 πᾶσαν
850 1270 1049 1327 δέδωκε
1101 1284 1173 1346 τῷ
1232 1279 1355 1345 Υὶῴ.
1404 1278 1712 1336 Ἀνίστησιν
1778 1276 1833 1328 ἐκ

210 1367 302 1413 τοῦ
354 1366 636 1433 πτώματος
689 1366 810 1423 τοὺς
864 1362 962 1416 ἀπὸ
1019 1373 1110 1417 τοῦ
1157 1365 1324 1436 ὕψους
1360 1375 1449 1424 τῆς
1505 1368 1645 1429 ζωῆς
1698 1371 1830 1439 πρός

205 1450 467 1523 ἁμαρτίαν
544 1451 1005 1515 ὑπολισθήσαντας
1042 1475 1054 1487 ·
1126 1451 1220 1506 διὰ
1292 1464 1446 1507 τοῦτο
1520 1454 1825 1524 ἀνάστασις,

206 1544 385 1593 Πάντα
416 1538 475 1594 δε
505 1550 734 1615 ποιεῖ
770 1542 937 1616 ἐπαφῇ
974 1552 1068 1607 τῆς
1107 1542 1399 1618 δυνάμεως,
1450 1552 1540 1599 καὶ
1586 1555 1657 1617 τῷ
1692 1546 1827 1620 βου-

199 1630 393 1701 λήματι
484 1630 811 1701 ἁγαθότητος
885 1633 1121 1707 ἐνεργῶν.

1215 1641 1509 1707 Ποιμαίνει,
1587 1638 1801 1708 φωτίζει

1928 468 2165 535 genitus
2200 472 2351 525 Deus
2374 488 2571 544 opem,
2593 479 2888 544 quantum
2908 477 3120 549 cuique
3146 494 3301 550 opus
3334 486 3440 547 est,
3470 482 3591 537 dis-

1930 558 2216 625 tribuens,
2259 563 2427 617 varia
2474 563 2719 634 quidem
2753 569 2807 620 et
2836 568 3033 622 omnis
3070 572 3302 637 generis
3334 573 3581 641 auxilia,

1928 646 2007 702 ob
2030 649 2371 705 Varietatem
2423 667 2632 707 eorum
2666 655 2768 725 qui
2798 654 3090 712 beneﬁcio
3112 659 3419 729 juvantur,
3482 663 3590 718 sed

1930 742 2127 792 tamen
2152 740 2475 812 unicuique
2489 744 2911 813 congruentiaj
2926 750 3062 801 uxta
3078 749 3445 805 necessitatis
3460 767 3588 807 mo-

1930 826 2079 882 dum
2106 828 2552 887 dimetitur.Eos
2583 832 2688 903 qui
2718 832 2778 888 in
2813 834 3074 889 tenebris
3104 838 3458 905 ignorantia:
3490 842 3590 898 de-

1932 911 2215 987 1~inentur,
2236 918 2554 976 illuminat:
2573 923 3106 994 propterealumen
3128 943 3337 982 verum
3354 929 3587 986 dicitur.

1934 1005 2208 1077 Judicat.j
2223 1013 2359 1063 uxta
2374 1024 2625 1080 operum
2642 1012 2918 1067 meritum
2933 1015 3249 1069 remetiens
3262 1018 3592 1085 praemium;

1939 1094 2019 1150 ob
2050 1095 2108 1150 id
2132 1096 2529 1167 judexjustus
2547 1099 2975 1158 dicitur.Paler
3003 1106 3158 1158 enim
3186 1107 3592 1176 neminemju-

1941 1185 2247 1246 dicat.sed
2267 1202 2439 1244 omne
2447 1190 2749 1257 judicium
2770 1191 2926 1245 dedit
2952 1193 3180 1248 Filio“.
3214 1195 3392 1264 Erigit
3412 1212 3442 1250 e
3474 1196 3595 1251 rui-

1940 1274 2151 1346 na,qui
2174 1292 2203 1329 e
2227 1276 2589 1332 sublimitate
2607 1279 2735 1333 vitae
2749 1280 2825 1333 ad
2852 1286 3166 1351 peccatum
3180 1283 3412 1357 delapsi
3436 1289 3592 1341 sunt:

1940 1364 2020 1419 ob
2064 1364 2123 1419 id
2166 1371 2415 1420 vocatur
2461 1369 2907 1423 resurrectio“.
2940 1372 3156 1426 Omnia
3200 1379 3400 1429 autem
3456 1375 3599 1431 facit

1941 1459 2219 1509 contactu
2263 1456 2509 1522 virtutis,
2545 1472 2614 1512 ac
2640 1457 2941 1514 voluntate
2982 1460 3264 1516 bonitatis
3296 1478 3583 1534 operans.

1939 1542 2152 1607 Pascit,
2201 1542 2516 1611 illuminat,
2569 1544 2687 1616 alit,
2730 1547 2993 1613 deducit,
3050 1549 3342 1622 medetur,
3397 1553 3589 1622 erigit.

1940 1630 2081 1694 Quae
2128 1647 2250 1686 non
2282 1638 2440 1697 sunt,
2472 1633 2628 1701 facit,
2664 1640 2726 1690 ut
2765 1636 2901 1704 sint,
2958 1638 3200 1693 condita
3252 1646 3589 1699 conservat.

202 1726 394 1792 τρέφει,
457 1719 665 1793 ὁδηγεῖ,
727 1724 969 1800 ίατρεύει,
1033 1725 1330 1784 ἀνίστησιν.
1392 1727 1585 1779 Οὐσιοί
1646 1731 1709 1779 τὰ
1750 1736 1820 1800 μὴ

1938 1721 2056 1775 Hoc
2086 1721 2270 1776 modo
2295 1721 2460 1778 bona
2481 1739 2553 1777 ex
2585 1726 2701 1779 Deo
2734 1740 2840 1796 per
2880 1700 3092 1782 Filium
3120 1728 3197 1783 ad
3237 1744 3347 1783 nos
3381 1745 3590 1801 perve-

202 1816 343 1876 ὄντα,
387 1814 456 1863 τὰ
508 1816 788 1866 κτισθέντα
842 1820 1073 1887 συνέχει.
1140 1818 1291 1869 Οὕτω
1329 1820 1395 1869 τὰ
1456 1816 1509 1869 ἐκ
1556 1826 1646 1870 τοῦ
1687 1828 1821 1873 Θεοῦ

202 1900 379 1971 ἀγαθά
430 1897 528 1952 διὰ
581 1909 673 1953 τοῦ
720 1906 845 1956 Tim)
908 1910 1039 1979 πρός
1096 1908 1231 1978 ἡμᾶς
1273 1905 1583 1978 ἀφικνεῖται,
1622 1908 1820 1962 πλείονι

200 1993 358 2060 τείχει
426 1994 494 2043 τὰ
559 1992 679 2044 καθ’
722 1992 939 2046 ἕκαστον
995 1993 1319 2069 ἐνεργοῦντος
1362 1998 1390 2054 ἡ
1447 2000 1510 2057 ὡς
1563 1996 1622 2048 ἆν
1666 1998 1819 2070 λόγος

202 2079 451 2142 ἐξίκοιτο.
506 2085 639 2134 Οὔτε
710 2086 810 2155 γὰρ
863 2084 1147 2156 ἀστραπαὶ,
1213 2090 1329 2139 οὔτε
1383 2090 1550 2157 φωτός
1606 2087 1654 2139 ἐν
1705 2087 1817 2161 ἀέρι

199 2171 332 2221 οὕτω
399 2178 597 2242 ταχεῖα
656 2168 926 2247 διαδρομή
966 2192 977 2204 ·
1043 2174 1137 2227 οὐκ
1199 2175 1473 2249 ὀφθαλμῶν
1532 2177 1692 2240 ὀξεῖαι
1737 2180 1816 2255 ρι-

198 2266 290 2311 παί
348 2264 425 2329 (6,ἶ
466 2278 479 2290 ⁸
553 2262 647 2314 οὐκ
697 2262 861 2315 αὐτοῦ
911 2267 1158 2340 ἡμετέρου
1227 2272 1485 2339 νοήματος
1554 2270 1607 2320 αἱ
1674 2275 1816 2328 κινή-

202 2368 305 2410 σεις
339 2372 353 2384 ο
412 2349 544 2402 ἀλλὰ
573 2351 723 2405 πλέον
760 2355 957 2405 τούτων
999 2355 1215 2407 ἕκαστον
1245 2364 1342 2417 τῆς
1388 2358 1525 2419 Θείας
1557 2356 1815 2432 ἐνεργείας

200 2442 337 2491 κατὰ
414 2445 475 2492 τό
552 2444 722 2512 τάχος
796 2442 1047 2513 λείπεται,
1102 2444 1132 2501 ἡ
1192 2447 1418 2497 καθόσον
1492 2450 1557 2498 τὰ
1630 2451 1819 2522 νωθρό-

200 2548 332 2581 τατα
375 2538 479 2581 τῶν
533 2532 657 2605 παρ’
690 2534 816 2603 ἡμῖν
856 2533 1022 2603 ζώων,
1075 2534 1168 2586 οὐκ
1204 2534 1263 2586 ἂν
1324 2539 1543 2609 εἷποίμι,
1591 2548 1817 2605 πτηνῶν,

203 2616 326 2671 οὐδε
369 2620 593 2692 ἀνέμων,
630 2623 658 2680 ἦ
691 2631 782 2682 τῆς
837 2630 937 2674 τῶν
997 2624 1248 2693 οὐρανίων
1302 2632 1481 2702 φορᾶς,
1525 2626 1631 2678 ἀλλ’
1665 2629 1820 2681 αὐτοῦ

204 2716 297 2759 τοῦ
337 2711 591 2784 ἡμετέρου
636 2718 747 2777 νοῦ,
808 2716 943 2765 κατὰ
979 2718 1075 2771 τὴν
1123 2719 1331 2772 κίνησιν
1385 2717 1614 2789 ὑστερεῖ·
1675 2724 1825 2780 Τίνος

203 2800 308 2871 γὰρ
360 2798 420 2849 ἂν
485 2805 577 2852 καὶ
648 2805 991 2875 παρατάσεως
1048 2800 1220 2857 δέοιτο
1276 2815 1536 2879 χρονικῆς
1594 2808 1619 2858 6
1664 2811 1825 2881 φέρων

204 2890 271 2938 τὰ
327 2891 614 2960 σύμπαντα
657 2894 737 2959 (7)
801 2898 873 2961 τῷ
919 2893 1116 2965 ῥήματι
1172 2902 1264 2955 τῆς
1315 2891 1584 2967 δυνάμεως
1643 2897 1823 2967 αὑτοῦ,

204 2981 294 3028 καὶ
368 2984 439 3049 μὴ
527 2988 841 3049 σωματικῶς
915 2979 1129 3054 ἐνεργῶν
1165 3026 1178 3049 ,
1274 2980 1414 3056 μηδι
1489 2991 1829 3059 χειρουργίας

1936 1810 2124 1875 niunt,
2175 1811 2403 1880 majore
2456 1812 2750 1868 celeritate
2809 1815 2869 1869 in
2915 1817 3164 1886 singulis
3209 1824 3586 1889 operantem,

1931 1915 2120 1970 quam
2150 1899 2303 1954 ullus
2326 1916 2522 1955 sermo
2548 1903 2881 1973 exprimere
2913 1906 3127 1961 valeat.
3176 1909 3378 1979 Neque
3424 1909 3587 1965 enim

1930 1988 2192 2058 fulgura,
2225 2004 2420 2061 neque
2449 1989 2733 2063 lucis,per
2758 2009 2959 2049 aerem
2993 2000 3113 2050 tam
3142 1996 3317 2052 velox
3348 1997 3584 2053 discur-

1930 2093 2033 2132 sus
2062 2083 2167 2144 est,
2191 2093 2313 2133 non
2337 2078 2653 2135 oculorum
2680 2081 2899 2136 celeres
2926 2082 3096 2149 ictus,
3130 2100 3253 2139 non
3276 2086 3465 2158 ipsius
3495 2086 3583 2142 in-

1926 2166 2196 2221 tellectus
2218 2167 2402 2222 nostri
2434 2173 2635 2223 motus
2662 2187 2675 2224 :
2702 2170 2812 2225 sed
2832 2171 3048 2228 horum
3070 2173 3359 2246 quodque
3389 2176 3585 2246 magis

1927 2255 2181 2311 vincitur
2204 2255 2424 2312 divinae
2456 2258 2824 2329 operationis
2864 2260 3183 2332 celeritate,
3215 2279 3403 2335 quam
3453 2265 3585 2321 ani-

1926 2345 2158 2401 mantia
2178 2362 2314 2418 quaa
2337 2352 2477 2401 sunt
2504 2349 2669 2419 apud
2693 2365 2802 2405 nos
2833 2352 3096 2407 maxime
3116 2354 3472 2423 segnia,non
3502 2357 3587 2416 di-

1928 2450 2062 2492 cam
2120 2435 2475 2503 volatilium,
2522 2454 2717 2510 neque
2774 2446 3115 2510 ventorum,
3169 2459 3367 2516 neque
3412 2446 3587 2503 coele-

1932 2526 2112 2581 stium
2169 2526 2410 2581 orbium
2445 2527 2696 2600 impetu,
2729 2529 2833 2584 sed
2872 2530 3062 2601 ipsius
3108 2535 3325 2589 mentis
3368 2542 3585 2593 nostra:

1934 2620 2099 2670 motu
2130 2622 2511 2687 superantur.
2543 2620 2689 2673 Nam
2711 2634 2833 2689 quo
2866 2619 3111 2677 tandem
3143 2624 3430 2693 temporis
3454 2641 3587 2697 spa-

1934 2705 2015 2760 tio
2044 2710 2217 2774 egeat
2240 2706 2343 2778 qui
2371 2712 2570 2779 portat
2612 2708 2820 2763 omnia
2868 2710 3054 2765 verbo
3079 2712 3310 2767 virtutis
3359 2730 3483 2770 suae
3514 2718 3585 2785 ε’,

1934 2794 2162 2866 quique
2212 2811 2325 2851 nec
2385 2796 2774 2867 corporaliter
2822 2804 3126 2870 operatur,
3200 2817 3395 2874 neque
3452 2819 3587 2860 ma-

1936 2899 2129 2938 nuum
2171 2899 2361 2956 opera
2416 2884 2493 2941 ad
2518 2886 2849 2943 creandum
2888 2904 3045 2960 opus
3083 2889 3284 2953 habet,
3331 2891 3438 2945 sed
3485 2908 3586 2947 eo-

1936 2988 2072 3028 rum
2134 2990 2269 3046 quaa
2318 2973 2471 3029 ﬁunt
2528 2981 2810 3031 naturam
2862 2976 3047 3033 habet
3099 2977 3406 3034 voluntate
3464 2995 3587 3037 non

207 3066 279 3126 ιίς
338 3072 430 3123 τὴν
512 3064 866 3143 δημιουργίαν
928 3068 1273 3145 έπιδεόμενος,
1344 3072 1471 3126 ἀλλὰ
1527 3073 1823 3149 βουλήματι

1937 3068 2145 3119 coacta
2174 3062 2611 3134 obsequentem
2633 3065 2660 3120 ?
2690 3066 2871 3121 Sicuti
2899 3066 3123 3121 Iudith:
3153 3068 3469 3137 Cogitasti,
3501 3069 3588 3124 in-

209 3154 470 3227 αϐιοίστῳ,
526 3156 914 3211 ἀκολουθοῦσαν
953 3163 1089 3231 ἔχων
1138 3166 1233 3220 τὴν
1274 3165 1428 3235 φύσιν
1472 3172 1571 3215 τῶν
1621 3169 1824 3237 γινομέ-

205 3264 354 3312 sua;
424 3246 515 3308 Ὠς
588 3249 618 3305 ἡ
672 3245 894 3316 Ἰουδὶθ,
962 3250 1215 3314 Ἐνόησας
1294 3258 1446 3324 φησὶ,
1524 3260 1614 3307 καὶ
1688 3275 1827 3327 παρ-

210 3337 450 3391 ιστησοὶν
519 3355 603 3387 σοι
674 3340 846 3389 πάντα
920 3340 1020 3390 ὅσα
1089 3338 1332 3403 ἐνόησας.
1389 3340 1565 3414 Ὀμως
1629 3347 1823 3415 μέντοι,

216 3423 310 3473 ἶνα
388 3429 460 3494 μή
539 3444 655 3477 ποτε
721 3425 774 3477 ἐκ
827 3434 919 3479 τοῦ
975 3431 1225 3501 μεγέθους
1281 3438 1380 3482 τῶν
1457 3432 1826 3507 ἐνεργουμένων

222 3512 673 3585 πνρισπασθῶμεν
732 3516 801 3577 είς
874 3520 933 3568 τό
983 3521 1346 3590 φαντασθῆναι
1396 3521 1630 3594 ἄναρχον
1698 3524 1827 3576 εἶναι

219 3604 313 3653 τὸν
363 3603 568 3673 Κύριον,
610 3608 661 3657 τί
700 3624 859 3677 φησιν
888 3608 917 3664 ἡ
970 3607 1205 3667 αὐτοζωή
1240 3624 1254 3675 ;
1296 3608 1431 3680 Ἐγὼ
1481 3613 1552 3673 ζῶ
1592 3607 1687 3663 διὰ
1741 3616 1827 3665 τὸν

222 3695 430 3764 Πατέρα
463 3708 476 3720 ·
518 3697 607 3743 καὶ
665 3696 694 3752 ἡ
734 3701 827 3746 τοῦ
890 3700 1014 3748 Θεοῦ
1069 3692 1293 3769 δύναμις
1328 3714 1343 3728 ο

221 3783 342 3840 Υἱός
406 3788 572 3833 ποιεῖν
648 3781 733 3854 ἀφ’
804 3784 981 3837 ἐουτοῦ
1058 3782 1210 3839 οὐδέν
1242 3801 1257 3816 ⁸

1398 3699 1473 3750 Οὐ
1515 3696 1739 3753 δύναται
1803 3703 1828 3753 ὁ

1322 3792 1413 3840 καὶ
1467 3791 1495 3846 ἡ
1554 3789 1829 3851 αὐτοτελὴς

222 3874 381 3941 σορία
412 3886 427 3898 '
480 3870 716 3930 ἐντολὴν
753 3872 950 3941 ἔλαϐον,
1016 3880 1067 3927 τί
1124 3879 1270 3943 εἰπω,
1331 3882 1420 3930 καὶ
1476 3882 1529 3929 τί
1566 3877 1777 3937 λαλήσω
1810 3897 1823 3909 '

221 3954 317 4009 διὰ
352 3961 560 4011 πάντων
603 3964 798 4014 τούτων
853 3966 985 4038 πρός
1030 3969 1124 4023 τὴν
1152 3972 1247 4017 τοῦ
1288 3970 1489 4037 Πατρός
1542 3968 1676 4039 ἡμᾶς
1709 3970 1825 4020 σὺν-

220 4066 328 4099 εσιν
381 4045 616 4119 ὁδηγῶν,
671 4055 843 4103 καὶτὸ
889 4054 1065 4125 θαῦμα
1100 4062 1199 4105 τῶν
1230 4060 1505 4127 γινομένων
1537 4055 1613 4107 ἐπ’
1669 4056 1823 4110 αὐτὸν

218 4135 503 4209 ἀναφέρων,
537 4139 621 4190 ἱνα
660 4136 695 4192 ὃ
701 4140 733 4191 ι’
766 4141 923 4193 αὑτοῦ
961 4148 1049 4194 τόν
1104 4148 1311 4219 Πατέρα
1348 4153 1563 4218 γνῶμεν.
1600 4148 1673 4199 Οὑ
1722 4151 1822 4222 γὰρ

216 4225 396 4287 intra;
453 4235 555 4278 τῶν
586 4229 745 4301 ἔργων
793 4226 1047 4306 διαφορᾶς
1088 4234 1113 4283 ό
1173 4238 1349 4306 Πατὴρ
1410 4236 1695 4307 θεωρεῖται,
1753 4245 1824 4307 τῷ

219 4312 539 4375 ἰδιάζουσαν
591 4322 681 4368 καὶ
736 4326 1268 4395 κατακεχωρισμένην
1326 4320 1577 4397 ἐνέργειαν
1633 4320 1824 4376 ἐπιδεί-

1937 3154 2143 3225 quit,et
2174 3159 2392 3223 praesto
2415 3155 2671 3223 fuerunt
2704 3154 2812 3209 tibi
2836 3158 3037 3212 omnia
3065 3171 3199 3227 qua:
3223 3160 3587 3228 cogitasti”.

1937 3246 2211 3297 Attamen
2236 3258 2310 3298 ne
2331 3242 2480 3298 forte
2511 3259 2583 3298 ex
2601 3244 3014 3314 magnitudine
3037 3262 3247 3301 eorum
3269 3262 3406 3319 qua:
3437 3247 3591 3306 ﬁunt

1936 3331 2243 3404 rapiamur
2271 3333 2332 3387 in
2352 3332 2938 3402 imaginationemmt
2966 3340 3250 3407 putemus
3270 3338 3591 3394 Dominum

1938 3422 2233 3494 principio
2282 3438 2504 3491 carere,
2536 3421 2685 3495 quid
2723 3424 2801 3479 ait
2827 3424 2877 3479 is
2907 3425 3011 3497 qui
3038 3440 3145 3497 per
3175 3442 3240 3482 se
3266 3426 3389 3483 vita
3445 3432 3535 3484 est
3559 3427 3587 3482 ‘I

1946 3514 2049 3583 17
2072 3513 2203 3583 Ego
2232 3513 2363 3568 vivo
2388 3519 2641 3582 propter
2667 3513 2984 3569 Patrem“.
3011 3517 3079 3570 Et
3102 3515 3201 3570 Dei
3231 3517 3435 3572 virtus:
3454 3517 3593 3573 Non

1932 3608 2121 3675 potest
2152 3602 2346 3657 Filius
2375 3617 2413 3658 a
2452 3618 2513 3658 se
2548 3603 2758 3671 facere
2786 3603 3110 3675 quidquam
3143 3606 3209 3662 ⁵⁵.
3244 3606 3493 3676 Rursus,
3540 3607 3592 3662 is

1938 3692 2043 3763 qui
2063 3707 2136 3746 ex
2154 3707 2218 3747 se
2238 3692 2502 3764 perfecta
2518 3697 2606 3747 est
2637 3692 2952 3764 sapientia:
2975 3692 3337 3750 Mandatum
3364 3696 3590 3765 accepi,

1937 3780 2084 3851 quid
2109 3780 2389 3846 dieam,et
2419 3781 2567 3851 quid
2593 3781 2811 3852 loquar
2832 3783 2878 3816 ⁶⁶
2905 3798 2917 3836 :
2942 3796 3050 3853 per
3094 3781 3225 3837 haec
3250 3784 3459 3839 omnia
3483 3782 3594 3839 du-

1938 3885 2081 3925 cens
2118 3885 2229 3925 nos
2260 3869 2337 3925 ad
2377 3869 2567 3925 Patris
2593 3870 3020 3939 cognitionem,
3045 3874 3101 3925 et
3126 3871 3591 3929 admirationem

1937 3974 2145 4016 eorum
2163 3974 2299 4031 quas
2316 3958 2661 4031 gerebat,ad
2685 3958 2854 4015 illum
2871 3959 3157 4027 referens,
3183 3965 3245 4017 ut
3260 3977 3367 4033 per
3388 3962 3590 4034 ipsum

1936 4064 2378 4119 cognoscamus
2407 4050 2660 4104 Patrem.
2690 4051 2815 4105 Non
2849 4050 3007 4105 enim
3039 4065 3113 4105 ex
3141 4065 3395 4122 operum
3425 4051 3591 4109 diffe-

1934 4138 2124 4195 rentia
2154 4141 2317 4193 Pater
2341 4137 2731 4209 conspicitur,
2763 4138 2939 4210 quasi
2994 4138 3361 4210 peculiarem
3409 4145 3590 4213 atque

1937 4230 2279 4299 separatam
2298 4226 2599 4282 actionem
2622 4226 3311 4300 exhibeat(qua3cunque
3332 4229 3491 4285 enim
3510 4230 3594 4285 vi-

1937 4316 2037 4372 det
2062 4319 2293 4371 Patrem
2342 4316 2685 4383 facientem,
2720 4316 2847 4371 hasc
2887 4322 2943 4371 et
2992 4317 3168 4371 Filius
3195 4317 3465 4373 similiter
3502 4318 3592 4376 fa-

217 4407 442 4457 κννσθαι
483 4408 609 4476 ιβὸσα
646 4410 749 4479 γὰρ
813 4407 989 4481 βλέπει
1030 4414 1104 4480 (8)
1162 4416 1248 4465 τόν
1309 4417 1505 4485 πατέρα
1554 4421 1822 4482 ποιοῦντα,

1940 4406 2119 4475 cit“),
2146 4420 2361 4460 verum
2387 4420 2461 4459 ex
2491 4404 2701 4474 gloria,
2729 4420 2865 4476 quae
2887 4405 2940 4460 ei
2961 4404 3038 4459 ab
3067 4404 3377 4475 Unigenito
3404 4404 3596 4463 defer-

218 4513 386 4547 ταυτα
436 4500 530 4548 καί
590 4497 616 4547 6
676 4500 794 4559 Υἱός
841 4501 1029 4571 ὁμοίως
1074 4504 1253 4571 ποιεῖ).
1284 4500 1393 4553 ἀλλ’
1425 4501 1479 4554 ἐκ
1527 4510 1623 4564 τῆς
1664 4523 1825 4577 προσ-

220 4590 475 4657 αγομένης
527 4586 669 4655 αὐτῷ
699 4590 841 4661 παρὰ
864 4596 955 4641 τοῦ
986 4596 1305 4661 Μονογενοῦς
1345 4588 1506 4653 δόξης
1534 4596 1593 4643 τὸ
1654 4588 1828 4664 θαῦμα

218 4684 314 4725 τῶν
387 4679 677 4747 γινομένων
743 4697 1055 4750 καρπουται,
1116 4684 1240 4754 πρὸς
1317 4688 1389 4750 τῷ
1449 4683 1653 4753 μεγέθει
1725 4690 1825 4733 τῶν

223 4768 527 4837 ποιημάτων
582 4770 670 4818 καὶ
710 4765 786 4818 ἐπ’
826 4768 964 4840 αὐτῷ
1010 4777 1081 4840 τῷ
1112 4778 1301 4842 ποιητῇ
1359 4768 1698 4843 ἀγαλλόμενος
1736 4777 1825 4824 καὶ

223 4854 513 4929 ίτᾷούμενος
561 4858 705 4931 παρὰ
754 4864 854 4910 τῶν
906 4856 1348 4930 ίπιγινωσκόντων
1400 4860 1558 4913 αὐτόν
1617 4865 1825 4936 Πατέρα

287 5037 332 5069 ⁸ο
355 5036 539 5091 Joan.
570 5049 628 5104 v,
662 5038 749 5091 2'2.

224 5107 264 5141 ⁶⁶
290 5108 471 5165 Joan.
505 5122 601 5175 xu,
637 5110 724 5163 49.

853 5038 895 5072 ⁶¹
924 5037 1092 5093 Joan.
1124 5053 1198 5104 χι,
1230 5041 1318 5104 25,

803 5109 847 5143 ⁸⁷
870 5110 1043 5165 Joan.
1072 5127 1127 5176 v,
1160 5115 1240 5167 19.

1432 5039 1479 5073 ⁶²
1506 5036 1683 5094 Hebr.
1712 5053 1755 5107 ι,
1783 5042 1838 5097 3.

1320 5109 1367 5144 ⁸⁸
1399 5108 1579 5165 Hebr.
1607 5126 1666 5179 η,
1697 5113 1781 5167 10.

282 5291 359 5353 (5)
393 5292 594 5361 Κρίνει.
628 5286 898 5361 Plerique
922 5286 1161 5361 codices
1188 5303 1335 5343 mss.
1370 5294 1552 5361 κρινεῖ,
1584 5286 1829 5357 judica-

223 5354 317 5410 διε.
339 5354 457 5413 Sed
489 5365 699 5413 tamen
722 5354 867 5412 nihil
897 5357 1133 5414 videtur
1153 5354 1539 5415 mutandum.

284 5432 359 5495 (6)
391 5431 619 5501 Ῥιπαί.
651 5430 744 5485 Sic
765 5428 946 5501 editio
978 5430 1161 5485 Paris.
1202 5446 1273 5485 ac
1302 5434 1440 5501 Reg.
1494 5429 1823 5487 secundus.

222 5499 497 5575 Quinque
521 5500 627 5557 alii
648 5506 705 5557 et
735 5500 920 5575 editio
940 5501 1116 5575 Basil.
1147 5502 1331 5575 ῥοπαί.

285 5574 362 5641 (7)
392 5573 471 5628 "ra
503 5578 809 5647 σύμπαντα.
844 5574 939 5629 Sic
969 5573 1207 5631 codices
1239 5590 1367 5645 sex,
1399 5578 1456 5632 et
1485 5573 1673 5647 paulo
1694 5578 1833 5647 post

1938 4500 2315 4567 tur,operum
2336 4493 2695 4551 miraculum
2718 4493 3081 4565 carpit,dum
3104 4499 3320 4566 praeter
3340 4511 3596 4567 operum

1938 4584 2443 4655 magnitudinem,
2461 4584 2536 4639 de
2556 4584 2689 4655 ipso
2710 4584 2890 4638 etiam
2920 4588 3163 4639 auctore
3194 4599 3449 4655 operum
3471 4584 3599 4655 glo-

1935 4676 2142 4741 riatur,
2182 4679 2238 4730 et
2267 4672 2567 4729 exaltatur
2596 4672 2674 4729 ab
2704 4673 2775 4729 iis
2805 4673 2909 4745 qui
2938 4679 3280 4742 agnoscunt
3317 4690 3455 4730 eum
3497 4676 3600 4736 Pa-

1937 4770 2087 4821 trem
2111 4762 2345 4819 Domini
2362 4762 2704 4819 nostriJesu
2736 4762 2945 4819 Christi
2971 4780 2983 4817 :
3027 4764 3146 4819 Per
3174 4779 3344 4835 quem
3372 4765 3598 4835 omnia,

1935 4863 1991 4914 et
2011 4861 2259 4928 propter
2276 4869 2449 4927 quem
2471 4854 2749 4910 omnia“.
2779 4851 2917 4909 ideo
2938 4852 3080 4911 dicit
3108 4854 3397 4911 Dominus
3422 4871 3436 4911 :
3473 4855 3604 4912 0m-

3130 5034 3176 5070 ⁸⁵
3200 5035 3372 5092 Joan.
3404 5049 3458 5090 v.
3498 5034 3591 5091 t9.

1950 5038 1999 5074 ⁸³
2026 5035 2229 5092 Iudith
2257 5050 2330 5102 ix,
2360 5036 2411 5090 4.
2526 5033 2573 5069 ⁵⁸
2602 5034 2775 5090 Joan.
2803 5048 2880 5103 vi,
2929 5036 3015 5089 58.

1936 5289 2301 5359 χειρουργίας.
2334 5282 2485 5359 Εᾲὶίὶ
2510 5286 2575 5336 τὰ
2599 5286 2765 5359 πάντα
2784 5292 2979 5359 χειρῶν
3011 5288 3068 5341 et
3101 5282 3368 5359 ἐργασίας.

2013 5338 2087 5438 (ξ,
2120 5338 2312 5410 tam}.
2344 5338 2698 5438 51¢}?qu
2731 5338 2968 5411 Cariae.
2992 5338 3036 5438 ες
3053 5338 3214 5438 editi.
3242 5338 3433 5438 agant.
3467 5355 3597 5438 Non

1937 5422 2129 5484 multo
2155 5435 2292 5499 post
2320 5428 2404 5482 sic
2434 5422 2780 5499 habet'Heg.
2814 5425 3117 5483 secundus
3139 5422 3214 5477 δι’
3243 5422 3303 5476 οὗ
3335 5422 3401 5478 τὰ
3435 5428 3603 5480 πάντα

1941 5506 2032 5554 καὶ
2064 5500 2136 5563 εἰς
2163 5500 2216 5553 ὃν
2242 5502 2311 5553 τὰ
2340 5502 2529 5554 πάντα.
