4062 6208
480 289 578 343 103

1858 266 1914 320 8.
1960 258 2210 316 BASILll
2252 258 2471 313 MAGNI

3745 272 3840 326 104

475 412 579 466 m'a
600 421 729 465 mea
745 409 853 460 tua
881 403 1111 466 sunt,ut
1128 398 1207 455 ad
1223 398 1423 470 ipsum
1445 393 1741 463 originem
1761 403 1962 445 rerum
1993 400 2130 441 con-

2248 388 2331 434 τοῦ
2384 386 2577 455 Κυρίου
2617 384 2761 456 ἡμῶν
2793 384 2971 443 Ἰησοῦ
3024 392 3280 461 Χριστοῦ,
3324 382 3396 439 δι’
3437 386 3498 439 οὗ
3550 390 3617 441 τὰ
3662 393 3840 463 πάντα,

471 498 736 555 ditarum
762 492 1027 549 referens
1063 505 1076 543 :
1101 489 1175 542 Et
1194 496 1300 543 tua
1330 500 1460 541 mea
1485 486 1553 550 ⁶⁹;
1588 487 1652 538 ut
1668 479 1808 535 inde
1840 474 2133 549 principia

474 585 717 643 creandi
749 580 1086 653 accipiens;
1139 590 1260 631 non
1314 571 1476 645 quod
1528 569 1758 627 auxiliis
1806 572 2007 622 utatur
2054 564 2134 620 ad

472 672 1076 746 operandum,neque
1090 662 1257 736 quod
1280 661 1330 716 ei
1344 658 1811 733 particularibus
1831 653 2134 746 mandatis

472 744 956 830 uniuscujusque
1009 752 1211 825 operis
1254 749 1655 806 ministerium
1688 744 2085 802 concredatur
2118 759 2131 796 :

471 868 617 908 nam
641 847 798 906 istud
829 844 1077 917 quidem
1102 839 1401 904 servile,et
1427 854 1463 894 a
1484 838 1691 892 divina
1712 834 2003 904 dignitate
2026 832 2133 887 im-

473 954 683 996 menso
715 937 1014 991 semotum
1048 929 1383 985 intervallo:
1420 927 1527 982 sed
1558 924 1725 999 quod
1757 923 2012 979 Verbum
2033 937 2135 993 pa-

473 1027 659 1083 ternis
687 1023 864 1079 bonis
904 1021 1171 1093 plenum,
1215 1016 1601 1089 resplendens
1641 1031 1676 1069 a
1708 1017 1896 1081 Patre,
1927 1011 2136 1066 omnia

478 1115 619 1171 facit
643 1116 721 1168 ad
754 1108 1206 1166 similitudinem
1238 1107 1365 1174 eius
1395 1106 1500 1177 qui
1522 1106 1718 1176 ipsum
1754 1100 2133 1171 genuit.Nam

471 1204 519 1259 si
542 1204 712 1273 juxta
743 1199 1068 1257 essentiam
1100 1195 1248 1251 nihil
1276 1194 1473 1249 differt
1498 1210 1533 1249 a
1555 1196 1745 1257 Patre,
1789 1206 1897 1245 nec
1928 1194 2135 1261 poten-

471 1293 553 1348 tia
576 1292 757 1347 etiam
790 1306 823 1345 a
858 1292 1022 1343 Patre
1050 1287 1300 1340 diﬂeret.
1336 1284 1519 1338 Porro
1576 1296 1839 1354 quorum
1884 1278 2134 1350 aequalis

470 1387 559 1436 est
596 1380 882 1452 potentia,
927 1376 1141 1431 horum
1171 1373 1421 1428 omnino
1460 1370 1709 1443 aequalis
1738 1372 1902 1425 estet
1926 1383 2135 1439 opera-

468 1471 569 1525 tio.
607 1469 878 1525 Christus
925 1464 1227 1537 siquidem
1283 1462 1379 1517 Dei
1414 1461 1602 1517 virtus
1636 1464 1745 1525 est,
1780 1466 1837 1513 et
1885 1457 1985 1511 Dei
2039 1473 2134 1511 sa-

469 1558 784 1630 pientia”.
833 1558 897 1611 Et
939 1555 1024 1609 sic
1073 1553 1279 1608 omnia
1321 1568 1428 1623 per
1459 1551 1656 1622 ipsum
1691 1549 1848 1603 facta
1902 1547 2133 1614 sunt“,

469 1647 798 1718 omniaque
830 1660 935 1717 per
964 1644 1165 1716 ipsum
1208 1646 1266 1696 et
1294 1641 1355 1695 in
1394 1640 1595 1711 ipsum
1627 1637 1872 1694 condita
1898 1640 2039 1691 sunt
2063 1638 2132 1703 ⁷³,

2241 478 2330 525 καὶ
2384 469 2456 524 δι’
2506 474 2560 524 ὃν
2606 477 2672 526 τὰ
2726 478 2912 529 πάντα.
2964 478 3059 528 Διὰ
3115 480 3267 529 τοῦτό
3318 496 3477 548 φησιν
3540 479 3567 529 6
3617 484 3794 553 Κυριος
3824 503 3835 515 ·

2241 564 2319 613 Τὰ
2357 561 2455 634 ἐμὰ
2511 566 2679 616 πάντα
2734 567 2800 616 σοί
2840 564 2982 617 ἐστιν
3015 583 3027 595 ·
3093 567 3158 625 ὡς
3212 565 3291 617 ἐπ’
3342 565 3496 619 αὐτόν
3534 574 3624 628 τῆς
3676 567 3840 644 ἀρχῆς

2243 659 2341 702 τῶν
2400 649 2878 727 δημιουργημοίτων
2920 653 3239 727 ἀνοιγομένης
3272 672 3284 685 ·
3332 660 3432 709 Καὶ
3498 659 3565 709 τὰ
3622 661 3688 709 σὰ
3726 658 3839 731 ἐμοὶ·

2244 742 2314 801 ὡς
2379 740 2564 794 ἐκεῖθεν
2616 743 2755 814 αὐτῷ
2813 744 2891 814 (9)
2938 752 3027 805 τῆς
3095 745 3267 805 αἰτίας
3342 753 3433 797 τοῦ
3510 742 3841 822 δημιουργεῖν

2244 832 2603 899 καθηκούσης,
2654 833 2711 884 οὐ
2767 832 3033 905 βοηθείαις
3086 840 3341 908 χρωμένῳ
3399 839 3531 909 πρὸς
3589 845 3681 895 τῆν
3719 836 3842 911 ἐνέρ-

2243 940 2406 991 γειαν,
2457 919 2581 974 οὐδὲ
2626 931 2741 984 ταῖς
2790 927 2927 975 κατὰ
2979 926 3130 998 μέρος
3191 924 3536 997 ἐπιτροπαις⁶
3582 931 3676 983 την
3733 927 3843 979 ἐκά-

2248 1030 2370 1062 στου
2446 1014 2597 1083 ξογου
2674 1010 2943 1064 διακονίαν
3018 1018 3373 1086 πιστευομένῳ
3408 1035 3421 1049 ’
3498 1014 3847 1089 λειτουργικὸν

2243 1102 2345 1172 γὰρ
2378 1108 2530 1153 τοῦτό
2568 1121 2648 1172 γε,
2686 1107 2775 1154 καὶ
2827 1111 2920 1164 τῆς
2972 1104 3107 1163 θείας
3166 1101 3315 1165 ἀξίας
3365 1104 3678 1176 παμπληθὲς
3733 1104 3850 1158 ἰιποο

2247 1186 2407 1242 dies"
2461 1189 2588 1242 ἀλλὰ
2636 1195 2737 1265 γάρ
2784 1192 2983 1265 πλήρης
3013 1193 3132 1261 (10)
3164 1194 3189 1244 6
3233 1197 3403 1264 Λόγος
3437 1202 3536 1246 τῶν
3594 1205 3851 1267 πατρικῶν

2248 1279 2475 1351 ἀγαθῶν,
2536 1289 2627 1333 τοῦ
2678 1285 2878 1355 Πατρός
2921 1280 3252 1353 ἀπολάμψας,
3309 1285 3480 1335 πάντα
3524 1292 3667 1336 ποιεῖ
3723 1288 3857 1337 κατὰ

2248 1376 2339 1429 τὴν
2378 1390 2468 1423 του
2507 1376 2847 1442 γεννήσαντος
2883 1372 3185 1444 ὁμοιότητα.
3230 1372 3288 1424 Εἰ
3337 1374 3437 1445 γάρ
3488 1371 3626 1425 κατά
3655 1378 3747 1431 την
3776 1374 3856 1426 οὐ-

2250 1464 2366 1511 σίαν
2434 1460 2843 1533 ἀπαραλλάκτως
2918 1464 3050 1533 ἔχει,
3122 1459 3534 1535 ἀπαραλλάκτως
3605 1463 3705 1524 ἕξει
3770 1468 3855 1516 καὶ

2246 1551 2380 1601 κατά
2404 1555 2498 1608 τὴν
2550 1547 2792 1623 δύναμιν.
2825 1552 2919 1604 Ὧν
2972 1548 3031 1603 δε
3074 1553 3103 1609 ἡ
3162 1547 3385 1623 δύναμις
3433 1555 3552 1619 ἴση,
3611 1556 3703 1610 ἴση
3757 1572 3853 1606 που

2246 1642 2451 1701 πάντως
2473 1661 2561 1692 και
2593 1643 2621 1699 ἡ
2656 1640 2899 1716 ἐνέργεια.
2930 1644 3162 1716 Χριστὸς
3187 1643 3287 1714 γάρ
3321 1649 3453 1695 Θεοῦ
3485 1638 3738 1715 δύναμις,
3768 1647 3855 1695 καὶ

469 1753 592 1794 non
620 1736 781 1808 quod
806 1731 1252 1789 instrumentali
1274 1730 1545 1802 quodam
1569 1744 1639 1783 ac
1652 1727 1848 1783 servili
1874 1726 2134 1782 ministe-

2248 1738 2381 1783 Θεοῦ
2416 1736 2591 1803 σοφία.
2638 1736 2737 1784 Καὶ
2768 1732 2903 1783 οὕτω
2948 1733 3120 1783 πάντα
3174 1728 3245 1784 δι’
3278 1731 3440 1784 αὑτοῦ
3498 1732 3718 1803 ἐγένετο,
3769 1737 3855 1784 καὶ

467 1827 556 1883 rio
595 1826 882 1895 fungatur
911 1841 923 1878 :
953 1824 1058 1877 sed
1089 1821 1256 1894 quod
1289 1827 1578 1892 tanquam
1612 1818 1887 1874 conditor
1935 1821 2133 1889 pater-

468 1931 611 1973 nam
632 1914 883 1986 impleat
910 1912 1310 1968 voluntatem.

539 2099 628 2151 20.
660 2096 866 2166 Itaque
907 2108 1046 2148 cum
1074 2092 1154 2147 ait
1188 2108 1199 2146 :
1229 2092 1358 2160 Ego
1380 2105 1456 2146 ex
1482 2105 1575 2145 me
1598 2091 1722 2158 ipso
1745 2090 1980 2145 locutus
2009 2104 2129 2144 non

472 2201 603 2239 sum
626 2185 695 2249 73;
721 2188 778 2239 et
807 2197 1050 2237 rursum
1085 2200 1097 2234 :
1133 2181 1295 2235 Sicut
1327 2180 1485 2235 dixit
1517 2178 1668 2234 mihi
1694 2181 1903 2244 Pater,
1933 2179 2017 2233 ita
2050 2178 2131 2233 lo-

468 2274 692 2346 quor“;
718 2277 803 2327 et:
836 2272 1046 2327 Sermo
1067 2286 1237 2340 quem
1270 2270 1523 2324 audistis
1554 2284 1672 2324 non
1702 2276 1784 2325 est
1813 2283 1998 2336 meus,
2029 2267 2131 2324 sed

468 2366 601 2431 ejus
634 2364 737 2431 qui
765 2361 925 2415 misit
955 2360 1117 2426 me”;
1141 2364 1195 2413 et
1216 2358 1356 2413 alibi
1387 2377 1398 2411 :
1427 2357 1933 2424 Quemadmodum
1964 2372 2131 2413 man-

477 2452 641 2508 davit
673 2450 823 2505 mihi
851 2450 1060 2516 Pater,
1095 2451 1181 2504 sic
1200 2449 1416 2518 facio?6
1442 2465 1454 2500 :
1488 2463 1608 2503 non
1640 2448 1807 2519 quod
1831 2452 2035 2502 careat
2059 2445 2128 2502 li-

476 2541 626 2598 bero
655 2540 902 2596 arbitrio
944 2555 1014 2595 ac
1042 2539 1361 2595 voluntatis
1391 2544 1580 2608 motu,
1615 2554 1810 2610 neque
1850 2536 2017 2609 quod
2059 2552 2129 2592 ex

466 2631 621 2687 datis
654 2630 843 2699 signis
866 2629 1105 2684 veniam
1138 2645 1208 2684 ac
1238 2628 1540 2684 licentiam
1564 2627 1785 2697 agendi
1808 2631 2125 2699 exspectet,

468 2721 605 2777 ideo
629 2720 849 2777 talibus
875 2720 1057 2774 utitur
1084 2718 1305 2774 verbis:
1332 2717 1438 2774 sed
1459 2722 1520 2772 ut
1541 2717 1799 2773 declaret
1820 2717 2132 2790 propriam

468 2810 841 2867 voluntatem
893 2808 1211 2878 conjuncte
1262 2813 1441 2879 atque
1475 2807 1957 2879 inseparabiliter
1987 2797 2134 2862 Patri

471 2900 901 2957 adhaerentem.
923 2896 1175 2953 Proinde
1206 2896 1369 2969 quod
1399 2896 1615 2952 dicitur
1642 2896 2026 2959 mandatum,
2058 2911 2134 2951 ne

470 3003 815 3045 sermonem
846 2986 1239 3059 imperiosum
1270 3002 1376 3058 per
1410 2986 1644 3042 vocalia
1670 3002 1902 3056 organa
1942 2985 2135 3058 prola-

465 3084 594 3136 tum
612 3076 1193 3149 intelligamus,Filio
1212 3076 1376 3132 velut
1392 3076 1633 3132 subdito
1647 3076 2134 3149 praescribentem

471 3168 619 3241 quid
640 3168 837 3223 facere
855 3166 1095 3222 debeat:
1122 3166 1227 3222 sed
1244 3166 1420 3237 juxta
1442 3182 1691 3221 sensum
1712 3170 1829 3223 Deo
1857 3166 2131 3251 dignum,

468 3255 879 3325 intelligamus
910 3255 1238 3310 voluntatis
1290 3256 1925 3325 communicationem,
1955 3254 2137 3311 veluti

469 3345 679 3401 forma
703 3343 1046 3414 cujuspiam
1075 3343 1136 3397 in
1163 3342 1409 3415 speculo
1432 3342 1784 3414 imaginem,
1802 3360 1837 3400 a
1873 3346 2047 3401 Patre
2075 3344 2135 3400 in

468 3435 687 3490 Filium
715 3433 842 3487 sine
874 3437 1142 3503 tempore
1162 3432 1619 3491 demanantem.
1651 3436 1837 3490 Pater
1866 3437 2022 3491 enim
2052 3436 2115 3490 di

471 3524 613 3594 ligit
644 3522 893 3585 Filium,
922 3528 976 3577 et
1018 3522 1217 3576 omnia
1249 3522 1503 3577 ostendit
1528 3524 1705 3578 illi”.
1740 3526 1945 3595 Itaque
1975 3539 2138 3595 quas-

468 3628 710 3685 cunque
740 3610 928 3666 habet
956 3612 1144 3680 Pater,
1188 3610 1310 3665 Filii
1334 3614 1473 3665 sunt
1501 3627 1513 3676 ;
1550 3625 1672 3667 non
1696 3611 1862 3684 quod
1892 3612 2021 3667 haac
2052 3611 2137 3666 illi

466 3700 759 3776 paulatim
790 3704 1155 3770 accrescant,
1192 3699 1297 3755 sed
1342 3700 1567 3756 adsunt
1597 3700 1784 3755 semel
1831 3701 2136 3756 universa.

469 3792 597 3847 Non
627 3789 787 3847 enim
814 3789 965 3845 inter
994 3788 1274 3845 homines
1302 3788 1407 3860 qui
1453 3794 1645 3845 artem
1692 3789 2035 3861 perdidicit,
2067 3806 2138 3846 ac

468 3880 701 3937 diutina
714 3879 1137 3936 exercitatione
1167 3878 1414 3934 ﬁrmum
1437 3878 1580 3934 artis
1603 3879 1664 3934 in
1695 3879 1901 3936 animo
1920 3879 2137 3936 ﬁxum-

465 3984 584 4042 que
613 3968 891 4025 habitum
921 3969 1091 4038 gerit,
1115 3967 1403 4040 deinceps
1435 3972 1632 4040 potest
1670 3969 1845 4040 juxta
1876 3970 2136 4027 scientia:

467 4056 756 4124 rationes,
783 4070 940 4128 quas
963 4055 1024 4111 in
1043 4059 1245 4111 mente
1265 4060 1441 4127 tenet,
1467 4071 1575 4128 per
1595 4072 1724 4112 sese
1744 4056 2006 4129 operari,
2040 4057 2138 4115 Dei

466 4161 610 4202 vero
653 4145 967 4218 sapientia,
1035 4145 1397 4201 architectus
1466 4146 1763 4203 universas
1819 4152 2132 4214 creaturae,

468 4251 709 4308 semper
736 4235 1219 4308 perfectus,citra
1248 4234 1562 4291 doctorem
1588 4236 1853 4308 sapiens,
1890 4239 1993 4294 Dei
2022 4239 2141 4295 vir-

468 4332 583 4392 tus,
648 4329 710 4381 in
765 4341 888 4397 quo
928 4329 1067 4381 sunt
1116 4340 1331 4380 omnes
1380 4325 1653 4381 thesauri
1705 4327 2015 4400 sapientiae
2075 4334 2133 4386 et

2245 1824 2414 1872 πάντα
2459 1816 2530 1871 δι’
2558 1820 2717 1873 αὐτοῦ
2744 1826 2831 1873 καὶ
2872 1821 2943 1882 εἰς
2974 1821 3130 1881 αὐτὸς
3161 1824 3413 1887 ἔκτισται,
3444 1822 3539 1873 οὐκ
3575 1821 3854 1897 ὀργανικὴν

2242 1930 2358 1962 τινα
2388 1906 2511 1962 οὐδε
2543 1907 2792 1969 δουλικὴν
2851 1912 3141 1983 ὑπηρεσίαν
3199 1910 3537 1985 πληροῦντος,
3594 1910 3725 1963 ἀλλά
3762 1908 3854 1969 δη-

2240 2008 2564 2073 μιουργικῶς
2583 2003 2640 2050 τὸ
2671 2002 2925 2071 πατρικὸν
2958 1999 3313 2062 ἐπιτελοῦντος
3344 2000 3562 2073 θῖλημα.

2310 2092 2397 2143 20.
2455 2087 2612 2141 Ὀταν
2675 2089 2763 2140 οὖν
2806 2088 2925 2162 λέγῃ
2963 2107 2976 2119 ⁸
3022 2089 3150 2160 Ἐγὼ
3203 2088 3255 2151 ἐξ
3294 2089 3523 2162 ἐμαυτοῦ
3586 2089 3684 2142 οὐκ
3735 2088 3855 2141 ἑλοί-

2237 2176 2419 2237 λησα”
2498 2182 2585 2230 καὶ
2659 2178 2862 2231 πάλιν·
2943 2181 3125 2241 Καθὼς
3202 2183 3374 2254 εἴρηκέ
3424 2199 3515 2252 μοι
3573 2180 3599 2231 ὀ
3650 2182 3857 2251 Πατὴρ,

2237 2268 2369 2320 οὕτω
2426 2266 2603 2319 λαλῶ·
2665 2272 2777 2335 καὶ,
2834 2266 2893 2319 Ὀ
2950 2267 3102 2339 λόγος
3167 2267 3220 2319 ὃν
3277 2266 3507 2330 ἀκούετε,
3566 2268 3666 2320 οὐκ
3706 2270 3859 2321 ἔστιν

2498 2182 2585 2230 καὶ
2659 2178 2813 2231 πάλιν
2848 2196 2862 2208 ⁸

2236 2357 2381 2429 ἐμὸς,
2443 2355 2570 2409 ἀλλὰ
2630 2364 2721 2409 τοῦ
2774 2355 3069 2428 πέμψαντός
3108 2376 3172 2429 με
3203 2374 3215 2387 ·
3259 2362 3349 2410 καὶ
3401 2356 3617 2432 ἑτέρωθι
3652 2379 3665 2391 ·
3716 2359 3862 2410 Καθ-

2237 2452 2307 2509 ὼς
2358 2449 2471 2519 (Η)
2528 2446 2805 2500 ἐνετείλατό
2868 2466 2959 2519 μοι
3016 2448 3041 2499 6
3092 2452 3296 2522 Πατὴρ,
3360 2448 3496 2500 οὕτω
3535 2455 3673 2499 ποιῶ
3708 2464 3721 2477 ·
3766 2447 3864 2499 οὐκ

2241 2534 2585 2610 ἀπροαιρετος
2615 2536 2703 2602 ῶν,
2736 2532 2860 2589 οὐδὲ
2891 2535 3172 2609 ἁνόμητος,
3211 2532 3334 2589 οὐδε
3362 2540 3420 2588 τὸ
3471 2535 3523 2587 ἐκ
3571 2544 3677 2588 τῶν
3740 2555 3867 2587 συν-

2244 2627 2487 2698 θημάτων
2546 2622 2823 2697 ἐνδόσιμον
2876 2625 3158 2698 ἀναμένων,
3208 2633 3324 2687 ταῖς
3382 2627 3659 2686 τοιαύταις
3721 2633 3865 2697 χρῆο

2241 2735 2329 2767 ται
2381 2723 2567 2787 φωναῖς
2600 2731 2612 2743 ·
2654 2714 2783 2767 ἀλλὰ
2839 2712 3011 2774 δηλῶν
3065 2720 3159 2773 την
3217 2716 3410 2767 οἰκείαν
3446 2720 3662 2787 γνώμην
3720 2716 3865 2771 ἠνω-

2241 2810 2404 2877 μένως
2458 2808 2547 2856 καὶ
2589 2801 2927 2865 ἀδιαστάτως
2983 2804 3077 2856 τοῦ
3137 2809 3339 2878 Πατρός
3387 2802 3671 2876 ἐχομένην.
3724 2802 3867 2877 Ἀρα

2244 2891 2329 2946 οὖν
2370 2898 2457 2945 καὶ
2522 2898 2615 2952 τὴν
2677 2894 2955 2968 λεγομένην
3013 2893 3217 2951 ἐντολὴν
3278 2898 3347 2966 μὴ
3413 2893 3562 2966 λόγον
3618 2912 3867 2966 προστα-

2242 2987 2419 3035 κτικὸν
2473 2980 2565 3035 διὰ
2632 2991 2731 3035 τῶν
2776 2991 3077 3055 φωνητικῶν
3132 2983 3363 3057 ὀργάνων
3430 2982 3868 3056 ἐξαγγελλόμενον

2175 3069 2589 3145 οέκδεχώμεθα
2644 3074 2779 3143 (12),
2826 3078 2944 3145 περὶ
3017 3081 3118 3125 τῶν
3174 3076 3429 3132 ποιητέων
3482 3080 3555 3144 τῷ
3612 3075 3747 3144 Υίῷ,
3806 3073 3871 3132 ὡς
3903 3098 3935 3151 )

2246 3164 2481 3234 ὑπηκόῳ,
2535 3164 2953 3235 νομοθετοῦντα·
3019 3161 3149 3215 ἀλλὰ
3202 3165 3493 3236 θεοπρεπῶς
3546 3170 3753 3235 νοῶμεν
3798 3163 3875 3214 θε-

2243 3251 2473 3324 λήματος
2522 3247 2772 3303 διάδοσιν
2817 3252 2921 3303 οἶόν
2973 3269 3109 3313 τινος
3159 3260 3365 3325 μορφῆς
3404 3253 3633 3323 ἔμφασιν
3673 3250 3791 3321 (13)
3825 3246 3873 3301 ἐν

2246 3347 2543 3416 κατόπτρῳ,
2578 3340 2630 3393 ἐκ
2664 3343 2867 3414 Πατρός
2914 3340 2986 3402 εἰς
3016 3342 3135 3393 Υἰὸν
3185 3339 3423 3414 ἀχρόνως
3464 3336 3873 3412 διῑκνουμένην.

2243 3438 2303 3483 '0
2358 3451 2460 3506 γαρ
2537 3435 2717 3504 Πατήρ
2793 3432 2976 3503 ἀγαπᾷ
3048 3434 3135 3483 τὸν
3192 3432 3331 3498 Υἰόν,
3382 3434 3474 3482 καὶ
3527 3432 3711 3482 πάντα
3769 3425 3873 3481 δεί-

2247 3539 2429 3571 κνυσιν
2480 3520 2646 3590 αὐτῷ.
2684 3518 2846 3573 Ὠστε
2900 3522 3072 3572 πάντα
3126 3521 3227 3571 ὅσα
3286 3521 3398 3590 ἔχει
3443 3520 3469 3571 6
3518 3524 3738 3593 Πατὴρ,
3783 3524 3878 3571 τοῦ

2248 3611 2371 3661 Υὶοῦ
2448 3608 2606 3673 ἐστιν,
2658 3608 2718 3659 οῦ
2792 3610 2925 3660 κατὰ
2998 3610 3185 3680 μικρὸν
3259 3611 3679 3681 προσ-γινόμενα,
3766 3606 3875 3660 ἀλλ’

2250 3696 2449 3771 ἀθρόως
2508 3699 2761 3769 παρόντα.
2822 3695 2897 3747 06
2934 3697 3037 3769 γὰρ
3097 3692 3272 3753 δήπου
3312 3694 3360 3746 ἐν
3560 3693 3883 3768 ἀνθρώποις

2248 3786 2274 3837 6
2302 3788 2394 3844 τὴν
2433 3789 2624 3857 τέχνην
2657 3780 3001 3855 ἐκδιδαχθείς
3038 3787 3128 3836 καὶ
3184 3788 3379 3856 παγίαν
3436 3783 3606 3844 αὐτῆς
3642 3781 3748 3838 διὰ
3786 3795 3881 3847 τῆς

2246 3878 2467 3949 χρονίας
2502 3873 2712 3946 μελέτης
2743 3875 2878 3945 ἔχων
2930 3876 3026 3931 τὴν
3082 3872 3185 3936 ἕξιν
3236 3868 3578 3947 ἐνιδρυμένην
3637 3870 3882 3929 δύναται

2245 3963 2423 4017 λοιπὸν
2497 3965 2634 4015 κατὰ
2700 3965 2823 4024 τοὺς
2895 3962 3315 4035 έναποκειμένους
3388 3960 3529 4033 αὐτῷ
3604 3970 3711 4028 τῆς
3769 3964 3884 4019 ἐπι-

2248 4059 2457 4127 στήμης
2512 4052 2692 4125 λόγους
2719 4053 2837 4106 καθ’
2863 4053 3044 4106 ἑαυτὸν
3101 4049 3318 4125 ἐνεργεῖν
3350 4071 3365 4087 ·
3416 4053 3447 4111 ἡ
3510 4047 3573 4106 δὲ
3604 4061 3708 4107 τοῦ
3750 4059 3885 4110 Θεοῦ

2250 4148 2428 4217 σοφία,
2481 4144 2507 4195 6
2565 4140 2891 4218 δημιουργὸς
2942 4144 3117 4203 πάσης
3148 4142 3260 4213 (ﬁ)
3292 4145 3530 4211 κτίσεως,
3576 4146 3606 4195 ό
3662 4142 3750 4198 ἀεὶ
3805 4148 3890 4198 τέ-

2245 4233 2397 4305 λειος,
2433 4235 2458 4285 6
2489 4229 2792 4294 ἀδιδάκτως
2823 4236 3003 4305 σοφὸς,
3037 4234 3067 4291 ἡ
3122 4239 3216 4284 τοῦ
3256 4240 3391 4286 Θεοῦ
3437 4228 3701 4307 δύναμις,
3752 4234 3805 4289 ἐν
3848 4234 3888 4286 ὦ

2244 4325 2433 4386 πάντες
2479 4326 2528 4377 οἱ
2583 4325 2842 4397 θησαυροὶ
2915 4330 3010 4384 τῆς
3065 4327 3251 4395 σοφίας
3316 4326 3406 4375 καὶ
3479 4330 3575 4384 τῆς
3634 4330 3892 4396 γνώσεως

470 4414 735 4470 scientiae
758 4414 1060 4477 occulti”,
1088 4418 1221 4483 eget
1243 4414 1494 4485 speciali
1533 4416 1645 4485 18
1670 4416 1985 4484 mandato,
2014 4434 2134 4490 quo

2248 4412 2560 4487 ἀπόκρυφοι,
2605 4422 2700 4476 τῆς
2749 4416 2885 4466 κατὰ
2924 4417 3077 4488 μέρος
3141 4412 3459 4474 ἐπιστασίας
3524 4412 3889 4489 προσδεῖται,

468 4503 522 4559 ei
536 4502 755 4559 modus
768 4518 839 4558 ac
853 4518 1137 4557 mensura
1150 4503 1571 4575 operationum
1591 4506 1985 4576 preeiiniatur.
2014 4508 2136 4563 Sci-

467 4592 605 4649 licet
626 4598 689 4649 tu
706 4591 956 4665 quidem
975 4592 1156 4648 etiam
1176 4593 1615 4665 predagogeum
1635 4598 1867 4668 aperies
1885 4598 1946 4653 in
1971 4599 2135 4654 vani-

468 4685 586 4739 tate
618 4683 1054 4753 cogitationum
1085 4688 1340 4752 tuarum,
1375 4689 1431 4740 et
1468 4686 1629 4741 hunc
1659 4687 1906 4759 quidem
1950 4687 2134 4745 facies

538 4880 584 4914 5°
614 4880 783 4935 Joan.
813 4894 949 4946 xm,
983 4880 1068 4935 10.
1183 4882 1229 4916 ⁷ο
1259 4882 1279 4935 Ι
1313 4884 1441 4938 Cor.
1487 4898 1528 4947 ι,
1559 4886 1648 4938 24.

466 4949 516 4988 ⁷⁸
545 4952 862 5020 Joan.x1v,
890 4954 977 5007 24.
1056 4953 1104 4987 ⁷⁵
1136 4951 1283 5007 ibid.
1308 4954 1395 5009 31.
1472 4955 1515 4988 ⁷⁷
1542 4957 1711 5010 Joan.
1747 4972 1800 5024 γ,
1834 4962 1922 5012 20.

541 5148 619 5211 (9)
679 5146 847 5217 Αὐτῷ.
906 5146 998 5201 Sic
1060 5147 1330 5219 plerique
1387 5149 1620 5205 codices
1687 5167 1865 5213 mss.,
1924 5150 2140 5206 melius

468 5220 658 5300 multo
678 5235 877 5303 quam
931 5220 991 5273 in
1018 5220 1276 5274 editione
1310 5222 1489 5275 Paris.
1520 5228 1575 5277 et
1609 5223 1876 5278 secunda
1915 5222 2138 5279 Basile-

470 5306 599 5348 ensr
627 5310 807 5344 αυτοῦ.

541 5365 653 5433 (to)
687 5362 839 5415 Ἀλλά
865 5365 962 5434 γὰρ
1007 5363 1226 5433 πλὰρης.
1261 5364 1545 5427 Quamvis
1580 5365 1816 5419 codices
1841 5382 1988 5420 mss.
2033 5364 2137 5422 ha-

470 5432 655 5507 beant
688 5434 815 5485 ἀλλὰ
860 5432 1060 5507 πλῇρης
1091 5432 1211 5507 γάρ,
1246 5434 1619 5505 praeferenda
1650 5442 1855 5491 tamen
1897 5436 2139 5493 videtur

471 5504 725 5573 vulgata
765 5504 1082 5577 scriptura.
1162 5504 1168 5507 ’
1248 5504 1285 5577 ί
1985 5517 1993 5524 ·

545 5577 657 5646 (tl)
694 5576 899 5637 Καθὼςζ
940 5578 1083 5634 Male
1114 5577 1176 5634 in
1220 5576 1397 5635 editis
1442 5583 1578 5635 ante
1608 5578 1769 5635 hanc
1798 5595 2011 5636 vocem
2043 5579 2153 5637 ad-

1761 4886 1806 4919 ⁷¹
1850 4887 2022 4942 Joan.
2054 4904 2088 4957 ι,
2124 4891 2176 4943 3.

2002 4959 2051 4994 ⁷⁸
2086 4958 2322 5015 Coloss.
2358 4974 2415 5027 ιι,
2444 4963 2499 5015 3.

2245 4508 2332 4555 τὸν
2380 4508 2568 4577 τρόπον
2608 4503 2749 4573 αὐτῷ
2788 4506 2878 4554 καὶ
2924 4506 2981 4554 τὸ
3047 4505 3232 4574 μέτρον
3272 4510 3372 4553 τῶν
3433 4501 3713 4575 ἐνεργειῶν
3780 4506 3893 4578 ὀρι-

2249 4595 2465 4655 ζούσης.
2498 4592 2668 4644 Ἠπου
2724 4594 2789 4644 σύ
2841 4610 2900 4663 γε
2956 4596 3047 4643 καὶ
3093 4587 3484 4663 παιδαγωγεῖον
3537 4591 3784 4657 ἀνοίξεις
3839 4593 3891 4646 ἐν

2245 4700 2304 4764 τῇ
2364 4694 2680 4764 ματαιότητί
2716 4708 2810 4742 σου
2868 4698 2968 4742 τῶν
3010 4689 3301 4762 λογισμῶν,
3336 4694 3425 4742 καὶ
3464 4694 3553 4743 τὸν
3598 4695 3703 4765 μὲν
3759 4712 3895 4767 προ-

2289 4888 2338 4923 ⁷²
2366 4886 2594 4944 Coloss.
2628 4899 2664 4955 ι,
2702 4889 2786 4942 16.
2898 4886 2949 4921 ⁷³
2974 4887 3145 4942 Joan.
3178 4900 3272 4954 xu,
3302 4887 3390 4941 49.
3504 4885 3557 4920 ⁷⁸
3593 4886 3760 4944 ibid.
3799 4893 3895 4948 50.

2249 5151 2409 5206 ditur
2434 5149 2780 5228 conjun‘ctio
2807 5154 2897 5228 καί
2926 5165 3063 5222 qua;
3090 5149 3263 5206 abest
3284 5166 3320 5207 a
3350 5167 3494 5207 mss.
3542 5153 3899 5228 Aliquanto

2249 5228 2385 5294 post
2411 5224 2534 5277 duo
2557 5222 2798 5295 codices
2830 5226 3091 5295 κέχρηται
3117 5230 3327 5295 φωναῖς.

2322 5295 2431 5368 (i2)
2468 5290 3040 5368 Ἐκδεχώμεθαρῇιιξ
3067 5290 3258 5349 codex
3290 5290 3898 5368 ἐπιδεχὼμεθα.Α11ι18

2250 5361 2629 5437 ἐπιδεχομεθαξ
2649 5361 2658 5363 -
2676 5361 2799 5420 Duo
2824 5365 2920 5419 alii
2952 5361 3301 5437 ἐκδεχόμεθα.

2474 5426 2754 5508 ιἙμφοιοίν.
2789 5439 2926 5491 Tres
2957 5426 3196 5493 codices
3236 5434 3466 5496 ἔνδοσιν.

2323 5510 2443 5580 (14)
2474 5511 2674 5569 nciam.
2704 5511 2842 5564 Tres
2866 5525 3013 5566 mss.
3047 5509 3281 5571 ἁπάσης.
