4050 6202
566 203 657 258 lli

1916 198 1973 255 S.
2018 193 2274 254 BASILII
2311 197 2551 254 MAGNI.

3787 202 3868 257 “2

555 332 804 392 natura,
839 324 1056 398 partim
1082 323 1246 398 quod
1273 324 1558 394 dignitate
1586 324 1658 379 sit
1688 323 1947 380 inferior.
1972 322 2188 389 Quibus

2313 326 2369 374 τό
2400 331 2494 384 τῆς
2525 321 2672 385 ἀξίας
2698 319 2964 384 καταὸεές.
3004 327 3137 398 Πρός
3167 322 3256 386 ούς
3288 320 3493 376 δίκαιον
3520 328 3612 381 τήν
3639 333 3731 376 τῶν
3764 324 3844 377 ἀπο

554 433 799 488 aequum
822 421 912 470 est
936 420 994 470 ut
1018 414 1427 487 apostolorum
1455 413 1649 469 verbis
1678 413 2160 485 respondeamus
2187 429 2199 465 :

556 508 664 561 Deo
694 512 922 575 oportet
944 504 1180 560 obedire
1210 506 1397 573 magis
1421 518 1598 573 quam
1620 502 2202 567 hominibusFLNam

554 596 599 650 si
616 595 901 650 Dominus
918 598 1118 664 aperte
1135 593 1190 646 in
1212 591 1503 647 tradendo
1517 591 1825 647 salutifero
1840 590 2206 661 baptimaste

550 680 1183 756 prmcepitdiscipulis,
1219 684 1281 735 ut
1309 680 1904 752 baptizarcntomnes
1928 679 2207 748 gentesin

549 774 793 829 nomine
825 772 1007 827 Patris
1036 771 1236 826 etl-‘ilii
1283 774 1336 826 et
1385 770 1641 841 Spiritus
1689 769 1881 824 sancti
1926 770 1995 833 9’,
2044 766 2209 822 haud

548 862 910 931 dedignatus
926 876 1062 915 cum
1085 859 1179 914 illo
1196 859 1600 914 consortium:
1627 863 1835 913 contra
1861 857 1952 912 isti
1976 856 2203 917 dicunt,

546 966 669 1006 non
718 955 991 1021 oportere
1054 948 1340 1020 Spiritum
1395 948 1545 1003 Patri
1606 947 1868 1018 Filioque
1903 948 2012 1016 21
2055 961 2204 1000 con-

542 1041 795 1110 jungere
820 1056 831 1101 ;
861 1054 937 1093 an
970 1053 1091 1092 non
1134 1038 1230 1092 Dei
1265 1042 1564 1108 prteceplo
1606 1036 1809 1107 palam
1865 1036 2200 1090 adversan-

547 1130 682 1185 tur?
708 1128 1011 1193 Etenim,si
1033 1126 1237 1181 dicunt
1259 1126 1611 1196 hujusmodi
1631 1126 2059 1196 conjunctione
2081 1140 2200 1179 non

545 1218 839 1274 declarari
866 1217 1047 1271 ullam
1076 1214 1568 1269 communionem
1592 1220 1695 1269 aut
1715 1213 2200 1280 eonsortium;di-

545 1306 997 1379 cantquidnam
1028 1303 1342 1359 conveniat
1364 1304 1477 1358 hoc
1528 1303 1893 1369 existimare,
1927 1307 1983 1357 et
2012 1319 2200 1374 quam

544 1397 725 1453 aliam
740 1395 987 1449 elferant
999 1393 1190 1461 magis
1204 1391 1556 1463 peculiarem
1574 1393 1855 1448 consortii
1870 1392 2195 1447 rationem?

543 1488 605 1542 Et
635 1484 883 1557 quidem
916 1484 961 1537 si
987 1481 1274 1537 Dominus
1302 1480 1414 1536 sibi
1447 1486 1504 1536 et
1560 1482 1710 1536 Patri
1757 1497 1881 1537 non
1926 1480 2200 1550 adjunvit

542 1575 825 1646 Spiritum
849 1572 907 1627 in
932 1572 1261 1642 baptismo,
1284 1586 1481 1643 neque
1504 1570 1682 1626 etiam
1704 1570 1882 1626 nobis
1909 1570 2047 1625 vitio
2076 1586 2200 1623 ver-

2318 411 2511 464 στόλων
2575 416 2742 484 φωνην
2805 411 3189 483 ἀποκρίνασθαι
3253 415 3383 484 (33),
3446 415 3526 465 ὅτι
3594 416 3868 488 Πειθαρχεῖν

2319 509 2430 571 Θεῷ
2474 497 2559 553 δεῖ
2606 500 2795 572 μᾶλλον
2844 503 2873 560 ἦ
2929 500 3235 575 ἀνθρώποις.
3293 503 3352 556 Εἰ
3397 505 3499 576 γὰρ
3532 505 3557 554 ὁ
3716 508 3870 577 Κύριος

2320 600 2489 662 σαφῶς
2540 589 2588 641 ἐν
2746 587 3041 665 παραδόσει
3093 599 3181 644 τοῦ
3244 598 3506 667 σωτηρίου
3539 591 3871 665 βαπτίσματος

2320 681 2601 754 προσέταξε
2654 688 2757 740 τοῖς
2800 682 3061 752 μαθηταῖς
3133 680 3407 753 βαπτίζειν
3454 684 3623 735 πάντα
3672 686 3732 734 τὰ
3772 685 3869 741 ἔθνη

2319 769 2387 830 εἰς
2446 771 2605 841 ὄνομα
2672 773 2869 844 Πατρός
2920 775 3009 823 καὶ
3064 773 3185 824 Υίού
3244 776 3332 823 καὶ
3384 770 3534 841 ἁγίου
3594 776 3871 844 Πνεύματος,

2316 859 2409 909 ούκ
2455 857 2682 921 ἀπαξιῶν
2740 864 2832 917 την
2884 863 3012 933 πρὸς
3061 860 3187 911 αὐτὸ
3240 866 3525 927 κοινωνίαν,
3558 861 3701 913 οὗτοι
3739 858 3785 914 δὲ
3811 868 3871 935 μή

2315 957 2514 1021 χρῆναι
2554 948 2679 1000 αύτό
2704 954 2870 1022 Πατρὶ
2911 954 2994 999 καὶ
3030 950 3131 1019 Υἱῴ
3178 951 3486 1002 συντάσσειν
3522 950 3743 1021 λέγουσι’
3782 960 3876 1014 πῶς

2313 1038 2437 1108 oili
2565 1046 2654 1088 τού
2687 1045 2820 1089 Θεοῦ
2849 1034 3075 1108 διαταγῇ
3110 1034 3387 1111 προδήλως
3440 1036 3763 1091 ἁνῦίστανται
3787 1059 3799 1108 ;
3827 1041 3879 1093 Ei

2311 1134 2400 1198 μεν
2444 1130 2544 1200 γὰρ
2601 1126 2691 1177 οὐκ
2748 1123 2877 1178 εἷναί
2922 1146 3049 1198 φασι
3088 1132 3180 1184 ἠν
3236 1127 3476 1185 τοιαύτην
3522 1130 3752 1191 σύνταξιν
3777 1150 3880 1181 κοι-

2310 1221 2493 1277 νωνίας
2536 1219 2669 1275 τινός
2723 1221 2813 1267 καὶ
2864 1220 3143 1287 συναφείας
3192 1212 3509 1281 δηλωτικην,
3586 1217 3877 1286 εἰπάτωσαν,

2310 1309 2361 1355 τί
2386 1307 2475 1376 μεν
2504 1306 2730 1376 νομίζειν
2762 1312 2912 1356 τοῦτο
2943 1310 3199 1376 προσήκει
3234 1324 3246 1365 ;
3280 1310 3393 1357 τίνα
3450 1302 3508 1358 δὲ
3560 1308 3722 1381 ἕτερον
3766 1328 3881 1359 συν-

2311 1399 2488 1465 αφείας
2546 1398 2732 1468 τρόπον
2784 1394 3089 1467 οἰκειότερον
3141 1397 3333 1465 ἔχουσι
3386 1413 3399 1462 ;
3444 1400 3684 1466 Καίτοιγε
3738 1397 3771 1449 εἰ
3823 1404 3883 1469 μὴ

2313 1482 2539 1552 συνῆψεν
2596 1485 2621 1534 ό
2680 1486 2868 1555 Κύριος
2923 1482 3087 1552 ἐαυτῷ
3140 1488 3229 1535 καὶ
3297 1492 3368 1553 τῷ
3420 1489 3668 1557 Πατρὶτὸ
3702 1493 3887 1558 Πνεῦμα

2600 1570 2625 1600 G

2308 1574 2442 1622 κατὰ
2483 1575 2540 1623 τὸ
2593 1570 2892 1643 βάπτισμα,
2959 1569 3091 1644 prio“:
3157 1574 3281 1644 ἡμῖν
3335 1574 3450 1643 (34)
3499 1579 3593 1631 τὴν
3626 1577 3882 1646 σννάρειαν

538 1666 665 1719 tant
692 1661 857 1734 quod
881 1678 982 1717 eos
1015 1660 1468 1731 conjungimus.
1498 1660 1649 1716 Nihil
1674 1660 1835 1716 enim
1870 1676 1980 1715 nos
2006 1658 2188 1714 diver-

2311 1658 2707 1731 ἐγκαλείτωσαν.
2776 1656 2944 1712 Ούὸεν
3002 1663 3100 1734 γὰρ
3167 1663 3314 1733 ἡμεῖς
3391 1660 3705 1737 ἀλλοιότερον
3776 1665 3883 1717 οὗτε

536 1769 672 1808 sum
702 1766 897 1823 neque
921 1750 1234 1817 sentimus,
1271 1766 1469 1821 neque
1492 1750 1821 1821 loquimur.
1860 1750 1959 1806 Sin
1994 1752 2198 1804 autem

534 1842 649 1898 illic
665 1842 1023 1912 conjunctus
1046 1845 1133 1894 est
1165 1839 1315 1894 Patri
1338 1844 1393 1894 et
1423 1839 1566 1894 Filio
1588 1839 1870 1911 Spiritus,
1904 1855 2015 1894 nec
2038 1837 2199 1905 quis-

530 1948 718 2003 quam
751 1934 841 1985 est
867 1929 1020 1984 adeo
1044 1928 1393 2000 impudens,
1433 1935 1500 1983 ut
1527 1928 1695 1984 aliud
1728 1928 2070 2000 quidquam
2104 1928 2199 1983 di-

532 2025 647 2089 cat,
669 2028 743 2074 ne
767 2020 850 2074 sic
888 2017 1136 2091 quidem
1168 2033 1279 2073 nos
1313 2018 1372 2073 in
1396 2018 1497 2088 jus
1550 2023 1790 2086 vocent,
1844 2018 1893 2073 si
1942 2017 2197 2090 Scriptu-

528 2126 627 2167 ras
659 2110 997 2181 sequimur.

600 2204 687 2254 25.
724 2197 837 2255 Sed
872 2197 1010 2252 belli
1033 2196 1357 2252 adversum
1382 2213 1488 2251 nos
1510 2202 1847 2269 apparatus
1870 2196 2196 2252 instructus

524 2293 632 2355 est,
661 2302 981 2358 omnisque
1012 2286 1541 2355 cogitatiointenta
1564 2291 1652 2342 est
1671 2287 1733 2342 in
1755 2290 1951 2353 nos,et
1972 2285 2192 2355 linguas

526 2376 963 2433 maledicorum
990 2374 1081 2427 his
1109 2373 1524 2428 vehementius
1547 2374 1895 2444 jaculantur
1925 2373 2190 2445 quamii,

523 2467 627 2539 qui
660 2464 957 2522 Christum
980 2462 1347 2527 occiderant,
1383 2462 1528 2519 olim
1566 2463 1874 2535 lapidibus
1924 2462 2192 2534 impetie-

524 2560 664 2611 runt
686 2554 1082 2626 Stephanum.
1111 2555 1322 2606 Verum
1343 2568 1415 2606 ne
1447 2558 1901 2624 consequantur
1922 2557 1984 2609 ut
2012 2552 2193 2609 lateat

525 2661 637 2701 nos
657 2642 903 2716 quidem
924 2657 1054 2697 esse
1089 2640 1227 2695 belli
1250 2640 1662 2705 occasionem,
1688 2642 1797 2697 sed
1827 2658 1963 2713 quae
1994 2656 2194 2710 agun-

528 2751 624 2806 tur
660 2747 869 2788 revera
910 2730 989 2786 ad
1042 2729 1351 2785 excelsum
1403 2735 1695 2801 spectare.
1731 2735 1935 2802 itaque
1991 2730 2051 2784 in
2084 2744 2196 2783 nos

524 2821 772 2893 quidem
804 2819 1116 2875 machinas
1140 2822 1196 2873 et
1231 2818 1487 2874 insidias
1518 2819 2038 2890 instruunt,seque
2063 2832 2196 2871 mu-

524 2899 629 2965 tuo
649 2910 1043 2964 exhortantur
1063 2906 1142 2963 ad
1164 2907 1442 2962 ferendas
1469 2908 1797 2980 suppetias,
1826 2913 1891 2962 ut
1932 2906 2197 2979 quisque

2310 1757 2609 1823 φρονοῦμεν,
2648 1753 2763 1801 οὔτε
2790 1751 3136 1822 φθεγγόμεθα·
3174 1750 3233 1801 Εἰ
3266 1747 3323 1802 δὲ
3379 1759 3641 1808 συνῆπται
3689 1756 3780 1805 ἐκεῖ
3825 1762 3893 1824 τῷ

2311 1844 2475 1911 Ιιατρὶ
2532 1844 2620 1891 καὶ
2678 1848 2747 1909 τῲ
2793 1841 2918 1909 Υὶῴ,
2975 1845 3064 1891 καὶ
3122 1836 3296 1901 οὐδεὶς
3329 1841 3493 1901 οὕτως
3535 1838 3747 1902 ἀναιδὲς
3769 1846 3895 1895 ὥστε

2308 1926 2427 1980 ἄλλο
2479 1948 2529 1980 τι
2588 1936 2773 2000 φῆσαι,
2832 1925 2963 2000 μηδ’
3023 1932 3185 1989 οὕτως
3242 1930 3365 2000 ἡμῖν
3421 1928 3809 2000 ἐγκαλείτωσαν,
3857 1933 3899 1985 εἰ

2305 2024 2414 2079 τοῖς
2442 2022 2821 2090 γεγραμμένοις
2848 2015 3260 2090 ἀκολουθούμεν.

2374 2200 2467 2251 25.
2489 2195 2643 2264 Ι⁹Αλλ’
2685 2198 2713 2253 ἡ
2765 2199 2855 2268 μὲν
2910 2202 3213 2269 παρασκευὴ
3246 2202 3337 2249 τού
3364 2196 3481 2249 καθ’
3502 2200 3649 2270 ἡμῶν
3681 2199 3895 2271 πολέμου

2305 2274 2583 2356 ἐξήρτυται
2612 2286 2746 2354 (25),
2776 2290 2866 2337 καὶ
2893 2291 3041 2337 πᾶσα
3072 2281 3280 2337 διάνοια
3320 2290 3452 2361 πρὸς
3508 2288 3643 2358 ἡμᾶς
3681 2292 3901 2354 τέταται,

2303 2381 2391 2426 καὶ
2416 2374 2655 2445 γλῶσσαι
2678 2374 3006 2447 βλασφημῶν
3064 2372 3166 2427 ὦδε
3223 2377 3499 2438 τοξεύουσι
3557 2374 3900 2453 σφοδρότερον

2305 2462 2597 2535 βάλλουσαι
2626 2468 2653 2521 ἦ
2689 2468 2775 2515 τόν
2803 2469 3053 2536 Στέφανον
3077 2468 3190 2516 τότε
3212 2472 3317 2526 τοῖς
3346 2464 3511 2527 λίθοις
3547 2469 3594 2518 οὶ
3617 2473 3907 2539 χριστοφό-

2303 2572 2399 2611 νοι·
2447 2558 2516 2623 μὴ
2582 2555 2975 2605 ).ανοανέτωσαν
3029 2550 3109 2620 δὲ,
3160 2555 3239 2605 ὅτι
3297 2559 3594 2626 πρόσχημα
3638 2559 3723 2627 μεν
3758 2558 3901 2627 ἡμᾶς

2305 2642 2329 2691 ό
2376 2641 2589 2713 πόλεμος
2651 2645 2781 2712 ἔχει,
2847 2644 2875 2699 ἡ
2925 2639 2984 2694 ὃε
3031 2642 3249 2699 ἀλήθεια
3270 2652 3369 2694 τῶν
3394 2649 3667 2715 γινομένων
3696 2649 3821 2719 πρὸς
3846 2650 3904 2697 τό

2306 2730 2438 2801 ὕψος
2487 2730 2683 2803 βλέπει.
2732 2730 2891 2783 ἐὶστε
2943 2730 3017 2803 ἐφ’
3076 2734 3208 2803 ἡμᾶς
3235 2734 3324 2804 μὶν
3353 2728 3511 2791 δῆθεν
3542 2736 3633 2794 τὰς
3664 2740 3910 2805 μηχανὰς

2307 2825 2393 2871 καὶ
2436 2824 2528 2881 τὰς
2581 2818 2790 2893 ἐνέδρας
2848 2818 3309 2885 διασκευάζονται,
3372 2828 3460 2873 καὶ
3488 2822 3722 2883 ἀλλήλοις
3752 2823 3907 2895 ἐγκε-

2307 2908 2541 2962 λεύονται
2595 2908 2906 2975 ἐπιϐοηθεῖν,
2968 2914 3031 2970 ὡς
3098 2912 3314 2971 ἕκαστος
3378 2914 3491 2982 ἔχει
3553 2911 3816 2987 ἐμπειρίας
3874 2918 3904 2973 ῖς

523 2998 735 3072 peritia
753 3000 855 3053 aut
884 2995 1099 3051 robore
1124 2995 1301 3051 valet.
1337 2998 1632 3051 Caeterum
1685 2996 1744 3051 id
1785 2995 1953 3068 quod
2006 3004 2188 3067 opp‘u.

2308 3000 2509 3073 ῥώμης.
2576 3005 2763 3061 Πιστις
2824 2996 2881 3051 δέ
2913 2998 3024 3051 ἐστι
3056 3004 3112 3051 τό
3161 2999 3558 3072 πολεμούμενον,
3616 3005 3703 3053 καὶ
3745 3010 3917 3083 ειοινός

526 3092 813 3159 guantur,
838 3084 958 3140 ﬁde
979 3088 1088 3153 est,
1112 3084 1283 3156 isque
1311 3100 1533 3156 scopus
1562 3085 1907 3139 communis
1939 3091 2027 3140 est
2069 3100 2198 3139 om-

525 3177 706 3232 nibus
733 3173 1116 3241 adversariis,
1144 3179 1199 3228 et
1226 3189 1388 3229 sanre
1410 3174 1701 3229 doctrinae
1727 3173 2082 3239 inimicis,ut
2104 3189 2197 3227 so-

524 3264 816 3321 liditatem
834 3263 973 3318 ﬁdei
993 3263 1054 3318 in
1076 3263 1377 3318 Christum
1407 3263 2195 3334 concutiant,apostolicam

525 3353 913 3409 traditionem
929 3353 1376 3423 solozequatam
1393 3352 2197 3426 abolendo.Eapropter,sic-

530 3446 595 3498 ut
626 3441 820 3497 solent
848 3441 949 3512 qui
979 3440 1154 3495 bona;
1197 3440 1337 3495 fidei
1372 3440 1678 3496 debitores
1711 3447 1869 3509 sunt,
1902 3442 2196 3513 probatio.

529 3548 639 3588 nes
671 3547 699 3586 e
725 3530 1029 3601 Scriptura
1052 3528 1315 3584 clamore
1339 3529 1605 3599 exigunt,
1640 3533 1879 3585 Patrum
1934 3532 2196 3586 testimo-

526 3622 721 3686 nium,
776 3618 943 3691 quod
994 3618 1290 3690 scriptum
1327 3632 1451 3672 non
1483 3623 1591 3689 est,
1615 3618 1779 3673 velut
1812 3618 2036 3675 nullius
2070 3636 2196 3676 mo-

528 3710 714 3768 menti
746 3708 1177 3779 rejicientesAt
1201 3706 1275 3762 de
1306 3705 1532 3763 tuenda
1552 3708 1799 3763 veritate
1824 3708 1968 3763 nihil
1999 3711 2195 3766 remit-

524 3806 740 3865 temus,
773 3813 964 3868 neque
987 3796 1231 3865 ignavia
1253 3811 1288 3851 a
1304 3795 1563 3851 ferendis
1586 3796 1666 3851 illi
1689 3796 1923 3852 auxiliis
1944 3799 2197 3855 desiste.

528 3906 687 3945 mus.
711 3886 940 3942 Etenim
962 3887 1008 3940 si
1030 3886 1321 3941 Dominus
1346 3884 1545 3949 nobis,
1576 3890 1641 3940 ut
1668 3887 2085 3943 necessarium
2124 3906 2194 3945 ac

527 3977 791 4033 salutare
812 3974 1057 4043 dogma,
1084 3974 1333 4045 Spiritus
1350 3990 1490 4029 cum
1512 3976 1678 4029 Patre
1701 3975 2193 4043 conjunctionem

526 4064 771 4122 tradidit
798 4083 810 4131 ;
836 4064 928 4118 his
953 4068 1155 4119 autem
1176 4078 1300 4118 non
1319 4063 1398 4119 ita
1434 4062 1805 4132 videtur,sed
1827 4063 2096 4121 dividere
2123 4083 2194 4123 ac

523 4154 859 4212 distrahere
885 4154 1170 4226 Spiritum
1201 4158 1258 4207 et
1284 4152 1363 4207 ad
1387 4153 1667 4208 servilem
1690 4158 1971 4210 naturam
1990 4155 2191 4212 detru-

2313 3093 2508 3150 σκοπός
2555 3089 2725 3140 οἷπασι
2774 3096 2879 3148 τοῖς
2934 3088 3181 3150 ἐναντίοις
3232 3094 3322 3140 καὶ
3366 3088 3580 3163 ἐχθροις
3610 3098 3706 3152 τῆς
3736 3094 3917 3163 ὑγιαι-

2308 3181 2499 3239 νούσης
2530 3174 2881 3237 διδασκαλίας
2912 3183 2969 3230 τό
3004 3182 3269 3252 στερέωμα
3298 3187 3388 3237 τῆς
3420 3178 3490 3240 εἰς
3542 3185 3769 3253 Χριστὸν
3826 3190 3918 3235 πί-

2311 3286 2469 3327 στεως
2500 3273 2834 3335 κατασεῖσαι,
2880 3264 2933 3317 ἐκ
2961 3273 3051 3317 τοῦ
3083 3272 3176 3323 την
3219 3264 3569 3325 ἀποστολικὴν
3614 3266 3920 3343 παράδοσιν

2309 3352 2679 3427 ἑδαφισϐεῖσαν
2711 3354 3081 3426 ἀγανισθῆναι.
3118 3358 3210 3407 Δια
3241 3364 3415 3422 τούτο,
3459 3359 3522 3416 ως
3570 3366 3668 3407 τῶν
3731 3379 3918 3430 χρεω-

2308 3444 2542 3516 φειλετῶν
2586 3446 2633 3496 οἱ
2683 3440 2839 3502 δῆθεν
2901 3445 3209 3516 εὐγνώμονες
3269 3446 3398 3514 (36),
3460 3448 3553 3505 τὰς
3612 3444 3797 3501 ἐκτῶν
3831 3448 3919 3519 ἑγ-

2304 3536 2515 3606 γρνὶφων
2587 3530 2879 3597 ἀποδείξεις
2958 3532 3280 3599 ἐπιϐοῶνται,
3341 3538 3435 3591 τὴν
3500 3537 3734 3607 ἄγραφον
3813 3545 3918 3589 τῶν

2308 3627 2546 3697 Πατέρων
2594 3628 2885 3696 μαρτυρίαν
2945 3626 3008 3683 ὡς
3057 3620 3264 3682 οὐδενός
3311 3621 3452 3685 ἀξίαν
3529 3622 3919 3698 ἀποπεμπόμε-

2304 3731 2401 3762 νοι.
2461 3711 2595 3762 Ἀλλ’
2656 3712 2713 3763 ού
2768 3714 2865 3785 γὰρ
2926 3714 3232 3784 ὑφησόμεθα
3281 3722 3378 3773 τῆς
3434 3713 3704 3782 οὶληθειας,
3786 3713 3923 3769 ούδὶ

2307 3796 2475 3872 δειλία
2503 3804 2593 3858 την
2626 3806 2939 3872 συμμαχίαν
2971 3798 3334 3875 προδώσομεν.
3369 3802 3426 3853 Εἰ
3456 3804 3557 3876 γὰρ
3589 3805 3613 3853 ό
3663 3807 3759 3874 μὶν
3801 3810 3924 3858 Κύ-

2304 3910 2415 3962 ριος
2468 3894 2534 3951 ως
2603 3888 2881 3961 αναγκαῖον
2932 3897 3020 3943 καὶ
3092 3897 3348 3965 σωτήριον
3405 3888 3582 3964 δόγμα
3638 3897 3738 3950 τὴν
3779 3898 3930 3965 μετὰ

2307 3984 2509 4053 Πατρός
2560 3979 2801 4041 σύνταξιν
2848 3988 2939 4031 τοῦ
3000 3980 3151 4050 αγίου
3203 3983 3498 4052 Πνεύματος
3529 3977 3926 4055 παραδέδωκε,

2303 4076 2407 4129 τοῖς
2457 4066 2514 4120 ei":
2572 4068 2675 4139 οὐχ
2724 4069 2858 4120 ούτω
2912 4065 3075 4134 δοκεῖ,
3124 4068 3252 4121 ἀλλὰ
3292 4065 3492 4141 διαρείν
3541 4075 3629 4122 καί
3662 4066 3932 4142 διασπᾴν

2301 4163 2389 4209 καὶ
2416 4156 2497 4209 ἐπὶ
2547 4163 2633 4215 τὴν
2665 4160 2816 4228 φύσιν
2848 4163 2939 4215 τὴν
2971 4157 3338 4230 λειτουργικὴν
3400 4159 3716 4230 μετοικίζειν
3770 4164 3930 4229 (2'7)-

526 4247 668 4303 dere
700 4260 812 4302 :an
838 4259 960 4300 non
986 4258 1195 4298 verum
1224 4246 1335 4311 est,
1360 4242 1530 4313 apud
1563 4242 1697 4298 illos
1737 4242 2188 4315 blasphemiam

2308 4256 2408 4308 πῶς
2451 4247 2544 4299 ούκ
2577 4245 2775 4314 ἀληῦες,
2818 4249 2894 4299 ὄτι
2923 4252 3015 4305 την
3064 4248 3255 4300 ἑαυτῶν
3321 4246 3662 4321 βλασφημίαν
3715 4269 3940 4323 κυριω-

524 4337 793 4413 ipsorum
825 4334 960 4406 plus
990 4332 1214 4389 habere
1245 4331 1749 4405 ponderis,quam
1776 4333 2008 4389 Domini
2043 4352 2187 4408 prce-

600 4464 645 4498 “
678 4464 808 4519 Act.
844 4476 903 4514 v.
934 4464 1021 4516 29.
1100 4460 1147 4493 9’
1179 4457 1376 4515 Matth.
1412 4473 1604 4525 xxvui,
1646 4461 1731 4513 19.

594 4610 704 4673 (33)
774 4604 1205 4678 Ἀποκρίνασθαι.
1280 4600 1527 4658 Codices
1598 4602 1874 4659 nonnulli
1949 4603 2165 4679 ἀποκρί-

526 4679 726 4731 νεσθαι.

599 4751 708 4826 (3i)
753 4743 906 4826 Μηὸε
942 4748 1083 4826 ἡμῖν.
1124 4749 1259 4826 llaec
1308 4745 1623 4826 scriptura,
1655 4761 1843 4826 quam
1887 4750 2167 4826 Erasmus

524 4820 585 4875 in
614 4816 1061 4890 interpretando
1075 4818 1363 4890 sequitur,
1383 4816 1562 4872 bilem
1587 4816 2164 4885 movittlombelisio;

524 4907 595 4947 ac
622 4888 946 4960 legendum
970 4888 1442 4960 esseconteudit,
1468 4893 1530 4943 ut
1551 4889 1611 4943 in
1631 4894 1890 4960 quatuor
1910 4906 2053 4944 mss.
2079 4905 2167 4944 re-

524 4959 813 5034 perimus,
848 4966 959 5011 τότε
980 4962 1132 5034 ἡμῖν,
1164 4962 1324 5034 Τιιησ
1346 4959 1685 5034 nobisvitio
1719 4967 1976 5034 ver/ant,
2007 4961 2167 5031 quod

523 5031 618 5091 Eos
643 5034 1079 5102 conjungimus.
1114 5032 1227 5087 Sed
1253 5047 1500 5102 prorsus
1523 5031 1821 5086 immerito
1853 5034 2164 5088 Erasmum

520 5101 775 5165 vellicat,
805 5104 909 5175 qui
935 5101 1121 5175 multo
1154 5101 1367 5175 melius
1412 5103 1719 5175 sententiae
1771 5103 1982 5175 seriem
2033 5120 2163 5173 per-

519 5176 734 5249 spexit.
753 5173 1060 5249 l’ert‘enim
1082 5173 1487 5249 conditionem
1512 5173 1871 5249 adversariis
1894 5174 2159 5249 llisilius,

518 5245 744 5320 eosque
772 5245 1037 5317 undique
1055 5245 1425 5320 constrictos
1444 5250 1624 5311 tenet,
1652 5245 2071 5320 uthisverbis,
2098 5248 2160 5300 In

516 5316 756 5375 noniine
769 5316 959 5373 Patris
972 5324 1023 5372 el
1041 5318 1246 5372 Filiiet
1262 5316 1521 5385 Spiritus
1533 5319 1750 5381 sancti,
1763 5316 1851 5370 vel
1872 5317 2156 5387 Spiritum

517 5407 656 5446 cum
684 5393 849 5444 Patre
881 5394 935 5443 et
958 5388 1099 5443 Filio
1125 5387 1412 5456 conjungi
1438 5393 1673 5456 negent,
1708 5389 1796 5441 vel
1832 5387 2151 5443 fateantur.

514 5461 570 5516 Si
596 5461 880 5529 conjungi
910 5465 1145 5529 negent,
1175 5474 1368 5530 neque
1404 5459 1584 5530 etiam
1619 5474 1679 5512 se
1711 5459 2154 5530 conjunctionis

508 5528 752 5587 nomine
776 5528 1034 5588 incusari
1079 5532 1156 5587 ab
1186 5528 1297 5586 illis
1323 5528 1586 5596 deberet,
1640 5545 1779 5586 cum
1830 5529 1977 5586 nihil
2014 5530 2152 5587 dica

2298 4341 2446 4412 τέραν
2498 4344 2766 4389 ποιοῦνται
2819 4344 2907 4397 τῆς
2963 4344 3055 4389 τοῦ
3088 4342 3351 4391 Δεσπότου
3392 4340 3701 4410 νομοθεσίας
3739 4355 3755 4406 ;
3792 4344 3939 4411 (big:

2279 4621 2475 4678 neque
2492 4606 2707 4662 sentiat
2720 4606 2796 4663 ab
2810 4607 2922 4661 hoc
2939 4606 3278 4662 testimonio
3294 4605 3762 4678 diversum,nec
3782 4622 3948 4663 ma-

2278 4677 2461 4748 gis’ex
2488 4678 2613 4732 suis
2638 4694 2825 4749 quam
2852 4694 2924 4749 ex
2956 4678 3170 4733 Christi
3204 4678 3402 4732 verbis
3432 4677 3810 4749 cunjunctio
3831 4694 3945 4733 se-

2325 4753 2516 4804 uatur.
2572 4749 2627 4804 Si
2660 4747 2809 4804 vero
2855 4748 3112 4804 fateatur
3142 4749 3442 4805 immerito
3470 4747 3633 4803 litem
3657 4747 3795 4803 sibi
3842 4749 3944 4804 ab

2278 4819 2388 4875 illis
2405 4819 3552 4891 impingi,quodSeripturamsequatur.
3573 4821 3749 4874 Hanc
3775 4835 3945 4877 esse

2277 4892 2467 4963 Basilii
2491 4889 2846 4947 sententiam
2872 4889 3213 4963 perspiciet,
3231 4889 3507 4963 quisquis
3525 4889 3954 4963 legetratteu-

2274 4962 2413 5016 tius.
2439 4964 2847 5034 Quamobrem
2870 4961 3299 5034 retinendafuit
3320 4962 3949 5034 vulgatascriptura.

2271 5033 2756 5105 quamvisaltera
2779 5033 2838 5088 in
2870 5033 3145 5105 pluribus
3172 5038 3361 5088 exstet
3384 5032 3729 5105 codicibus.

2339 5108 2452 5164 (35)
2490 5103 2818 5176 Ἑξάρτνται.
2867 5102 2957 5160 Sic
2989 5104 3366 5176 Colbertinus
3398 5109 3453 5158 et
3479 5104 3601 5157 duo
3636 5102 3953 5176 codices

2282 5174 2706 5259 aCombeti'sio
2728 5176 2906 5231 citati.
2944 5178 3080 5245 Reg.
3112 5175 3415 5232 secundus
3457 5178 3709 5249 ἐπηρται.
3752 5174 3957 5233 Editi

2274 5266 2575 5305 εςηοτηται.

2340 5307 2465 5389 (ΞΗ)-
2502 5320 2566 5389 ΟΞ
2610 5313 2764 5389 δῆθεν
2798 5318 3119 5389 εύγνώμννες.
3172 5321 3341 5373 Recte
3392 5317 3759 5389 observavit
3806 5318 3961 5373 Bil-

2266 5387 2379 5442 lius
2410 5387 2578 5446 illud.
2610 5388 2774 5443 boum
2800 5387 3287 5457 ﬁ-iei‘debitores.
3323 5405 3446 5446 non
3506 5389 3632 5444 sine
3688 5388 3961 5447 ironia

2264 5458 2493 5516 dictum
2528 5459 2737 5515 fuisse.

2336 5535 2437 5593 (37?
2470 5533 2810 5591 Μετοεκίζειν.
2848 5532 3123 5588 Nonnulli
3178 5532 3416 5590 codices
3470 5532 3963 5603 μετακομίζει-ν.
