4062 6208
510 336 608 387 H5
1879 335 1934 388 S.
1981 333 2226 388 BASlLll
2267 334 2490 388 MAGNI
3759 342 3850 393 H6

498 464 765 536 perfugae
791 475 861 514 ac
885 457 1373 530 praevaricatores
1404 456 1805 528 appellantur,
1832 461 1894 510 ut
1925 455 2032 525 qui
2058 471 2159 508 sa-

2275 462 2365 506 τὼν
2417 459 2676 516 συνθηκας
2738 451 3312 529 παρασπονδήσαντες;
3372 460 3434 507 Τί
3487 451 3570 506 οὖν
3618 462 3737 508 εἴπω
3767 466 3851 511 τόν

497 554 638 609 Iutis
667 567 790 607 sua:
813 552 991 622 pacta
1011 545 1331 601 violarint?
1369 547 1497 610 Quo
1515 546 1693 615 igitur
1731 545 1977 600 nomine
2011 560 2154 598 eum

499 641 604 713 qui
637 643 822 695 Deum
849 633 1192 702 abnegavit,
1217 649 1340 704 quo
1363 649 1500 687 eum
1529 634 1628 705 qui
1655 634 1952 690 Christum
1979 633 2163 686 abne.

499 729 681 800 gavit,
710 724 1048 800 appellem?
1071 724 1349 788 Quonam
1371 723 1508 790 alio,
1529 740 1715 795 quam
1744 723 2163 794 praevaricato-

497 820 580 874 ris
606 834 676 873 ac
698 811 1018 871 desertoris
1035 811 1062 866 ?
1085 816 1153 866 At
1179 811 1232 866 ei
1256 811 1359 883 qui
1385 812 1629 880 negavit
1651 811 1872 884 Spiritu
1892 827 1972 876 ω,
1995 810 2162 881 quod

501 922 596 961 me
623 905 712 959 vis
735 917 956 958 nomen
985 900 1296 972 imponere
1313 903 1339 957 ‘2
1360 903 1565 956 Nonne
1588 900 1701 955 hoc
1725 899 1908 964 idem,
1935 897 2162 970 quippe

498 994 603 1066 qui
622 998 870 1065 pactum
896 1007 1035 1046 eum
1072 993 1186 1045 Deo
1214 989 1430 1045 initum
1456 989 1729 1045 violarit?
1760 993 1914 1058 Ergo
1942 1005 2081 1043 cum
2109 991 2166 1042 et

498 1082 639 1137 ﬁdei
669 1082 729 1137 in
763 1080 1046 1153 Spiritum
1078 1077 1376 1150 professio
1434 1078 1879 1134 beatitudinem
1926 1075 2164 1149 pietatis

497 1171 676 1226 nobis
703 1168 992 1238 conciliet,
1027 1173 1084 1222 et
1114 1167 1436 1238 abnegatio
1459 1167 1699 1223 crimini
1731 1167 2016 1234 abnegati
2062 1166 2162 1220 Dei

496 1259 1013 1317 faciatobnoxios:
1037 1273 1113 1313 an
1132 1273 1255 1313 non
1277 1257 1650 1313 horrendum
1669 1263 1756 1312 est
1781 1261 1976 1330 ipsum
2003 1273 2164 1312 nunc

499 1351 764 1421 rejicere,
798 1364 921 1404 non
966 1347 1190 1416 ignem,
1225 1363 1348 1402 non
1402 1346 1695 1417 gladium,
1730 1363 1853 1401 non
1899 1362 2161 1414 crucem,

499 1455 622 1494 non
649 1437 906 1507 ﬂagella,
941 1452 1066 1490 non
1091 1441 1310 1504 rotam,
1334 1451 1456 1491 non
1485 1440 1784 1490 tormenta
1809 1440 2161 1501 metuentes,

499 1528 606 1584 sed
623 1529 765 1584 solis
788 1525 1266 1600 sophismatibus
1289 1525 1865 1598 seductionibusque
1884 1526 2160 1589 istorum,

499 1618 607 1690 qui
656 1616 897 1689 Spiritui
963 1613 1216 1669 rebelles
1278 1619 1438 1682 sunt,
1484 1613 1815 1686 deceptos?
1859 1613 2163 1670 Testificor

500 1707 667 1762 omni
687 1705 918 1761 homini
939 1704 1235 1760 Christum
1258 1702 1581 1775 proﬁtenti,
1599 1707 1654 1759 et
1679 1706 1863 1758 Deum
1896 1701 2159 1772 neganti.

2275 1705 2400 1752 Θεὸν
2446 1699 2846 1773 ἐπικαλουμένῳ,
2889 1705 2974 1752 τόν
3035 1697 3093 1753 δε
3140 1702 3259 1754 Υίόν
3307 1702 3417 1772 (45)
3478 1698 3765 1766 ἀθετονντι,
3797 1701 3872 1764 ὅτι

500 1795 667 1868 quod
699 1795 967 1850 Christus
994 1791 1144 1848 nihil
1187 1792 1270 1848 illi
1300 1791 1607 1864 proderit;
1642 1795 1747 1848 aut
1773 1795 1959 1847 Deum
1998 1792 2159 1847 invo-

2275 1793 2472 1861 ματαία
2542 1788 2680 1842 ἐστὶν
2727 1791 2756 1847 ἡ
2831 1794 3010 1850 πίστις
3069 1788 3250 1840 αὐτόν’
3300 1793 3388 1841 καὶ
3447 1796 3522 1858 τῷ
3562 1792 3622 1840 τό
3667 1795 3868 1860 Πνευμα

500 1883 679 1954 canti,
709 1882 921 1938 Filium
952 1897 1092 1936 vero
1124 1881 1452 1952 spernenti,
1486 1880 1653 1953 quod
1684 1880 1879 1935 inanis
1902 1885 1989 1936 est
2010 1879 2159 1935 ﬁdes

2275 1883 2688 1952 παραιτουμένῳ,
2722 1879 2801 1930 ότι
2849 1881 2878 1936 ἠ
2915 1878 2979 1938 εἰς
3011 1882 3218 1952 Πατέρα
3273 1882 3363 1930 καὶ
3401 1880 3523 1932 Υίόν
3581 1897 3760 1940 πίστις
3793 1878 3876 1929 αὑ-

499 1973 680 2028 illius.
723 1977 868 2027 ltem
900 1970 953 2026 ei
983 1970 1090 2042 qui
1121 1969 1407 2042 Spiritum
1433 1969 1646 2040 rejicit,
1680 1969 1965 2025 testiﬁcor
1995 1968 2163 2041 quod

494 2060 646 2116 ﬁdes
673 2061 802 2132 ejus
831 2075 953 2132 qua
973 2057 1289 2132 proﬁtetur
1335 2061 1563 2114 Patrem
1593 2062 1649 2114 et
1687 2057 1921 2125 Filium,
1959 2057 2162 2112 inanis

497 2149 640 2204 erit:
669 2149 781 2220 23
814 2164 1003 2219 quam
1024 2162 1135 2201 nec
1164 2145 1388 2201 habere
1411 2151 1607 2218 potest
1637 2146 1754 2201 nisi
1793 2145 1974 2200 simul
2009 2141 2166 2200 adsit

498 2238 772 2307 Spiritus.
807 2240 935 2292 Non
967 2236 1128 2291 enim
1157 2235 1344 2290 credit
1366 2235 1428 2291 in
1463 2235 1692 2304 Filium,
1726 2235 1828 2308 qui
1874 2251 1995 2290 non
2038 2249 2165 2290 cre-

496 2325 584 2380 dit
614 2323 888 2395 Spiritui;
936 2339 1047 2378 nec
1104 2323 1293 2378 credit
1331 2322 1391 2377 in
1438 2323 1822 2396 Patrem,qui
1876 2339 1996 2377 non
2039 2337 2164 2377 cre-

496 2411 582 2467 dit
609 2411 768 2467 Filio.
806 2412 932 2467 Nec
961 2412 1116 2467 enim
1152 2416 1347 2480 potest
1368 2411 1568 2466 dicere
1590 2411 1911 2465 Dominum
1936 2412 2160 2473 Jesum,

494 2502 612 2556 nisi
636 2501 698 2556 in
726 2501 960 2571 Spiritu
985 2505 1194 2556 sancto
1226 2500 1274 2534 93
1299 2513 1320 2568 ,'
1340 2503 1419 2561 et.
1447 2501 1634 2556 Deum
1663 2515 1832 2555 nemo
1863 2500 2012 2555 vidit
2046 2515 2160 2554 un-

492 2605 694 2661 quam,
721 2591 824 2645 sed
851 2590 1197 2659 unigenitus
1250 2589 1465 2647 Filius.
1504 2590 1612 2660 qui
1641 2594 1726 2644 est
1769 2605 1827 2643 ιη
1856 2590 1992 2643 sinu
2044 2589 2163 2642 Pa-

493 2678 746 2741 tris,hic
788 2679 958 2733 nobis
1008 2679 1409 2734 enarravit“.
1463 2679 1716 2748 Insuper
1762 2676 1896 2733 talis
1946 2691 2160 2748 expers

494 2772 583 2823 est
614 2783 767 2822 verae
799 2766 1194 2822 adorationis.
1241 2769 1442 2837 Neque
1475 2765 1633 2820 enim
1670 2766 1799 2821 fieri
1847 2772 2060 2836 potest,
2101 2771 2164 2820 ut

493 2856 631 2927 quis
689 2856 898 2911 Filium
950 2855 1184 2922 adoret,
1239 2854 1353 2910 nisi
1402 2853 1463 2909 in
1507 2854 1729 2926 Spiritu
1775 2860 2005 2922 sancto,
2058 2860 2162 2908 aut

503 2949 566 3000 ut
591 2947 824 3000 Patrem
854 2945 1118 3014 invocet,
1152 2943 1265 2998 nisi
1291 2943 1351 2998 in
1383 2943 1727 3016 adoptionis
1775 2944 2016 3014 Spiritu.

2275 2944 2318 2997 ἰν
2349 2953 2419 3015 τῷ
2452 2953 2541 3005 τῆς
2571 2946 2837 3006 υἱοθεσίας
2869 2947 3152 3016 Πνεὺματι.

1145 3053 1370 3107 CAPUT
1413 3053 1524 3106 ΧΗ.

2811 3057 3200 3106 ΚΕΦΑΛΑΙΟΝ
3240 3050 3335 3105 ΙΒ’.

492 3159 797 3215 Adversus
825 3174 919 3214 eos
941 3160 1046 3230 qui
1064 3157 1276 3233 dicunt
1297 3157 1576 3233 sufﬁcere
1598 3157 1892 3227 baptisma
1915 3163 2156 3216 tantum

2275 3162 2403 3230 Πρός
2452 3161 2566 3219 τοὺς
2619 3157 2856 3230 λέγοντας
2913 3156 3141 3233 ἐξαρκεῖν
3196 3162 3284 3209 καὶ
3349 3163 3506 3231 μόνον
3567 3163 3629 3210 τό
3672 3158 3747 3219 εἰς
3800 3161 3884 3209 τόν

1017 3233 1078 3284 in
1107 3232 1347 3284 nomine
1380 3230 1642 3286 Domini.

2319 3229 2326 3230 ί
2683 3229 2686 3230 ν
2796 3232 2983 3302 Κύριον
3002 3229 3011 3233 ⁷
3048 3229 3353 3301 βάπτισμα.

565 3339 653 3390 28.
679 3335 990 3390 Neminem
1012 3350 1151 3391 vero
1173 3335 1235 3391 in
1263 3335 1538 3392 fraudem
1560 3335 1810 3392 inducat
1833 3336 1982 3391 illud
2005 3342 2161 3409 Apo-

495 3422 650 3489 stoli,
679 3422 848 3494 quod
879 3424 1066 3478 Patris
1105 3428 1162 3479 et
1191 3423 1445 3494 Spiritus
1478 3424 1668 3479 sancti
1713 3441 1937 3480 nomen
1965 3426 2026 3481 in
2057 3427 2162 3482 ba-
2269 3429 2332 3485 ὡς

495 3511 728 3585 ptizatis
758 3510 1344 3567 commemoratione
1372 3511 1716 3566 irenuenter
1742 3513 1960 3568 omittit
1993 3530 2006 3567 :
2056 3528 2159 3568 ne-

495 3616 618 3674 que
647 3599 784 3657 ideo
815 3604 982 3672 putet
1009 3599 1454 3656 indifferentem
1487 3616 1621 3655 esse
1643 3600 1962 3655 nominum
1994 3601 2161 3656 invo-

498 3688 818 3745 cationem.
840 3687 1431 3760 Qnicunque,inquit,
1455 3690 1515 3742 in
1537 3687 1847 3743 Christum
1870 3687 2160 3756 baptizati

499 3782 658 3846 estis,
693 3778 1002 3834 Christum
1037 3778 1320 3833 induistis
1342 3779 1390 3813 ’⁵
1418 3796 1430 3844 ;
1467 3781 1523 3833 et
1552 3792 1780 3843 rursus,
1813 3777 2162 3848 Quicunque

500 3871 563 3921 in
585 3867 825 3922 Christo
845 3867 1374 3936 baptizatiestis,in
1399 3870 1647 3921 mortem
1679 3861 1845 3921 illius
1870 3865 2161 3934 haptizati

500 3959 637 4012 estis
661 3957 729 4010 95.
753 3958 900 4010 Nam
920 3955 1132 4011 Christi
1150 3954 1495 4026 appellatio,
1518 3954 1698 4010 totius
1721 3959 1809 4010 est
1828 3955 2120 4026 professio
2146 3973 2158 4010 :

501 4045 772 4101 declarat
793 4045 1094 4116 siquidem
1113 4050 1168 4100 et
1194 4047 1382 4100 Deum
1405 4044 1511 4116 qui
1531 4043 1721 4111 unxit,
1750 4048 1806 4100 et
1829 4044 2036 4100 Filium
2059 4045 2164 4117 qui

502 4139 721 4190 unctus
745 4139 852 4201 est,
888 4140 946 4188 et
991 4132 1278 4205 Spiritum
1327 4139 1607 4189 sanctum
1653 4133 1756 4205 qui
1789 4138 1880 4190 est
1919 4135 2159 4190 unctio:

503 4221 1029 4296 quemadmodum
1056 4238 1092 4278 a
1124 4225 1291 4278 Petro
1313 4222 1374 4276 in
1403 4221 1562 4277 Actis
1591 4221 1934 4278 didicimus.
1958 4224 2161 4279 Jesum

502 4313 1083 4383 Na:arenum,quem
1096 4314 1442 4367 unxitDeus
1454 4312 1694 4380 Spiritu
1710 4313 2004 4369 sancto“.
2018 4315 2161 4368 Item

504 4402 565 4458 in
598 4400 772 4471 Isaia,
802 4401 1069 4471 Spiritus
1100 4403 1336 4458 Domini
1357 4415 1540 4470 super
1563 4415 1674 4471 me,
1707 4416 1770 4456 eo
1793 4400 1956 4472 quod
1981 4406 2159 4458 unxit

2273 541 2613 615 ἀρνησίθεονς
2661 564 2712 595 τι
2757 541 2814 596 δε
2847 549 2932 595 τόν
2979 542 3430 617 ἀρνησίχριστονς
3474 549 3535 594 Ti
3585 543 3697 596 ἀλλο
3727 567 3780 620 γε
3824 549 3850 605 ἡ

2270 631 2615 706 παραϐάτην;
2657 639 2739 702 Τῷ
2799 629 2857 684 δὲ
2906 636 2960 682 τό
3010 638 3218 702 Πνενμα
3271 631 3605 702 αρνησαμένῳ
3645 638 3756 686 τίνα
3792 657 3847 707 με

2273 719 2449 792 βούλει
2495 726 2855 793 προσηγορίαν
2906 722 3125 785 θέσθαι;
3184 720 3257 770 Οὐ
3317 726 3403 777 τὴν
3457 720 3614 777 αὐτὴν
3647 726 3851 790 ταύτην,

2273 813 2335 868 ὡς
2374 812 2462 869 τὰς
2488 814 2616 884 πρός
2665 814 2790 862 Θεὸν
2830 807 3124 881 παραϐάντι
3163 810 3459 874 συνθήκας;
3497 808 3692 860 Οὔκουν
3714 812 3853 863 ὁπότε

2271 899 2360 950 καί
2398 900 2426 956 ἡ
2471 898 2720 971 ὁμολογία
2769 907 2861 960 τῆς
2916 898 2986 959 εἰς
3022 898 3147 948 αὑτό
3205 899 3319 967 (43)
3367 902 3592 958 πίστεως
3649 903 3733 950 τόν
3770 908 3856 962 τῆς

2273 986 2534 1048 εὐσεϐείας
2590 990 2923 1061 μακαρισμὸν
2981 985 3230 1059 προξενεῖ,
3292 992 3380 1038 καὶ
3443 990 3472 1044 ἡ
3530 988 3747 1061 ἄρνησις
3799 997 3854 1060 τῇ

2272 1081 2581 1148 κατακρίσει
2621 1084 2718 1137 τῆς
2764 1073 3039 1134 ἀθεότητος
3110 1073 3406 1136 ὑποϐάλλει,
3453 1084 3564 1135 πῶς
3619 1076 3678 1127 οὐ
3727 1076 3862 1148 φοϐε-

2271 1168 2359 1238 ρόν
2390 1183 2542 1216 τουτο
2598 1168 2709 1235 (lui)
2764 1185 2850 1215 νυν
2908 1163 3179 1232 ἀθετῆσαι,
3217 1163 3276 1215 οὐ
3324 1183 3452 1238 πυρ,
3495 1163 3553 1215 οὔ
3602 1163 3763 1236 ξίφος,
3811 1166 3863 1217 οὑ

2276 1256 2519 1325 σταυρόν,
2583 1253 2640 1304 οὐ
2686 1257 2966 1324 μάστιγας,
2997 1253 3054 1303 οὐ
3115 1256 3331 1325 τροχόν,
3365 1252 3423 1304 οὗ
3487 1251 3868 1326 στρεϐλωτίῳια

2274 1341 2609 1413 φοϐηθέντας,
2657 1341 2781 1394 ἀλλά
2815 1348 3106 1414 σορίσμασι
3161 1347 3340 1413 μόνοις
3391 1361 3482 1394 και
3535 1349 3869 1415 παραγωγαῖς

2271 1442 2386 1485 τῶν
2423 1437 2875 1506 πνενματομοίχων
2930 1436 3464 1505 παρακρουσθέντας;
3531 1437 3867 1506 Μαρτνρομαι

2270 1527 2425 1575 παντὶ
2470 1522 2720 1596 ἀνθρώπῳ
2766 1522 3098 1595 ὁμολογουντι
3166 1526 3415 1595 Χριστόν,
3479 1528 3570 1576 καὶ
3621 1527 3705 1575 τόν
3749 1528 3869 1576 Θεὸν

2271 1609 2582 1684 ἀρνουμένῳ,
2639 1613 2718 1664 ότι
2794 1615 3021 1684 Χριστὸς
3095 1611 3249 1664 αὐτὸν
3298 1607 3450 1663 οὐδὲν
3506 1611 3779 1683 ὡφελήσευ
3840 1612 3866 1670 ᾖ

2273 1975 2344 2038 τῷ
2394 1968 2465 2026 εἰς
2512 1972 2653 2019 κενόν
2685 1966 3029 2033 ἀποϐήσεται,
3070 1968 3130 2025 ἣν
3184 1964 3309 2019 οὐδὲ
3341 1970 3482 2038 ἔχειν
3528 1964 3772 2032 δύναται,
3802 1971 3869 2039 μὴ

2276 2061 2642 2131 συμπαρόντος
2691 2076 2781 2109 του
2836 2059 3148 2128 Πνεύματος.
3207 2056 3281 2108 Οὐ
3343 2059 3586 2109 πιστεύει
3642 2060 3732 2129 μὲν
3775 2058 3874 2129 γὰρ

2275 2145 2346 2205 εἰς
2370 2147 2488 2199 Υίὸν
2515 2146 2539 2196 ό
2567 2151 2639 2218 μὴ
2673 2149 2929 2198 πιστεύων
2959 2153 3032 2215 τῷ
3089 2148 3370 2216 Πνεύματι·
3413 2145 3472 2198 οὗ
3528 2147 3770 2197 πιστεύει
3818 2141 3875 2196 δι

2276 2233 2341 2293 εἰς
2381 2238 2590 2308 Πατέρα
2627 2235 2651 2285 ό
2695 2239 2767 2306 μὴ
2803 2237 3094 2294 πιστεύσας
3118 2235 3232 2303 (46)
3289 2241 3359 2303 τῷ
3414 2236 3540 2304 Υίῷ.
3603 2235 3736 2284 Οὔτε
3775 2235 3874 2306 γὰρ

2277 2319 2497 2374 δύναται
2552 2323 2710 2376 εἰπεῖν
2777 2326 2964 2397 Κύριον
3009 2322 3214 2380 Ἰησουν
3267 2321 3310 2374 εἰ
3370 2326 3442 2393 μὴ
3505 2322 3554 2374 ἐν
3618 2324 3881 2392 Ῑινεὺματί

2275 2410 2426 2484 ἁγίῳ·
2499 2417 2608 2476 καὶ,
2688 2415 2815 2465 Θεὸν
2894 2408 3063 2471 οὐδεὶς
3127 2409 3318 2484 ἑώρακε
3392 2415 3626 2478 πώποτε,
3681 2409 3790 2462 ἀλλ’
3859 2411 3882 2460 ό

2272 2506 2545 2571 μονογενὴς
2602 2503 2735 2566 Υἱός,
2797 2502 2822 2552 ό
2882 2502 2948 2551 ὡν
3035 2499 3082 2552 ἐν
3141 2505 3249 2560 τοῖς
3319 2499 3533 2559 κόλποις
3599 2517 3692 2550 του
3781 2505 3884 2552 Πα-

2271 2593 2411 2662 τρός,
2462 2590 2608 2649 οὗτος
2685 2592 2808 2660 ἡμῖν
2879 2591 2988 2660 (47)
3056 2587 3372 2659 ἐξηγήσατο.
3444 2586 3705 2659 Ἀμοιρός
3772 2586 3884 2638 ἐστι

2271 2684 2360 2731 καὶ
2387 2687 2478 2739 τῆς
2531 2679 2780 2740 ἀληθινῆς
2809 2684 3211 2752 προσκυνήσεως
3257 2680 3281 2728 ό
3311 2692 3567 2738 τοιουτος.
3602 2680 3742 2730 Οὔτε
3785 2681 3884 2750 γὰρ

2271 2771 2389 2820 Υίόν
2437 2775 2802 2842 προσκυνᾶσαι
2871 2764 3092 2821 δυνατόν
3132 2767 3175 2819 εἰ
3231 2772 3301 2839 μὴ
3354 2766 3469 2834 (48)
3525 2765 3575 2818 ἐν
3623 2769 3885 2838 Πνεύματι

2272 2857 2422 2927 ἁγίῳ,
2458 2861 2571 2908 οὔτε
2634 2856 3045 2909 ἐπικαλέσασθαι
3107 2853 3329 2909 δυνατόν
3359 2862 3446 2907 τόν
3481 2859 3697 2930 Πατέρα
3736 2855 3781 2908 εἰ
3811 2860 3880 2927 μὴ

2339 3340 2427 3392 28.
2466 3343 2565 3391 Καὶ
2611 3334 2814 3409 μηδένα
2860 3338 3272 3410 παρακρουέσθω
3313 3339 3373 3388 τό
3402 3355 3497 3388 τον
3531 3336 3891 3402 ’Δποστόλου,

2389 3431 2446 3477 τό
2495 3429 2656 3498 όνομα
2708 3446 2797 3478 του
2845 3430 3044 3501 Πατρός
3089 3427 3203 3495 (49)
3243 3431 3332 3478 καὶ
3392 3445 3484 3478 του
3523 3427 3690 3498 οἷγίου
3729 3428 3892 3479 Πνεύ-

2267 3532 2430 3583 ματος
2484 3513 2567 3565 ἐπὶ
2619 3524 2711 3574 τῆς
2762 3534 2851 3566 του
2929 3513 3296 3586 βαπτίσματος
3354 3519 3576 3585 μνήμης
3639 3514 3892 3572 πολλάκις

2269 3601 2767 3674 παραλιμπανοντος,
2838 3600 2976 3673 μηδὲ
3045 3599 3138 3653 διὰ
3222 3621 3375 3653 τουτο
3462 3600 3891 3678 ἀπαρατηρητον

2269 3689 2455 3741 οἰέσθω
2513 3693 2604 3746 τὴν
2667 3689 2939 3745 ἐπίκλησιν
3007 3688 3135 3740 εἶναι
3190 3697 3288 3739 τῶν
3351 3688 3648 3759 ὀνομάτων.
3709 3692 3888 3756 Ὀσοι,

2271 3783 2446 3849 φησιν,
2505 3778 2570 3837 εἰς

2274 3868 2455 3917 σασθεο
2525 3870 2614 3917 καὶ
2698 3865 2870 3917 πάλιν

2645 3781 2870 3852 Χριστόν
2952 3776 3320 3834 ἐϐαπτίσθητε.
3397 3783 3644 3851 Χριστὸν
3711 3778 3896 3833 ἐνεδύ-

2963 3864 3122 3916 ⁴Οσοι
3207 3865 3273 3924 εἰς
3348 3871 3591 3938 Χριστόν
3685 3868 3898 3922 ἐϐαπτί-

2275 3957 2449 4023 σθητε,
2494 3957 2562 4016 είς
2614 3959 2701 4006 τόν
2751 3957 2966 4007 θάνατον
3027 3955 3183 4006 αὐτόν
3240 3953 3626 4013 ἐϐαπτίσθητε.
3690 3958 3751 4011 Ἠ
3799 3962 3896 4030 γὰρ

2271 4065 2360 4096 του
2394 4053 2628 4121 Χριστου
2675 4049 3007 4119 προσηγορία
3046 4064 3139 4096 του
3187 4049 3380 4104 παντὸς
3410 4043 3560 4096 ἐστιν
3613 4047 3894 4120 ὁμολογία·

2273 4130 2428 4191 δηλοῖ
2451 4137 2552 4209 γὰρ
2584 4139 2670 4185 τόν
2717 4153 2771 4187 τε
2804 4139 3072 4208 χρίσαντα
3123 4136 3274 4197 Θεόν,
3307 4152 3395 4185 και
3448 4139 3541 4185 τόν
3594 4139 3903 4208 χρισθέντα

2272 4225 2409 4290 Υίόν,
2449 4229 2538 4276 καὶ
2590 4227 2648 4275 τὸ
2694 4229 2910 4296 χρίσμα
2933 4227 2992 4275 τό
3046 4229 3274 4294 Πνευμα,
3304 4225 3368 4282 ὡς
3409 4226 3565 4295 παρὰ
3617 4230 3830 4300 Πέτρου
3858 4224 3904 4276 ἓν

2270 4320 2381 4373 ταῖς
2439 4312 2663 4385 Προίξεσι
2720 4314 3121 4384 μεμαθήκαμεν,
3187 4311 3393 4369 Ἰησουν
3458 4317 3554 4364 τόν
3629 4313 3740 4366 ἀπό
3799 4321 3906 4368 Να-

2272 4403 2446 4474 ζαρὲτ,
2499 4401 2550 4453 ὂν
2609 4404 2821 4475 ἔχρισεν
2869 4401 2982 4472 (50)
3053 4402 3078 4452 ό
3139 4404 3268 4462 Θεός
3322 4408 3394 4471 τῷ
3464 4405 3755 4476 Πνεύματι
3832 4409 3908 4473 τῷ

578 4580 626 4615 ’³
667 4578 704 4632 ι.
741 4579 870 4636 Cor.
906 4592 1012 4647 xu,
1047 4581 1099 4634 3.
1179 4579 1227 4612 9t
1275 4579 1453 4634 Joan.
1496 4594 1536 4648 ι,
1572 4581 1660 4634 18.
1747 4578 1796 4612 ’δ
1836 4576 1961 4635 Gal.
1991 4593 2072 4648 ιιι,
2102 4582 2191 4635 27.

2270 4579 2316 4615 ⁹⁶
2350 4581 2518 4636 Rom.
2544 4594 2618 4644 γι,
2653 4583 2705 4635 3.
2785 4579 2830 4614 ³⁷
2875 4579 3005 4634 Act.
3039 4591 3092 4647 ιε,
3129 4580 3219 4634 38.

547 4744 554 4752 ι.

539 4829 551 4838 .
581 4755 691 4842 (43:)
719 4755 818 4839 ,Εἰς
844 4755 989 4810 αὐτό.
1019 4753 1170 4812 Editi
1211 4771 1281 4814 ac
1338 4769 1498 4810 unus
1524 4757 1760 4811 tantum
1791 4753 1982 4811 codex
2039 4771 2151 4812 ms.

511 4848 577 4882 σι’
607 4845 780 4880 αυτόν.

557 4863 689 4970 ’(44)
721 4905 903 4970 Τόν-το.
955 4897 1107 4953 Editi
1152 4899 1368 4970 reviruit,
1427 4897 1908 4970 repugnantibus
1966 4897 2156 4970 ρωηίτ

509 4968 623 5097 ὸὲβ
645 4969 952 5026 codicibus
974 4985 1119 5024 mss.
1139 4984 1209 5025 ac
1237 4968 1583 5040 ipsa_etiam
1610 4969 1806 5040 prima
1836 4969 2156 5026 Basileensi

510 5059 541 5098 e
587 5043 790 5097 itione.

2269 4754 2420 4839 utin
2432 4754 2639 4839 ‘capite
2668 4757 2836 4839 serto
2865 4753 3050 4839 hujus
3075 4752 3211 4810 libri
3237 4753 3658 4839 restituique.

2275 4899 2285 4912 '
2336 4827 2446 4914 (.47)
2471 4825 2632 4887 Οὗτος
2662 4826 2807 4897 ἡμῖν.
2864 4829 2949 4882 Ita
3001 4841 3153 4882 mss.
3211 4825 3478 4882 codices.
3523 4828 3698 4886 Editi
3732 4830 3900 4892 αὐτός

2307 4919 2410 4951 ιιιν.

2264 4917 2440 5037 1⁵’(48)
2481 4969 2540 5020 Εἰ
2569 4973 2657 5041 μή.
2694 4971 2852 5041 Hanc
2880 4967 3161 5041 voculam
3193 4965 3236 5018 εἰ
3281 4966 3376 5023 bis
3405 4967 3484 5041 ιιι⁸
3501 4967 3631 5025 hac
3669 4973 3897 5030 verbo-

2262 5034 2855 5116 rumpom'plexione
2906 5038 3276 5116 addidimus,
3312 5054 3400 5116 _ac
3453 5034 3702 5116 δςνναῖόν
3747 5048 3899 5116 post

585 5116 689 5179 [45)
719 5116 817 5165 Τόν
849 5108 907 5163 δὲ
937 5113 1073 5163 Υἱόν.
1114 5110 1206 5166 Sic
1253 5126 1397 5165 mss.
1431 5110 1689 5166 codices.
1741 5109 1893 5166 Editi
1922 5115 2009 5161 καὶ
2066 5113 2152 5162 τόν

512 5190 758 5258 Χριστόν.
796 5185 910 5258 Nec
960 5182 1146 5258 multo
1203 5186 1338 5253 post
1368 5185 1506 5258 Reg.
1552 5183 1854 5258 secundus
1885 5188 1940 5237 et
1972 5181 2153 5258 editio

509 5252 690 5312 Paris.
713 5275 803 5308 τον
837 5254 988 5326 ἁγίου
1023 5252 1334 5326 Πνεύματος.
1371 5253 1477 5308 Alii
1526 5252 1669 5308 editi
1697 5259 1753 5309 et
1803 5269 1953 5308 mss.
1987 5257 2048 5308 ut
2089 5253 2152 5308 in

508 5333 812 5384 contextu.

580 5400 692 5468 (36)
730 5397 788 5450 Ὀ
811 5402 881 5470 μὴ
916 5399 1249 5470 mai-euang.“
1276 5391 1508 5450 Veteres
1565 5393 1796 5470 aliquot
1849 5394 1984 5470 libri
2012 5397 2037 5446 ὁ
2075 5401 2145 5467 μὴ

504 5466 1065 5540 πφτεύωνλίὣιίθω
1121 5466 1360 5540 codices
1407 5481 1619 5522 omnes
1675 5466 2145 5540 Kﬁpiov_’lna'ouv.

505 5539 651 5612 Editi
712 5544 902 5612 Κύριος
949 5540 1171 5599 Ἰησους.
1225 5537 1405 5612 Paulo
1460 5542 1599 5612 post
1645 5552 1718 5594 eo
1745 5537 1913 5612 quod
1944 5543 2032 5596 est
2086 5538 2149 5595 in

502 5610 695 5680 editis,
730 5615 754 5662 ό
789 5608 1090 5682 ’μονογενὴς
1141 5611 1278 5677 Υἱός,
1326 5608 1656 5680 legendum
1702 5608 1940 5668 videtur
1999 5615 2148 5679 Θεός,

2264 5109 2689 5169 ἐπικαλέσασθαι,
2721 5109 3068 5166 auctoribus
3093 5110 3358 5182 antiquis
3386 5109 3752 5182 codicibus.

2331 5185 2440 5249 (49)
2480 5189 2581 5233 Του
2625 5187 2845 5256 Πατρός,
2882 5183 3020 5256 Tres
3078 5180 3316 5256 codices
3338 5180 3598 5256 addunt
3649 5192 3750 5240 καὶ
3797 5205 3896 5240 του

2261 5256 2402 5318 rica,
2433 5267 2569 5322 qum
2590 5251 2769 5308 voces
2806 5253 2868 5307 in
2891 5251 3228 5308 Colbertino
3255 5253 3484 5308 deletis.

2330 5326 2446 5394 (50)
2480 5324 2571 5396 “Os
2612 5328 2842 5396 ἔχρισεν.
2880 5322 3029 5378 Editi
3081 5326 3145 5384 ὡς
3189 5327 3409 5396 ἔχρισεν
3442 5323 3612 5377 αὐτόν
3667 5329 3698 5378 ό
3758 5335 3894 5390 Θεός

2264 5397 2521 5466 Ιίνεύμάτι
2546 5395 2698 5466 ἁγίῳ.
2727 5395 2840 5451 Sed
2861 5410 3072 5450 omnes
3094 5395 3330 5451 codices
3351 5411 3492 5451 mss.
3521 5403 3599 5454 ut
3631 5398 3702 5456 in
3732 5416 3902 5458 con-

2258 5465 2432 5522 textu.
2461 5465 2728 5546 Eosdem.
2743 5465 3053 5546 sequimur
3071 5467 3132 5523 in
3163 5468 3276 5525 hac
3309 5481 3472 5538 voce,
3511 5469 3744 5540 εἵνεκεν,
3772 5489 3901 5546 pro

2258 5554 2330 5595 eo
2357 5539 2525 5610 quod
2563 5545 2690 5596 erat
2713 5539 2776 5596 in
2815 5537 2987 5595 éditis
3011 5539 3198 5594 ἕνεκεν.
