4062 6208
199 314 299 364 117

195 453 331 503 ⁸7⁸9
369 453 383 465 ’

196 524 381 574 duer
437 525 624 596 ἔχρισε
668 543 754 596 με·
802 530 892 577 καὶ
934 527 959 577 ό
1012 521 1304 596 Ψαλμῳδός
1349 525 1488 593 (51)’
1533 524 1626 572 Διὰ
1655 527 1808 572 τοῦτο

197 614 388 682 ἔχρισε
444 630 502 663 σε
556 613 582 663 ὁ
637 618 765 674 Θδός
822 615 848 665 ὁ
897 620 1026 680 Θεός
1084 634 1179 667 σου
1235 614 1403 665 Elates
1453 609 1809 682 ἀγαλλιάσεως

197 704 342 770 παρὰ
381 705 499 760 τοῦς
531 709 796 773 μετόχους
827 723 943 756 σου.
988 709 1226 758 Φαίνεται
1255 707 1430 777 μέντοι
1455 695 1809 772 [Ἀπόστολός]

198 809 323 842 ποτε
354 797 448 842 καί
487 797 646 863 μόνου
698 801 791 844 τοῦ
833 797 1124 867 Πνεῦματος
1172 793 1256 847 ἐπὶ
1304 801 1395 846 τοῦ
1443 791 1808 864 βαπτίσματος

195 881 584 950 μνημονεύσας.
650 885 844 944 Πάντες
911 887 1033 958 γὰρ,
1116 885 1295 956 φησὶν,
1357 882 1406 934 ἐν
1474 881 1544 934 ἐνὶ
1603 881 1805 952 σώματ’

197 967 272 1026 εἰς
332 967 382 1020 ἓν
457 975 667 1040 Πνεῦμα
727 970 1131 1046 ἐϐαπτίσθημεν.
1189 979 1452 1045 Συμφωνεί
1530 968 1587 1022 δε
1641 972 1806 1039 τούτῳ

535 1058 698 1130 Ὑμεῖς
775 1057 835 1114 δε
913 1060 1346 1134 βαπτισθήσεσθε
1419 1060 1467 1112 ἐν
1546 1062 1805 1130 Ιινεῦματι

200 1146 354 1216 ἁγίῳ·
419 1153 509 1199 καὶ
566 1152 643 1213 τό,
716 1149 884 1212 Αὐτὸς
958 1151 1093 1224 ὑμᾶς
1164 1150 1414 1224 βαπτισει
1463 1149 1510 1200 ἐν
1545 1151 1804 1220 Πνεῦματι

196 1062 288 1108 καὶ
363 1062 424 1108 τό
442 1099 455 1122 ,

206 1237 361 1306 ἁγίῳ.
420 1237 551 1291 Ἀλλ’
610 1240 670 1291 οῦ
721 1245 865 1314 παρὰ
921 1249 1070 1294 τοῦτο
1100 1243 1286 1295 τέλειον
1318 1245 1378 1294 οἶν
1420 1261 1499 1302 τις
1527 1244 1662 1292 εἴποι
1689 1240 1800 1306 (52)

204 1322 503 1398 βάπτισμα,
556 1324 598 1398 ᾧ
641 1335 795 1400 μόνον
852 1335 909 1382 τό
977 1336 1138 1404 ὄνομα
1186 1339 1278 1384 τοῦ
1339 1333 1637 1402 Πνεῦματος
1708 1325 1800 1377 ἐπ-

193 1412 410 1471 εκλήθη.
471 1421 582 1487 Χρὴ
637 1421 739 1490 γὰρ
782 1418 1112 1492 ἀπαράϐατον
1168 1425 1332 1492 μένειν
1385 1417 1462 1471 ἀεὶ
1492 1421 1719 1487 (53)·τὴν
1753 1413 1799 1466 έν

194 1510 254 1565 τῆ
307 1504 555 1574 ξωοποιῷ
620 1511 808 1580 χάριτι
867 1505 1150 1582 ὃέδομίνην
1208 1505 1527 1582 παράδοσιν.
1583 1505 1640 1557 Ὀ
1697 1505 1796 1576 γὰρ

190 1591 594 1665 λυτρωσάμενος
641 1595 695 1647 ἐκ
740 1600 935 1670 φθορᾶς
981 1604 1073 1656 τὴν
1114 1599 1253 1659 ζωὴν
1293 1599 1438 1670 ἡμῶν
1487 1592 1647 1648 ἔδωκε
1697 1589 1796 1644 δῦ-

189 1699 343 1750 ναέιιν
401 1683 533 1754 ἡμῖν
588 1682 996 1754 ἀνακαινώσεως,
1043 1688 1266 1762 ἄρρητον
1311 1691 1400 1759 μεν
1440 1689 1671 1756 ἔχουσαν
1701 1687 1795 1740 τὴν

190 1769 365 1820 αἰτίαν
417 1778 511 1823 καὶ
578 1773 626 1824 ἐν
672 1781 948 1848 μυστηρίῳ
1013 1782 1388 1849 κατεχομένην,
1449 1773 1677 1846 μεγάλην
1737 1766 1795 1822 δε
1829 1782 1865 1834 Β

188 1864 301 1918 ταῖς
349 1858 564 1931 ψυχαῖς
613 1867 704 1920 τὴν
737 1856 999 1937 σωτηρίαν
1047 1871 1322 1939 φέρουσαν⁸
1367 1866 1500 1916 ὥστε
1542 1865 1599 1914 τό
1645 1880 1794 1935 προς-

191 1948 360 1999 5εῑναί
393 1968 446 2000 τι
494 1951 526 2008 ἡ
585 1949 779 2022 ἀφελεῖν
840 1954 976 2014 ζωῆς
1032 1954 1144 2007 εστι
1173 1964 1268 2016 τῆς
1316 1951 1493 2006 αίὸίου
1522 1948 1796 2024 προδήλως

190 2034 484 2099 ἑκπτωσις.
539 2040 597 2092 Εἰ
650 2048 820 2094 τοίνυν
869 2042 918 2094 ἕν
961 2052 1032 2114 τῷ
1082 2042 1420 2116 βαπτίσματι
1462 2045 1487 2094 ό
1517 2044 1794 2114 χωρισμός

188 2133 278 2176 τοῦ
327 2132 640 2200 Πνεῦματος
680 2129 782 2183 ἀπό
835 2137 1035 2204 Πατρός
1082 2139 1172 2186 καὶ
1200 2136 1323 2187 Υἱοῦ
1355 2129 1676 2191 ἐπικίνδυνος
1706 2134 1795 2203 μεν

190 2222 260 2282 τῷ
299 2211 649 2285 βαπτίξοντι,
700 2217 960 2292 ἀνωφελὴς
1000 2217 1058 2273 δε
1104 2230 1176 2292 τῷ
1207 2219 1496 2294 δεχομένῳ,
1537 2228 1642 2280 πῶς
1672 2220 1795 2290 ἡμῖν

190 2299 418 2371 ἀσῖαλὲς
476 2303 579 2357 διπό
631 2313 836 2380 Πατρός
887 2316 974 2363 καί
1031 2313 1152 2364 Υίοῦ
1189 2308 1423 2382 διασπᾲν
1453 2315 1510 2363 τό
1544 2305 1792 2381 Ιινεῦμας

193 2397 385 2456 Πίον-τις
431 2391 494 2448 δε
537 2404 630 2450 καὶ
673 2398 958 2473 βάπτισμα
1001 2399 1100 2455 δύο
1145 2408 1332 2477 τρόποι
1373 2410 1468 2463 τῆς
1509 2404 1793 2471 σωτηρίας,

193 2493 448 2555 συμφυεῖς
501 2485 741 2549 ἀλλήλοις
802 2498 892 2543 καὶ
949 2489 1259 2568 ἀδιαίρετοι.
1325 2499 1511 2553 Πίστος
1569 2494 1657 2564 μεν
1695 2492 1794 2562 γὰρ

191 2574 480 2627 τελειοῦται
536 2573 632 2628 διὰ
679 2576 1067 2652 βαπτίσματος,
1113 2579 1394 2654 βάπτισμα
1441 2577 1499 2633 δε
1531 2580 1795 2652 οεμελιοῦ-

193 2684 278 2716 ται
314 2668 424 2735 (53)
469 2663 507 2718 δ
513 2672 566 2718 ια
617 2676 708 2729 τῆς
749 2675 991 2737 πίστεως,
1017 2677 1108 2723 και
1138 2667 1232 2724 διὰ
1266 2680 1366 2723 τῶν
1404 2671 1573 2723 αὐτῶν
1605 2671 1798 2742 ὀνομά-

191 2775 294 2806 των
344 2756 566 2828 ἑκάτερα
618 2767 929 2833 πληροῦται.
983 2761 1069 2821 Ὠς
1113 2763 1215 2834 γὰρ
1259 2764 1567 2833 πιστεύομεν
1599 2761 1668 2822 εἰς
1696 2769 1799 2814 Πα-

190 2855 315 2918 τερα
358 2851 446 2898 καὶ
498 2849 621 2900 Υίόν
669 2853 760 2899 καί
811 2849 958 2920 ἅγιον
1016 2857 1242 2922 Πνεῦμα,
1291 2851 1426 2904 οὕτω
1467 2855 1556 2903 καὶ
1599 2849 1797 2922 βαπτι-

195 2935 390 3005 ζομξθα
448 2935 523 2998 εἰς
572 2940 635 2988 τό
689 2941 852 3009 ᾱνομα
907 2945 998 2992 τοῦ
1052 2943 1252 3014 Πατρός
1309 2944 1396 2992 καὶ
1426 2959 1517 2992 του
1557 2943 1679 2994 Υίοῦ
1709 2945 1800 2992 καὶ

194 3035 284 3077 τοῦ
331 3026 485 3098 αγίου
557 3032 887 3101 Πνεῦματος.
943 3036 1043 3084 Καὶ
1089 3032 1310 3106 προάγει
1361 3035 1450 3104 μὲν
1489 3034 1518 3089 ἡ
1550 3031 1801 3104 ὁμολογία

193 3119 320 3188 πρός
356 3123 451 3175 τήν
498 3122 775 3191 σωτηρίαν
831 3118 1120 3191 εἰσάγουσα
1151 3137 1164 3150 ⁸

195 3201 478 3277 βάπτισμα
499 3205 889 3279 ἕπισφραγίζον
914 3210 942 3267 ἡ
951 3217 1057 3280 μῶν
1084 3214 1177 3268 τὴν
1206 3213 1612 3282 συγκατάθεσιν.

743 3321 1132 3371 ΚΕΦΑΛΑΙΟΝ
1173 3318 1266 3373 ΙΓ’.

201 3418 388 3479 Αἰτίοις
417 3416 677 3482 ἀπόδοσις
710 3418 809 3502 δια
831 3428 884 3476 τί
903 3425 952 3476 οἱ
982 3423 1195 3496 ἄγγελοι
1226 3431 1390 3498 Πατρὶ
1421 3433 1510 3480 καὶ
1535 3427 1638 3499 Υἰῷ
1662 3430 1806 3502 παρὰ

582 3500 654 3560 τῷ
682 3495 866 3566 Παύλῳ
897 3495 1308 3572 συμπαρελήφθη
1318 3495 1436 3553 σαν.

271 3600 365 3652 29.
401 3595 560 3650 Ἀ).λὰ
589 3603 676 3651 καί
725 3602 895 3677 ἕτερα,
950 3609 1101 3676 φησὶ,
1156 3607 1609 3679 συναριθμοῦμενα
1640 3611 1803 3678 Πατρὶ

199 3693 288 3738 καί
322 3687 446 3756 Tia),
499 3687 629 3759 ουχὶ
683 3697 773 3743 καὶ
805 3689 1188 3756 συνδοξοίζεται
1231 3697 1441 3758 παντὸς·
1474 3696 1559 3759 Ὠς
1591 3697 1616 3748 ό
1659 3703 1807 3750 Απω-

204 3774 384 3837 στόλος
433 3775 690 3848 ἀγγέλους
739 3783 1183 3856 συμπαρελοίϐετο,
1239 3785 1308 3847 εἰς
1372 3791 1464 3844 τὴν
1511 3783 1805 3860 δίαμαρτυ-

196 3868 314 3935 ρίαν
364 3867 479 3935 (55)
529 3873 624 3925 τήν
692 3868 776 3922 ἐπὶ
838 3873 1093 3943 Τιμόθεον
1140 3873 1317 3945 λέγων·
1368 3879 1802 3950 Διαμαρτύρομαί

197 3971 279 4004 σοι
359 3953 581 4007 ἐνώπίον
642 3965 734 4010 τοῦ
790 3968 922 4013 Θεοῦ
987 3966 1077 4014 καὶ
1153 3971 1386 4036 Χριστοῦ
1445 3965 1644 4030 Ἰησοῦ,
1709 3970 1797 4016 καὶ

186 4048 294 4092 τῶν
361 4040 610 4096 ἐκλεκτῶν
656 4045 815 4099 αῦτοῦ
863 4047 1092 4120 ἀγγέλων
1151 4067 1162 4079 ·
1220 4050 1304 4112 οῦς
1351 4052 1466 4106 οὒτε
1496 4051 1798 4126 ἀλλοτριοῦ-

185 4149 280 4200 μεν
324 4140 386 4190 τῆ
402 4153 422 4193 ς
469 4132 654 4196 λοιπῆς
698 4141 939 4199 κτίσεως,
990 4143 1103 4193 οῦτε
1160 4145 1328 4215 Πατρὶ
1374 4146 1464 4194 καὶ
1516 4144 1618 4212 Υἱῷ
1675 4161 1797 4194 συν-

187 4222 437 4293 αριθμείν
472 4221 784 4297 ἀνεχόμεθα.
826 4228 958 4299 Ἐγὼ
986 4226 1065 4299 δὲ,
1108 4229 1151 4282 εἰ
1179 4236 1269 4283 καὶ
1288 4228 1555 4305 μηδεμιᾶς
1584 4232 1799 4305 ἀποκρί-

189 4329 328 4400 in“;
392 4313 544 4375 ἄξιος
605 4315 630 4366 ό
681 4314 849 4388 λόγος,
933 4317 1066 4371 οὕτω
1115 4324 1399 4393 πρόχειρον
1445 4326 1530 4379 τὴν
1581 4320 1796 4374 ἀτοπίαν

185 4405 357 4471 εχων,
408 4403 552 4475 ὅμως
585 4403 740 4458 ἐκεῖνο
775 4405 923 4478 λέγω,
967 4410 1046 4460 ὅτι
1092 4411 1336 4486 μάρτυρα
1374 4415 1478 4483 μὴν
1525 4415 1613 4464 καὶ
1665 4413 1794 4483 ὁμό-

1376 313 1579 367 LIBER
1617 310 1706 366 DE
1745 271 2013 365 srimru
2055 312 2352 371 SANC'I‘O.

430 439 521 486 καὶ
569 433 618 486 ἐν
646 443 716 505 τῷ
757 435 968 508 Ἠσαίᾳ,
1002 443 1208 508 Πνεῦμα
1255 440 1449 509 Κυρίου
1490 433 1566 486 ἐπ’
1607 430 1714 504 ἐμὲ,
1747 430 1799 481 οῦ

1919 447 2010 489 me
2031 434 2077 468 ’⁸
2104 453 2120 505 ;
2147 442 2202 492 et
2235 439 2567 496 Psalmicus
2597 439 2690 495 ille
2725 443 3282 514 cantor,Pr0plerea
3313 448 3493 503 unxit
3518 453 3575 505 te

3471 327 3574 382 118

1918 525 2073 579 Deus
2105 528 2258 584 Deus
2288 535 2425 585 tuus
2451 533 2576 587 oleo
2607 533 3000 588 exultationis
3027 549 3157 603 pra:
3196 538 3569 595 consortibus

1920 613 2038 668 luis
2071 616 2138 668 οε.
2184 617 2422 674 Videtur
2459 624 2659 675 tamen
2695 621 2999 676 interdum
3037 624 3356 695 Apostolus
3387 625 3570 683 etiam

1918 701 2101 759 solius
2157 707 2407 778 Spiritus
2457 709 2668 766 fecisse
2695 710 3066 767 mentionem
3093 712 3154 768 in
3182 713 3565 786 baptismate.

1921 791 2130 848 Omnes
2152 796 2332 862 enim,
2359 797 2573 869 inquit,
2592 801 2650 855 in
2674 816 2793 856 uno
2817 816 3066 869 corpore
3090 802 3155 856 in
3176 817 3356 860 unum
3378 805 3570 874 Spiri-

1918 887 2041 937 lum
2073 883 2364 952 baptismi
2398 890 2663 944 sumus‘.
2713 889 2810 943 His
2843 893 2900 944 et
2923 888 3073 944 illud
3104 896 3419 961 consonat,
3459 894 3568 950 Vos

1911 977 2106 1028 autem
2141 973 2590 1042 baplz'zabt'mini
2620 980 2681 1033 in
2714 979 2951 1047 Spiritu
2981 983 3192 1034 sancto
3215 981 3235 1013 ³
3264 995 3277 1045 ;
3311 983 3388 1044 et,
3424 982 3559 1049 Ipse

1918 1076 2015 1115 vos
2052 1061 2376 1130 baptizabil
2426 1066 2490 1121 in
2545 1066 2775 1145 Spiritu
2822 1073 3032 1123 sancto
3079 1069 3122 1121 ³.
3171 1072 3241 1122 At
3268 1083 3392 1123 non
3430 1068 3568 1124 ideo

1912 1149 2047 1220 quis
2072 1150 2285 1208 dixerit
2317 1155 2645 1224 perfectum
2678 1171 2811 1212 esse
2840 1156 3171 1228 baptisma,
3222 1156 3284 1211 in
3315 1172 3439 1228 quo
3475 1172 3568 1214 so-

1909 1235 2034 1292 lum
2068 1241 2316 1311 Spiritus
2343 1258 2564 1299 nomen
2587 1245 2935 1300 invocatum
2967 1250 3074 1301 est.
3126 1250 3372 1317 Oportet
3401 1246 3565 1302 enim

1910 1327 2313 1387 inviolabilem
2348 1349 2586 1404 semper
2613 1351 2859 1390 manere
2892 1334 3303 1405 traditionem,
3333 1352 3468 1408 qua:
3497 1335 3564 1392 in

1912 1417 2148 1474 vivitica
2181 1421 2374 1491 gratia
2416 1421 2560 1478 data
2610 1429 2719 1478 est.
2771 1426 2919 1478 Nam
2951 1423 3139 1479 vitam
3182 1430 3454 1481 nostram
3484 1424 3561 1481 de

1909 1510 2290 1581 corruptione
2321 1513 2420 1583 qui
2452 1511 2750 1582 liberavit,
2783 1518 3144 1584 potestatem
3174 1513 3352 1568 nobis
3380 1529 3558 1571 reno-

1907 1598 2163 1653 vationis
2189 1599 2353 1656 dedit
2379 1616 2390 1665 ;
2421 1617 2555 1672 quae
2579 1606 2844 1673 potestas
2866 1618 3119 1658 causam
3142 1601 3323 1658 habet
3349 1603 3558 1660 ineffa-

1905 1684 2110 1756 bilem,
2157 1694 2214 1744 et
2259 1689 2320 1744 in
2366 1690 2653 1762 mysterio
2701 1691 3098 1758 reconditam,
3126 1690 3232 1746 sed
3263 1707 3557 1762 magnam

1905 1777 2228 1832 animabus
2255 1778 2506 1834 salutem
2534 1779 2960 1842 conferentem,
2988 1785 3053 1836 ut
3080 1779 3420 1854 quidquam
3449 1781 3557 1838 ad-

1904 1867 2044 1922 dere
2089 1873 2193 1922 aut
2221 1867 2532 1923 detrahere
2561 1867 2742 1941 plane
2773 1869 2849 1925 sit
2876 1869 2954 1924 ab
2991 1873 3216 1926 aeterna
3243 1870 3365 1926 vita
3394 1869 3558 1926 exci-

1905 1955 2064 2012 dere.
2099 1956 2350 2012 Proiude
2379 1957 2426 2011 si
2465 1956 2526 2012 in
2555 1957 2862 2029 baptismo
2890 1974 3172 2030 separare
3200 1958 3487 2030 Spiritum
3519 1975 3557 2016 a

1906 2047 2071 2101 Patre
2111 2051 2166 2101 et
2194 2045 2352 2113 Filio,
2400 2051 2462 2102 ut
2503 2047 2911 2119 periculosum
2941 2051 3034 2103 est
3074 2046 3426 2119 baptizanti,
3471 2048 3556 2104 ita

1905 2133 2285 2206 baptismum
2311 2136 2630 2208 accipienti
2653 2136 2862 2214 inutile
2888 2155 2901 2205 ;
2930 2135 3242 2208 quomodo
3269 2135 3445 2191 nobis
3467 2141 3557 2191 tu-

1907 2230 2034 2280 tum
2070 2225 2246 2281 fuerit
2275 2243 2309 2282 a
2341 2229 2510 2282 Patre
2554 2232 2611 2282 et
2643 2225 2784 2282 Filio
2830 2225 3164 2282 distrahere
3213 2225 3499 2297 Spiritum
3527 2225 3555 2280 τ

1909 2314 2076 2370 Fides
2097 2321 2298 2371 autem
2330 2321 2387 2371 et
2412 2315 2723 2388 baptisma
2755 2316 2878 2372 duo
2908 2319 3048 2372 sunt
3067 2315 3231 2372 modi
3265 2314 3559 2388 paranda

1910 2403 2140 2474 salutis,
2173 2405 2324 2460 inter
2356 2422 2418 2460 se
2453 2405 2690 2473 cognati
2719 2409 2777 2461 et
2817 2403 3274 2478 inseparabiles.
3305 2407 3456 2461 Nam
3491 2403 3560 2458 ﬁ-

1907 2493 2014 2548 des
2038 2494 2344 2565 perﬁcitur
2366 2510 2470 2565 per
2493 2493 2887 2567 baptismum,
2913 2493 3030 2566 24
3050 2492 3394 2567 baptismus
3420 2508 3558 2548 vero

1910 2582 2194 2638 fundatur
2227 2600 2330 2656 per
2359 2583 2565 2650 tidem,
2593 2589 2651 2640 et
2678 2589 2932 2656 utraque
2957 2599 3053 2640 res
3082 2599 3190 2655 per
3219 2581 3437 2639 eadem
3459 2595 3562 2638 no-

1911 2673 2077 2728 mina
2104 2672 2403 2744 impletur.
2449 2672 2607 2730 Sicut
2637 2673 2796 2728 enim
2823 2672 3126 2729 credimus
3153 2673 3215 2728 in
3245 2675 3477 2728 Patrem
3507 2675 3565 2728 et

1913 2761 2124 2817 Filium
2151 2768 2210 2818 et
2235 2763 2517 2834 Spiritum
2549 2769 2851 2831 sanctum,
2885 2762 2969 2818 sic
3017 2763 3474 2835 etbaptizamur
3499 2762 3567 2816 in

1910 2852 2155 2908 nomine
2179 2853 2362 2907 Patris
2397 2858 2452 2908 et
2479 2851 2599 2908 Filii
2619 2857 2678 2908 et
2708 2852 2960 2924 Spiritus
2987 2852 3198 2908 sancti.
3232 2857 3313 2907 Ac
3342 2865 3565 2922 praece-

1911 2941 1998 2998 dit
2043 2940 2290 3013 quidem
2322 2941 2614 3014 professio
2643 2941 2721 2996 ad
2763 2941 3020 2997 salutem
3062 2940 3441 3013 perducens;
3477 2953 3566 2994 se-

1910 3030 2113 3102 quitur
2130 3035 2331 3087 autem
2355 3031 2668 3102 baptisma
2692 3031 3058 3102 consignans
3077 3045 3394 3087 assensum
3421 3043 3558 3084 nos-

1240 3121 1576 3175 ἕπακολουθεῐ
1631 3117 1690 3174 δε
1741 3125 1798 3173 τό
1830 3131 1873 3188 c
1913 3123 2091 3176 trum.

2556 3320 2780 3376 CAPUT
2810 3320 2923 3375 Xlll

1918 3429 2116 3496 Quare
2142 3428 2311 3498 apud
2339 3427 2604 3484 Paulum
2655 3426 2860 3498 angeli
2887 3424 3068 3480 simul
3113 3439 3246 3481 cum
3279 3425 3473 3482 Patre
3511 3427 3565 3481 et

2431 3499 2592 3557 Filio
2623 3499 3067 3569 adjungunlur.

1986 3610 2078 3662 29.
2111 3606 2286 3677 Atqui
2327 3610 2383 3662 et
2407 3606 2526 3662 alia
2558 3608 2717 3676 sunt,
2750 3603 3054 3677 inquiunt,
3086 3617 3220 3676 quae
3250 3601 3432 3658 simul
3458 3605 3564 3657 Pa-

1917 3695 1988 3752 tri
2016 3701 2072 3752 et
2099 3695 2239 3753 Filio
2271 3699 2768 3762 annumerantur,
2802 3709 2912 3750 nec
2940 3698 3144 3750 tamen
3173 3692 3456 3748 continuo
3484 3691 3564 3746 si-

1914 3784 2042 3841 mul
2071 3801 2210 3840 cum
2239 3783 2353 3840 illis
2383 3782 2810 3854 gloriﬁcantur.
2847 3781 3030 3836 Veluti
3072 3795 3212 3834 cum
3242 3777 3564 3850 Apostolus

1912 3875 2225 3931 obtestans
2255 3873 2654 3938 Timotheum,
2687 3869 2937 3940 angelos
2963 3867 3144 3924 simul
3173 3865 3442 3934 adducit,
3471 3867 3561 3922 di-

1911 3979 2053 4019 cens
2079 3980 2091 4018 :
2119 3963 2388 4020 Obteslor
2417 3969 2472 4018 te
2496 3963 2557 4017 in
2579 3965 2899 4030 conspectu
2923 3959 3048 4029 Dei,
3075 3963 3129 4014 el
3153 3956 3560 4023 ChrisliJesu,

1910 4058 1965 4109 et
2002 4053 2320 4110 electorum
2355 4052 2481 4121 ejus
2524 4051 2876 4121 angelorum
2900 4048 2919 4082 ⁴
2953 4063 2966 4101 :
3018 4061 3174 4119 quos
3203 4048 3408 4102 tamen
3437 4059 3561 4100 non

1909 4141 2156 4198 minime
2213 4155 2572 4213 separamus
2630 4155 2666 4195 a
2708 4137 2954 4210 reliquis
3003 4133 3310 4201 creaturis,
3362 4148 3560 4206 neque

1909 4231 2276 4288 sustinemus
2325 4245 2429 4287 eos
2477 4228 2631 4285 Patri
2682 4232 2740 4284 et
2787 4226 2926 4283 Filio
2969 4239 3391 4282 annumerare.
3440 4224 3559 4292 Ego

1908 4337 2069 4391 vero,
2104 4319 2342 4377 tametsi
2381 4319 2478 4374 hic
2504 4333 2701 4373 sermo
2744 4315 2908 4372 nulla
2937 4314 3160 4385 dignus
3187 4315 3279 4368 est
3307 4325 3559 4382 respon-

1909 4410 2100 4479 sione,
2147 4415 2269 4466 tam
2318 4407 2700 4465 manifestam
2747 4405 3069 4478 praeferens
3099 4399 3556 4464 absurditatem,

191 4487 380 4543 δοῦλον
411 4493 480 4543 ἐν
516 4513 597 4554 τις
635 4498 800 4566 τυχὸν
847 4503 1244 4570 παραστήσαιτο
1292 4502 1440 4573 πρᾴῳ
1496 4510 1644 4575 κριτῇ
1704 4506 1793 4554 καὶ

1912 4504 2110 4556 tamen
2155 4498 2302 4556 illud
2331 4499 2489 4564 dico,
2519 4495 2685 4569 quod
2733 4509 3090 4552 conservum
3122 4492 3301 4548 etiam
3344 4493 3555 4545 testem

195 4582 392 4657 ἐμερῳ,
447 4587 539 4634 καί
581 4583 813 4655 μάλιστα
861 4581 929 4645 δὴ
988 4587 1036 4639 ἐν
1066 4596 1128 4660 τῇ
1158 4591 1287 4662 πρὸς
1325 4593 1444 4652 τοῦς
1471 4595 1794 4665 κρινομένους

199 4671 453 4745 ἐπιεικείᾳ
498 4675 557 4725 τό
603 4671 968 4750 ἀναντιρῥητον
1005 4683 1102 4739 τῆς
1139 4685 1240 4730 τῶν
1284 4680 1547 4753 χριμάτων
1593 4676 1794 4734 δικαιοο

196 4765 346 4824 the;
411 4759 788 4815 ἐπιδεικνύντι.
841 4763 1131 4842 Ἐλεύθερος
1186 4763 1244 4820 δὲ
1288 4764 1415 4821 εἶναι
1447 4767 1547 4822 ἀπό
1579 4766 1792 4842 δοῦλον,

193 4857 277 4902 καί
324 4854 452 4911 Υἱὸς
506 4849 768 4911 κληθῆναι
819 4860 972 4921 Θεοῦ,
1023 4859 1113 4908 καὶ
1148 4855 1538 4917 ζωοποιηθῆναι
1566 4860 1667 4912 ἀπό
1710 4861 1795 4912 θαι

190 4943 357 5008 νατου,
402 4940 533 5015 παρ’
583 4937 792 5004 οὐδενός
845 4941 1016 5017 ἐτέρου
1067 4940 1340 5004 δύναταιῆ
1394 4951 1540 5022 παρὰ
1581 4955 1673 5001 τοῦ
1706 4955 1797 5008 τὴν

191 5035 312 5082 κατα
368 5034 536 5103 φῦσιν
592 5030 886 5090 οἰκειότητα
927 5037 1262 5106 κεκτημένου,
1296 5041 1386 5088 καὶ
1433 5044 1524 5099 τῆς
1556 5033 1800 5100 δουλικῆς

1901 4589 2054 4646 forte
2078 4588 2298 4662 aliquis
2315 4587 2579 4645 adducat
2598 4584 2765 4658 apud
2783 4587 3170 4640 mansuetum
3192 4597 3262 4637 ac
3289 4577 3556 4652 placabi~

1900 4679 2020 4736 lem
2041 4677 2329 4750 judicem,
2359 4676 2586 4750 quique
2617 4674 2883 4731 maxima
2911 4689 3021 4728 sua
3045 4672 3106 4728 in
3131 4685 3234 4726 eos
3262 4668 3368 4741 qui
3392 4667 3552 4738 judi-

1903 4771 2111 4824 centur
2155 4767 2394 4824 lenitate
2423 4764 2673 4821 minime
2721 4762 2972 4818 dubiam
3021 4766 3077 4818 et
3103 4763 3551 4816 controversam

1901 4857 2272 4929 judiciorum
2293 4857 2638 4928 mquitatem
2660 4845 3551 4908 demonstratllieterumutali-

1908 4947 2044 5018 quis
2062 4945 2169 5003 ﬁat
2194 4944 2346 5002 liber
2367 4959 2398 5000 e
2416 4959 2610 5014 servo,
2638 4946 2820 5014 atque
2844 4943 3088 4997 vocetur
3106 4937 3284 4994 Filius
3309 4935 3500 5006 Dei,et
3515 4951 3552 4990 a

1909 5039 2102 5093 morte
2147 5038 2462 5093 revocetur
2495 5031 2573 5090 ad
2626 5031 2836 5097 vitam,
2889 5045 2925 5085 a
2972 5027 3138 5086 nullo
3187 5028 3304 5086 alio
3355 5024 3552 5098 potest

254 5184 295 5218 "
320 5187 424 5241 lsa
449 5198 568 5250 ιιι,
598 5186 645 5238 1.
726 5184 773 5217 θ’
799 5181 957 5241 Psal.
987 5199 1132 5256 κων,
1167 5187 1220 5241 8.
1299 5187 1314 5220 ¹
1349 5187 1480 5244 Cor.
1513 5203 1609 5257 xu,
1643 5191 1724 5246 13.

1913 5192 1990 5248 ct.
2021 5205 2060 5256 ι,
2092 5192 2143 5244 5.
2222 5186 2244 5221 ³
2268 5187 2404 5242 Luc.
2436 5199 2522 5257 ut,
2551 5186 2642 5242 16.
2721 5183 2741 5217 ⁴
2773 5181 2961 5238 ITim.
2986 5196 3042 5249 γ,
3066 5183 3155 5235 21.

253 5337 327 5402 [Si
344 5339 360 5406 )
399 5329 742 5409 Ψαᾷμῷὸόςη
761 5332 1009 5409 Codices
1038 5334 1313 5409 nonnulli
1339 5336 1363 5386 ὁ
1392 5335 1616 5409 ψαλμός.
1645 5332 1791 5395 Pau-

198 5402 401 5480 lopost
450 5402 682 5463 desunt
726 5404 789 5461 in
821 5404 1010 5463 tribus
1055 5405 1366 5464 codicibus
1404 5402 1542 5466 haec
1585 5410 1789 5479 verba,

202 5484 320 5548 παρὰ
347 5485 634 5554 μετόχους
654 5497 773 5554 σου.

256 5548 357 5620 (52}
389 5548 574 5607 eam
608 5549 706 5607 Sic
724 5565 888 5624 ipss.
919 5548 1189 5624 codices.
1215 5549 1364 5624 Editi
1392 5555 1534 5624 εἴπῃ.

256 5619 362 5695 (53)
392 5625 533 5681 ’Au’.
552 5624 638 5684 Ex
660 5619 860 5681 tribus
881 5637 1036 5680 mss.
1057 5619 1369 5681 codicibus
1389 5619 1549 5682 hanc
1579 5638 1792 5683 vocem

1901 5336 2247 5396 addidimus
2258 5378 2271 5390 .

1975 5413 2084 5481 (54)
2145 5408 2507 5482 Θεμελιοῦταὶ.
2576 5409 2844 5474 Quatuor
2900 5404 3137 5460 codices
3189 5417 3334 5458 mss.
3387 5398 3547 5453 nisi-

1902 5501 2088 5628 ῗύἷὲξ)
2117 5550 2655 5628 Διαμαρτυρίαν.νδίϐ
2695 5549 2830 5606 libri
2875 5551 3100 5603 veteres
3143 5560 3252 5619 pro
3283 5561 3354 5602 eo
3384 5545 3552 5618 quod

1900 5623 2130 5683 habent
2149 5623 2298 5682 editi
2319 5623 2633 5696 μαρτυρίαν.
