4062 6208
472 288 571 341 123
1142 346 1145 347 ν
1844 283 1902 338 S.
1937 281 2112 338 BASll

2227 279 2418 338 HAGN
2428 282 2447 333 l
3720 281 3812 336 124

467 408 713 464 ciebant
742 408 821 463 ad
842 408 1031 478 illum,
1062 408 1456 464 servabantur
1475 410 1542 462 ²¹.
1577 405 1856 464 Similiter
1882 409 1938 461 et
1976 421 2112 477 quas

2228 421 2307 463 τες
2360 403 2426 462 εἰς
2476 402 2631 454 αὐτὸν
2662 398 2998 462 διεσώζοντο.
3034 399 3187 451 Οὕτω
3221 394 3288 454 δὴ
3333 401 3423 448 καὶ
3467 400 3531 448 τὰ
3568 404 3681 474 περὶ
3730 408 3812 461 τῆς

469 497 543 552 de
586 497 822 552 eductis
876 496 1152 553 lsraelitis
1202 497 1441 568 scripta,
1484 497 1562 552 ad
1610 494 2117 565 signiﬁcationem

469 600 681 640 eorum
724 585 829 658 qui
868 585 1170 657 baptismo
1213 585 1360 640 salvi
1392 584 1561 649 ﬁunt,
1592 589 1839 641 narrata
1874 588 2014 638 sunt
2046 584 2113 635 ³³.

470 675 715 730 Servata
734 675 1044 729 suntenim
1064 674 1460 730 lsraelitarum
1485 674 2119 747 primogenita,quem-

468 761 801 818 admodum
820 768 873 816 et
894 762 1337 832 baptizatorum
1350 779 1624 836 corpora,
1650 778 1789 818 cum
1803 760 1995 830 gratia
2014 761 2116 815 da-

468 854 562 905 tur
590 851 663 905 iis
689 850 791 922 qui
818 852 1109 919 sanguine
1138 850 1356 919 signati
1378 851 1637 907 fuerunt.
1669 849 1924 919 Sanguis
1954 848 2115 905 enim

466 938 734 1008 pecudis,
751 939 946 1007 ﬁgura
962 940 1274 1010 sanguinis
1289 940 1533 997 Christi:
1557 939 1957 1012 primogenita
1979 953 2117 993 vero

466 1032 646 1099 typus
667 1028 947 1095 hominis,
970 1028 1076 1101 qui
1098 1030 1328 1101 primus
1368 1030 1646 1085 conditus
1670 1034 1757 1085 est
1781 1047 1793 1095 ;
1826 1028 1932 1100 qui
1960 1043 2117 1099 quo-

466 1116 631 1171 niam
664 1118 1003 1172 necessario
1035 1118 1095 1173 in
1140 1118 1314 1173 nobis
1358 1123 1465 1189 est,
1524 1119 1671 1174 dum
1717 1117 2116 1173 successionis

467 1204 618 1259 serie
651 1222 840 1277 usque
871 1205 949 1261 ad
977 1206 1157 1261 ﬁnem
1190 1208 1628 1273 transmittitur,
1672 1208 1807 1263 ideo
1837 1207 1899 1262 in
1925 1205 2118 1261 Adam

466 1309 678 1347 omnes
700 1295 993 1349 morimur
1012 1296 1081 1363 ²³,
1102 1300 1155 1350 et
1176 1297 1450 1365 regnavit
1479 1312 1642 1352 mors
1692 1312 1887 1367 usque
1917 1294 1995 1351 ad
2042 1293 2119 1349 le-

466 1380 554 1451 gis
582 1383 1191 1453 consummationem,
1218 1389 1274 1439 et
1300 1384 1512 1440 Christi
1557 1384 1911 1440 adventum.
1964 1386 2117 1439 Con-

466 1476 699 1527 servata
721 1477 923 1526 autem
957 1478 1097 1528 sunt
1128 1488 1163 1527 a
1195 1476 1313 1528 Deo
1341 1473 1762 1545 primogenita,
1789 1490 1862 1529 ne
1894 1489 1965 1528 ea
1993 1479 2118 1527 tan-

465 1564 630 1628 geret
648 1560 993 1629 exstinctor,
1018 1567 1080 1616 ut
1106 1561 1538 1630 ostenderetur,
1562 1577 1674 1616 nos
1698 1562 1826 1631 jam
1848 1575 1971 1614 non
1993 1573 2117 1613 am-

464 1645 620 1717 plius
652 1646 803 1703 mori
835 1648 895 1703 iu
927 1648 1144 1713 Adam,
1173 1648 1277 1721 qui
1322 1649 1384 1705 in
1416 1649 1646 1705 Christo
1689 1647 1969 1705 viviﬁcati
2022 1662 2118 1701 su-

463 1752 621 1793 mus.
646 1739 937 1792 Caeterum
959 1754 1125 1793 mare
1152 1744 1207 1793 et
1227 1738 1468 1804 nebula,
1497 1740 1555 1794 in
1582 1736 2117 1810 praesentiquidem
2149 1755 2188 1807 Β

462 1824 788 1881 inducebat
808 1826 882 1881 ad
901 1826 1082 1881 ﬁdem
1114 1843 1218 1898 per
1235 1827 1698 1883 admirationem
1725 1844 1737 1894 ;
1766 1827 1827 1881 in
1848 1826 2116 1881 futurum

464 1919 687 1979 autem,
711 1922 1005 1986 tanquam
1044 1920 1225 1987 typus
1270 1916 1525 1984 gratiam
1560 1921 1876 1971 venturam
1912 1913 2117 1986 praesi-

464 2002 711 2072 gnabat.
729 2003 1138 2073 Quassapiens,
1166 2012 1217 2060 et
1240 2006 1543 2075 intelliget
1565 2005 1689 2061 haec
1714 2006 1758 2038 ³³
1775 2002 2118 2075 ?quomodo

460 2108 651 2161 mare,
674 2108 780 2165 per
799 2094 1059 2163 ﬁguram
1083 2094 1406 2166 baptisma,
1437 2110 1726 2166 separans
1755 2109 1790 2149 a
1811 2093 2117 2149 Pharaone

461 2181 984 2253 quemadmodum
997 2190 1054 2238 et
1069 2183 1378 2239 lavacrum
1409 2184 1523 2240 hoc
1545 2200 1579 2238 a
1595 2183 1821 2259 diaboli
1848 2182 2118 2254 tyranni-

461 2268 555 2323 de.
582 2269 731 2325 lllud
761 2271 977 2327 occidit
995 2272 1232 2327 hostem
1264 2272 1324 2327 in
1344 2288 1495 2341 sese,
1522 2275 1774 2328 moritur
1798 2277 1853 2327 et
1880 2270 1975 2327 hic
2006 2270 2117 2325 ini-

404 2352 417 2366 ’
462 2357 859 2431 micitia,quaa
893 2360 1071 2416 nobis
1101 2360 1209 2416 fuit
1234 2378 1374 2415 cum
1414 2364 1555 2417 Deo.
1590 2360 1680 2417 Ab
1724 2361 1826 2417 illo
1853 2358 2117 2432 populus

463 2445 603 2501 exiit
622 2446 845 2502 illassus
873 2464 886 2514 ;
911 2449 1290 2505 ascendimus
1316 2454 1372 2505 et
1398 2466 1508 2505 nos
1530 2450 1607 2505 ab
1630 2450 1802 2522 aquis
1824 2454 2115 2520 tanquam

462 2550 534 2589 ex
563 2537 815 2591 mortuis
845 2538 984 2605 vivi,
1012 2538 1228 2594 servati
1274 2555 1379 2610 per
1411 2540 1665 2608 gratiam
1706 2542 1834 2610 ejus
1872 2538 1976 2610 qui
2019 2554 2115 2593 vo-

463 2623 620 2679 cavit
649 2641 786 2682 nos.
818 2627 1016 2682 Nubes
1047 2634 1254 2683 autem
1287 2628 1504 2684 umbra
1534 2628 1677 2685 doni
1700 2629 1972 2701 Spiritus,
2012 2627 2116 2699 qui

462 2711 781 2793 libidinum
813 2716 1129 2772 ﬂammam
1160 2717 1589 2774 mortiﬁcando
1638 2717 1916 2774 membra
1949 2716 2113 2773 refri-

461 2807 649 2870 gerat.

2229 492 2495 562 έξαγωγῆς
2562 490 2673 562 (70)
2727 509 2818 542 του
2852 487 3066 559 Ἰσραὴλ
3098 486 3169 547 εἰς
3218 482 3434 541 ἔνδειξιν
3473 494 3569 537 τῶν
3601 482 3691 539 διὰ
3728 497 3812 541 τοῦ

2232 579 2602 652 βαπτισματος
2681 579 2982 650 σωζομένων
3055 579 3349 647 ἱστόρηται.
3432 576 3655 632 Διεσώθη
3717 581 3810 651 γὰρ

2227 677 2326 720 τῶν
2377 668 2713 739 Ἰσραηλιτῶν
2768 670 2833 717 τὰ
2883 668 3206 739 πρωτότοκα,
3259 665 3329 723 ὡς
3386 668 3476 714 καὶ
3513 671 3610 713 τῶν
3640 661 3814 735 βαπτι·

2231 760 2453 828 ζομένων
2510 759 2573 807 τα
2630 764 2867 827 σώματα,
2944 749 3226 825 διδομένης
3275 752 3388 823 (⁸71)
3446 760 3534 811 τῆς
3605 754 3814 826 χάριτος

2226 853 2334 907 τοῖς
2412 846 2780 916 σημειωθεῐσιν
2864 844 2963 895 ύπὸ
3018 849 3109 894 τοῦ
3166 842 3403 913 αἵματος.
3457 843 3526 892 Τό
3583 844 3668 913 μὲν
3722 844 3812 915 γὰρ

2227 936 2359 1007 αἷμα
2386 942 2476 986 τοῦ
2516 933 2780 1006 προϐάτου
2810 934 2965 993 τύπος
3004 938 3095 984 τοῦ
3145 932 3364 1002 αἵματος
3426 936 3519 981 τοῦ
3569 937 3815 1004 Χριστοῦ.

2225 1027 2291 1076 τὰ
2366 1020 2425 1076 δὲ
2504 1028 2808 1097 πρωτότοκα
2882 1023 3044 1082 τύπος
3108 1028 3197 1071 τοῦ
3279 1017 3706 1091 πρωτοπλάστου·
3772 1018 3817 1079 ὃς

2227 1109 2409 1170 ἐπειδη
2465 1110 2760 1183 ἀναγκαιως
2809 1113 2934 1183 ημῖν
2988 1108 3277 1183 ἐνυπάρχει
3325 1116 3387 1180 τῇ
3420 1105 3702 1179 ἀκολουθίᾳ
3732 1116 3821 1170 τῆς

2232 1198 2503 1273 διαδοχῆς
2551 1205 2714 1272 μέχρι
2762 1199 2937 1260 τέλους
2987 1201 3483 1273 παραπεμπόμενος,
3545 1192 3637 1248 διὰ
3678 1197 3821 1249 τοῦτο

2233 1290 2281 1344 ἐν
2322 1298 2393 1360 τῷ
2452 1286 2624 1362 ’Δδὰμ
2677 1292 2858 1349 πάντες
2905 1287 3317 1358 ἀποθνήσκομεν,
3372 1291 3463 1338 καὶ
3506 1284 3824 1337 ἐϐασίλευσεν

2228 1380 2253 1430 ό
2304 1380 2517 1437 θάνατος
2566 1380 2680 1446 (72)
2733 1381 2897 1451 μέχρι
2948 1382 3157 1437 τῆςτοῦ
3184 1379 3341 1447 νόμου
3382 1373 3712 1446 πληρώσεως,
3741 1380 3825 1427 καί⁵

2227 1475 2317 1526 τῆς
2372 1474 2461 1518 τοῦ
2512 1462 2744 1541 Χριστοῦ
2800 1470 3114 1540 παρουσίας.
3173 1464 3461 1534 Διετηρήθη
3498 1459 3555 1514 δὲ
3593 1464 3823 1531 (“imiimi

2227 1563 2318 1606 τοῦ
2370 1560 2495 1607 Θεοῦ
2549 1557 2613 1605 τὰ
2684 1557 3007 1631 πρωτότοκα,
3067 1559 3157 1604 τοῦ
3206 1557 3276 1623 μὴ
3337 1553 3502 1622 θίγειν
3568 1553 3653 1601 τὸν
3713 1550 3822 1602 ὀλο-

2230 1645 2494 1715 θρεύοντα,
2550 1643 2621 1703 εἰς
2676 1640 2894 1705 ἔνδειξιν
2937 1649 3030 1694 τοῦ
3085 1646 3271 1713 μηκέτι
3315 1643 3455 1712 ἡμᾶς
3486 1639 3823 1696 ἀποθνήσκειν

2228 1730 2275 1782 ἐν
2350 1740 2421 1801 τῷ
2482 1728 2673 1802 ’Δδὰμ,
2736 1735 2857 1793 τούς
2916 1732 3331 1792 ζωοποιηθέντας
3384 1727 3433 1780 ἐν
3494 1725 3566 1801 τῷ
3592 1735 3820 1801 Χριστῷ.

2234 1827 2274 1872 ΙΙ
2330 1817 2389 1872 δὲ
2455 1819 2700 1872 θάλασσα
2755 1818 2844 1872 καὶ
2900 1822 2929 1877 η
2979 1819 3154 1891 νεφέλη
3214 1823 3346 1895 πρὸς
3398 1821 3491 1891 μὲν
3547 1821 3605 1869 τὸ
3663 1821 3821 1889 παρὸν

2230 1909 2296 1970 εἰς
2351 1914 2531 1962 πίστιν
2589 1908 2733 1981 ἐνῆγε
2789 1905 2881 1961 διὰ
2936 1917 3033 1971 τῆς
3083 1908 3476 1971 καταπλήξεως
3528 1912 3657 1981 πρὸς
3684 1904 3742 1959 δὲ
3770 1911 3823 1957 τό

2226 1997 2405 2069 μέλλον
2490 2000 2559 2060 ὡς
2626 2000 2782 2058 τύπος
2858 2003 2952 2055 τὴν
3020 1997 3266 2070 ἐσομένην
3318 2001 3484 2072 χάριν
3532 2001 3824 2070 προῦπεσή-

2225 2106 2395 2159 μαινε.
2466 2091 2557 2147 Τίς
2616 2091 2795 2158 σοφός,
2862 2092 2950 2139 καὶ
3032 2092 3244 2145 συνήσει
3318 2106 3487 2139 ταυτα
3546 2103 3559 2153 ;
3616 2094 3721 2145 πῶς
3795 2087 3823 2141 ἡ

2229 2175 2470 2228 θάλασσα
2511 2175 2794 2248 βάπτισμα
2838 2185 3092 2244 τυπικῶς,
3149 2180 3427 2249 χωρισμὸν
3476 2182 3706 2227 ποιοῦσα
3739 2182 3826 2224 τοῦ

2226 2271 2432 2337 Φαραὼ,
2488 2267 2557 2326 ὡς
2608 2270 2696 2317 καὶ
2754 2268 2811 2316 τό
2841 2263 3055 2339 λουτρόν
3094 2272 3244 2317 τοῦτο
3274 2273 3368 2327 τῆς
3396 2258 3709 2337 τυραννίδος
3739 2268 3828 2313 τοῦ

2227 2351 2498 2409 διαϐόλου.
2560 2354 2873 2407 ’Δπέκτεινεν
2933 2352 3095 2411 ἐκείνη
3153 2353 3202 2405 ἓν
3248 2354 3404 2427 ἑαυτῇ
3466 2357 3554 2405 τόν
3612 2352 3825 2425 ἐχθρόν’

2225 2442 2543 2501 ἀποθνήσκει
2614 2448 2704 2495 καὶ
2766 2439 2870 2495 ὧδε
2920 2444 2949 2500 ἡ
3022 2445 3188 2517 ἔχθρα
3239 2444 3383 2515 ἡμῶν
3451 2444 3480 2500 ἠ
3547 2441 3621 2501 εἰς
3675 2443 3826 2493 Θεὸν.

2228 2532 2462 2595 Ἐξῆλθεν
2511 2530 2598 2583 ἀπ’
2664 2529 2859 2593 ἐκείνης
2920 2533 3130 2594 ἀπαθὴς
3198 2532 3223 2583 ό
3285 2532 3423 2591 λαός·
3485 2528 3829 2600 ἀναϐαίνομεν

2224 2626 2313 2673 καὶ
2364 2623 2513 2692 ἡμεῖς
2563 2623 2632 2682 ὡς
2679 2620 2734 2673 ἐκ
2786 2629 2974 2693 νεκρῶν
3028 2625 3215 2684 ζῶντες
3275 2617 3375 2672 ἀπὸ
3454 2627 3547 2672 τοῦ
3607 2615 3827 2680 ὕδατος,

2223 2712 2412 2783 χάριτι
2497 2711 2741 2772 σωθέντες
2802 2716 2866 2782 τῇ
2926 2716 3020 2762 τοῦ
3075 2709 3388 2771 καλέσαντος
3435 2711 3597 2782 ἡμᾶς.
3657 2707 3717 2760 Ἠ
3773 2703 3831 2758 δὲ

2223 2799 2395 2871 νεφελη
2463 2801 2590 2851 σκιὰ
2636 2806 2726 2859 τῆς
2791 2796 2844 2850 ἐκ
2898 2805 2990 2851 τοῦ
3016 2801 3312 2873 Πνεύματος
3355 2795 3581 2875 δωρεᾶς,
3612 2804 3706 2849 τοῦ
3736 2799 3829 2853 τήν

2224 2890 2390 2959 φλόγα
2444 2896 2543 2939 τῶν
2586 2889 2767 2940 παθῶν
2820 2884 2915 2939 διὰ
2958 2896 3053 2951 τῆς
3093 2894 3389 2963 νεκρώσεως
3413 2896 3518 2952 τῷν
3548 2886 3715 2960 μελῶν
3743 2904 3831 2937 κα·

2221 2976 2572 3048 ταψύχοντος.

533 3069 619 3121 32.
651 3067 804 3158 Quid
831 3068 1009 3158 igitur
1028 3066 1055 3121 τ
1075 3085 1221 3125 num
1253 3071 1397 3142 quia
1429 3070 1624 3143 typice
1654 3070 1715 3127 in
1740 3073 1987 3144 Moysen
2008 3071 2112 3127 ba-

2292 3068 2382 3122 32.
2440 3071 2503 3120 Τί
2548 3063 2637 3119 οὖν
2672 3083 2685 3133 ;
2717 3062 2903 3125 ἐπειδὴ
2955 3076 3191 3130 τυπικῶς
3238 3068 3313 3131 εἰς
3349 3075 3589 3127 Morio“er
3620 3066 3831 3120 ἐϐαπτί-

459 3155 667 3226 ptizati
712 3162 872 3224 sunt,
906 3157 1042 3214 ideo
1074 3160 1292 3229 exigua
1317 3164 1405 3215 est
1435 3160 1625 3230 gratia
1654 3159 2038 3234 baptismatis
2085 3161 2113 3216 ?

462 3244 617 3299 Sane
645 3244 760 3299 hoc
789 3252 964 3316 pacto
991 3262 1102 3302 nec
1128 3247 1290 3303 aliud
1311 3248 1649 3321 quidquam
1661 3250 1723 3305 in
1739 3251 1959 3306 nostris
1985 3266 2115 3322 my-

459 3330 651 3386 steriis
677 3331 851 3388 fuerit
871 3350 1184 3403 magnum,
1220 3336 1268 3389 si
1314 3336 1482 3407 quod
1510 3337 1572 3392 in
1627 3338 1879 3409 singulis
1919 3353 2112 3408 augu-

457 3424 617 3475 stum
644 3424 753 3489 est,
772 3438 877 3492 per
906 3423 1311 3493 praecedentes
1328 3424 2113 3498 ﬁgurasdeprimamus.’Ac

458 3523 534 3563 ne
575 3508 673 3563 Dei
708 3509 954 3581 quidem
1006 3526 1149 3580 erga
1195 3512 1474 3567 homines
1519 3512 1779 3570 charitas
1817 3530 2111 3584 magnum

459 3596 751 3668 quiddam
781 3602 838 3654 et
867 3598 1172 3665 eximium,
1200 3600 1306 3672 qui
1330 3601 1703 3671 unigenitum
1719 3602 1927 3659 Filium
1948 3602 2114 3661 dedit

460 3700 570 3755 pro
600 3688 861 3759 peccatis
882 3689 1105 3744 nostris
1142 3706 1153 3743 :
1188 3689 1689 3762 quandoquidem
1720 3697 1774 3748 et
1804 3692 2112 3748 Abraham

458 3774 582 3830 ﬁlio
605 3792 715 3833 suo
735 3793 858 3832 non
890 3778 1243 3849 pepercit”.
1276 3779 1393 3834 Nec
1434 3778 1671 3834 Domini
1717 3780 1920 3852 passio
1978 3781 2109 3853 glo-

456 3864 620 3920 riosa
648 3882 661 3932 ;
687 3866 985 3938 siquidem
1019 3867 1173 3922 aries
1204 3867 1337 3923 loco
1368 3870 1538 3923 Isaac
1568 3867 1822 3924 victima:
1849 3868 2110 3940 ﬁguram

458 3952 804 4023 explevit“.
837 3957 1037 4026 Neque
1069 3955 1398 4011 descensus
1428 3956 1507 4011 ad
1527 3956 1751 4012 inferos
1772 3957 2107 4027 horribilis;

458 4040 707 4111 quando
747 4041 998 4113 quidem
1023 4044 1207 4099 Jonas
1248 4044 1440 4099 tribus
1473 4044 1714 4115 diebus,
1752 4062 1822 4101 ac
1862 4047 2109 4103 totidem

457 4128 755 4199 noctibus,
778 4130 988 4185 mortis
1038 4130 1297 4200 ﬁguram
1342 4133 1509 4204 prius
1548 4134 1891 4205 explevit”.
1942 4136 2110 4193 Idem

457 4232 600 4288 ergo
616 4217 759 4275 facit
778 4223 835 4274 et
850 4218 924 4275 de
944 4219 1332 4292 baptismate,
1360 4222 1464 4294 qui
1488 4224 1798 4280 veritatem
1820 4241 1957 4280 cum
1979 4242 2110 4282 um-

454 4306 567 4363 bra
586 4313 921 4380 comparat,
947 4314 1003 4365 et
1029 4325 1168 4364 cum
1198 4309 1407 4381 ﬁguris
1438 4311 1664 4368 confert
1686 4329 1758 4369 ea
1781 4329 1917 4385 quae
1961 4314 2110 4385 ﬁgu-

455 4396 536 4451 ris
568 4397 1009 4468 signiﬁcantur,
1038 4414 1109 4455 ac
1128 4414 1236 4471 per
1261 4403 1504 4472 Moysen
1526 4405 1583 4457 et
1601 4418 1770 4458 mare
1786 4404 1895 4473 27
1925 4408 2107 4460 totam

457 4484 637 4540 simul
664 4486 1077 4556 evangelicam
1101 4487 1617 4560 dispensationem
1644 4490 1877 4547 elevare
1900 4507 2108 4563 aggre-

456 4573 634 4630 ditur.
667 4577 817 4633 Nam
842 4592 978 4648 qure
1003 4582 1395 4650 peccatorum
1442 4580 1742 4648 remissio,
1791 4596 1929 4654 quae
1974 4581 2106 4639 vitae

525 4752 571 4788 εί
600 4755 777 4811 Num.
808 4771 922 4824 xxi,
946 4756 1002 4813 9.

1076 4758 1124 4793 ²²
1155 4756 1345 4815 Exod.
1376 4772 1476 4826 xu,
1516 4762 1598 4817 l3.

456 4823 501 4857 ³⁷
534 4824 669 4880 Jon.
692 4840 751 4895 ιι,
781 4830 829 4882 1.

523 5020 1698 5102 (10)’Esazcgﬁg.ﬁ9nsentiuntin“hac
1743 5040 1903 5102 voce
1956 5042 2103 5102 mss.

457 5089 749 5167 codices._
790 5089 939 5148 Editi
985 5089 1329 5167 citsgaywyﬁg.
1388 5094 1671 5167 Displicet
1718 5096 2104 5167 Combeﬁsio

458 5164 687 5238 Erasmi
735 5163 1168 5238 interpretatio,
1217 5163 1367 5238 quia
1419 5163 1542 5223 non
1586 5166 1794 5238 statim
1824 5168 1899 5225 de
1947 5169 2108 5225 exitu

456 5234 862 5311 Israelitarum
890 5234 1161 5311 loquitur
1178 5234 1427 5311 Basilius
1453 5254 1466 5293 :
1495 5237 1605 5294 sed
1623 5237 1723 5311 illa
1741 5239 2108 5311 primogeni-

454 5312 656 5364 torum
712 5307 874 5366 salus
921 5307 1010 5363 est
1056 5308 1213 5365 velut
1264 5308 1503 5365 initium
1564 5307 1760 5366 exitus
1812 5307 2105 5369 Israelita-

454 5394 612 5435 rum.

540 5447 978 5532 (3.1.)A‘3PHW-
1026 5447 1858 5532 ἔδειΡνέιξιιιερῖιασῖιὲοειένης.

528 5521 640 5590 (72)
659 5520 725 5600 ξς)
766 5520 998 5583 θάνατος.
1030 5520 1453 5581 Εόῖιὶἐάᾶιωι
1480 5522 1582 5578 ἀπό
1613 5520 1808 5599 ’Δδάμ,
1840 5525 1949 5583 sed
1975 5525 2107 5586 hac

454 5589 674 5648 desunt
694 5590 757 5648 in
775 5607 920 5649 mss.

1673 4759 1722 4796 ³³
1752 4761 1774 4815 I
1804 4761 1937 4817 Cor.
1965 4775 2068 4833 xv,
2092 4764 2182 4819 22.

2228 3156 2453 3221 σθησαν,
2508 3151 2601 3207 διὰ
2642 3174 2801 3207 τουτο
2849 3157 3015 3228 μικρὰ
3058 3156 3173 3226 (74)
3224 3159 3253 3215 ἠ
3324 3164 3416 3209 τοῦ
3454 3155 3833 3230 βαπτίσματος

2223 3232 2383 3319 χάρις
2438 3262 2450 3313 ;
2512 3244 2663 3296 Ούτω
2720 3247 2810 3318 μεν
2867 3241 2954 3296 οὖν
2984 3242 3102 3298 οὐδ’
3132 3244 3192 3297 ἃν
3216 3245 3338 3299 ἄλλο
3369 3266 3422 3298 τι
3457 3251 3602 3319 μέγα
3631 3250 3711 3305 εἴη
3736 3253 3833 3297 τῶν

2223 3336 2505 3407 ἡμετέρων,
2560 3337 2699 3409 εἰπερ
2752 3336 2810 3385 τό
2869 3332 2919 3386 ἐν
2976 3333 3176 3407 ἑκάστῳ
3222 3338 3405 3408 σεμνὸν
3453 3344 3569 3397 τοῖς
3648 3338 3833 3394 τύποις

2222 3418 2713 3497 προδιαϐάλλοιμεν.
2769 3426 2905 3477 Οῦτε
2954 3432 3057 3498 γὰρ
3119 3426 3149 3481 ἡ
3217 3424 3284 3485 εἰς
3348 3422 3660 3497 ἀνθρώπους
3740 3429 3833 3476 τοῦ

2224 3518 2356 3562 Θεοῦ
2414 3510 2593 3581 ἀγάπη
2655 3515 2790 3583 μέγα
2826 3531 2875 3565 τι
2919 3517 3009 3564 καὶ
3063 3514 3336 3585 ὑπερφυὲς,
3371 3513 3425 3574 ὃς
3454 3517 3547 3565 τὸν
3580 3519 3830 3586 μονογενῆ

2222 3596 2338 3650 Υιόν
2379 3595 2567 3650 ἔδωκεν
2612 3601 2738 3674 ύπὶρ
2794 3609 2894 3652 τῶν
2947 3600 3213 3675 ἁμαρτιῶν
3267 3603 3433 3673 ἡμῶν·
3487 3599 3680 3660 ἐπειδὴ
3746 3593 3834 3653 καἱ

2222 3684 2459 3760 Ἀϐραὰμ
2512 3694 2602 3738 τοῦ
2658 3683 2798 3739 ἰδίου
2856 3690 2971 3739 υἱοῦ
3028 3689 3120 3740 ούκ
3164 3688 3418 3760 ἐφείσατο·
3455 3686 3588 3742 οὐδὲ
3639 3694 3700 3742 τό
3742 3696 3834 3742 πᾶ·

2222 3776 2305 3835 θος
2333 3783 2426 3827 τοῦ
2459 3780 2653 3849 Κυρίου
2692 3771 2919 3838 ἔνδοξονο
2960 3772 3140 3835 ἐπειδὴ
3186 3776 3444 3851 πρόϐατον
3495 3776 3619 3831 ἀντὶ
3651 3779 3835 3833 Ἰσαὰκ

2220 3867 2305 3915 τὸν
2358 3867 2519 3916 τύπον
2564 3863 2788 3936 ἐπλήρου
2850 3873 2947 3926 τῆς
2995 3872 3317 3939 προσφορᾶς·
3373 3870 3493 3919 οὔτε
3524 3870 3557 3926 ἡ
3595 3868 3671 3929 εἰς
3700 3864 3835 3939 ᾅδου

2220 3950 2447 4016 κάθοδος
2526 3952 2735 4030 φοϐερὼ
2814 3950 2992 4013 ἐπειδὴ
3047 3954 3223 4018 Ἰωνᾶς
3273 3954 3325 4008 ἐν
3377 3960 3555 4031 τρισὶν
3617 3960 3838 4031 ἡμέραις

2219 4048 2309 4095 καὶ
2366 4046 2651 4105 τοσαύταις
2701 4042 2815 4106 νυξὶ
2867 4052 2957 4097 τοῦ
3003 4046 3225 4098 Θανάτου
3274 4049 3362 4097 τὸν
3400 4040 3583 4099 ’τύπον
3629 4045 3836 4121 προεξε-

2218 4131 2446 4206 πλήρου.
2524 4130 2723 4185 Ταύτόν
2771 4136 2941 4185 τοίνυν
2998 4141 3142 4186 ποιεῖ
3193 4138 3283 4186 καὶ
3333 4132 3417 4186 ἐπὶ
3474 4142 3572 4186 τοῦ
3634 4133 3835 4208 βαπτί-

2222 4241 2423 4295 σματος
2474 4224 2498 4274 ό
2539 4229 2600 4294 τῇ
2655 4227 2811 4292 σκιᾷ’
2840 4226 3128 4293 συγκρίνων
3180 4227 3272 4281 τὴν
3305 4221 3579 4292 ἀληθειαν,
3612 4229 3704 4277 καὶ
3727 4230 3836 4283 τοῖς

2219 4315 2402 4375 τύποις
2475 4310 2817 4388 παραϐάλλων
2882 4312 2951 4364 τὰ
3012 4311 3135 4386 παρ’
3188 4311 3356 4364 αὐτων
3438 4318 3830 4386 σημαινόμενα,

2217 4407 2307 4453 καὶ
2366 4398 2459 4454 διὰ
2506 4404 2770 4463 Μωύσέως
2824 4406 3048 4461 καὶτῆς
3116 4399 3386 4461 θαλάσσης
3441 4409 3628 4456 πᾶσαν
3699 4404 3830 4475 ὁμοῦ

2218 4488 2493 4566 διασύρειν
2562 4495 2657 4548 τὴν
2731 4489 3073 4561 εύαγγελικὴν
3143 4491 3441 4563 οἰκονομίαν
3502 4492 3818 4566 ἐπιχειρῶν,

2216 4585 2351 4635 Ποία
2388 4583 2493 4656 γὰρ
2540 4581 2723 4653 ἄφεσις
2763 4580 3199 4655 παραπτωμάτων
3240 4580 3355 4652 (72)
3410 4598 3424 4645 ;
3485 4587 3621 4637 ποία
3686 4587 3825 4647 ζωῆς

3432 4762 3484 4798 ²⁶
3509 4760 3668 4821 ibid.
3733 4764 3826 4822 13s

2260 4760 2309 4796 ²⁴
2335 4761 2467 4817 Ose.
2489 4772 2608 4825 xiv,
2644 4761 2731 4815 10.
2807 4758 2855 4795 ³⁵
2886 4759 3029 4816 Gen.
3069 4774 3220 4829 xxm,
3271 4760 3355 4816 16.

2286 5028 2398 5101 (73)
2427 5031 2741 5101 Διετηρήθη-
2768 5024 2847 5085 δέ.
2879 5029 2989 5085 Pro
3016 5026 3390 5101 hisivocibus
3420 5032 3547 5087 tres
3581 5030 3830 5089 codices

2213 5098 2299 5222 ἓαὶ
2336 5098 2559 5162 ἐσώζετο
2582 5098 2785 5159 Ῥαιιιο
2827 5104 2965 5173 post
2992 5099 3231 5157 codices
3280 5116 3425 5157 mss.
3464 5104 3660 5175 θίγειν,
3685 5102 3832 5161 editi

2249 5190 2417 5222 ησνειν.

2249 5190 2417 5230 η’γειν.

2444 5246 2643 5319 Μικρή.
2690 5244 2829 5319 Tres
2876 5241 3116 5319 codices
3168 5247 3386 5319 μικρόνέ
3415 5245 3632 5319 _Paulo
3692 5250 3834 5319 post

2213 5312 2355 5393 editi
2376 5312 2588 5393 contra
2603 5314 2879 5393 omnium
2894 5312 3340 5393 cod_icum_mss.
3354 5314 3543 5376 ﬁdem
3555 5312 3833 5393 παραϐάλ-

2212 5384 2407 5457 λοιμεν,
2432 5385 2591 5442 unde
2617 5388 2929 5455 Erasmus,
2960 5387 3012 5458 si
3036 5388 3443 5458 conferamus.

2275 5458 2397 5540 ,(7⁵)
2458 5460 2921 5534 Παραπτωμάτων.
2981 5457 3237 5519 Quidam
3290 5459 3535 5518 codices
3587 5462 3831 5536 ἁμαρτη-

2211 5547 2411 5601 ματων.
