4062 6208
383 358 478 411 127
1781 355 1837 409 S.
1880 350 2136 409 BASILII
2173 348 2389 409 HAGNI
3645 337 3741 389 t28

379 477 472 534 bis
523 476 821 546 congruit,
871 492 981 532 ceu
1039 473 1247 549 primis
1289 473 1656 548 quibusdam
1722 474 2032 532 elementis

2159 483 2210 545 ’ῷ
2243 472 2357 526 κατ’
2394 471 2565 542 ὀλίγον
2624 468 2822 541 ἐΟισμῶ
2866 468 2994 540 πρὸς
3051 461 3110 516 τό
3156 465 3291 535 μέγα
3343 467 3449 532 φῶς
3494 466 3581 518 τῆς
3622 456 3751 513 αλκ.

383 567 640 623 instituti
673 582 918 631 sumus;
953 569 1070 621 Deo
1123 565 1228 636 qui
1279 570 1486 620 nostra
1511 564 1830 635 gubernat,
1857 563 2033 637 quasi

384 655 595 711 oculos
619 655 676 710 in
709 654 966 709 tenebris
993 656 1299 725 enutritos,
1325 654 1403 710 ad
1434 669 1729 724 magnum
1768 653 2032 709 veritatis

381 744 610 810 lumen,
643 741 934 815 paulatim
965 742 1442 811 assuefaciendo,
1467 743 1857 800 subvehente.
1880 744 2033 797 Dum

386 832 545 888 enim
597 831 924 886 infirmitati
972 836 1194 887 nostrae.
1241 832 1448 903 parcit,
1492 832 1553 888 in
1601 831 1905 904 profunda
1944 846 2036 887 sa-

385 919 622 991 pientia
655 935 778 973 suae
810 917 1140 990 opulentia,
1179 919 1363 991 inque
1411 917 2035 992 imperscrutabilibus

384 1007 787 1076 intelligentiae
829 1023 952 1062 suae
985 1008 1228 1078 judiciis
1253 1008 1559 1080 placidam
1593 1009 1710 1079 28
1736 1009 1895 1064 hanc
1919 1023 2034 1063 no-

386 1097 599 1168 bisque
620 1096 1087 1152 accommodam
1106 1097 1383 1152 adhibuit
1397 1095 2036 1169 institutionem,prius

385 1201 708 1257 corporum
741 1185 990 1240 umbras
1015 1186 1252 1253 intueri,
1284 1190 1340 1242 et
1377 1186 1438 1242 in
1488 1188 1662 1259 aquis
1690 1185 1880 1242 solem
1911 1200 2033 1240 eer-

384 1291 524 1330 nere
552 1274 1028 1340 consuefaciens,
1058 1290 1133 1330 ne
1176 1275 1450 1346 protinus
1492 1274 1836 1347 spectaculo
1866 1289 2036 1347 purae

385 1363 538 1419 lucis
570 1363 782 1418 otfensi
837 1363 1258 1433 caligaremus.
1309 1363 1400 1419 Ad
1447 1363 1828 1420 consimilem
1874 1361 2037 1418 enim

384 1453 678 1508 rationem
710 1456 835 1507 tum
876 1453 970 1508 lex
998 1452 1280 1509 umbram
1329 1453 1565 1509 habens
1614 1453 2035 1522 futurorum”,

385 1545 514 1598 tum
544 1557 651 1614 per
671 1541 1002 1614 prophetas
1035 1542 1193 1599 facta
1226 1542 1371 1598 olim
1415 1543 1756 1608 delineatio,
1785 1557 1921 1615 quae
1952 1544 2040 1596 est

2144 567 2279 623 θείας
2323 561 2620 632 ἀνάγοντος.
2674 553 2852 611 ψειὸοῖ
2893 558 2992 628 γὰρ
3042 561 3135 614 τῆς
3184 550 3451 609 ἀσθενείας
3495 550 3658 619 ἡμῶν,
3693 545 3741 597 ἐν

2142 661 2211 704 τῶ
2269 650 2422 724 βάθει
2470 657 2561 701 τοῦ
2619 647 2838 699 πλουτου
2893 652 2982 703 τῆς
3035 646 3215 713 σοφίας
3268 642 3450 705 αὐτοῦ,
3496 641 3584 688 καὶ
3633 643 3744 696 τοῖς

2145 740 2558 812 ἀνεξιχνιάστοις
2612 741 2836 809 κρίμασι
2883 742 2977 794 τῆς
3036 734 3286 790 συνέσεως
3318 728 3428 799 (81)
3470 731 3563 784 τὴν
3608 745 3742 800 προ-

2147 840 2275 889 σηνῆ
2309 833 2501 885 ταὲτην
2532 831 2622 878 καὶ
2667 823 2985 898 εὐάρμοστον
3035 823 3159 892 ημῖν
3203 814 3465 879 ὑπέδειξεν
3507 815 3738 887 ἀγωγὴν,

2142 923 2234 980 τὰς
2264 920 2411 978 σκιάς
2443 920 2686 991 πρότερον
2734 915 2856 986 όρᾲν
2901 919 2999 963 τῶν
3042 910 3317 981 σωμάτων,
3365 909 3455 957 καὶ
3503 903 3550 956 ἐν
3583 901 3744 956 ὕδατι

2147 1009 2350 1083 βλέπειν
2380 1007 2464 1060 τόν
2504 1005 2645 1064 ἣλιον
2698 1003 3005 1076 προεθίζων,
3036 1002 3099 1059 ὡς
3144 1003 3213 1069 μὴ
3259 996 3409 1056 εὐθὺς
3438 1003 3498 1066 τῇ
3533 996 3623 1066 θέα
3650 1000 3743 1045 τοῦ

2145 1098 2372 1173 ἀκράτου
2404 1099 2567 1168 φωτός
2614 1090 3002 1165 προσϐαλόντας
3035 1087 3428 1161 ἀμαυρωοῆναι.
3468 1085 3614 1136 Κατὰ
3641 1084 3743 1156 γὰρ

2142 1188 2228 1240 τόν
2259 1191 2374 1238 ἴσον
2414 1185 2564 1256 λόγον
2598 1185 2623 1235 ὃ
2654 1201 2706 1234 τε
2743 1184 2917 1253 νόμος,
2953 1180 3105 1231 σκιὰν
3137 1180 3271 1248 ἔχων
3303 1183 3401 1226 τῶν
3432 1172 3742 1246 μελλόντων,

2143 1283 2254 1347 καὶ,
2291 1279 2319 1334 ἡ
2377 1272 2468 1327 διὰ
2505 1281 2605 1325 τῶν
2653 1277 2931 1344 προφητῶν
2975 1269 3311 1342 προτῦπωσις
3341 1265 3474 1334 (82),
3525 1266 3748 1334 αἴνιγμα

2145 1363 2279 1419 οὖσα
2327 1373 2422 1424 τῆς
2476 1362 2742 1427 αληοείας,
2773 1362 3146 1431 γυμναστηρια
3197 1363 3295 1406 τῶν
3345 1351 3617 1425 ὀφθαλμῶν
3650 1360 3745 1413 τῆς

2144 1451 2370 1530 καρδίας
2396 1452 2732 1507 ἐπινενόηταιο
2760 1451 2823 1508 ὡς
2875 1445 2973 1498 ἀπό
3014 1448 3207 1497 τούτων
3237 1439 3425 1517 ῥᾳδίας
3459 1449 3555 1502 τῆς
3583 1459 3744 1512 μετα-

2147 1545 2344 1606 ϐάσεως
2393 1545 2517 1614 ημῖν
2567 1539 2689 1611 πρός
2738 1542 2832 1595 την
2890 1535 3347 1609 ἀποκεκρυμμένην
3379 1531 3426 1584 ἐν
3466 1535 3746 1604 μυστηρίῳ

385 1613 650 1686 veritatis
679 1613 963 1700 aenigma,
997 1632 1464 1688 exercitamenta
1494 1613 2038 1688 oculorum'cordis

2159 1640 2333 1707 εοφίαν
2363 1651 2481 1704 γενη
2495 1634 2735 1702 σομένης,
2756 1625 2834 1679 Τὰ
2862 1629 2951 1698 μὲν
2976 1625 3063 1677 οὖν
3103 1629 3220 1698 περὶ
3251 1625 3424 1673 τύπων
3457 1621 3538 1673 ἐπὶ
3560 1639 3746 1672 τοσουο

387 1720 724 1790 excogitata
770 1725 910 1776 sunt
955 1738 967 1776 :
1006 1722 1172 1793 quod
1224 1721 1504 1778 videlicet
1555 1721 1633 1778 ab
1681 1722 1774 1778 his
1803 1721 2039 1777 futurus

387 1813 516 1865 erat
543 1809 718 1865 nobis
749 1810 1034 1866 transitus
1075 1810 1264 1866 facilis
1297 1811 1376 1867 ad
1411 1810 1788 1867 reconditam
1817 1811 1878 1865 in
1909 1825 2041 1881 my-

389 1898 566 1953 sterio
617 1899 997 1970 sapientiam.
1042 1904 1248 1972 itaque
1279 1899 1354 1975 de
1396 1900 1606 1971 ﬁguris
1658 1899 1908 1973 quidem
1936 1898 2040 1955 ha-

389 1992 622 2045 ctenus.
651 1991 852 2060 Neque
879 1989 1038 2045 enim
1078 1989 1214 2045 licet
1240 1989 1381 2045 huic
1410 1989 1543 2046 loco
1565 1988 1790 2044 diutius
1814 1988 2038 2045 immo-

2147 1746 2253 1778 τον.
2275 1728 2376 1777 Καὶ
2399 1725 2498 1796 γὰρ
2522 1717 2644 1772 οὐδὲ
2667 1715 2909 1784 δυνατὸν,
2926 1716 3008 1768 ἐπὶ
3029 1714 3174 1767 πλέον
3188 1707 3611 1786 προσδιατρίψαι
3629 1713 3746 1778 (83)

2147 1823 2218 1867 τῶ
2242 1817 2402 1884 τόπῳ.
2429 1813 2458 1870 ᾖ
2494 1811 2628 1862 οὕτω
2658 1807 2705 1880 γ’
2739 1806 2797 1858 ἂν
2828 1805 2884 1857 τό
2914 1799 3206 1857 ἐπεισόδιον
3247 1799 3632 1852 πολλαπλάσιον
3665 1801 3741 1856 εἰη

2147 1913 2240 1957 τοῦ
2271 1901 2572 1975 κεφαλαίου.

389 2076 527 2131 rari.
581 2055 815 2149 Alioqui
866 2077 1033 2150 quod
1077 2079 1269 2135 obiter
1323 2079 1551 2146 incidit,
1601 2078 1779 2150 longe
1835 2078 2034 2149 majus
2073 2073 2242 2129 ﬁeret
2268 2064 2626 2136 argumento
2657 2055 2996 2131 principali.

1026 2241 1252 2295 CAPUT
1290 2241 1394 2295 XV.

391 2344 714 2419 Responsiq
730 2344 896 2419 adid
919 2346 1080 2415 quod
1109 2345 1516 2419 subinferunt,
1537 2362 1641 2403 nos
1663 2353 1716 2403 et
1739 2347 1799 2402 in
1823 2359 2039 2419 aquam

694 2416 992 2485 baptizari
1015 2434 1031 2469 :
1058 2417 1160 2472 ubi
1188 2424 1240 2473 et
1269 2419 1340 2474 de
1362 2416 1735 2488 baptismate.

465 2525 552 2578 34.
585 2523 738 2589 Quid
778 2523 958 2595 igitur
1011 2525 1089 2581 ad
1118 2525 1246 2581 haec
1267 2527 1294 2582 ?
1324 2526 1513 2583 Multis
1540 2526 1766 2599 quippe
1797 2525 2043 2582 solutio-

389 2611 570 2668 nibus
593 2611 932 2671 abundant.
965 2614 1153 2669 Etiam
1184 2614 1244 2670 in
1265 2631 1490 2688 aquam
1516 2616 1913 2688 baptizamur,
1931 2629 2042 2670 nec

392 2706 595 2757 tamen
627 2717 852 2773 aquam
875 2702 1167 2759 universa:
1190 2709 1477 2762 creaturae
1499 2705 1908 2778 praeferemus,
1936 2720 2040 2759 ne-

392 2806 509 2862 que
533 2790 586 2845 ei
616 2791 801 2846 Patris
831 2807 901 2847 ac
923 2791 1046 2847 Filii
1070 2793 1365 2848 honorem
1392 2793 1831 2866 impertiemus.
1850 2795 2042 2865 Atque

391 2877 632 2935 illorum
649 2879 898 2951 quidem
921 2881 1106 2938 verba
1135 2881 1280 2938 talia
1303 2887 1459 2953 sunt,
1491 2882 1694 2955 qualia
1721 2882 2040 2939 hominum

390 2966 480 3023 ira
505 2973 975 3041 commotorum,
1008 2969 1112 3043 qui
1162 2970 1240 3026 ob
1283 2971 1511 3028 atfusas
1552 2971 1769 3028 rationi
1807 2987 1877 3026 ex
1903 2970 2042 3026 affe-

393 3060 493 3113 ctu
523 3057 825 3125 tenebras,
857 3074 893 3114 a
945 3059 1111 3115 nullo
1157 3063 1514 3133 temperant,
1569 3061 1738 3134 quod
1784 3060 1864 3117 ad
1892 3060 2042 3115 ulci-

393 3146 685 3202 scendum
709 3163 847 3203 eum
871 3165 906 3203 a
925 3164 1049 3220 quo
1070 3149 1289 3205 offensi
1311 3155 1452 3205 sunt
1472 3149 1670 3206 faciat.
1697 3153 1814 3206 Nos
1842 3154 2042 3206 autem

393 3249 468 3290 ne
493 3234 568 3290 de
597 3235 691 3290 his
724 3237 970 3308 quidem
1003 3239 1398 3308 gravabimur
1423 3238 2045 3296 disserere.Auteuim

394 3323 742 3392 ignorantes
775 3325 1156 3392 docebimus,
1192 3333 1295 3384 aut
1320 3328 1584 3399 maligne
1611 3329 2043 3385 obsistentibus

393 3427 518 3467 non
549 3413 975 3469 concedemus.
1007 3415 1121 3471 Sed
1151 3417 1334 3488 paulo
1363 3417 1562 3474 altius.

465 3523 552 3574 35.
579 3519 679 3575 Dei
707 3535 776 3575 ac
815 3522 1143 3578 Servatoris
1172 3524 1361 3579 nostri
1385 3524 1543 3580 circa
1572 3524 1881 3581 hominem
1919 3525 2040 3581 dis~

394 3609 669 3680 pensatio
698 3612 1001 3667 revocatio
1028 3616 1116 3668 est
1153 3629 1189 3669 a
1235 3612 1432 3686 lapsu,
1455 3614 1800 3688 reditusque
1833 3615 1912 3671 ad
1942 3615 2041 3671 Dei

394 3697 857 3755 familiaritatem
880 3700 956 3757 ab
977 3701 1334 3759 alienatione
1365 3719 1550 3775 quam
1587 3703 2042 3760 induxitinobe-

395 3787 639 3845 dientia.
668 3791 830 3845 Hanc
861 3789 940 3846 ob
962 3806 1228 3864 causam,
1263 3792 1555 3849 adventus
1587 3792 1799 3849 Christi
1825 3792 1888 3848 in
1914 3808 2043 3850 car-

2687 2221 3078 2272 ΚΕΦΑΛΑΙΟΝ
3110 2213 3204 2270 ΙΕ’.

2151 2338 2472 2396 Ἀπάντησις
2530 2333 2659 2403 πρὸς
2717 2326 3120 2399 ἀνθυποφοράν,
3189 2324 3268 2375 ὃτι
3327 2326 3417 2374 καὶ
3473 2321 3544 2384 εἰς
3600 2317 3746 2396 ὕδωρ

2298 2421 2685 2498 βαπτιζόμεθα·
2723 2418 2768 2468 ἐν
2796 2416 2834 2486 ᾧ
2860 2418 2949 2466 καὶ
2973 2416 3039 2464 τὰ
3067 2416 3182 2487 περὶ
3214 2410 3598 2484 βαπτίσματος.

2221 2535 2308 2589 34.
2342 2535 2405 2584 Τί
2445 2525 2530 2581 οὖν
2569 2525 2699 2601 πρὸς
2724 2526 2924 2582 τούτοις
2952 2523 3064 2594 (84)
3088 2522 3198 2587 ἔτι;
3239 2517 3440 2571 Πολλῶν
3485 2520 3586 2591 γὰρ
3620 2514 3748 2570 δια-

2149 2622 2344 2674 λύσεων
2401 2619 2728 2689 εὐποροῦσιν.
2766 2617 2866 2665 Καὶ
2915 2611 2984 2672 εἰς
3034 2606 3178 2682 ὕδωρ
3232 2607 3614 2680 βαπτιζόμεθα,
3657 2609 3750 2658 καὶ

2150 2712 2207 2764 οὐ
2251 2709 2424 2769 δήπου
2465 2726 2521 2759 το
2576 2701 2720 2778 ὕδωρ
2776 2705 2954 2762 πάσης
2999 2702 3127 2772 ὁμοῦ
3174 2705 3264 2758 τῆς
3311 2701 3526 2757 κτίσεως
3571 2714 3752 2769 προτιο

2149 2805 2406 2872 μησομεν,
2439 2797 2467 2855 ἡ
2498 2800 2588 2846 καὶ
2619 2793 2760 2862 αὐτῷ
2791 2800 2884 2851 τῆς
2917 2787 3116 2862 Πατρός
3147 2790 3237 2838 καὶ
3263 2787 3385 2838 Υἰοῦ
3412 2803 3565 2858 τιμης
3594 2803 3751 2856 μετα-

2151 2871 2410 2958 δώσομεν.
2443 2887 2508 2936 Oi
2537 2885 2627 2955 μὲν
2659 2877 2746 2932 οὖν
2779 2879 2974 2932 ἐκείνων
3017 2875 3164 2947 λόγοι
3206 2881 3452 2937 τοιοῦτοι,
3486 2875 3656 2925 όποίοι
3686 2871 3748 2924 ἂν

2147 2981 2374 3048 γένοιντο
2428 2971 2706 3046 ἀνθρώπων
2762 2969 3116 3040 ὠργισμένων,
3168 2968 3257 3016 καὶ
3296 2959 3392 3015 διὰ
3428 2965 3523 3021 τὴν
3573 2962 3627 3014 ἐκ
3656 2969 3750 3013 τοῦ

2149 3067 2352 3124 πάθους
2377 3071 2475 3115 τῶν
2506 3060 2767 3131 λογισμῶν
2799 3055 3162 3119 ἐπισκότησιν,
3185 3048 3410 3126 μηδενὸς
3437 3047 3750 3124 φειδομένων

2149 3157 2274 3228 πρὸς
2302 3157 2394 3212 τὴν
2425 3158 2516 3202 τοῦ
2546 3148 2894 3206 λελυπηκότος
2917 3145 3136 3217 ἄμυναν.
3185 3142 3355 3214 Ἠμεῖς
3411 3137 3469 3192 δε
3511 3136 3633 3192 οὐδὲ
3662 3139 3750 3190 τόν

2151 3247 2269 3316 περὶ
2299 3245 2490 3294 τούτων
2539 3241 2926 3308 κατοκνήσομεν
2973 3233 3146 3304 λόγον.
3184 3230 3250 3283 Ἦ
3293 3231 3392 3304 γὰρ
3445 3227 3752 3300 ἀγνοοῦντας

2153 3329 2459 3405 διδάξομεν,
2494 3331 2522 3389 ἣ
2553 3334 2934 3402 κακουργοῦσιν
2957 3323 3050 3377 οὐκ
3081 3320 3437 3396 ἐπιτρέψομεν.
3463 3323 3660 3393 Μικρὸν
3689 3315 3750 3371 δὲ

2145 3424 2344 3498 ἀνωθεν
2371 3423 2502 3493 (85).

2224 3534 2314 3585 35.
2353 3527 2411 3580 Ἠ
2445 3535 2534 3579 τοῦ
2567 3532 2701 3579 Θεοῦ
2731 3528 2821 3576 καὶ
2848 3530 3080 3597 Σωτῆρος
3113 3522 3255 3592 ὴμῶν
3285 3522 3399 3592 περὶ
3428 3520 3515 3571 τόν
3545 3517 3753 3590 ἄνθρω-

2151 3637 2244 3669 πον
2293 3616 2563 3687 οἰκονομία
2613 3612 2897 3672 ἀνάκλησίς
2953 3610 3090 3662 ἐστιν
3137 3607 3237 3660 ἀπό
3293 3615 3387 3667 τῆς
3426 3605 3749 3677 ἐκπτώσεως,

2151 3710 2238 3757 καὶ
2293 3699 2541 3763 ἐπάνοδος
2599 3702 2670 3762 εἰς
2720 3700 2982 3752 οἰκείωσιν
3038 3705 3170 3750 Θεοῦ
3231 3695 3331 3748 ἀπό
3361 3703 3450 3755 τῆς
3505 3691 3600 3746 διὰ
3656 3699 3752 3753 τὴν

2151 3798 2425 3870 παρακοήν
2507 3794 2782 3864 γενομένης
2866 3787 3266 3862 ἀλλοτριώσεως.
3347 3785 3442 3836 Διὰ
3505 3801 3660 3836 τουτο
3719 3784 3750 3841 ἠ

395 3892 491 3945 ne,
525 3878 887 3949 evangelicae
917 3881 1392 3938 conversationis
1413 3882 1642 3949 formae,
1666 3881 2040 3949 afﬂictiones,

2159 3886 2283 3957 μετὰ
2308 3901 2500 3958 σαρκος
2553 3876 2812 3951 ἐπιδημία
2853 3884 3109 3952 Χριστοῦ,
3155 3878 3210 3928 αἱ
3258 3883 3357 3927 τῶν
3407 3873 3753 3945 εὐαγγελικῶν

397 3981 563 4035 crux,
596 3967 920 4038 sepultura,
954 3971 1333 4037 resurrectio,
1365 3974 1428 4027 ut
1473 3971 1656 4027 homo
1702 3970 1810 4043 qui
1840 3971 2043 4028 salvus

395 4054 462 4110 ﬁt
497 4070 605 4127 per
629 4055 1024 4114 imitationem
1057 4059 1569 4125 Christi,veterem
1587 4060 1751 4116 illam
1778 4059 2044 4118 ﬁliorum

365 4210 369 4213 _
399 4143 789 4216 adoptionem
835 4146 1102 4219 recipiat.
1159 4148 1364 4221 Itaque
1412 4149 1824 4206 necessarium
1850 4153 1938 4206 est
1967 4150 2046 4206 ad

394 4230 979 4312 vitaeperfectionem
1012 4235 1310 4292 Christum
1339 4236 1580 4302 imitari,
1612 4253 1737 4294 non
1759 4238 1953 4294 solum
1983 4237 2045 4294 in

396 4321 851 4396 exemplisque:
871 4323 933 4380 in
959 4324 1080 4382 vita
1097 4325 1547 4399 demonstravit,
1563 4327 1839 4392 lenitatis,
1854 4327 2048 4384 humi-

396 4408 577 4467 litatis
596 4427 665 4467 ac
678 4413 1226 4484 sapientia,verum
1249 4415 1428 4472 etiam
1451 4416 1640 4489 ipsius
1661 4417 1873 4474 mortis
1891 4417 2047 4473 sicut

397 4499 616 4555 Paulus
670 4501 752 4558 ait
807 4502 1021 4560 Christi
1063 4503 1371 4562 imitator:
1409 4506 1838 4576 Conformalus
1866 4507 2049 4564 morti

471 4644 518 4678 ³³
550 4643 730 4701 Hebr.
759 4662 818 4716 x,
855 4651 903 4702 1.

373 4793 378 4808 '
469 4789 577 4872 (8_0)
605 4795 759 4872 suae
787 4797 880 4872 τὴν
909 4801 1123 4866 γνῶσιν.
1157 4795 1364 4852 Nescio
1408 4794 1567 4872 unde
1607 4795 1748 4872 editi
1782 4794 2051 4854 habeant

398 4864 534 4944 κατα
561 4867 652 4921 τὴν
685 4864 1048 4944 ἀκατάληπτον
1078 4875 1290 4938 γνῶσιν,
1326 4867 1492 4940 quod
1521 4867 1580 4922 in
1610 4867 1777 4924 nullo
1802 4883 2050 4940 prorsus

398 4932 606 5009 codice
627 4938 985 5009 reperimus.

472 5007 594 5084 (8i)
622 5007 730 5070 Τῆς
761 5009 1254 5084 συνέσεως.-Εᾴἰιὶο
1285 5009 1448 5084 Paris
1477 5009 1646 5084 addit
1659 5010 1856 5084 3137053,
1885 5009 2053 5084 quod

399 5075 570 5132 abest
599 5094 634 5133 a
663 5080 887 5136 nostris
919 5080 1230 5137 codicibus
1256 5086 1314 5138 et
1360 5081 1440 5137 ab
1483 5081 1625 5138 edit.
1658 5075 2052 5140 Basil.’P'aulo

399 5148 820 5227 postlegimus
855 5168 994 5227 cum
1023 5152 1323 5227 veteribus
1353 5152 1521 5208 libris
1563 5152 1609 5204 ἐν
1641 5151 1799 5206 ὕδατι
1840 5169 1952 5227 pro
1983 5170 2054 5211 eo

399 5220 566 5291 quod
594 5227 718 5278 erat
742 5223 802 5278 in
836 5223 1011 5278 editis
1042 5222 1089 5276 ἐν
1120 5222 1306 5279 ὕδασι.

473 5295 583 5363 (82)
616 5297 978 5376 amtorem;
1034 5295 1129 5376 Sic
1172 5296 1712 5376 quatuorcodices
1750 5313 1901 5353 mss.
1945 5297 2056 5376 gilii

399 5377 540 5442 cum
587 5366 761 5442 ggitis
794 5369 1041 5442 τύπωσις.
1096 5366 1276 5424 Paulo
1327 5373 1468 5440 post
1511 5368 1650 5424 editi
1698 5376 1792 5429 τῆς
1830 5366 2057 5442 καρδίας

401 5435 566 5503 ἡμῶν.
596 5439 730 5492 Mss.
760 5442 828 5493 ut
849 5437 908 5493 in
931 5443 1116 5494 textu.

409 5573 421 5586 ,
469 5509 589 5586 έ83)
625 5507 1096 5586 Ῠῌροσᾷιατρίψαι.
1165 5511 1257 5568 Sic
1313 5527 1526 5586 omnes
1584 5511 1861 5586 codices;
1918 5513 2054 5586 editi

402 5572 760 5658 ἐνδιατρίψαι.
786 5572 1082 5658 Qua'm'vis
1118 5589 1319 5658 autem
1339 5583 1569 5658 ibidem
1599 5572 1870 5658 plerique
1892 5584 2058 5642 codi-

391 5662 502 5703 ces
532 5649 801 5712 habeant
850 5661 922 5727 τῷ
961 5657 1126 5727 τύπῳ,
1159 5655 1518 5714 retinuimus
1562 5649 1723 5729 τόπῳ,
1763 5649 1849 5715 sic
1895 5659 2059 5716 enim

2153 3976 2540 4049 πολιτευμάτων
2571 3973 2935 4032 ὑποτυπώσεις
2965 3969 3101 4041 (86),
3139 3969 3206 4019 τα
3249 3966 3416 4038 πάθη,
3448 3967 3473 4017 ό
3505 3963 3751 4039 παυρός,

2153 4069 2182 4124 ἠ
2218 4069 2376 4138 ταφὴ,
2421 4065 2449 4121 ἡ
2486 4061 2794 4122 ἀνάστασις·
2841 4061 2975 4110 ὥστε
3019 4056 3105 4109 τόν
3147 4059 3438 4128 σωζόμενον
3485 4056 3755 4129 ἄνθρωπον

2156 4151 2251 4208 διὰ
2299 4159 2568 4227 μιμήσεως
2619 4156 2854 4226 Χριστοῦ
2911 4152 3002 4206 την
3060 4145 3293 4220 ἀρχαίαν
3349 4144 3540 4201 ἑκεινην
3590 4144 3759 4195 uico:-

2158 4247 2274 4296 σίαν
2326 4239 2621 4296 ἀπολαϐεῖν.
2663 4239 2952 4311 Ἀναγκαία
2999 4240 3168 4287 τοίνυν
3222 4234 3332 4287 ἐστὶ
3370 4237 3498 4307 πρὸς
3550 4230 3756 4283 τελείω-

2158 4352 2239 4385 σιν
2290 4331 2428 4393 Coiﬁ;
2480 4332 2509 4388 ἡ
2544 4335 2781 4405 Χριστοῦ
2810 4331 3034 4400 μίμησις
3077 4324 3134 4377 οὗ
3186 4328 3338 4398 μόνον
3392 4322 3440 4375 ἐν
3488 4327 3591 4380 τοῖς
3619 4322 3758 4372 κατά

2155 4422 2238 4474 τόν
2271 4419 2388 4494 βίον
2429 4416 2814 4491 ὑποδείγμασιν
2862 4414 3156 4492 ἀοργησίας
3208 4419 3298 4466 καὶ
3345 4411 3757 4485 ταπεινοφροσύ-

2155 4530 2248 4574 νης
2276 4513 2366 4563 καὶ
2414 4509 2794 4582 μακροθυμίας,
2848 4505 2975 4559 ἀλλὰ
3021 4509 3112 4557 καὶ
3161 4503 3317 4556 αὐτοῦ
3375 4510 3465 4555 τοῦ
3508 4502 3754 4566 θανάτου,

2159 4796 2426 4872 postulat
2454 4793 2763 4872 sententiae
2805 4791 3048 4872 series.__
3289 4860 3300 4872 .
3368 4859 3384 4872 θ
3497 4859 3507 4871 ο

2229 4871 2340 4939 (84)
2367 4873 2430 4922 Τί
2456 4861 2545 4920 οὖν
2569 4867 2986 4940 προς-τούτοις.-
3005 4865 3139 4940 H390
3177 4859 3464 4940 periodus
3493 4859 3555 4916 in
3580 4858 3762 4940 editis

2161 4930 2245 5022 ad
2267 4930 2468 5024 caput.
2493 4930 2844 5024 praecedens
2893 4935 3149 5024 refertur
3168 4930 3200 5004 ς’
3228 4933 3348 5024 δερ,
3373 4930 3763 5024 commodius

2157 5007 2361 5068 visuni
2387 5014 2476 5068 est
2494 5007 2644 5067 inde
2682 5008 2920 5065 initium
2951 5007 3136 5078 hujus
3171 5007 3383 5078 capitis
3415 5008 3483 5078 ut
3521 5007 3583 5059 in
3611 5018 3763 5078 non-

2161 5083 2341 5141 nullis
2373 5099 2521 5139 mss.
2546 5081 2790 5137 ducere.
2823 5077 3006 5136 Paulo
3028 5075 3166 5150 post
3190 5075 3312 5133 tres
3337 5075 3577 5132 codices
3609 5075 3638 5133 ἦ
3673 5079 3766 5126 καὶ

2163 5175 2306 5212 αυτο.

2236 5232 2347 5296 (85)
2384 5225 2636 5280 ”Ανωθεν.
2675 5221 2828 5296 Ediii
2877 5220 3113 5296 addunt
3153 5219 3489 5296 ἀναλαϐόντες
3521 5220 3763 5296 εἴπωμεν,

2165 5289 2272 5354 sed
2295 5289 2425 5354 haec
2457 5296 2536 5352 ab
2566 5294 2831 5366 antiquis
2860 5292 3145 5366 omnibus
3183 5292 3350 5349 libris
3387 5289 3631 5366 absunt,
3651 5289 3770 5366 nec

2165 5370 2449 5427 videntur
2475 5361 2840 5423 necessaria.
2892 5363 3122 5421 Ibidem
3163 5368 3422 5437 quatuor
3451 5361 3693 5418 codices
3735 5362 3765 5419 ἡ

2169 5450 2260 5494 τοῦ
2295 5448 2426 5494 Θεοῦ
2447 5443 2538 5491 καὶ
2567 5442 2792 5511 Πατρός.
3145 5505 3193 5514 ,.
3360 5504 3372 5514 .
3453 5504 3464 5514 -
3547 5443 3558 5457 1
3589 5503 3599 5514 -

2243 5515 2353 5584 (86)
2403 5513 2467 5565 Αἱ
2507 5504 3087 5570 τῶν...’ὐποτυπὼσεις.
3141 5505 3234 5564 Sic
3282 5504 3467 5578 prisci
3497 5504 3773 5630 quinque

2243 5584 2303 5630 iri
2337 5601 2349 5630 ε
2382 5581 2521 5630 editi
2550 5585 2752 5630 autem
2907 5581 3257 5630 ὑποτύπωσις.
3288 5581 3427 5630 Reiz.
3461 5591 3646 5630 secun
3698 5591 3773 5630 us

2168 5581 2307 5641 libri
2337 5601 2350 5641 :
2382 5581 2526 5640 editi
2550 5585 2754 5645 autem
2782 5583 2882 5639 ἡ...
2907 5581 3257 5639 ὑποτύπωσις.
3288 5581 3427 5647 Reg.
3461 5581 3774 5634 secundus

2170 5655 2400 5715 ibidem
2431 5656 2461 5715 ἠ
2495 5657 2627 5729 μετὰ
2655 5673 2844 5731 σαρκός
2863 5653 3150 5724 οἰκονομία.
