4062 6208
414 216 508 270 131
1778 205 1835 260 S.
1876 199 2018 257 BAS?

2169 195 2386 255 MAGNI
3671 197 3773 254 132

412 352 552 393 mus
583 333 911 392 illustretur
937 347 1147 388 eorum
1183 332 1289 404 qui
1341 330 1743 402 baptizantur.
1776 331 1982 396 Itaque
2013 343 2016 376 :

2175 321 2321 381 ζωῆς
2376 322 2521 392 ἡμῶν
2582 322 2945 393 ἐνεργουμένης
3009 315 3103 371 διὰ
3145 325 3262 371 ’τοῦ
3335 321 3650 391 Πνεύματος.
3694 321 3771 374 Ἐν

409 441 534 498 qua
561 428 649 480 est
673 423 868 493 gratia
893 421 954 476 in
985 437 1164 492 aqua,
1199 436 1318 476 non
1345 425 1525 474 estex
1556 417 1744 489 ipsius
1767 430 1940 486 aquae
1958 429 2013 467 ni

2169 413 2340 482 τρισὶν
2397 405 2484 460 οὖν
2543 405 2889 478 καταδύσεσι,
2924 413 3014 461 καὶ
3074 408 3369 482 ἰσαρίθμοις
3420 416 3532 469 ταῖς
3574 407 3773 468 ἐπικλη-

408 496 560 580 tura,
594 513 699 568 sed
728 526 801 568 ex
837 510 1088 582 Spiritus
1116 508 1456 580 praesentia.
1485 511 1609 563 Non
1642 505 1801 560 enim
1842 506 1935 559 est
1958 501 2012 556 ba

2172 516 2306 563 σεσι,
2343 501 2409 569 μό
2463 502 2595 570 μέγα
2649 503 2939 572 μυστήριον
2993 505 3085 549 τοὺ
3145 496 3518 569 βαπτίσματος
3559 498 3772 550 τελειοῦ-

407 603 663 675 ptismus
687 599 981 672 depositio
1012 597 1280 653 sordium
1313 594 1721 667 corporis,sed
1751 591 2011 648 consciei

2167 606 2273 657 ται,
2328 587 2411 638 ῖνα
2463 592 2552 638 καὶ
2601 589 2626 638 ό
2664 595 2752 638 τοῦ
2809 589 3032 639 θανάτου
3083 590 3240 646 τύπος
3289 585 3634 659 ἐξεικονισθῇ,
3682 593 3771 640 καὶ

407 671 500 748 tite
521 691 698 746 bonae
714 671 1099 756 interrogatio
1119 685 1286 758 apud
1306 686 1540 740 Deum"
1554 687 1777 754 .Itaque
1807 681 1885 737 ad
1925 695 2011 734 ea]

2166 683 2227 748 τῇ
2279 672 2574 748 παραδόσει
2627 671 2718 736 τῆς
2759 677 3072 746 θεογνωσίας
3097 677 3189 735 τὰς
3221 673 3406 746 ψυχὰς
3439 677 3770 746 φωτισθῶσιν

405 781 611 848 vitam,
655 794 792 850 quae
836 781 924 831 est
975 791 1045 831 ex
1075 775 1534 839 resurrectione,
1562 786 1913 845 praeparans
1951 784 2009 823 nt

2165 766 2213 816 οἱ
2245 762 2820 836 βαπτίζόμενοι·”Ωστε
2853 768 2897 815 εἴ
2919 768 2996 826 τίς
3042 761 3182 815 ἐστιν
3239 764 3284 815 ἐν
3330 772 3402 834 τῷ
3456 760 3617 816 ὕδατι
3659 766 3768 835 χά-

408 849 714 931 Dominus,
731 870 915 921 totam
937 863 1348 932 evangelicam
1369 862 1888 919 conversationem
1919 873 2012 930 prc

2172 873 2264 922 οις,
2317 853 2411 904 οὐκ
2461 853 2513 904 ἐκ
2570 861 2667 914 τῆς
2728 857 2930 924 φύσεως
2991 852 3105 904 ἐστι
3154 860 3244 904 τοῦ
3305 849 3520 916 ὕδατος,
3562 852 3670 904 ἀλλ’
3723 854 3776 906 ἐκ

407 957 607 1029 ponit;
638 959 844 1010 utnon
896 952 1250 1019 irascamur,
1283 958 1348 1008 ut
1397 952 1699 1008 malorum
1742 948 2011 1004 tolerante

2172 950 2258 1003 τῆς
2308 952 2400 993 τον
2433 945 2728 1014 Πνεύματος
2782 946 3093 1015 παρουσίας.
3137 941 3211 992 0'5
3269 944 3369 1014 γάρ
3417 941 3528 993 ἐστι
3585 945 3644 993 τό
3678 940 3776 1014 βά-

406 1027 597 1100 simus
618 1047 674 1098 et
697 1059 733 1098 a
770 1041 1150 1113 voluptatum
1174 1056 1379 1096 amore
1412 1041 1564 1112 puri,
1590 1043 1714 1094 uta
1737 1036 1932 1093 studio
1962 1051 2010 1107 pl

2172 1049 2372 1102 πτισμα
2432 1029 2600 1102 ῥύπου
2657 1033 2849 1104 σαρκός
2908 1028 3176 1096 ἀπόθεσις,
3241 1027 3371 1081 ἀλλά
3421 1027 3776 1093 συνειδήσεως

405 1132 597 1187 cuniaa
636 1145 835 1184 mores
861 1129 979 1184 sint
1022 1128 1212 1192 liberi,
1261 1127 1678 1199 praescribens,
1712 1126 1793 1180 ita
1825 1129 1888 1178 ut
1924 1139 2006 1194 qu

2171 1117 2369 1189 ἀγαθῆς
2427 1119 2740 1194 ἐπερώτημα
2784 1119 2856 1180 εὶς
2912 1124 3060 1172 Θεόν.
3098 1123 3234 1191 Πρός
3284 1114 3372 1170 οὖν
3422 1122 3508 1170 τόν
3555 1119 3608 1182 ἐξ
3657 1119 3775 1172 ἀνα·

403 1219 551 1276 illud
580 1217 868 1274 saeculum
892 1219 1064 1286 juxta
1089 1223 1370 1272 naturam
1397 1215 1760 1288 possidet,ea
1781 1229 1892 1267 nos
1918 1227 2007 1283 prz

2172 1209 2400 1269 στάσεως
2441 1207 2556 1281 βίον
2605 1208 2932 1282 καταρτίζων
2979 1211 3118 1280 ἡμᾶς
3150 1211 3175 1259 ό
3231 1216 3434 1281 Κύριος,
3476 1213 3570 1267 τήν
3623 1211 3776 1283 εὐαγ-

404 1308 692 1381 cipientes
724 1324 796 1362 ex
826 1305 1014 1362 animi
1034 1305 1380 1360 inductione
1408 1301 2008 1376 peragamusJ’roinc

2173 1297 2374 1368 γελικην
2423 1305 2595 1349 πᾶσαν
2656 1298 2909 1350 ἐκτίθεται
2959 1296 3244 1360 πολιτείαν,
3275 1302 3333 1350 τὸ
3374 1296 3650 1371 ἀόργητον,
3719 1302 3777 1352 τό

405 1398 454 1452 si
483 1396 618 1469 quis
647 1395 938 1450 deﬁniens
960 1393 1119 1449 dicat
1149 1393 1534 1462 Evangelium
1561 1409 1692 1446 esse
1731 1391 1879 1454 vitae,
1925 1405 2006 1461 qu

2177 1387 2488 1449 πὶνεξίκακον,
2521 1392 2576 1438 τό
2628 1383 2928 1458 φιληδονίας
2984 1385 3285 1460 ἀρρὗωτον
3327 1389 3466 1457 (91),
3521 1391 3578 1439 τὸ
3632 1387 3781 1460 ἀφιλ·

403 1490 492 1541 est
517 1501 589 1539 ex
616 1483 1359 1550 resurrectioneﬁguram.
1391 1482 1536 1536 mihi
1557 1495 1951 1552 nequaquam
1982 1494 2007 1530 ν

2173 1481 2389 1550 άργνρον
2441 1483 2533 1527 τοῦ
2588 1480 2781 1550 τρόπον
2821 1477 3106 1547 νομοθετῶν
3143 1492 3154 1503 ·
3208 1478 3342 1527 ὥστε
3386 1475 3516 1550 οἷπερ
3567 1477 3592 1527 ό
3651 1477 3777 1529 αἰὼν

403 1575 615 1630 deatur
645 1589 681 1628 a
709 1577 872 1628 recto
902 1571 1200 1628 aberrare.
1229 1571 1316 1626 Ad
1344 1587 1597 1642 scopum
1640 1569 1819 1639 igitur
1865 1583 2007 1622 reve:

2175 1565 2353 1626 ἐκεῖνος
2402 1568 2532 1616 κατά
2580 1570 2673 1622 τὴν
2740 1576 2893 1636 φυσιν
2951 1569 3222 1629 κέκτηται,
3272 1571 3438 1616 ταῦτα
3493 1565 3779 1639 προλαϐόν-

402 1670 622 1720 tamur,
2165 1674 2259 1715 τας
2309 1658 2446 1725 ἡμᾶς
2495 1655 2548 1706 ἐκ
2602 1658 2952 1726 προαιρέσεως
3007 1655 3310 1727 κατορθουν.
3369 1653 3431 1706 Εἰ
3476 1659 3645 1706 τοίνυν
3695 1675 3777 1717 τις

403 1752 733 1824 ὀργιζόμενος
763 1753 897 1801 εἴποι
949 1753 1007 1800 τό
1055 1747 1364 1819 Εὐαγγέλιον
1393 1744 1521 1799 εἶναι
1551 1755 1641 1798 τοῦ
1673 1746 1724 1808 ἐξ
1773 1746 2102 1804 ἀναστάσεως
2134 1742 2255 1816 βίον
2283 1739 2735 1815 προδιατύπωσιν,
2769 1743 2864 1800 οὐκ
2907 1745 2966 1794 οἶν
3006 1762 3096 1815 μοι
3128 1739 3259 1814 δοκῇ
3297 1743 3410 1813 (92)
3439 1750 3530 1796 τοῦ
3573 1751 3778 1817 προση-

404 1861 577 1901 κοντος
600 1841 867 1913 ἁμαρτεῖν.
893 1839 1010 1891 Ἐπὶ
1035 1835 1122 1890 οὖν
1150 1841 1236 1889 τόν
1267 1841 1460 1889 σκοπόν
1484 1836 1852 1908 ἐφανέλθωμεν,

475 1935 562 1985 36.
603 1932 710 1984 Per
754 1927 1041 1999 Spiritum
1099 1931 1379 1982 sanctum
1408 1925 1674 1981 daturin
1704 1923 2057 1996 paradisum

2243 1927 2329 1977 36.
2388 1924 2482 1974 Διά
2534 1925 2829 1994 ΙΙνεόματος
2855 1922 3008 1992 ἁγίου
3059 1924 3087 1978 ἠ
3127 1921 3194 1982 εἰς
3226 1919 3548 1998 παράδεισον
3581 1921 3776 1976 ἀποκα-

406 2020 523 2089 30
567 2017 877 2082 restitutio,
929 2016 1008 2072 ad
1046 2031 1300 2086 regnum
1325 2016 1611 2070 caelorum
1640 2030 1949 2077 ascensus,
1997 2013 2010 2067 i

2171 2013 2426 2071 τάστασις
2463 2029 2474 2041 °
2533 2013 2561 2068 ἠ
2625 2012 2696 2072 εἰς
2745 2009 3019 2082 βασιλείαν
3069 2011 3298 2084 οὐρανῶν
3345 2008 3574 2072 ἄνοδος⁹
3620 2015 3647 2071 ἡ
3703 2014 3775 2076 εἰς

399 2107 788 2178 adoptionem
818 2105 1079 2160 ﬁliorum
1113 2104 1338 2160 reditus
1375 2121 1386 2157 :
1416 2104 1592 2159 datur
1620 2103 1845 2158 ﬁducia
1871 2103 2003 2156 Deui

2170 2103 2432 2152 υἱοθεσίαν
2491 2098 2737 2160 ἐπάνοδος
2771 2122 2782 2133 ·
2861 2103 2889 2157 η
2952 2100 3223 2174 παρρησία
3276 2109 3367 2154 τοῦ
3426 2101 3596 2155 καλεῖν
3651 2101 3774 2156 ἑαυ-

400 2194 748 2268 appellandi
799 2197 1026 2249 Patrem
1063 2209 1260 2261 suum,
1295 2197 1638 2248 consortem
1665 2190 1794 2246 ﬁeri
1847 2190 2000 2260 grati

2171 2198 2266 2241 τῶν
2322 2192 2436 2258 (93)
2478 2196 2684 2264 Πατέρα
2746 2195 2833 2241 τὸν
2887 2194 3037 2258 Θεὸν,
3087 2195 3325 2242 κοινωνόν
3377 2195 3620 2263 γενέσθαι
3676 2203 3775 2256 τῆς

401 2282 831 2353 Christi,tilium
857 2282 1006 2336 lucis
1037 2281 1346 2353 appellari,
1371 2286 1607 2337 aeternae
1638 2280 1842 2352 gloria:
1876 2283 2005 2351 part

2170 2282 2394 2352 χάριτος
2444 2288 2533 2331 τοῦ
2593 2287 2846 2352 Χριστοῦ,
2907 2284 3078 2331 τέκνον
3156 2283 3320 2350 φωτός
3392 2283 3770 2354 χρηματίζειν,

402 2373 598 2444 cipem
652 2387 802 2439 esse,
860 2376 918 2426 et
964 2376 1026 2426 ut
1084 2370 1270 2426 semel
1309 2372 1515 2426 omnia
1558 2371 1779 2437 dicam,
1813 2384 1941 2424 esse
1996 2368 2006 2422 i

2171 2365 2326 2430 δόξης
2357 2366 2536 2420 ἀίὸίον
2568 2373 2824 2440 μετέχειν,
2851 2374 2941 2419 καὶ
2968 2368 3284 2430 ἁπαξαπλῶς
3341 2368 3390 2420 ἐν
3433 2377 3588 2422 παντὶ
3634 2371 3774 2428 πλη-

401 2460 569 2515 omni
601 2459 1035 2514 benedictionis
1072 2457 1466 2530 plenitudine,
1502 2462 1629 2514 tum
1668 2458 1730 2512 in
1779 2471 2005 2528 praesen

2173 2463 2372 2530 ρώματι
2424 2457 2656 2528 εὐλογίας
2711 2459 2950 2528 γενέσθαι
2982 2460 3030 2508 ἔν
3068 2477 3122 2509 τε
3179 2467 3249 2528 τῷ
3288 2457 3434 2509 αἰῶνι
3463 2462 3630 2531 τούτῳ
3681 2465 3777 2512 καὶ

400 2550 516 2605 hoc
566 2547 809 2615 saeculo,
843 2553 970 2603 tum
1011 2548 1072 2602 in
1130 2547 1376 2603 futuro:
1433 2547 1836 2618 repositorum
1884 2544 2004 2600 nob

2169 2546 2216 2597 ἐν
2270 2557 2340 2617 τῷ
2405 2547 2684 2619 μέλλοντι·
2743 2556 2840 2599 τῶν
2905 2546 2954 2598 ἐν
3013 2545 3340 2618 ἐπαγγελίαις
3417 2546 3773 2621 ἀποκειμένων

399 2644 461 2698 in
493 2637 805 2710 promissis
829 2636 1155 2698 bonorum,
1179 2652 1315 2708 quae
1346 2652 1453 2709 per
1476 2636 1659 2690 ﬁdem
1682 2634 1938 2690 fruenda
1964 2650 2003 2689 ο]

2170 2640 2293 2708 ημῖν
2361 2636 2587 2708 ἀγαθῶν,
2649 2634 2715 2687 ὧν
2780 2633 2874 2688 διὰ
2927 2641 3156 2697 πίστεως
3215 2633 3618 2710 ἀπεκδεχόμεθα
3676 2643 3774 2697 τὴν

401 2732 765 2798 spectamus,
813 2726 1063 2797 perinde
1109 2726 1289 2798 quasi
1353 2726 1478 2796 jam
1537 2725 1753 2791 adsint,
1803 2724 2005 2793 gratia:

2173 2724 2474 2790 ἀπόλαυσιν,
2511 2730 2574 2785 ως
2626 2723 2732 2783 ἤδη
2761 2730 3040 2799 πορόντων,
3107 2731 3198 2783 τὴν
3251 2728 3414 2800 χάριν
3463 2727 3777 2801 ἐνοπτριζό-

399 2815 562 2870 velut
590 2815 652 2870 in
679 2815 926 2886 speculo
957 2815 1450 2887 contemplantes.
1506 2817 1657 2870 Nam
1716 2815 1763 2869 si
1802 2813 1934 2868 talis
1973 2830 2002 2868 e

2171 2835 2328 2888 μενοι.
2388 2816 2448 2868 Εἰ
2495 2819 2596 2888 γὰρ
2657 2818 2681 2866 ό
2723 2814 2961 2888 ἀρραϐὼν
3017 2823 3268 2883 τοιούτος,
3331 2817 3508 2873 ἡλίκον
3571 2820 3625 2868 τό
3684 2821 3775 2869 τέ-

399 2904 683 2971 arrhabo,
717 2904 898 2976 quale
947 2909 1039 2960 est
1066 2905 1214 2959 illud
1239 2904 1406 2976 quod
1447 2904 1774 2976 perfectum
1824 2903 1963 2959 est?

2168 2906 2296 2957 λειον
2327 2922 2339 2971 ;
2392 2911 2482 2956 καὶ
2512 2905 2554 2956 εἰ
2580 2907 2608 2960 ἡ
2645 2902 2862 2977 ἀπαρχὴ
2895 2907 3129 2961 τοσαύτη
3159 2905 3292 2974 (94),
3343 2911 3417 2966 τίς
3462 2909 3490 2964 ἠ
3527 2914 3617 2958 τοῦ
3649 2906 3771 2958 ὅλου

399 2995 449 3049 si
479 2999 659 3050 tanta:
693 3000 832 3049 sunt
862 2994 1302 3066 primitiaeque:
1331 2995 1440 3050 erit
1471 2995 1648 3050 totius
1681 3010 1997 3050 consumm

2174 2993 2472 3067 πλήρωσις’
2537 2992 2650 3045 Ἔτι
2696 2991 2929 3044 κάκεῖθεν
3009 3001 3102 3052 τῆς
3169 2993 3271 3045 ἀπὸ
3329 3002 3417 3046 τοῦ
3477 2999 3778 3067 Πνενματος

399 3083 522 3138 tio?
550 3087 801 3154 Insuper
830 3059 886 3138 et
915 3083 1074 3138 illinc
1105 3059 1493 3152 cognoscitur
1548 3090 1848 3155 quantum
1907 3083 2058 3137 inter
2089 3059 2130 3112 Ο

398 3187 534 3227 eam
566 3173 823 3240 gratiam
853 3189 989 3243 quae
1021 3187 1056 3226 a
1084 3173 1302 3242 Spiritu
1332 3173 1754 3243 proﬁciscitur,
1787 3178 1842 3227 et
1866 3172 2002 3245 bapl

2177 3169 2419 3245 διάφορον
2451 3193 2462 3204 ·
2503 3174 2583 3223 ὅτι
2633 3171 2874 3230 Ἰωάννης
2930 3175 3019 3243 μεν
3071 3170 3345 3225 ἐϐάπτισεν
3407 3172 3455 3224 ἐν
3501 3170 3658 3226 ὕδατι
3703 3174 3781 3235 εἰς

398 3275 623 3323 smum,
662 3260 764 3330 qui
825 3276 987 3330 aqua
1035 3266 1292 3325 constat,
1345 3261 1419 3315 sit
1459 3261 1843 3329 discriminis,
1891 3277 2002 3332 quc

2176 3265 2458 3333 μετάνοιαν,
2493 3264 2517 3313 ό
2568 3258 2626 3314 δε
2675 3264 2863 3333 Κύριος
2893 3263 3036 3333 ημῶν
3066 3261 3274 3324 Ἰησοῦς
3332 3267 3560 3337 Χριστός
3606 3263 3653 3314 ἐν
3703 3271 3780 3333 τῷ

395 3350 656 3404 Joannes
703 3348 950 3419 quidem
977 3349 1301 3419 baptizavit
1329 3351 1388 3404 in
1433 3367 1596 3421 aqua
1628 3352 1706 3405 ad
1759 3352 1999 3422 poenitet

2173 3356 2430 3424 ΙΙνεύματι
2479 3362 2550 3422 τῷ
2598 3351 2731 3422 ἀγίῳ
2769 3353 2904 3421 (95).
2939 3352 3068 3422 Ἐγὼ
3125 3355 3214 3424 μὲν
3262 3352 3364 3426 γάρ
3416 3355 3570 3425 ὑμᾶς,
3621 3359 3777 3425 φησὶ,

397 3437 562 3501 tiam,
617 3437 904 3491 Dominus
955 3443 1156 3492 autem
1213 3444 1415 3492 noster
1451 3442 1620 3494 Jesus
1675 3441 1940 3494 Christus
1997 3457 2001 3494 1

2174 3440 2416 3512 βαπτίζω
2475 3439 2521 3491 ἐν
2580 3438 2736 3493 actam
2786 3439 2852 3500 εἰς
2909 3444 3226 3512 μετάνοιαν’
3261 3442 3286 3491 ὁ
3344 3437 3403 3492 δὲ
3445 3443 3613 3493 ὀπίσω
3671 3461 3778 3515 μου

400 3523 618 3595 Spiritu
650 3529 879 3580 sancto.
899 3525 1026 3594 Ego
1056 3526 1347 3595 equidem,
1378 3525 1833 3597 inquit,bapti':o
1866 3543 1964 3583 vos
1995 3545 2004 3582 ι

2174 3529 2444 3601 ἐρχόμενος
2524 3529 2864 3602 ἰσχυρότερός
2938 3532 3038 3600 μού
3118 3529 3302 3580 ἐστιν·
3367 3530 3427 3580 οὖ
3500 3531 3594 3582 οὐκ
3670 3531 3778 3602 εὶμὶ

396 3630 560 3686 aqua
588 3615 669 3671 ad
697 3616 1104 3683 pwnitentiam
1139 3632 1151 3668 :
1192 3617 1298 3685 qui
1325 3621 1522 3671 autem
1550 3624 1684 3686 post
1736 3633 1826 3672 me
1869 3632 2000 3672 veni

2173 3621 2337 3678 ἱκανός
2413 3621 2478 3669 τὰ
2552 3615 2874 3689 ὑποδήματα
2964 3617 3238 3690 βαστάσαι
3289 3635 3300 3646 ·
3383 3619 3536 3679 αὐτὸς
3634 3623 3777 3693 ὑμᾶς

391 3706 698 3772 potentior
719 3721 809 3760 me
837 3711 940 3770 est;
970 3705 1144 3773 cujus
1174 3720 1295 3759 non
1331 3720 1460 3760 sum
1491 3705 1713 3774 dignus
1739 3713 1804 3760 ut
1835 3712 1994 3775 geste

2173 3705 2418 3778 βαπτίσει
2493 3707 2540 3758 ἐν
2609 3709 2869 3777 ΙΙνεύματι
2916 3707 3067 3776 ἁγίῳ.
3146 3713 3235 3758 καὶ
3304 3705 3477 3779 πνρίί
3544 3711 3603 3759 τό
3681 3718 3777 3761 τοῦ

399 3795 833 3850 calceamenta:
851 3795 975 3863 ipse
995 3809 1094 3849 vos
1124 3795 1446 3862 baptizabit
1479 3796 1537 3848 in
1559 3794 1798 3862 Spiritu
1822 3800 2003 3850 sancti

2172 3801 2321 3868 πυρός
2362 3795 2642 3868 βάπτισμα
2680 3799 2772 3852 τὴν
2827 3795 2874 3846 ἐν
2905 3803 2965 3866 τῇ
3001 3800 3176 3868 κρίσει
3232 3793 3560 3867 δοκιμασίαν
3590 3796 3776 3868 λέγων,

403 3885 457 3936 et
489 3883 618 3951 igni
643 3883 720 3949 ‘3;
752 3883 911 3950 ignis
941 3882 1312 3954 baptismum
1345 3882 1761 3954 probationem
1791 3899 1925 3954 quae
1955 3883 2007 3938 ﬁt

2173 3889 2298 3938 καθά
2374 3905 2530 3957 φησιν
2607 3888 2630 3936 ό
2707 3884 3020 3946 Ἀπόστολος
3067 3903 3115 3968 ο,
3162 3887 3415 3939 Ἐκάστον
3491 3891 3548 3939 τό
3623 3890 3777 3962 ἔργον

397 3970 458 4025 in
479 3970 728 4039 judicio,
760 3971 988 4032 dicens,
1022 3973 1546 4042 quemadmodum
1579 3974 1900 4044 Apostolus
1930 3975 2001 4030 ait

2175 3978 2338 4027 ὦποῑόν
2416 3976 2546 4043 ἐστι,
2624 3980 2680 4027 τὸ
2756 3983 2858 4047 πῦρ
2938 3976 3064 4027 αὑτὸ
3130 3981 3242 4041 (96)
3301 3973 3620 4049 δοκιμάσεισ
3682 3985 3779 4031 καὶ

403 4059 882 4128 Uniuscujusque
901 4075 975 4128 op
999 4062 1250 4129 usquale
1275 4062 1373 4127 sit,
1422 4062 1574 4130 ignis
1599 4062 1874 4129 probabit
1899 4065 1968 4130 ‘9;
2000 4085 2007 4114 ι

2176 4065 2316 4116 πάλιν
2351 4083 2362 4093 ·
2404 4066 2462 4118 ἸΙ
2507 4068 2609 4139 γὰρ
2674 4070 2842 4140 ἡμέρα
2911 4061 3166 4128 δηλώσει,
3230 4067 3309 4117 ὅτι
3359 4066 3406 4117 ἐν
3468 4071 3595 4140 πυρὶ
3639 4065 3780 4118 ἀπο-

400 4163 609 4202 rursus
643 4164 655 4198 :
690 4149 826 4203 Dies
858 4151 1013 4203 enim
1035 4149 1393 4216 declarabit,
1425 4151 1585 4220 quod
1620 4152 1682 4204 in
1719 4153 1857 4221 igne
1881 4159 2004 4221 pati

2171 4155 2500 4210 καλύπτεται.
2547 4151 2685 4212 Ἦὸη
2742 4151 2800 4206 δὲ
2858 4175 2990 4216 τινες
3042 4155 3089 4206 εν
3156 4162 3261 4215 τοῖς
3328 4157 3453 4229 ὑπὲρ
3509 4155 3775 4218 εὐσεϐείας

394 4237 464 4304 ﬁt
486 4237 554 4290 ⁵ο.
586 4239 718 4292 Jam
748 4253 887 4292 vero
914 4243 1051 4292 sunt
1075 4238 1370 4304 nonnulli,
1410 4239 1594 4310 quiin
1627 4241 1998 4296 certaminibi

2170 4243 2388 4316 ἀγῶσιν,
2439 4244 2654 4316 ἀληθείᾳ
2710 4249 2798 4295 καὶ
2850 4244 2908 4296 οὗ
2955 4249 3179 4315 μιμήσει
3231 4247 3316 4295 τόν
3357 4246 3482 4318 ὑπὲρ
3533 4252 3774 4318 Χριστοῦ

393 4342 505 4398 pro
558 4328 797 4398 pietate,
848 4343 1055 4383 revera
1097 4343 1224 4384 non
1275 4328 1602 4385 imitatione
1642 4336 1896 4386 mortem
1947 4348 1997 4403 pi

2169 4337 2384 4386 θάνατον
2432 4337 2771 4401 ὑποστάντες,
2805 4329 2956 4385 οὐδὲν
3009 4342 3106 4384 τῶν
3162 4333 3216 4385 ἐκ
3272 4341 3362 4386 τοῦ
3410 4331 3596 4393 ὑδατός
3635 4353 3771 4406 συμ-

395 4415 631 4472 Christo
663 4417 952 4488 perpessi,
977 4417 1124 4472 nihil
1144 4416 1438 4488 symbolis
1475 4434 1608 4489 quae
1640 4426 1779 4474 sunt
1806 4420 1864 4474 in
1896 4437 1999 4492 aqt

2166 4423 2326 4474 ϐόλων
2389 4423 2461 4483 εἰς
2516 4427 2778 4496 σωτηρίαν
2837 4419 3215 4491 ἐπεὸεήθησαν,
3269 4423 3315 4475 ἐν
3372 4431 3443 4492 τῷ
3495 4420 3614 4494 ἰδίῳ
3681 4427 3770 4475 αἰ-

398 4519 555 4574 opus
603 4505 946 4561 habuerunt
983 4506 1061 4561 ad
1101 4507 1376 4573 salutem,
1405 4508 1691 4562 nimirum
1723 4510 1783 4564 in
1814 4525 2002 4580 propr:

2168 4533 2290 4578 ματι
2324 4511 2719 4585 βαπτισθέντες.
2779 4517 2876 4563 Καὶ
2935 4512 3028 4562 οὐκ
3084 4509 3274 4563 ἀθετῶν
3328 4512 3464 4564 τὸέν
3501 4520 3572 4582 τῷ
3604 4509 3770 4565 ὕδατι

397 4592 686 4664 baptizati
717 4596 1033 4663 sanguine.
1062 4598 1263 4667 Neque
1293 4597 1423 4651 haec
1471 4598 1551 4652 ita
1597 4597 1830 4668 loquor.
1891 4615 2001 4670 quc

2169 4600 2471 4674 βάπτισμα,
2513 4609 2680 4652 ταῦτα
2735 4600 2886 4672 λέγω,
2965 4599 3091 4652 ἀλλὰ
3140 4605 3260 4661 τοὺς
3307 4601 3592 4673 λογισμοὺς
3637 4605 3767 4654 καθ-

395 4697 571 4754 aqua
595 4684 902 4756 baptisma
934 4701 1239 4757 spernam,
1264 4686 1371 4742 sed
1418 4692 1481 4742 ut
1512 4688 1762 4744 istorum
1792 4691 1999 4746 rationi

2171 4700 2328 4764 αιρὼν
2397 4699 2496 4742 τῶν
2551 4689 2896 4763 ἐπαιρομένων
2950 4689 3086 4741 κατά
3145 4698 3229 4742 τοῦ
3313 4694 3625 4764 11νεύματος,
3673 4699 3767 4746 καὶ

2171 3087 2387 3156 χάριτος
2438 3085 2566 3156 πρὸς
2641 3085 2697 3132 τό
2754 3080 2801 3132 ἐν
2857 3078 3016 3133 ὕδατι
3076 3080 3361 3154 βάπτισμα
3407 3090 3662 3156 γνώριμον
3714 3090 3780 3136 τό

473 4881 559 4934 ‘7]
594 4879 746 4934 Petr.
774 4895 856 4946 Ill,
888 4881 977 4934 21.
1056 4881 1102 4914 ⁴⁸
1136 4882 1335 4937 Matth.
1369 4898 1447 4948 in,
1477 4883 1558 4936 11.
1640 4885 1684 4916 ’9
1718 4885 1890 4939 lCor.
1920 4885 2006 4940 13.
2084 4886 2132 4919 ⁵ο
2152 4883 2299 4939 ibid.

473 5077 585 5152 (91)
615 5073 1123 5152 Ἀῥρύπωτονεριιο
1145 5075 1384 5131 codices
1415 5094 1561 5152 mss.
1593 5078 1843 5152 ἄῤῥυττον.
1968 5150 2003 5152 υ
2041 5150 2048 5152 _

2164 5079 2451 5152 πλήρωσις,
2487 5094 2623 5149 quae
2648 5077 2830 5132 verba
2864 5077 3236 5152 sicireddidit
3267 5080 3544 5152 Erasmus
3574 5093 3584 5129 :
3623 5077 3768 5152 Qua:

475 5147 580 5215 (9'2)
616 5146 771 5218 Δόάῇ.
810 5147 901 5202 Sic
949 5146 1082 5201 libri
1135 5153 1377 5215 veteres,
1411 5146 1635 5204 melius
1660 5146 1861 5220 quam
1913 5150 2052 5205 editi
2163 5146 2278 5205 erit
2308 5153 2475 5206 verbi
2493 5146 2974 5221 consummatio?
3007 5149 3193 5205 Paulo
3217 5150 3661 5221 postaddimus
3695 5151 3767 5209 εἰς

402 5214 568 5272 δοκεῖ.
724 5214 732 5218 ⁷
1696 5214 1716 5220 ³

1696 5214 1716 5220 ³
1851 5291 1860 5293 _
1939 5292 1942 5293 ν
2161 5225 2432 5293 μετάνοιαν
2457 5220 3097 5293 extribuscodicibus.

467 5289 580 5359 (93)
613 5290 947 5344 ἘάντῶνᾸῐᾶ
968 5288 1204 5344 codices
1229 5307 1376 5346 mss.
1402 5289 1550 5344 Edili
1585 5292 1788 5342 ἑαυτοῦ.
1825 5291 2050 5346 Ibidem

2161 5288 2174 5367 '_
2234 5298 2457 5367 l95if1‘q‘i
2491 5293 2642 5367 ἁγίῳ.
2683 5291 2828 5346 Editi
2850 5291 3082 5348 addunt
3102 5297 3190 5344 καὶ
3221 5300 3292 5362 τῷ
3317 5296 3464 5367 πυρί.
3492 5291 3606 5346 Sed
3629 5291 3763 5349 hac

411 5361 553 5429 Reg.
581 5369 856 5431 quartus.
894 5368 1184 5434 τῆςχαράς
1206 5370 1295 5412 τον
1334 5370 1582 5434 Χριστοῦ.
1631 5432 1641 5434 μ
1679 5433 1683 5434 7

1206 5370 1295 5412 τον
1334 5370 1582 5434 Χριστοῦ.
1631 5432 1641 5434 _
1679 5433 1683 5434 ν
2163 5364 2222 5418 in
2253 5363 2417 5418 nullo
2449 5362 2652 5417 codice
2680 5379 2791 5416 ms.

471 5435 584 5499 (9-1)
614 5435 877 5504 Τοσαύτη.
899 5433 989 5485 cio
1011 5432 1272 5502 quatuor
1293 5432 1530 5487 codices
1556 5451 1566 5486 :
1592 5432 1688 5486 alii
1716 5450 1854 5488 cum
1877 5434 2049 5488 editis

2232 5434 2341 5504 (96)
2388 5435 2542 5484 Αὑτο.
2599 5435 2831 5504 Legitur
2860 5449 2931 5488 ea
2962 5450 3078 5488 vox
3111 5434 3171 5490 in
3220 5439 3353 5490 cod.
3399 5433 3660 5489 Colbert.
3702 5441 3763 5490 et

407 5505 642 5558 τοιαύτη.
679 5503 904 5558 Ibidem
953 5503 1132 5559 editio
1165 5504 1522 5560 Basileensis
1552 5510 1626 5564 τίς
1670 5507 1698 5562 ἡ
1740 5513 1832 5556 τοῦ
1893 5505 2011 5577 λόγω

1441 5505 1522 5559 sis
1552 5510 1626 5564 τίς
1670 5507 1698 5562 ἡ
1740 5513 1832 5556 τοῦ
1893 5505 2046 5577 λόγου
2157 5509 2296 5576 Reg.
2329 5507 2560 5578 quinto,
2583 5503 2756 5560 abest
2784 5504 2862 5561 ab
2894 5504 3041 5561 aliis.
