4062 6208
243 395 529 466 μιγνύντων
591 390 656 442 τά
716 389 934 462 ἄμικτα,
993 394 1082 442 καὶ
1145 389 1546 465 παρισαζόντων
1595 387 1706 458 (97)
1772 387 1838 438 τὰ
1875 386 1921 440 Δ

243 482 617 538 ὰσυνείκαστα.

785 688 1175 737 ΚΕΦΛΛΑΙΟΝ
1215 687 1296 747 ις.

239 795 354 846 Ὀτι
385 792 691 865 ἀχώριστον
723 787 807 841 ἐπὶ
833 790 1013 849 πάσης
1043 788 1236 851 ἐννοίας
1267 791 1586 865 Πατρός-καὶ
1630 790 1753 839 Υἱοῦ
1783 789 1839 839 τὸ

309 856 460 935 ἅγιον
487 856 718 933 Πνεῦμα,
754 860 846 935 ἐπί.
886 880 941 913 τε
983 867 1074 920 τῆς
1109 869 1208 912 τῶν
1233 856 1427 918 νοητῶν
1459 856 1834 935 δημιουργίας,

309 929 395 987 ltiti
425 934 508 986 επὶ
545 929 639 994 τῆξ
682 939 784 983 τῶν
826 930 1106 1006 ἀνθρώπων
1137 932 1449 1004 οἰκονομίας,
1489 929 1578 983 καὶ
1618 929 1709 982 ἐπὶ
1747 937 1839 990 τῆς

305 1002 748 1082 προσδοκωμένης
773 1002 1014 1078 κρίσεως.

307 1199 396 1250 3'7.
437 1195 554 1246 Ἐπὶ
583 1187 674 1243 οὖν
727 1192 786 1242 τὸ
835 1189 888 1252 ἐξ
926 1188 1102 1264 ἀρχῆς
1132 1188 1432 1263 έπανίωμεν,
1474 1189 1612 1249 ὅπως
1651 1187 1701 1240 ἐν
1739 1193 1836 1240 πᾶ-

242 1305 324 1337 σιν
361 1284 658 1358 ἀχώριστόν
698 1279 814 1333 ἐστι
861 1284 952 1332 καὶ
992 1277 1315 1332 ἀδιάστατον
1344 1277 1604 1338 παντελῶς
1635 1280 1838 1351 Πατρός

241 1380 325 1425 καὶ
366 1375 485 1425 Υἱοῦ
515 1375 575 1422 τὸ
615 1370 763 1441 ἅγιον
805 1376 1035 1442 Πνεῦμα.
1068 1369 1148 1422 Ἐν
1189 1376 1259 1438 τῷ
1289 1368 1521 1443 περὶτοῦ
1554 1372 1835 1440 χαρίσμα-

238 1483 321 1524 τος
383 1468 484 1512 τῶν
545 1459 800 1531 γλωσσῶν
865 1463 1027 1528 τόπῳ,
1093 1458 1383 1530 Κορινθίοις
1444 1454 1751 1508 ἐπιστέλλων
1810 1456 1835 1506 6

233 1551 431 1610 Παῦλος
497 1549 636 1619 (98).

230 1641 434 1697 tia-ﬁes:
494 1634 556 1691 δέ
606 1657 688 1698 τις
733 1637 849 1707 (99)
907 1638 1124 1697 ἄπιστος
1177 1637 1207 1694 ἦ
1272 1633 1504 1702 ἰδιώτης,
1565 1634 1834 1707 ἐ)έγχεται

227 1733 326 1783 ὑπὸ
383 1729 620 1797 πάντων,
691 1725 1018 1798 ἀνακρίνεται
1092 1727 1192 1779 ὑπὸ
1257 1727 1500 1794 πάντων,
1566 1727 1630 1776 τὰ
1703 1745 1834 1799 κρυ-
1872 1733 1914 1788 Β

710 1547 826 1600 Ἐὰν
909 1548 1128 1615 πάντες,
1199 1551 1367 1618 φησι,
1435 1547 1830 1620 προφητεύητε,

227 1822 330 1871 πτὰ
376 1826 474 1878 τῆς
532 1811 759 1890 καρδίας
820 1813 980 1866 αὐτοῦ
1042 1817 1232 1889 φανερὰ
1281 1819 1517 1886 γίνεται·
1561 1818 1651 1865 καὶ
1705 1813 1835 1865 οὕτω

228 1913 399 1960 πεσὼν
488 1905 575 1958 ἐπὶ
659 1908 938 1976 πρόσωπον
971 1945 984 1970 ,
1069 1908 1427 1975 προσκυνήσει
1509 1910 1581 1972 τῷ
1671 1911 1784 1973 Θεῷ
1818 1943 1831 1969 ,

228 1995 592 2067 ἀπαγγέλλων,
643 1994 724 2046 ὅτι
780 1995 806 2044 6
870 1995 999 2054 Θεὸς
1049 1996 1205 2054 ὅντως
1260 1990 1307 2043 ἐν
1373 1993 1494 2063 ὑμῖν
1551 1993 1711 2045 ἐστιν.
1774 1991 1836 2042 Εἰ

227 2091 398 2138 τοίνυν
445 2082 504 2136 έκ
547 2090 642 2145 τῆς
690 2087 1010 2156 προφητείας
1078 2089 1176 2143 τῆς
1230 2082 1364 2132 κατὰ
1415 2086 1509 2138 τὴν
1575 2076 1834 2155 διαίρεσιν

225 2184 324 2227 τῶν
374 2173 736 2245 χαρισμάτων
792 2178 887 2222 τοῦ
954 2172 1243 2243 Πνεῦματος
1295 2168 1680 2244 ἐνεργουμένης,
1722 2168 1833 2221 ἐπι-

224 2270 548 2334 γινώσκεται
587 2264 614 2313 6
663 2265 796 2322 Θεὸς
844 2259 893 2312 έν
942 2266 1047 2320 τοῖς
1095 2265 1385 2332 προφήταις
1431 2255 1580 2326 εἶναι,
1621 2258 1833 2332 βουλευ-

229 2355 520 2405 σάσθωσαν
569 2351 714 2403 οὗτοι
763 2353 920 2403 ποίαν
958 2355 1140 2424 χώραν
1188 2345 1534 2401 ἀποδώσουσι
1569 2356 1640 2420 τῷ
1681 2351 1836 2402 Πνεύ⁸

226 2463 353 2514 ματι
419 2449 497 2511 τῷ
547 2441 720 2511 ἁγίῳ·
777 2443 991 2514 πότερον
1046 2441 1176 2511 μετὰ
1227 2442 1354 2492 Θεοῦ
1407 2439 1751 2509 τάσσειν(1),
1800 2437 1829 2495 ἣ

229 2537 357 2603 πρὸς
414 2535 506 2587 τήν
551 2534 727 2581 κτίσιν
776 2527 980 2590 ἐξωθεῖν
1039 2525 1390 2601 δικαιότερον.
1443 2531 1542 2579 Καὶ
1595 2530 1653 2578 τὸ
1708 2529 1834 2601 πρὸς

228 2623 520 2693 sex-5.:sz
578 2619 678 2670 ὑπὸ
745 2621 988 2689 Πέτρου·
1051 2620 1114 2669 Τί
1179 2617 1256 2669 ὅτι
1326 2617 1652 2688 συνεφωνήθη
1712 2617 1832 2688 ὑμῖν

225 2711 482 2783 πειράσαι
546 2711 606 2760 τὸ
684 2713 896 2778 Πνεῦμα
969 2710 1026 2758 τὸ
1107 2706 1292 2778 άγιον;
1371 2705 1462 2757 οῦκ
1539 2704 1834 2776 ἐψεύσασθε

226 2798 544 2873 ἄνθρωποις,
598 2795 726 2848 ἄλλὰ
785 2803 938 2866 Θεῷ’
996 2792 1282 2863 δείκνυσιν,
1324 2798 1404 2848 ὅτι
1460 2798 1526 2847 τὰ
1581 2795 1713 2847 αὐτά
1763 2795 1832 2856 εἰς

223 2892 284 2940 τὸ
313 2893 530 2960 Πνεῦμα
569 2890 628 2938 τὸ
667 2885 818 2956 οἱγιον
843 2890 932 2937 καὶ
962 2885 1028 2948 εἰς
1056 2890 1178 2938 Θεὸν
1217 2884 1329 2937 ἐστι
1359 2887 1421 2938 τὰ
1459 2884 1829 2957 ἁμαρτήματα.

227 2982 329 3030 Καὶ
371 2977 513 3027 αῦτω
547 2971 598 3027 δ’
640 2974 702 3026 ἂν
745 2977 806 3026 τὸ
853 2977 1072 3046 συναφες
1107 2979 1197 3026 καὶ
1224 2971 1520 3045 ἀδιαίρετον
1559 2977 1694 3026 κατὰ
1736 2980 1831 3026 πᾶ-

226 3084 326 3116 σαν
379 3064 634 3138 ἐνέργειαν
683 3062 785 3115 ἀπὸ
833 3066 1037 3136 Πατρός
1091 3068 1181 3115 καὶ
1228 3065 1352 3115 Υἱοῦ
1399 3069 1507 3114 τοῦί
1539 3065 1832 3135 Πνεῦματος
1871 3090 1913 3144 C

226 3149 583 3224 διδαχθείης.
625 3153 981 3225 Ἐνεργοῦντος
1011 3153 1079 3221 (2)
1129 3157 1219 3202 τοῦ
1259 3157 1392 3203 Θεοῦ
1435 3153 1524 3212 τὰς
1551 3147 1832 3225 διαιρέσεις

223 3250 328 3292 τῶν
387 3241 788 3314 ἐνεργημάτων,
848 3245 938 3291 καὶ
996 3247 1085 3292 τοῦ
1145 3243 1338 3312 Κυρίου
1394 3242 1484 3302 τὰς
1548 3235 1833 3314 διαιρέσεις

223 3339 329 3382 τῶν
388 3327 690 3399 διακονιῶν,
752 3329 1084 3403 συμπάρεστι
1143 3332 1200 3380 τὸ
1254 3329 1402 3399 άγιον
1455 3333 1683 3400 Πνεῦμα,
1739 3333 1831 3386 την

221 3416 500 3490 διανομήν
545 3427 641 3471 τῶν
688 3422 1040 3494 χαρισμάτων
1088 3422 1216 3491 πρὸς
1272 3422 1366 3475 την
1416 3416 1562 3480 ἀξίαν
1614 3419 1829 3470 ἑκάστου

223 3506 592 3568 αὐτεξουσίως
636 3506 951 3578 οἰκονομοῦν·
1009 3509 1290 3579 Διαιρέσεις
1345 3509 1466 3580 γὰρ,
1519 3512 1668 3578 φησι,
1727 3527 1830 3578 χα-

217 3599 511 3671 ρισμάτων
564 3595 680 3661 εἰσί,
733 3600 794 3648 τὸ
853 3592 914 3648 δὲ
971 3595 1096 3648 αῦτό
1165 3602 1393 3668 Πνεῦμα.
1467 3601 1565 3648 Καὶ
1632 3593 1830 3669 διαιρέ-

222 3704 344 3744 σεις
418 3680 694 3736 διακονιῶν
761 3684 913 3751 εἰσιν,
982 3686 1008 3736 6
1071 3681 1130 3737 δι
1202 3684 1357 3746 αὐτὸς
1439 3687 1652 3757 Κύριος.
1731 3691 1830 3737 Καὶ

219 3771 520 3845 διαιρέσεις
585 3773 944 3847 ἐνεργημάτων
1011 3774 1177 3841 εἰσὶν,
1247 3776 1272 3825 6
1340 3771 1398 3825 δὲ
1465 3773 1621 3835 αὐτὸς
1683 3777 1827 3834 Θεὸς,

217 3866 246 3914 6
323 3863 536 3936 ἐνεργῶν
591 3865 656 3915 τὰ
708 3866 880 3916 πάντα
937 3863 986 3915 ἐν
1043 3869 1197 3920 πᾶσι.
1254 3869 1434 3914 Ταῦτα
1500 3859 1559 3914 δὲ
1625 3864 1825 3930 πάντα,

217 3959 408 4025 φησιν,
471 3951 662 4024 ἐνεργεῖ
710 3956 767 4004 τὸ
826 3952 874 4004 ἓν
930 3958 1019 4004 καὶ
1084 3955 1140 4004 τὸ
1208 3952 1334 4004 αῦτὸ
1402 3958 1625 4023 Πνεῦμα,
1691 3948 1829 4004 διαι·

211 4049 348 4119 ροῦν
402 4039 522 4113 ἰδία
572 4042 795 4114 ἑκάστῳ,
844 4044 1018 4104 καθὼς
1066 4040 1330 4114 βούλεται.
1385 4041 1459 4093 Οὐ
1499 4047 1596 4113 μὴν
1645 4039 1825 4100 ἐπειδὴ

212 4139 432 4205 πρῶτον
491 4131 715 4183 ἐνταῦθα
773 4137 864 4183 τοῦ
917 4133 1211 4204 Πνεῦματος
1264 4132 1290 4182 ὁ
1349 4131 1658 4191 Ἀπὸστοὶος
1720 4131 1829 4184 ἐπε-

214 4223 462 4293 μνησθη,
491 4225 583 4271 καὶ
631 4217 871 4295 δεύτερον
919 4227 1011 4273 τοῦ
1040 4222 1184 4289 Υἰοῦ,
1215 4240 1305 4272 και
1345 4225 1516 4295 τρίτον
1555 4227 1646 4272 τοῦ
1696 4228 1828 4273 Θεοῦ

211 4317 311 4363 καὶ
367 4313 600 4384 Πατρός,
650 4306 760 4369 ἤδη
819 4314 928 4384 χρή
978 4310 1202 4362 καθόλου
1251 4313 1480 4381 νομίζειν
1543 4307 1830 4382 ἀντεστρα-

217 4402 350 4471 γθαι
392 4404 492 4457 τήν
542 4399 710 4461 τάξιν.
752 4398 882 4452 Ἀπὸ
912 4402 1010 4474 γὰρ
1042 4407 1138 4460 τῆς
1180 4401 1433 4472 ἡμετέρας
1465 4401 1700 4468 σχέσεως
1734 4403 1828 4456 τὴν

719 4484 896 4545 ἐπειδὴ
943 4484 1328 4558 ὑποδεχόμενοι
1379 4488 1443 4538 τὰ
1483 4484 1647 4561 δῶρα,
1680 4495 1826 4561 πρῶ-

1865 4443 1905 4495 D

220 4488 403 4561 ἀρχὴν
444 4486 621 4540 ὒαϐεν
652 4509 665 4520 ·

217 4595 308 4628 τον
357 4579 751 4649 ἐντυγχάνομεν
801 4585 872 4647 τῷ
921 4573 1254 4648 διανέμοντι·
1303 4572 1412 4627 εἶτα
1452 4575 1714 4646 ἐννοοῦμεν
1745 4580 1829 4627 τὸν

223 4665 648 4718 ἀποστ-εὐαντα·
692 4665 804 4718 εἶτα
847 4665 1100 4738 ἀνάγομεν
1147 4670 1235 4723 την
1285 4665 1566 4737 ἐνθύμησιν
1613 4664 1697 4717 ἐπὶ
1735 4668 1828 4722 τὴν

219 4762 398 4825 πηγήν
432 4761 524 4807 καὶ
556 4754 726 4808 αἰτίαν
757 4763 857 4806 τῶν
889 4753 1118 4826 ἀγαθῶν.

1431 265 1632 320 LIBER
1671 259 1770 318 DE
1800 258 2069 318 SPIRITU
2111 263 2399 323 SANCTO.

3497 277 3601 331 134

1949 385 2250 458 dejiciam,
2268 377 2373 461 qui
2398 391 2688 447 adversus
2720 392 2970 464 Spiritus
2999 394 3343 465 eriguntur;
3371 397 3598 471 quique

1949 477 2341 534 commiscent
2359 495 2481 535 non
2515 480 2842 543 miscenda,
2867 487 2920 538 et
2946 483 3163 540 similia
3190 485 3433 554 faciunt,
3459 503 3596 560 quae

1948 568 2468 638 comparationem
2498 575 2810 641 respuunt.
3231 586 3236 590 ·

2573 686 2795 742 CAPUT
2831 689 2962 744 XVI.

1950 786 2118 868 Quod
2147 789 2220 868 in
2273 791 2436 846 omni
2476 792 2717 868 notione
2758 794 3024 868 Spiritus
3056 802 3319 868 sanctus
3363 799 3596 868 insepa-

2018 859 2230 932 rabitis
2272 868 2355 916 est
2405 878 2440 918 a
2481 864 2667 918 Patre
2702 870 2756 919 et
2796 859 2969 932 Filio,
3012 866 3134 921 sive
3178 868 3240 921 in
3295 859 3598 926 creatione

2015 930 2492 1001 intelligibitium
2539 930 2983 1001 creaturarum.
3033 938 3154 992 sive
3202 942 3262 992 in
3304 941 3596 995 humana-

2015 1016 2151 1056 rum
2199 1018 2398 1060 rerum
2438 1006 2896 1075 dispensatione,
2929 1009 3053 1064 sive
3080 1010 3141 1063 in
3160 1009 3396 1078 judicio
3437 1012 3597 1080 quod

1998 1081 2422 1143 exspectatur.

2017 1191 2104 1242 37.
2166 1190 2250 1244 Ad
2310 1191 2370 1246 id
2425 1192 2603 1261 igitur
2663 1194 2828 1265 quod
2882 1194 3049 1250 initio
3101 1195 3439 1252 institutum
3509 1199 3598 1251 est

1945 1276 2285 1347 redeamus,
2336 1281 2500 1352 quod
2553 1282 2830 1338 videlicet
2885 1283 2944 1337 in
3000 1283 3283 1339 omnibus
3345 1284 3595 1356 Spiritus

1946 1370 2192 1420 sanctus
2238 1368 2660 1441 inseparabilis
2704 1376 2759 1426 et
2800 1387 3052 1443 prorsus
3097 1373 3484 1428 indistractus
3525 1373 3598 1428 sit

1947 1469 1982 1507 a
2014 1456 2181 1510 Patre
2213 1461 2268 1512 et
2299 1457 2458 1513 Filio.
2501 1458 2718 1512 Paulus
2766 1459 3081 1515 Corinthiis
3130 1461 3399 1516 scribens
3431 1477 3502 1517 eo
3530 1462 3594 1516 in

1944 1540 2077 1597 loco
2122 1543 2181 1598 in
2229 1561 2352 1616 quo
2395 1545 2469 1601 de
2512 1546 2674 1601 dono
2714 1546 3057 1616 linguarum
3093 1552 3327 1616 tractat,
3368 1549 3487 1605 ait:
3529 1549 3597 1605 Si

1945 1646 2144 1687 omnes
2171 1635 2560 1702 prophetetis,
2591 1636 2977 1705 ingrediatur
3019 1639 3473 1709 autem‘atiquis
3503 1639 3594 1693 in-

1941 1720 2156 1792 ﬁdelis,
2205 1729 2311 1778 aut
2359 1723 2570 1791 idiota,
2611 1725 2897 1790 arguitur
2935 1726 3009 1781 ab
3047 1727 3339 1790 omnibus,
3372 1727 3596 1796 dijudi-

1945 1815 2123 1866 catur
2149 1811 2226 1866 ab
2267 1813 2540 1868 omnibus
2565 1829 2586 1868 ,ο
2619 1816 2859 1869 occulta
2890 1816 3088 1870 cordis
3117 1817 3244 1885 ejus
3268 1818 3592 1886 manifesta

1941 1899 2116 1970 ﬁunt,
2170 1907 2347 1971 atque
2395 1903 2480 1956 ita
2526 1903 2847 1972 procidens
2901 1905 2963 1958 in
3011 1905 3255 1973 faciem,
3310 1906 3593 1961 adorabit

1943 1990 2149 2056 Deum,
2180 1992 2542 2047 renuntians
2577 1993 2738 2063 quod
2764 1994 2921 2048 Deus
2963 1994 3038 2047 sit
3078 2009 3211 2049 vere
3237 1995 3299 2049 in
3332 1995 3494 2050 vobis
3517 1997 3587 2049 ⁵³.

1943 2079 2168 2149 Itaque,
2202 2079 2250 2133 si
2280 2094 2353 2133 ex
2382 2080 2718 2152 prophetia,
2749 2096 2882 2152 quae
2909 2081 3081 2150 juxta
3108 2081 3589 2138 distributionem
3619 2153 3625 2158 ,λ

1943 2165 2248 2222 donorum
2281 2167 2530 2239 Spiritus
2562 2168 2776 2237 editur,
2814 2169 3162 2239 agnoscitur
3192 2173 3346 2225 Deus
3369 2170 3429 2225 in
3456 2186 3590 2242 pro-

1941 2254 2135 2327 pbetis
2163 2257 2272 2326 31
2305 2272 2460 2321 esse,
2494 2257 2837 2313 consultent
2861 2256 2954 2313 isti
2981 2274 3165 2330 quem
3193 2257 3395 2313 locum
3426 2259 3590 2314 attri-

1940 2344 2144 2400 buturi
2192 2346 2310 2402 sint
2365 2348 2606 2418 Spiritui
2655 2354 2910 2404 sancto:
2967 2353 3168 2404 utrum
3221 2348 3454 2420 aequius
3515 2349 3592 2406 sit

1940 2433 2110 2488 illum
2143 2451 2281 2490 cum
2314 2438 2431 2490 Deo
2455 2436 2729 2507 jungere,
2764 2453 2840 2492 an
2874 2437 2949 2492 ad
2980 2443 3391 2492 creaturarum
3431 2438 3588 2492 ordi-

1940 2537 2080 2578 nem
2121 2523 2454 2580 extrudere.
2489 2525 2641 2590 Quin
2673 2530 2728 2581 et
2768 2525 2882 2581 ista
2929 2525 3077 2582 Petri
3119 2525 3196 2582 ad
3230 2527 3590 2598 Sapphiram

1940 2611 2142 2679 verba,
2177 2613 2332 2680 Quid
2372 2619 2455 2669 est
2493 2615 2655 2685 quod
2699 2616 2973 2671 convenit
3010 2617 3169 2671 inter
3210 2631 3309 2670 vos
3358 2621 3592 2672 tentare

1938 2699 2230 2768 Spiritum
2271 2707 2546 2757 sanctum
2571 2706 2596 2756 .9
2624 2719 2745 2758 non
2783 2705 3018 2759 mentiti
3060 2705 3194 2760 estis
3228 2704 3584 2776 hominibus,

1940 2789 2042 2845 sed
2069 2791 2190 2845 Deo
2212 2792 2258 2825 ⁵³
2285 2791 2613 2847 ostendunt
2645 2793 2860 2848 eadem
2886 2793 2945 2848 in
2975 2793 3255 2865 Spiritum
3287 2798 3586 2859 sanctum,

1940 2877 2080 2933 etin
2113 2881 2300 2934 Deum
2350 2896 2478 2935 esse
2510 2885 2778 2952 peccata.
2813 2886 3001 2953 Atque
3041 2883 3155 2937 hoc
3199 2883 3379 2937 etiam
3410 2888 3588 2953 pacto

1905 3037 1908 3040 Α
1939 2967 2168 3023 discere
2193 2969 2438 3040 poteris.
2475 2970 2758 3041 Spiritum
2788 2975 3063 3025 sanctum
3096 2971 3155 3024 in
3187 2971 3348 3025 omni
3378 2986 3589 3040 opera-

1940 3055 2098 3111 tione
2145 3057 2538 3127 conjunctum
2583 3063 2638 3112 et
2669 3057 3136 3130 inseparabilem
3181 3074 3312 3112 esse
3343 3074 3379 3112 a
3419 3061 3586 3113 Patre

1940 3148 1996 3198 et
2036 3144 2194 3200 Filio.
2229 3147 2375 3201 Cum
2411 3149 2564 3200 Deus
2600 3146 2777 3201 efﬁcit
2806 3145 3258 3202 distributiones
3289 3147 3587 3218 operatio-

1939 3248 2110 3299 num,
2142 3249 2212 3288 ac
2243 3234 2530 3289 Dominus
2567 3234 2891 3290 divisiones
2939 3235 3468 3299 ministrationum,
3516 3235 3590 3290 si-

1939 3322 2063 3378 mul
2087 3322 2261 3378 adest
2290 3324 2541 3394 Spiritus
2573 3330 2835 3392 sanctus,
2871 3325 3251 3397 partitionem
3285 3324 3589 3386 donorum

1939 3426 2048 3482 pro
2087 3411 2384 3484 cujusque
2426 3412 2714 3482 dignitate
2761 3415 3008 3486 proprio
3055 3413 3301 3468 arbitrio
3349 3413 3590 3485 dispen-

1939 3516 2100 3556 sans.
2134 3502 2313 3571 Nam,
2343 3502 2555 3574 inquit,
2583 3502 2901 3559 divisiones
2927 3504 3218 3559 donorum
3245 3510 3403 3564 sunt.
3435 3504 3586 3560 idem

1937 3595 2132 3645 autem
2167 3591 2456 3657 Spiritus.
2503 3591 2582 3645 Et
2626 3592 2945 3648 divisiones
2988 3592 3586 3647 administrationum

1936 3685 2096 3744 sunt,
2129 3680 2283 3735 idem
2325 3686 2524 3736 autem
2563 3683 2870 3737 Dominus.
2904 3683 2982 3736 Et
3013 3682 3336 3736 divisiones
3381 3696 3586 3749 opera-

1939 3770 2163 3825 tionum
2192 3775 2354 3839 sunt,
2385 3771 2536 3827 idem
2579 3775 2778 3828 autem
2815 3773 2990 3835 Deus,
3021 3772 3122 3841 qui
3145 3777 3434 3839 operatur
3468 3785 3587 3825 om-

1935 3860 2040 3914 nia
2079 3861 2140 3914 in
2195 3861 2483 3915 omnibus.
2513 3861 2658 3916 Haec
2701 3866 2902 3916 autem
2950 3861 3170 3927 omnia,
3213 3859 3424 3932 inquit,
3457 3875 3588 3929 ope-

1936 3956 2119 4005 ratur
2174 3965 2328 4004 unus
2381 3957 2436 4005 et
2489 3950 2642 4006 idem
2686 3951 2972 4019 Spiritus,
3023 3950 3289 4006 dividens
3342 3951 3586 4006 seorsim

1937 4041 2170 4110 cuique,
2192 4044 2373 4108 prout
2404 4040 2534 4094 vult
2556 4039 2624 4092 ⁵³.
2653 4044 2928 4095 Altamen
2961 4054 3081 4094 non
3114 4039 3404 4111 quoniam
3438 4044 3592 4111 Apo-

1939 4127 2130 4183 stolus
2158 4128 2353 4200 primo
2373 4127 2506 4184 loco
2536 4128 2810 4183 meminit
2842 4129 3113 4200 Spiritus,
3137 4129 3408 4184 secundo
3439 4128 3586 4196 Filii,

1937 4216 2108 4273 tertio
2163 4217 2262 4272 Dei
2313 4221 2368 4271 et
2418 4217 2626 4283 Patris,
2679 4217 2953 4288 protinus
3007 4221 3243 4288 oportet
3289 4217 3591 4288 suspicari

1935 4305 2211 4361 ordinem
2242 4307 2492 4362 omnino
2540 4307 2848 4361 inversum
2880 4322 3028 4361 esse.
3065 4311 3110 4360 A
3151 4309 3360 4361 nostra
3409 4305 3589 4377 siqui-

1936 4395 2076 4450 dem
2128 4394 2483 4450 habitudine
2538 4396 2798 4466 sumpsit
2851 4395 3186 4450 exordium.
3243 4398 3390 4450 Nam
3447 4411 3587 4450 cum

1937 4485 2102 4540 dona
2142 4483 2475 4555 accipimus
2501 4500 2512 4545 :
2542 4483 2721 4539 nobis
2759 4485 2808 4537 is
2835 4484 2938 4555 qui
2979 4483 3296 4550 distribuit,
3330 4484 3593 4539 occurrit

1937 4575 2237 4646 primum;
2292 4589 2434 4628 mox
2488 4574 2828 4643 cogitamus
2880 4590 3020 4628 eum
3072 4573 3176 4646 qui
3232 4573 3432 4640 misit;
3488 4591 3594 4647 po-

1936 4667 2160 4718 stremo
2205 4662 2628 4730 cogitationem
2674 4661 3062 4733 perducimus
3112 4661 3190 4717 ad
3221 4662 3447 4718 fontem
3487 4680 3593 4719 au-

1939 4757 2289 4824 ctoremque
2321 4751 2648 4806 bonorum.

289 4952 332 4985 ει
379 4927 962 5018 lCor.x1v,2i,25.
1038 4950 1088 4984 δ’
1127 4951 1254 5005 Act.
1288 4965 1343 5008 γ,
1375 4951 1428 5008 9.
1458 4949 1510 5003 4.
1589 4949 1636 4982 εδ
1679 4950 1831 5003 lCor

1949 4963 1988 5013 1,
2023 4949 2173 5002 4-11.

280 5131 396 5190 (9‘7)
440 5129 874 5200 Παρισαξόντων.
897 5127 988 5181 Sic
1009 5141 1221 5182 omnes
1244 5127 1482 5181 codices
1506 5141 1674 5190 mss.,
1695 5141 1815 5180 non

214 5205 273 5253 ut
300 5200 450 5256 editi
478 5199 928 5272 παρεικαζόντων.

277 5274 392 5338 (98;
433 5273 494 5324 ὀ
546 5267 769 5331 Παῦλος.
822 5267 1217 5327 Combeﬁsius
1265 5267 1589 5338 legendum
1647 5271 1818 5338 putat

209 5338 362 5398 δηλοῖ
383 5346 409 5396 ό
433 5344 645 5403 Παῦλος
664 5360 678 5398 :
705 5341 817 5398 sed
839 5340 1183 5397 necessaria
1201 5355 1324 5395 non
1345 5345 1432 5394 est
1451 5338 1812 5403 emendatio,

207 5416 390 5471 modo
419 5416 667 5472 initium
698 5413 882 5484 hujus
922 5412 1136 5484 capitis
1163 5426 1286 5467 non
1319 5417 1628 5484 sumat_ur,_
1650 5415 1714 5484 ut
1749 5410 1814 5484 in

204 5487 399 5548 editis.
430 5487 517 5544 ab
563 5487 662 5544 his
693 5480 921 5547 verbis,
953 5480 1087 5543 ὁπως
1116 5483 1166 5535 ἐν
1208 5487 1388 5547 πᾶσίν,
1423 5482 1529 5536 sed
1575 5480 1654 5537 ab
1700 5481 1814 5546 his,

203 5559 279 5609 ἐπὶ
322 5556 412 5610 οὖν
455 5565 540 5622 τὸ,
576 5562 646 5614 ut
692 5558 755 5612 in
799 5553 1104 5612 veteribus
1147 5553 1334 5611 libris.
1368 5553 1598 5609 Habent
1636 5552 1818 5608 etiam

1926 5124 2066 5179 editi
2095 5126 2119 5175 6
2150 5124 2299 5193 οἰγιος
2328 5124 2547 5193 Παυλος,
2579 5123 2682 5178 sed
2715 5124 2953 5179 codices
2988 5142 3133 5182 mss.
3168 5131 3234 5180 ut
3258 5126 3591 5181 edidimus.

1997 5199 2108 5262 (99)
2153 5192 2366 5266 eia-uos
2397 5192 2457 5246 δέ
2488 5215 2583 5256 τις.
2619 5195 2768 5250 Illud
2799 5204 2878 5257 τίς
2909 5211 2980 5250 ex
3024 5198 3212 5252 tribus
3276 5197 3594 5250 codicibus

1925 5267 2364 5326 addidimus,et
2380 5266 2562 5338 paulo
2587 5274 2722 5337 post
2745 5274 2859 5321 tres
2881 5267 2979 5322 alii
3002 5273 3089 5318 καὶ
3111 5267 3244 5319 οὕτω
3269 5271 3333 5318 τὰ
3361 5270 3592 5338 κρυπτά.

1994 5340 2072 5404 (1)
2109 5343 2355 5391 Τάσσειν.
2389 5338 2481 5393 Sic
2515 5354 2666 5393 mss.
2696 5339 2835 5392 Editi
2875 5341 3208 5392 συντάσσειν.
3236 5338 3425 5392 Paulo
3457 5345 3596 5410 post

1927 5409 2062 5463 editi
2094 5412 2384 5482 Σάπφειραν
2413 5429 2515 5461 τοω
2550 5415 2765 5482 Πέτρου.
2799 5412 2931 5463 Mss.
2963 5416 3026 5464 ui
3058 5411 3115 5463 in
3147 5415 3334 5482 testu.

2000 5483 2074 5548 (2)
2117 5478 2492 5551 'ilvépy'ovvrog.
2528 5478 2661 5536 Post
2703 5481 2860 5535 hanc
2906 5495 3110 5534 vocem
3163 5478 3305 5551 editi
3360 5480 3597 5538 addunt

1927 5553 2050 5624 γάρ,
2076 5551 2242 5624 quod
2265 5550 2335 5606 in
2367 5554 2667 5608 veteribus
2687 5551 2855 5606 libris
2885 5566 3009 5606 non
3040 5550 3359 5621 reperitur.
