4050 6202
476 243 574 298 135
1840 231 1898 288 s.
1938 205 2186 286 nisu."
2224 230 2465 288 MAGNI.
3733 235 3831 291 ωδ

545 368 632 421 38.
674 367 804 422 Jam
854 362 1032 418 etiam
1082 377 1153 416 ex
1202 359 1380 416 rebus
1417 357 1584 414 initio
1633 355 1891 412 conditis
1923 355 2126 412 discas
2165 357 2212 410 Α

471 453 608 511 licet
655 451 911 525 Spiritus
949 467 1089 506 cum
1137 453 1302 504 Patre
1331 451 1387 503 et
1430 446 1570 502 Filio
1609 445 2124 502 communionem.

475 547 622 599 Nam
653 558 818 614 purae
851 544 907 596 et
931 539 1326 608 intelligentes
1373 541 1429 592 et
1459 535 1972 608 supermuudanaa
2015 533 2129 614 vir-

474 637 657 700 tutes,
711 634 932 686 sanctas
990 635 1116 683 tum
1171 630 1336 694 sunt,
1393 629 1520 681 tum
1584 623 2002 685 nominantur,
2052 609 2129 677 ex

476 721 673 790 gratia
705 735 738 774 a
782 718 1000 790 Spiritu
1033 719 1241 772 sancto
1271 715 1470 770 infusa
1502 711 1962 768 sanctimoniam
1990 725 2128 766 con-

475 815 715 865 secutae.
768 809 959 873 Quare
1007 804 1241 861 silentio
1289 801 1728 875 praetermissus
1777 804 1868 856 est
1908 798 2128 855 modus

477 896 792 954 creationis
830 893 1162 950 caelestium
1209 893 1534 955 virtutum;
1568 905 1712 946 nam
1760 906 1831 944 ex
1879 887 2128 943 sensibi-

473 986 632 1041 libus
663 990 895 1041 tantum
936 986 1267 1038 creatorem
1310 979 1485 1036 nobis
1517 979 1751 1052 aperuit
1780 977 1828 1032 is
1857 978 1961 1050 qui
1991 993 2130 1032 con-

476 1073 582 1129 diti
639 1074 802 1129 orbis
855 1071 1210 1143 conscripsit
1260 1068 1596 1125 historiam.
1657 1070 1740 1123 'l‘u
1790 1082 1963 1131 vero,
2024 1065 2129 1137 qui

475 1163 819 1220 facultatem
847 1161 1036 1217 habes
1077 1176 1150 1215 ex
1192 1158 1526 1214 visibilibus
1564 1155 1884 1212 invisibilia
1921 1154 2129 1227 depre-

474 1252 802 1321 hendendi,
849 1249 1120 1322 glorifica
1163 1247 1543 1303 Conditorem
1597 1246 1658 1301 in
1715 1260 1836 1316 quo
1887 1243 2130 1300 condita

477 1347 618 1398 sunt
656 1340 882 1406 omnia,
916 1339 1040 1393 sive
1072 1330 1418 1410 potestates,
1454 1335 1578 1390 sive
1625 1333 1970 1400 invisibilia,
2003 1334 2128 1389 sive

473 1431 866 1504 principatus,
919 1428 1045 1482 sive
1103 1430 1451 1498 potestates,
1511 1423 1636 1479 sive
1692 1423 1957 1493 virtutes,
2008 1421 2128 1478 sive

475 1518 698 1588 throni,
733 1519 854 1572 sive
903 1515 1348 1571 dominationes
1372 1516 1439 1578 5",
1476 1518 1531 1568 et
1569 1513 1614 1568 si
1651 1528 1786 1584 quae
1832 1511 1962 1567 aliae
1993 1516 2131 1566 sunt

473 1607 799 1665 rationales
852 1610 1103 1672 naturas,
1147 1620 1283 1676 quae
1331 1602 1631 1658 nominari
1682 1616 1804 1656 non
1852 1604 2124 1673 possunt.

2317 357 2406 412 38.
2447 356 2644 415 Μάθοις
2685 349 2734 406 δ’
2786 352 2844 406 ἂν
2892 358 2986 413 τὴν
3029 358 3157 430 πρὸς
3207 358 3416 429 Πατέρα
3457 359 3546 409 καὶ
3593 359 3709 411 Υίόν
3746 365 3833 410 τοῦ

2245 447 2540 516 Πνεῦματος
2599 449 2867 496 κοινωνίαν
2915 450 3003 496 καὶ
3053 444 3098 497 ἐν
3150 453 3248 496 τῶν
3422 441 3831 521 ὃημιουργημά-

2239 552 2337 584 των
2385 542 2483 585 τῶν
2526 533 2577 595 ἐξ
2626 532 2816 605 ἀρχῆς.
2862 536 2924 586 Αἱ
2966 535 3066 607 γὰρ
3117 535 3346 607 καθαραὶ
3393 539 3482 587 καί
3527 540 3696 610 νοεραὶ
3745 542 3830 588 καὶ

2238 623 2582 694 ὑπερκόσμιοι
2632 618 2875 693 δυνάμεις
2930 623 3081 693 ἅγιαι
3127 627 3216 674 καί
3266 622 3368 675 εἰσι
3415 628 3504 675 καὶ
3557 623 3830 696 ὀνομάζον-

2236 729 2343 779 ται,
2394 710 2448 762 ἐκ
2495 720 2588 770 τῆς
2634 713 2779 786 παρὰ
2833 719 2924 764 τοῦ
2974 711 3125 784 ἁγίου
3163 716 3482 786 ⁶Πνεῦματος
3535 711 3830 776 ἐνὸοθείσης

2236 802 2458 872 χάριτος
2523 803 2607 851 τόν
2676 800 2938 872 ἁγιασμόν
3011 805 3340 873 κεκτημέναι.
3406 802 3566 856 ’.Ωστε
3638 804 3826 857 ἀποσε-

2241 893 2500 945 σιῶπηται
2552 890 2642 960 μὲν
2689 889 2714 938 ὁ
2771 894 2955 962 τρόπος
3009 897 3098 948 τῆς
3151 894 3370 951 κτίσεως
3423 899 3523 943 τῶν
3582 892 3831 964 οὐρανίων

2239 973 2543 1048 δυνάμεων
2605 974 2705 1028 ἀπὸ
2759 980 2859 1050 γὰρ
2913 985 3011 1028 τῶν
3066 977 3326 1035 αἰσθητῶν
3381 980 3534 1050 μόνον
3591 983 3676 1029 τόν
3736 986 3834 1036 Δη-

2237 1068 2487 1138 μιουργόν
2531 1067 2655 1138 ἡμῖν
2705 1067 2730 1116 ό
2779 1070 2872 1124 τήν
2911 1071 3252 1138 κοσμογονίαν
3273 1067 3350 1137 (4)
3395 1067 3837 1140 συγγραψάμενος

2239 1153 2556 1224 ἀπεκάλυψε.
2618 1158 2684 1206 Συ
2737 1150 2835 1218 δὲ,
2891 1157 3025 1225 ἔχων
3082 1151 3303 1226 δύναμιν
3371 1153 3423 1206 ἐκ
3478 1162 3576 1205 τῶν
3635 1157 3838 1230 ὁρατῶν

2239 1242 2645 1313 ἀναλογίζεσθαι
2690 1245 2754 1294 τὰ
2801 1241 3018 1315 ἀόρατα,
3062 1239 3252 1305 δόξαζε
3299 1247 3387 1295 τόν
3433 1249 3656 1301 Ποιητὲν
3708 1245 3754 1297 ἐν

2238 1332 2451 1389 ἐκτίσθη
2507 1334 2572 1382 τὰ
2619 1334 2828 1399 πάντα,
2881 1335 2980 1384 εἴτε
3027 1333 3227 1406 ὁρατὰ,
3285 1335 3382 1384 εἴτε
3440 1330 3673 1405 ἀόρατα,
3739 1337 3843 1386 εῐτε

2239 1420 2425 1493 ἀρχαὶ,
2461 1423 2558 1472 εῖτε
2603 1420 2854 1486 ἐξουσίαι,
2891 1425 2985 1472 εἴτε
3035 1418 3302 1493 δυνάμεις,
3346 1424 3444 1473 εἴτε
3493 1423 3683 1493 θρόνοι,
3735 1427 3842 1476 εἶτε

2238 1514 2562 1581 κυριότητες,
2610 1513 2699 1560 καὶ
2744 1513 2788 1560 εἶ
2834 1514 2959 1569 τινές
3007 1509 3137 1561 εἰσιν
3183 1512 3350 1584 ἕτεραι
3387 1509 3594 1580 λογικαὶ
3635 1513 3837 1583 φυσεις,

2240 1599 2778 1671 ἀκατονόμαστοι
2814 1599 2893 1652 Ἐν
2927 1595 2984 1651 δὲ
3030 1607 3091 1672 τῇ
3143 1603 3335 1651 τούτων
3385 1604 3554 1652 κτίσει
3593 1600 3840 1659 ἐννόησόν

476 1700 540 1752 In
583 1697 802 1752 horum
852 1701 1055 1749 autem
1105 1693 1403 1748 creatione
1452 1691 1649 1761 cogita
1704 1689 1854 1745 mihi
1909 1688 2128 1761 prima-

2241 1710 2326 1763 μοι
2375 1695 2466 1748 τήν
2513 1692 2969 1764 προκαταρκτικὴν
3017 1689 3188 1740 αἰτίαν
3235 1697 3334 1740 τῶν
3391 1694 3682 1762 γινομένων,
3745 1695 3839 1743 τόν

475 1787 629 1842 riam
679 1799 930 1839 causam
979 1798 1188 1837 eorum
1230 1796 1366 1852 quae
1406 1780 1576 1845 liunt,
1621 1781 1892 1844 Patrem;
1925 1777 2130 1834 condi-

477 1875 708 1937 tricem,
743 1872 952 1926 Filium
982 1890 994 1939 ;
1029 1868 1458 1942 perfectricem,
1493 1868 1774 1940 Spiritum
1809 1871 2125 1922 sanctum:

475 1968 540 2018 ut
586 1961 891 2017 voluntate
939 1958 1189 2031 quidem
1236 1957 1423 2013 Patris
1472 1957 1591 2012 sint
1639 1955 2130 2012 administratorii

478 2050 757 2122 spiritus,
812 2047 934 2104 Filii
994 2062 1132 2102 vero
1195 2046 1545 2118 operatione
1601 2045 2011 2117 perducantur
2065 2049 2132 2099 ut

479 2139 618 2207 sint,
649 2137 900 2210 Spiritus
931 2141 1130 2192 autem
1160 2134 1481 2208 praesentia
1509 2134 1916 2206 perficiantur.
1950 2136 2128 2188 Porro

479 2226 835 2298 angelorum
881 2223 1163 2297 perfectio
1204 2226 1290 2279 est
1335 2222 1766 2294 sanctificatio,
1816 2227 1870 2279 et
1905 2223 1968 2278 in
2015 2222 2128 2277 hac

477 2314 946 2390 perseverantia.
976 2321 1056 2369 Ac
1087 2329 1265 2368 nemo
1301 2329 1396 2368 me
1427 2311 1630 2367 credat
1657 2317 1773 2367 tres
1808 2309 2129 2381 originales

477 2405 841 2478 hypostases
888 2418 1133 2476 ponere,
1165 2407 1270 2457 aut
1310 2401 1432 2456 Filii
1476 2401 1888 2472 operationem
1931 2399 2129 2455 dicere

476 2491 914 2566 imperfectam.
944 2490 1306 2564 Principium
1339 2489 1500 2545 enim
1543 2505 1751 2544 eorum
1783 2505 1918 2561 quae
1964 2493 2124 2558 sunt,

477 2599 666 2638 unum
711 2585 819 2649 est,
871 2596 975 2652 per
1028 2579 1238 2635 Filium
1286 2578 1554 2634 condens
1601 2582 1657 2633 et
1704 2578 2021 2649 perﬁciens
2066 2577 2129 2632 in

480 2671 718 2743 Spiritu.
755 2672 838 2724 Ac
863 2684 972 2724 nec
1004 2671 1190 2739 Pater,
1226 2667 1327 2740 qui
1359 2672 1640 2740 operatur
1669 2667 1876 2723 omnia
1906 2667 1968 2722 in
1996 2682 2127 2722 om-

476 2759 682 2829 nibus,
712 2757 1126 2830 imperfectam
1173 2756 1397 2812 habeat
1444 2756 1896 2828 operationem:
1931 2771 2127 2828 neque

478 2847 658 2902 Filius
707 2847 1259 2901 inconsummatam
1290 2844 1675 2909 creationem,
1710 2844 1822 2899 nisi
1847 2860 1884 2900 a
1910 2844 2130 2916 Spiritu

475 2935 838 3008 perﬁciatur.
873 2936 992 2988 Hoc
1035 2933 1195 2987 enim
1238 2938 1412 3004 pacto
1461 2948 1571 2987 nec
1617 2935 1786 2988 Pater
1827 2949 1982 3004 opus
2025 2933 2130 2988 ha-

2241 1784 2482 1853 Πατέρα·
2527 1783 2616 1836 τὴν
2666 1773 3074 1852 δημιουργικὴν,
3107 1783 3194 1830 τόν
3241 1781 3354 1830 Υίόν
3381 1795 3392 1808 ·
3439 1784 3533 1837 τὴν
3573 1779 3840 1833 τελειωτι-

2238 1874 2355 1936 κήν,
2383 1872 2440 1920 τό
2470 1875 2676 1938 Πνεῦμα
2703 1888 2713 1899 ·
2756 1869 2888 1919 ὥστε
2915 1865 3212 1939 βουλήματι
3258 1871 3347 1940 μεν
3388 1876 3477 1920 τοῦ
3530 1874 3730 1944 Πατρός
3768 1873 3846 1922 τὰ

2238 1958 2568 2030 λειτουργικὰ
2631 1959 2900 2028 πνεύματα
2962 1957 3240 2029 ὑπάρχειν,
3309 1957 3534 2030 ἐνεργείᾳ
3595 1955 3653 2010 δε
3711 1961 3844 2012 fio-3

2240 2048 2311 2108 εἰς
2354 2051 2412 2098 τό
2458 2043 2585 2098 εῖναι
2630 2047 2978 2118 παράγεσθαι,
3006 2051 3273 2120 παρουσίᾳ
3313 2043 3371 2098 δὲ
3402 2053 3492 2098 τοῦ
3540 2049 3846 2119 Πνεῦματος

2239 2137 2584 2190 τελειοῦσθαι.
2641 2134 2913 2196 Τελείωσις
2963 2131 3020 2187 δὲ
3071 2133 3298 2206 ἀγγέλων
3349 2135 3614 2209 ἁγιασμός
3664 2144 3751 2190 καὶ
3811 2141 3842 2196 ἡ

2239 2227 2289 2279 ἐν
2338 2229 2503 2296 τούτῳ
2563 2221 2813 2297 διαμονή.
2871 2229 2970 2276 Καὶ
3021 2222 3214 2296 μηδεὶς
3266 2224 3452 2277 οἰέσθω
3505 2245 3567 2297 με
3624 2227 3652 2284 ᾖ
3704 2234 3892 2300 τρεῐς’

2241 2313 2369 2367 εἶναι
2423 2314 2584 2386 λέγειν
2638 2312 2868 2387 ἀρχικὰς
2932 2315 3265 2379 ὑποστάσεις,
3327 2314 3354 2371 ἦ
3412 2313 3558 2372 ἀτελῆ
3621 2317 3848 2387 φάσκειν

2237 2411 2329 2456 τοῦ
2377 2405 2499 2456 Υίόῦ
2547 2407 2640 2461 τὴν
2692 2404 2965 2478 ἐνέργειαν.
3001 2403 3172 2474 Ἀρχὴ
3223 2405 3325 2478 γὰρ
3373 2412 3474 2455 τῶν
3515 2408 3666 2456 ὄντων
3714 2410 3887 2476 μία,)

2240 2488 2313 2544 δι’
2364 2495 2485 2544 Υὶοῦ
2535 2489 2955 2565 ὃημιουργοῦσα,
3005 2495 3094 2543 καὶ
3134 2491 3399 2544 τελειοῦσα
3441 2491 3488 2544 ἐν
3539 2494 3838 2564 Πνεῦματι.

2241 2586 2340 2634 Καὶ
2396 2585 2512 2634 οὔτε
2570 2585 2773 2654 Πατὴρ,
2832 2582 2857 2632 ὁ
2913 2582 2980 2632 τὰ
3031 2582 3199 2632 πάντα
3265 2580 3314 2633 ἐν
3370 2587 3529 2633 πᾶσιν
3593 2581 3846 2652 ἐνεργῶν,

2240 2669 2389 2729 ἀτελῆ
2443 2673 2556 2741 ἔχει
2601 2675 2692 2728 τὴν
2734 2669 2983 2743 ἐνέργειαν
3010 2686 3021 2697 ·
3056 2672 3172 2721 οὔτε
3214 2672 3334 2731 Υἱός
3383 2669 3556 2729 ἐλλιπῆ
3607 2675 3702 2727 τὴν
3734 2666 3849 2728 δη-

2238 2764 2536 2834 μιουργίαν,
2605 2763 2675 2830 μὴ
2741 2757 3092 2829 τελειουμένην
3157 2761 3302 2832 παρὰ
3359 2766 3450 2810 τοῦ
3519 2761 3845 2831 Πνεῦματος.

2240 2850 2390 2900 Οὗτῶ
2432 2852 2529 2922 γὰρ
2585 2848 2644 2900 ἆν
2694 2851 2811 2900 οὔτε
2865 2852 3044 2922 Πατὴρ
3098 2844 3448 2922 προσδεηθείη
3501 2851 3622 2901 Υίου

3631 2893 3645 2917 ,
3697 2853 3849 2921 μόνῳ

2236 2947 2307 3008 τῷ
2353 2937 2507 2990 θέλειν
2541 2934 2897 3010 δημιουργῶν,
2931 2935 3040 2987 ἀλλ’
3073 2937 3211 3008 ὅμως
3255 2936 3384 2989 θέλει
3413 2937 3490 3009 (6)
3527 2935 3619 2990 διὰ
3664 2942 3797 2990 Υίου
3837 2959 3851 2972 ο

477 3025 643 3082 bebit
688 3023 852 3094 Filio,
889 3023 1016 3079 sola
1059 3022 1369 3078 voluntate
1415 3038 1626 3078 creans
1654 3041 1666 3090 ;
1698 3024 1812 3094 32
1865 3028 2127 3079 attamen

2241 3027 2346 3078 οὔτ’
2395 3026 2454 3078 ἂν
2510 3031 2778 3100 συνεργίας
2823 3028 2901 3094 (7)
2954 3022 3332 3100 προσδεηθείη,
3382 3026 3498 3078 καθ’
3552 3028 3857 3099 ὁμοιότητα

473 3114 598 3171 vult
626 3129 828 3170 creare
876 3129 983 3184 per
1015 3111 1243 3166 Filium.
1279 3115 1479 3184 Neque
1527 3111 1704 3166 Filius
1735 3112 1932 3182 egebit
1964 3112 2129 3168 auxi-

473 3204 572 3272 lio,
617 3203 789 3272 juxta
844 3201 1029 3257 Patris
1077 3199 1529 3255 similitudinem
1583 3217 1862 3272 operans,
1911 3201 2018 3257 sed
2074 3208 2127 3258 et

379 3291 651 3347 ""Filius
679 3289 803 3344 vult
826 3305 932 3360 per
961 3290 1246 3360 Spiritum
1269 3289 1553 3361 perlicere
1579 3309 1589 3345 :
1624 3307 1764 3350 nam
1805 3292 1988 3348 Verbo
2018 3294 2130 3348 Do-

474 3380 624 3435 mini
651 3378 789 3432 ca’li
812 3378 1047 3445 ﬁrmati
1074 3383 1237 3444 sunt,
1270 3384 1324 3433 et
1366 3378 1598 3447 Spiritu
1631 3381 1753 3435 oris
1783 3383 1910 3449 ejus
1941 3385 2128 3438 omnis

475 3469 669 3523 virtus
699 3482 901 3522 eorum
925 3467 993 3520 ⁵⁵.
1029 3469 1233 3536 itaque
1266 3482 1375 3520 nec
1406 3466 1665 3522 Verbum
1696 3476 1786 3523 est
1830 3470 2128 3538 signiﬁca-

475 3555 595 3611 tiva
618 3554 770 3610 aeris
797 3553 1108 3625 percussio
1131 3570 1238 3625 per
1260 3553 1422 3609 vocis
1440 3555 1837 3612 instrumenta
1863 3558 2122 3628 prolata:

474 3660 586 3700 nec
641 3643 891 3715 Spiritus
949 3642 1068 3697 oris
1125 3640 1344 3698 halitus
1403 3644 1676 3714 partibus
1729 3647 2127 3718 respiratoriis

475 3733 747 3789 etilatus:
784 3730 888 3786 sed
922 3731 1179 3786 Verbum
1212 3736 1302 3786 est
1345 3733 1510 3804 quod
1552 3733 1613 3788 in
1657 3734 1950 3808 principio
2002 3742 2130 3793 erat

474 3822 639 3894 apud
682 3824 892 3888 Deum,
927 3826 984 3876 et
1027 3824 1181 3876 Deus
1213 3826 1340 3876 erat
1360 3823 1428 3878 εδ.
1464 3822 1714 3894 Spiritus
1757 3830 1958 3880 autem
2008 3827 2127 3882 oris

473 3911 595 3978 Dei,
625 3910 875 3983 Spiritus
907 3915 994 3965 est
1039 3909 1323 3980 veritatis,
1361 3910 1526 3982 quia
1556 3915 1722 3967 Patre
1769 3915 2125 3985 procedit“.

474 4004 680 4072 Itaque
746 4000 859 4055 tria
918 3998 1239 4068 intelligis,
1298 3999 1693 4056 mandantem
1763 4005 2123 4071 Dominum,

473 4105 684 4146 creans
716 4087 998 4153 Verbum,
1029 4091 1086 4143 et
1132 4088 1594 4145 conﬁrmantem
1645 4091 1950 4163 Spiritum.
1985 4095 2126 4160 Qum

473 4193 652 4252 porro
675 4177 792 4234 alia
822 4176 1012 4249 possit
1041 4193 1168 4231 esse
1197 4176 1595 4248 confirmatio,
1619 4196 1806 4252 quam
1828 4182 1889 4238 in
1915 4185 2128 4241 sancti-

473 4268 680 4324 monia
706 4265 1018 4340 perfectio;
1043 4267 1519 4323 contirmationis
1550 4285 1697 4326 voce
1727 4271 2122 4346 signiﬁcante,

2239 3125 2329 3169 τοῦ
2381 3119 2583 3189 Πατρός
2635 3114 2883 3189 ἐνεργῶν·
2938 3113 3065 3166 ἀλλὰ
3113 3119 3200 3166 καὶ
3248 3118 3367 3175 Υἱός
3415 3115 3543 3167 θέλει
3595 3112 3687 3167 δια
3748 3126 3857 3168 τοῦ

2240 3209 2530 3278 Πνεῦματος
2577 3203 2796 3256 τελειοῦν
2823 3220 2835 3232 ·
2886 3210 2969 3273 Τῷ
3017 3209 3173 3275 Λόγῳ
3212 3207 3309 3275 γὰρ
3353 3209 3544 3278 Κυρίου
3589 3207 3637 3256 οἱ
3675 3206 3857 3279 οὖρα-

2238 3301 2316 3346 νοὶ
2374 3290 2778 3367 ἐστερεώθησαν,
2831 3298 2920 3344 καὶ
2978 3301 3049 3362 τῷ
3105 3295 3367 3364 Πνεῦματι
3422 3300 3514 3344 τοῦ
3577 3297 3860 3366 στόματος

2238 3384 2398 3436 αὐτοῦ
2461 3389 2608 3435 πᾶσα
2667 3384 2696 3440 ἡ
2767 3378 2991 3453 δύναμις
3053 3382 3245 3435 αὐτῶν.
3317 3386 3451 3434 Οῦτε
3517 3378 3603 3434 οὖν
3673 3389 3861 3455 Λόγος

2241 3473 2384 3547 ἀέρος
2436 3475 2665 3531 τύπωσις
2723 3476 3042 3542 σημαντικὴ,
3104 3467 3198 3522 διὰ
3251 3480 3548 3540 φωνητικῶν
3603 3472 3858 3547 ὀργάνων

2240 3562 2591 3635 ἐκφερομένηο
2648 3559 2761 3612 οὗτε
2819 3567 3027 3633 Πνεῦμα
3085 3565 3338 3633 στόματος
3391 3559 3570 3633 ἀτμός,
3632 3561 3688 3613 ἐκ
3737 3572 3860 3614 τῶν

2241 3649 2658 3701 ἀναπνευστικῶν
2704 3657 2871 3724 μερῶν
2929 3649 3306 3720 ἐξωθοῦμενοςο
3356 3647 3482 3701 ἀλλὰ
3530 3654 3696 3721 Λόγος
3743 3656 3860 3724 μὲν

2240 3742 2264 3792 ό
2312 3743 2442 3814 πρός
2497 3743 2625 3792 Θεόν
2677 3740 2744 3790 ὢν
2800 3739 2846 3791 ἐν
2906 3738 3073 3814 ἀρχῇ,
3130 3744 3220 3791 καὶ
3275 3744 3403 3801 Θεός
3459 3744 3562 3790 ὧν*
3625 3748 3865 3814 Πνευμα

2239 3827 2298 3882 δὲ
2350 3833 2603 3901 στόματος
2651 3836 2784 3882 Θεοῦ
2827 3833 2885 3881 τό
2938 3836 3149 3902 Πνευμα
3199 3838 3288 3890 τῆς
3333 3828 3655 3892 ἀληθείας,ὁ
3695 3836 3867 3906 παρὰ.

2239 3926 2328 3972 τοῦ
2393 3923 2599 3991 Πατρός
2673 3919 3022 3992 ἐκπορεύεται.
3089 3924 3222 3992 Τρία
3280 3924 3450 3970 τοίνυν
3515 3927 3682 3988 νοεῖς,
3749 3927 3867 3974 τόν

2237 4010 2646 4084 προστάσσοντα
2697 4011 2905 4081 Κύριον,
2951 4012 3038 4058 τόν
3089 4003 3516 4082 ὃημιουργοῦντα
3553 4013 3745 4080 Λόγον,
3789 4016 3866 4064 τὸ

2243 4103 2474 4172 στερεοῦν
2507 4099 2578 4169 (8)
2615 4102 2672 4149 τό
2712 4104 2945 4168 Πνεῦμα.
2986 4103 3044 4149 Τί
3077 4093 3127 4148 δ’
3172 4095 3230 4148 ἂν
3279 4097 3399 4148 άλλο
3441 4100 3514 4154 εἴη
3563 4102 3873 4170 στερέωσις

2239 4190 2267 4247 ἦ
2315 4189 2344 4245 ἡ
2404 4190 2540 4239 κατὰ
2590 4191 2675 4238 τόν
2716 4186 2976 4258 ἁγιασμόν
3029 4185 3307 4256 τελείωσις,
3349 4190 3405 4238 τό
3443 4183 3710 4238 ἀνενδοτον
3753 4198 3872 4244 καὶ

2237 4279 2488 4351 ἄτρεπτον
2549 4283 2637 4328 καὶ
2697 4281 2896 4348 παγίως
2959 4275 3317 4350 ἐρηρεισμέθον
3386 4275 3432 4327 έν
3497 4275 3678 4346 ἀγαθῷ
3745 4288 3877 4343 τῆς

474 4356 897 4427 constantiam,
948 4355 1497 4413 immutabilitatem
1547 4364 1603 4415 et
1649 4360 2012 4419 soliditatem
2065 4365 2124 4421 in

2241 4374 2558 4442 στερεωσεως
2621 4366 3016 4440 ἀμφαινοῦσπς;
3083 4366 3373 4438 Ἃγίασμός
3439 4361 3499 4418 δε
3562 4366 3654 4416 οῦκ
3715 4371 3869 4423 ἄνευ

393 4479 404 4486 κ
443 4443 687 4515 bono?
733 4443 1132 4502 Sanctificatio
1181 4450 1381 4501 autem
1431 4463 1554 4503 non
1595 4452 1681 4504 est
1722 4450 1950 4523 absque
2001 4455 2125 4526 Spi-

544 4644 589 4678 ³⁸
632 4641 753 4700 Col.
787 4659 823 4707 ι,
860 4646 945 4699 16.
1024 4644 1070 4678 ⁵³
1112 4643 1266 4698 Psal.
1301 4649 1489 4714 xxxuj
1515 4649 1566 4703 6.
1647 4649 1693 4681 ⁵⁶
1732 4649 1900 4704 Joan.
1937 4666 1973 4718 1,
2014 4657 2059 4707 t.

544 4822 614 4890 (3)
657 4821 746 4871 Ἐκ
791 4829 910 4875 τῶν.
943 4820 1094 4897 Editi
1142 4819 1238 4875 hic
1286 4827 1520 4897 ponunt
1569 4823 1620 4884 ἐξ
1662 4823 1859 4897 ἀρχῆς,
1894 4828 1998 4882 sed
2038 4846 2134 4884 90‘

471 4891 634 4964 dices
683 4909 833 4949 mss.
869 4897 935 4946 ut
979 4893 1055 4964 in,
1085 4897 1267 4947 textu.
1303 4892 1485 4947 Paulo
1531 4891 1892 4964 post'editio
1939 4902 2121 4964 Paris,

472 4960 798 5048 ἐκρξοθειρρς,
834 4963 1023 5048 quod‘
1044 4963 1105 5048 in
1137 4979 1256 5048 uno
1289 4960 1758 5048 tantum—codice
1790 4970 2082 5048 reperitur
2111 4960 2122 5027 ὲ

469 5034 568 5090 alii
598 5031 899 5094 ἐνδοθείσῇς
935 5033 1027 5088 vel
1071 5031 1330 5094 δοθείσης.
1365 5035 1549 5090 Habet
1581 5037 1760 5094 etiam
1787 5031 1968 5097 editio
2026 5045 2128 5098 Ba-

471 5105 742 5162 sileensis
770 5102 1038 5162 ἐνὸοθείση
1053 5126 1090 5166 ς.

537 5180 614 5254 (fg)
655 5182 1033 5254 ξοσμογονίαν.
1072 5175 1235 5254 CQib.
1281 5184 1337 5234 et
1371 5194 1525 5234 unus
1559 5183 1698 5251 Reg.
1733 5188 2120 5254 κοσμογένειαν.

467 5241 632 5306 Alius
663 5241 804 5316 Reg.
839 5241 1202 5320 κοσμοποιίαν.
1640 5241 1668 5251 ’”
1834 5241 1844 5255 ⁵

540 5321 619 5386 (δ)
662 5320 1123 5392 ’,Ακατονόμαστομ
1162 5320 1402 5392 Sietres
1433 5322 1664 5392 antiqui
1705 5324 1963 5379 codices.
2001 5325 2126 5380 Col-

467 5389 1283 5471 beri..éxarowepuarog‘edili
1324 5389 1768 5464 ἀκατανόμαστοι.
1803 5398 1931 5451 Mox
1983 5396 2124 5452 editi

469 5465 768 5545 γενῇαένων,
801 5462 991 5545 ᾳυξιιξι
1002 5478 1090 5545 ue_
1098 5462 1237 5545 libri
1254 5467 1493 5545 ‘veteres
1514 5462 1813 5545 γινομένων.

543 5532 621 5600 (6)
663 5531 840 5604 Ὀμωξ
890 5531 1036 5589 θέλει.
1074 5532 1173 5591 Hic
1199 5531 1343 5591 editi
1393 5537 1451 5591 et
1509 5531 1684 5603 intra,
1717 5535 1820 5593 ubi
1848 5536 1923 5595 de
1955 5538 2119 5610 Filio,

2238 4460 2551 4529 Πνεῦματος.
2584 4457 2660 4508 ()5
2707 4459 2808 4531 γὰρ
2855 4460 3005 4527 φύσει
3048 4457 3198 4527 οῖγιαι
3241 4459 3294 4507 οιί
3345 4463 3441 4508 τῶν
3472 4454 3701 4528 οὐρανῶν
3745 4457 3875 4514 ὃν-

2140 4656 2181 4689 ⁵⁷
2225 4655 2398 4710 Joan.
2430 4671 2524 4725 xv,
2557 4658 2645 4708 23.

2244 4831 2478 4886 addunt
2505 4837 2598 4903 xui.
2625 4835 2851 4903 πέγυκεζ
2884 4831 2944 4885 in
2987 4845 3110 4901 quo
3142 4845 3266 4884 non
3313 4829 3514 4884 minus
3559 4837 3894 4903 pugnant.

2235 4919 2375 4958 cum
2406 4902 2605 4958 Basilii
2655 4899 2856 4972 sensu,
2902 4899 3088 4972 quam
3133 4916 3272 4955 cum
3320 4917 3462 4972 mss.
3499 4899 3888 4972 codicibus.

2308 4977 2383 5045 (7)
2425 4979 2712 5046 Συνεργίας.
2741 4969 2994 5046 Probae
3022 4987 3191 5037 voce,
3224 4988 3360 5046 quae
3391 4971 3447 5046 in
3482 4970 3654 5046 editis
3688 4969 3889 5040 legi-

2240 5041 2333 5099 tur
2363 5041 2420 5100 et
2450 5045 2509 5100 in
2543 5041 2732 5100 tribus
2763 5043 3072 5100 codicibus
3117 5041 3292 5106 mssi,
3319 5041 3502 5097 habet
3549 5043 3690 5108 Reg.
3728 5049 3900 5099 ter~

2238 5115 2356 5170 tius
2385 5113 2758 5189 δημιουργίας,
2785 5115 3160 5189 Qolbertinus
3187 5130 3329 5189 vero
3356 5117 3671 5189 Πνευματςις,
3698 5127 3897 5182 qum

2237 5203 2354 5242 vox
2381 5184 2593 5243 addita
2618 5184 2726 5242 fuit
2755 5186 2871 5242 alia
2902 5201 3088 5241 manu
3119 5185 3222 5242 sed
3253 5191 3454 5240 tamen
3486 5184 3771 5254 antiqua-

2307 5260 2382 5327 (7)
2423 5263 2491 5310 Τό
2525 5266 2779 5332 στερεοῦν.
2812 5259 2902 5313 Sic
2940 5260 3078 5326 Reg.
3127 5257 3430 5332 secundus
3462 5261 3532 5332 et_
3558 5260 3897 5332 quartus-

2235 5324 2390 5400 quos
2417 5331 2586 5400 sequi
2613 5324 2925 5384 malumus
2951 5324 3139 5400 quam
3172 5333 3290 5383 tres
3318 5327 3488 5400 alios.
3511 5324 3904 5400 inquibus

2236 5397 2291 5455 ἐι
2335 5400 2395 5455 in
2443 5397 2614 5455 editis
2659 5400 2876 5472 legitur
2904 5397 2990 5472 τόν
3040 5407 3367 5472 στερεοῦντα.
3398 5397 3642 5472 Addunt
3691 5397 3910 5461 editi

2234 5475 2292 5522 τὸ
2321 5472 2489 5542 ἅγιον,
2523 5471 2689 5543 quod
2715 5471 2877 5529 nullo
2903 5471 2963 5527 in
2989 5470 3196 5528 codice
3227 5487 3340 5526 ms.
3371 5470 3682 5542 reperitur.

3785 5551 3818 5569 .-
