4062 6208
535 256 635 309 139

1907 253 1965 310 s.
2007 245 2259 308 BASILII
2293 236 2521 308 MAGNI‘

3789 250 3885 308 140

532 395 603 436 ac
632 379 856 434 ferrum
888 377 1314 433 conculcatur:
1365 377 1450 432 sic
1497 378 1557 432 in
1609 376 1903 450 spirituali
1947 377 2175 446 ordine,

2299 381 2635 448 κοσμήσεως,
2690 375 2965 448 ἀμήχανον
3023 379 3116 434 τὴν
3168 377 3412 447 ἔνθεσμον
3461 377 3653 434 inium!
3701 372 3895 448 διαμεῖ-

528 466 899 540 impossibile
931 471 1020 522 est
1049 467 1212 537 piam
1243 465 1404 520 illam
1430 482 1500 520 ac
1532 473 1806 521 sanctam
1838 468 2022 521 vitam
2054 481 2183 538 per-

527 572 773 612 manere
833 556 983 610 citra
1037 555 1323 626 Spiritum
1371 573 1383 622 ;
1429 555 1616 610 nihilo
1671 554 1938 626 profecto
1981 556 2179 624 magis

526 660 714 718 quam
769 644 1062 699 exercitus
1113 643 1171 697 in
1215 647 1376 698 recto
1426 644 1636 698 ordine
1686 659 1930 699 manere
1985 648 2183 715 potest

524 736 770 792 absente
787 734 1079 801 duce,aut
1104 733 1325 788 chorus
1349 733 1410 787 in
1431 734 1854 796 consonantia,
1884 734 1994 788 nisi
2013 733 2176 788 chori

523 824 839 896 praefectus
863 826 1152 892 temperet
1174 822 1579 876 harmoniam.
1597 823 1702 887 Qui
1719 828 1961 894 possent
1979 823 2176 877 dicere

523 913 848 984 seraphim,
880 910 1158 980 Sanctus,
1194 919 1458 980 sanctus,
1489 918 1735 967 sanctus
1757 914 1827 978 ⁸⁵,
1873 913 1988 966 nisi
2015 913 2175 967 docti

522 1019 629 1076 per
655 1001 960 1074 Spiritum,
989 1003 1224 1072 quoties
1257 1001 1420 1072 pium
1454 1001 1623 1056 fuerit
1662 1002 1843 1071 huius
1874 1001 2176 1072 gloriﬁca-

526 1092 701 1148 tionis
743 1089 928 1145 verba
979 1092 1241 1145 canere?
1275 1090 1405 1146 Sive
1453 1091 1630 1159 igitur
1685 1090 1939 1146 laudant
1990 1095 2174 1146 Deum

525 1197 736 1238 omnes
771 1179 970 1248 angeli
1002 1179 1133 1249 ejus
1165 1196 1234 1234 ac
1262 1195 1475 1235 omnes
1507 1180 1752 1235 virtutes
1782 1182 1931 1250 ejus,
1959 1181 2022 1236 iit
2057 1181 2179 1253 Spi-

523 1273 673 1328 ritus
703 1285 838 1341 Ope.
875 1267 1003 1323 Sive
1038 1272 1238 1322 astant
1263 1268 1477 1323 millies
1512 1267 1668 1324 mille
1691 1269 1906 1341 angeli,
1942 1286 2011 1326 ac
2042 1287 2179 1325 cen-

524 1361 632 1416 ties
663 1362 904 1413 centum
937 1355 1124 1411 millia
1162 1355 1650 1426 ministrantium,
1686 1357 1949 1414 ofﬁcium
2001 1376 2180 1414 suum

527 1451 672 1504 citra
698 1445 1232 1518 reprehensionem
1259 1445 1319 1500 in
1342 1447 1552 1501 virtute
1579 1447 1826 1518 Spiritus
1842 1449 2180 1519 perﬁciunt.

531 1539 735 1610 Itaque
769 1539 890 1590 tota
919 1535 1020 1590 illa
1044 1534 1488 1606 supercaalestis
1511 1541 1566 1590 et
1595 1536 1915 1592 ineffabilis
1947 1539 2185 1594 harmo-

528 1628 652 1695 nia,
685 1626 896 1682 tumin
927 1624 1090 1679 cultu
1127 1625 1244 1688 Dei,
1280 1629 1404 1679 tum
1456 1625 1515 1679 in
1570 1625 2184 1683 ultramuntlanarum

2297 487 2380 520 ναι
2414 468 2551 526 ζωὴν
2583 468 2702 518 ἄνευ
2733 467 2825 517 τοῦ
2861 469 3151 537 Πνεῦματος
3177 482 3188 493 ³
3216 464 3274 516 οὑ
3306 460 3494 536 μᾶλλον
3519 484 3578 536 γε
3610 466 3636 523 ἦ
3675 484 3893 539 στρατο-

2295 553 2460 610 πέδου
2490 560 2584 613 τὴν
2615 555 2872 622 εὐταξίαν,
2906 562 2999 606 τοῦ
3032 553 3328 625 ταξιάρχου
3361 558 3431 625 μὴ
3467 557 3713 626 παρόντος
3745 556 3851 624 (Ιὸ)
3878 577 3888 586 ·

2296 647 2324 703 ἡ
2361 663 2527 719 χορου
2558 649 2652 702 τὴν
2698 649 3024 716 συμφωνίαν,
3056 650 3146 695 τοῦ
3177 647 3464 714 κορυφαίου
3513 647 3582 714 μὴ
3633 648 3890 715 συναρμό-

2297 736 2470 795 ζοντος
2525 742 2636 793 Πῶς
2864 737 2979 805 εἴπῃ
3041 735 3108 784 τὰ
3161 736 3406 807 σεραφὶμ,
3466 731 3664 803 Ἄγιος,
3723 732 3882 803 ἅγιος,

2292 824 2462 894 άγιος,
2504 829 2574 894 μὴ
2625 819 2958 893 διδαχθέντα
3005 825 3149 895 παρὰ
3194 829 3285 873 τοῦ
3333 824 3642 892 Πνεῦματος,
3675 826 3891 882 ποσάκις

2291 911 2434 964 ἐστὶν
2503 911 2702 972 εὐσεϐὲς
2769 916 2863 969 τὴν
2933 909 3240 982 δοξολογίαν
3309 913 3500 967 ταύτην
3568 908 3887 981 ἀναφωνείνς

2291 1005 2404 1053 Εἴτε
2448 999 2536 1053 οὖν
2589 1000 2794 1052 αἰνουσι
2847 1000 2933 1052 τόν
2984 1004 3114 1053 Θεὸν
3163 1002 3350 1060 πάντες
3390 1002 3438 1050 οἱ
3473 999 3678 1070 ἄγγελοι
3712 999 3888 1072 αὐτοῦ,

2287 1097 2376 1143 καὶ
2405 1092 2638 1142 αἰνοῦσιν
2669 1090 2823 1141 αὐτὸν
2870 1096 3040 1142 πᾶσαι
3092 1091 3146 1140 αἱ
3178 1085 3423 1161 δυνάμεις
3455 1088 3635 1153 αὐτοῦ,
3671 1085 3763 1140 διὰ
3799 1099 3889 1151 τῆς

2295 1188 2379 1232 τοῦ
2447 1183 2741 1252 Πνεῦματος
2805 1183 3106 1251 συνεργείας
3156 1179 3305 1248 (17)·
3373 1182 3471 1229 εἴτε
3527 1183 3887 1252 παρεστήκασι

2291 1271 2467 1341 χίλιαι
2514 1265 2756 1340 χιλιάδες
2815 1268 3065 1339 ἀγγέλων,
3126 1273 3214 1319 καὶ
3262 1271 3448 1341 μύριαι
3497 1264 3744 1340 μυριάδες
3787 1268 3888 1320 λει-

2293 1363 2648 1431 τουργούντων
2681 1360 2814 1428 (18),
2864 1356 2910 1408 ἐν
2966 1365 3029 1428 τῇ
3086 1353 3307 1428 δυνάμει
3348 1364 3438 1408 τοῦ
3490 1359 3786 1429 Πνεῦματος
3835 1363 3888 1409 τὸ

2294 1449 2478 1500 οἰκεῖον
2532 1451 2678 1522 ἔργον
2733 1447 2960 1518 ἀμώμως
3023 1445 3332 1500 ἕπιτελουσι.
3404 1452 3584 1497 Ιῐᾶσαν
3651 1442 3738 1498 οὖν
3797 1452 3886 1506 τὴν

2295 1539 2662 1612 ὑπιρουράνιον
2716 1535 2908 1593 ἐκείνην
2967 1539 3057 1586 καὶ
3122 1534 3347 1608 ἄρρητον
3405 1531 3676 1608 ἁρμονίαν,
3735 1538 3783 1586 ἕν
3839 1555 3891 1586 τε

2295 1635 2355 1698 τῇ
2404 1626 2701 1698 λειτουργίᾳ
2750 1632 2883 1676 Θεοῦ
2924 1629 3014 1675 καὶ
3053 1633 3115 1696 τῇ
3166 1627 3295 1696 πρὸς
3341 1623 3559 1684 ἀλλήλας
3607 1632 3702 1674 τῶν
3745 1627 3890 1698 ὑπερ-

528 1715 822 1771 νὶτῐιιῐυω
845 1713 995 1768 inter
1025 1713 1193 1785 ipsas
1221 1715 1622 1769 consonantia
1650 1731 2034 1788 nequaquam
2069 1732 2175 1771 ser-

2297 1720 2530 1787 κοσμίων
2581 1712 2847 1785 δυνάμεων
2903 1719 3198 1785 συμφωνίᾳ,
3253 1708 3511 1764 ἀδύνατον
3559 1713 3890 1784 φυλαχθῆναι

529 1804 656 1860 vari
685 1807 911 1876 posset,
944 1802 1059 1857 nisi
1102 1807 1390 1874 praeesset
1437 1803 1710 1874 Spiritus.
1768 1804 1860 1860 Sic
1904 1805 2083 1873 igitur
2125 1806 2182 1862 in

531 1892 829 1950 creatione
859 1891 950 1955 iis,
983 1906 1121 1963 qum
1151 1905 1275 1946 non
1306 1889 1680 1962 proﬁciendo
1713 1895 2070 1965 perveniunt
2107 1896 2184 1951 ad

424 1982 981 2068 \perfectionem,
1016 1980 1120 2036 sed
1153 1979 1230 2035 ab
1263 1980 1396 2051 ipsa
1428 1983 1699 2052 protinus
1725 1983 2027 2039 creatione
2059 2001 2186 2056 per-

531 2073 684 2129 fecta
712 2074 874 2140 sunt,
905 2071 1076 2125 adest
1106 2069 1357 2141 Spiritus
1389 2074 1630 2125 sanctus
1656 2089 1668 2138 ;
1695 2071 1754 2127 in
1786 2073 1920 2137 hoc,
1949 2079 2014 2128 ut
2044 2090 2186 2146 per-

530 2161 763 2218 ﬁciatur
783 2159 1279 2233 compleaturque
1301 2158 1540 2216 illorum
1558 2161 1911 2233 substantia,
1931 2165 2184 2233 gratiam

533 2265 704 2306 suam
736 2249 1074 2304 conferens.

603 2342 690 2394 39.
753 2340 1046 2394 Caeterum
1102 2337 1584 2410 dispensationes
1652 2340 1808 2396 circa
1874 2343 2181 2398 hominem

531 2444 666 2501 quae
696 2427 866 2482 facta;
895 2432 1034 2482 sunt
1065 2444 1097 2482 ε
1127 2443 1353 2497 magno
1381 2431 1523 2496 Deo,
1553 2433 1609 2484 et
1634 2431 1946 2486 Servatore
1977 2439 2184 2489 nostro

530 2519 671 2573 Jesu
714 2516 945 2573 Christo
991 2517 1166 2588 juxta
1224 2517 1555 2573 bonitatem
1611 2519 1727 2586 Dei,
1774 2521 1910 2590 quis
1942 2523 2187 2591 negahit

530 2622 639 2679 per
665 2605 916 2678 Spiritus
945 2605 1198 2674 gratiam
1239 2622 1372 2661 esse
1403 2606 1764 2679 adimpletas
1792 2611 1818 2664 ?
1855 2610 1996 2665 .Sive
2039 2611 2184 2666 velis

529 2696 732 2768 prisca
799 2700 1090 2767 spectare,
1158 2697 1635 2767 patriarcharum
1709 2698 2181 2767 benedictiones,

531 2783 821 2839 auxilium
852 2800 961 2856 per
990 2784 1183 2854 legem
1233 2784 1463 2852 datum,
1515 2785 1761 2856 ﬁguras,
1813 2789 2178 2860 prophetias,

530 2872 756 2928 fortiter
780 2873 839 2928 in
863 2873 1036 2928 bellis
1063 2864 1250 2945 gesta,
1278 2875 1569 2930 miracula
1586 2892 1692 2947 per
1713 2883 1956 2932 sanctos
1983 2879 2141 2934 edita
2165 2897 2178 2934 :

530 2963 655 3018 sive
679 2978 816 3035 quae
847 2962 1005 3018 circa
1038 2963 1271 3018 Domini
1292 2965 1351 3018 in
1374 2980 1552 3020 carne
1583 2965 1910 3022 adventum
1938 2968 2182 3040 dispen-

2299 1805 2385 1876 [εἰ]
2410 1810 2480 1877 μὴ
2514 1813 2574 1876 τῇ
2608 1804 2893 1874 ἐπιστασίᾳ
2922 1811 3013 1854 τοῦ
3047 1805 3362 1874 Πνεῦματος.
3399 1802 3550 1853 Οὕτω
3589 1805 3677 1873 μὲν
3719 1799 3804 1852 οὖν
3837 1801 3890 1853 ἔκ

2299 1892 2623 1967 δημιουργίᾳ
2651 1895 2871 1964 πάρεστι
2920 1896 2977 1944 τὸ
3023 1899 3231 1963 Πνευμα
3259 1895 3317 1942 τὸ
3349 1892 3497 1961 ἅγιον
3548 1898 3656 1950 τοῖς
3701 1888 3791 1942 οῦκ
3843 1891 3886 1944 ἐν

2295 1991 2559 2058 προκοπῆς
2602 1982 2987 2053 τελειουμὸνοις,
3037 1979 3140 2031 ἀλλ’
3195 1979 3280 2032 ἀπ’
3329 1981 3492 2040 αὐτῆς
3532 1989 3626 2040 τῆς
3675 1985 3887 2042 κτίσεως

2297 2074 2446 2134 εὐθὺς
2492 2073 2721 2134 τελείοις,
2755 2071 2826 2133 εἰς
2871 2074 2959 2122 τὸν
3001 2069 3331 2143 ἀπαρτισμὸν
3377 2075 3466 2121 καὶ
3511 2068 3886 2143 συμπλήρωσιν

2295 2171 2391 2223 τῆς
2419 2164 2752 2220 ὑποστάσεως
2783 2159 2950 2211 αὐτῶν
2992 2163 3086 2217 τὴν
3116 2157 3237 2230 παρ’
3278 2158 3461 2211 ἑαυτοῦ
3494 2161 3656 2232 χάριν
3689 2176 3889 2210 συνεισ-

2297 2257 2585 2324 φερόμενον.

2367 2344 2453 2395 39.
2495 2342 2594 2401 Τὰς
2649 2335 2708 2391 δε
2763 2342 2878 2411 περὶ
2930 2342 3016 2389 τὸν
3073 2339 3341 2411 ἄνθρωπον
3402 2336 3742 2408 οἰκονομίαις9
3802 2340 3889 2397 τὰς

2295 2433 2393 2482 ὑπὸ
2451 2438 2540 2481 τοῦ
2595 2428 2818 2500 μεγάλου
2874 2434 3006 2479 Θεοῦ
3073 2431 3160 2477 καὶ
3217 2433 3442 2498 Σωτῆρος
3500 2427 3646 2495 ἡμῶν
3711 2427 3888 2482 Ἰησοῦ

2299 2526 2528 2593 Χριστοῦ
2554 2521 2687 2569 κατὰ
2716 2521 2810 2574 τὴν
2850 2517 3153 2586 ἁγαθότητα
3179 2522 3271 2566 τοῦ
3302 2521 3433 2566 Θεοῦ
3459 2516 3570 2578 (19)
3595 2519 3890 2585 γενομένας,

2293 2614 2373 2670 τίς
2404 2609 2600 2681 ἀντερεῖ
2637 2612 2706 2678 μὴ
2763 2607 2890 2676 οὐχὶ
2931 2602 3023 2656 διὰ
3073 2613 3168 2665 τῆς
3219 2611 3312 2654 τοῦ
3343 2605 3631 2673 Πνεῦματος
3661 2604 3892 2675 χάριτος

2292 2699 2724 2770 πεπληρουσθαι;
2769 2699 2883 2748 Εἴτε
2932 2693 3108 2764 βοῦλιε
3152 2697 3215 2744 τα
3257 2693 3453 2744 παλαιὰ
3505 2697 3712 2743 σκοπεῖν
3740 2711 3754 2724 ·
3796 2695 3891 2754 τὰς

2292 2798 2390 2840 τῶν
2447 2794 2789 2858 πατριαρχὼν
2843 2784 3112 2854 εὐλογίας,
3171 2787 3265 2839 τὴν
3319 2781 3372 2832 ἐκ
3432 2788 3524 2842 τῆς
3579 2783 3890 2852 νομοθεσίας

2294 2873 2576 2948 δεδομένην
2635 2873 2903 2946 βοήθειαν,
2961 2876 3078 2932 τοὺς
3130 2874 3348 2940 τύπους,
3407 2873 3497 2930 τὰς
3549 2876 3886 2942 προφητείας,

2290 2969 2354 3017 τὰ
2401 2965 2448 3016 ἐν
2496 2964 2736 3034 πολέμοις
2781 2958 3252 3032 ἀνδραγαθήματα,
3285 2963 3348 3010 τὰ
3397 2955 3490 3010 διὰ
3527 2967 3626 3009 τῶν
3667 2955 3890 3010 δικαιων

530 3056 662 3107 sata
691 3056 829 3106 sunt
862 3069 874 3105 :
908 3067 1014 3122 per
1035 3052 1322 3124 Spiritum
1357 3059 1524 3122 gesta
1565 3058 1725 3108 sunt.
1779 3056 1976 3111 Primo
2021 3059 2175 3113 enim

2294 3061 2526 3126 σημεῖα·
2589 3057 2686 3104 εἴτε
2750 3054 2814 3102 τὰ
2878 3054 2996 3123 περὶ
3063 3054 3157 3106 τὴν
3217 3051 3463 3121 ἔνσαρκον
3529 3055 3620 3099 τοῦ
3691 3054 3889 3120 Κυρίου

527 3139 719 3196 adfuit
760 3141 872 3212 ipsi
904 3141 1071 3196 carni
1119 3141 1373 3208 Domini,
1421 3143 1567 3197 dum
1617 3143 1810 3199 factus
1853 3147 2076 3214 unctio,
2130 3153 2186 3203 et

523 3229 1003 3300 inseparabiliter
1060 3232 1443 3301 conjunctus,
1495 3232 1647 3287 sicut
1696 3235 1986 3306 scriptum
2041 3243 2179 3293 est:

524 3319 717 3386 Super
776 3333 950 3388 quem
1001 3319 1222 3374 videris
1265 3321 1555 3387 Spiritum
1605 3321 2068 3382 descendentem.
2130 3334 2185 3382 et

522 3411 860 3461 manentem
889 3421 1072 3474 super
1109 3423 1263 3474 eum,
1295 3408 1391 3462 hic
1422 3414 1504 3463 est
1547 3410 1742 3464 Filius
1790 3428 1950 3467 meus
2004 3415 2182 3469 dilec-

525 3495 836 3565 tus“;et,
866 3495 1067 3550 Jesum
1120 3510 1156 3550 a
1204 3496 1532 3565 Nazareth,
1579 3513 1748 3568 quem
1800 3503 1978 3556 unxit
2027 3504 2179 3558 Deus

521 3583 757 3653 Spiritu
788 3590 994 3639 sancto
1017 3585 1083 3638 ⁸⁷.
1118 3584 1408 3655 Deinceps
1451 3587 1648 3640 omnis
1696 3587 1850 3642 actio
1885 3597 2179 3660 praesente

526 3673 743 3746 Spiritu
817 3672 1237 3746 peragebatur.
1309 3674 1408 3728 Hic
1463 3689 1729 3745 presens
1783 3677 1993 3734 aderat
2041 3698 2176 3736 cum

523 3766 579 3817 et
599 3778 635 3817 a
666 3761 910 3818 diabolo
942 3763 1616 3819 tentaretur.Deductus
1643 3772 1724 3819 est
1753 3765 1933 3826 enim.
1959 3768 2176 3841 inquit,

521 3852 691 3906 Jews
729 3867 765 3906 α
822 3851 1056 3920 Spiritu
1107 3852 1169 3906 in
1227 3852 1545 3918 desertum,
1599 3860 1665 3907 ut
1722 3860 2058 3911 tentaretur
2105 3861 2172 3916 ⁸⁸.

521 3943 668 3994 Tum
702 3940 922 4006 edenti,
970 3940 1261 3995 miracula
1290 3941 1589 3996 indivulse
1645 3944 1873 4000 aderat.
1926 3947 1992 4001 Si
2021 3951 2175 4005 enim

521 4045 646 4098 ego,
673 4029 888 4100 inquit,
915 4031 977 4085 in
1001 4029 1238 4098 Spiritu
1271 4031 1379 4085 Dei
1408 4033 1578 4100 ejicio
1608 4033 1905 4092 daemonia
1945 4039 2011 4092 δθ.
2061 4043 2174 4095 Nec

520 4119 781 4175 deseruit
809 4119 1133 4174 excitatum
1181 4135 1216 4174 a
1249 4121 1523 4175 mortuis.
1563 4124 1852 4178 Dominus
1901 4127 2060 4182 enim
2090 4146 2173 4184 re-

520 4225 755 4266 novans
787 4208 904 4281 34
934 4207 1266 4275 hominem,
1300 4209 1474 4281 eique
1497 4211 1714 4266 iterum
1756 4214 2014 4270 reddens
2043 4232 2174 4286 gra-

521 4299 684 4362 tiam,
738 4314 928 4370 quam
985 4313 1057 4352 ex
1096 4297 1302 4353 afﬂatu
1359 4300 1459 4354 Dei
1499 4307 1813 4372 acceptam
1867 4305 2168 4377 amiserat,

2290 3148 2584 3216 παρουσίαν
2630 3141 3065 3211 οἰκονομηθέντα·
3110 3134 3205 3188 διὰ
3251 3146 3344 3189 τοῦ
3386 3140 3698 3208 Πνεῦματος.
3733 3144 3891 3210 Πρῶ-

2293 3253 2375 3285 τον
2433 3235 2522 3304 μὲν
2576 3233 2673 3304 γὰρ
2730 3229 2857 3300 αὐτῇ
2918 3235 2980 3298 τῇ
3038 3233 3196 3298 σαρκὶ
3260 3234 3350 3278 τοῦ
3421 3232 3614 3298 Κυρίου
3683 3233 3889 3290 συνῆν,

2290 3331 2502 3398 χρίσμα
2557 3329 2844 3394 γενόμενον,
2895 3325 2984 3370 καὶ
3043 3317 3362 3390 ἀχωρίστως
3414 3321 3579 3389 παρὸν
3636 3319 3770 3367 κατὰ
3828 3322 3890 3367 τὸ

2288 3418 2675 3488 γεγραμμένον·
2733 3411 2838 3481 Ἐγ
2889 3409 2941 3460 ὃν
2990 3408 3050 3460 ἂν
3097 3404 3224 3479 ἴδῃς
3267 3412 3324 3459 τὸ
3380 3414 3588 3478 Πνεῦμα
3635 3405 3892 3458 καταϐαῖ-

2266 3518 2406 3567 ’νον,
2476 3509 2565 3554 καὶ
2630 3506 2776 3573 μενον
2846 3501 2923 3552 ἐπ’
2983 3499 3172 3564 αυτὸν,
3241 3499 3387 3557 οὗτος
3453 3499 3593 3548 ἐστιν
3671 3498 3697 3547 ὁ
3774 3500 3893 3556 Υἱός

2286 3613 2386 3665 μου
2445 3595 2469 3644 ὁ
2523 3591 2826 3662 ἀγαπητὸς·
2883 3594 2992 3652 καὶ,
3053 3588 3257 3643 Ἰησοῦν
3313 3590 3400 3636 τὸν
3459 3585 3560 3636 ἀπὸ
3619 3587 3886 3658 Ναζαρὲτ,

2285 3683 2338 3733 ὃν
2387 3685 2597 3755 ἔχρισεν
2651 3681 2676 3729 ὁ
2734 3682 2862 3736 Θεὸς
2911 3684 2982 3744 τῷ
3039 3677 3299 3745 Ιῖνεύματι
3343 3682 3413 3742 τῷ
3466 3673 3619 3743 ἁγίῳ,
3669 3673 3893 3726 "Errata

2283 3777 2430 3822 πᾶσα
2491 3769 2716 3844 ἐνέργεια
2783 3768 3148 3838 συμπαρόντος
3215 3770 3306 3813 τοῦ
3376 3765 3675 3834 [ινευματος
3738 3764 3894 3837 ἐνηρ-

2281 3867 2442 3931 γεῖτο.
2500 3866 2661 3910 Τουτο
2725 3859 2808 3906 καὶ
2876 3856 2976 3906 ὑπὸ
3042 3860 3134 3904 τοῦ
3203 3849 3451 3903 διαϐόλου
3528 3852 3893 3925 πειραζομὲνῳ

2284 3957 2472 4024 παρῆν.
2533 3947 2776 4017 Ἀκὴχθη
2847 3947 2972 4017 γὰρ,
3035 3947 3216 4013 φησὶν,
3269 3943 3294 3992 ὀ
3349 3941 3552 4000 Ἰησοῦς
3618 3943 3716 3992 ὑπὸ
3791 3950 3893 3992 τοῦ

2285 4041 2581 4109 Πνεῦματος
2639 4036 2708 4096 εἰς
2769 4039 2863 4092 τὴν
2933 4035 3120 4104 ἔρημον
3197 4039 3287 4080 του
3344 4031 3710 4102 πειρασθῆναι.
3783 4035 3894 4082 Καὶ

2283 4127 2570 4202 ἐνεργουντι
2619 4128 2714 4184 τὰς
2771 4119 3018 4193 δυνάμεις
3064 4118 3377 4193 ἀχωρίστως
3423 4126 3580 4176 συνῆν
3633 4118 3770 4187 (20).
3825 4119 3894 4171 Εἰ

2281 4222 2381 4293 γὰρ
2450 4217 2578 4287 ἐγὼ,
2640 4219 2828 4285 φησὶν,
2894 4210 2940 4261 ἐν
3010 4213 3267 4281 Πνεύματι
3329 4211 3462 4259 Θεὸῦ
3525 4205 3755 4257 ἐκϐάλλω
3818 4211 3894 4258 τὰ

2283 4305 2567 4378 δαιμόνια·
2625 4307 2713 4354 καὶ
2767 4300 2814 4352 ἐν
2879 4306 3067 4371 νεκρῶν
3135 4295 3455 4367 ἀνασμάντος
3521 4295 3614 4345 οὐκ
3681 4293 3896 4346 ἀπελεί-

518 4403 656 4442 cum
695 4387 1048 4457 inspirasset
1114 4387 1171 4441 in
1240 4385 1456 4442 faciem
1508 4388 1963 4461 discipulorum,
2024 4396 2167 4466 quid

2290 4416 2423 4449 πετο.
2497 4391 2865 4449 Ἀνακαινίζων
2929 4391 3027 4458 γὰρ
3094 4390 3180 4437 τὸν
3246 4386 3512 4458 ἄνθρωπον
3579 4385 3604 4433 ὁ
3669 4387 3895 4456 Κύριος,

519 4475 598 4530 ait
627 4477 655 4531 ?
693 4477 961 4542 Accipite
997 4476 1286 4542 Spiritum
1327 4483 1624 4532 sanctum.
1671 4479 2172 4554 Quorumcunque

516 4564 862 4618 remiseritis
902 4570 1168 4632 peccata,
1211 4571 1647 4635 remittuntur;
1678 4575 1732 4622 et
1771 4585 2170 4638 quorumcun-

515 4668 628 4722 que
666 4653 1053 4718 retinueritis,
1097 4659 1330 4708 retenta
1361 4660 1501 4708 sunt
1532 4656 1601 4708 7°.
1635 4657 1765 4710 lam
1811 4673 1949 4713 vero
1983 4661 2171 4716 Eccle-

515 4741 616 4795 siae
654 4741 803 4796 ordo
862 4745 918 4794 et
968 4741 1324 4809 gubernatio
1384 4757 1586 4797 nonne
1651 4743 1851 4814 palam
1910 4753 1965 4802 et
2022 4750 2170 4806 citra

586 4859 774 4912 “lsa.
835 4874 912 4921 γι,
973 4862 1026 4912 3.
1105 4859 1151 4892 ⁸⁸
1207 4860 1452 4924 Joan.1,
1504 4864 1592 4915 33.
1675 4862 1720 4894 ⁸⁷
1769 4866 1892 4917 Act.
1940 4880 1992 4928 x,
2039 4870 2126 4921 38.

514 4932 605 4994 22,
643 4932 738 4985 23.

583 5054 696 5123 (l6)
734 5057 817 5110 Μὴ
851 5057 1117 5126 παρόντος.
1155 5056 1280 5120 Duo
1303 5055 1462 5125 Regii
1492 5056 1730 5112 codices
1752 5059 2161 5116 cumColbert.

512 5129 966 5202 piina‘oixovrog.
1007 5127 1145 5202 Reg.
1177 5134 1524 5202 qual'tus‘ui;
1564 5134 1942 5202 συμπαρόντος.

583 5189 699 5266 (Πί
734 5189 1052 5274 ξίιυνεργείας.
1091 5189 1215 5274 Noti
1248 5198 1402 5251 male
1431 5189 1488 5274 iii
1523 5189 1696 5274 editis
1747 5189 2014 5274 ἓνεργείας.
2043 5204 2160 5260 Sed

511 5284 616 5324 sex
645 5268 921 5323 codicum
955 5268 1278 5322 auctoritas
1308 5269 1700 5338 praeferenda.

587 5345 691 5408 (18)
737 5341 1200 5416 Λειτουργούντων.
1225 5338 1367 5392 Editi
1388 5339 1726 5413 ἀρχαγγέλων
1743 5341 2156 5416 λειτουργοῦντες

509 5412 671 5484 αὐτῷ..
707 5410 952 5484 Codices
986 5410 1047 5465 ut
1074 5412 1133 5466 iu
1165 5410 1468 5484 contextu,
1499 5412 1802 5484 nisiquod
1845 5410 2000 5468 unus
2051 5416 2154 5471 ha-

511 5483 611 5554 bet
631 5481 996 5554 γάρχαγγέλων.
1027 5485 1150 5537 Non
1185 5481 1372 5554 multo
1403 5489 1540 5554 post
1587 5481 1800 5539 iisdem
1845 5486 2154 5544 codicibus

513 5552 642 5606 freti
671 5552 1041 5608 mutavimus
1062 5553 1227 5626 quod
1260 5552 1472 5608 erat—in
1523 5554 1694 5608 editis
1724 5555 2066 5628 λειτουργίαις
2097 5565 2153 5614 et

2207 4872 2252 4903 δε
2312 4866 2512 4923 Matth.
2565 4881 2638 4924 ιν,
2685 4869 2736 4916 1.

2280 4490 2369 4536 καὶ
2435 4485 2496 4540 ἢν
2564 4480 2794 4532 ἀπώλεσε
2857 4479 3019 4548 χάριν
3085 4474 3132 4525 ἐν
3207 4482 3298 4524 τοῦ
3362 4471 3720 4544 ἐμφυσὴτατος
3789 4484 3897 4526 τοῡ

2281 4581 2454 4632 Θεοῦ,
2515 4571 2710 4624 ταύτην
2768 4565 2920 4616 πάλιν
2976 4559 3308 4628 ἀποδιδοὺς,
3360 4561 3631 4632 ἐμφυὴσας
3688 4561 3761 4620 εἰς
3822 4570 3896 4614 τὸ

2277 4668 2554 4734 πρόσωπον
2605 4665 2705 4709 τῶν
2758 4657 3022 4727 μαθητῶν,
3079 4657 3129 4703 τί
3189 4667 3356 4722 emat;
3415 4649 3610 4702 Λάϐετε
3667 4657 3901 4722 Πνεῦμα

2275 4752 2445 4822 ἅγιον.
2498 4748 2592 4800 "Av
2649 4766 2796 4812 τινων
2846 4745 2957 4815 (21)
3014 4741 3175 4814 ἀφῆτε
3225 4743 3317 4798 τὰς
3369 4738 3650 4813 ἁμαρτίας,
3707 4737 3903 4810 ἀφίεν-

2823 4863 2869 4895 ”
2910 4859 3110 4916 Matth.
3153 4872 3247 4923 xu,
3303 4858 3392 4909 '28.
3471 4855 3517 4890 το
3569 4857 3741 4910 Joan.
3791 4873 3899 4925 xx,

2275 5059 2669 5134 δημιουργίαις.

2343 5121 2583 5202 (19)’Ἰῖοῦ
2626 5136 2772 5182 Θεοῦ.
2803 5126 3043 5202 Addunt
3073 5123 3211 5202 editi
3262 5127 3350 5202 καὶ
3401 5125 3624 5202 ματρὸς,
3674 5125 3735 5176 et
3792 5121 3905 5202 οὖν

2270 5192 2407 5259 ante
2437 5192 2634 5276 βούλει,
2671 5207 2728 5276 et
2753 5198 2930 5276 paulo
2961 5201 3101 5267 post
3123 5194 3299 5276 iidem
3319 5192 3547 5276 habent
3575 5201 3907 5266 παρουσίαν

2268 5283 2358 5327 τοῦ
2391 5267 2639 5329 Χοιστονζ
2676 5267 2920 5327 Codices
2953 5284 3094 5322 mss.
3129 5272 3191 5320 ut
3224 5267 3281 5319 in
3314 5269 3616 5319 contextu.

2339 5333 2452 5412 (20")
2494 5354 2672 5402 Συνῆν.
2709 5343 2798 5399 Sic
2822 5336 3234 5412 codices
3261 5355 3284 5412 :_
3307 5336 3447 5412 editi
3482 5345 3792 5412 συμπαρῆν.

2339 5406 2452 5487 (21)
2483 5416 2576 5469 "Av
2603 5436 2769 5466 τινων.
2795 5411 2941 5487 Editi
2964 5410 3046 5487 ἐάν
3074 5429 3243 5487 τινων2
3272 5406 3453 5487 idque
3481 5406 3682 5487 statim
3705 5423 3913 5486 l'epe-

2266 5474 2506 5557 tunt,'et
2537 5487 2718 5559 paulo
2760 5489 2892 5557 post
2918 5482 3144 5559 habent
3191 5482 3246 5559 αἱ
3299 5474 3872 5559 ᾅιᾶκοσμήσειςυέὗερ

2261 5549 2494 5630 γοῡνὲαι·
2532 5549 2724 5615 Secuti
2762 5549 2974 5611 sumus
3007 5553 3062 5608 in
3093 5554 3370 5605 contextu
3400 5549 3546 5604 mss.
3592 5549 3861 5606 codices
3883 5597 3898 5608 .
