4062 6208
194 255 267 306 Mt
1357 247 1562 304 LIBER
1604 250 1692 304 DE
1733 249 1999 304 SPlRITU
2040 252 2331 308 SANCTO.

3429 263 3526 314 142

188 389 278 427 ται·
317 380 402 427 καί
457 376 518 427 ἄν
556 395 705 427 τινων
747 385 992 449 κρατῆτε,
1042 380 1408 451 κεκράτηνται.
1454 379 1511 432 ἸΙ
1566 376 1624 431 δε
1675 386 1755 437 τῆς

1873 375 2415 432 contradictionem
2459 392 2566 448 per
2611 376 2892 448 Spiritum
2953 383 3232 436 sanctum
3287 383 3527 453 peragi-

191 464 482 524 Ἐκκλησίας
534 461 895 536 διακόσμησις
943 465 1069 537 οὐχὶ
1110 475 1286 537 σαφῶς
1330 474 1418 519 καὶ
1459 467 1763 540 ἀναντιρρὴ-

185 573 272 614 τως
311 550 401 605 διὰ
472 561 563 605 τοῦ
634 558 933 626 Πνευματος
1005 554 1344 627 ἐνεργεῖται;
1417 558 1578 618 Αὐτὸς
1659 560 1760 631 γὰρ

766 644 1052 717 Ἐκκλησία
1126 654 1328 719 πρῶτον
1414 645 1759 715 ἀποστόλους,

179 728 401 806 δεύτερον
477 738 644 804 προφή
655 752 767 800 τας,

182 639 346 708 ἔδωκε,
406 663 473 714 φη
485 648 558 708 σι,
624 652 684 715 τῇ

859 738 1033 806 τρίτον
1112 731 1493 804 διδασκάλους,
1587 739 1763 788 ἔπειτα

176 818 434 892 δυνάμεις,
521 825 698 874 ἔπειτα
781 828 1102 896 χαρίσματα
1205 825 1456 896 ἰαμάτων,
1554 824 1761 884 ἀντιλή-

171 910 248 979 ψει
257 931 296 974 ς,
364 909 721 983 κυϐερνήσεις,
785 917 904 984 γένη

1205 825 1456 896 ἰαμάτων,

989 913 1260 984 γλωσσῶν,
1343 915 1482 972 Αὕτη
1553 919 1654 988 γὰρ
1727 919 1755 973 ἡ

178 1001 310 1063 τάξις
339 1004 478 1052 κατά
529 1007 618 1059 τὴν
652 999 911 1077 διαίρεσιν
956 1012 1053 1055 τῶν
1108 1003 1164 1055 ἐκ
1201 1012 1292 1056 τοῦ
1327 1009 1618 1077 Ιινεύματος
1649 1002 1758 1058 δω-

163 1100 281 1166 ρεῶν
311 1087 678 1148 διατέτακται.

234 1202 320 1253 40.
353 1198 508 1271 Εὐροι
533 1195 595 1251 δὲ
639 1201 702 1250 οἶν
746 1219 848 1261 τις,
881 1199 1106 1274 ἀκριϐῶς
1154 1201 1504 1274 λογιζόμενος,
1539 1207 1628 1254 καὶ
1678 1203 1759 1255 ἐπὶ

161 1295 256 1338 τοῦ
285 1307 464 1358 καιρου
501 1297 591 1349 τῆς
635 1287 1080 1363 προσδοκωμένης
1121 1290 1414 1362 ἐπιφανείας
1443 1301 1537 1354 τῆς
1585 1291 1637 1354 ἐξ
1667 1293 1759 1344 ον-

162 1385 322 1447 ρανῶν
354 1385 442 1428 τοῦ
477 1383 675 1451 Κυρίου
706 1383 778 1450 μὴ
829 1378 1100 1440 ἀσυντελες
1139 1385 1196 1432 τό
1241 1388 1446 1452 Πνεῦμα
1485 1386 1542 1432 τὸ
1588 1383 1757 1452 ᾶγιον,

157 1475 226 1526 ὥς
272 1486 402 1528 τινες
453 1470 675 1519 οἴονται·
731 1467 859 1520 ἀλλὰ
911 1475 1280 1544 συμπαρέσταὶ
1325 1475 1433 1539 (22)
1485 1491 1574 1522 και
1608 1471 1655 1522 ἐν
1695 1481 1755 1544 τῇ

158 1558 321 1628 ἡμέρα
360 1565 455 1617 τῆς
481 1555 860 1627 ἀποκαλύψεως
886 1558 1065 1620 αὑτοῦ,
1093 1560 1212 1610 καθ’
1244 1561 1304 1618 ἦν
1351 1568 1516 1633 κρινεῖ
1540 1565 1634 1618 τὴν
1679 1560 1759 1611 οἰ-

153 1651 405 1715 κουμένην
451 1644 504 1696 ἐν
555 1643 868 1718 δικαιοσύνῃ
917 1650 942 1699 ό
1000 1651 1254 1722 μακάριος
1305 1654 1390 1700 καὶ
1447 1654 1601 1720 μόνος
1658 1646 1758 1701 ὃυ-

151 1737 368 1800 νάστης.
415 1741 511 1794 Τίς
555 1739 658 1809 γὰρ
708 1738 873 1797 οὕτως
922 1736 1138 1798 ἀνήκοος
1193 1747 1290 1788 τῶν
1364 1740 1758 1810 ἡτοιμασμένων

149 1828 287 1896 παρὰ
334 1833 477 1876 Θεοῦ
531 1823 741 1894 ἀγαθῶν
781 1834 889 1885 τοῖς
933 1824 1118 1888 ἀξίοις,
1175 1829 1243 1886 ὡς
1292 1826 1507 1897 ἀγνοεῖν,
1559 1831 1637 1880 ὅτι
1669 1833 1757 1880 καὶ

151 1923 243 1962 τω
277 1910 513 1964 δικαίων
566 1915 590 1964 ό
639 1918 880 1985 στέφανος
919 1917 946 1972 ἡ
991 1923 1081 1966 τοῦ
1118 1920 1408 1988 Πνευματός
1438 1915 1543 1968 ἐστι
1566 1921 1755 1991 χάρις,

148 1999 516 2075 δαῷιλεστέρα
563 2008 675 2056 τότε
745 2009 833 2056 καὶ
885 2003 1170 2079 τελεωτέρα
1211 2010 1568 2080 παρεχομένη,
1624 2009 1759 2057 κατὰ

147 2097 234 2147 τὴν
265 2091 554 2162 ἀναλογίαν
596 2102 698 2144 τῶν
738 2090 1228 2168 ἀνδραγαθημάτων
1275 2103 1371 2155 τῆς
1410 2104 1760 2167 πνευματικῆς

149 2175 300 2240 dicit;
344 2176 733 2251 δια-νεμομένης
783 2181 1019 2252 ilia-rip;
1070 2182 1151 2234 Ἐν
1188 2186 1289 2256 γὰρ
1352 2191 1469 2242 ταῖς
1519 2182 1758 2256 λαμπρό-

151 2287 274 2324 τησι
313 2277 418 2319 τῶν
475 2270 642 2339 ἁγίων
671 2276 827 2341 μοναὶ
864 2270 1048 2322 πολλαὶ
1093 2274 1237 2345 ποιρά
1270 2279 1341 2340 τῷ
1380 2277 1566 2346 Ηατρί·
1610 2292 1751 2324 τουτ-

149 2358 308 2424 έστιν,
345 2359 666 2430 ἁξιωματων
723 2356 996 2431 διαφοραί.
1049 2360 1131 2420 Ὠς
1172 2365 1273 2432 γὰρ
1324 2360 1495 2433 ἀστὴρ
1547 2361 1758 2436 ἀστέρος

151 2444 382 2520 διαφέρει
456 2447 508 2498 ἐν
588 2445 744 2520 δόξῃ,
811 2448 944 2500 οὕτω
1025 2454 1114 2501 καὶ
1189 2452 1217 2507 ἡ
1305 2449 1593 2510 ἀνάστασις
1662 2460 1757 2503 τῶν

151 2547 357 2608 νεκρῶν.
421 2538 492 2588 Οἱ
551 2542 724 2588 τοίνυν
780 2540 1183 2610 σφραγισθέντες
1226 2547 1296 2608 τῷ
1370 2543 1631 2611 Πνεύματι
1685 2548 1756 2609 τῷ

149 2633 278 2695 αγίῳ
308 2626 380 2685 εἰς
423 2629 627 2697 ἡμέραν
672 2625 1099 2700 ἀπολυτρώσεως,
1133 2633 1223 2680 καὶ
1271 2629 1330 2686 ἡν
1360 2627 1539 2682 ἔλαϐον
1584 2628 1756 2704 ἀπαρ-

149 2719 250 2784 Zin-
308 2723 404 2767 τοῦ
453 2718 757 2786 Πνεύματος
785 2717 903 2784 ('23)
946 2715 1185 2788 ἀκέραιον
1238 2722 1325 2768 καὶ
1356 2716 1606 2789 ἀμείωτον
1643 2714 1758 2770 δια-

150 2811 434 2864 σώσαντες,
468 2805 618 2856 οὗτοί
660 2804 794 2857 εἰσιν
834 2808 885 2856 οἱ
915 2804 1238 2865 ἀκούσοντες’
1285 2803 1376 2868 Εὖ,
1410 2803 1562 2859 δοῦλε
1596 2806 1758 2878 ἀγαθὲ

148 2899 232 2943 καὶ
290 2897 467 2962 πιστὲ,
529 2892 615 2945 ἐπὶ
689 2893 842 2963 ὀλίγα
896 2891 955 2955 ἧς
1009 2898 1218 2959 πιστὸς,
1280 2893 1364 2948 ἐπὶ
1445 2895 1641 2948 πολλῶν
1699 2916 1757 2949 σε

149 2988 490 3038 καταστήσω.
519 2982 744 3054 Ὀμοίως
775 2979 835 3034 δὲ
883 2989 971 3034 καὶ
1010 2985 1057 3035 οἱ
1087 2983 1413 3046 λυπήσαντες
1452 2989 1508 3036 τό
1548 2992 1758 3058 Πνεῦμα

1872 466 2015 521 tur?
2046 467 2180 533 Ipse
2228 467 2406 534 enim,
2464 465 2678 537 inquit,
2731 466 2894 522 dedit
2930 468 3215 526 Ecclesia:
3257 473 3524 540 primum

1873 557 2195 625 apostolos,
2230 555 2444 610 deinde
2489 557 2840 625 prophetas,
2893 561 3066 614 tertio
3110 562 3526 619 doctoreszad

1873 645 1999 700 ha3c
2030 646 2300 706 virtutes,
2329 651 2631 712 prceterea
2673 646 2834 700 dona
2881 649 3282 719 sanationum,
3333 653 3524 707 subsi-

1872 735 1995 800 dia,
2063 734 2545 804 gubernationes,
2613 749 2834 803 genera
2911 737 3258 805 linguarum
3304 740 3370 794 '“.
3426 743 3525 796 Hic

1871 823 2034 878 enim
2061 822 2212 878 ordo
2231 826 2407 893 juxta
2429 822 2915 879 distributionem
2948 825 3247 882 donorum
3271 827 3525 899 Spiritus

1869 911 2136 982 digestus
2166 917 2272 968 est.

1942 1199 2030 1253 40.
2067 1199 2243 1267 Quin,
2269 1199 2315 1253 si
2345 1200 2482 1271 quis
2526 1201 2868 1256 accuratius
2900 1202 3255 1273 perpendat,
3288 1221 3529 1278 compe-

1869 1285 1996 1351 riet,
2041 1303 2115 1341 ne
2169 1288 2226 1342 in
2289 1294 2557 1360 tempore
2589 1289 2836 1360 quidem
2889 1290 3155 1364 illo,quo
3209 1300 3528 1366 expectata

1874 1375 2110 1431 Domini
2137 1377 2439 1448 apparitio
2467 1378 2567 1433 ﬁet
2596 1379 2669 1433 de
2715 1379 2884 1446 cmlo,
2918 1381 3179 1436 otiosum
3223 1382 3351 1438 fore
3402 1386 3528 1456 Spi-

1871 1464 2048 1518 ritum
2087 1472 2384 1531 sanctum,
2419 1471 2484 1521 ut
2530 1468 2785 1538 quidam
2815 1468 3209 1548 .arbitrantur
3242 1489 3253 1526 :
3304 1474 3410 1528 sed
3452 1474 3528 1528 si-

1872 1554 1997 1608 mul
2051 1556 2244 1610 aderit
2287 1556 2349 1611 in
2392 1556 2492 1610 illo
2546 1557 2727 1612 etiam
2767 1558 2862 1613 die
2913 1559 3293 1616 revelationis
3343 1562 3523 1624 illius,

1870 1659 1994 1713 quo
2031 1645 2413 1714 judicaturus
2468 1652 2555 1701 est
2606 1647 2818 1702 orbem
2870 1655 3169 1706 terrarum
3215 1652 3274 1707 in
3298 1653 3528 1724 justitia

1799 1743 1839 1796 Β
1871 1731 1969 1787 ille
1992 1732 2207 1789 beatus
2238 1742 2294 1789 et
2325 1735 2487 1790 solus
2514 1740 2754 1807 potens.
2799 1739 2939 1800 Quis
2982 1739 3144 1794 enim
3177 1741 3332 1796 adeo
3361 1743 3527 1814 igna-

1869 1838 1972 1876 rus
2017 1829 2105 1878 est
2143 1823 2466 1893 bonorum,
2513 1841 2646 1897 quae
2701 1828 2854 1880 Deus
2889 1829 3256 1900 praeparavit
3305 1831 3526 1901 dignis,

1869 1918 1931 1968 ut
1946 1914 2486 1984 nesciatjustorum
2501 1932 2788 1970 coronam
2803 1933 2931 1972 esse
2963 1919 3215 1990 Spiritus
3244 1922 3526 1992 gratiam,

1867 2019 2003 2074 quae
2025 2004 2251 2073 largius
2283 2010 2426 2060 tunc
2455 2005 2900 2078 perfectiusque
2939 2007 3203 2076 dabitur,
3237 2011 3527 2081 spirituali

1869 2091 2062 2160 gloria
2092 2093 2310 2164 cuique
2342 2110 2451 2166 pro
2477 2098 2633 2149 recte
2656 2096 2838 2164 gestis
2868 2095 3185 2153 distributa
3209 2117 3221 2153 :
3250 2100 3310 2152 ln
3334 2099 3528 2171 splen-

1873 2181 2122 2235 doribus
2154 2183 2314 2237 enim
2358 2187 2710 2238 sanctorum
2759 2185 3111 2240 mansiones
3139 2187 3341 2242 multae
3385 2205 3530 2260 sunt

1869 2269 2033 2340 apud
2060 2272 2364 2336 Patrem“,
2381 2271 2494 2326 hoc
2518 2272 2945 2343 est,dignitatis
2967 2273 3345 2331 discrimina.
3364 2279 3531 2332 Sicut

1868 2360 2023 2414 enim
2046 2361 2224 2414 stella
2257 2375 2294 2415 a
2315 2361 2495 2416 stella
2522 2361 2728 2428 differt
2765 2363 2828 2417 in
2879 2363 3183 2434 claritate,
3206 2365 3292 2420 ita
3332 2371 3386 2421 et
3433 2382 3524 2422 re-

1865 2450 2160 2503 surrectio
2182 2455 2560 2504 mortuorum
2581 2451 2654 2504 ⁷³.
2681 2454 2883 2522 Itaque
2902 2451 3003 2524 qui
3032 2453 3370 2524 consignati
3390 2459 3531 2511 sunt

1871 2537 2090 2607 Spiritu
2116 2542 2328 2593 sancto
2352 2537 2411 2592 in
2430 2537 2591 2592 diem
2622 2539 3319 2614 redemptionis,quique
3347 2543 3529 2616 Spiri-

1867 2630 1959 2680 tus
1983 2626 2304 2696 primitias,
2323 2642 2476 2698 quas
2499 2642 3006 2700 accepere,puras
3033 2635 3088 2684 et
3120 2630 3383 2700 integras
3411 2649 3530 2687 ser-

1867 2714 2158 2784 vaverint,
2185 2714 2226 2769 ii
2259 2715 2526 2787 suntqui
2553 2716 2799 2772 audient
2829 2733 2841 2771 :
2882 2717 3075 2788 Euge,
3102 2734 3264 2775 serve
3299 2723 3442 2775 bone
3474 2728 3529 2777 et

1863 2803 2079 2872 ﬁdelis,
2113 2819 2296 2873 super
2323 2819 2521 2872 pauca
2554 2806 2753 2874 fuisti.
2785 2806 2999 2873 ﬁdelis,
3031 2823 3212 2877 super
3255 2811 3449 2865 multa
3474 2817 3530 2865 te

1866 2893 2225 2949 constituam
2247 2895 2316 2947 ⁷⁸.
2340 2893 2620 2950 Similiter
2647 2900 2703 2949 et
2740 2894 2846 2966 qui
2873 2896 3353 2953 contristaverint
3403 2898 3525 2968 Spi-

1865 2983 2044 3038 ritum
2096 2987 2373 3038 sanctum
2419 2984 2718 3054 pravitate
2743 2984 3083 3039 studiorum
3111 3001 3384 3053 suorum,
3418 2990 3522 3042 aut

147 3077 202 3122 τό
224 3073 377 3141 οἱγιον
429 3080 491 3142 τῇ
528 3077 760 3144 πονηρίᾳ
802 3081 898 3124 τῶν
946 3069 1377 3145 ἇπιτηὸευμείτων
1419 3075 1606 3140 αὐτῶν,
1641 3076 1669 3134 ἡ
1708 3077 1755 3128 οἱ

1869 3073 1967 3144 qui
1989 3089 2109 3128 non
2138 3073 2388 3128 fecerint
2407 3072 2640 3128 lucrum
2663 3089 2692 3128 e
2718 3078 2875 3128 sorte
2902 3074 3068 3141 data,
3093 3073 3263 3130 abiis
3297 3075 3527 3131 aufere-

147 3167 216 3231 μὴ
303 3161 723 3233 ἐπεργασάμενοι
807 3170 877 3231 τῷ
951 3158 1176 3231 δοθέντι,
1239 3162 1675 3237 ἀφαιρεθήσονται
1729 3167 1755 3216 ὅ

145 3249 452 3318 εἰλήφασιν,
507 3251 578 3311 εἰς
630 3249 830 3322 ἐτέρους
914 3253 1316 3324 μετατιθεμένης
1376 3263 1471 3312 τῆς
1509 3257 1750 3328 χάριτος.

145 3345 192 3394 ἑ.
247 3342 398 3390 κατά
446 3358 561 3389 τινα
605 3349 702 3391 τῶν
764 3340 1162 3411 εὐαγγελιστὼν,
1227 3347 1316 3394 καὶ
1381 3338 1753 3414 διχοτομηθή-

139 3446 342 3479 σοντιι
390 3427 666 3488 παντελώςο
731 3437 823 3489 τῆς
893 3425 1215 3502 διχοτομίας
1286 3436 1563 3502 νοουμένης
1625 3435 1758 3484 κατά

133 3523 233 3573 τήν
292 3517 375 3576 εις
427 3520 487 3567 τὸ
540 3517 769 3579 παντελὲς
809 3517 911 3570 ἀπό
943 3526 1031 3570 τοῦ
1066 3523 1363 3591 ῐινεύματος
1395 3519 1751 3593 ἀλλοτρίωσιν.

133 3611 278 3658 Οὗτε
303 3609 414 3676 γὰρ
450 3613 604 3677 σῶμα
665 3603 972 3681 διαιρεῖται,
1007 3611 1074 3669 ὡς
1108 3613 1164 3660 τὸ
1207 3612 1296 3680 μεν
1355 3605 1756 3682 παραδίδοσθαι

135 3703 198 3765 τῇ
261 3695 508 3755 κολάσει,
561 3699 618 3747 τὸ
676 3692 738 3748 δε
785 3695 1048 3768 ἀφίεσθαι⁹
1100 3700 1319 3760 μυθικὸν
1351 3701 1452 3772 γὰρ
1491 3703 1645 3751 τοῦτό
1675 3719 1753 3770 γε,

131 3791 222 3835 καί
285 3786 350 3836 οὐ
399 3787 540 3836 κατὰ
592 3781 802 3837 δίκαιον
840 3792 1039 3860 κριτὴν,
1095 3787 1213 3839 ὅλου
1271 3790 1652 3862 ἡμαρτηκότος,
1705 3789 1757 3850 ἐξ

133 3876 397 3943 ἡμισείας
445 3875 578 3925 εἶναι
622 3880 716 3932 τὴν
769 3875 1002 3926 κόλασιν·
1035 3879 1151 3928 οὔτε
1198 3877 1352 3948 ψυχὴ
1393 3873 1527 3948 διχῆ
1587 3882 1758 3949 τέμνε-

131 3981 220 4013 ται
254 3966 393 4020 (24),
425 3963 515 4019 ὅλη
551 3960 630 4014 δι’
679 3963 798 4015 ὅλου
829 3968 886 4015 τό
945 3964 1246 4039 ἁμαρτωλὸν
1292 3971 1528 4038 φρόνημα
1575 3986 1756 4025 κεκτη-

136 4059 295 4121 μένη,
354 4057 448 4104 και
507 4054 1037 4126 συγκατεργαζομένη
1087 4064 1158 4125 τῷ
1214 4062 1420 4126 σώματι
1461 4060 1517 4107 τό
1574 4062 1751 4108 κακόν.

137 4142 298 4192 Ἀὶᾶἀ
327 4138 653 4212 διχοτομία.
697 4145 868 4216 ὥσπερ
918 4146 1061 4213 ἔφην,
1095 4147 1123 4202 ἡ
1177 4142 1278 4196 ἀπὸ
1318 4153 1408 4196 τοῦ
1460 4148 1755 4216 Πνεύματος

141 4248 210 4289 εις
233 4236 298 4280 τό
333 4228 580 4292 διηνεκὲς
608 4239 700 4291 τῆς
741 4231 930 4303 ψυχῆς
969 4231 1326 4306 ἀλλοτρίωσις.
1369 4240 1475 4286 Νυν
1507 4238 1596 4306 μεν
1627 4237 1751 4306 γὰρ,

145 4319 182 4368 εἰ
219 4329 312 4371 καί
357 4326 432 4392 μὴ
471 4318 824 4394 ἀνακίκραται
857 4329 962 4382 τοῖς
1010 4320 1253 4388 ἀναξίοις,
1285 4321 1392 4373 ἀλλ’
1431 4319 1517 4374 οὖν
1576 4331 1753 4397 παρεῖ-

1865 3163 2035 3218 turid
2056 3164 2220 3235 quod
2245 3162 3010 3234 acceperunt,beneticioin
3031 3164 3182 3220 alios
3201 3165 3518 3221 translato:

1864 3257 1988 3310 aut.
2024 3252 2360 3308 secundum
2417 3251 2683 3323 aliquem
2733 3267 2804 3307 ex
2835 3253 3220 3323 evangelistis
3249 3254 3318 3326 ⁷⁸,
3341 3256 3522 3310 etiam

1865 3343 2101 3413 penitus
2141 3341 2599 3397 discindentur:
2636 3340 2917 3396 dissectio
2951 3342 3252 3414 siquidem
3305 3343 3521 3399 intelli-

1865 3431 2065 3496 genda
2095 3437 2184 3486 est
2231 3431 2290 3486 in
2335 3432 2469 3499 hoc,
2501 3429 2660 3500 quod
2709 3446 2958 3502 prorsus
2996 3448 3030 3487 a
3064 3432 3281 3504 Spiritu
3313 3438 3521 3489 sancto

1866 3519 2314 3576 alienabuntur.
2339 3522 2543 3590 Neque
2566 3519 2725 3574 enim
2749 3535 2970 3590 corpus
2987 3519 3293 3587 dividitur,
3316 3525 3381 3577 ut
3398 3537 3522 3578 una

1867 3625 2007 3682 pars
2036 3610 2303 3665 tradatur
2325 3608 2637 3682 supplicio,
2670 3608 2854 3664 altera
2880 3609 3244 3665 absolvatur.
3279 3614 3426 3665 Nam
3456 3611 3519 3665 id

1866 3700 2110 3770 quidem
2126 3698 2871 3769 fabulosum,nequejusto
2884 3697 3166 3768 dignumj
3179 3699 3366 3768 udice,
3379 3715 3516 3754 cum

1867 3793 2055 3842 totum
2082 3785 2759 3859 peccaverit,dimidium
2780 3784 2978 3840 addici
3000 3801 3219 3857 pmnze.
3252 3789 3365 3842 Nec
3387 3787 3516 3841 ani-

1867 3893 1966 3931 ma
1992 3876 2053 3932 in
2106 3882 2258 3930 duas
2299 3880 2499 3948 partes
2547 3878 2802 3943 secatur,
2832 3890 2969 3928 cum
3016 3878 3138 3928 tota
3177 3889 3282 3948 per
3324 3879 3515 3932 totum

1865 3965 2142 4022 habuerit
2158 3963 2450 4037 peccandi
2464 3961 2768 4032 affectum,
2786 3962 3085 4035 simulque
3103 3980 3240 4018 cum
3265 3979 3517 4037 corpore

1867 4054 2094 4109 malum
2128 4059 2426 4124 operetur.
2459 4051 2574 4108 Sed
2603 4051 2905 4121 dissectio,
2940 4057 3003 4107 ut
3036 4052 3180 4118 dixi,
3225 4060 3517 4126 perpetua

1865 4150 1952 4198 est
1980 4144 2198 4199 animm
2219 4159 2253 4198 a
2285 4143 2510 4214 Spiritu
2539 4140 2842 4197 alienatio.
2875 4144 3041 4197 Nunc
3073 4142 3253 4207 enim,
3279 4143 3515 4198 tametsi

1863 4247 1982 4288 non
2017 4233 2384 4288 admiscetur
2407 4229 2695 4300 indignis,
2718 4234 2983 4285 attamen
3004 4231 3208 4303 aliquo
3235 4237 3412 4303 pacto
3435 4233 3516 4286 vi-

1862 4321 2037 4376 detur
2067 4322 2278 4378 adesse
2301 4319 2489 4376 semel
2517 4318 2858 4391 baptizatis,
2885 4324 3242 4390 exspectans
3266 4324 3328 4374 ut
3349 4320 3515 4375 salu-

143 4427 224 4457 ναι
256 4405 411 4461 δοκεῖ
465 4429 573 4468 πως
628 4417 731 4469 τοῖς
780 4410 920 4472 οῐπαξ
949 4409 1397 4484 ἐσφραγισμένοις,
1431 4417 1517 4470 τὴν
1566 4411 1620 4463 ἐκ
1663 4421 1752 4472 τῆς

1869 4417 1979 4466 tem
2003 4421 2108 4484 per
2129 4411 2581 4466 conversionem
2614 4413 3095 4481 consequantur;
3125 4413 3249 4463 tum
3279 4424 3423 4465 vero
3453 4411 3514 4465 in

151 4495 469 4570 ἐπιστροφῆς
530 4504 796 4570 σωτηρίαν
841 4500 1008 4551 αὐτῶν
1053 4500 1298 4573 ἀναμένον
1348 4505 1482 4568 (25)·
1548 4506 1663 4553 τότε
1694 4498 1753 4554 δε

147 4583 193 4644 ἐξ
250 4587 374 4640 {seu
428 4597 529 4648 τῆς
575 4586 952 4660 βεϐηλωσάσης
999 4590 1157 4641 αὐτου
1203 4595 1295 4648 τὴν
1353 4593 1513 4664 χάριν
1564 4590 1750 4662 ψυχῆς

208 4757 250 4791 τί
300 4760 316 4812 1
349 4759 496 4813 Cor.
527 4773 634 4826 xu,
666 4760 762 4812 28.
849 4759 893 4792 ⁷³
932 4759 1100 4814 Joan.
1132 4762 1322 4818 xiv.2.

146 4905 358 4963 ibidem
377 4909 512 4962 duo
538 4908 786 4979 codices
808 4908 1037 4963 habent
1080 4908 1314 4979 ἀφίενται
1358 4905 1548 4969 αὗτοῑς.
1597 4910 1779 4964 Deest

141 4997 218 5025 ιιι.
246 4980 302 5032 in
341 4981 661 5052 plerisque
687 4978 992 5034 codiciliUs
1025 4978 1160 5034 ante
1184 4984 1293 5035 has
1322 4997 1493 5036 voces
1515 4983 1575 5031 ἄν
1598 5000 1747 5032 τινων

143 5059 374 5106 uarix.

201 5126 304 5186 ‘22;
349 5128 762 5195 Σδμπαρεσται.
798 5126 879 5176 Ita
945 5138 1046 5176 sex
1100 5121 1338 5178 codices
1400 5141 1545 5177 mss.
1599 5122 1751 5178 Εάὶὶί

141 5208 198 5240 τι
207 5199 601 5247 ungunt-vat.

203 5255 321 5328 ἰη’
355 5272 690 5338 ΙΙνεύματος.
731 5272 772 5319 Α
807 5266 858 5318 ic
888 5271 947 5318 ul
970 5281 1127 5335 saepe
1173 5264 1332 5338 alias
1354 5264 1492 5320 editi
1516 5264 1750 5320 addunt

142 5353 299 5408 λῄδιον,
325 5336 506 5394 Varia
541 5338 936 5408 sequentium
972 5353 1186 5408 vocum
1222 5336 1518 5407 scriptura
1553 5338 1622 5408 in
1655 5352 1749 5391 co-

139 5403 365 5464 dicibus
405 5428 558 5465 mss.
601 5403 868 5480 Quidam
902 5407 1125 5461 habent
1150 5403 1746 5480 a’cxspaiévsColAberti-

143 5481 512 5554 ῖέ-ιεάμίαπον
541 5497 655 5554 pro
689 5479 967 5552 ἀμείωτον,
995 5480 1205 5549 Regius
1224 5475 1528 5534 secundus
1553 5475 1748 5533 διασωο

152 5551 318 5612 ἔειπες.

1397 4759 1447 4793 ⁷³
1489 4763 1506 4813 1
1546 4760 1680 4815 Cor.
1711 4775 1809 4825 xv,
1839 4763 1927 4824 41,
1957 4761 2045 4812 42.

1863 4507 2050 4557 totum
2078 4499 2156 4555 ab
2177 4499 2402 4554 anima.
2422 4513 2558 4569 qua:
2587 4497 2840 4566 gratiam
2871 4497 3060 4567 ipsius
3079 4498 3512 4569 profanaverit,

1862 4588 2252 4646 resecabitur.
2277 4590 2479 4658 quue
2506 4601 2626 4640 non
2652 4592 2744 4641 est
2772 4586 2833 4640 in
2854 4585 3088 4642 inferno
3109 4585 3214 4658 qui
3235 4589 3516 4645 confitea-

2123 4757 2171 4789 ⁷⁴
2214 4755 2412 4810 Matth.
2444 4770 2578 4820 xxv,
2607 4759 2698 4811 21.
2769 4755 2824 4799 ⁷⁵
2865 4755 3063 4810 Matth.
3093 4771 3250 4824 xxxv,
3281 4761 3366 4812 51.

1915 4908 2030 4978 (24)
2073 4915 2209 4978 Διχῆ
2248 4905 3058 4978 τέμνεταιηρυὶάᾶωίϐοάὶοει
3081 4903 3244 4978 δίχα.

1929 4981 2042 5048 (25)
2083 4977 2378 5050 Ἀναμένον.
2424 4977 2643 5050 Vitiose
2676 4977 2926 5050 quidam
2958 4978 3198 5033 codices
3226 4995 3365 5035 cum
3389 4979 3513 5034 edi-

1856 5051 1930 5104 tis
1982 5048 2260 5121 ἀναμένω,
2320 5051 2444 5102 Non
2508 5048 2800 5121 absimilis
2852 5051 3148 5105 sententia
3201 5050 3417 5119 legitur
3454 5052 3514 5104 in

1856 5123 2152 5191 prooemio
2177 5120 2598 5192 Commentarii
2621 5136 2682 5174 ιη
2704 5120 2927 5175 Isaiam
2953 5122 3329 5192 prophetam.
3352 5122 3510 5176 Nam

1858 5194 2126 5249 omnibus
2158 5193 2416 5263 quidem,
2449 5191 2530 5245 ait
2556 5195 2786 5257 auctor,
2814 5192 2982 5247 adest
3022 5191 3288 5261 Spiritus
3331 5207 3510 5247 sanc-

1860 5271 1954 5319 tus
1988 5282 2000 5318 :
2032 5264 2134 5320 sed
2165 5265 2255 5330 iis,
2299 5265 2402 5333 qui
2438 5264 2583 5330 puri
2610 5270 2748 5318 sunt
2780 5265 3112 5332 affectibus,
3142 5263 3511 5331 peculiarem

1859 5334 2094 5391 exhibet
2130 5340 2412 5405 virtutem
2447 5350 2458 5386 :
2492 5340 2553 5389 at
2589 5349 2725 5389 vero
2757 5337 2847 5396 iis,
2879 5350 3133 5405 quorum
3178 5348 3514 5405 menspec-

1859 5410 1983 5462 cati
2006 5407 2257 5461 maculis
2290 5404 2595 5473 turbatur,
2629 5404 2892 5460 minime.
2938 5407 3103 5474 Saepe
3134 5404 3295 5457 idem
3334 5404 3511 5463 docet

1861 5480 2165 5551 Origenes,
2191 5476 2467 5548 inprimis
2489 5479 2765 5532 'l‘ractatu
2794 5482 2860 5530 30
2883 5480 2940 5529 et
2966 5480 3025 5530 3t
3061 5488 3122 5528 ιη
3155 5474 3375 5531 Matth.
