4062 6208
506 314 602 365 147

1888 311 1941 361 S.
1986 309 2233 362 BASlLll
2273 307 2485 361 MAGNI

3765 302 3863 355 H8

496 435 602 491 tim
629 451 767 490 cum
797 434 927 490 aliis
952 434 1011 490 in
1043 433 1189 491 locis
1219 434 1494 505 impietas
1527 451 1561 488 a
1586 432 1761 487 nobis
1783 448 1891 503 pro
1921 432 2150 486 viribus

2278 436 2527 501 παροῦσαν
2559 432 2743 502 όρμην,
2777 427 2942 489 ﬂia);
2992 446 3046 480 τε
3089 430 3178 478 καὶ
3228 426 3276 477 ἐν
3330 424 3503 485 ἄλλοις
3546 428 3681 476 κατὰ
3711 422 3865 477 δύνα-

492 523 749 579 refutata
777 524 871 580 sit.
906 523 1078 589 Quod
1114 523 1163 577 si
1186 522 1293 577 soli
1326 522 1563 594 Spiritui
1586 526 1800 593 putant
1829 522 2148 576 convenire

494 612 1371 677 subnumerationem,discant
1404 612 1686 683 Spiritum
1720 611 1932 666 eodem
1965 611 2149 666 modo

491 702 866 772 pronuntiari
928 718 1065 756 cum
1142 700 1415 767 Domino,
1480 700 1792 772 quomodo
1852 705 1908 754 et
1978 700 2150 755 Filius

489 792 913 861 pronuntiatur
942 806 1082 845 cum
1126 793 1320 845 Patre.
1383 792 1611 844 Nomen
1662 789 1822 843 enim
1866 790 2056 844 Patris
2098 795 2153 843 et

490 880 613 934 Filii
640 884 694 933 et
726 879 976 949 Spiritus
1016 879 1205 933 sancti
1253 878 1521 933 similiter
1552 878 1776 933 editum
1812 883 1918 931 est.
1950 881 2153 949 Itaque

489 967 1012 1037 quemadmodum
1065 984 1126 1023 se
1156 967 1339 1023 habet
1378 966 1552 1021 Filius
1581 966 1658 1022 ad
1686 966 1944 1034 Patrem,
1970 967 2049 1021 ita
2078 965 2153 1021 ad

491 1057 701 1113 Filium
739 1073 867 1111 sese
890 1057 1072 1113 habet
1096 1057 1370 1129 Spiritus,
1415 1056 1750 1111 secundum
1784 1057 2065 1111 traditum
2094 1056 2153 1111 in

486 1146 789 1217 baptismo
824 1145 1147 1200 verborum
1180 1146 1454 1201 ordinem
1484 1147 1555 1198 τ’.
1609 1145 1780 1209 Quod
1827 1145 1875 1199 si
1908 1144 2156 1216 Spiritus

487 1222 898 1304 Filiojunctus
948 1240 1055 1301 est,
1109 1236 1218 1306 37
1268 1233 1446 1290 Filius
1496 1241 1699 1289 autem
1734 1235 1929 1301 Patri;
1971 1235 2159 1305 liquet

486 1324 692 1395 ipsum
716 1325 896 1378 etiam
921 1323 1203 1395 Spiritum
1246 1323 1405 1378 Patri
1458 1323 1731 1393 adjungi.
1761 1325 1947 1387 Quem
1978 1324 2160 1393 igitur

488 1412 689 1468 lorum
723 1412 996 1480 liabet,ut
1020 1412 1502 1467 dicantalterum
1542 1412 1991 1475 connumerari,
2023 1413 2161 1480 alte_

487 1518 622 1555 rum
652 1498 1240 1563 subnumerari,cum
1269 1500 1328 1554 in
1355 1490 1475 1555 una
1499 1500 1836 1572 eademque
1870 1502 2017 1555 serie
2058 1517 2159 1557 no.

488 1590 658 1645 mina
687 1589 807 1643 sint
831 1588 1109 1643 ordinata
1131 1589 1158 1643 ’ἲ
1180 1591 1244 1643 In
1278 1606 1520 1643 summa
1567 1605 1774 1660 porro,
1806 1606 1943 1660 quae
1976 1607 2066 1644 res
2089 1606 2159 1645 ex

491 1681 656 1734 omni
689 1695 885 1733 rerum
911 1693 1126 1747 genere
1158 1693 1430 1747 unquam
1466 1695 1502 1733 a
1553 1695 1663 1734 sua
1714 1679 1905 1751 ipsius
1943 1685 2163 1735 natura

492 1768 709 1823 excidit
741 1768 889 1822 dum
914 1773 1269 1822 numeratur
1288 1767 1314 1821 Ὺ
1334 1771 1539 1822 Nonne
1566 1770 1766 1840 potius
1792 1784 1923 1841 quae
1954 1786 2165 1835 numc_
2196 1788 2233 1840 Β

491 1863 721 1927 rantur,
743 1857 882 1913 talia
903 1861 1295 1929 perseverant
1322 1855 1526 1928 qualia
1552 1862 1691 1911 sunt
1713 1857 1790 1913 ab
1818 1858 1986 1914 initio
2009 1876 2022 1925 ;
2056 1876 2165 1913 nu-

492 1964 696 2002 merus
720 1952 922 2001 autem
952 1945 1276 2001 adhibetur
1316 1962 1351 2001 a
1380 1945 1556 2000 nobis
1580 1963 1688 2001 ceu
1741 1947 2005 2015 signum.
2040 1964 2163 2019 quo

493 2035 833 2091 declaratur
850 2034 1165 2089 multitudo
1188 2034 1675 2105 suppositorum?
1691 2039 1839 2091 Nam
1861 2052 1932 2090 ex
1956 2052 2162 2108 corpo-

493 2123 664 2179 ribus
691 2124 809 2179 alia
837 2122 1380 2192 numeramus,alia
1398 2123 1826 2190 metimur,alia
1847 2124 2160 2185 libramus;

501 2219 558 2268 et
587 2228 849 2283 quorum
880 2213 1167 2267 continua
1196 2217 1283 2267 est
1306 2217 1543 2281 natura,
1586 2230 1656 2268 ea
1684 2229 1973 2268 mensura
1998 2231 2163 2269 com-

496 2301 1214 2373 prehendimus;quorum
1229 2302 1769 2365 discreta,numero
1786 2303 2159 2373 subjicimus,

496 2391 761 2461 exceptis
786 2391 857 2444 iis
900 2407 1037 2461 qua:
1066 2391 1145 2445 ob
1172 2392 1523 2447 tenuitatem
1574 2408 1783 2446 rursus
1811 2393 1964 2447 fiunt
1985 2394 2164 2448 etiam

497 2495 633 2534 men
645 2480 951 2547 surabilia;
968 2496 1104 2551 quae
1121 2497 1259 2535 vero
1280 2482 1486 2550 gravia
1502 2481 1832 2545 sunt,1ibrz£
1857 2489 2165 2537 momento

497 2570 916 2625 discernimus.
934 2574 1058 2626 Non
1082 2571 1283 2642 itaque
1302 2572 1591 2643 quoniam
1624 2571 1798 2627 nobis
1824 2572 1969 2643 ipsis
1994 2574 2167 2641 signa

497 2658 575 2713 ad
622 2660 975 2731 quantitatis
1018 2660 1291 2715 notitiam
1343 2661 1840 2731 excogitavimus,
1893 2665 2167 2733 protinus

495 2748 675 2802 etiam
707 2753 982 2803 naturam
1017 2766 1226 2804 eorum
1260 2766 1395 2821 quae
1436 2752 1678 2819 signata
1706 2757 1863 2820 sunt,
1889 2752 2160 2808 immuta.

452 2864 453 2867 η
495 2838 718 2893 vimus.
747 2838 1273 2901 Quemadmodum
1310 2839 1492 2909 igitur
1517 2855 1652 2911 quae
1691 2839 1843 2895 libra
1884 2842 2169 2912 expendi-

493 2945 654 2997 mus,
687 2946 757 2983 ea
777 2945 900 2983 non
930 2929 1342 2984 sublibramus
1371 2930 1525 2985 inter
1552 2946 1697 3000 sese,
1717 2931 1952 2986 etiamsi
1975 2948 2166 2987 unum

496 3018 567 3072 sit
598 3034 835 3085 aurum,
866 3018 1122 3074 alterum
1151 3025 1436 3075 stannum
1465 3036 1477 3083 ;
1511 3035 1709 3091 neque
1764 3020 2168 3076 submetimur

2259 538 2347 589 μιν
2398 517 2480 589 ὑφ’
2518 520 2660 588 ἡμῶν
2726 526 2820 577 τῆς
2870 516 3102 576 ἀσεϐείας
3158 512 3549 585 διελεγθεὶσης*
3602 515 3644 565 εἰ
3688 512 3747 567 δε
3792 523 3861 584 τῷ

2261 611 2523 679 Πνεῦματι
2579 612 2788 681 πρέπειν
2865 610 3059 659 οἴονται
3133 611 3272 677 μόνῳ
3346 609 3434 661 τὴν
3479 607 3859 679 ὑπαρίθμησιν,

2262 698 2683 768 μανθανέτωσαν,
2740 697 2819 747 ὅτι
2868 698 3002 747 κατὰ
3041 699 3124 746 τὸν
3156 694 3310 746 αὐτὸν
3364 699 3553 768 τρόπον
3598 713 3861 764 συνεκφω-

2261 793 2422 837 νείται
2453 793 2525 853 τῷ
2580 791 2753 857 Κυρίῳ
2800 786 2912 852 (36)
2941 789 3000 835 τό
3032 790 3259 855 Πνεῦμα,
3311 784 3428 835 καθ’
3466 784 3519 833 ὃν
3559 788 3649 834 καὶ
3679 785 3703 833 ὀ
3751 785 3863 842 Υἱός

2264 883 2335 944 τῷ
2372 879 2563 947 ιΙατρί.
2612 878 2680 925 Τὸ
2711 876 2809 945 γὰρ
2838 877 2997 945 ὄνομα
3029 876 3233 945 Πατρός
3280 877 3368 924 καὶ
3417 873 3544 924 Υἰοῦ
3596 878 3685 925 καὶ
3715 872 3861 943 ἁγίου

2266 967 2563 1035 Πνεῦματος
2612 966 2800 1034 ὁμοίως
2836 959 3130 1017 ἐκδέδοται.
3162 962 3247 1023 Ὡς
3294 967 3463 1013 τοίνυν
3518 964 3630 1033 ἔχει
3669 963 3694 1013 ὁ
3748 964 3863 1021 Υἱὸς

2265 1058 2395 1126 πρὸς
2432 1057 2519 1105 τὸν
2573 1057 2796 1125 Πατέρα,
2864 1054 2998 1104 οὕτω
3048 1056 3174 1124 πρὸς
3233 1055 3320 1103 τόν
3376 1055 3496 1104 Υἱόν
3557 1055 3616 1103 τὸ
3658 1057 3866 1123 Πνεῦμα

2266 1146 2400 1195 κατὰ
2429 1150 2520 1200 την
2552 1142 2599 1193 ἐν
2628 1152 2698 1212 τῷ
2731 1141 3066 1214 βαπτίσματι
3094 1137 3526 1213 παραδεδομένην
3574 1149 3666 1194 τοῦ
3712 1141 3865 1211 λόγου

2269 1232 2530 1294 σύνταξιν.
2566 1232 2626 1283 Εἰ
2659 1228 2717 1283 δὲ
2766 1236 2824 1283 τὸ
2878 1236 3090 1303 Πνεῦμα
3133 1238 3206 1299 τῷ
3263 1231 3365 1300 Υἱῷ
3422 1234 3781 1295 συντέτακται,
3840 1232 3865 1281 ὁ

2271 1319 2329 1374 δὲ
2373 1324 2487 1381 Υἱὸς
2543 1328 2615 1390 τῷ
2650 1325 2841 1394 Πατρὶ,
2887 1318 3129 1377 δηλονότι
3161 1321 3269 1389 (37)
3310 1324 3397 1371 καὶ
3436 1325 3492 1371 τό
3525 1325 3737 1391 Πνεῦμα
3800 1339 3866 1391 τῳ

2272 1416 2461 1482 Πατρί.
2513 1416 2639 1461 Τίνα
2678 1411 2764 1461 οὖν
2796 1413 2908 1481 ἔχει
2949 1416 3127 1484 χώραν
3167 1413 3224 1460 τό
3264 1412 3353 1480 μὶν
3409 1411 3864 1482 συναριθμεῖσθαι,

2269 1506 2324 1551 τό
2370 1497 2429 1551 δέ
2481 1501 2893 1572 ῦπαριθμεῑσθαι
2936 1499 3113 1569 λέγειν,
3156 1501 3204 1550 ἑν
3230 1506 3327 1570 μιᾷ
3367 1504 3456 1550 καὶ
3486 1506 3547 1570 τῇ
3582 1498 3711 1569 αὐτῇ
3771 1518 3867 1549 συ-

2274 1592 2492 1659 στοιχίᾳ
2544 1594 3003 1659 κατατεταγμένων
3043 1596 3141 1639 τῶν
3201 1588 3509 1660 ducituraut;
3564 1587 3730 1648 Ὀλως
3789 1585 3869 1647 δε,

2271 1684 2323 1729 τί
2378 1686 2475 1728 τῶν
2534 1680 2736 1729 πάντων
2813 1676 2988 1739 ἐξέστη
3065 1679 3185 1728 ποτε
3262 1686 3355 1738 τῆς
3430 1676 3615 1729 ἑαυτοῦ
3672 1680 3871 1748 φύσεως

2274 1765 2648 1839 ἀριθμούμενον
2679 1784 2692 1833 ς
2724 1765 2857 1819 Ἀλλ’
2891 1767 3019 1837 οὐχὶ
3068 1770 3132 1818 τὰ
3171 1770 3260 1839 μεν
3319 1765 3587 1840 ἀριθμητὰ
3641 1762 3873 1838 διαμένει

2273 1858 2357 1907 οἶα
2413 1860 2631 1927 πέφυκεν
2684 1854 2736 1916 ἐξ
2784 1854 2975 1926 ἀρχῆς,
3018 1857 3042 1905 ό
3071 1852 3129 1907 δε
3165 1853 3380 1927 ἀριθμός
3430 1862 3641 1927 σημεῖον
3689 1875 3877 1928 γνωρι-

2278 1948 2454 1996 στικόν
2529 1953 2621 1995 τοῦ
2698 1944 2924 2003 πλήθους
2988 1952 3087 1995 τῶν
3153 1947 3500 2016 ὑποκειμένων
3553 1943 3676 2018 παρ’
3728 1946 3875 2016 ἡμῶν

2275 2033 2621 2107 ἐφαρμόζεται
2651 2053 2663 2099 ;
2696 2039 2806 2085 Τῶν
2850 2036 2947 2107 γὰρ
3000 2038 3243 2106 συμάτων
3277 2037 3340 2085 τὰ
3395 2036 3484 2106 μὶν
3535 2032 3873 2108 ἀριθμοῦμεν,

2274 2126 2339 2174 τὰ
2397 2120 2455 2175 δε
2507 2131 2809 2197 μετροῦμεν,
2846 2127 2912 2174 τὰ
2966 2119 3024 2175 δὲ
3077 2124 3467 2195 σταθμώμεθα’
3513 2128 3602 2173 καὶ
3659 2124 3725 2172 ὧν
3784 2125 3874 2194 μεν

2278 2217 2503 2281 συνεχὴς
2559 2214 2587 2268 η
2640 2200 2824 2283 ξούσις,
2876 2217 3043 2284 μέτρῳ
3080 2211 3559 2284 καταλαμϐάνομεν,
3592 2212 3659 2262 ὧν
3704 2208 3763 2263 δὲ
3794 2208 3875 2262 δι-

2276 2305 2558 2374 ωρὶσμένη,
2612 2308 2684 2369 τῷ
2737 2299 2941 2375 ἀριθμῷ
3001 2300 3372 2373 ῦποϐάλλομεν,
3442 2301 3567 2358 πλὴν
3634 2302 3735 2352 ὅσα
3781 2297 3877 2352 διὰ

3724 2393 3789 2441 τὰ
3816 2387 3876 2441 δι

2278 2478 2417 2551 βάρη
2450 2487 2566 2539 ταῖς
2596 2478 2678 2530 ἰπὶ
2703 2487 2794 2531 τοῦ
2827 2480 2986 2551 ζυγοῦ
3015 2481 3201 2553 ῥοπαῖς
3259 2477 3608 2554 διακρίνομεν.
3666 2479 3743 2531 Οὐ
3774 2486 3873 2531 τοί-

2274 2389 2560 2447 λεπτότητα
2606 2395 2695 2441 καὶ
2740 2390 2872 2441 αὐτὰ
2928 2390 3080 2441 πάλιν
3138 2393 3369 2463 μετρητὰ
3424 2396 3621 2461 γίνεται
3655 2409 3668 2422 ο

2275 2588 2383 2634 νυν,
2416 2565 2597 2626 επειδη
2626 2569 2829 2629 ἑαυτοῖς
2858 2577 3052 2640 σημεῖα
3093 2576 3223 2643 πρός
3251 2574 3343 2627 τὴν
3369 2577 3459 2621 τοῦ
3488 2576 3651 2621 ποσοῦ
3681 2578 3877 2639 γνῶσιν

2278 2656 2641 2730 ἐπενοήσαμεν,
2701 2657 2807 2717 ἤδη
2846 2664 2934 2710 καὶ
2981 2664 3073 2716 τὴν
3133 2663 3288 2731 φύσιν
3334 2668 3434 2711 τῶν
3486 2661 3876 2730 σημειωθέντων

2279 2747 2584 2819 ὴλλάξαμεν.
2616 2755 2814 2820 Ὠσπερ
2847 2748 2934 2799 οὖν
2989 2749 3093 2820 οὐχ
3141 2751 3597 2821 ὑποσταθμὼμεθα
3638 2748 3878 2809 ἀλληλοις

2277 2838 2342 2887 τὰ
2376 2838 2671 2908 σταθμητά,
2702 2837 2797 2888 κᾶν
2828 2842 2883 2889 τό
2940 2842 3029 2909 μὲν
3074 2843 3298 2909 χρυσός,
3342 2843 3398 2890 τό
3458 2835 3515 2890 δὲ
3567 2844 3879 2911 κασσίτερος

2278 2922 2331 2997 ᾖ,
2382 2923 2506 2977 οὐδὲ
2558 2929 2944 3000 ῦπομετροῦμεν
3002 2931 3068 2979 τὰ
3115 2931 3346 3000 μετρητά
3379 2947 3391 2959 ·
3448 2929 3608 2988 οὕτως
3658 2925 3781 2979 οῦδέ
3813 2932 3881 2980 τὰ

2277 3012 2542 3086 ἀριθμητὰ
2580 3018 2783 3076 πάντως
2828 3018 3279 3090 ὑπαριθμήσομεν.
3344 3017 3403 3069 Εἰ
3451 3014 3509 3068 δὲ
3566 3014 3715 3069 οὐδὲν
3776 3024 3879 3067 τῶν

493 3124 627 3179 quae
656 3123 941 3163 mensura
967 3108 1397 3180 dijudicantur:
1430 3109 1510 3163 ita
1536 3125 1643 3163 nec
1680 3124 1751 3162 ea
1791 3125 1924 3180 quae
1956 3126 2160 3165 nume-

2278 3102 2438 3153 ἄλλων
2494 3109 2588 3162 τὴν
2646 3107 3006 3177 ὐπαρίθμησιν
3066 3104 3304 3177 δέχεται,
3344 3106 3453 3166 πῶς
3488 3114 3557 3175 τῷ
3612 3108 3881 3178 ῘΙνεὺματί

492 3200 722 3264 rantur,
756 3195 876 3251 ullo
932 3197 1115 3252 modo
1167 3196 1772 3252 subnumerabimus.
1810 3198 1983 3263 Quod
2035 3199 2165 3253 siin

492 3285 721 3338 caeteris
748 3284 897 3340 nihil
928 3292 1037 3347 est,
1067 3285 1233 3357 quod
1263 3285 1864 3341 subnumerationem
1893 3288 2159 3360 recipiat.

494 3387 619 3442 qua
640 3371 830 3427 fronte
860 3372 1070 3427 dicunt
1108 3374 1351 3443 Spiritui
1383 3380 1725 3445 competere
1767 3375 2164 3432 subnumera-

492 3461 764 3517 tionem?
804 3466 874 3516 At
901 3462 961 3515 hi
1007 3462 1245 3518 cthnico
1286 3462 1501 3517 morbo
1545 3462 1915 3533 laborantes,
1964 3464 2161 3519 existi-

2275 3212 2402 3264 φασι
2459 3200 2742 3267 προσήκειν
2801 3196 3213 3268 ῦπαριθμεῐσθαι
3244 3212 3256 3261 ;
3289 3195 3443 3248 Ἀλλὰ
3487 3198 3552 3246 τὰ
3606 3194 3879 3251 Ἐλληνικὰ

2272 3290 2537 3342 νοσοῦντες
2572 3286 2765 3335 οἴονται
2818 3287 2883 3335 τὰ
2921 3286 3056 3335 κατὰ
3106 3283 3310 3356 βαθμὸν
3343 3283 3645 3355 ἀξιωμάτων
3686 3284 3801 3353 (38)
3847 3285 3876 3342 ἦ

2272 3375 2406 3423 κατὰ
2430 3372 2614 3433 οὐσίας
2638 3373 2817 3444 ὕφεσιν
2843 3372 3209 3437 ὑποϐαίνοντα,
3236 3382 3401 3425 ταῦτα
3430 3379 3714 3445 προσήκειν
3746 3374 3880 3424 ῦπα-

2269 3461 2595 3531 ριθμεῖσθαι.

492 3555 663 3605 mant
690 3566 827 3622 quae
859 3550 1166 3621 dignitatis
1199 3550 1391 3620 gradu
1423 3555 1527 3606 aut
1556 3556 1787 3607 natura;
1813 3568 1883 3607 ac
1930 3545 2285 3610 substantiae
2318 3549 2721 3607 submissione
2766 3551 3048 3609 inferiora
3078 3557 3235 3619 sunt,
3260 3553 3332 3607 iis
3365 3553 3691 3609 convenire
3724 3550 3877 3607 sub-

491 3638 997 3696 numerationem.

1107 3748 1339 3804 CAPUT
1380 3751 1543 3803 XVIII

498 3858 798 3923 Quomodo
825 3859 887 3913 i'n
916 3857 1286 3927 professione
1336 3859 1521 3911 trium
1554 3857 1951 3925 hypostaseon
1980 3858 2152 3927 pium

568 3929 939 3985 monarchiar
960 3930 1177 3999 dogma
1207 3943 1535 3995 servamus,
1561 3928 1663 3981 ubi
1692 3936 1746 3983 et
1786 3944 2009 3996 eorum,
2050 3931 2156 4000 qui

568 4001 779 4056 dicunt
800 4003 1098 4069 Spiritum
1118 4000 1561 4068 subnumerari,
1586 4000 1907 4068 refutatio.

565 4182 653 4232 44.
683 4179 831 4232 Cum
866 4178 1102 4232 Patrem
1127 4181 1183 4231 et
1216 4176 1425 4232 Filium
1457 4182 1513 4231 et
1562 4176 1847 4247 Spiritum
1876 4182 2159 4232 sanctum

492 4267 755 4322 traderet
772 4266 1204 4331 Dominus,non
1218 4282 1357 4321 cum
1372 4282 1626 4320 numero
1640 4266 1823 4321 simul
1843 4265 2162 4333 tradidit“,

2809 3752 3200 3802 ΚΕΦΑΛΑΙΟΝ
3256 3748 3337 3801 ΙΗ’

2269 3858 2383 3913 Πῶς
2413 3851 2460 3905 ἐν
2488 3862 2549 3926 τῇ
2576 3854 2825 3928 ὁμολογίᾳ
2856 3864 2955 3907 τῶν
2981 3865 3135 3928 τριῶν
3180 3858 3518 3908 ὑποστάσεων
3568 3858 3624 3906 τὸ
3674 3853 3881 3916 εὐσεϐες

2342 3913 2761 4001 τῆςγμόναρχίας
2788 3913 2965 3999 δόγμα
3012 3913 3398 4001 όιατηροῦμεν,
3434 3927 3481 3979 ἐν
3569 3932 3656 3978 καὶ
3707 3928 3731 3976 ό
3760 3913 3877 4001 (ξω

2338 4000 2475 4049 κατὰ
2506 3996 2606 4050 των
2632 3996 2695 4051 τὸ
2747 3996 2959 4071 Πνεῦμα
2985 3996 3399 4071 ὑπαριθμεῖσθαι
3431 4002 3731 4070 φασκόντων
3768 3996 3880 4049 ἕλε-

2341 4088 2497 4140 γχος.

2342 4180 2431 4230 44.
2475 4181 2681 4249 Πατέρα
2709 4183 2798 4229 καὶ
2829 4181 2946 4229 rte»
2975 4183 3063 4229 xui
3093 4178 3241 4248 ἅγιον
3268 4182 3481 4248 Πνεῦμα
3537 4171 3883 4248 παραδιδοὺς

2274 4266 2299 4317 ό
2333 4270 2536 4338 Κύριος,
2589 4266 2646 4317 οὐ
2703 4270 2833 4338 μετὰ
2889 4275 2979 4319 τοῦ
3012 4266 3235 4339 ἀριθμοῦ
3269 4262 3631 4328 συνεξέδωκεν.
3666 4265 3743 4317 Οὐ
3774 4267 3881 4338 γὰρ

499 4359 630 4412 Non
662 4356 820 4412 enim
866 4355 1036 4423 dixit,
1084 4357 1147 4409 In
1177 4354 1442 4426 primum
1473 4361 1529 4410 et
1567 4354 1907 4409 secundum
1946 4359 2002 4411 et
2053 4360 2160 4409 ter-

2278 4358 2428 4425 εἶπεν,
2480 4359 2559 4408 ὅτι
2605 4358 2691 4418 Εἰς
2736 4366 2936 4432 πρῶτον
2964 4362 3050 4409 καὶ
3083 4356 3323 4431 δεύτερον
3354 4362 3444 4409 καὶ
3490 4360 3684 4430 τρίτον,
3727 4354 3881 4423 οὐδὲ,

499 4446 669 4510 tium,
702 4461 919 4516 neque,
955 4448 1015 4498 In
1044 4460 1233 4499 unum
1257 4449 1311 4499 et
1340 4444 1462 4499 duo
1490 4448 1547 4499 et
1571 4444 1717 4499 tria:
1744 4444 1855 4499 sed
1886 4460 1992 4515 per
2017 4461 2160 4499 san-

500 4540 594 4589 cta
618 4535 866 4590 nomina
915 4534 1319 4603 cognitionem
1360 4534 1496 4588 tidei
1532 4533 1609 4588 ad
1660 4534 1917 4589 salutem
1949 4534 2164 4605 perdu-

501 4623 688 4678 centis
720 4623 969 4693 largitus
1018 4628 1125 4677 cst.
1156 4624 1349 4689 Quare
1397 4623 1567 4694 quod
1600 4640 1710 4678 nos
1756 4623 1954 4679 salvos
1999 4622 2161 4691 facit,

500 4712 651 4768 ﬁdes
681 4718 790 4768 est.
821 4715 1120 4767 Numerus
1154 4725 1315 4777 vero,
1370 4712 1612 4781 signum
1642 4712 1960 4769 declarans
2018 4717 2169 4784 quot

505 4802 622 4856 sint
670 4803 1007 4873 supposita,
1034 4802 1406 4871 excogitatus
1437 4807 1546 4859 est.
1581 4801 1694 4857 Sed
1725 4802 1829 4873 qui
1856 4800 2170 4857 undelibet

507 4891 621 4946 sibi
658 4892 804 4961 ipsis
848 4907 1038 4946 noxas
1077 4891 1649 4955 contrahunt,etiam
1678 4890 2041 4946 numerandi
2087 4889 2169 4946 fa-
2206 4922 2207 4925 η

507 4979 723 5036 cultate
762 4980 1055 5035 adversus
1115 4979 1299 5035 ﬁdem
1336 4978 1665 5036 abutuntur
1706 4997 1717 5034 :
1766 4980 1870 5051 qui
1917 4979 2165 5052 quidem

584 5164 629 5195 79
654 5160 850 5218 Matth.
879 5175 1081 5226 xxvm,
1108 5164 1192 5216 19.
1271 5160 1317 5193 ⁸ο
1345 5159 1491 5215 ibid.

587 5348 698 5414 (36)
748 5353 830 5416 Τῷ
892 5348 1083 5418 Κυρίῳ.
1142 5341 1397 5398 Colhert.
1456 5351 1527 5411 τῷ
1568 5344 1689 5412 riga,
1736 5340 1844 5397 sed
1900 5341 2168 5398 secunda

625 5433 728 5471 nu.

518 5434 702 5559 ωῗζὶῖ)
734 5487 995 5546 Anio-mn.
1033 5487 1265 5556 Legitur
1284 5487 1353 5559 in
1408 5480 1796 5559 editisjﬁiov,
1854 5486 1933 5536 ὅτι
1980 5489 2067 5535 καί
2104 5489 2162 5537 τό

521 5554 749 5631 Itys-ipa.
780 5554 1295 5631 Maluimusfsequi
1328 5554 1756 5631 mssacoidices.

592 5626 700 5703 (38)
734 5631 889 5684 Ἀλλά
919 5636 1047 5685 τὰ...
1085 5626 1408 5702 ἀξιωμάτων.
1441 5628 1531 5683 Sic
1562 5627 1777 5697 Regius
1806 5626 2058 5700 primus:
2081 5628 2165 5684 sic

2273 4446 2357 4507 Ei;
2412 4446 2459 4497 ἓν
2508 4452 2596 4497 καὶ
2650 4443 2747 4498 δύο
2793 4452 2882 4499 καὶ
2924 4453 3047 4521 τρία
3078 4464 3091 4477 ⁸
3140 4446 3267 4499 ἀλλὰ
3298 4443 3369 4498 δι’
3397 4446 3661 4517 ὀνομάτων
3712 4443 3883 4514 ἁγίων

2274 4540 2367 4593 τὴν
2440 4544 2632 4606 γνῶσιν
2688 4545 2778 4596 τῆς
2830 4541 2961 4611 πρός
3035 4541 3296 4611 σωτηρίαν
3354 4534 3588 4606 ἀγούσης
3648 4539 3886 4598 πίστεως

2276 4622 2586 4698 ἐχαρίσατο.
2612 4625 2772 4677 ’Ὥστε
2800 4645 2858 4677 το
2898 4630 2987 4698 μεν
3020 4629 3187 4688 σῶζον
3217 4627 3355 4698 ἡμᾶς
3408 4627 3437 4682 ἠ
3478 4628 3655 4683 πίστις
3685 4621 3830 4674 ἕστίν
3866 4640 3882 4652 ο

2277 4716 2302 4765 ὁ
2360 4711 2419 4766 δε
2486 4713 2704 4787 ἀριθμός
2764 4723 2977 4787 σημεῖον
3026 4720 3369 4789 γνωριστικόν
3421 4720 3513 4765 τοῦ
3561 4718 3729 4765 ποσοῦ
3779 4719 3888 4764 τῶν

2278 4806 2621 4876 ὑποκειμένοιν
2683 4803 3022 4863 ἐπινενόηται.
3068 4803 3200 4857 Ἀλλ’
3259 4805 3309 4855 οἱ
3362 4803 3697 4874 πανταχόθεν
3761 4800 3891 4851 ἐαυ-

2278 4901 2387 4955 τοίς
2437 4896 2528 4954 τὰς
2569 4892 2770 4965 βλάϐας
2822 4892 3214 4964 ἄπισυνάγοντες
3260 4897 3350 4944 καὶ
3392 4899 3454 4965 τῇ
3495 4898 3585 4949 τοῦ
3638 4890 3892 4962 ἀριθμεῖν

2281 4978 2499 5054 δυνάμει
2538 4986 2671 5037 κατὰ
2722 4992 2816 5044 τῆς
2846 4987 3063 5042 πίστεως
3094 4987 3380 5055 κέχρηνται
3411 4997 3423 5010 ⁸
3464 4982 3513 5033 οῖ
3538 4999 3617 5051 γε,
3667 4974 3895 5039 οὐδενός

2278 5340 2457 5411 etiam
2488 5343 2750 5411 quatuor
2778 5338 2899 5403 alii,
2924 5338 3043 5393 nisi
3070 5338 3238 5411 quod
3267 5354 3390 5394 non
3411 5336 3639 5411 habent
3659 5336 3898 5411 articu—

2277 5412 2402 5467 lum
2426 5407 2563 5482 ante
2593 5410 2702 5466 has
2729 5426 2928 5478 voces,
2962 5407 3109 5463 xui-ri
3136 5408 3360 5482 βαθμὸν.
3386 5409 3536 5465 Editi
3570 5407 3705 5462 Ἀλλ’
3734 5408 3896 5460 οὗτοι

2277 5487 2383 5539 τά..
2398 5526 2410 5537 .
2437 5481 2726 5555 ἀξιώματα.

2348 5556 2462 5621 (39)
2501 5550 2579 5608 Ἐν
2624 5556 2661 5625 ᾧ
2715 5559 2803 5607 καὶ
2834 5555 2881 5622 ό,
2926 5557 3037 5610 etc.
3068 5553 3205 5609 Haec
3238 5551 3460 5608 desunt
3485 5552 3547 5607 in
3571 5550 3895 5625 plerisque

2278 5626 2610 5683 codicibus.
