4062 6208
219 321 309 372 l53
1383 320 1584 374 LIBER
1621 321 1717 374 ὈΕ
1757 317 2025 374 SPIRITU
2068 318 2358 373 SANCTO.

3481 320 3582 376 154

211 445 332 514 πρός
366 446 568 516 Πατέρα
597 441 677 492 καὶ
709 444 834 494 Υίόν
865 448 1149 504 κοινωνίας,
1190 448 1278 495 καὶ
1312 439 1406 495 ὃιά
1434 453 1524 504 τῆς
1563 451 1651 495 τοῦ
1691 450 1803 496 Μο-

1928 449 1967 498 2t
1995 443 2210 498 iterum
2257 440 2671 509 gloriﬁeabo“
2709 457 2722 496 :
2759 441 2842 497 sic
2893 443 3260 512 gloriﬁcatur
3311 443 3600 516 Spiritus

205 539 430 602 νογενοῦς
493 535 788 603 μαρτυρίας
823 573 839 595 ,
895 531 1160 602 λέγοντος·
1220 538 1375 585 Πάσα
1432 532 1666 606 ἁμαρτία
1718 540 1807 585 καὶ

205 618 512 692 βλασφημία
566 621 889 688 ἀφεθήσεται
920 622 1041 693 ὑμῖν
1085 629 1190 684 τοῖς
1222 621 1532 696 ἀνθρώποις,
1566 625 1595 680 ἡ
1634 620 1692 675 r3“:
1715 629 1806 674 τοῦ

207 711 491 780 Πνεῦματος
517 707 838 781 βλασςοημία
871 710 966 761 οὐκ
988 709 1324 783 ἀφεθήσεται.

272 889 360 941 47.
404 883 612 944 Ἐπειδή
657 883 717 940 δε
750 884 847 940 διὰ
880 885 1142 961 δυνάμεως
1173 901 1496 962 φωτιστικῆς
1533 897 1605 960 τῷ
1637 890 1809 942 κάλλει

199 983 286 1034 τῆς
315 983 408 1026 τοῦ
436 983 569 1028 Θεοῦ
595 983 687 1028 τοῦ
719 975 948 1051 ἀοράτου
980 978 1168 1039 εἰκόνος
1209 978 1584 1052 ἑνατενίζομεν,
1617 983 1702 1031 καὶ
1736 975 1809 1031 δι’

199 1064 360 1125 αὐτῆς
414 1064 716 1137 ἀναγόμεθα
760 1066 846 1119 ἐπὶ
894 1071 952 1119 τὸ
1017 1068 1298 1142 ὑπέρκαλον
1361 1076 1452 1121 τοῦ
1507 1067 1811 1143 ἀρχετῦπου

201 1155 382 1222 θέαμα,
437 1154 597 1206 αὐτοῦ
650 1174 752 1207 που
812 1159 1062 1231 πάρεστιν
1117 1155 1432 1230 ἀχωρίστως
1475 1162 1532 1210 τό
1563 1167 1656 1220 τῆς
1688 1163 1814 1229 γνώ-

205 1262 324 1303 σεως
348 1246 459 1311 (Si)
493 1251 728 1316 Πνεῦμα,
760 1250 856 1303 τὴν
906 1245 1188 1305 ἐποπτικην
1229 1257 1321 1308 τῆς
1369 1248 1560 1308 εἰκόνος
1589 1244 1812 1320 δύναμιν

202 1330 252 1383 ἒν
284 1332 445 1402 ἑαυτῷ
476 1339 837 1408 παρεχόμενον
869 1343 979 1397 τοῖς
1013 1344 1110 1398 τῆς
1150 1335 1389 1398 ἀληθείας
1422 1337 1812 1410 φιλοθεάμοσιν,

200 1421 288 1473 οὐκ
319 1422 498 1484 ἔξωθεν
530 1429 621 1481 τὴν
645 1420 806 1486 δεῖξιν
829 1428 1160 1498 ποιούμενον,
1191 1415 1378 1479 ἀλλ”ὲν
1411 1426 1576 1498 ἑαυτῷ
1607 1426 1813 1499 εἰσάγον

197 1515 320 1585 πρός
343 1516 438 1569 τὴν
463 1511 765 1583 ἐπίγνωσιν.
798 1513 888 1576 Ὠς
926 1519 1023 1591 γὰρ
1055 1512 1224 1576 οὐδεὶς
1269 1513 1382 1569 οἶδε
1412 1520 1498 1569 τόν
1528 1520 1735 1592 Πατέρα
1774 1513 1817 1568 εἰ

193 1605 258 1670 μη
289 1602 316 1652 ὁ
345 1603 495 1666 Υἱός,
528 1602 693 1664 οὕτως
723 1601 900 1666 οὐδεὶς
931 1601 1152 1657 δύναται
1183 1605 1344 1658 εἰπεῖν
1377 1609 1570 1680 Κῦριον
1603 1606 1814 1664 Ἰησοῦν

195 1689 329 1761 εἱμή
377 1689 430 1742 ἐν
497 1695 759 1764 Πνεῦματι
816 1692 971 1765 ἁγίῳ.
1025 1695 1099 1746 Οῦ
1152 1697 1272 1769 γὰρ,
1334 1698 1426 1747 Διὰ
1491 1698 1812 1768 Ιῐνεῦματος,

193 1783 416 1850 εἴρηται,
451 1779 586 1847 ἀλλ’,
619 1781 701 1832 Ἐν
733 1785 996 1854 Πνεῦματι
1021 1801 1033 1813 ⁸
1086 1789 1197 1849 καὶ,
1237 1786 1501 1857 Πνεῦμαό
1534 1789 1659 1846 Θεός
1683 1803 1694 1815 ·
1725 1792 1815 1840 καὶ

189 1873 304 1927 τοῦς
333 1878 760 1940 προσκυνοῦντας
787 1871 946 1923 αὐτὸν
979 1871 1025 1923 ἐν
1055 1876 1318 1946 Πνεῦματι
1362 1880 1454 1926 καὶ
1486 1873 1706 1946 ἀληθείᾳ
1731 1871 1765 1927 δ
1771 1881 1819 1926 εἰ

192 1967 545 2031 προσκυνεῖν·
614 1961 785 2020 καθὼς
838 1964 1170 2036 γέγραπται·
1239 1963 1318 2016 Ἐν
1389 1973 1461 2015 τῶ
1520 1969 1648 2036 φωτί
1722 1984 1816 2016 σου

194 2047 429 2120 ὀψόμεθα
460 2057 566 2120 φῶς
586 2066 599 2078 ·
646 2053 936 2114 τουτέστιν,
969 2050 1016 2102 ἐν
1046 2061 1117 2104 τῶ
1151 2061 1403 2126 φωτισμὼ
1434 2062 1525 2106 τοῦ
1575 2057 1816 2126 Πνεῦμα-

195 2155 298 2201 τος,
345 2143 456 2196 Φῶς
511 2142 568 2189 τὸ
627 2136 888 2210 ἀληθινὸν,
952 2141 977 2192 ὃ
1035 2143 1245 2212 φωτίζει
1303 2145 1476 2194 πάντα
1548 2144 1816 2218 ἄνθρωπον

197 2225 480 2296 ἐρχόμενον
502 2226 573 2288 εἰς
606 2231 693 2278 τὸν
731 2232 950 2301 κόσμον.
983 2228 1143 2283 Ὠστε
1171 2229 1220 2283 ἐν
1264 2230 1424 2284 ἑαυτοῦ
1449 2227 1688 2284 δείκνυσι
1723 2237 1816 2290 την

198 2311 355 2376 δόξαν
387 2324 484 2366 τοῦ
527 2323 868 2388 Μονογενοῦς,
905 2322 993 2370 καὶ
1039 2326 1147 2380 τοῖς
1197 2318 1456 2380 ἀληθινοῖς
1515 2340 1817 2395 προσκυνηο

197 2409 308 2463 ταῖς
342 2402 391 2454 ἐν
419 2404 591 2475 ἑαυτῷ
624 2411 716 2464 τὴν
747 2413 840 2459 τοῦ
863 2414 996 2460 Θεοῦ
1014 2417 1206 2479 γνῶσιν
1227 2414 1536 2484 παρέχεται.
1561 2409 1618 2463 Ἦ
1641 2413 1815 2462 τοίνυν

201 2489 318 2552 ὁδός
357 2502 450 2553 τῆς
484 2496 806 2566 θεογνωσίας
836 2495 978 2549 ἐστὶν
1007 2495 1106 2549 ἀπό
1139 2498 1242 2560 ἑνός
1274 2504 1575 2572 Πνεῦματος
1607 2497 1699 2552 διὰ
1727 2507 1817 2552 τοῦ

200 2581 307 2640 ἑνὸς
336 2584 464 2634 Υἰοῦ
493 2581 578 2635 ἐπὶ
603 2589 689 2636 τόν
735 2587 822 2637 ἕνα
861 2591 1085 2661 Πατέρα.
1117 2593 1217 2640 Καὶ
1249 2586 1523 2644 ἀνάπαλιν.
1553 2591 1580 2647 ἡ
1618 2593 1812 2660 φυσικὴ

201 2672 490 2741 αγαθότης,
523 2678 613 2725 καὶ
645 2674 670 2724 ό
712 2676 848 2726 κατὰ
887 2677 1040 2746 φῦσιν
1080 2676 1360 2750 ἁγιασμὸς,
1389 2682 1478 2729 καὶ
1517 2681 1572 2730 τό
1605 2676 1818 2750 βασιλι-

199 2763 282 2832 κόν
334 2757 545 2832 ἀξίωμα
601 2760 655 2813 ἐκ
706 2765 911 2837 Πατρός
976 2761 1066 2815 διὰ
1110 2772 1202 2816 τοῦ
1243 2772 1570 2837 Μονογενοῦς
1618 2764 1699 2817 ἐπὶ
1763 2769 1820 2818 τό

202 2854 410 2919 Πνεῦμα
442 2845 640 2906 διήκει.
677 2851 829 2902 Οὕτω
861 2857 950 2904 καὶ
981 2854 1035 2904 αἱ
1073 2854 1395 2916 ὑποστάσεις
1422 2855 1816 2929 ὁμολογοῦνται,

151 2970 166 3008 ι
200 2942 286 2988 καὶ
313 2941 371 2987 τό
403 2936 606 2998 εὐσεϐὲς
633 2933 815 3011 δόγμα
863 2949 960 3002 τῆς
1004 2947 1297 3017 μοναρχίας
1338 2943 1399 2996 οῦ
1431 2940 1726 2998 διαπίπτει.
1759 2951 1825 3002 Οἱ

201 3021 258 3076 ’ἴε
288 3031 384 3083 την
435 3027 801 3101 ῦπαρίθμησιν
858 3027 905 3080 ἐν
945 3038 1015 3082 τῶ
1061 3040 1262 3104 πρῶτον
1309 3039 1400 3102 καὶ
1439 3029 1682 3108 δεύτερον
1734 3036 1824 3085 καὶ

200 3120 372 3188 τρίτον
437 3114 604 3187 λέγειν
642 3119 898 3190 τιθέμενοι
948 3120 1381 3194 γνωριζέσθωσαν
1448 3127 1504 3176 τό
1571 3121 1821 3175 πολυθεον

200 3214 294 3265 τῆς
322 3203 621 3266 Ἑλληνικῆς
651 3206 850 3270 πλάνης
876 3217 936 3280 τῇ
972 3207 1218 3283 ἀχράντῳ
1253 3211 1489 3284 θεολογία
1511 3220 1608 3264 τῶν
1645 3220 1822 3287 Χρισ-

200 3302 387 3344 τιανῶν
436 3293 816 3367 ἐπεισάγοντες.
873 3297 961 3359 Εἰς
1003 3295 1153 3352 οὐδὲν
1201 3303 1302 3373 γὰρ
1349 3304 1517 3374 ἕτερον
1550 3306 1686 3375 φέρει
1733 3311 1825 3360 τῆς

200 3384 612 3455 ῦπαριθμήσεως
659 3389 715 3436 τό
768 3389 1134 3460 κακούργημα,
1177 3390 1205 3448 ᾖ
1277 3393 1410 3442 ὥστε
1469 3399 1672 3464 πρῶτον
1730 3395 1824 3444 καὶ

200 3467 457 3542 δεύτερον
510 3476 633 3523 Θεὸν
837 3480 924 3526 καὶ
986 3482 1158 3552 τρίτον
1202 3478 1495 3550 ὁμολογεῖν.
1534 3478 1668 3532 Ἀλλ’
1695 3482 1821 3553 ἡμῖν

202 3560 459 3634 ἀρκοῦσα
511 3562 539 3617 ἡ
598 3565 732 3636 παρά
771 3572 864 3616 τοῦ
923 3571 1117 3639 Κυρίου
1168 3566 1459 3639 ἓπιτεθεῖσα
1515 3567 1816 3639 ἀκολουθία,

202 3650 262 3707 ἑν
291 3652 317 3701 ό
348 3653 598 3721 συγχέων
627 3651 718 3703 οῦκ
751 3653 960 3706 ῦαττον
1009 3665 1100 3717 τῆς
1150 3659 1344 3709 τούτων
1377 3656 1620 3721 ἀσεϐείας
1646 3678 1820 3733 παρα-

201 3745 448 3809 νομησςι.
480 3737 606 3790 ’0τί
633 3742 725 3811 μεν
757 3739 843 3793 οὖν
875 3740 1046 3812 οὐδὲν,
1077 3746 1150 3807 ὡς
1192 3743 1336 3798 οὗτοι
1378 3746 1755 3814 πεπλάνηνται,
1789 3749 1817 3804 ἡ

1915 547 2022 603 per
2044 529 2413 586 consortium
2445 528 2609 601 quod
2652 528 2832 585 habet
2863 547 3001 586 cum
3038 535 3202 586 Patre
3231 535 3286 587 et
3320 531 3482 602 Filio,
3516 537 3574 588 et

1916 637 2022 694 per
2063 618 2356 688 Unigcniti
2400 618 2828 681 testimonium,
2863 619 3111 676 dicentis
3156 638 3169 676 :
3215 623 3401 677 Omne
3437 637 3578 691 pec-

1917 717 2116 766 catum
2144 714 2196 765 et
2225 709 2596 777 blasphemia
2627 709 2966 764 remittetur
3013 710 3170 764 vobis
3204 710 3570 780 hominibus,

1917 800 2019 855 sed
2043 800 2108 853 in
2137 798 2430 868 Spiritum
2455 796 2826 866 blasphemia
2859 814 2976 853 non
3007 800 3346 854 remittetur
3366 801 3432 850 ⁸⁸.

1989 903 2078 956 i7.
2112 901 2259 954 Cum
2292 901 2494 952 autem
2528 911 2635 968 per
2680 896 2803 951 vim
2864 896 3351 951 illuminatricem
3383 897 3579 953 inten-

1920 988 2120 1044 dimus
2148 985 2356 1043 oculos
2383 985 2442 1040 in
2473 984 2987 1058 pulchritudinem
3035 983 3318 1054 imaginis
3358 985 3456 1040 Dei
3486 985 3580 1039 in-

1919 1076 2191 1134 visibilis.
2227 1091 2453 1147 perque
2503 1073 2664 1130 hanc
2720 1073 3113 1130 subvehimur
3145 1073 3222 1128 ad
3252 1072 3582 1146 pulcherri-

1920 1183 2092 1223 mum
2141 1164 2552 1238 spectaculum
2586 1164 2899 1236 archetypi
2927 1181 2939 1232 ;
2998 1163 3079 1219 ibi
3109 1162 3382 1219 videlicet
3413 1162 3584 1219 adest

1920 1254 2397 1328 inseparabiliter
2427 1253 2787 1323 cognitionis
2830 1253 3108 1325 Spiritus,
3143 1253 3267 1308 vim
3299 1251 3582 1324 imaginis

1923 1344 2357 1418 speculativam
2389 1343 2449 1398 in
2480 1342 2678 1414 seipso
2711 1341 3002 1397 exhibens
3049 1341 3140 1409 iis,
3183 1343 3285 1413 qui
3319 1341 3584 1398 veritatis

1923 1433 2426 1506 contemplatione
2455 1430 2867 1498 delectantur;
2904 1446 3024 1486 non
3057 1430 3200 1486 foris
3233 1430 3579 1496 ostendens,

1924 1524 2029 1580 sed
2058 1523 2120 1580 in
2150 1523 2347 1596 seipso
2378 1521 2675 1577 inducens
2724 1521 2803 1578 ad
2850 1521 3239 1591 agnitionem.
3276 1519 3582 1586 Quemad-

1923 1611 2179 1670 modum
2209 1612 2370 1667 enim
2422 1627 2604 1667 nemo
2661 1611 2828 1667 novit
2868 1613 3102 1666 Patrem
3134 1609 3249 1665 nisi
3280 1609 3462 1665 Filius
3486 1612 3532 1644 ’9
3565 1627 3576 1664 :

1885 1723 1900 1734 ·
1925 1703 2008 1759 sic
2039 1701 2237 1757 nullus
2268 1705 2462 1774 potest
2498 1701 2696 1756 dicere
2750 1700 3074 1756 Dominum
3105 1701 3330 1766 Iesum,
3363 1697 3479 1754 nisi
3519 1697 3581 1754 in

1927 1792 2146 1864 Spiritu
2171 1792 2461 1846 sancto”.
2496 1792 2623 1846 Non
2665 1789 2827 1845 enim
2886 1788 3115 1844 dictum
3171 1792 3279 1858 est,
3311 1787 3422 1844 Per
3447 1786 3582 1859 Spi-

1925 1881 2126 1952 ritum,
2161 1880 2287 1947 sed,
2340 1882 2405 1936 In
2453 1881 2691 1949 Spiritu
2721 1896 2732 1946 ;
2767 1883 2844 1943 et,
2876 1879 3142 1948 Spiritus
3167 1885 3253 1934 est
3279 1881 3476 1946 Deus;
3529 1882 3585 1934 et

1925 1972 2030 2043 qui
2056 1971 2317 2027 adorant
2363 1985 2513 2038 eum,
2549 1969 2611 2024 in
2666 1967 2898 2038 Spiritu
2948 1975 3000 2024 et
3051 1969 3304 2024 veritate
3351 1972 3582 2037 oportet

1925 2061 2238 2116 adorare“
2267 2077 2278 2126 ;
2331 2059 2484 2114 sicut
2530 2057 2821 2130 scriptum
2853 2063 2941 2114 est
2972 2075 2984 2112 :
3018 2058 3087 2112 In
3121 2058 3343 2114 lumine
3369 2062 3472 2112 tuo
3501 2057 3580 2111 vi—
3614 2053 3620 2056 ’

1925 2150 2191 2205 debimus
2216 2149 2467 2204 lumen"
2487 2165 2499 2215 ;
2522 2146 2636 2203 hoc
2663 2152 2773 2211 est,
2798 2147 2858 2202 in
2889 2145 3284 2203 illustratione
3307 2145 3581 2219 Spiritus,

1924 2240 2151 2295 Lumen
2185 2253 2412 2308 verum,
2447 2237 2607 2309 quod
2653 2237 2965 2293 illuminat
3009 2252 3232 2293 omnem
3286 2236 3579 2292 hominem

1925 2329 2252 2385 venientem
2280 2329 2341 2382 in
2372 2327 2664 2382 mundum
2685 2326 2753 2381 ’⁸.
2776 2328 2983 2398 Itaque
3011 2326 3072 2381 in
3101 2325 3300 2398 seipso
3324 2323 3586 2380 ostendit

1928 2415 2224 2487 Unigeniti
2255 2415 2532 2486 gloriam,
2557 2420 2614 2470 et
2643 2415 2796 2470 veris
2839 2413 3259 2470 adoratoribus
3289 2414 3349 2470 in
3383 2413 3584 2486 seipso

1930 2505 2030 2562 Dei
2056 2504 2459 2576 cognitionem
2481 2503 2731 2576 praebet.
2753 2503 3006 2559 Proinde
3037 2503 3130 2559 via
3151 2503 3230 2558 ad
3257 2502 3356 2559 Dei
3378 2501 3583 2572 cogni-

1929 2594 2152 2651 tionem
2186 2599 2271 2650 est
2302 2594 2381 2650 ab
2412 2609 2538 2650 uno
2569 2592 2810 2666 Spiritu,
2846 2609 2953 2666 per
2993 2609 3185 2648 unum
3236 2591 3448 2648 Filium
3507 2590 3585 2647 ad

1931 2699 2121 2740 unum
2148 2685 2402 2740 Patrem.
2441 2688 2522 2739 Ac
2547 2699 2778 2750 rursus,
2821 2683 3028 2739 nativa
3052 2679 3296 2738 bonitas
3327 2687 3384 2738 et
3416 2684 3586 2738 natu-

1931 2772 2072 2829 ralis
2100 2773 2502 2829 sanctimonia
2529 2777 2585 2828 et
2618 2771 2833 2842 regalis
2863 2770 3127 2842 dignitas
3175 2787 3248 2827 ex
3279 2773 3450 2826 Patre
3480 2785 3588 2842 per

1935 2863 2313 2932 Unigemtum
2345 2862 2426 2918 ad
2457 2861 2742 2934 Spiritum
2768 2863 3106 2932 permanat.
3135 2859 3224 2915 Ad
3265 2858 3429 2915 hunc
3459 2874 3585 2914 mo-

1933 2952 2079 3008 dum
2093 2951 2517 3022 eihypostases
2531 2951 3020 3023 proﬁtemur,nec
3035 2947 3204 3021 pium
3219 2945 3585 3003 monarchia:

1933 3040 2160 3111 dogma
2188 3039 2608 3096 labefactatur.
2643 3041 2934 3096 Caeterum
2959 3036 3065 3109 qui
3096 3033 3586 3091 subnumeratio-

1933 3145 2074 3186 nem
2095 3133 2346 3201 ponunt,
2375 3127 2642 3184 dicentes
2664 3125 2950 3199 primum,
2992 3124 3331 3181 secundum
3362 3140 3432 3180 ac
3463 3128 3582 3180 ter-

1932 3220 2104 3288 tium,
2163 3218 2356 3274 sciant
2412 3232 2541 3273 sese
2590 3215 2842 3272 deorum
2902 3213 3373 3276 multitudinem,
3411 3212 3586 3285 juxta

1932 3309 2202 3380 gentium
2234 3323 2518 3377 errorem,
2538 3305 2598 3362 in
2627 3305 2924 3362 illibatam
2957 3303 3429 3362 Christianorum
3463 3299 3581 3376 40

1932 3398 2298 3470 theologiam
2327 3397 2640 3454 inducere.
2674 3394 2761 3452 Ad
2793 3393 2944 3451 nihil
2986 3395 3146 3450 enim
3176 3393 3344 3450 aliud
3394 3390 3588 3449 tendit

1932 3487 2482 3546 subnumerationis
2526 3486 2738 3542 dolosa
2784 3485 3071 3552 inventio,
3099 3499 3288 3557 quam
3317 3487 3382 3539 ut
3409 3481 3588 3556 proﬁ-

1930 3584 2168 3637 teamur
2201 3581 2388 3634 Deum
2413 3575 2699 3650 primum,
2729 3574 3066 3630 secundum
3093 3589 3164 3630 ac
3193 3571 3589 3630 tertium.Sed

1929 3671 2107 3728 nobis
2137 3667 2355 3725 sufﬁcit
2380 3684 2416 3724 a
2465 3665 2720 3724 Domino
2771 3665 3158 3738 praescriptus
3198 3662 3368 3730 ordo,
3401 3676 3585 3735 quem

1929 3759 2035 3833 qui
2065 3755 2393 3815 confundet
2423 3771 2546 3813 non
2595 3755 2797 3810 minus
2828 3752 3123 3827 peccabit,
3155 3767 3343 3825 quam
3374 3753 3587 3823 peccat

200 3833 336 3878 κατα
367 3833 464 3885 την
499 3831 658 3900 ’λοῦσιν
698 3836 939 3884 κοινωνία
966 3841 1036 3887 τῶ
1064 3838 1238 3908 τρόπῳ
1278 3845 1372 3898 τῆς
1412 3836 1813 3912 ὑπαριθμήσεως

1929 3831 2178 3905 istorum
2210 3846 2509 3920 impietas.
2543 3843 2713 3910 Quod
2735 3858 2879 3914 ergo
2903 3840 3194 3899 naturalis
3228 3839 3584 3897 communio

200 3917 558 3991 παραλῦεται,
617 3922 800 3982 ἱκανῶς
864 3926 1090 3996 εἴρηται.
1160 3925 1315 3978 Ἀλλά
1372 3926 1690 4000 συνέλθωμεν
1750 3935 1822 3978 τῶ

200 4006 472 4079 φιλονείκῳ
506 4013 599 4060 καὶ
637 4014 1000 4086 ματαίόςθρονέ,
1025 4019 1116 4066 καὶ
1148 4010 1320 4088 δῶμεν
1348 4018 1406 4067 τό
1434 4012 1674 4089 δεύτερόν
1705 4017 1820 4087 (56)

198 4116 332 4158 τινος
361 4097 484 4150 καθ’
501 4101 868 4174 ῦπαρίθμησιν
891 4101 1082 4156 ἐκείνου
1107 4103 1375 4176 λέγεσθαι.
1402 4102 1624 4179 Ἵδωμεν
1648 4111 1819 4160 τοίνυν

195 4192 247 4238 τί
308 4192 367 4240 τό
421 4187 662 4242 ἐκϐαῖνον
712 4189 814 4244 ἀπό
868 4201 958 4245 τοῦ
1009 4193 1185 4266 λόγου.
1240 4194 1297 4247 Ὀ
1345 4204 1565 4270 πρῶτος,
1637 4201 1815 4269 φησιν,

195 4279 476 4351 άνθρωπος
502 4277 561 4330 ἐκ
581 4288 684 4352 γῆς
712 4289 896 4352 χοῑκος
914 4299 927 4312 ’
957 4285 982 4334 ὁ
1015 4279 1250 4359 δεύτερος
1277 4286 1548 4358 ἄνθρωπος
1573 4286 1598 4337 ό
1634 4287 1818 4360 Κύριος

196 4368 248 4429 ἐξ
301 4368 576 4440 οὐρανοῦο
635 4376 723 4422 καὶ
772 4370 820 4422 ὲν
882 4371 1070 4443 illam,
1144 4373 1219 4425 Οῦ
1269 4383 1493 4447 πρῶτον,
1556 4379 1704 4448 φησὶ,
1761 4378 1816 4426 τό

195 4461 577 4530 πνευματικόν,
613 4457 740 4511 ἀλλά
770 4463 826 4512 τό
857 4459 1113 4534 ψυχικόν,
1145 4465 1324 4516 ἔπειτά
1349 4467 1406 4516 τό
1438 4468 1808 4538 πνευματικόν.

198 4547 253 4598 Εἰ
284 4553 462 4599 τοίνυν
493 4556 569 4599 τῶ
601 4557 789 4622 πρώτῳ
832 4552 1207 4625 υπαριθμείται
1257 4557 1314 4606 τό
1369 4550 1630 4627 δεύτερον,
1673 4559 1731 4606 τό
1760 4551 1819 4607 δε

197 4636 667 4709 ῦπαριθμοῦμενον
716 4636 1020 4714 ἀτιμότερον
1054 4639 1167 4693 ἐστι
1215 4649 1305 4695 τοῦ
1352 4645 1477 4716 πρὸς
1510 4643 1535 4695 ὃ
1575 4645 1689 4715 ἔχει
1722 4648 1816 4702 την

197 4725 472 4800 ῦπαρίθμη
486 4745 574 4779 σιν
596 4747 609 4758 ·
640 4725 943 4804 ἀτιμότερος
972 4726 1058 4782 οὖν
1080 4731 1198 4783 καθ’
1228 4733 1363 4804 ὑμᾶς
1393 4738 1484 4784 τοῦ
1514 4730 1757 4804 ψυχικοῦ
1790 4733 1816 4784 ὁ

199 4820 578 4887 πνενματικός,
605 4821 696 4869 καὶ
717 4825 808 4870 τοῦ
833 4826 1024 4890 χοῖκοῦ
1054 4818 1326 4896 ἀνθρώπου
1359 4821 1384 4872 ὁ
1406 4820 1732 4897 ἕπονράνιος.

934 5216 980 5251 ⁸⁸
1007 5215 1212 5274 Matth.
1248 5231 1347 5284 xu,
1374 5219 1461 5273 3i.

607 5288 658 5322 93
687 5288 867 5346 Joan.
896 5303 936 5355 ι,
970 5291 1022 5343 9.
1123 5288 1170 5320 ’³⁵
1201 5289 1220 5342 1
1253 5285 1389 5344 Cor.
1419 5304 1516 5351 xv,
1546 5291 1633 5345 47.

297 5217 339 5248 ⁸⁷
373 5217 558 5273 Joan.
586 5215 694 5281 xxi,
719 5219 814 5272 28.

198 5295 376 5353 lxxv,
410 5291 498 5344 l0.

261 5485 374 5556 (54)
395 5493 501 5548 Τῆς
526 5490 799 5557 γνώσεως,
827 5482 1113 5557 (3011),-τῂ
1137 5485 1389 5557 χάριτος.

265 5554 374 5618 εδδ)
415 5554 667 5631 Δεύτερον
718 5560 871 5614 Θεόν.
905 5554 1076 5631 Ἐᾂίιὶ
1114 5554 1481 5631 ιτείιεῑειοιιῃί
1507 5561 1638 5631 βεόν
1663 5558 1804 5631 post

203 5631 385 5697 τρίτον.
417 5626 677 5690 Codices
709 5643 856 5685 mss.
888 5626 1040 5685 utin
1069 5630 1370 5686 contextu.
1399 5626 1627 5685 ibidem
1656 5626 1797 5699 Reg.

1566 5218 1612 5253 ⁸³
1633 5215 1836 5274 Matth.
1862 5231 1943 5282 xu,
1976 5218 2066 5271 27.

1566 5292 1633 5344 Π.
1738 5287 1784 5322 9⁵
1816 5285 1966 5344 ibid.
1998 5287 2086 5344 46.

1929 3953 2318 4011 nequaquam
2373 3933 2557 3991 modo
2597 3930 3155 3990 subnumerationis
3206 3929 3583 3996 dissolvitur,

1928 4027 2090 4084 velut
2140 4027 2232 4082 isti
2278 4023 2537 4082 errando
2587 4027 2822 4097 putant,
2858 4023 3000 4080 satis
3048 4023 3277 4079 dictum
3326 4025 3433 4078 est.
3471 4019 3586 4078 Sed

1929 4116 2340 4174 concedamus
2359 4113 2653 4188 pertinaci
2674 4117 2730 4170 et
2751 4115 3008 4170 inaniter
3030 4112 3307 4186 sapienti,
3336 4110 3586 4167 demus-

1928 4223 2046 4282 que
2077 4206 2138 4263 id
2185 4204 2352 4280 quod
2395 4203 2598 4278 aliquo
2633 4203 2936 4276 posterius
2963 4207 3070 4266 est,
3100 4201 3184 4258 sic
3209 4199 3486 4273 exprimi,
3522 4203 3588 4256 ut

1927 4297 1981 4355 ei
2012 4297 2497 4353 subnumeretur.
2527 4293 2853 4350 Videamus
2885 4295 3008 4364 jam
3041 4291 3189 4366 quid
3218 4307 3290 4346 ex
3319 4291 3433 4346 hoc
3465 4304 3588 4346 ser-

1927 4403 2108 4444 mone
2137 4389 2563 4458 consequatur.
2589 4384 2852 4452 Primus,
2877 4381 3091 4455 inquit,
3118 4381 3309 4448 homo,
3329 4379 3400 4436 de
3417 4383 3583 4436 terra

1928 4484 2202 4536 terrenus
2225 4496 2244 4533 :
2273 4475 2566 4534 secundus
2609 4473 2780 4531 homo
2805 4473 3110 4544 Dominus,
3146 4472 3219 4528 de
3245 4471 3384 4528 caelo
3406 4471 3454 4504 9‘
3480 4486 3494 4538 ;
3532 4473 3588 4526 et

1926 4567 2089 4638 alibi,
2128 4567 2265 4624 Non
2308 4567 2591 4636 primum,
2638 4563 2852 4635 inquit,
2887 4564 3045 4635 quod
3091 4561 3416 4632 spirituale
3473 4563 3577 4623 est,

1925 4657 2028 4714 sed
2048 4657 2208 4730 quod
2231 4655 2512 4726 animale,
2546 4653 2760 4710 deinde
2787 4652 2945 4724 quod
2974 4651 3376 4722 spirituate“.
3423 4652 3577 4718 Ergo

1927 4746 1976 4802 si
2001 4746 2198 4820 primo
2225 4742 2693 4800 subnumeratur
2715 4739 3073 4805 secundum,
3095 4738 3156 4795 id
3184 4743 3388 4794 autem
3411 4737 3583 4811 quod

1927 4836 2413 4902 subnumeratur,
2445 4833 2626 4891 vilius
2679 4836 2767 4889 est
2812 4848 2884 4888 eo
2914 4831 3010 4888 cui
3060 4829 3534 4888 subnumeratur
3575 4850 3590 4886 :

1923 4925 2104 4999 igitur
2131 4922 2467 4982 secundum
2496 4939 2604 4980 vos
2622 4920 2795 4980 vilior
2823 4924 2914 4978 est
2943 4918 3270 4994 spiritualis
3302 4917 3576 4985 animali,

1924 5021 1981 5074 et
2008 5015 2255 5074 homine
2281 5018 2516 5072 terreno
2536 5012 2814 5070 caelestis.

3330 5205 3377 5240 ”²
3419 5199 3578 5262 Psal.

2167 5217 2216 5250 9°
2248 5217 2268 5271 Ι
2300 5213 2438 5270 Cor.
2486 5228 2584 5274 xu,
2623 5219 2672 5270 3.
2771 5213 2813 5246 τη
2846 5212 3019 5270 Joan.
3057 5223 3136 5278 ιν,
3165 5209 3251 5262 24.

1909 5481 2456 5558 tertius".\'§i.’_i:uzv
2515 5480 2744 5558 ἀρκέσει.
2795 5475 3061 5538 Subinde
3115 5477 3254 5547 Reg.
3307 5477 3586 5548 quartus

1912 5560 2098 5618 ἱκανῶς
2120 5551 2495 5607 ἀποδέδεικται
2510 5597 2521 5610 .

2123 5630 2381 5702 Δεύτερον.
2417 5624 2513 5683 Sic
2557 5623 2693 5682 libri
2743 5628 2973 5681 veteres
3015 5640 3026 5679 :
3067 5619 3208 5679 editi
3242 5616 3579 5696 δευτερεῦον.
