4062 6208
447 286 546 337 455

445 497 749 550 Adversus
780 510 872 551 eos
918 498 1023 567 qui
1059 496 1267 551 dicunt
1313 514 1431 552 non
1463 514 1581 553 esse
1622 498 2091 567 gloriﬁcandum

1139 570 1450 636 Spiritum.

518 675 605 727 48.
652 674 733 727 Sit
786 672 886 736 ita,
912 673 1214 743 inquiunt,
1251 682 1309 729 at
1357 691 1427 729 ea
1468 676 1657 741 gloria
1697 678 1861 731 nullo
1920 682 2093 748 pacto

446 760 696 815 debetur
730 761 992 832 Spiritui.
1040 772 1099 816 ut
1148 780 1182 817 a
1237 764 1408 818 nobis
1439 765 1976 833 gloriﬁcationibus
2023 766 2095 820 sit

447 850 841 905 extollendus.
873 852 1035 906 Unde
1057 854 1236 917 igitur
1257 854 1566 923 probaturi
1596 872 1803 909 sumus
1840 850 2094 926 Spiritus

446 939 797 1010 dignitatem
854 941 1215 996 intellectum
1284 959 1525 998 omnem
1583 951 1993 1016 superantem,
2047 944 2096 999 si

452 1029 632 1082 Patris
654 1036 707 1083 et
745 1029 864 1084 Filii
884 1033 1234 1086 communio
1258 1033 1381 1086 visa
1401 1041 1487 1086 est
1508 1034 1633 1088 istis
1660 1034 1901 1089 minime
1925 1034 2094 1089 sufﬁ-

445 1116 608 1169 ciens
636 1120 709 1171 ad
736 1118 793 1171 id
814 1120 1252 1175 testificandum
1278 1123 1303 1175 ἱ)
1332 1126 1483 1176 Sane
1502 1138 1825 1193 possumus
1852 1129 1908 1178 et
1927 1124 2000 1178 ad
2025 1107 2096 1179 ea

446 1220 583 1275 qua:
615 1207 961 1261 nominibus
1013 1209 1427 1279 signiﬁcantur
1487 1212 1894 1282 respicientes,
1924 1220 1980 1268 et
2018 1212 2096 1267 ad

447 1296 864 1366 Operationum
900 1299 1027 1369 ejus
1070 1301 1569 1371 magnitudinem.
1602 1310 1658 1356 et
1695 1303 1770 1357 ad
1803 1302 2098 1359 beneficia

447 1401 583 1455 quae
612 1386 671 1441 in
697 1404 831 1447 nos.
870 1389 988 1443 imo
1019 1406 1156 1462 quae
1208 1392 1261 1444 in
1316 1407 1560 1446 omnem
1593 1399 1931 1448 creaturam
1959 1411 2098 1449 con-

448 1473 577 1539 fert,
607 1492 715 1546 pro
738 1477 986 1532 modulo
1006 1486 1209 1533 nostro
1235 1488 1459 1533 natura:
1486 1481 1644 1534 illius
1668 1482 2096 1537 sublimitatem

448 1578 517 1618 ac
549 1545 873 1633 potentiam
900 1567 1570 1639 incomprehensibilem
1616 1572 1940 1643 percipere.
1977 1573 2099 1645 Spi-
2128 1545 2167 1596 Β

448 1650 595 1706 ritus
620 1660 869 1709 vocatus
894 1661 1001 1720 est,
1028 1662 1089 1709 ut
1118 1664 1205 1711 est
1237 1656 1405 1717 illud,
1438 1658 1699 1726 Spiritus
1735 1661 1885 1715 Deus
1904 1662 1949 1695 ⁹⁶
1976 1679 1987 1723 ;
2023 1668 2097 1730 et,

445 1740 714 1809 Spiritus
731 1746 933 1797 vultus
952 1746 1447 1811 nostri,C/u-istus
1464 1748 1818 1802 Dominus“.
1848 1753 2098 1804 Sanctus

445 1828 683 1897 dicitur,
705 1834 1227 1903 qnemadmotlum
1277 1842 1521 1891 sanctus
1554 1840 1738 1905 Pater,
1773 1844 1828 1892 et
1858 1846 2100 1895 sanctus

451 1920 649 1973 l’ilius.
677 1923 971 1976 (Ireaturze
996 1924 1288 1994 siquide
1316 1925 1559 1980 inducta
1586 1932 1673 1981 est
1700 1927 1940 1984 aliunde
1963 1946 2097 1985 san-

447 2008 760 2076 ctimonia;
797 2012 1033 2084 Spiritui
1089 2030 1228 2067 vero
1279 2014 1562 2069 sanctitas
1622 2016 1981 2088 completiva
2011 2023 2103 2074 est

442 2104 696 2154 natura.
718 2100 974 2172 Ideoque
1008 2117 1126 2156 non
1154 2104 1583 2171 sanctiﬁcatur,
1611 2105 1712 2158 sed
1743 2106 2095 2162 sanctiﬁcat.

445 2186 648 2241 Bonus
681 2187 817 2242 item
850 2190 1066 2246 dicitur
1096 2191 1247 2245 sicut
1284 2195 1450 2246 l‘ater
1476 2192 1674 2246 bonus
1722 2200 1827 2259 est,
1863 2200 1919 2250 et
1948 2196 2101 2251 sicut

444 2273 642 2329 bonus
670 2283 755 2330 est
776 2277 824 2330 is
856 2279 957 2349 qui
991 2294 1062 2333 ex
1093 2279 1257 2334 bono
1286 2286 1462 2335 natus
1484 2289 1609 2335 est:
1640 2283 1734 2337 cui
1754 2283 1994 2339 bonitas
2012 2290 2102 2339 est

443 2362 575 2433 ipsa
608 2366 888 2421 essentia.
925 2370 1134 2423 Rectus
1181 2374 1441 2427 vocatur.
1482 2377 1540 2424 ut
1582 2377 1778 2426 rectus
1813 2375 2100 2428 Dominus

446 2452 599 2505 Deus
622 2453 691 2520 9',
719 2469 790 2508 eo
816 2456 979 2526 quod
1009 2472 1114 2526 per
1147 2474 1207 2511 se
1238 2458 1309 2511 sit
1340 2459 1473 2526 ipsa
1500 2459 1739 2523 veritas,
1770 2466 1825 2514 et
1854 2459 1987 2529 ipsa
2007 2460 2103 2529 juo

444 2538 620 2607 stitia,
646 2558 756 2596 nec
786 2543 844 2598 in
881 2545 1037 2600 hanc
1066 2562 1173 2601 nec
1206 2547 1260 2600 in
1297 2546 1457 2601 illam
1507 2554 1737 2619 partem
1766 2565 1824 2602 se
1860 2555 2096 2604 vertens

444 2634 545 2683 aut
560 2629 1078 2706 ﬂectens,propter
1099 2641 1326 2690 naturae
1349 2636 2098 2693 immutabilitatem.Para-

444 2717 629 2774 cletus
651 2730 1037 2795 nuncupatur
1059 2724 1219 2778 velut
1245 2726 1592 2793 L'nigenitus
1626 2743 1637 2779 :
1665 2727 1815 2781 sicut
1842 2727 1973 2798 ipse
1997 2727 2095 2789 ait,

443 2811 571 2881 Ego
617 2813 837 2881 rogabo
882 2816 1123 2870 Patrem
1172 2830 1388 2879 meum,
1421 2822 1473 2869 et
1520 2815 1880 2885 dubitEvobz‘s
1911 2818 2099 2871 alium

442 2903 916 2959 Paractetum”.
948 2906 1063 2959 Hoc
1096 2912 1272 2976 pacto
1306 2905 1656 2961 communia
1691 2911 1830 2961 sunt
1850 2906 2100 2961 nomina

442 2994 619 3060 Patri,
643 2992 785 3048 Filio
808 2998 865 3048 et
887 2994 1126 3066 Spiritui
1152 2995 1503 3065 sancto.qu
1529 2995 1638 3049 has
1667 2994 2099 3067 appellationes

444 3097 513 3136 ex
543 3087 770 3137 naturae
804 3082 1103 3138 consortio
1151 3083 1350 3138 habet.
1386 3084 1552 3137 Unde
1598 3084 1759 3138 enim
1810 3084 2051 3139 aliunde
2074 3085 2100 3139 ‘?

447 3172 699 3225 Rursum
734 3172 984 3242 Spiritus
1015 3172 1384 3244 principalis,
1429 3178 1486 3225 et
1530 3173 1781 3243 Spiritus
1813 3173 2098 3243 veritatis,

445 3267 501 3313 ct
543 3260 793 3329 Spiritus
832 3262 1138 3331 sapientiae
1194 3262 1390 3314 dictus
1422 3267 1528 3315 est.
1562 3265 1829 3329 Spiritus
1860 3264 2100 3317 divinus

445 3350 547 3416 qui
586 3363 676 3402 me
698 3350 875 3415 fecit‘
906 3364 917 3407 ;
970 3355 1043 3404 et.
1090 3350 1374 3413 Bcseteet,
1405 3349 1617 3419 inquit,
1646 3352 1912 3417 implevit
1945 3353 2099 3406 Deus

448 3435 557 3506 41
620 3436 854 3503 Spiritu
909 3439 1111 3491 divino
1170 3440 1479 3504 sapientia:
1535 3447 1585 3491 et
1640 3440 1977 3493 intellectus
2046 3447 2098 3494 et

444 3528 706 3581 scientia:
729 3528 769 3579 ⁵.
800 3525 959 3581 Talia
988 3526 1168 3595 igitur
1192 3527 1439 3581 nomina
1466 3528 1685 3582 eximia
1723 3527 1820 3582 illa
1852 3529 2099 3598 quidem

446 3620 501 3670 et
531 3631 776 3685 magna,
812 3630 920 3670 nec
969 3622 1190 3681 tamen,
1223 3620 1385 3685 quod
1444 3616 1521 3670 ad
1573 3616 1827 3685 gloriam
1870 3617 2098 3683 attinet,

445 3705 970 3775 exaggerationem
1000 3703 1179 3760 ullam
1204 3704 1508 3759 habentia.

516 3798 604 3849 49.
642 3800 711 3849 At
737 3796 1117 3866 operationes
1151 3794 1363 3866 quales
1400 3794 1583 3849 sunt?
1616 3794 1949 3849 lnelTabiles
1970 3794 2100 3867 qui-
2134 3819 2174 3870 ι)

445 3884 586 3937 dem
640 3884 718 3938 ob
772 3883 1269 3953 magnitudinem.
1309 3882 1781 3937 innumerabiles
1830 3900 1972 3938 vero
2022 3883 2101 3938 ob

448 3972 911 4026 multitudinem.
932 3976 1077 4026 Nam
1112 3989 1231 4043 quo
1255 3978 1429 4043 pacto
1452 3972 1850 4039 intelligemus
1873 3989 1946 4027 ea
1966 3990 2101 4043 quae

446 4059 685 4116 fuerunt
714 4066 849 4114 ante
881 4060 1139 4114 saecula?
1161 4076 1294 4131 quae
1319 4067 1490 4115 erant
1529 4060 1683 4115 illius
1722 4063 2101 4133 operationes

449 4154 584 4203 ante
634 4154 972 4204 creaturam
1020 4149 1501 4217 intelligibiiem?
1534 4154 1759 4222 quanta
1789 4158 1990 4206 autem
2024 4151 2101 4206 ab

448 4239 549 4296 illo
561 4238 925 4296 beneﬁciain
944 4238 1319 4293 creaturam?
1342 4238 1419 4294 ad
1441 4239 1732 4311 bamque:
1746 4244 2008 4313 potestas
2024 4240 2103 4296 ad

449 4336 698 4385 ventura
728 4328 987 4384 saecula?
1019 4330 1150 4383 Erat
1173 4328 1356 4395 enim,
1389 4334 1443 4383 et
1484 4334 1620 4383 ante
1651 4330 1794 4391 erat.
1827 4336 1881 4384 et
1926 4330 2103 4385 simul

450 4418 660 4474 aderat
702 4435 839 4473 cum
897 4420 1064 4471 Patre
1122 4422 1178 4471 et
1237 4416 1373 4471 Filio
1413 4422 1547 4471 ante
1605 4420 1850 4474 saecula.
1910 4421 2102 4483 Quare

450 4507 839 4578 etiamsiquid
862 4506 1143 4578 cogitaris
1163 4512 1301 4561 ante
1327 4505 1697 4571 saecula,hoc
1716 4512 1917 4562 tamen
1935 4523 2103 4579 repe-

524 4686 570 4719 ⁹⁶
601 4685 774 4740 Joan.
802 4700 879 4740 iv.
902 4688 990 4739 2i.
1070 4685 1114 4717 97
1140 4684 1454 4749 Thren.1v,
1480 4687 1570 4737 ‘20.
1649 4684 1695 4717 "
1727 4682 1880 4739 Psal.
1906 4700 2013 4751 xm,
2050 4688 2133 4739 l6.

522 4864 632 4933 (5‘7)
660 4862 938 4935 Λάϐοιμεν.
969 4864 1053 4919 Ita
1089 4867 1361 4935 quatuor;
1380 4861 1542 4935 Regii
1570 4878 1708 4935 curn
1740 4861 2099 4935 Colbertino,

452 4932 666 4992 melius
723 4932 913 4990 multo
966 4932 1153 5006 quam
1200 4935 1259 5006 in
1295 4932 1719 4989 editis'idéom.
1757 4934 1922 4990 Unde
1963 4937 2102 4988 Era-

454 5024 619 5063 smus
660 5022 875 5077 parum
912 5005 1049 5076 apte
1091 5005 1483 5060 reddiderat:
1526 5006 1693 5061 Unde
1738 5008 1928 5072 igitur
1968 5022 2103 5075 pro-

454 5080 656 5135 baturi
681 5085 841 5141 sunt,
876 5083 988 5132 etc.

524 5149 1002 5222 (58)]Ξῦεργεσίας.
1057 5148 1147 5204 Sic
1195 5148 1389 5222 legere
1421 5147 1767 5222 maluimus
1817 5165 1954 5204 cum
1998 5164 2103 5203 sex

452 5218 784 5282 codicibus,
810 5218 997 5292 quam
1032 5236 1171 5275 cum
1203 5219 1378 5274 editis
1413 5218 1684 5291 ἐνεργείας.

526 5294 637 5363 (59)
670 5289 871 5344 Οὐσίᾰν
892 5294 1036 5363 ἕχον.
1075 5293 1453 5363 δὶοᾲῳλειιιιοε
1484 5289 1633 5345 mss.
1665 5289 1902 5344 codices
1927 5307 1939 5344 :
1961 5289 2101 5344 editi

455 5361 638 5415 οὐσίαν
670 5367 826 5435 ἔχων.
862 5361 1087 5418 ibidem
1120 5361 1298 5417 editio
1322 5362 1503 5415 Paris.
1546 5378 1681 5415 eum
1718 5377 1839 5435 uno
1867 5366 2103 5435 tantum

455 5436 661 5491 codice
694 5432 805 5490 ms.
842 5435 989 5496 εὐθὺς
1043 5436 1285 5506 nopiam
1335 5437 1456 5495 Θεὸς
1509 5436 1670 5504 ἡμῶν.
1719 5433 1825 5488 Alii
1864 5432 2103 5489 codices

456 5522 599 5560 mss.
636 5514 699 5562 ut
725 5507 784 5561 in
813 5511 1115 5561 contextu.

527 5578 641 5650 (60)
673 5579 855 5647 saec;
886 5578 1057 5639 αὐτὸς.
1107 5578 1197 5641 Sic
1248 5594 1395 5634 mss.
1456 5575 1712 5636 codices.
1773 5573 1965 5635 Editio
2006 5577 2103 5631 Pa-

1814 286 1873 343 S.
1912 286 2163 343 BASILU
2202 286 2421 340 IAGNI

1076 407 1297 463 CAPUT
1334 410 1462 463 XIX.
2120 412 2165 463 Α

3697 289 3801 341 156

2806 412 3051 463 ΚΕΦΛΛ.
3085 406 3187 459 ΙΘ’.

2294 500 2428 567 Πρὸς
2452 500 2563 556 τοῦς
2588 494 2823 565 λέγοντας
2854 500 2923 565 μη
2950 492 3076 547 εἶναι
3109 491 3365 555 δοξαστὸν
3394 498 3450 545 τὸ
3485 501 3710 566 Πνεῦμα.

2272 674 2358 724 48.
2396 670 2566 720 Ἔστω
2596 680 2775 733 ταῦτα,
2812 676 2989 742 φησιν,
3024 668 3127 721 ἀλλ’
3156 670 3282 741 οὐχὶ
3321 676 3411 722 καὶ
3446 667 3575 732 δόξα
3595 673 3802 732 πάντως

2203 760 2495 830 ὀφειλομένη
2532 758 2640 809 ἐστι
2682 768 2750 809 τῶ
2801 762 3082 830 Πνεῦματι,
3138 761 3270 809 ὥστε
3314 756 3641 830 δοξολογίαις
3672 759 3799 810 ἁνυ-

2201 849 2435 918 ψοῦσθαι
2483 847 2602 921 παρ’
2635 850 2801 918 ἡμῶν.
2864 850 3021 899 Πόθεν
3075 846 3134 898 ἂν
3175 844 3261 899 οὖν
3300 855 3395 909 τῆς
3434 850 3802 921 ὑπερεχούσης

2202 940 2372 989 πάντα
2395 945 2511 987 νοῦν
2544 934 2686 997 ἀξίας
2712 944 2803 988 τοῦ
2833 940 3121 1008 Πνεῦματος
3165 939 3257 996 τὰς
3297 933 3587 999 ἀποδείξεις
3617 936 3802 988 λάϐοι-

2203 1046 2290 1097 μεν
2320 1031 2457 1095 (57),
2486 1030 2623 1099 εἰπερ
2674 1028 2702 1081 ἡ
2754 1030 2957 1098 Πατρος
3005 1032 3093 1076 καὶ
3126 1028 3248 1078 Υὶοῦ
3294 1031 3532 1078 κοινωνία
3562 1031 3632 1097 μη
3665 1025 3805 1088 ἀξιο-

2204 1134 2389 1175 πιστος
2435 1116 2607 1173 αὐτοίς
2661 1119 2788 1187 πρὸς
2830 1120 3123 1188 μαρτυρίαν
3164 1114 3456 1187 ἀξίωματος
3505 1113 3802 1187 ἐνομίσοη;

2203 1203 2409 1265 Ἐξεστί
2436 1222 2495 1273 γε
2525 1210 2625 1275 μην
2658 1208 2785 1275 πρὸς
2815 1222 2868 1254 τε
2886 1208 2949 1254 τὰ
2979 1202 3031 1255 ἐκ
3059 1212 3155 1256 τῶν
3188 1204 3449 1276 ὀνομάτων
3482 1203 3805 1274 ἀποϐλέψαν-

2204 1313 2292 1353 τας
2344 1312 2715 1364 σημαινομενα,
2760 1298 2848 1344 καὶ
2894 1296 3021 1363 πρὸς
3069 1296 3133 1343 τα
3189 1301 3287 1345 τῶν
3337 1291 3594 1366 ἐνεργειῶν
3640 1294 3804 1361 αὐτοῦ

2206 1384 2417 1454 μεγέθη,
2447 1388 2535 1433 καὶ
2566 1386 2694 1456 πρὸς
2715 1386 2805 1442 τὰς
2838 1382 2908 1441 εἰς
2931 1385 3087 1453 ημᾶς,
3116 1381 3306 1452 μαλλον
3334 1378 3393 1433 δε
3415 1382 3485 1443 εἰς
3512 1390 3687 1435 πᾶσαν
3708 1388 3805 1439 την

2206 1478 2380 1522 κτίσιν
2419 1476 2809 1544 χορηγουμένας
2856 1472 3145 1545 εὐεργεσίας
3174 1475 3303 1539 (58;,
3337 1480 3429 1532 τῆς
3460 1471 3809 1542 μεγαλοφνίας

2208 1562 2363 1612 αὐτοῦ
2407 1567 2495 1611 xui.
2534 1568 2627 1619 τῆς
2659 1558 2930 1631 ἀνεφίκτου
2966 1556 3230 1631 δυνάμεως
3274 1558 3358 1611 ἐπὶ
3390 1564 3551 1611 ποσὸν
3604 1569 3728 1630 γοῦν
3758 1558 3807 1609 ἐν

2208 1655 2440 1724 περινοίᾳ
2467 1651 2728 1720 γενέσθαι.
2773 1656 2980 1719 Πνεῦμα
3026 1650 3328 1720 ὠνόμασται
3355 1670 3366 1681 ·
3414 1650 3501 1715 ὡς,
3542 1655 3752 1718 Πνεῦμα
3783 1650 3809 1698 ο

2208 1747 2331 1798 Θεος
2356 1757 2367 1767 ’
2399 1744 2506 1796 καὶ,
2543 1745 2751 1809 Πνεῦμα
2788 1746 2878 1789 τοῦ
2928 1744 3209 1810 προσωπου
3239 1739 3405 1811 ἡμῶν,
3436 1742 3666 1811 Χριστὸς
3700 1738 3812 1790 Κύ-

2205 1846 2329 1899 ριος.
2363 1826 2538 1898 Ἀγιον
2561 1848 2571 1859 ·
2625 1831 2692 1887 ως
2737 1828 2887 1896 ἅγιος
2918 1829 2941 1876 ὁ
2976 1832 3175 1899 Πατὴρ,
3218 1832 3306 1877 καὶ
3332 1825 3476 1897 ἆγιος
3503 1828 3527 1875 ο
3560 1828 3697 1887 Υἱός.
3729 1832 3806 1896 Τῇ

2206 1920 2295 1988 μεν
2326 1920 2426 1989 γὰρ
2467 1922 2634 1968 κτίσει
2672 1917 2907 1988 ἑτέρωθεν
2941 1915 3232 1988 ἐπεισήχθη
3267 1918 3291 1966 ο
3324 1916 3583 1987 ἁγιασμος
3607 1935 3618 1946 ’
3645 1925 3714 1966 τῶ
3751 1912 3812 1967 δε

2210 2009 2468 2078 [Ινεῦματι
2501 2004 2911 2078 συμπληρωτικη
2946 2014 3040 2066 τῆς
3089 2008 3288 2075 φύσεώς
3333 2002 3472 2057 ἐστιν
3505 2006 3533 2062 η
3565 2004 3807 2075 αγιοτης.

2208 2100 2388 2165 Διοπερ
2422 2092 2549 2163 οὐχὶ
2582 2092 2923 2163 ἁγιαζόμενον
2956 2091 3116 2157 ἐστιν,
3150 2090 3254 2143 ἀλλ’
3284 2092 3525 2162 ἁγιάζον.
3562 2092 3807 2162 ’Λγαθογ

2206 2186 2270 2244 ὡς
2320 2180 2515 2252 ἀγαθὸς
2570 2183 2594 2231 ο
2638 2186 2836 2254 Πατὴρ,
2889 2186 2977 2232 καὶ
3037 2180 3232 2251 ἀγαθὸς
3275 2182 3299 2231 ὸ
3355 2179 3409 2232 ἐκ
3466 2188 3557 2231 τοῦ
3607 2179 3810 2251 ἀγαθοῦ

2204 2273 2467 2341 γεννηθείς
2492 2288 2502 2298 ’
2534 2269 2715 2321 οῦσίαν
2746 2274 2869 2341 ἔχον
3038 2276 3132 2328 τὴν
3164 2268 3481 2340 ἀγαθοτητα.
3518 2270 3675 2331 Εὐθες
3701 2291 3711 2302 ο
3744 2272 3810 2330 ὡς

2207 2361 2360 2422 εὐθής
2394 2364 2581 2431 Κύριος
2612 2362 2635 2411 ὀ
2664 2366 2793 2420 Θεὸς
2820 2377 2829 2387 ·
2866 2368 2935 2410 τὼ
2968 2357 3095 2411 εἶναι
3138 2359 3498 2426 αῦτοαλήθεια,
3524 2364 3613 2412 καὶ
3644 2363 3808 2411 αὑτο-

2207 2446 2541 2515 ὃικαιοσύνη,
2574 2453 2933 2523 παρατροπὰς
2959 2448 3042 2500 ἐπὶ
3085 2452 3273 2521 θάτερα
3312 2454 3400 2500 καὶ
3438 2447 3686 2508 ἐκκλίσεις
3711 2448 3809 2501 οὐκ

2208 2542 2349 2610 ἔχον,
2387 2536 2479 2591 διὰ
2505 2539 2560 2589 τό
2592 2541 2843 2609 ἄτρεπτον
2890 2548 2983 2601 τῆς
3016 2540 3219 2599 οὐσίας.
3274 2538 3610 2612 Ηαράκλητος
3633 2559 3644 2569 -
3676 2541 3750 2599 ὡς
3781 2540 3808 2589 ὁ

2208 2635 2498 2699 Μονογενης
2518 2646 2530 2657 -
2563 2630 2730 2688 καθὼς
2753 2628 2908 2681 αὐτὸς
2947 2630 3061 2697 (60)
3092 2647 3271 2700 φησιν,
3306 2629 3385 2678 ὁτι
3407 2627 3540 2697 Ἐγὼ
3562 2625 3809 2699 ἐρωτήσω

2206 2718 2291 2768 τόν
2344 2722 2547 2789 Πατέρα
2590 2736 2713 2788 μου,
2755 2721 2843 2768 καὶ
2876 2713 3037 2768 δώσει
3076 2718 3197 2787 ὑμῖν
3245 2715 3394 2769 ἄλλον
3444 2714 3807 2789 Παράκλητον,

2207 2808 2358 2857 Οὕτω
2406 2809 2553 2857 κοινὰ
2602 2808 2667 2856 τὰ
2716 2804 2943 2876 ὀνόματα
2996 2808 3119 2879 πρὸς
3174 2809 3380 2878 Πατέρα
3426 2810 3515 2855 καὶ
3572 2804 3689 2856 Υἱον
3738 2812 3813 2854 τῶ

2210 2898 2489 2965 Πνεῦματι,
2553 2892 2622 2944 ἐκ,
2656 2903 2747 2953 τῆς
2803 2897 2939 2944 κατὰ
2991 2899 3083 2951 τὴν
3133 2898 3285 2967 φύσιν
3341 2893 3655 2952 οἰκειότητος
3706 2900 3811 2943 τῶν

2206 2992 2571 3057 προσηγοριῶν
2636 2987 2829 3034 τούτων
2893 3002 3132 3053 τυχοντι.
3193 2984 3351 3036 Πόθεν
3410 2986 3512 3058 γὰρ
3563 2980 3810 3047 ullae“;

2209 3072 2366 3124 Πάλιν
2389 3070 2713 3144 ἡγεμονικόν,
2743 3078 2833 3124 καὶ
2856 3079 3064 3144 Πνεῦμα
3083 3081 3143 3131 τῆ
3159 3093 3179 3133 ς
3206 3071 3470 3137 ἀληθείας,
3491 3077 3579 3123 καὶ
3604 3078 3817 3143 Πνεῦμα

2180 3226 2183 3229 ν
2209 3166 2391 3233 σοφίας
2423 3162 2748 3231 ὠνόμασται.
2804 3168 3014 3233 Πνεῦμα
3054 3168 3200 3213 Οεὶον
3227 3160 3286 3212 τό
3316 3162 3543 3219 ποιῆσάν
3575 3178 3655 3230 με.
3687 3165 3810 3222 Καὶ,

2207 3254 2301 3304 τω
2332 3250 2573 3307 Hausisti
2607 3246 2684 3318 δὲ,
2711 3256 2891 3321 φησὶν,
2928 3249 3199 3307 ἐνέπλησεν
3233 3252 3257 3301 ὁ
3288 3250 3417 3310 Θεὸς
3439 3257 3647 3321 Πνεῦμα
3679 3251 3814 3301 θεῖον

2210 3346 2394 3411 σοφίας
2424 3346 2511 3391 καὶ
2545 3345 2792 3399 συνέσεως
2845 3345 2933 3391 καὶ
2972 3338 3283 3411 ἐπιστήμης.
3325 3343 3402 3391 Τὰ
3444 3344 3531 3411 μεν
3573 3336 3659 3389 οὖν
3693 3338 3813 3389 ὀνο-

2208 3449 2349 3501 ματα
2406 3438 2623 3481 τοιαῦτα
2679 3430 2788 3500 (61)
2848 3430 3077 3502 ὑπερφυῆ
3131 3434 3217 3479 καὶ
3273 3428 3503 3499 μεγάλα·
3565 3431 3817 3498 οὗμενουν

2210 3521 2398 3588 ἔχοντά
2424 3538 2537 3569 τινα
2568 3518 2637 3580 εἰς
2663 3515 2821 3580 δοξαν
2848 3516 3152 3589 ὑπερϐολήν.

2282 3798 2368 3849 49.
2415 3796 2477 3847 Ai
2509 3790 2567 3846 δε
2610 3792 2855 3867 ἐνέργειαι
2899 3798 3063 3859 ring;
3100 3792 3350 3866 Ἂῤῥητοι
3392 3796 3481 3864 μὲν
3512 3789 3606 3844 διὰ
3631 3793 3689 3844 τό
3720 3798 3813 3864 με-

2210 3885 2373 3954 γεθος,
2409 3881 2808 3958 ἀνεξαρίθμητοι
2841 3878 2897 3933 δε
2939 3878 3031 3934 διὰ
3057 3881 3115 3933 τό
3168 3882 3386 3944 πλῆθος.
3440 3889 3555 3944 Πῶς
3592 3885 3682 3954 μεν
3708 3886 3813 3955 γὰρ

2210 3977 2461 4044 νοησομεν
2516 3974 2581 4024 τὰ
2640 3979 2740 4025 τῶν
2776 3971 2969 4022 αἰώνων
3021 3970 3289 4037 ἐπέκεινα;
3345 3976 3478 4032 τίνες
3532 3968 3664 4029 ἦσαν
3725 3971 3820 4022 αῦ-

2210 4070 2300 4112 τοῦ
2360 4061 2460 4135 πρὸ
2520 4069 2611 4121 τῆς
2658 4068 2849 4121 νοητῆς
2902 4065 3115 4120 κτίσεως
3178 4061 3234 4112 αἱ
3298 4059 3578 4134 ἐνέργειαι;
3650 4066 3821 4113 πόσαι

2212 4146 2263 4201 δ’
2323 4149 2411 4202 ἀπ’
2466 4150 2621 4202 αὑτοῦ
2653 4156 2771 4221 περὶ
2797 4154 2885 4206 τὴν
2911 4154 3081 4200 κτίσιν
3114 4150 3227 4220 (62)
3275 4151 3530 4223 χάριτες
3569 4154 3647 4209 τίς
3689 4145 3750 4201 δὲ
3780 4151 3814 4206 ἡ

2211 4244 2340 4314 πρὸς
2396 4243 2518 4300 τοὺς
2576 4239 2765 4299 αἰῶνας
2818 4242 2935 4299 τοὺς
2987 4240 3368 4311 ἐπερχομένους
3422 4234 3683 4309 δύναμις
3718 4238 3820 4290 Ἢν

2210 4332 2299 4401 μὲν
2350 4331 2473 4403 γὰρ,
2530 4334 2619 4380 καὶ
2671 4336 2836 4402 προῆν
2894 4329 3029 4397 (63),
3082 4333 3171 4379 καὶ
3226 4335 3506 4401 συμπαρῆν
3545 4336 3615 4396 τῷ
3644 4333 3822 4399 Πατρὶ

2210 4423 2298 4470 καὶ
2329 4426 2399 4469 τῶ
2450 4418 2552 4470 Υἰῶ
2581 4420 2681 4490 πρὸ
2732 4426 2831 4469 τῶν
2872 4417 3087 4471 αἰώνων.
3138 4416 3315 4477 Ὠστε,
3366 4418 3460 4469 κᾱίν
3512 4436 3560 4467 τι
3614 4421 3820 4488 νοήσης

2209 4516 2308 4559 τῶν
2340 4507 2534 4559 αἰωνων
2593 4506 2844 4574 ἐπέκεινα,
2890 4515 3042 4559 τοῦτο
3088 4509 3320 4581 εὑρήσεις
3373 4514 3464 4559 τοῦ
3518 4510 3819 4577 Πνεῦματος

3304 4686 3326 4719 ³
3358 4684 3542 4741 Exod.
3568 4698 3719 4747 xxxt,
3744 4687 3773 4736 3
3792 4726 3805 4736 .

2214 4686 2260 4719 9°
2291 4688 2466 4741 Joan.
2498 4700 2610 4754 xxv,
2642 4689 2725 4742 16.
2808 4687 2823 4719 ί
2855 4684 2989 4740 Job.
3017 4701 3135 4755 xui,
3176 4687 3229 4743 4.

2210 4862 2313 4919 ris.
2336 4867 2392 4918 et
2422 4861 2601 4917 Basil.
2644 4860 2912 4917 secunda
2945 4864 3129 4922 Καθὼς
3158 4866 3247 4913 καὶ
3274 4861 3439 4920 αὐτὸς.
3466 4864 3593 4916 Non
3621 4861 3819 4916 multo

2212 4938 2347 5005 post
2395 4949 2470 4989 ex
2503 4932 2720 4987 iisdem
2754 4933 3063 4988 codicibus
3108 4933 3368 5001 legimus
3418 4938 3658 5003 τυχόντι,
3687 4949 3817 4988 non

2216 5010 2277 5059 ut
2306 5006 2365 5059 in
2398 5006 2569 5057 editis
2601 5006 2935 5075 τυγχάνοντι.

2288 5081 2398 5139 (61)
2421 5083 2668 5131 Τοιαῦτα.
2697 5079 2831 5130 Post
2860 5076 3014 5130 hanc
3038 5091 3248 5131 vocem
3276 5074 3411 5130 editi
3439 5075 3674 5129 addunt
3700 5081 3815 5144 καί,

2211 5146 2378 5219 quod
2410 5147 2468 5200 in
2494 5146 2795 5202 veteribus
2823 5145 2989 5202 libris
3018 5163 3139 5203 non
3170 5147 3408 5219 legitur.

2284 5220 2396 5279 t62)
2425 5223 2675 5289 Hepiiruv
2706 5222 2903 5272 κτίσιν.
2947 5218 3038 5273 Sic
3082 5235 3229 5274 mss.
3268 5218 3506 5273 codices
3546 5216 3669 5270 τὲπὶ
3722 5221 3822 5273 τὴν

2211 5294 2384 5341 κτίσιν
2414 5288 2472 5343 in
2498 5288 2697 5343 editis.

2284 5363 2394 5423 (63)
2432 5367 2623 5431 Ιιροῆν.
2654 5360 2885 5428 Legitur
2908 5359 2967 5414 in
3002 5359 3244 5415 duobus
3277 5360 3470 5429 Regiis
3499 5358 3822 5414 codicibus

2212 5436 2299 5482 xui
2325 5438 2522 5503 πρῴην,
2552 5438 2681 5486 erat
2721 5437 2772 5503 et
2799 5432 3054 5503 pridem.
3091 5442 3283 5497 Quam
3312 5432 3673 5503 scripturam
3702 5431 3823 5486 mi-

2213 5519 2305 5559 ror
2325 5502 2587 5560 arridere
2614 5502 2991 5560 Combeﬁsio.
