4062 6208
382 229 482 281 {39

1757 226 1812 281 S.
1845 223 2100 281 BASiLli
2140 225 2357 282 MAGM

3644 226 3745 280 160
3773 222 3784 228 ’

387 350 720 405 timuerunt
748 350 814 404 η.
840 347 1092 405 Proinde
1116 364 1253 404 cum
1283 345 1561 418 audieris,
1622 348 1767 404 Cum
1820 350 2044 404 venerit

2158 345 2428 420 ὡδήγησεν
2480 347 2684 408 αὐτούς,
2749 355 2846 400 Και
2901 368 2972 420 μη
3029 362 3118 420 μοι
3172 349 3259 404 τὴν
3317 342 3539 417 όδηγίαν
3592 350 3744 399 πάλιν

386 439 769 506 Paracletus,
794 439 900 494 ille
923 439 1083 493 vobis
1103 444 1400 508 suggeret,
1426 452 1496 493 ac
1520 453 1616 493 vos
1638 438 1812 493 (lucet
1838 438 1896 492 in
1920 454 2038 493 om-

383 542 514 580 nem
551 527 858 582 veritatem
883 528 927 560 ¹³
953 543 973 582 .·
993 527 1187 594 cogita
1230 525 1676 592 deductionem,
1708 525 1876 580 sicuti
1899 524 2037 580 doc-

384 619 482 670 tus
507 631 606 683 es;
635 631 709 671 ne
733 615 1118 671 calumnicris
1140 615 1489 683 cogitatum.

382 707 506 755 ὡσεὶ
588 703 849 778 πρόϐατον
927 709 1012 755 τόν
1087 703 1299 775 Ἰωσήφ·
1375 709 1483 769 καὶ,

387 791 638 864 ἀκούσης,
718 795 794 844 ὅτι
869 792 1028 843 Ὀταν
1104 792 1220 865 ἔλθῃ
1303 795 1327 844 0
1407 792 1766 866 Παρακλητος,
1845 791 2028 853 ἐκεῖνος

393 881 653 947 ἀληθειαν,
705 887 797 939 τὴν
853 877 1097 952 οὸηγίαν,
1156 885 1223 943 ως

456 975 546 1026 50.
576 974 664 1034 At,
699 970 955 1042 inquies,
983 973 1179 1027 Etiam
1203 972 1553 1041 interpellat
1604 987 1716 1040 pro
1754 971 1985 1027 nobis”
2021 989 2033 1026 :

382 1058 633 1131 proinde
663 1064 962 1130 quantum
987 1060 1035 1114 is
1056 1059 1433 1133 quisupplex
1475 1065 1588 1130 est,
1616 1059 1894 1116 beneficii
1934 1076 2037 1116 au-

382 1153 542 1203 ctore
565 1147 808 1204 inferior
838 1155 950 1220 est,
975 1153 1208 1205 tantum
1231 1166 1478 1222 quoque
1520 1151 1770 1222 Spiritus
1809 1149 2040 1206 ratione

384 1236 692 1306 dignitatis
723 1255 758 1293 a
791 1241 908 1294 Deo
932 1243 1217 1294 remotus.
1244 1243 1313 1294 At
1335 1245 1396 1295 tu
1424 1239 1699 1295 nondum
1724 1239 1943 1295 audisti
1967 1239 2040 1294 de

389 1326 723 1396 Unigenito,
752 1328 917 1399 quod
943 1328 992 1384 is
1023 1328 1186 1384 estin
1211 1328 1458 1384 dextera
1484 1330 1602 1392 Dei,
1636 1327 2044 1400 etinterpellat

385 1432 494 1488 pro
518 1416 1025 1490 nobis”?ltaque
1064 1419 1210 1491 quia
1252 1418 1506 1491 Spiritus
1547 1419 1606 1474 in
1659 1424 1714 1475 te
1747 1423 1854 1486 est,
1886 1418 1932 1473 si
1959 1423 2042 1474 ta-

385 1522 523 1561 men
555 1507 806 1564 omnino
833 1507 894 1563 in
944 1514 998 1564 te
1039 1514 1149 1576 est,
1199 1513 1255 1564 et
1298 1509 1442 1582 quia
1473 1525 1583 1564 nos
1611 1512 1940 1565 exczecatos
1965 1506 2042 1562 ad

385 1593 736 1663 eligendum
757 1595 923 1668 quod
947 1596 1085 1652 utile
1127 1601 1233 1666 est,
1285 1596 1481 1665 docet,
1527 1596 1914 1670 deducitque,
1965 1611 2040 1651 ne

385 1699 522 1739 eam
551 1683 631 1740 ob
663 1701 910 1741 causam
934 1686 1097 1758 piam
1120 1702 1189 1742 ac
1213 1691 1486 1742 sanctam
1508 1685 1582 1742 de
1596 1702 1666 1742 eo
1691 1685 2042 1758 opinionem

387 1773 652 1830 amittas.
686 1777 834 1830 Nam
854 1775 1122 1847 profecto
1140 1774 1827 1845 summusfueritingrati
1847 1773 2034 1830 animi

387 1861 612 1932 gradus
624 1861 1072 1931 ,benefacientis
1086 1863 1522 1920 humanitatem
1537 1863 1612 1920 ad
1627 1863 1843 1934 ingrati
1857 1861 2044 1918 animi

387 1952 770 2008 occasionem
799 1959 1045 2010 vertere.
1073 1953 1256 2010 Nolite
1287 1953 1465 2025 igitur
1511 1953 1867 2010 contristare
1914 1952 2044 2025 Spi-

393 2041 572 2097 ritum
601 2048 877 2099 sanclum
905 2046 974 2098 '6.
1005 2044 1220 2099 Audite
1237 2043 1383 2115 quid
1401 2043 1908 2116 dicatmartyrum
1933 2043 2047 2115 pri-

387 2130 568 2187 mitias
596 2133 957 2204 Stephanus,
1017 2133 1491 2190 inobedieutiam
1538 2150 1608 2190 ac
1653 2133 2045 2190 rebellionem

387 2220 763 2292 exprobrans
785 2222 1033 2295 populo.
1081 2224 1207 2294 Vos,
1259 2223 1473 2296 inquit,
1533 2240 1766 2295 semper
1809 2224 2048 2294 Spritui

387 2315 598 2364 sancto
625 2311 900 2365 resistitis
920 2312 982 2366 ιτ.
1012 2313 1078 2366 Ει
1106 2327 1350 2367 rursum
1383 2311 1568 2367 Isaias
1596 2311 2046 2368 .‘Exacerbave-

388 2403 535 2452 runt
567 2397 863 2468 Spiritum
883 2406 1178 2471 sanctum,
1215 2407 1268 2458 et
1294 2417 1490 2458 versus
1513 2407 1598 2457 est
1624 2403 1748 2457 illis
1771 2402 1832 2456 in
1855 2401 2049 2456 inimi-

389 2487 596 2543 citiam
619 2489 683 2542 ιθ.
710 2491 772 2544 Et
805 2489 968 2560 alibi,
993 2492 1209 2546 Domus
1231 2491 1416 2547 Jacob
1447 2492 1720 2547 irritavit
1751 2491 2047 2560 Spiritum

390 2577 633 2634 Domini
655 2579 718 2632 ‘9.
749 2578 984 2651 Audite,
1019 2580 1294 2652 inquam,
1320 2597 1397 2637 an
1426 2597 1549 2637 non
1591 2581 1717 2637 haec
1742 2597 2048 2637 summam

393 2666 722 2738 potentiam
749 2667 1057 2724 declarent
1084 2669 1111 2724 ?
1134 2669 1366 2726 Judicio
1396 2669 1725 2740 legentium
1743 2670 2046 2743 permitto,

391 2772 546 2828 quas
573 2757 815 2812 tandem
848 2763 1166 2831 opporteat
1185 2775 1311 2826 eos,
1340 2759 1444 2832 qui
1466 2760 1594 2815 haec
1617 2760 1892 2827 audiunt,
1917 2759 2047 2832 opi-

389 2844 600 2900 niones
621 2846 936 2919 concipere
961 2865 973 2915 ;
993 2853 1192 2904 utrum
1217 2854 1510 2922 tanquam
1531 2849 1605 2905 dc
1623 2849 2042 2913 instrumento,

1562 699 1758 774 Ὠὸηγη
1769 723 1852 755 σεν
1934 703 2093 756 αὑτοῦ
2106 724 2124 765 ς

2069 795 2205 866 ὑμᾶς
2236 793 2514 867 ἀναμνήσει
2580 801 2668 846 καὶ
2730 791 2990 866 ὁδηγήσει
3053 795 3166 862 (69)
3233 797 3357 867 πρὸς

2147 438 2213 498 εἰς
2271 443 2508 496 ταπεινὴν
2565 434 2833 489 διακονίαν
2888 435 3126 509 ἐκλαϐης.
3159 443 3323 488 Τοῦτο
3365 439 3466 510 γαρ
3499 441 3587 488 καὶ
3613 445 3744 488 Θεοῦ

2150 529 2295 600 ἔργον
2384 530 2511 578 εἶναι
2564 528 2589 578 ὁ
2655 526 2802 598 λόγος
2886 523 3320 601 διαμαρτύρεται·
3415 522 3743 597 Ὠδὴγπσαί’

2152 621 2331 688 φησὶν,
2394 618 2460 675 ὡς
2518 614 2754 690 πρόϐατα
2812 619 2896 667 τόν
2961 615 3082 667 λαὸν
3145 633 3260 666 σονυ
3299 620 3409 683 καὶ,
3450 615 3507 666 ’0
3538 613 3747 687 ὁδηγῶν

2204 703 2280 757 ἐπ’
2349 701 2543 773 ἐλπίδι,
2625 711 2714 757 καὶ
2803 705 2896 756 οῦκ
2976 701 3292 758 ἑὸειλίασαν.
3385 703 3544 756 Ὥστε
3627 707 3746 756 ὅταν

3451 801 3624 846 πᾶσαν
3657 801 3748 852 τὴν

1275 878 1547 954 ἐδιδάχθη
1565 903 1602 946 ς,
1662 888 1783 934 νόει·
1819 884 2213 955 μὴσνκοφαντει
2240 889 2332 942 την
2367 887 2590 940 ἔννοιαν,

2225 977 2315 1028 50.
2373 973 2526 1025 '.-\110t
2582 979 2680 1026 Καὶ
2739 972 3063 1044 ἐντυγχάνει,
3128 978 3306 1045 φησὶν,
3366 973 3492 1047 ὑπὲρ
3581 975 3752 1046 ἡμῶν

2151 1059 2310 1113 Ὠστε
2340 1063 2460 1113 ὅσον
2485 1065 2654 1124 ἱκέτης
2683 1071 2773 1114 τοῦ
2807 1062 3070 1134 εὐεργέτου
3097 1060 3346 1132 λείπεται²
3394 1069 3642 1114 τοσοῦτον
3693 1066 3750 1113 70

2157 1159 2365 1223 Πνεῦμα
2410 1156 2546 1204 κατά
2602 1157 2694 1210 τὴν
2755 1151 2900 1214 ἀξίαν
2960 1150 3295 1204 ἀποπεπτωκε
3337 1159 3428 1203 τοῦ
3489 1159 3642 1204 Θεοῦ·
3684 1154 3750 1204 Σὺ

2156 1235 2214 1292 δὲ
2257 1244 2400 1292 οῦπω
2443 1246 2676 1304 ἤκουσας
2727 1246 2840 1316 περὶ
2899 1249 2987 1293 τοῦ
3038 1247 3376 1312 Μονογενοῦς,
3420 1242 3500 1292 ὅτι
3530 1239 3670 1294 ἐστὶν
3704 1239 3752 1292 ὲν

2157 1325 2306 1400 δεξιᾲ
2353 1338 2444 1381 τοῦ
2503 1331 2658 1388 Θεοῦ,
2692 1336 2780 1382 καὶ
2823 1329 3129 1402 ἐντυγχάνει
3155 1331 3280 1406 ὑπὲρ
3313 1333 3457 1402 ημῶν
3494 1347 3506 1396 ;
3536 1335 3618 1388 Μὴ
3664 1327 3751 1382 οὖν

2157 1421 2236 1470 ὅτι
2270 1423 2326 1470 τό
2360 1427 2567 1492 Πνεῦμα
2617 1420 2665 1472 ἐν
2717 1426 2800 1472 σοὶ
2834 1424 2993 1494 (εἰπερ
3026 1415 3092 1478 δὴ
3123 1419 3248 1481 ὅλως
3280 1418 3327 1470 ἐν
3359 1422 3486 1490 σοί),
3517 1417 3648 1490 μηδ’
3674 1423 3752 1472 ὅτι

2092 1543 2098 1548 -
2159 1506 2618 1580 ἀποτυςνλωοέντας
2674 1512 2807 1582 ημᾶς
2865 1514 2990 1584 πρὸς
3045 1514 3138 1568 τήν
3193 1508 3407 1580 ἐκλογὴν
3465 1517 3553 1561 τοῦ
3621 1529 3752 1582 συμο

2077 1619 2112 1671 Β
2157 1602 2394 1671 φέροντος
2451 1595 2720 1667 διδάσκει,
2781 1604 2870 1650 καὶ
2933 1594 3136 1670 ὁδηγεῖ,
3192 1601 3377 1650 τοῦτον
3432 1601 3591 1651 ἕνεκεν
3659 1605 3753 1657 την

2157 1686 2338 1745 εὐσεϐῆ
2411 1693 2499 1738 καὶ
2552 1689 2699 1740 ὁσίαν
2751 1693 2861 1763 περὶ
2920 1687 3078 1740 αὐτοῦ
3125 1683 3280 1750 δόξαν
3319 1687 3428 1758 (70)
3459 1688 3751 1760 ζημιωθῇς,

2168 1775 2427 1850 Υπερϐολη
2474 1780 2574 1850 γὰρ
2621 1776 2995 1849 ἀγνωμοσύνης
3062 1781 3214 1829 70570
3279 1797 3357 1848 γε,
3427 1782 3520 1835 τὴν
3585 1777 3759 1850 φιλαν-

2159 1868 2387 1939 Ορωπίαν
2444 1874 2534 1918 τοῦ
2585 1866 2846 1940 εὐεργέτου
2905 1865 3141 1940 ἀφορμὴν
3213 1865 3534 1940 ἀχαριστίας
3591 1875 3757 1919 ποιεῖ-

2160 1957 2303 2016 σθαι·
2361 1961 2444 2014 Μὴ
2509 1953 2595 2008 οὖν
2642 1955 2846 2008 λνπείτε
2893 1960 2950 2008 70
2993 1964 3202 2029 Πνεῦμα
3264 1960 3321 2008 τὸ
3355 1956 3526 2029 ἅγιον.
3577 1957 3760 2011 Ἀκοῦο

2163 2065 2282 2098 σατε
2334 2051 2384 2097 τί
2434 2065 2589 2118 φησιν
2634 2049 2662 2104 ἡ
2729 2045 2944 2120 ἀπαρχὴ
2997 2055 3095 2099 τῶν
3152 2049 3428 2122 μαρτύρων
3484 2051 3754 2120 Στέφανος,

2159 2140 2216 2186 τὸ
2269 2131 2545 2196 δυσπειθὲς
2612 2141 2700 2188 καὶ
2755 2135 3110 2188 ἀνυπότακτον
3168 2144 3238 2207 τῷ
3298 2135 3405 2208 λαῷ
3464 2133 3755 2198 ὀνειδίζων.

2156 2224 2346 2297 Ὑμεῖς,
2415 2231 2593 2297 φησὶν,
2663 2225 2740 2278 ἀεὶ
2804 2235 2876 2297 τῷ
2946 2230 3206 2299 Πνεῦματι
3271 2234 3344 2296 τῷ
3413 2229 3547 2299 ἁγίῳ
3615 2225 3760 2278 ἀντι-

2478 2321 2578 2368 Καὶ

2163 2412 2370 2477 Πνεῦμα
2423 2409 2481 2456 τό
2524 2406 2690 2477 ἅγιον,
2752 2410 2840 2456 καὶ
2891 2403 3119 2479 ἐστράγη
3174 2405 3351 2467 αὐτοῖς
3407 2406 3475 2467 εἰς
3533 2408 3755 2478 ἔχθραν·

2160 2320 2390 2369 πίπτετε.
2478 2321 2578 2368 Καὶ
2659 2315 2810 2367 πάλιν
2899 2318 2924 2367 0
2991 2316 3223 2376 Ἠσαίας·
3314 2316 3627 2390 Παρωξνναν
3696 2320 3758 2369 τὸ

2159 2499 2248 2546 καὶ
2308 2493 2535 2567 ἑτέρωθι·
2591 2495 2648 2546 Ὀ
2718 2491 2860 2557 οἶκος
2918 2503 3008 2546 τοῦ
3068 2494 3252 2547 Ἰακὼϐ
3306 2498 3760 2570 παρρὼγισε(71)

2161 2588 2468 2657 τὸιΠνεῦμα
2526 2589 2738 2660 Κυρίου·
2809 2585 2852 2636 εἰ
2902 2589 2971 2657 μὴ
3030 2583 3434 2647 ἐξουσιαστικῆς
3488 2581 3760 2657 δυνάμεως

2160 2676 2532 2747 παραστατικά
2585 2678 2648 2727 τά
2712 2694 2932 2727 τοιαυτα
2987 2691 3000 2741 ;
3045 2680 3118 2746 Τῇ
3181 2683 3279 2726 τῶν
3335 2679 3759 2746 εντνγχανόντων

2160 2768 2332 2838 κρίσει
2361 2769 2608 2837 παρίημι,
2674 2772 2842 2816 ταῦτα
2890 2762 3166 2824 ἀκούοντας
3219 2763 3402 2825 ὁποίας
3452 2767 3595 2825 τινὰς
3642 2769 3755 2836 χρὴ

2154 2873 2241 2912 τας

2319 2852 2603 2923 ὑπολήψεις
2665 2857 2826 2925 ἔχειν·
2913 2856 2979 2915 ὡς
3035 2858 3152 2927 περὶ
3209 2853 3452 2927 ὀργάνου,
3512 2859 3599 2906 καὶ
3661 2854 3760 2904 ὑπο

389 2933 589 3007 deque
618 2935 960 3002 obediente,
985 2942 1259 3010 etparem
1279 2939 1692 2996 conditionem
1717 2955 1855 2996 cum
1879 2954 2040 2994 crea-

2158 2947 2341 3004 ηκόου,
2373 2949 2463 2994 καὶ
2489 2944 2746 3016 ὁμοτίμου
2778 2953 2838 3015 τῇ
2871 2949 3062 3013 κτίσει,
3093 2949 3182 2996 καὶ
3212 2945 3337 3015 ἡμῖν
3363 2938 3654 3015 ὁμοδούλου
3686 2960 3698 3009 ;
3725 2943 3755 3002 ἡ

391 3029 528 3080 tura
557 3025 784 3097 sortito,
819 3025 1078 3100 denique
1129 3028 1306 3085 nobis
1338 3045 1632 3086 conservo
1663 3029 1879 3085 sentire
1913 3044 1926 3084 :
1963 3044 2041 3086 an

391 3116 822 3186 gravissimum
850 3118 940 3173 vel
970 3119 1155 3176 verbo
1207 3119 1336 3176 solo
1379 3119 1540 3176 hanc
1596 3119 2042 3193 blasphemiam

391 3205 630 3276 piorum
682 3224 856 3264 aures
905 3208 1106 3264 subire
1147 3210 1174 3263 ?
1203 3210 1450 3265 Servum
1505 3209 1658 3266 dicis
1708 3206 2044 3282 Spiritum?

394 3293 508 3350 Sed
562 3310 794 3364 servus,
840 3295 1057 3368 inquit,
1114 3313 1237 3352 non
1272 3298 1436 3354 novit
1456 3299 1605 3372 quid
1636 3298 1815 3355 faciat
1846 3297 2042 3354 domi-

391 3399 505 3438 nus
533 3382 724 3456 ipsius
745 3387 791 3419 ²⁰
815 3401 829 3439 :
865 3386 1115 3458 Spiritus
1138 3392 1340 3444 autem
1372 3405 1495 3445 non
1522 3389 1688 3445 aliter
1713 3390 1882 3446 novit
1905 3406 2044 3462 quae

315 3504 317 3507 -
393 3472 671 3540 suntDei,
692 3489 880 3547 quam
908 3475 1150 3548 spiritus
1179 3477 1441 3533 hominis
1467 3479 1630 3535 novit
1659 3495 1796 3552 quae
1826 3479 1887 3535 in
1911 3480 2044 3552 ipso

393 3566 536 3620 sunt
552 3565 621 3620 ²¹.
1503 3557 1526 3577 ⁸

1034 3657 1260 3715 CAPUT
1297 3661 1401 3714 XX.

400 3746 836 3822 Adversuseos,
865 3750 969 3822 qui
987 3748 1195 3822 dicunt
1220 3749 1516 3819 Spiritum
1564 3766 1672 3807 nec
1727 3752 1785 3807 in
1817 3751 2044 3819 servili,

466 3835 571 3876 nec
600 3821 664 3876 in
687 3819 1236 3878 herili—conditione
1264 3837 1403 3888 esse,
1459 3823 1563 3878 sed
1606 3825 1666 3878 in
1709 3823 2048 3880 conditione

475 3891 819 3949 liberorum.

468 4002 557 4055 51.
586 4001 787 4070 Neque
821 4015 1049 4070 servus,
1092 3999 1306 4072 inquit.
1357 4015 1553 4073 neque
1598 3999 1906 4070 dominus,
1940 4001 2050 4058 sed

400 4085 570 4142 liber.
601 4088 644 4142 Ο
689 4087 911 4144 mirum
959 4093 1290 4161 stuporem,
1327 4106 1364 4146 o
1413 4090 1825 4148 miserandam
1859 4090 2048 4148 auda-

397 4176 552 4233 ciam
576 4176 691 4233 ista
731 4177 1109 4250 loquentium
1141 4179 1153 4233 !
1188 4179 1339 4244 Quid
1370 4179 1632 4252 amplius
1679 4177 1987 4253 deplorem
2020 4182 2047 4236 ?

398 4272 602 4324 utrum
676 4267 996 4338 inscitiam,
1049 4284 1128 4324 an
1197 4268 1646 4342 blasphemiam
1700 4270 1952 4328 istorum
2021 4271 2049 4326 ‘t

395 4357 500 4429 qui
541 4357 789 4430 quidem
841 4357 915 4415 de
975 4361 1094 4415 Deo
1159 4358 1450 4431 dogmata
1511 4361 1796 4418 humanis
1851 4377 2048 4418 exem-

393 4445 511 4517 plis
551 4445 918 4503 dedecorant
959 4465 971 4502 :
1019 4464 1089 4504 ac
1137 4449 1457 4506 hominum
1516 4451 2046 4522 consuetudinem,

393 4550 501 4607 per
548 4551 736 4608 quam
804 4537 1010 4610 dispar
1075 4543 1167 4595 cst
1237 4539 1600 4612 dignitatum
1674 4540 2047 4610 excellentia,

394 4624 475 4681 ad
530 4624 800 4682 divinam
853 4631 910 4684 et
961 4627 1329 4686 ineffabilem
1376 4634 1662 4687 naturam
1706 4646 2049 4687 accommo-

393 4715 538 4772 dare
589 4715 858 4774 nituntur
886 4733 907 4774 .·
932 4717 1099 4776 haud
1151 4724 1500 4793 reputantes
1551 4720 1718 4794 apud
1771 4720 2049 4778 homines

395 4804 643 4878 quidem
669 4807 903 4865 nullum
933 4825 1064 4866 esse
1094 4814 1312 4868 natura
1337 4827 1600 4869 servum.
1625 4815 1737 4869 Aut
1756 4812 1918 4870 enim
1938 4828 2045 4885 po-

470 5026 515 5060 ¹²
545 5023 698 5082 Psal.
726 5039 960 5097 Lxxvm,
993 5029 1080 5082 53.

1162 5027 1207 5062 ιδ
1241 5027 1415 5084 Joan.
1443 5043 1553 5099 xiv,
1587 5031 1654 5083 26
1696 5041 1848 5098 ;xv1,
1885 5033 1972 5085 i3.

397 5113 493 5165 vn,
521 5097 611 5152 51.

691 5098 735 5132 ¹⁸
768 5098 883 5154 lsa.
914 5113 1047 5164 Lm,
1084 5103 1168 5154 to.
1250 5101 1293 5134 ‘9
1326 5098 1478 5156 Psal.
1510 5098 1595 5171 Cv,
1631 5103 1720 5156 3'2.

464 5294 579 5368 (69)
615 5301 716 5348 Καὶ
744 5291 1020 5368 ὁδηγήσει.
1050 5297 1182 5368 Hinc
1214 5293 1420 5368 addita
1448 5310 1479 5350 e
1511 5311 1616 5368 sex
1645 5295 1976 5353 codicibus.

491 5366 577 5434 70)
740 5363 889 5420 ὁσίαν
915 5373 1032 5441 περὶ
1056 5366 1218 5441 αῦῖοῦ
1255 5363 1432 5428 δόξαν.
1489 5367 1580 5422 Sic
1637 5368 1875 5424 codices
1921 5383 2052 5425 om-

398 5434 506 5512 nes
538 5437 724 5512 :qediti
755 5445 844 5492 καὶ
873 5434 1341 5512 θείανΑὸόξαν-περὶ
1371 5441 1576 5493 τοῦτον.

467 5507 580 5585 (71)
609 5515 939 5585 Menippea
975 5509 1066 5567 Sic
1098 5507 1336 5585 codices
1363 5527 1508 5568 mss.
1542 5527 1778 5585 omnes,
1825 5527 1934 5585 pro
1977 5528 2050 5585 eo

396 5577 562 5651 quod
584 5577 966 5638 est'in'editis
1000 5581 1284 5656 παρώξυνε.
1343 5585 1535 5657 Caput
1581 5577 1940 5641 vicesimum
1989 5584 2049 5640 in

2061 5030 2105 5064 ¹⁵
2137 5030 2304 5086 Rom.
2337 5044 2459 5094 vm,
2493 5031 2580 5084 34.

1797 5103 1845 5135 ²⁰
1875 5099 2048 5157 Joan.
2072 5117 2169 5168 xv,
2207 5106 2290 5157 lii.

2160 3030 2456 3106 βαρύτατον
2490 3037 2579 3084 και
2608 3034 2807 3106 ῥήματι
2837 3037 2974 3105 μόνῳ
3017 3037 3108 3091 τὴν
3168 3031 3509 3106 βλασφημίαι
3561 3050 3760 3088 ταυτην

2155 3117 2414 3173 ὑποδῦναι
2455 3129 2561 3181 τοῖς
2610 3121 2845 3174 εὐσεϐέσι
2885 3139 2898 3188 ;
2932 3121 3115 3174 Δοῦλοι
3167 3121 3328 3194 λέγεις
3390 3125 3447 3172 70
3491 3128 3701 3192 Πνευμα
3738 3139 3756 3191 ;

2157 3209 2289 3262 Ἀλλ’
2349 3212 2372 3262 0
2420 3207 2619 3281 δοῦλος,
2679 3217 2856 3283 φησιν,
2919 3212 3011 3264 οῦκ
3061 3207 3172 3263 οἶδε
3227 3216 3275 3262 τί
3329 3217 3467 3263 ποιεῖ
3521 3211 3546 3261 0
3578 3211 3764 3282 κύριος

2155 3299 2334 3352 αὐτοῦ’
2393 3304 2448 3352 τό
2494 3297 2552 3352 δε
2604 3307 2814 3373 Πνεῦμα
2867 3301 3029 3362 οὕτως
3081 3296 3192 3352 οἶδε
3244 3302 3310 3352 τα
3361 3307 3452 3351 τοῦ
3504 3306 3661 3365 Θεοῦ,
3695 3301 3764 3359 ὡς

2153 3395 2242 3441 καὶ
2276 3394 2331 3442 τὸ
2365 3398 2565 3464 πνεῦμα
2591 3398 2680 3442 τοῦ
2704 3389 2974 3466 ἀνθρώπου
3001 3392 3066 3442 τὰ
3091 3388 3138 3441 ἐν
3166 3390 3305 3460 αὐτῷ
3329 3391 3464 3461 (72).

2708 3665 3091 3714 ΚΕψΑΛΑΙΟΝ
3137 3656 3209 3712 Κ”

2160 3753 2290 3824 Πρός
2347 3751 2462 3824 τοῦς
2517 3747 2756 3824 λέγοντας
2815 3755 2948 3821 μήτε
3010 3748 3058 3800 ἐν
3123 3745 3338 3820 ὃουλικῇ
3413 3748 3555 3824 τοίξη
3624 3754 3762 3820 μήτε

2228 3823 2275 3872 ὲν
2337 3817 2623 3892 δεσποτιηῇ
2686 3817 2825 3872 εἶναι’
2871 3824 2928 3872 τό
2976 3827 3204 3892 Πνεῦμα,
3267 3817 3374 3872 ἀλλ’
3435 3818 3482 3871 ἐν
3531 3827 3591 3891 τῇ
3625 3817 3760 3871 ’τῶν

2229 3891 2520 3966 ἐλευθέρων.

2229 4000 2316 4056 51.
2354 4001 2485 4053 Οὔτε
2516 3997 2701 4053 δοῦλόν
2743 4017 2919 4073 φησιν,
2961 4005 3078 4052 οὔτε
3122 3997 3405 4068 δεσπότην,
3467 3999 3574 4052 ἀλλ’
3625 3999 3760 4052 ἐλεύ-

2159 4089 2321 4166 θερον.
2383 4089 2453 4142 Ὤ.
2511 4098 2601 4151 τῆς
2665 4087 2834 4151 δεινῆς
2917 4089 3239 4161 ἀναλγησίας
3301 4090 3339 4140 ὠ
3401 4098 3495 4151 τῆς
3543 4088 3760 4150 ἐλεεινῆς

2158 4175 2373 4251 ἀφοϐίας
2435 4188 2534 4232 τῶν
2615 4187 2781 4232 ταῦτα
2851 4179 3099 4252 λεγόντων
3167 4179 3178 4232 i
3238 4185 3301 4233 Τί
3372 4179 3518 4232 πλέον
3586 4178 3758 4230 αὐτῶν

2082 4316 2128 4370 D
2158 4267 2431 4344 ὀδύρωμαι
2475 4289 2488 4337 ;
2547 4273 2603 4322 τὸ
2662 4269 2852 4343 ἀμαθὲς
2897 4272 3033 4342 (73),
3067 4271 3095 4327 ἡ
3129 4273 3185 4322 τὸ
3218 4269 3529 4342 βλάσφημον
3563 4287 3577 4337 ;
3611 4271 3661 4320 οῖ
3699 4289 3760 4340 γε

2156 4364 2222 4412 τὰ
2278 4368 2372 4420 τῆς
2433 4359 2696 4432 θεολογίας
2750 4356 2995 4433 δόγματα
3085 4358 3423 4434 ἀνθρωπίνοις
3500 4355 3760 4434 παραδεί-

2155 4469 2327 4524 γμασι
2375 4449 2782 4524 καθυϐρίζονσι,
2837 4456 2926 4504 καὶ
2982 4455 3076 4509 την
3133 4451 3236 4503 ὧδε
3293 4452 3588 4517 συνήθειαν,
3624 4469 3760 4525 παρ-

2157 4539 2477 4614 ηλλαγμένην
2547 4542 2778 4612 ἔχουσαν
2829 4549 2926 4592 τῶν
3013 4539 3315 4613 ἀξιωμάτων
3393 4544 3485 4598 τὴν
3571 4535 3759 4610 διαφο-

2155 4633 2270 4706 ρὰν,
2319 4633 2380 4703 τῇ
2446 4633 2555 4703 θεία
2611 4635 2700 4682 καὶ
2763 4629 2970 4704 ἀρρητῳ
3020 4633 3169 4703 οῦσει
3218 4633 3603 4705 προσαρμόζειν
3648 4627 3758 4681 ἐπι-

2155 4728 2452 4796 χειροῦσιν·
2503 4720 2597 4774 οὐκ
2661 4719 2962 4787 ἐννοοῦντες,
3019 4721 3101 4772 ὅτι
3155 4722 3300 4793 παρὰ
3336 4723 3425 4792 μὲν
3467 4718 3758 4794 ἀνθρώποις

2161 4820 2221 4885 τῇ
2260 4814 2410 4884 φύσει
2460 4808 2644 4875 δοῦλος
2696 4807 2886 4872 οὐδεὶς.
2942 4809 3150 4882 ’Ἡίγάρ
3181 4806 3760 4872 καταδυναστενθέντες

2660 5029 2706 5064 ¹⁵
2732 5027 2861 5084 ibid

2367 5103 2413 5138 ²ι
2451 5104 2466 5155 l
2499 5103 2631 5157 Cor.
2663 5115 2724 5166 ιι,
2761 5103 2844 5155 Η.

2938 5030 2982 5064 ¹⁶
3011 5027 3223 5102 Ephes.
3281 5044 3355 5099 iv,
3391 5033 3478 5085 30.
3559 5030 3600 5065 ιτ
3645 5032 3761 5085 Act

2160 5295 2467 5369 nonnullis
2507 5295 2818 5353 codicibus
2845 5295 3057 5369 incipit
3083 5296 3161 5354 ab
3202 5297 3294 5369 his
3318 5295 3538 5353 verbis.
3570 5295 3759 5369 Δουλον

2160 5367 2322 5441 λέγεις
2350 5371 2410 5441 τό
2444 5375 2669 5441 Πνεῦμα.
2706 5370 2831 5441 [mo
2860 5367 3042 5423 etiam
3076 5385 3260 5441 supra
3282 5368 3342 5424 in
3371 5383 3496 5424 uno
3549 5367 3759 5424 codice

2160 5438 2240 5496 ab
2269 5439 2419 5504 istis,
2607 5444 2696 5511 καὶ
2727 5439 3056 5511 ἐντυγχάνει.

2234 5512 2344 5581 (72)
2365 5514 2442 5564 Τὰ
2471 5510 2519 5583 ἐν
2542 5509 2701 5583 αὐτῷ.
2737 5509 2984 5568 Codices
3012 5511 3287 5570 nonnulli
3316 5515 3373 5564 τὸ
3414 5511 3461 5565 ἐν
3493 5511 3653 5583 αὐτῷ.

2231 5584 2344 5652 (73)
2373 5587 2445 5639 Τὸ
2473 5581 2686 5656 ἀμαθές.
2722 5585 2862 5656 Reg.
2891 5589 3143 5657 quartus
3166 5589 3222 5637 70
3254 5583 3476 5646 ἀπειθὲς·
