4062 6208
287 306 383 357 l6!

1488 303 1686 372 LIBER
1727 301 1818 357 DE
1858 298 2126 358 SPIRI'I'U
2168 302 2456 358 SANCTO.

3545 310 3645 362 162

279 430 384 480 ὑπὸ
435 428 596 500 ζυγόν
649 423 893 491 δουλείας
931 432 1183 500 ἤχθησαν
1211 431 1344 501 (74),
1392 433 1462 493 ὡς
1509 430 1557 482 ἐν
1608 428 1887 502 αἰχμαλω-

2005 426 2188 483 tentia
2213 427 2509 501 oppressi,
2546 427 2658 483 sub
2682 429 2899 499 jugum
2935 431 3234 487 servitutis
3267 431 3382 504 43
3426 431 3658 489 inducti

284 523 423 579 σίαις
447 540 459 551 ·
494 520 523 578 ἦ
560 515 653 571 διὰ
681 525 860 572 πενίαν
891 515 1384 585 κατεδουλώθησαν,
1418 523 1484 582 ὡς
1532 524 1580 574 ei
1611 521 1890 592 Αἰγύπτιοι

281 616 357 679 τῷ
402 615 619 682 Φαραώ·
653 610 681 667 ἦ
736 612 874 661 κατα
917 630 1033 662 τινα
1073 616 1237 682 σοφήν
1281 617 1370 662 καὶ
1410 609 1703 686 ἀπόρρητον
1742 609 1888 662 οἰκο-

279 705 464 771 νομίαν
503 701 551 750 οὶ
593 704 813 772 χείρους
867 707 967 751 τῶν
1015 696 1219 753 παίδων
1269 699 1323 752 ἐκ
1370 709 1463 763 της
1512 709 1611 754 τῶν
1658 706 1888 776 πατέρων

283 797 454 861 φωνῆς
485 795 593 849 τοῖς
633 793 1038 864 φρονιμωτέροις
1065 796 1154 844 καὶ
1193 790 1429 863 βελτίοσι
1456 789 1716 845 δουλεύειν
1757 813 1888 844 κατ-ο

283 875 686 936 εδικοὶσθησανο
741 880 805 936 ἣν
864 876 989 932 οὐδὲ
1039 877 1354 948 καταδίκην,
1416 881 1527 933 ἀλλ’
1594 883 1888 957 εὐεργεσίαν

283 971 420 1020 εἴποι
465 989 543 1030 τις
589 968 648 1019 ἂν
696 965 906 1030 δίκαιος
951 978 1048 1022 τῶν
1103 975 1382 1044 γινομένων
1432 971 1728 1034 ἐξεταστὴς.
1788 977 1886 1025 Τόν

277 1061 378 1130 γὰρ
430 1053 507 1109 δι’
545 1054 746 1110 ἔνδειαν
786 1067 878 1111 τοῦ
925 1067 1120 1133 φρονεῖν
1160 1060 1254 1113 ούκ
1302 1063 1493 1132 ἔχοντα
1524 1060 1571 1114 ἐν
1619 1063 1782 1132 ἐαυτῷ
1829 1067 1886 1115 τὸ

277 1149 416 1198 κατὰ
469 1150 624 1218 φύσιν
679 1149 890 1221 ἄρχον,
942 1157 1122 1202 τοῦτον
1180 1150 1350 1225 ἑτερου
1410 1159 1588 1223 κτῆμα
1649 1153 1887 1222 γενέσθαι

281 1236 742 1312 λυσιτελέστερον,
809 1240 925 1309 ἵνα,
988 1247 1059 1310 τῷ
1121 1247 1212 1292 τοῦ
1277 1248 1587 1313 κρατοῦντος
1648 1242 1884 1313 λογισμῷ

291 1324 704 1400 διενθννόμενος,
753 1331 998 1402 ὅμοιοςῇ
1045 1331 1241 1404 ἅρματι
1289 1334 1505 1403 ἡνίοχον
1556 1329 1881 1398 ἀναλαϐόντι,

283 1422 370 1470 καὶ
417 1417 582 1488 πλοίῳ
634 1417 956 1492 κυϐερνήτην
987 1422 1162 1490 ἔχοντι
1207 1419 1291 1473 ἐπὶ
1339 1420 1526 1472 οἰάκων
1574 1423 1884 1493 καθήμενον,

277 1509 373 1558 Aci
414 1513 574 1559 τοῦτο
617 1507 809 1560 Ἰακὼϐ
855 1511 1030 1582 κύριος
1073 1518 1164 1561 τοῦ
1209 1509 1377 1561 Ἠσαῦ
1427 1509 1479 1561 ἐκ
1509 1515 1603 1572 τῆς
1652 1509 1886 1582 εύλογίας

276 1604 368 1648 τοῦ
401 1599 624 1669 πατρὸς,
659 1598 743 1649 ἵνα
793 1604 883 1650 καὶ
931 1603 1004 1670 μὴ
1047 1597 1354 1671 βουλόμενος
1401 1601 1544 1674 παρά
1573 1607 1664 1651 τοῦ
1705 1605 1884 1673 φρονί-

273 1705 380 1759 μου
418 1686 732 1760 εὐεργτῆται
778 1689 804 1739 ό
843 1689 1039 1762 ἄφρων,
1068 1689 1162 1740 οὐκ
1204 1691 1341 1760 ἔχων
1371 1694 1458 1741 τόν
1503 1690 1690 1742 οἰκεῖον
1720 1686 1885 1748 κηδε-

271 1779 410 1847 μόνα
455 1778 545 1827 τὸν
589 1783 726 1830 νοῦν.
771 1783 871 1830 Καὶ
918 1780 1128 1831 Χαναὰν
1176 1785 1300 1840 παῖς
1346 1779 1548 1840 οἰκέτης
1577 1780 1686 1848 (75)
1740 1782 1888 1831 ἔσται
1918 1779 1958 1832 Β

273 1871 388 1925 τοῖς
433 1861 695 1937 αδελξοῑς,
726 1861 907 1924 ἐπειδὴ
943 1863 1232 1927 ἀδίδακτος
1272 1863 1332 1924 ἦν
1363 1875 1457 1928 τῆς
1486 1866 1638 1940 ἀρετῆ
1651 1889 1695 1938 ς,
1725 1866 1887 1919 ἀσύν-

275 1973 389 2006 ετον
421 1955 564 2025 ἔχων
596 1957 681 2006 τόν
727 1954 910 2006 ἑαυτοῦ
941 1958 1139 2030 πατέρα
1191 1959 1278 2008 τὸν
1328 1958 1472 2028 Χοίρ..
1507 1953 1640 2010 Ὧδε
1678 1960 1768 2029 μεν
1800 1953 1888 2008 οὖν

277 2043 444 2103 οὕτως
469 2045 517 2094 οὶ
550 2039 730 2094 δοῦλοι
755 2060 768 2072 ·
798 2043 1050 2117 ἐλεύθεροι
1083 2041 1165 2111 δε,
1196 2047 1246 2096 οἱ
1273 2040 1615 2116 διαιρνγόντες
1651 2050 1824 2098 πενίαν
1857 2047 1884 2104 ἡ

274 2130 522 2203 πόλεμον,
560 2131 589 2190 ἰ·
643 2138 738 2194 τῆς
784 2131 967 2206 ἐτέρων
1005 2130 1325 2205 κηδεμονίας
1366 2131 1696 2208 ἀπροσδεεῖς.
1729 2133 1892 2187 Ὠστε

275 2220 373 2270 κᾶν
423 2222 450 2270 ὁ
493 2223 588 2292 μὲν
638 2217 926 2289 δεσπότης,
969 2223 994 2274 ὁ
1039 2218 1098 2275 δὲ
1145 2223 1352 2290 οἰκέτης
1389 2222 1623 2295 λέγηται,
1656 2222 1760 2274 ἀλλ’
1803 2220 1892 2276 οὖν

277 2311 467 2369 παντες
515 2313 607 2360 καὶ
665 2312 800 2362 κατὰ
849 2315 945 2368 την
993 2314 1118 2384 πρὸς
1177 2311 1422 2372 ἀλλήλους
1461 2314 1758 2384 ὁμοτιμίαν,
1801 2317 1891 2365 καὶ

279 2402 344 2457 ὠς
383 2402 634 2470 κτήματα
673 2399 788 2467 (76)
836 2407 927 2452 τοῦ
974 2405 1318 2462 πεποιηκότος
1376 2403 1537 2474 ἡμᾶς,
1589 2398 1891 2474 ὁμόδουλοι.

278 2495 418 2540 Ἐκεῖ
461 2483 520 2540 δε
559 2491 612 2539 τί
644 2484 874 2541 δύνασαι
904 2497 999 2550 τῆς
1037 2486 1273 2551 δουλείας
1311 2491 1656 2563 ὑπεξαγαγεῖν
1686 2509 1698 2546 :
1733 2491 1894 2564 Ὀριού

280 2596 333 2628 τε
383 2580 490 2649 γὰρ
545 2574 786 2642 ἐκτίσθη,
836 2583 926 2630 καὶ
974 2582 1031 2630 τὸ
1091 2575 1274 2631 δοῦλον
1307 2581 1418 2651 (77)
1483 2581 1613 2632 εἶναι
1668 2600 1897 2652 συγκατ-

280 2669 623 2724 εσκεύασται,
694 2667 949 2726 Ἀλλήλων
1022 2674 1111 2742 μὲν
1172 2673 1272 2742 γαρ
1351 2669 1409 2721 ού
1484 2672 1849 2744 κατάρχουσιν
1881 2711 1894 2727 .

279 2752 465 2812 ἐπειδὴ
503 2755 797 2818 πλεονεξίας
844 2758 1040 2832 ἄμοιρα
1081 2761 1145 2811 τὰ
1174 2758 1391 2833 ούράνια
1421 2780 1433 2792 ο
1477 2764 1584 2830 Θεῷ
1637 2756 1696 2812 δὲ
1726 2762 1897 2812 πάντα

279 2846 603 2912 ύποκύπτει,
648 2851 738 2898 καὶ
795 2850 864 2910 ὡς
926 2844 1162 2922 δεσπόαη
1203 2852 1290 2901 τόν
1348 2849 1666 2922 ὀφειλόμενον
1706 2849 1895 2922 φόϐον,

279 2939 368 2986 καὶ
417 2936 487 2997 ὡς
528 2932 843 3011 δημιουργῷ
902 2942 994 2996 τὴν
1052 2936 1428 2991 ἐπιϐάλλουσαν
1487 2936 1643 3002 δόξαν
1705 2936 1897 2992 ἀποδι-

280 3021 466 3081 δόντα.
521 3027 639 3086 Υἱός
691 3028 792 3099 γὰρ
853 3024 1064 3089 δοξάζει
1123 3032 1357 3102 πατέρα,
1411 3034 1500 3080 καὶ
1563 3025 1748 3090 δοῦλος
1807 3033 1895 3081 τόν

281 3118 462 3187 κύριον
515 3115 676 3166 αὑτοῦ
709 3115 843 3186 (78).
881 3121 980 3168 Καὶ
1029 3115 1235 3170 ἀπαιτεί
1287 3121 1488 3178 new/1;
1539 3126 1635 3170 τῶν
1690 3114 1787 3170 δύο
1837 3122 1893 3170 τό
1928 3135 1967 3188 (ζ

282 3205 451 3276 ἕτερον
505 3205 531 3254 ὁ
587 3207 732 3263 Θεὸς.
788 3204 849 3257 Εἰ
894 3207 996 3279 γὰρ
1046 3212 1225 3278 Πατήρ
1278 3207 1384 3279 εἰμι
1441 3206 1562 3278 ἐγὼ,
1608 3215 1708 3260 πού
1757 3206 1890 3272 ἐστι,

283 3297 466 3364 φησιν,
523 3295 552 3350 ἡ
606 3289 740 3356 δόξα
786 3312 937 3367 you;
990 3300 1080 3348 καὶ
1137 3296 1181 3348 εἰ
1234 3299 1427 3370 Κύριός
1473 3298 1579 3370 εἰμι
1627 3298 1743 3368 ἐγὼ,
1792 3304 1893 3350 πού

285 3381 432 3434 ἐστιν
485 3383 511 3432 ὁ
568 3381 715 3452 φόϐος
768 3402 903 3456 you;
957 3384 1020 3437 ’11
1072 3387 1274 3438 πάντων
1325 3385 1383 3436 ἂν
1445 3389 1519 3445 εἴη
1581 3386 1890 3443 ἐλεεινοτάτη

292 3475 406 3532 ζωή
445 3471 573 3541 (Ἷθξ,
612 3478 678 3544 μὴ
721 3475 822 3526 ὑπὸ
872 3479 966 3532 τὴν
1016 3474 1306 3535 ἐπισκοπὴν
1335 3484 1427 3530 τοῦ
1477 3481 1738 3530 Δεσπότου
1787 3497 1892 3530 κει-

284 3562 447 3631 μένη.
481 3559 679 3613 Ὀποῐαί
710 3561 843 3614 εἰσιν
889 3565 944 3614 αἱ
988 3562 1342 3617 ἀποστατικαὶ
1393 3561 1662 3638 δυνάμεις,
1709 3568 1762 3618 αἱ
1803 3563 1896 3618 διὰ

285 3653 346 3699 τό
400 3649 768 3722 τραχηλιασαι
816 3655 953 3704 κατά
1007 3661 1140 3705 Θεοῦ
1195 3657 1615 3730 παντοκράτορος
1673 3654 1894 3727 ἀφηνια-

287 3737 480 3797 ζονσαι
514 3745 602 3798 τῆς
652 3735 924 3802 δουλείαςο
957 3743 1016 3793 ού
1069 3750 1142 3812 τῷ
1190 3742 1371 3818 ἐτερως
1419 3748 1722 3816 πεφυκέται,
1770 3743 1897 3796 ἀλλὰ

285 3835 357 3894 τῷ
401 3825 773 3891 ὁτινποτςίκτως
813 3832 954 3901 ἔχειν
1003 3834 1128 3905 πρὸς
1167 3836 1253 3884 τόν
1304 3839 1616 3891 ποιήσαντα.
1649 3839 1774 3885 Τίνα
1807 3830 1894 3885 οὖν

283 3915 444 3986 λέγεις
493 3916 792 3991 itu-30:90”;
831 3923 928 3972 Τὸν
970 3919 1354 3990 secreti-ww;
1401 3927 1488 3975 τὸν
1532 3929 1659 3995 μήτε
1708 3925 1894 3996 ἄρχειν

285 4004 459 4075 ἕτερον
501 4001 725 4078 δύναμιν
780 4010 990 4078 ἔχοντα,
1041 4015 1173 4083 μήτε
1211 4012 1478 4084 ἄρχεσθαι
1529 4008 1896 4083 καταδεχόμε-

283 4111 407 4159 νον;
444 4093 576 4145 Ἀλλ’
608 4098 724 4148 οὗτε
773 4098 886 4148 ἔστι
930 4117 1004 4158 τις
1042 4101 1258 4157 τοιαύτη
1304 4102 1461 4172 φύσις
1502 4099 1552 4151 ἐν
1599 4107 1705 4160 τοῖς
1750 4095 1892 4174 οξσι,

283 4189 372 4234 καὶ
402 4190 559 4234 τοῦτο
587 4184 700 4251 (80)
733 4183 971 4244 ἐννοῆσαι
1009 4191 1145 4240 κατά
1191 4196 1282 4240 τοῦ
1326 4192 1622 4261 Πνεύματος
1679 4187 1891 4240 ἀσέϐεια

284 4276 595 4344 περιφανής.
653 4270 814 4327 Ὠστε
865 4275 911 4327 εἰ
961 4279 1048 4348 μεν
1102 4280 1360 4347 ἔκτισται,
1392 4274 1624 4330 δουλεύει
1683 4273 1892 4335 δηλαδὴ

285 4367 418 4431 μετά
471 4363 697 4419 πάντων.
744 4366 821 4416 Τὰ
865 4365 964 4440 γὰρ
1023 4368 1322 4438 σύμπαντα,
1363 4372 1514 4439 φησὶ,
1573 4363 1738 4418 δοῦλα
1791 4367 1892 4418 σοίο

2003 522 2161 586 sunt,
2191 517 2350 573 velut
2379 518 2439 573 in
2467 518 2624 575 bello
2654 521 2851 592 capti:
2886 525 2989 576 aut
3025 520 3105 578 ob
3137 527 3557 594 paupertatem
3589 524 3650 580 in

2003 607 2348 662 servitutem
2371 607 2567 663 adacti
2600 612 2761 676 sunt,
2809 609 2962 666 velut
2994 611 3252 682 Egyptii
3301 611 3598 668 Pharaoni
3641 631 3654 668 :

2003 702 2106 752 aut
2119 697 2291 767 juxta
2313 696 2644 769 sapientem
2667 698 2997 769 quamdam
3019 703 3077 754 et
3099 716 3385 756 arcanam
3407 701 3653 774 dispen-

2002 785 2314 857 sationem,
2367 786 2471 858 qui
2509 787 2660 842 intcr
2688 786 2844 842 ﬁlios
2890 787 3214 844 deteriores
3240 795 3380 845 sunt
3418 805 3653 863 paren-

2001 880 2126 930 tum
2150 875 2796 946 voce,sapientioribus
2818 891 2887 931 ac
2919 876 3270 932 melioribus
3305 877 3366 933 in
3397 879 3642 936 servitu-

1998 971 2118 1019 tem
2142 963 2365 1020 addicti
2388 967 2548 1029 sunt;
2573 981 2757 1036 quam
2771 964 3253 1038 haudquaquam
3277 968 3652 1024 condemna-

1997 1055 2243 1122 tionem,
2259 1053 2365 1108 sed
2378 1053 2737 1108 beneficium
2752 1054 2950 1126 potius
2969 1055 3182 1110 dixerit
3208 1072 3416 1128 aequus
3442 1072 3646 1112 rerum

1997 1141 2508 1198 aestimatorNam
2531 1141 2638 1214 qui
2657 1142 2736 1197 ob
2759 1159 2973 1197 sensus
2997 1143 3289 1215 inopiam.
3316 1159 3441 1200 non
3471 1144 3657 1201 habet

1994 1243 2058 1299 in
2082 1247 2210 1286 sese
2231 1231 2293 1286 id
2315 1231 2477 1303 quod
2503 1236 2718 1287 natura
2740 1232 3166 1305 imperat,huic
3186 1233 3390 1290 utilius
3405 1240 3497 1291 est
3518 1234 3660 1291 alte-

1995 1322 2121 1375 rius
2147 1320 2275 1376 tieri
2296 1320 2919 1392 mancipium,utdum
2941 1321 3312 1379 dominantis
3329 1323 3655 1396 prudentia

1996 1409 2295 1479 dirigitur,
2325 1409 2532 1464 similis
2565 1409 2637 1464 sit
2683 1410 2882 1465 currui
2923 1411 3025 1483 qui
3077 1412 3354 1482 aurigam
3401 1413 3649 1486 recepit,

1998 1502 2101 1555 aut
2125 1499 2266 1554 navi
2298 1514 2432 1570 quae
2465 1498 2818 1554 nauclerum
2842 1499 3023 1554 habet
3055 1499 3227 1556 clavo
3255 1501 3653 1558 assidentem.

1998 1589 2164 1644 Hanc
2197 1587 2275 1642 ob
2307 1603 2556 1642 causam
2576 1587 2761 1642 Jacob
2791 1587 3076 1645 dominus
3109 1593 3267 1646 Esau
3294 1607 3367 1646 ex
3395 1590 3648 1647 benedi-

1999 1677 2196 1734 ctione
2224 1677 2410 1750 patris
2428 1679 2496 1746 ³³,
2530 1683 2593 1733 ut
2651 1678 2866 1734 stultus
2915 1694 2948 1734 a
2993 1680 3263 1751 sapiente
3305 1679 3395 1736 vel
3436 1681 3656 1737 invitus

1998 1766 2295 1822 beneﬁcio
2317 1765 2670 1834 afﬁceretur,
2693 1767 2920 1840 quippe
2942 1783 3064 1824 non
3084 1768 3319 1825 habens
3339 1771 3653 1843 proprium

2000 1855 2642 1926 curatorem,videlicet
2663 1861 3020 1914 mentem.Et
3035 1859 3325 1915 Chanaan
3346 1859 3512 1916 ﬁlius
3536 1877 3656 1916 ser-

1999 1962 2114 2001 vus
2135 1945 2243 2001 erit
2264 1944 2549 2001 fratribus
2567 1945 2690 2000 suis
2715 1947 3090 2019 93,quoniam
3113 1947 3390 2004 indocilis
3420 1953 3546 2004 erat
3576 1949 3654 2005 ad

2000 2035 2302 2101 virtutem,
2332 2034 2779 2107 imprudentem
2801 2035 3033 2090 habens
3073 2040 3327 2107 patrem,
3376 2036 3656 2093 videlicet

2004 2124 2213 2180 Cham.
2235 2122 2321 2178 Ad
2343 2123 2503 2178 hunc
2526 2123 2705 2192 igitur
2719 2123 2966 2180 modum
2986 2124 3082 2181 hic
3109 2123 3262 2180 ﬁunt
3283 2126 3459 2192 servi;
3481 2125 3657 2182 liberi

2003 2229 2143 2270 vero
2165 2218 2322 2284 sunt,
2341 2212 2445 2286 qui
2466 2213 2806 2285 effugerunt
2834 2219 3272 2286 paupertatem,
3290 2220 3392 2272 aut
3411 2215 3657 2286 bellum,

2006 2302 2230 2375 autqui
2252 2301 2506 2358 aliorum
2549 2318 2694 2358 cura
2723 2318 2846 2358 non
2878 2307 3072 2372 egent.
3125 2306 3329 2378 Itaque
3372 2305 3655 2378 quamvis

2004 2392 2100 2448 hic
2147 2391 2348 2460 herus,
2381 2390 2474 2446 ille
2515 2407 2720 2446 servus
2747 2391 3101 2464 appelletur,
3123 2409 3334 2449 omnes
3366 2399 3570 2451 tamen
3603 2398 3660 2452 et

2006 2487 2304 2557 quatenus
2328 2499 2537 2537 sumus
2569 2481 2841 2553 ejusdem
2863 2483 3015 2539 inter
3045 2500 3156 2539 nos
3188 2485 3572 2550 conditionis,
3603 2489 3662 2541 et

2006 2578 2302 2643 tanquam
2324 2569 2483 2625 illius
2507 2571 2611 2643 qui
2633 2587 2742 2626 nos
2761 2571 3031 2627 condidit
3051 2573 3661 2646 mancipia,conservi

2011 2677 2246 2717 sumus.
2271 2659 2388 2714 illic
2420 2675 2598 2732 porro
2617 2659 2765 2732 quid
2791 2665 2958 2732 potes
2979 2677 3010 2716 e
3038 2662 3319 2718 servitute
3349 2663 3610 2719 eximere
3631 2664 3658 2719 ?

2010 2754 2157 2806 Nam
2177 2749 2372 2804 statim
2406 2766 2474 2804 ac
2497 2749 2742 2806 condita
2763 2754 2920 2817 sunt,
2944 2750 3125 2806 simul
3146 2767 3285 2807 cum
3307 2753 3390 2807 eis
3414 2752 3659 2808 condita

2012 2838 2289 2895 servitus.
2307 2837 2425 2894 Sibi
2452 2839 2612 2894 enim
2636 2839 2889 2894 invicem
2911 2855 3033 2894 non
3064 2839 3386 2912 imperant,
3402 2856 3474 2895 eo
3495 2841 3664 2912 quod

2010 2927 2271 2983 cielestia
2303 2927 2438 3000 plus
2459 2927 2720 2983 habendi
2750 2942 2872 2983 non
2897 2931 3171 2983 tenentur
3190 2928 3512 2984 desiderio.
3542 2931 3661 2984 Deo

2011 3023 2210 3073 autem
2242 3016 2516 3086 subjecta
2542 3016 2767 3086 omnia,
2800 3031 2869 3070 ac
2901 3019 3193 3088 tanquam
3225 3016 3473 3072 domino
3502 3016 3664 3072 debi-

2010 3113 2135 3164 tum
2166 3108 2462 3173 timorem,
2495 3121 2564 3161 ac
2587 3111 2879 3176 tanquam
2910 3104 3212 3161 conditori
3241 3105 3509 3162 debitam
3534 3107 3663 3177 glo-

2007 3198 2158 3254 riam
2189 3195 2768 3269 persolvunt.Filius
2782 3197 2936 3250 enim
2963 3196 3163 3265 gloria
3184 3196 3379 3265 afﬁcit
3397 3202 3662 3266 patrem,

2006 3294 2061 3343 et
2091 3302 2297 3342 servus
2337 3285 2644 3340 dominum
2688 3299 2860 3339 suum
2907 3285 2993 3339 ³³⁸.
3047 3287 3112 3341 Et
3149 3300 3221 3340 ex
3271 3285 3366 3340 his
3421 3284 3666 3341 duobus

2007 3377 2262 3433 alterum
2283 3376 2532 3432 omnino
2556 3377 2708 3432 Deus
2738 3375 3005 3447 requirit.
3035 3376 3195 3432 Nam
3227 3377 3279 3431 si
3320 3377 3523 3444 Pater,
3575 3375 3662 3433 in-

2004 3467 2154 3540 quit,
2185 3483 2316 3522 sum
2345 3481 2473 3536 ego,
2495 3465 2600 3520 ubi
2617 3471 2700 3522 est
2719 3466 2920 3536 gloria
2942 3481 3069 3522 mea
3085 3471 3112 3522 ?
3140 3466 3202 3521 Si
3221 3467 3506 3522 Dominus
3526 3482 3659 3522 sum

2005 3572 2132 3626 ego,
2165 3557 2269 3612 ubi
2292 3563 2375 3612 est
2407 3556 2588 3610 timor
2610 3569 2771 3610 meus
2796 3553 2891 3608 1“2
2923 3553 3158 3627 Alioqui
3201 3555 3323 3610 vita
3370 3554 3661 3611 custodia:

2007 3663 2077 3701 ac
2111 3643 2471 3716 inspectioni
2503 3643 2737 3699 Domini
2767 3658 2891 3698 non
2919 3643 3184 3712 subdita,
3220 3643 3498 3700 omnium
3531 3661 3662 3701 ma-

2005 3735 2164 3790 xime
2187 3732 2549 3789 miserabilis
2572 3731 3104 3802 foret.Cujusmodi
3130 3737 3268 3788 sunt
3291 3733 3539 3789 virtutes
3562 3733 3665 3790 de-

2006 3823 2296 3890 sertrices,
2321 3838 2457 3894 quae
2483 3819 2645 3894 quod
2685 3821 2980 3876 cervicem
3020 3826 3336 3877 erexerunt
3365 3821 3660 3878 adversus

2007 3916 2192 3969 Deum
2220 3914 2719 3984 omnipotentem,
2762 3910 3100 3966 servitutem
3149 3909 3503 3978 detrectant,
3537 3928 3666 3968 non

2005 4004 2170 4077 quod
2201 4002 2369 4058 aliter
2389 4006 2606 4057 natura
2627 4004 2995 4072 comparatas
3023 4000 3162 4065 sint,
3182 3999 3288 4055 sed
3312 4000 3480 4073 quod
3510 4001 3657 4057 sub-

2004 4094 2142 4150 ditae
2163 4108 2292 4148 esse
2313 4089 2795 4146 nolintCreatori.
2811 4083 3197 4158 Quem'igitur
3213 4089 3484 4162 appellas
3515 4089 3663 4146 libe-

2003 4183 2178 4238 rum?
2214 4185 2358 4236 Eum
2383 4180 2487 4251 qui
2509 4181 2635 4235 sine
2664 4194 2801 4248 rege
2824 4180 2947 4234 est?
2970 4178 3074 4250 qui
3097 4193 3291 4250 neque
3314 4179 3663 4252 imperandi

2006 4271 2172 4328 alteri
2205 4273 2555 4342 potestatem
2585 4267 2788 4334 habet,
2818 4283 3012 4340 neque
3043 4267 3283 4322 alterius
3333 4268 3658 4341 imperium

2007 4359 2311 4416 admittit?
2342 4361 2412 4413 At
2449 4373 2558 4412 nec
2589 4361 2679 4412 est
2723 4356 3062 4412 istiusmodi
3104 4360 3323 4412 natura
3365 4357 3425 4413 in
3474 4357 3662 4415 rebus

288 4450 329 4501 ιὶ
375 4445 436 4501 δι
474 4451 601 4523 ὑπὲρ
654 4455 746 4508 την
785 4457 956 4504 κτίσιν
999 4452 1130 4524 ἐστὶ,
1179 4463 1272 4516 τῆς
1320 4453 1592 4527 βασιλείας
1632 4453 1744 4507 ἐστὶ
1783 4473 1891 4506 κοι-

2008 4448 2352 4514 conditis,et
2380 4447 2496 4502 hoc
2517 4446 2591 4500 de
2613 4445 2833 4517 Spiritu
2860 4445 3121 4514 cogitare
3139 4451 3350 4517 aperta
3376 4447 3659 4520 impietas

287 4559 470 4593 νωνον.

285 4643 426 4682 cum
453 4628 761 4684 omnibus.
789 4630 1002 4687 Omnia
1032 4633 1208 4698 enim,
1228 4631 1443 4704 inquit,
1471 4631 1924 4688 serviunttibiﬁ
1949 4645 1962 4696 ;

357 4737 405 4770 ³³
432 4737 584 4792 Gen.
612 4753 788 4805 xxvii,
819 4741 908 4792 37.
985 4740 1032 4773 ³³
1064 4741 1204 4795 Gen.
1234 4755 1307 4806 ιε,
1341 4744 1429 4795 25.

355 4845 474 4908 (74)
513 4843 780 4917 Ἱίχθσαν.
814 4843 913 4900 Sic
941 4861 1155 4917 omnes
1184 4847 1452 4912 codices;
1487 4845 1628 4902 editi
1655 4847 1880 4917 ἠνέχθη-

290 4933 404 4989 ταν.
439 4916 627 4971 Paulo
649 4921 788 4988 post
813 4916 1065 4989 quidam
1096 4935 1246 4973 mss.
1295 4919 1535 4975 codices
1581 4916 1750 4989 σοφὴν
1799 4921 1888 4968 καὶ

289 4985 538 5059 ἄρρητον.

358 5056 472 5122 Dii)
512 5058 899 5130 Qizs:?n;._etc.
935 5060 1081 5116 Editi
1112 5061 1316 5122 οἰκέτης
1348 5062 1458 5112 ἐστὶ
1494 5069 1602 5122 τοῖς
1643 5056 1887 5130 ἀδελφοῖς

290 5128 469 5195 αὑτοῦ,
502 5127 685 5189 ἐπειδὴ
716 5127 1028 5193 ἀδίδακτος.
1066 5131 1221 5188 Libri
1255 5134 1484 5188 veteres
1522 5136 1587 5187 ut
1628 5130 1688 5186 in
1739 5127 1888 5185 con-

289 5205 472 5256 textu.

357 5273 470 5340 (76)
504 5277 789 5345 κτήματα.
826 5273 924 5346 Sic
973 5291 1124 5346 mss.
1176 5275 1466 5346 quinque.
1511 5273 1659 5329 Editi
1688 5280 1887 5343 κτῆμα.

291 5345 414 5398 ὶίοι
440 5347 584 5414 Reg.
610 5342 920 5400 secundus
953 5351 1002 5397 τί
1034 5342 1282 5399 δύνασθε.

357 5417 471 5490 (77)
493 5417 704 5490 Maio-1.
741 5420 826 5490 ita
852 5417 1174 5490 mss._duo,
1207 5416 1427 5490 quibus
1449 5416 1658 5490 favent
1688 5414 1888 5490 plures

291 5485 389 5562 alii
412 5484 727 5562 inquibus
750 5487 969 5558 legitur
997 5485 1186 5560 δούλῳ.
1226 5484 1399 5544 ἈΙίιιε
1447 5487 1628 5546 habet
1681 5484 1885 5546 δοῦλος.

295 5556 434 5615 Εάἱῑὶ
463 5556 651 5613 δούλα.

356 5630 473 5696 (78)
504 5636 607 5685 Τὸν
637 5633 824 5707 κύριον
857 5634 1036 5686 αύτού.
1065 5630 1440 5689 Colbertinus
1473 5630 1664 5688 codex
1691 5633 1747 5686 et
1767 5627 1890 5684 duo

1509 4741 1586 4807 33',
1609 4738 1860 4795 Malach.
1883 4754 1922 4807 l,
1951 4741 2003 4793 6.

2007 4544 2118 4594 est.
2153 4539 2344 4603 Quare
2369 4534 2417 4590 si
2444 4534 2694 4607 Spiritus
2729 4539 2964 4589 creatus
3013 4539 3120 4603 est,
3163 4534 3432 4607 profecto
3475 4538 3660 4594 servit

1996 4630 2088 4684 sin
2109 4642 2291 4699 supra
2317 4629 2653 4680 creaturam
2675 4628 2783 4688 est,
2803 4623 2972 4694 regni
2989 4640 3234 4696 quoque
3257 4641 3510 4682 consors
3534 4632 3643 4684 est.

2082 4739 2130 4770 ²³
2161 4733 2307 4789 ibid.
2387 4734 2433 4767 ³³
2464 4731 2613 4786 Psal.
2638 4747 2790 4801 cxvi,
2820 4735 2912 4788 9t.

1998 4843 2096 4900 alii
2126 4858 2162 4898 a
2191 4839 2533 4896 Conbeﬁsio
2564 4839 2727 4911 citati
2777 4837 3012 4911 addunt
3054 4837 3305 4911 φοξείται.
3361 4840 3475 4896 Sed
3531 4841 3647 4898 hoc

1999 4913 2249 4968 verbum
2279 4913 2355 4967 ab
2385 4917 2521 4982 ipso
2551 4909 3082 4982 Basilio,omnibus
3108 4927 3250 4982 mss.
3275 4913 3661 4969 consentien-

1997 4985 2180 5050 tibus,
2209 4981 2499 5039 omittitur
2530 4982 2589 5037 in
2617 4997 2749 5053 cap.
2797 4985 2859 5036 t8
2904 4981 3086 5051 hujus
3119 4981 3276 5052 libri,
3330 4983 3432 5038 ubi
3487 4983 3651 5040 idem

1999 5055 2407 5113 testimonium
2439 5053 2708 5108 refertur.

2073 5130 2184 5195 (79)
2209 5129 2348 5182 una.
2394 5124 2543 5196 Editi
2575 5123 2893 5196 posthanc
2929 5140 3135 5196 vocem
3165 5123 3398 5180 addunt
3429 5125 3489 5191 εἰ,
3547 5124 3655 5196 sed

1999 5194 2253 5254 deestin
2285 5194 2938 5251 oninibus‘codicibus.
2990 5195 3220 5268 ibidem
3265 5195 3667 5268 Regqtertjus

2001 5275 2058 5325 et
2084 5269 2247 5325 Colb.
2296 5270 2395 5319 ύπὸ
2435 5272 2526 5326 την
2576 5271 2770 5324 σκέπην
2815 5275 2930 5328 τοῦ.
2987 5267 3108 5322 Sub
3158 5266 3349 5320 tutela
3393 5266 3665 5328 Domini.

2003 5323 2580 5411 t‘adlopostucditi
2647 5323 3017 5411 ἀγηνίκζουσι,
3075 5335 3239 5407 quod
3299 5323 3664 5394 auctorit’ate

1999 5409 2270 5485 quinque
2302 5409 2597 5486 codicum
2614 5409 3006 5486 mutavimus.
3209 5478 3243 5486 ﬁ
3335 5476 3364 5486 η

2073 5478 2307 5550 (80)Καὶ
2338 5490 2506 5535 τοῦτο.
2544 5481 2636 5538 Sic
2659 5479 3047 5550 emendatum
3069 5478 3368 5550 opeltegii
3399 5480 3668 5537 secundi

2000 5545 2178 5627 quod
2207 5569 2390 5627 prave
2421 5553 2479 5608 in
2529 5551 2658 5608 aliis
2703 5567 2845 5606 mss.
2903 5552 2958 5606 et
3014 5547 3074 5605 in
3111 5545 3318 5605 'editis'
3337 5547 3667 5625 legebatur

2011 5646 2107 5681 και
2138 5646 2216 5686 το,
