4062 6208
421 182 430 188 ’
511 201 604 257 m

498 327 574 384 sit
600 324 706 399 qui
755 319 1160 394 glorificetur?
1193 323 1255 376 Et
1295 334 1517 391 magna
1547 317 1790 390 quidem
1831 321 1922 373 est
1954 315 2149 387 gloria

493 415 636 490 justi
660 415 835 486 juxta
859 411 1230 467 Psalmorum
1272 415 1576 465 cantarem
1597 409 1665 461 δεῖ.
1702 412 1770 462 At
1801 406 1992 478 gloria
2026 407 2152 479 Spi-

495 507 644 562 ritus
669 505 840 573 juxta
865 507 1032 558 tuam
1055 500 1404 573 Opinionem
1436 498 1600 553 nulla
1630 502 1741 554 est.
1777 503 1989 552 Annon
2039 496 2150 566 igi-

497 600 592 650 tur
621 592 866 650 evidens
891 589 1217 662 periculum
1250 591 1336 643 est
1363 602 1436 642 ne
1466 585 1686 642 talibus
1708 585 1883 641 dictis
1905 586 2153 641 inevita-

493 681 613 738 bile
643 683 869 738 crimen
902 681 961 735 in
989 677 1388 750 nosmetipsos
1415 675 1844 732 accersamus?
1880 674 1937 730 Si
1966 674 2150 730 homo

493 773 599 843 qui
629 771 830 826 salvus
860 769 921 824 fit
946 784 1018 823 ex
1043 767 1328 840 Operibus
1349 765 1614 836 justitize,
1649 765 1829 820 etiam
1875 767 2152 819 timentes

494 862 814 917 Dominum
845 856 1158 928 gloriﬁcat,
1187 855 1374 911 multo
1403 854 1602 910 minus
1635 853 1920 925 Spiritum
1950 853 2152 909 debita

493 951 682 1022 gloria
734 946 1053 1004 fraudabit.
1091 947 1193 1009 Sit,
1225 944 1507 1017 inquiunt
1541 943 1993 1014 gloriticandus,
2045 941 2151 997 sed

490 1055 614 1095 non
636 1054 775 1094 cum
804 1038 967 1092 Patre
999 1039 1053 1091 et
1085 1034 1247 1091 Filio.
1300 1037 1363 1088 Et
1392 1033 1495 1106 qui
1528 1037 2008 1088 consentaneum
2064 1034 2151 1087 est

487 1127 724 1197 rationi,
759 1126 945 1181 alium
975 1125 1175 1181 iocum
1205 1122 1637 1192 imaginatione
1663 1121 1985 1191 designare
2029 1119 2152 1192 Spi-

488 1217 649 1285 ritui,
671 1232 741 1272 eo
785 1215 1007 1277 relicto,
1041 1228 1223 1285 quem
1249 1211 1452 1266 statuit
1482 1210 1769 1266 Dominus
1796 1227 1808 1275 ;
1858 1216 1915 1265 et
1944 1209 2147 1278 gloriae

489 1303 792 1361 consortio
819 1301 1078 1374 spoliare
1106 1316 1245 1355 eum
1277 1299 1382 1371 qui
1413 1298 1636 1371 ubique
1667 1299 1798 1368 conj
1813 1303 2027 1353 unctus
2065 1302 2150 1354 est

488 1391 806 1459 divinitati,
861 1391 921 1446 in
969 1388 1344 1463 professione
1369 1387 1531 1455 ﬁdei,
1565 1389 1625 1443 in
1659 1388 2024 1460 baptismate
2054 1402 2151 1443 re-

488 1480 938 1555 demptionis,in
960 1479 1308 1552 operatione
1325 1477 1696 1547 virtutum,in
1713 1476 2152 1533 inbabitatione

488 1576 859 1637 sanctorum,
893 1569 954 1624 in
985 1567 1294 1624 beneficiis
1320 1567 1382 1622 in
1411 1565 1687 1622 subditos
1719 1565 2101 1622 conferendis
2123 1565 2150 1621 ‘?

489 1663 690 1732 Neque
707 1658 867 1714 enim
883 1664 973 1714 est
1003 1656 1194 1712 ullum
1218 1655 1472 1712 omnino
1500 1654 1733 1710 donum
1761 1655 1992 1727 absque
2023 1670 2154 1711 san-
2182 1671 2223 1726 Β
2265 1674 2409 1730 ρισιν
2442 1671 2455 1720 ;

487 1754 582 1805 cto
611 1748 831 1821 Spiritu
859 1747 939 1804 ad
968 1751 1307 1802 creaturam
1348 1743 1702 1816 perveniens
1736 1743 2026 1816 ;quando
2076 1759 2151 1800 ne

488 1836 1004 1910 simplexquidem
1023 1834 1279 1891 verbum
1299 1834 1359 1889 in
1382 1832 1842 1889 defensionibus
1863 1849 1971 1904 pro
1991 1833 2153 1890 Chri-

489 1932 580 1983 sto
609 1925 744 1999 quis
769 1925 962 1998 possit
982 1923 1323 1990 dicere,nisi
1340 1923 1668 1991 adjuvante
1690 1922 2149 1994 Spiritu,quem-

488 2015 825 2072 admodum
851 2015 911 2071 in
944 2013 1273 2083 Evangeliis
1293 2028 1329 2069 a
1350 2012 1604 2068 Domino
1622 2015 1678 2067 et
1702 2014 2012 2068 Servatore
2043 2028 2150 2067 no-

486 2115 604 2161 s'ro
630 2103 952 2160 didicimus
981 2105 1050 2155 ³⁷.
1079 2105 1258 2158 Porro
1289 2105 1352 2156 ut
1399 2101 1492 2156 his
1519 2101 1804 2157 omnibus
1837 2100 2145 2168 neglectis,

486 2198 667 2266 atque
696 2210 768 2250 ea
805 2191 1258 2259 communione,
1291 2205 1479 2263 quam
1515 2190 1576 2246 in
1615 2189 1899 2245 omnibus
1941 2189 2142 2256 habet,

483 2281 1071 2347 oblivionitradita,a
1096 2281 1267 2336 Patre
1293 2285 1351 2336 et
1382 2279 1523 2336 Filio
1556 2280 1758 2352 ipsum
1791 2279 2140 2346 evellamus,

481 2371 688 2428 nescio
717 2386 795 2427 an
820 2371 1144 2443 quisquam
1185 2369 1376 2426 sancti
1429 2369 1679 2440 Spiritus
1709 2369 2010 2440 particeps
2051 2385 2143 2423 as-

482 2477 774 2518 sensurus
802 2460 893 2516 sit.
925 2464 988 2516 ln
1018 2475 1144 2532 quo
1175 2459 1355 2529 igitur
1379 2458 1589 2514 ordine
1625 2458 1793 2513 illum
1825 2457 2142 2513 collocabi-

481 2548 664 2606 mus?
695 2547 1151 2604 creaturarum?
1185 2552 1256 2602 At
1287 2547 1569 2602 universa
1607 2553 1884 2602 creatura
1915 2546 2094 2600 servit
2127 2563 2138 2601 :

480 2638 732 2711 Spiritus
763 2637 881 2710 ΕΒ
913 2642 1114 2693 autem
1136 2635 1396 2691 liberum
1426 2635 1650 2692 reddit:
1686 2636 1796 2691 Ubi
1820 2635 1975 2690 enim
2009 2635 2142 2702 Spi-

476 2730 631 2784 ritus
660 2728 920 2796 Domini,
964 2727 1049 2781 ibi
1069 2727 1389 2782 libertas”.
1423 2729 1614 2797 Atque
1642 2740 1781 2780 cum
1813 2723 2002 2780 multa
2028 2723 2146 2778 sint

474 2833 612 2889 quis
642 2816 874 2890 possim
899 2815 996 2872 hic
1025 2825 1528 2884 commemorare,
1557 2830 1744 2887 quam
1770 2829 1893 2868 non
1926 2829 2142 2868 conve-

475 2907 604 2962 niat
632 2905 914 2978 Spiritum
947 2909 1227 2961 sanctum
1251 2918 1657 2960 annumerare
1688 2902 1869 2957 rebus
1899 2903 2138 2968 creatis,

475 2994 550 3052 de
576 2994 670 3050 his
695 2994 894 3050 dicere
924 3009 1086 3050 nunc
1116 2992 1546 3064 supersedebo.
1589 2995 1736 3048 Nam
1769 2991 1819 3046 si
1848 2991 2136 3064 incipiam

473 3099 584 3157 pro
615 3084 955 3154 argumenti
983 3082 1355 3153 dignitate,et
1381 3098 1519 3154 quae
1549 3097 1658 3154 pro
1689 3080 1867 3136 nobis
1891 3080 2134 3148 faciunt,

471 3173 863 3246 probationes
885 3172 1209 3232 adducere.
1238 3177 1296 3228 et
1323 3188 1460 3244 quia
1494 3171 1572 3227 ab
1600 3170 1960 3227 adversariis
1983 3170 2136 3241 obji-

469 3263 726 3326 ciuntur,
761 3261 1011 3327 diluere,
1043 3260 1278 3332 prolixo
1301 3275 1578 3318 sermone
1605 3261 1716 3316 erit
1735 3260 2134 3333 opus,loqua-

467 3350 762 3423 citateque
791 3348 1115 3406 voluminis
1135 3348 1576 3405 deterrebimus
1599 3348 2128 3416 lectores.ldcirco,

467 3440 586 3497 hoc
621 3439 788 3496 alteri
817 3439 1062 3510 proprio
1103 3438 1378 3494 tractatui
1428 3444 1748 3507 reservato,
1801 3440 2124 3510 propositis

469 3529 914 3586 adhaereamus.

537 3624 622 3675 56.
654 3617 1116 3676 Consideremus
1137 3616 1316 3687 igitur
1352 3615 1724 3686 singulatim.
1763 3619 1984 3672 Natura
2017 3615 2124 3672 bo-

460 3725 578 3766 nus
605 3713 717 3779 est,
753 3713 817 3764 ut
839 3707 1038 3764 bonus
1065 3708 1255 3776 Pater,
1301 3710 1359 3763 et
1404 3705 1604 3761 bonus
1640 3705 1798 3760 Fius.
1834 3707 2119 3762 Creatura

459 3814 602 3856 vero
630 3815 738 3873 per
773 3797 1125 3855 electionem
1155 3797 1285 3864 ejus
1314 3794 1482 3867 quod
1511 3793 1745 3850 bonum
1798 3798 1902 3866 est,
1939 3795 2124 3867 parti-

459 3904 601 3960 ceps
625 3892 714 3944 est
736 3886 1041 3944 bonitatis.
1076 3884 1381 3942 Profunda
1410 3884 1508 3940 Dei
1559 3885 1730 3940 novit
1760 3902 1773 3940 :
1807 3883 1914 3940 sed
1959 3900 2125 3940 orca-

455 3983 590 4034 tura
611 3993 718 4050 per
730 3976 1011 4049 Spiritum
1029 3975 1246 4047 accipit
1267 3989 1635 4030 arcanorum
1656 3973 2094 4030 reserationem

455 4065 724 4123 Viviﬁcat
751 4081 889 4120 cum
921 4067 1040 4120 Deo
1069 4064 1174 4136 qui
1228 4063 1490 4120 viviﬁcat
1543 4063 1772 4127 omnia,
1800 4079 1940 4118 cum
1975 4062 2117 4135 Filio

451 4156 558 4230 qui
585 4155 690 4212 dat
707 4153 1036 4221 vitam.Qui
1058 4154 1214 4210 enim
1243 4155 1555 4219 excitavit,
1579 4152 2111 4224 inquit,Christum

449 4263 488 4304 a
517 4247 788 4315 mortuis,
822 4243 1151 4312 viviﬁcabit
1177 4249 1230 4299 et
1253 4244 1539 4299 mortalia
1586 4257 1844 4311 corpora
1885 4248 2109 4308 vestra,
2142 4283 2184 4338 Β
2225 4263 2307 4304 τος
2340 4245 2477 4305 ζωήν
2512 4262 2524 4274 ·

445 4351 556 4408 per
582 4337 769 4405 ipsius
796 4333 1092 4403 Spiritum
1121 4331 1226 4404 qui
1243 4332 1546 4388 inhabitat
1575 4331 1638 4386 in
1665 4330 1900 4396 vobis”;
1923 4336 2107 4404 atque

1025 4532 1068 4566 ⁵⁷
1094 4529 1294 4587 Matth.
1326 4546 1386 4594 x,
1426 4530 1511 4585 19.
1591 4530 1638 4564 δ’
1676 4529 1718 4582 ll
1746 4531 1881 4585 Cor.
1917 4543 1996 4595 xu,
2035 4530 2123 4584 17.

517 4535 566 4569 ⁸⁸
592 4531 749 4590 Psal.
776 4549 863 4597 xx,
895 4536 946 4587 6.

438 4715 585 4784 Κατὰ
621 4713 709 4764 τόν
738 4707 1052 4784 Ψαλμῳδόν,
1086 4706 1477 4784 adduntediti
1499 4723 1514 4762 ε
1538 4707 1749 4784 Μεγαλη
1782 4703 1973 4784 ἦρδόξα
2000 4707 2089 4758 αὖ·

1889 190 1945 246 8.
1988 191 2244 249 ΒΛΞΙῌΙ
2283 191 2500 248 MAGNI

3766 198 3863 252 172

2262 321 2434 388 καίου,
2463 319 2600 369 κατὰ
2643 321 2731 370 τόν
2761 315 3050 390 Ψαλμῳδόν
3084 341 3096 353 ο
3141 315 3272 382 δόξα
3312 315 3371 373 δε
3408 326 3500 372 τοῦ
3538 324 3821 393 Πνεῦματος
3845 365 3858 387 ,

2263 409 2400 458 κατὰ
2450 411 2524 461 σε.
2591 405 2836 480 οὐδεμία.
2898 414 3011 470 Πῶς
3067 406 3155 462 οὖν
3200 419 3259 462 οῦ
3309 406 3572 484 πρόδηλος
3613 413 3638 462 ό
3683 409 3857 465 κίνδυο

2263 515 2348 557 νος
2399 494 2454 547 ἐκ
2510 504 2608 548 τῶν
2663 500 2907 569 τοιουτῳν
2961 498 3126 570 λόγων
3178 504 3270 558 τήν
3322 500 3548 572 ἄφυκτον
3594 501 3836 574 ἁμαρτίαν

2265 582 2339 656 ἐφ’
2388 584 2594 645 ἑαυτοὺς
2643 585 3008 654 fumiﬁcem;
3052 588 3112 640 Εἰ
3141 591 3167 640 ό
3199 590 3315 659 (12)
3348 590 3640 662 σωζόμενος
3671 590 3722 642 ἐκ
3753 600 3845 643 τῶν

2262 681 2352 732 τῆς
2397 669 2741 736 δικαιοσύνης
2797 678 2958 748 ἔργων
3014 678 3304 750 ἄνθρωπος,
3356 684 3445 731 καὶ
3503 683 3626 741 τοὺς
3673 680 3854 752 φοϐου-

2263 761 2444 833 μένους
2497 767 2583 815 τόν
2662 767 2851 838 Κύριον
2925 761 3158 832 δοξάζει,
3214 770 3466 820 τοσούτου
3523 767 3586 820 ἂν
3653 768 3851 822 δέοιτό

2265 856 2477 923 Πνευμα
2531 861 2626 913 τῆς
2678 853 3001 927 ὀφειλομένης
3075 851 3231 918 δόξης
3282 855 3609 932 ἀποστερεῖν.
3670 858 3846 926 Ἔστω,

2263 945 2394 1011 φησὶ
2448 943 2587 1010 (13),
2635 938 2914 1012 δοξαστόν,
2980 943 3088 995 ἁλλ’
3128 945 3257 1017 οὐχὶ
3319 949 3450 1019 μετὰ
3524 951 3726 1020 Πατρός
3771 954 3854 1001 καὶ

2261 1032 2405 1085 Υίοῦ.
2449 1035 2549 1083 Καὶ
2575 1035 2690 1083 τίνα
2746 1035 2858 1104 ἔχει
2895 1033 3043 1104 λόγον
3087 1034 3258 1110 ἑτέραν
3303 1043 3485 1110 χώραν
3541 1037 3749 1090 ἐπινοεῖν
3785 1048 3852 1109 τῷ

2261 1123 2545 1192 Πνεῦματι,
2612 1127 2704 1180 τήν
2755 1126 2899 1198 ποιρὰ
2952 1131 3043 1176 τοῦ
3097 1131 3288 1198 Κυρίου
3338 1132 3653 1199 τεταγμένην
3709 1147 3852 1181 κατα.

2259 1207 2520 1278 λιπόντας,
2576 1215 2666 1262 καὶ
2727 1220 2822 1273 τῆς
2886 1215 3020 1264 κατὰ
3074 1218 3162 1271 τὴν
3213 1211 3371 1278 δόξαν
3419 1221 3684 1277 κοινωνίας
3731 1216 3849 1270 ἁπο-

2265 1306 2460 1370 στερείν
2491 1303 2548 1351 τό
2594 1308 2871 1372 πανταχοῦ
2922 1301 3306 1376 συναναληφθεν
3366 1305 3571 1377 (isi-)1?
3632 1307 3844 1373 θεότητι,

2262 1387 2310 1440 ἐν
2353 1397 2414 1461 τῇ
2459 1388 2710 1462 ὁμολογίᾳ
2761 1397 2854 1453 τῆς
2888 1395 3132 1465 πίστεως,
3195 1392 3242 1444 ἐν
3289 1401 3358 1452 τῷ
3391 1392 3721 1466 βαπτίσματι
3762 1404 3853 1458 τῆς

2265 1475 2689 1552 ἀπολυτρώσεως,
2755 1479 2802 1531 ἐν
2859 1487 2922 1552 τῇ
3001 1480 3226 1553 ἐνεργείᾳ
3291 1490 3390 1534 τῶν
3450 1479 3732 1555 δυνάμεων,
3807 1486 3850 1537 ἐν

2264 1573 2324 1637 τῇ
2357 1565 2611 1624 ἐνοικήσει
2643 1575 2743 1618 τῶν
2798 1567 3062 1639 ἁγίων,.έν
3099 1577 3211 1630 ταῖς
3257 1569 3324 1632 εἰς
3380 1575 3439 1623 τό
3478 1573 3706 1629 ὑπήκοον
3753 1576 3852 1644 κά·

2519 1651 2659 1708 Οῦδε
2705 1659 2806 1731 γὰρ
2867 1657 3006 1709 ἐστιν
3081 1658 3208 1720 ὅλως
3260 1655 3432 1733 δωρεά
3483 1679 3563 1722 τις
3607 1662 3720 1714 ἄνευ
3765 1670 3853 1714 τοῦ

2264 1745 2417 1815 ἁγίου
2476 1747 2778 1817 Ῑῐνεύματος
2834 1746 2905 1808 εἰς
2957 1751 3050 1805 τήν
3096 1753 3271 1800 κτίσιν
3311 1746 3653 1822 ἀφικνουμένη
3687 1767 3702 1782 ο
3731 1751 3852 1803 ὅπου

2260 1852 2321 1906 γε
2369 1829 2494 1886 οὐδε
2549 1835 2695 1908 ῥῆμα
2745 1834 2895 1905 ψιλόν
2946 1835 2995 1888 ἐν
3051 1845 3167 1898 ταῖς
3205 1839 3330 1912 ὑπερ
3386 1845 3623 1912 Χριστοῦ
3671 1838 3854 1893 ἀπολο-

2259 1927 2405 1994 γίαις
2482 1919 2700 1975 δυνατόν
2764 1923 2991 1983 λαλῆσαι
3052 1930 3123 1998 μή
3204 1931 3644 2001 συνεργουμένους
3713 1934 3853 2004 παρὰ

2258 2019 2350 2063 τοῦ
2401 2015 2720 2084 Πνεῦματος,
2778 2016 2842 2082 ὡς
2907 2014 2956 2067 ἐν
3022 2015 3356 2087 Εῦαγγελίοις
3405 2019 3550 2091 παρὰ
3614 2027 3702 2070 τοῦ
3756 2026 3855 2072 K0-

2257 2105 2374 2173 ρίου
2445 2106 2533 2152 καὶ
2592 2109 2823 2175 Σωτῆρος
2879 2105 3024 2175 ήμῶν
3073 2106 3467 2178 μεμαθήκαμεν.
3511 2105 3745 2159 Ἃπαντα
3795 2106 3855 2162 δι

2256 2209 2422 2241 ταυτα
2477 2187 2821 2265 παριδόντας,
2869 2197 2958 2243 καί
3005 2201 3099 2253 τῆς
3151 2193 3198 2246 ἐν
3241 2200 3375 2246 πᾶσι
3419 2201 3690 2258 κοινωνίας
3745 2198 3856 2250 επι-

2255 2277 2586 2350 λαθομίνους,
2639 2277 2739 2331 ἁπό
2817 2285 3018 2355 Πατρός
3091 2287 3179 2334 καὶ
3253 2285 3376 2335 Υἱοῦ
3452 2280 3704 2355 ὃιασπᾷν,
3763 2287 3857 2338 οὐκ

2253 2363 2378 2420 οἶδα
2418 2371 2462 2420 εἴ
2519 2387 2599 2430 τις
2655 2373 2881 2441 μέτοχος
2935 2373 3239 2443 Πνεῦματος
3295 2371 3449 2443 ἁγίου
3520 2376 3852 2432 συνθήσεται.

2255 2462 2366 2510 Ποῦ
2415 2461 2585 2509 τοίνυν
2641 2463 2874 2531 φέροντες
2926 2459 3052 2511 αὐτό
3101 2461 3360 2533 τάξομενς
3419 2465 3547 2534 μετὰ
3595 2471 3688 2525 τῆς
3744 2470 3860 2516 κτίο

2444 2547 2454 2563 9
2506 2547 2581 2564 «ιο
2621 2549 2632 2560 ρ
2752 2554 2760 2566 ι
2955 2555 2973 2564 .-
3122 2546 3144 2567 σι
3209 2550 3225 2566 κ
3280 2554 3289 2564 σ
3493 2556 3500 2568 ι
3560 2549 3593 2570 ἢ.

2255 2564 2415 2613 σεως,
2462 2552 2564 2598 Au.
2614 2569 2640 2606 η
2676 2567 2852 2612 κτισις
2903 2569 3052 2602 πασα
3109 2565 3345 2603 οουλευει
3379 2567 3392 2582 °
3451 2571 3509 2604 1'0
3549 2573 3606 2605 οε
3645 2559 3860 2626 Πνεῦμα

2253 2635 2526 2711 ἐλευθεροῖ.
2582 2639 2659 2689 Οὔ
2711 2642 2808 2713 γὰρ
2869 2643 2926 2691 τό
2985 2645 3196 2712 Πνεῦμα
3237 2647 3452 2715 κυρίου,
3494 2640 3595 2694 ἐκεῖ
3654 2641 3858 2696 ἐλευθε-

2249 2729 2358 2801 ρία.
2405 2731 2504 2778 Καὶ
2556 2726 2752 2779 πολλῶν
2811 2727 3021 2780 ἐνόντων
3067 2729 3243 2791 εἰπεῖν,
3286 2734 3420 2790 οπως
3467 2730 3527 2782 οῦ
3567 2737 3858 2804 προσήκει-

2249 2822 2312 2886 τῇ
2382 2823 2570 2887 κτιστῇ
2630 2820 2781 2887 φύσει
2843 2820 2902 2868 τό
2962 2823 3173 2890 Πνεῦμα
3209 2821 3268 2870 τό
3325 2819 3474 2890 οἱγιον
3520 2839 3863 2896 ,συγκαταρι-

2253 2903 2418 2975 θμεῖν,
2452 2907 2539 2955 τόν
2588 2909 2703 2978 περὶ
2749 2908 2942 2958 τούτων
2981 2915 3069 2958 νῦν
3109 2908 3218 2979 (15)
3272 2909 3637 2982 ὑπερθήσομαι
3683 2909 3858 2980 λόγον,

2251 2992 2310 3043 Εἰ
2365 2995 2466 3066 γὰρ
2529 2992 2795 3066 μέλλοιμεν
2856 2998 2985 3068 πρὸς
3026 2993 3174 3058 ἁξίαν
3207 3004 3315 3064 ,τοῦ
3355 2996 3719 3071 προϐλήματος
3758 3002 3858 3060 τάς

2249 3100 2302 3134 τε
2365 3083 2489 3156 παρ’
2547 3083 2739 3136 ἑαυτῶν
2779 3087 3109 3146 κατασκευὰς
3165 3085 3392 3158 ἑπὰγειν,
3437 3092 3541 3139 ’καὶ
3592 3091 3659 3140 τὰ
3710 3094 3862 3163 παρὰ

2244 3178 2345 3222 τῶν
2411 3171 2649 3224 ἐναντίων
2709 3173 3100 3248 προϐαλλόμενα
3167 3171 3422 3245 διαλύειν,
3476 3176 3673 3229 πολλῶν
3729 3181 3861 3251 ἡμῖν

2245 3255 2426 3318 δεήσει
2481 3260 2662 3333 λόγων,
2713 3268 2803 3314 καὶ
2862 3261 3273 3337 ἁποκναίσαιμεν
3313 3268 3430 3335 (t6)
3481 3275 3542 3325 τῆ
3607 3267 3862 3339 πολυφω-

2241 3354 2326 3423 νίᾳ
2355 3358 2444 3411 τῆς
2476 3349 2664 3424 βίϐλου
2702 3356 2820 3412 τοὺς
2863 3352 3290 3425 ἐντυγχάνοντας.
3321 3359 3509 3430 Δίόπερ
3559 3352 3675 3428 ἰδίᾳ
3713 3377 3864 3430 πρα-

2238 3442 2461 3512 γματείᾴ
2491 3440 2648 3494 eum
2688 3444 3113 3515 ταμιευσάμενοι,
3156 3450 3254 3495 τῶν
3301 3449 3650 3519 προκειμένων
3703 3445 3864 3517 ἐχώ-

2237 3530 2400 3599 μεθα.

2310 3621 2396 3673 56.
2453 3618 2766 3692 Σκεψώμεθα
2821 3617 2909 3672 οὖν
2966 3623 3032 3672 τὰ
3084 3623 3425 3675 καθέκαστον.
3487 3627 3646 3676 Φύσει
3707 3624 3865 3680 ἐστὶν

2239 3705 2449 3778 ἀγαθόν,
2511 3710 2578 3768 ὡς
2628 3707 2822 3780 ἁγαθός
2873 3711 2898 3761 ὁ
2953 3715 3160 3785 Πατήρ,
3202 3717 3293 3763 καὶ
3353 3711 3551 3784 ἁγαθός
3617 3715 3642 3766 ό
3705 3717 3865 3777 Υἱός,

2251 3805 2290 3850 ll
2323 3803 2490 3858 κτίσις
2531 3795 2589 3851 δι
2640 3798 2689 3851 ἐν
2742 3807 2804 3872 τῇ
2866 3799 3050 3873 ἐκλογῇ
3084 3810 3176 3854 τοῦ
3207 3800 3406 3874 ἁγαθου
3456 3809 3687 3876 μέτοχος
3739 3804 3867 3858 ἐστι

2234 3895 2325 3948 τῆς
2352 3886 2692 3957 ἀγαθότητος.
2735 3886 2864 3942 Οἵδε
2887 3893 2951 3942 τὰ
2990 3890 3132 3963 βάθη
3165 3899 3257 3944 τοῦ
3301 3896 3428 3945 Θεοῦ
3456 3896 3570 3964 (17)
3606 3910 3618 3923 ·
3671 3896 3699 3952 ἡ
3737 3901 3865 3947 χτί-

2235 3995 2317 4038 σις
2369 3973 2427 4030 δε
2481 3976 2728 4051 λαμϐάνει
2780 3983 2872 4037 τήν
2921 3985 3209 4053 φανέρωσιν
3249 3990 3347 4033 τῶν
3395 3981 3703 4057 ἀπορρήτων
3750 3980 3860 4036 διὰ

2229 4073 2321 4117 τοῦ
2391 4069 2711 4139 Πνεῦματος.
2787 4074 3041 4120 Ζωοποιεῖ
3091 4071 3219 4142 μετὰ
3274 4079 3366 4123 τοῦ
3423 4079 3557 4124 Θεοῦ
3627 4091 3722 4124 του
3783 4077 3864 4125 τὰ

2227 4157 2395 4207 πάντα
2450 4156 2844 4227 ζωογονοῦντος,
2887 4161 3014 4229 μετὰ
3055 4162 3168 4228 (18)
3206 4167 3296 4211 τοῦ
3347 4163 3469 4213 Υἰοῦ
3522 4168 3614 4213 τοῦ
3658 4158 3862 4214 διδόν-

2579 4244 2637 4296 Ὀ
2681 4248 2783 4320 γὰρ
2824 4246 3025 4320 ἐγείρας
3078 4253 3304 4323 Χριστόν
3351 4249 3408 4302 ἐκ
3455 4260 3642 4325 νεκρῶν
3711 4252 3864 4312 ζωο-

2223 4338 2454 4398 ποιήσει,
2527 4339 2676 4406 φησὶ,
2746 4339 2833 4386 καὶ
2873 4337 2938 4387 τα
2987 4336 3150 4393 θνητὰ
3218 4338 3360 4409 ὑμῶν
3423 4339 3539 4409 (19)
3609 4344 3863 4411 σώματα

2200 4529 2251 4563 δ’
2287 4530 2455 4583 Rom.
2493 4544 2609 4599 vui,
2644 4533 2731 4586 11.

2271 4708 2378 4785 (15)
2401 4710 2605 4785 Τούτων
2634 4729 2742 4762 νυν.
2771 4710 2992 4768 Vocula
3017 4711 3228 4785 addita
3248 4716 3497 4785 engeg.
3521 4715 3840 4774 secundo.

2270 4780 2380 4850 (16)
2411 4780 2864 4851 Ἀποκναίσαιμεν.
2897 4785 2981 4838 Ita
3033 4783 3170 4840 cod.
3223 4780 3480 4841 Colbert.
3539 4792 3598 4841 et
3628 4785 3841 4844 editio

432 4793 524 4838 τοῦ
555 4783 603 4836 ἓν
630 4791 700 4855 τῷ
727 4774 966 4855 σωτηρίῳ
999 4798 1112 4834 σου’
1143 4786 1233 4832 καὶ
1261 4779 1415 4832 πάλιν
1444 4797 1456 4808 ·
1490 4774 1633 4838 Τοὺς⁷
1657 4774 1716 4830 δέ
1747 4777 2089 4850 φοϐουμένους

433 4861 520 4909 τόν
553 4851 743 4928 Κύριον
774 4851 1253 4928 δοξάζειᾈΜαρηα
1279 4857 1363 4908 est
1379 4851 1588 4928 gloria
1599 4851 1725 4928 ejus
1747 4852 1808 4904 in
1829 4851 2094 4928 salutari

433 4933 577 4994 tuo;
624 4922 681 4982 et
708 4941 952 4982 rursus:
990 4925 1277 4979 Timentes
1317 4927 1515 4978 autem
1543 4922 1862 4977 Dominum
1899 4923 2087 4989 glori-

478 5006 595 5056 cat.

429 5002 616 5141 Mati)
643 5070 704 5123 Εἰ
741 5071 788 5124 ό.
815 5070 948 5123 Hinc
977 5065 1286 5141 d_esur_1t__ir;
1311 5064 1848 5141 quinque_ms_s.,at
1877 5061 2084 5141 legun-

427 5135 608 5200 turin
637 5144 777 5208 Reg.
811 5137 1101 5195 secundo.
1130 5136 1282 5192 Editi
1311 5135 1379 5198 ὦς
1411 5137 1436 5188 ὅ
1455 5135 1532 5207 γε.
1567 5135 1750 5208 Paulo
1783 5139 1918 5207 post
1947 5150 2084 5190 οοη-

419 5213 654 5287 junctio
679 5205 888 5287 addita
916 5225 986 5287 ex
1018 5224 1121 5264 sex
1151 5224 1296 5287 mss:
1331 5205 1470 5264 ante
1488 5210 1609 5287 τοὺς
1640 5205 2006 5278 φοϐουμένους.

2203 4851 2377 4930 Qasil.
2433 4852 2668 4930 Legitur
2725 4852 2788 4906 in
2849 4854 3024 4930 Paris.
3087 4854 3346 4930 editione
3395 4855 3842 4930 ἁποκναίσομεν,

2198 4920 2385 4977 Paulo
2417 4929 2557 4992 post
2585 4922 2765 4978 iidem
2797 4923 3152 4992 editis’xsivat.
3189 4926 3336 4982 Libri
3360 4933 3588 4984 veteres
3622 4920 3842 4988 ὶκέῖνο.

2265 4996 2378 5074 (ίῖ)
2398 4999 2500 5074 Ιξὀῦ
2537 5001 2690 5074 θεοῦ.
2751 4994 2962 5074 Ιςὶιλίιὶόε
2991 4997 3178 5052 Paris.
3209 4997 3430 5074 addit:
3459 5002 3551 5074 1'0__
3574 5006 3840 5074 Πνευμοι,

2193 5063 2360 5138 quod
2391 5063 2558 5120 deest
2585 5066 2641 5119 in
2668 5065 2939 5138 quinque
2973 5083 3118 5123 mss.
3147 5074 3204 5124 et
3225 5069 3366 5125 edit.
3402 5070 3576 5126 Basil.
3715 5063 3726 5074 -
3821 5063 3833 5071 ε

2263 5136 2380 5204 (18)
2417 5136 2996 5208 Ζωογονουντος,μετοί.
3034 5142 3118 5194 [ta
3156 5156 3259 5196 sex
3303 5158 3454 5196 mss.
3487 5141 3640 5198 Edili
3679 5146 3841 5206 ζωο-

949 5225 986 5290 s
1018 5224 1121 5264 sex
1151 5224 1296 5290 mss:
1331 5212 1466 5264 ante
1488 5210 1609 5268 τοὺς
1640 5208 2006 5278 φοϐουμένους.

2251 5224 2460 5290 »ιουντος
2493 5213 2580 5289 καὶ
2791 5208 2986 5290 t’aulo‘
3001 5215 3138 5280 post
3162 5211 3303 5290 editi
3323 5211 3557 5290 addunt
3589 5214 3665 5272 Ἰη
3679 5234 3836 5268 conv

495 5287 606 5356 (13)
635 5288 791 5342 Φησί.
826 5280 1041 5356 Regius
1070 5279 1372 5356 secundus
1395 5283 1542 5351 φασί.
1588 5348 1599 5356 _
1649 5277 1654 5278 “
1806 5277 1809 5278 ⁷
1847 5351 1863 5356 _
1967 5349 1999 5356 __

2251 5281 2336 5356 ist
2355 5277 2618 5356 Χριστόν(
2639 5277 2754 5356 Sed
2781 5277 2947 5356 deest
2995 5277 3065 5336 ea
3095 5299 3210 5338 vox
3237 5284 3298 5356 in
3327 5284 3614 5340 omnibus
3644 5301 3832 5345 mss.

493 5348 608 5427 (14)
667 5348 1073 5427 Συναναλήφθένμ.
1097 5423 1107 5427 _
1135 5350 1228 5407 Sic
1254 5348 1434 5427 _mss:
1497 5348 1787 5427 quinque.
1847 5349 2081 5419 Legitur

2260 5348 2589 5427 (ιωέθνηςά
2643 5351 2976 5427 ὐμξηοββε·
3033 5354 3338 5410 secundus
3381 5357 3546 5413 θνητά
3579 5361 3836 5427 σώματα

426 5413 869 5546 συξεπὰραληφὲἱν
896 5413 957 5483 in
972 5423 1230 5481 editione
1253 5413 1738 5479 ParisiensiAli'e:
1765 5435 1904 5476 cum
1925 5413 2076 5477 ‘mss.

426 5499 778 5546 nnnsentinn
813 5542 824 5546 _

2251 5413 2359 5501 ιῶνξ
2387 5420 2572 5477 Paulo
2604 5413 2737 5492 post
2757 5419 2895 5503 editi
2922 5413 3210 5495 ὼεούουσι,
3241 5427 3410 5500 quod
3440 5413 3829 5488 auctoritate

2255 5506 2451 5546 unum
2478 5507 2624 5546 mss.
2658 5497 3054 5546 mutawmus.

424 5493 824 5558 consentiunt.

2255 5493 2451 5549 urium
2478 5507 2624 5549 mss.
2658 5493 3054 5551 mutavimus.
