4102 6194
207 312 310 364 ΓΠ

1423 307 1628 364 LIBER
1666 305 1755 362 DE
1793 304 2067 363 SPIRITU
2107 306 2396 364 SANCTO.

3483 298 3583 353 178

206 431 498 503 ἐπώογίαν
553 425 925 503 ἐπεδεηθημεν.
985 439 1091 484 Νῦν
1147 429 1205 486 δὲ
1245 433 1304 486 ού
1353 440 1472 510 περὶ
1521 433 1803 501 συλλαϐῶν,

1922 435 2087 489 Nunc
2113 450 2250 490 vero
2279 449 2478 507 neque
2509 431 2584 488 de
2627 427 2896 502 syllabis,
2930 440 3128 498 neque
3186 425 3302 481 hoc
3351 425 3455 479 aut
3482 421 3583 479 illo

205 519 334 573 οὐδὲ
366 526 486 593 περὶ
531 515 745 572 τοιοῦδε
775 521 802 578 ἡ
839 517 1046 574 τοιοῦδε
1078 531 1246 594 φῶνῆς
1304 527 1444 594 ἤχου
1475 525 1500 575 ό
1529 522 1684 594 λόγος
1723 523 1812 574 αύ-

204 619 332 676 τοῖς,
399 609 527 662 ἀλλὰ
571 614 692 681 περὶ
745 613 1066 682 πραγμάτων
1124 611 1171 664 ἐν
1223 608 1443 685 δυνάμει
1486 616 1572 664 καὶ
1598 612 1814 684 ἀληθείᾳ

204 704 466 774 μεγίστην
530 702 758 770 ἐχόντων
818 694 1092 775 διαφοράν.
1145 703 1238 753 Ὧν
1296 703 1476 766 ἕνεκεν,
1544 701 1812 777 ἀπαρατη-

201 797 371 863 ρητου
432 796 531 851 τῆς
571 794 820 862 χρήσεως
867 798 964 840 τῶν
1021 789 1285 843 συλλαϐῶν
1335 795 1518 859 οὔσης,
1551 793 1695 844 οὗτοι
1725 795 1813 852 τας

201 884 293 952 μεν
355 879 680 953 ἐγγράφειν,
735 882 822 939 τὰς
879 876 938 932 δὲ
985 877 1301 934 ἀποδιωκειν
1358 891 1450 942 τῆς
1503 883 1813 943 Ἐκκλησίας

202 970 596 1044 ἐπιχειροῦσιν.
631 968 762 1040 Ἐγὼ
804 965 884 1036 δὲ,
944 969 986 1021 εἰ
1035 975 1124 1022 καὶ
1181 970 1235 1022 ἐκ
1279 980 1372 1034 τῆς
1402 979 1607 1045 πρώτης
1658 971 1812 1032 ἀκοῆς

203 1059 418 1134 ἐναργὲς
445 1063 562 1131 ἔχει
591 1063 648 1114 τό
678 1064 970 1131 χρήσιμον,
1003 1058 1109 1111 ἀλλ’
1142 1061 1229 1112 οὗν
1254 1066 1343 1114 και
1382 1065 1466 1114 τὸν
1498 1063 1611 1132 (31)
1661 1060 1812 1133 λόγον

207 1149 507 1223 παρέξομαι
537 1149 655 1201 καθ’
684 1151 738 1200 όν
765 1152 814 1200 οἱ
859 1154 1068 1223 πατέρες
1111 1151 1254 1223 ἡμῶν
1305 1152 1399 1203 οὐκ
1449 1152 1616 1225 ἀργῶς
1675 1171 1814 1223 συμ-

202 1237 500 1313 παρέλαεον
542 1242 634 1296 τὴν
672 1244 874 1310 χρῆσιν
921 1245 1012 1299 τῆς
1060 1241 1354 1312 προθέσεως
1406 1244 1623 1302 ταύτης.
1683 1244 1812 1312 Πρός

202 1330 312 1399 γὰρ
375 1325 442 1397 τῷ
491 1330 546 1378 τό
593 1334 684 1379 τοῦ
744 1325 1013 1380 Σαϐελλίου
1072 1332 1230 1380 κακόν
1282 1330 1558 1390 ἱσοσθενῶς
1606 1339 1665 1402 τῇ
1724 1335 1812 1382 καὶ

213 1415 448 1488 συλλαϐῇ
497 1411 814 1487 διελέγχειν,
847 1422 936 1469 καὶ
987 1417 1365 1492 παραπλησίως
1418 1418 1578 1491 ἐκείνη
1626 1423 1681 1472 τό
1714 1428 1810 1471 τῶν

201 1507 553 1558 ύποστάσεων
587 1501 643 1557 id"
651 1524 724 1557 ιον
749 1513 1033 1578 παριστᾲν,
1075 1511 1144 1569 ὡς
1200 1511 1257 1560 τό
1282 1527 1294 1540 ο
1358 1508 1486 1580 Ἐγὼ
1526 1515 1615 1561 καὶ
1645 1510 1670 1561 ὁ
1705 1516 1808 1562 Πα-

200 1599 297 1668 τὴρ
362 1594 710 1667 ἐλευσόμεθαο
772 1599 860 1646 καὶ
915 1600 1009 1648 τό’
1075 1596 1204 1668 Ἐγὼ
1259 1603 1346 1648 καὶ
1420 1601 1445 1649 ό
1522 1603 1703 1672 Πατὴρ
1760 1601 1809 1652 ἓν

197 1685 350 1756 ἐσμεν
377 1702 390 1713 ·
425 1684 684 1758 ἐξαίρετον
734 1687 846 1756 ἔχει
875 1693 969 1747 τῆς
1001 1682 1178 1738 ἀϊδίου
1209 1693 1478 1749 κοινωνίας
1509 1708 1599 1740 και
1639 1687 1780 1740 ἀπαύ

1922 522 2200 584 dictionis
2230 541 2380 580 sono
2411 523 2754 595 disputant,
2784 518 2887 574 sed
2927 518 3001 573 de
3032 515 3211 571 rebus
3238 515 3410 586 juxta
3458 513 3584 568 vim

1923 627 1993 669 ac
2045 614 2352 670 veritatem
2393 612 2663 668 maximo
2703 609 2858 664 inter
2895 623 2958 663 se
3010 604 3354 662 discrimine
3407 601 3582 659 dissi-

1922 700 2228 758 dentibus.
2259 705 2386 766 Qua
2419 701 2494 757 de
2526 714 2733 766 causa,
2776 712 2917 753 cum
2964 694 3312 750 indifferens
3353 691 3426 748 sit
3464 691 3584 764 syl-

1922 789 2200 847 labarum
2241 809 2410 859 usus,
2465 791 2562 846 isti
2600 790 2713 844 has
2767 785 3017 860 quidem
3067 782 3402 849 almittere,
3453 781 3581 839 illas

1921 897 2064 936 vero
2095 881 2174 937 ab
2206 882 2466 938 Ecclesia
2498 880 2858 936 submovere
2909 874 3256 931 moliuntur.
3290 875 3410 942 Ego
3439 888 3580 928 vero

1923 971 2031 1026 etsi
2084 971 2278 1042 primo
2333 971 2537 1027 statim
2585 969 2796 1025 auditu
2848 963 3194 1040 praepositio
3242 961 3584 1017 evidentem

1924 1061 2234 1118 utilitatem
2284 1062 2505 1128 habet,
2554 1065 2819 1117 attamen
2873 1059 3053 1114 etiam
3095 1053 3392 1110 rationem
3448 1051 3582 1107 red-

1921 1151 2280 1222 dam,juxta
2309 1168 2496 1224 quam
2523 1155 2725 1223 patres
2773 1147 2962 1204 nostri
3014 1162 3138 1202 non
3186 1143 3375 1200 otiose
3422 1140 3581 1197 illius

1921 1257 2166 1313 quoque
2222 1258 2399 1297 usum
2463 1239 2729 1313 amplexi
2786 1238 2922 1294 sint.
2979 1240 3128 1293 Nam
3176 1237 3584 1307 praeterquam

1921 1332 2087 1402 quod
2116 1332 2244 1386 haec
2301 1331 2462 1387 idem
2493 1330 2648 1387 valet
2703 1328 2870 1401 quod
2928 1334 3006 1396 et,
3052 1325 3131 1382 ad
3187 1321 3582 1380 refellendam

1925 1420 2165 1476 Sabellii
2191 1421 2508 1484 malitiam,
2543 1419 2932 1490 similiterque
2961 1423 3142 1487 atque
3172 1414 3274 1469 illa
3323 1414 3580 1484 conjun-

1921 1510 2037 1566 ctio
2067 1511 2482 1582 hypostaseon
2515 1508 2940 1582 proprietatem
2962 1502 3434 1574 declarat,velut,
3450 1502 3579 1571 Ego

1921 1606 1972 1656 el
2001 1601 2180 1656 Pater
2206 1601 2582 1664 veniemus”,
2632 1601 2689 1654 et
2721 1615 2733 1652 :
2768 1597 2897 1667 Ego
2938 1601 2990 1652 et
3031 1595 3216 1650 Pater
3257 1607 3444 1648 unum
3473 1606 3578 1646 su-

1919 1706 2048 1746 mus
2071 1692 2150 1758 76;
2180 1696 2466 1762 praeterea
2489 1688 2777 1744 eximium
2800 1685 2984 1742 habet
3014 1683 3392 1756 sempiternae
3418 1696 3581 1737 com—

199 1794 323 1826 στου
378 1775 496 1845 (32)
544 1779 822 1846 συναφειας
889 1778 946 1826 τό
1004 1779 1313 1850 μαρτύριον.
1380 1777 1437 1829 Ὀ
1493 1782 1593 1850 γὰρ
1655 1778 1803 1830 εἰπὼν

1919 1780 2224 1836 munionis
2248 1797 2318 1836 ac
2350 1784 2651 1853 perpetua:
2683 1775 3125 1848 conjunctionis
3147 1771 3576 1830 testimonium.

203 1869 298 1916 σὺν
360 1872 434 1934 τῷ
490 1869 659 1937 Πατρὶ
711 1867 798 1915 τόν
844 1867 964 1916 Υιὸν
1012 1862 1140 1916 εἶναι
1193 1867 1321 1938 ὁμοῦ
1352 1872 1444 1924 τήν
1475 1885 1526 1919 τε
1555 1875 1654 1918 τῶν
1685 1868 1808 1920 ύπο-

204 1955 444 2004 στάσεων
508 1949 753 2010 ἰδιότητα
788 1958 876 2004 καὶ
932 1958 989 2005 τό
1047 1953 1346 2027 ἀχώριστον
1396 1965 1489 2016 τῆς
1543 1962 1807 2016 κοινωνίας

198 2039 412 2104 ἔδειξεν.
502 2041 662 2116 Ὀπερ
744 2048 833 2094 καὶ
935 2041 1016 2095 ὶπὶ
1093 2052 1189 2095 τῶν
1281 2043 1604 2119 ἀνθρρπίνων
1669 2049 1808 2098 ἔστιν

201 2128 333 2183 ἰδεῖν
394 2133 549 2203 (33)·
591 2133 619 2182 ό
665 2135 755 2203 μεν
794 2137 881 2184 καὶ
939 2129 1235 2206 σύνδεσμος
1263 2138 1318 2186 τὸ
1349 2138 1519 2186 κοινὸν
1549 2145 1645 2195 τῆς
1677 2134 1806 2211 ἆνερ-

193 2227 337 2292 γείας
399 2227 726 2297 παρίτησιν’
777 2225 806 2281 ἡ
851 2219 909 2275 δὲ
969 2227 1061 2275 σύν
1114 2227 1363 2297 πρόθεσις
1408 2228 1502 2284 τὴν
1532 2231 1801 2278 κοινωνίαν

197 2333 306 2373 πως
337 2309 785 2367 συνενὸείκννται.
831 2312 972 2381 Οῖον,
1023 2314 1311 2370 Ἔπλευσαν
1352 2318 1422 2378 εἰς
1482 2314 1807 2372 Μακεδονίαν

207 2398 414 2463 Παῦλος
444 2410 533 2455 καὶ
576 2405 860 2475 Τιμόθεος·
897 2403 1022 2456 ἀλλά
1065 2410 1154 2458 καὶ
1200 2411 1433 2478 Τύχικος
1460 2411 1548 2460 καὶ
1589 2407 1806 2466 Ὀνήσι-

193 2510 289 2562 μος
322 2491 700 2549 ἀπεστάλησαν
749 2491 1174 2547 Κολοσσαεῦσιν·
1228 2494 1281 2547 ἐκ
1339 2498 1554 2562 τούτων,
1589 2498 1669 2548 ὅτι
1715 2499 1805 2568 μὲν

191 2585 392 2632 ταυτὸν
453 2580 765 2655 ἐνέργησαν,
824 2585 1233 2658 μεμαθήκαμεν
1305 2585 1388 2638 ἐὰν
1447 2583 1506 2638 δὲ
1564 2584 1803 2638 ἀκούσω-

193 2689 309 2742 μεν,
371 2672 453 2723 ὅτι
502 2672 850 2725 συνέπλευσαν
902 2679 991 2726 καὶ
1032 2675 1522 2745 συναπεστάλησαν,
1583 2678 1662 2729 ότι
1715 2680 1804 2728 καὶ

189 2760 302 2832 μετ’
337 2759 572 2819 ἀλλήλων
604 2767 696 2821 την
722 2762 908 2836 πρᾶξιν
947 2763 1253 2836 ετλὴρωσαν
1274 2763 1799 2839 προσεδικάχθημεν.

192 2851 347 2902 Οὲτω
379 2855 437 2902 ’ό
479 2857 570 2903 τοῦ
620 2850 892 2905 Σαϐελλίου
935 2857 1114 2921 κακόν,
1148 2857 1217 2916 ως
1246 2851 1470 2927 οὐδεμία
1506 2863 1606 2908 τῶν
1634 2854 1799 2906 illan

194 2948 376 3010 φωνῶν
405 2939 764 3009 καταλύουσα,
806 2944 1154 3015 προστίθησιν
1182 2943 1395 3005 ἐκείνοις
1424 2947 1539 3014 (34)
1570 2950 1658 2996 καὶ
1685 2949 1802 3005 τούς

194 3033 334 3081 κατὰ
400 3026 681 3103 διάμετρον
733 3029 1076 3095 ἀσεϐοῦντας.
1137 3039 1288 3104 Λεγω
1346 3030 1412 3092 δὴ
1477 3037 1693 3096 τούτους
1752 3033 1801 3087 οἱ

1920 1873 2066 1925 Nam
2098 1870 2202 1942 qui
2233 1871 2406 1937 dixit,
2439 1887 2578 1926 cum
2636 1868 2808 1924 Patre
2861 1866 3071 1924 Filium
3118 1880 3270 1931 esse,
3301 1861 3484 1919 simul
3521 1865 3580 1920 et

1917 1959 2334 2031 hypostaseon
2393 1959 2823 2032 proprietatem
2879 1961 2935 2012 et
2985 1953 3392 2027 inseparabile
3435 1967 3577 2008 con-

1921 2048 2171 2104 sortium
2206 2049 2521 2121 expressit.
2558 2047 2732 2113 Quod
2761 2046 2922 2102 idem
2954 2045 3134 2102 etiam
3163 2044 3224 2100 in
3253 2043 3438 2100 rebus
3468 2043 3578 2098 hu-

1919 2139 2114 2195 manis
2142 2139 2342 2196 videre
2372 2142 2479 2205 est,
2513 2137 2575 2193 in
2623 2136 2848 2210 quibus
2896 2142 2952 2192 et
2997 2133 3341 2206 conjunctio
3379 2130 3578 2187 decla-

1917 2234 2008 2283 rat
2039 2243 2430 2284 communem
2471 2227 2888 2300 operationem
2920 2243 2934 2282 :
2969 2228 3026 2282 et
3068 2222 3413 2296 praepositio
3444 2238 3577 2278 cum

1918 2317 2380 2392 quodammodo
2447 2317 2631 2374 etiam
2699 2316 2999 2386 signiﬁcat
3059 2312 3572 2370 communionem.

1919 2407 2094 2472 Quod
2123 2423 2313 2477 genus
2349 2412 2455 2475 est,
2486 2406 2856 2478 Navigarunt
2884 2405 2946 2461 in
2976 2402 3386 2462 Macedoniam
3429 2404 3578 2458 Pau-

1915 2497 2010 2553 lus
2036 2501 2093 2554 et
2134 2498 2497 2565 Timotheus,
2532 2497 2638 2554 sed
2681 2501 2738 2553 et
2793 2495 3084 2568 Tychicus
3137 2500 3195 2551 et
3259 2492 3577 2550 Onesimus

1917 2587 2085 2643 missi
2135 2591 2274 2644 sunt
2324 2587 2790 2645 Colossensibus
2820 2605 2832 2642 :
2867 2603 2937 2643 ex
2968 2587 3062 2643 his
3094 2585 3386 2642 discimus
3441 2583 3576 2641 illos

1916 2693 2044 2732 rem
2064 2677 2345 2735 eamdem
2376 2677 2608 2734 fecisse.
2653 2677 2769 2735 Sed
2795 2677 2843 2732 si
2875 2676 3266 2744 audierimus,
3291 2672 3577 2732 connavi-

1917 2773 2161 2839 garunt,
2188 2774 2245 2825 et
2298 2769 2476 2826 simul
2518 2768 2687 2825 missi
2732 2773 2892 2836 sunt,
2926 2768 3122 2826 etiam
3144 2766 3294 2823 illud
3322 2764 3578 2822 addisci-

1917 2873 2072 2924 mus,
2098 2858 2354 2914 alterum
2396 2874 2535 2914 cum
2563 2857 2749 2913 altero
2781 2857 3080 2914 actionem
3111 2853 3460 2911 absolvisse.
3490 2857 3577 2910 lta

1918 2947 2158 3005 Sabellii
2187 2963 2452 3004 errorem
2496 2947 2813 3003 destruens
2861 2947 2988 3003 haec
3034 2961 3155 3001 vox
3184 2948 3249 3000 ut
3283 2958 3408 2999 non
3456 2941 3576 2999 alia.

1915 3054 2106 3110 aeque,
2140 3037 2308 3094 addit
2341 3037 2455 3092 illis
2505 3041 2561 3092 et
2611 3052 2715 3093 eos
2765 3035 2872 3108 qui
2899 3034 3120 3091 directe
3151 3031 3432 3105 opposito
3460 3029 3575 3087 im-

195 3127 478 3194 χρονικοῖς
510 3116 847 3195 διαστήμασι
879 3131 969 3175 τοῦ
997 3126 1087 3195 μὲν
1119 3127 1323 3198 Πατρός
1349 3127 1436 3176 τόν
1457 3127 1597 3194 res»,
1620 3132 1711 3178 τοῦ
1746 3120 1803 3180 δὲ

1919 3128 2150 3202 pietatis
2183 3144 2398 3199 genere
2425 3127 2758 3183 insaniunt.
2799 3128 2877 3182 De
2908 3125 3002 3181 his
3032 3124 3270 3198 loquor,
3293 3121 3397 3195 qui
3426 3126 3574 3178 tem-

199 3212 328 3262 ϊιοῦ
359 3214 418 3262 τὸ
448 3217 662 3284 Πνεῦμα
689 3215 748 3265 τό
778 3213 924 3284 ἅγιον
957 3209 1250 3290 διαιροῦσι.

269 3392 362 3445 60.
405 3393 545 3463 Πρός
598 3386 657 3444 δε
700 3395 794 3451 τὴν
847 3389 896 3444 ἓν
946 3391 1209 3452 συλλαϐήν
1241 3393 1398 3447 ἐκεῖνο
1459 3393 1690 3466 μάλιστα
1746 3399 1802 3448 τό

197 3475 466 3551 διάφορον
506 3481 632 3550 ἕχει,
674 3483 751 3534 ότι
790 3484 820 3540 ἡ
854 3484 943 3553 μεν
994 3485 1087 3535 σύν
1130 3487 1223 3542 τὴν
1254 3488 1380 3559 πρὸς
1410 3482 1656 3545 ἀλλήλους
1687 3503 1806 3538 συνο

195 3570 395 3638 ἀφειαν
473 3576 568 3619 τῶν
641 3573 1015 3624 κοινωνούντων
1094 3577 1458 3646 παρίστησιν,
1526 3574 1631 3626 οἷον
1705 3583 1802 3626 τῶν

197 3655 597 3731 συμπλεόντων,
640 3662 666 3720 ἦ
707 3664 1103 3731 συνοικούντων,
1154 3663 1182 3722 ἦ
1228 3664 1397 3716 ὁτιοῦν
1446 3670 1545 3716 τῶν
1581 3665 1804 3716 πάντων

199 3755 390 3809 κοινῶς
421 3746 754 3802 ἐκτελούντων
778 3769 790 3780 ·
833 3753 863 3810 η
907 3748 965 3804 δε
992 3751 1041 3804 ἐν
1088 3757 1177 3810 τὴν
1225 3758 1414 3826 σχέσιν
1444 3758 1538 3813 τὴν
1576 3757 1705 3827 πρὸς
1749 3757 1804 3806 τό

194 3835 246 3889 ἕν
334 3837 374 3908 ᾧ
447 3841 806 3912 τυγχάνουσιν
881 3839 1198 3917 ἐνεργοῦντες
1267 3839 1440 3901 δηλοῖ.
1493 3843 1808 3916 Ἐμπλέουσι

202 3930 309 3999 γὰρ
366 3931 458 3980 καὶ
494 3927 782 3984 ἐνοικοῦσιν
833 3929 1168 4000 ἀκούσαντες,
1221 3936 1279 3986 τὸ
1331 3935 1528 4006 σκάφος
1571 3938 1660 3986 καὶ
1711 3938 1805 3992 τὴν

202 4017 380 4070 οὶκίαν
428 4018 581 4080 εύθὰς
622 4018 953 4095 ἐπενοήσαμεν.
1011 4025 1157 4076 Κατὰ
1196 4025 1286 4096 μὲν
1344 4020 1432 4076 οὖν
1486 4028 1580 4083 τὴν
1627 4030 1804 4084 κοινὴν

191 4117 429 4182 χρῆσιν,
462 4111 492 4167 η
523 4112 652 4185 πρὸς
701 4108 922 4175 ἀλλήλας
971 4111 1138 4165 αὐτῶν
1185 4108 1413 4188 διαφορὰ
1449 4116 1686 4185 τοιαύτη,
1717 4114 1806 4168 καὶ

187 4196 276 4250 ἐπὶ
306 4197 483 4250 πλεῖον
521 4198 580 4250 ἂν
625 4200 736 4271 (35)
785 4203 1010 4277 εὑρεθείη
1051 4206 1195 4276 παρὰ
1239 4211 1337 4256 τῶν
1381 4203 1685 4276 φιλοπόνων.
1728 4204 1804 4257 Ού

187 4289 292 4360 γὰρ
353 4287 469 4360 ἐμοὶ
515 4289 686 4361 σχολὴ
744 4293 808 4344 τὰ
853 4297 971 4367 περὶ
1019 4300 1118 4346 τῶν
1180 4293 1446 4347 συλλαϐῶν
1505 4294 1791 4358 ἐξετάζειν.

194 4377 344 4430 Ἐπεὶ
385 4377 477 4430 οὖν
525 4375 796 4434 δέδεικταε
851 4385 881 4440 ἡ
938 4385 1030 4435 σὺν
1088 4383 1424 4457 εὐσημότατα
1464 4380 1804 4439 ἀποδιδοῦσα

192 4476 289 4531 τῆς
335 4474 616 4541 συναφείας
656 4475 760 4530 τὴν.
797 4474 1010 4541 ἔννοιαν,
1059 4475 1286 4545 γενέσθω
1324 4476 1444 4548 ύμῖν
1497 4472 1800 4546 ἔνσπονδος,

190 4559 234 4610 εἰ
270 4554 442 4629 δοκεῖ,
480 4565 568 4613 καὶ
611 4564 890 4617 παύσασθε
925 4570 1017 4616 τοῦ
1070 4564 1306 4637 χαλεποῦ
1353 4561 1484 4640 πρὸς
1514 4565 1675 4625 αὐτὴν
1711 4572 1800 4621 καὶ

193 4647 507 4726 ἀκηρύκτου
535 4651 786 4725 πολέμου.
822 4653 1002 4728 Ὀμως
1029 4659 1206 4728 μέντοι
1235 4655 1399 4719 οὕτως
1424 4656 1656 4731 εὐσήμου
1687 4660 1800 4730 (36)

259 4793 308 4829 τε
340 4793 518 4852 Joan.
544 4812 666 4870 xiv,
688 4799 777 4856 23.
855 4797 901 4836 7°
925 4801 1100 4859 Joan.
1130 4815 1185 4872 x,
1213 4803 1300 4857 30.

194 5011 212 5022 .
257 4939 376 5008 (31)
410 4937 657 5022 ’_Ail’o53
681 4947 771 5022 xui
799 4946 903 4996 τόν.
956 4945 1042 5002 Ita
1088 4947 1230 5022 Reg.
1279 4945 1606 5002 secundus.
1643 4946 1793 5003 Editi

187 5016 324 5082 ὅμως
350 5018 440 5098 καὶ
472 5017 580 5097 τόν.
615 5016 880 5079 Quatuor
900 5032 1048 5071 mss.
1075 5017 1278 5073 minus
1302 5023 1581 5075 accurate
1601 5025 1794 5092 χρήσι-

189 5103 304 5142 μον,
330 5103 419 5134 και
447 5102 559 5140 τον,

184 5135 194 5152 ³
253 5135 374 5224 (ᾖὲ)
407 5135 732 5209 Ἀπαῖὑστου.
764 5158 856 5216 Sic
894 5159 1126 5216 dudum
1169 5160 1401 5217 monuit
1432 5162 1790 5219 Ducausle-

187 5226 465 5295 gendum
495 5244 626 5284 esse
658 5245 730 5285 ex
759 5246 882 5286 uno
911 5232 1093 5287 veteri
1132 5233 1360 5288 codice.
1392 5233 1616 5289 Eadem
1642 5235 1789 5290 scri-

185 5304 372 5384 ptura
382 5299 728 5384 ip_quatupr
749 5301 880 5384 aliis
900 5319 1050 5360 mss.
1069 5305 1491 5384 reperta._Editi
1506 5307 1594 5384 ἀπ’
1607 5307 1786 5362 αὐτοῦ.

188 5369 592 5499 Οέέ)”Εᾶτιν
623 5369 771 5425 ἰδεῖν.
815 5376 912 5431 Hae
951 5369 1157 5433 voces'
1181 5375 1401 5432 additae
1432 5393 1504 5434 ex
1536 5379 1674 5449 Reg.
1703 5395 1792 5433 sec

256 5484 682 5597 ὕῖῖΊ-ῑκμιχοις.
731 5517 822 5577 Sic
858 5535 1006 5577 mss.
1039 5519 1276 5597 codices
1307 5523 1365 5578 et
1404 5520 1607 5597 prima
1637 5521 1789 5597 Basi:

256 5535 378 5597 εόη
431 5535 682 5579 ικεινοις.
731 5535 822 5577 διο
858 5535 1006 5577 mss.
1039 5535 1276 5578 coaices
1307 5535 1365 5578 et
1452 5537 1607 5580 rima
1639 5535 1789 5578 uasr—

187 5581 410 5668 13812!ng
441 5586 648 5668 editio,
679 5605 888 5668 proco
917 5591 1087 5666 quod
1116 5598 1241 5651 erat
1260 5592 1323 5651 in
1352 5535 1491 5651 edit.
1520 5593 1709 5664 Paris,
1736 5596 1792 5652 et

189 5657 365 5718 Basil.
407 5657 701 5720 secunda
713 5660 912 5738 ἐκείνῳ.

1913 3217 2227 3291 poralibus
2257 3217 2586 3274 intervallis
2645 3216 2857 3274 Filium
2895 3231 2932 3273 a
2961 3218 3150 3284 Patre,
3177 3218 3235 3270 et
3287 3212 3575 3285 Spiritum

1916 3312 2195 3364 sanctum
2222 3323 2258 3364 a
2286 3307 2426 3363 Filio
2457 3305 2822 3362 distrahunt.

1986 3401 2074 3454 60.
2138 3396 2432 3453 Caeterum
2483 3413 2520 3453 a
2560 3395 2800 3468 syllaba
2848 3396 2911 3451 in
2964 3410 3036 3452 eo
3064 3393 3329 3452 maxime
3353 3391 3573 3463 differt,

1914 3487 2079 3562 quod
2111 3487 2457 3560 praepositio
2485 3502 2620 3542 cum
2659 3490 2934 3542 mutuam
2966 3483 3456 3556 conjunctionem
3478 3497 3574 3538 eo-

1913 3595 2050 3635 rum
2075 3577 2180 3650 qui
2211 3579 2614 3633 communiter
2643 3575 2871 3648 aliquid
2904 3578 3094 3646 agunt
3120 3573 3380 3637 exhibet,
3410 3570 3576 3628 velut

1915 3664 2474 3737 connavigantium,
2518 3669 2626 3722 aut
2670 3664 3171 3735 cohabitantium,
3200 3668 3305 3720 aut
3332 3660 3572 3734 quidvis

1916 3753 2083 3810 aliud
2109 3755 2511 3811 communiter
2531 3753 2963 3827 perﬁcientium
2991 3770 3004 3809 :
3041 3758 3102 3810 at
3131 3749 3479 3824 praepositio
3510 3749 3573 3804 in

1916 3845 2185 3901 declarat
2213 3844 2563 3902 relationem
2613 3844 2692 3902 ad
2728 3844 2791 3900 id
2820 3844 2880 3900 iu
2907 3859 3028 3917 quo
3060 3846 3200 3899 sunt
3228 3843 3570 3914 operantes.

1919 3933 2226 4006 Siquidem
2256 3950 2396 3990 cum
2427 3933 2734 4005 audimus,
2766 3934 3151 4004 innavigant,
3195 3934 3300 3989 aut
3343 3928 3575 3985 inhabi-

1917 4030 2086 4096 tant;
2115 4024 2386 4098 protinus
2433 4026 2772 4097 cogitamus
2822 4023 3115 4096 scapham
3149 4027 3252 4080 aut
3290 4021 3569 4077 domum.

1917 4114 2122 4187 Itaque
2135 4115 2310 4186 juxta
2331 4131 2723 4172 communem
2745 4131 2853 4170 usu
2864 4114 3172 4182 m,harum
3194 4110 3572 4184 syllabarum

1915 4199 2049 4257 talis
2075 4206 2167 4257 est
2191 4201 2346 4257 inter
2371 4201 2536 4274 ipsas
2581 4200 2937 4262 ditl‘erentia.
2971 4199 3286 4270 majorque
3313 4194 3571 4252 inveniri

1914 4291 2130 4363 poterit
2178 4306 2214 4347 a
2266 4291 2573 4348 studiosis.
2628 4292 2833 4362 Neque
2888 4289 3048 4346 enim
3100 4287 3248 4343 mihi
3285 4290 3462 4342 vacat
3489 4283 3566 4340 de

1911 4381 2139 4438 ratione
2179 4381 2557 4454 syllabarum
2581 4380 2911 4453 exquirere.
2938 4378 3231 4445 Quoniam
3257 4376 3438 4448 igitur
3466 4375 3568 4430 de-

1910 4477 2316 4529 monstratum
2345 4477 2435 4530 est
2463 4471 2953 4546 praepositionem
2979 4486 3112 4526 cum
3143 4465 3566 4539 signiﬁcantis-

1911 4563 2062 4620 sime
2092 4563 2343 4620 reddere
2393 4562 2833 4635 conjunctionis
2884 4559 3355 4631 intelligentiam,
3384 4556 3562 4614 indu-

1910 4653 2034 4711 cias
2053 4670 2091 4712 a
2119 4650 2379 4726 vobis§si
2398 4651 2967 4724 videtur,impetret,
2997 4667 3067 4710 ac
3094 4650 3359 4707 desistite
3392 4653 3563 4706 atrox

1977 4943 2089 5014 (35)
2117 4942 2229 4996 Ἐπὶ
2259 4943 2427 4999 πλεῖον
2453 4945 2534 4996 οἷν.
2569 4946 2654 5000 lta
2705 4957 2854 4998 mss.
2901 4944 3040 4998 tres.
3085 4939 3248 4997 Alius
3282 4943 3356 4993 ἔτι
3385 4939 3554 4992 πλέον.

1903 5015 2127 5089 Εάἱιίγεί
2150 5036 2201 5089 τι
2227 5015 2374 5070 πλέον
2401 5018 2649 5089 ,εὑρεθείηἼ

1974 5088 2083 5158 (36)
2114 5088 2382 5160 Εύσὴμου.
2401 5086 2686 5154 Quamvis
2715 5088 2844 5143 haec
2868 5086 3164 5159 scriptura
3193 5103 3266 5142 ex
3289 5103 3409 5160 uno
3432 5093 3556 5144 tau-

1903 5164 2032 5214 tum
2064 5163 2232 5215 eruta
2263 5159 2338 5216 Sit
2365 5162 2569 5216 codice
2601 5177 2721 5218 ms.
2741 5203 2754 5228 ,
2778 5176 2914 5215 eam
2945 5164 3148 5215 tamen
3181 5159 3553 5231 prgetulimus

1899 5231 2160 5305 vulgatae
2207 5231 2454 5305 εύρήμου,
2508 5232 2647 5305 boni
2675 5234 2904 5301 ominis,
2958 5236 3020 5305 ut
3049 5230 3218 5305 vertit
3249 5230 3550 5305 Erasmus.

1903 5305 2029 5358 Non
2053 5302 2149 5357 hic
2171 5302 2369 5377 agitur
2398 5321 2586 5377 quam
2624 5303 3010 5377 boniominis
3044 5302 3117 5357 sit
3141 5302 3242 5377 illa
3277 5303 3551 5377 vox,_sed

1901 5389 2088 5456 quam
2102 5372 2246 5456 apta
2271 5376 2348 5432 ad
2371 5372 2861 5456 significandum.
2879 5377 3019 5430 llmc
3041 5373 3223 5456 paulo
3237 5377 3373 5427 ante
3395 5372 3553 5456 dice-

1899 5445 2006 5520 bat
2037 5445 2284 5520 Basilius
2313 5445 2452 5504 eam
2479 5450 3014 5520 sz'gnz'ﬁcantz'sszmc
3034 5445 3284 5520 reddere
3302 5447 3540 5520 c_onj_un-

1901 5519 2115 5574 ctiom’s
2161 5514 2644 5596 intelligentiam;
2698 5519 2923 5596 Ibidem
2981 5514 3138 5569 male
3191 5514 3552 5596 inuiduobus

1901 5590 2282 5667 φεεκτῆςλίν,
2309 5590 2499 5667 φωνῆς.
2534 5595 2664 5667 Non
2686 5593 2846 5648 enim
2888 5590 3440 5667 depraepositione,
3487 5590 3553 5645 in

1901 5661 2167 5735 loquitur
2190 5661 2467 5738 Basilius,
2495 5664 2601 5723 sed
2631 5663 2704 5722 de
2730 5661 3157 5739 prmpositione
3179 5674 3334 5720 cum.
