4070 6194
514 329 615 382 179

1879 331 1936 384 S.
1979 328 2226 385 BASILII
2285 329 2508 384 MAGNI

3787 333 3898 384 180

513 454 570 505 et
598 447 983 522 implacabile
1012 449 1237 505 bellum
1259 466 1397 506 cum
1427 449 1529 506 illa
1557 465 1778 520 gerere.
1815 451 1929 507 Sed
1958 456 2162 508 tamen

2294 461 2379 513 τῆς
2407 462 2568 525 φωνῆς
2597 455 2968 526 ὑπαρχούσης,
2999 457 3042 505 εἴ
3070 473 3137 524 τῳ
3167 452 3304 524 φίλον
3331 451 3378 503 ἐν
3420 449 3740 523 ὃοξολογίαις
3769 455 3898 523 (37)

513 538 794 611 quamvis
825 538 953 594 haec
981 555 1097 594 vox
1126 544 1247 595 tam
1287 539 1394 610 51
1436 543 1578 611 apta
1617 540 1690 596 sit
1715 541 1792 595 ad
1825 541 2179 610 signiﬁcan-

513 627 684 695 dum,
734 628 780 683 si
830 627 924 683 cui
955 627 1119 683 cordi
1146 627 1318 682 fuerit
1363 629 1422 683 in
1473 628 2010 698 glorificationibus
2073 648 2181 704 per

515 717 813 789 syllabam
835 724 889 774 cl
912 717 1162 772 nomina
1182 724 1538 774 connectere
1566 722 1622 774 et
1646 719 2002 789 glorificare,
2032 738 2180 793 que-

516 805 913 862 madmodum
963 806 1024 861 in
1078 806 1458 876 Evangeliis,
1510 807 1612 863 ubi
1668 808 1741 863 de
1805 809 2176 882 baptismate

514 895 1102 953 didicimus.Patrem
1120 900 1176 952 et
1199 895 1410 951 Filium
1442 901 1496 954 et
1529 897 1812 970 Spiritum
1848 904 2132 955 sanctum
2165 917 2178 966 ;

515 983 695 1038 etiam
725 983 805 1038 ita
839 983 958 1044 fiat.
999 1000 1180 1040 nemo
1211 985 1694 1050 contradicturus
1741 993 1848 1043 est.
1883 991 2001 1044 Hac
2034 1005 2143 1044 con

515 1071 760 1140 ditione,
816 1072 864 1126 si
913 1071 1167 1140 videtur,
1199 1073 1349 1130 inter
1401 1090 1512 1130 nos
1544 1077 2017 1134 consentiamus.
2064 1078 2176 1134 Sed

516 1161 607 1217 isti
639 1161 810 1218 citius
857 1163 1183 1234 abjecerint
1239 1163 1502 1235 linguas,
1536 1182 1726 1239 quam
1779 1168 1937 1224 hanc
1963 1185 2176 1226 vocem

513 1251 826 1324 recipiant.
857 1256 976 1309 Hoc
1005 1253 1188 1320 igitur
1217 1258 1325 1320 est,
1375 1255 1543 1327 quod
1586 1257 1763 1313 nobis
1817 1259 2177 1315 acerrimum

515 1356 586 1396 ac
611 1341 1101 1398 irreconciliabile
1127 1341 1349 1398 bellum
1371 1345 1604 1400 excitat.
1622 1349 1683 1401 In
1707 1347 1925 1418 Spiritu
1941 1355 2174 1417 sancto,

514 1430 817 1502 inquiunt,
871 1430 1078 1488 danda
1125 1437 1214 1488 est
1266 1432 1455 1501 gloria
1516 1437 1654 1505 Deo,
1697 1451 1820 1492 non
1878 1442 2082 1494 autem
2115 1444 2171 1494 et

519 1519 763 1591 Spiritui
796 1537 807 1574 :
845 1525 1025 1592 atque
1055 1522 1343 1578 acerrime
1375 1523 1514 1579 huic
1557 1524 1690 1581 voci
1717 1529 2013 1599 tanquam
2045 1528 2174 1600 Spi-

515 1608 697 1664 ritum
725 1609 1084 1682 deprimenti
1137 1611 1576 1669 adhaerescunt.
1616 1617 1693 1670 De
1739 1631 1863 1688 qua
1892 1633 2015 1672 non
2048 1619 2178 1674 inu-

516 1697 613 1754 tile
639 1698 814 1754 fuerit
838 1699 1126 1772 prolixius
1155 1700 1372 1757 dicere.
1397 1704 1538 1767 Quae
1565 1719 1705 1759 cum
1729 1705 2029 1762 audierint
2058 1707 2175 1774 isti,

2291 551 2350 614 τῇ
2380 549 2470 594 καὶ
2515 543 2743 615 συλλαϐῇ
2789 539 2995 595 συνδεῖν
3026 546 3090 594 τα
3128 542 3359 614 ὀνόματα
3406 547 3494 594 καὶ
3526 539 3786 607 δοξάζειν,
3822 546 3893 603 ὡς

2293 630 2339 683 ἐν
2389 631 2719 703 Εὖαγγελίοις
2771 631 2854 684 ἐπὶ
2917 639 3007 683 τοῦ
3067 630 3437 703 βαπτίσματος
3488 633 3888 703 μεμαθήκαμεν,

2295 727 2502 796 Πατέρα
2543 729 2633 774 καὶ
2682 727 2796 774 Υίόν
2845 728 2934 774 καὶ
2987 723 3134 793 άγιον
3191 729 3438 794 11νεῡμα’
3467 726 3556 773 καί
3586 723 3892 793 οὖτωγινέ-

2296 813 2425 879 σθω,
2481 809 2656 873 οὐδεὶς
2707 811 2920 886 ἀντερεῖ.
2983 811 3098 864 Ἐπὶ
3155 814 3378 876 τούτοις,
3437 811 3479 863 εἰ
3538 807 3684 862 δοκεῖ
3719 830 3890 862 κατα-

2295 903 2518 974 θώμεθα.
2561 901 2714 954 Ἀλλά
2764 904 2853 962 τας
2907 900 3154 972 γλώσσας
3208 899 3266 952 ἆν
3325 905 3565 975 πρόοιντο
3608 899 3817 972 μᾶλλον,
3855 901 3886 957 ἦ

2293 995 2380 1048 την
2421 1010 2588 1062 φωνην
2628 995 2822 1048 ταύτην
2869 986 3124 1052 δέξαιντο.
3178 997 3342 1042 Τοῦτο
3394 993 3483 1061 μὲν
3533 985 3620 1041 οὖν
3670 987 3830 1058 ἐστιν,
3868 989 3894 1040 ὃ

2291 1083 2376 1132 τόν
2408 1078 2700 1152 ἀκήρυκτον
2730 1082 2854 1152 ἡμῖν
2901 1085 2991 1131 καὶ
3045 1075 3310 1131 ἄσπονδον
3360 1077 3574 1150 πόλεμον
3607 1077 3884 1150 ἐπεγείρει.

2297 1169 2374 1221 Ἐν
2431 1177 2503 1239 τῷ
2554 1171 2855 1240 ΙΙνευματι,
2911 1173 3070 1240 φησι,
3120 1176 3191 1238 τῷ
3243 1167 3376 1238 ἁγίῳ
3437 1171 3530 1224 τὴν
3585 1163 3892 1237 δοξολογίαν

2293 1255 2574 1310 ἀποδοτέον
2606 1266 2676 1327 τῷ
2711 1267 2842 1329 Θεῷ,
2876 1258 3004 1329 ουχὶ
3031 1254 3090 1310 δε
3118 1261 3208 1309 καὶ
3237 1265 3308 1327 τῷ
3346 1259 3635 1329 ΙΙνεύματιο
3680 1261 3769 1307 καὶ
3801 1255 3891 1306 ἐκ-

2295 1349 2562 1419 Θυμότατα
2624 1355 2716 1406 τῆς
2778 1356 2943 1418 φωνῆς
3003 1349 3200 1407 ταύτης
3246 1348 3310 1405 ὡς
3349 1355 3718 1416 ταπεινωτικῆς
3777 1346 3893 1413 (38)

2290 1446 2381 1490 τοῦ
2441 1440 2736 1509 ΙΙνεύματος
2776 1442 3124 1510 περιέχονται.
3177 1441 3304 1510 Περὶ
3354 1437 3416 1495 ἧς
3468 1435 3562 1486 ουκ
3611 1437 3891 1509 ἄχρηστον

2289 1531 2377 1578 καὶ
2434 1521 2527 1578 δια
2586 1529 2915 1601 μακροτέρων
2969 1525 3146 1579 εἰπεῖν.
3212 1526 3306 1576 Ὧν
3344 1524 3655 1584 ἀκούσαντες
3719 1525 3888 1588 οὗτοι,

2292 1617 2653 1688 θαυμάσαιμεν
2686 1614 2765 1680 ἀν,
2819 1615 2862 1667 εἰ
2913 1619 2984 1686 μὴ
3032 1618 3100 1676 ὡς
3145 1610 3396 1688 προδότιν
3429 1613 3605 1681 αὐτὴν,
3638 1619 3727 1665 καὶ
3757 1632 3894 1688 προς

2287 1708 2380 1762 τὴν
2431 1711 2520 1756 τοῦ
2581 1708 2874 1776 ΙΙνευματος
2940 1700 3096 1766 δόξαν
3165 1701 3557 1775 αὐτομολοῦσαν
3610 1706 3890 1775 ἀποκηρυ-

512 1785 881 1856 demirabor,
915 1789 1114 1845 sinon
1144 1805 1280 1845 eam
1313 1794 1377 1845 ut
1406 1791 1794 1863 proditricem
1835 1799 1892 1850 et
1936 1795 2014 1850 ad
2046 1796 2174 1868 Spi-
2211 1803 2249 1856 Β
2291 1793 2467 1855 ξωσιν.

511 1875 658 1933 ritus
689 1876 944 1947 gloriam
976 1877 1129 1934 ultro
1160 1878 1538 1950 transfugam
1569 1882 1999 1954 repudiabuut.

1116 2023 1350 2080 CAPUT
1386 2026 1565 2081 XXVI.

515 2129 667 2197 Quot
697 2131 884 2186 modis
904 2131 1132 2188 dicitur
1153 2154 1181 2184 ‹‹
1207 2133 1290 2196 in,
1309 2153 1335 2181 »
1363 2133 1599 2215 totidem
1625 2135 1811 2191 modis
1839 2137 1910 2193 de
1941 2138 2172 2208 Spiritu

1250 2219 1469 2274 ασσιρι.

584 2349 676 2400 61.
725 2344 863 2401 Mihi
911 2345 1094 2416 igitur
1134 2347 1545 2406 consideranti
1588 2350 1842 2419 videtur,
1883 2353 1991 2408 etsi
2039 2355 2180 2410 sim-

508 2433 645 2506 plex
698 2450 768 2490 ac
816 2434 1014 2490 brevis
1069 2440 1159 2492 est
1207 2436 1389 2508 hujus
1444 2439 1685 2511 syllabae
1747 2443 2174 2515 pronuntiatio,

509 2522 703 2578 multa
749 2528 808 2578 et
852 2524 1022 2580 varia
1066 2540 1176 2597 per
1233 2542 1368 2583 eam
1430 2528 1776 2598 signiﬁcari.
1811 2531 1964 2594 Quot
2015 2533 2177 2590 enim

509 2611 708 2668 modis
738 2611 954 2668 dicitur
985 2615 1068 2680 in,
1101 2614 1348 2671 totidem
1399 2617 1599 2673 modis
1648 2618 1994 2676 invenimus
2041 2637 2177 2678 eam

511 2699 810 2771 syllabam
841 2702 1240 2774 conceptibus
1273 2703 1349 2760 de
1390 2706 1608 2777 Spiritu
1635 2707 1997 2766 subservire.
2028 2713 2178 2766 Nam

510 2787 707 2846 forma
736 2790 956 2847 dicitur
1001 2809 1131 2849 esse
1185 2793 1247 2849 in
1282 2796 1557 2861 materia,
1605 2801 1664 2853 et
1693 2799 1962 2870 potentia
2015 2801 2076 2856 in
2107 2816 2178 2857 eo

509 2879 679 2950 quod
708 2880 839 2950 ejus
869 2896 1063 2952 capax
1109 2887 1218 2952 est,
1271 2888 1326 2940 et
1369 2884 1612 2942 habitus
1637 2887 1697 2942 in
1724 2903 1795 2944 eo
1834 2889 1938 2961 qui
1964 2906 2176 2946 secun-

511 2967 660 3023 dum
724 2968 894 3024 illum
947 2969 1198 3026 affectus
1255 2978 1363 3040 est,
1419 2974 1659 3048 aliaque
1715 2977 1898 3049 hujus
1943 2979 2178 3048 generis

510 3057 724 3117 multa.
786 3063 992 3132 Itaque
1059 3065 1362 3134 quatenus
1434 3065 1681 3136 Spiritus
1751 3073 1995 3124 sanctus
2053 3070 2175 3125 vim

2825 2032 3214 2081 ΚΕΦΑΛΑΙΟΝ
3260 2034 3342 2090 Κς-
3363 2069 3375 2080 .

2322 2135 2442 2187 Ὀτι
2464 2135 2680 2207 ὁσαχῶς
2708 2133 2910 2206 λέγεται
2948 2139 3005 2186 τὸ
3034 2157 3060 2183 ‹‹
3095 2133 3162 2207 ἐν,
3201 2141 3606 2207 »τοσαυταχῶς
3646 2137 3734 2184 καὶ
3768 2131 3858 2184 ἐπὶ

2699 2204 2788 2257 τοῦ
2821 2209 3121 2278 ΙΙνε-ἇματος
3145 2204 3478 2278 λαμλάνεται.

2361 2353 2449 2405 61.
2510 2349 2654 2421 Ἐμοὶ
2711 2353 2878 2400 τοίνυν
2937 2351 3273 2420 σκοπουμένῳ
3332 2343 3519 2414 δοκεῖ,
3577 2345 3744 2406 ἁπλῆς
3802 2351 3896 2396 καὶ

2293 2441 2550 2510 συντόμου
2589 2445 2682 2498 τῆς
2735 2435 3068 2510 ἐκφωνήσεως
3108 2441 3291 2503 ου’σης,
3344 2435 3506 2488 πολλὰ
3554 2439 3643 2486 καὶ
3678 2433 3896 2486 ποικῦα

2291 2525 2419 2579 εἶναι
2458 2530 2522 2578 τα
2570 2523 2642 2578 δι’
2697 2526 2858 2587 αὐτῆς
2901 2532 3276 2598 σημαινόμενα.
3308 2525 3552 2596 Ὀσαχῶς
3597 2525 3696 2597 γὰρ
3741 2523 3893 2592 λεγε-

2287 2635 2372 2667 ται
2415 2618 2502 2667 τόν
2553 2615 2622 2681 ἐν,
2684 2612 3034 2686 τοσαυταχῶς
3099 2616 3402 2688 εὑρίσκομεν
3456 2620 3568 2672 ταῖς
3632 2617 3750 2686 περὶ
3798 2618 3895 2663 τοῦ

2290 2708 2589 2776 Πνεύματος
2635 2703 2847 2765 ἐννοίαις
2896 2706 3328 2778 ὑπηρετουμενον.
3388 2707 3611 2773 Λέγεται
3672 2705 3759 2773 μιν
3803 2697 3895 2752 οὖν

2288 2798 2344 2846 τὸ
2398 2789 2537 2856 εἶδος
2585 2792 2632 2845 ἓν
2690 2801 2750 2864 τῇ
2813 2793 2905 2865 ὕλη
2972 2789 3119 2859 εἶναι,
3153 2797 3243 2844 καὶ
3276 2795 3304 2851 ἡ
3357 2789 3581 2864 δύναμις
3627 2790 3673 2842 ἐν
3700 2799 3771 2860 τῷ
3805 2786 3893 2842 δε-

2287 2890 2466 2951 κτικῷ,
2509 2886 2598 2932 καὶ
2642 2883 2670 2938 ἡ
2719 2881 2823 2942 ἕξις
2851 2880 2900 2931 ἓν
2950 2888 3020 2950 τῷ
3064 2880 3176 2932 κατ’
3210 2880 3371 2938 αὐτὴν
3413 2877 3742 2951 διακειμένῳ,
3801 2883 3896 2929 καὶ

2288 2971 2449 3022 πολλὰ
2507 2977 2740 3022 τοιαῦτα.
2797 2969 3040 3036 Οὐκοῦν,
3107 2971 3238 3022 καθὸ
3301 2973 3392 3041 μεν
3452 2968 3770 3021 τελειωτικόν
3830 2965 3896 3018 τό

2287 3060 2433 3132 οἷγιον
2491 3063 2702 3132 Πνεῦμα
2758 3068 2858 3112 τῶν
2911 3059 3132 3130 λογικῶν
3165 3102 3178 3126 ,
3233 3057 3520 3134 ἀπαρτίζον
3583 3058 3750 3110 αὐτῶν
3797 3061 3898 3114 τήν

511 3148 695 3204 habet
738 3149 1096 3221 perficiendi
1149 3158 1489 3210 creaturam
1541 3157 1922 3227 rationalem,
1971 3158 2176 3216 absol-

2294 3148 2572 3222 ἀκρότητα,
2606 3148 2662 3202 τό
2719 3158 2810 3201 τοῦ
2857 3145 3027 3209 εἴδους
3078 3147 3230 3220 λόγον
3276 3148 3475 3220 ἐπέχει.
3522 3148 3580 3199 Ὀ
3643 3149 3740 3222 γὰρ
3785 3167 3898 3219 μη-

512 3251 661 3291 vens
720 3236 879 3292 illius
933 3237 1263 3313 fastigium,
1325 3241 1536 3299 formae
1586 3246 1884 3302 rationem
1926 3247 2174 3305 obtinet.

515 3327 661 3379 Nam
694 3326 798 3396 qui
839 3326 968 3396 jam
1020 3345 1143 3384 non
1194 3331 1336 3387 vivit
1383 3333 1720 3390 secundum
1751 3351 2019 3405 carnem,
2071 3337 2179 3392 sed

514 3411 733 3483 Spiritu
789 3413 890 3468 Dei
949 3416 1170 3486 agitur,
1219 3434 1289 3501 ac
1344 3419 1519 3476 Filius
1571 3423 1670 3478 Dei
1721 3423 2089 3492 nominatur,
2123 3430 2181 3482 et

515 3500 846 3557 conformis
871 3503 1120 3575 imagini
1153 3500 1272 3561 Filii
1330 3509 1428 3564 Dei
1477 3509 1668 3566 factus
1697 3516 1807 3579 est,
1851 3513 2178 3585 spiritualis

517 3590 752 3647 dicitur.
803 3594 868 3648 Et
919 3593 1072 3650 sicut
1110 3597 1396 3652 cernendi
1447 3598 1537 3653 vis
1584 3605 1675 3656 est
1704 3601 1763 3656 in
1795 3602 1970 3657 oculo
2003 3619 2175 3670 sano,

519 3682 602 3738 sic
661 3682 934 3755 operatio
988 3684 1240 3756 Spiritus
1300 3685 1362 3741 in
1393 3687 1599 3744 anima
1645 3696 1925 3761 purgata.
1976 3695 2177 3764 quue

519 3771 740 3828 Paulus
771 3777 940 3846 optat
988 3774 1278 3847 Ephesiis,
1306 3781 1370 3832 ut
1415 3777 1624 3834 oculos
1664 3779 1931 3836 habeant
1958 3780 2178 3838 illumi-

519 3867 695 3918 natos
730 3863 791 3918 in
853 3861 1072 3936 Spiritu
1123 3865 1514 3937 sapientiae“.
1561 3869 1626 3923 Et
1659 3871 2177 3940 quemadmodum

521 3967 620 4007 ars
668 3957 761 4008 est
812 3953 873 4008 in
929 3970 1000 4010 eo
1055 3956 1159 4026 qui
1218 3955 1380 4012 illam
1435 3955 1689 4029 adeptus
1720 3964 1828 4027 est,
1863 3959 1942 4017 ita
1991 3961 2180 4032 gratia

524 4040 776 4112 Spiritus
811 4042 870 4096 in
902 4058 973 4098 eo
1021 4044 1124 4115 qui
1170 4045 1393 4117 recepit
1440 4061 1597 4112 eam,
1653 4063 1894 4121 semper
1930 4050 2178 4123 quidem

521 4145 812 4203 praesens,
859 4138 920 4188 at
964 4149 1088 4188 non
1140 4141 1431 4206 perpetuo
1483 4153 1766 4209 operans.
1798 4140 1948 4195 Nam
1981 4147 2039 4196 et
2083 4157 2181 4197 ars

520 4219 788 4291 potentia
832 4221 1081 4293 quidem
1137 4229 1224 4278 est
1267 4223 1327 4278 in
1359 4225 1620 4293 artitice;
1655 4231 1791 4282 actu
1831 4243 1974 4285 vero
2028 4236 2178 4299 tum,

522 4324 661 4364 cum
713 4311 1047 4366 secundum
1102 4311 1266 4368 illam
1307 4319 1593 4385 operatur
1628 4333 1639 4370 :
1670 4315 1875 4374 itidem
1931 4319 2181 4391 Spiritus

523 4415 760 4472 semper
784 4400 1031 4473 quidem
1074 4401 1245 4457 adest
1287 4402 1512 4473 dignis,
1548 4405 1653 4460 sed
1694 4414 1978 4479 operatur
2008 4413 2185 4482 prout

2286 3242 2563 3291 κέτικατα
2595 3241 2768 3312 σάρκα
2809 3239 2932 3305 ζων,
2995 3236 3124 3290 ἀλλὰ
3182 3240 3449 3310 ΙῙνεύματι
3508 3245 3642 3290 Θεοῦ
3710 3235 3900 3308 ἀ⁹ίόέιε’

2286 3350 2391 3393 νος,
2440 3334 2529 3381 καὶ
2578 3330 2684 3389 υἱός
2734 3335 2866 3380 Θεοῦ
2905 3328 3280 3401 χρηματίζων,
3338 3333 3428 3379 καὶ
3477 3330 3778 3402 σύμμορφος
3804 3336 3902 3387 ’ἧς

2288 3419 2478 3480 εἰκόνος
2531 3427 2622 3471 τοῦ
2681 3420 2806 3471 Υἰοὺ
2870 3425 2961 3469 τοῦ
3013 3425 3148 3470 Θεοῦ
3209 3421 3493 3490 γενόμενος,
3544 3416 3902 3489 πνευματικός

2287 3510 2624 3582 ὀνομάζεται.
2668 3513 2770 3562 Καὶ
2808 3511 2876 3570 ὡς
2907 3511 2936 3566 ἡ
2989 3505 3208 3581 δύναμις
3243 3515 3334 3560 τοῦ
3373 3510 3496 3584 apag»
3530 3507 3576 3559 ἐν
3609 3515 3679 3578 τῷ
3723 3509 3905 3578 ὑγιαί-

2285 3618 2422 3650 νοντι
2471 3598 2738 3670 ὀφθαλμῷ,
2799 3599 2961 3659 οὕτως
3008 3599 3037 3656 ἠ
3090 3596 3319 3672 ἐνέργεια
3355 3605 3447 3650 τοῦ
3488 3600 3790 3670 Ιῐνευματος
3847 3596 3901 3648 ἓν

2287 3696 2347 3759 τῇ
2382 3689 2735 3763 κεκαθαρμένη
2771 3686 2950 3758 ψυχῆ.
2990 3691 3087 3740 Λιὸ
3135 3692 3225 3739 καὶ
3277 3687 3476 3747 Παῦλος
3502 3691 3717 3759 εὔχεται
3744 3688 3901 3762 Ἐφε-

2289 3781 2440 3842 σίοις,
2497 3780 2920 3848 πεφωτισμένους
2975 3776 3268 3849 ὀφθαλμοὺς
3333 3775 3499 3828 αὐτῶν
3539 3774 3668 3828 εἶναι
3723 3775 3773 3829 ὲν
3823 3787 3904 3849 τῷ

2290 3869 2551 3939 ῐῐνευματι
2577 3875 2672 3926 τῆς
2728 3871 2939 3938 σοφίας.
3003 3871 3102 3919 Καὶ
3134 3868 3204 3927 ὡς
3249 3869 3277 3925 ἡ
3329 3870 3490 3938 τέχνη
3527 3865 3574 3918 ἐν
3612 3875 3682 3938 τῷ
3707 3866 3904 3920 ἀναλα-

2289 3955 2430 4008 ϐόντι
2478 3955 2662 4022 αὐτὴν,
2722 3956 2887 4018 οὕτως
2947 3958 2976 4014 ἠ
3025 3958 3184 4029 χάρις
3235 3962 3328 4008 τοῦ
3379 3959 3672 4029 Πνεύματος
3715 3955 3763 4008 ἕν
3822 3965 3902 4028 τῷ

2289 4043 2676 4118 ὑποδεξαμένῳ,
2730 4043 2807 4097 ἀεὶ
2837 4047 2926 4117 μὲν
2961 4053 3336 4118 συμπαροῦσα,
3380 4045 3507 4117 οὐχι
3539 4042 3599 4098 δὲ
3636 4051 3725 4098 καὶ
3755 4044 3896 4119 ἓνερο

2289 4143 2462 4206 γοῦσα
2511 4132 2787 4194 διηνεκῶς.
2819 4134 2962 4186 Ἐπεὶ
3001 4139 3090 4186 καὶ
3140 4137 3169 4192 ἠ
3223 4138 3383 4206 τέχνη
3435 4131 3655 4206 δυνάμει
3707 4137 3799 4205 μεν
3849 4133 3902 4186 ἐν

2291 4234 2361 4295 τῷ
2392 4229 2603 4295 τεχνίτῃ
2636 4222 2775 4274 ἐστίν
2798 4239 2809 4251 ⁸
2868 4221 3100 4297 ἐνεργείᾳ
3147 4219 3205 4275 δὲ
3253 4227 3388 4289 τότε,
3423 4225 3545 4275 ὅταν
3591 4222 3706 4274 κατ’
3735 4223 3904 4281 αὐτὴν

2291 4312 2498 4384 ἐνεργῇ,
2567 4311 2718 4362 Οὕτω
2771 4316 2861 4363 καὶ
2908 4315 2966 4362 τό
3021 4316 3237 4384 Πνεῦμα
3294 4311 3373 4364 ἀεὶ
3423 4316 3514 4384 μεν
3561 4314 3906 4384 συμπάρεστι

2292 4409 2401 4461 τοῖς
2447 4399 2628 4466 ἀξίοις,
2688 4398 2881 4475 ἐνεργεῖ
2927 4396 2986 4453 δε
3045 4403 3179 4453 κατά
3234 4407 3328 4460 την
3385 4407 3596 4475 χρείαν,
3627 4402 3656 4460 ἦ
3693 4404 3741 4452 ἐν
3773 4421 3906 4475 προ-

523 4505 669 4560 opus
704 4495 806 4552 est,
841 4495 946 4546 aut
975 4491 1034 4545 in
1083 4492 1438 4564 prophetiis,
1475 4499 1578 4550 aut
1627 4495 1688 4550 in
1743 4498 2177 4564 sanationibus,

2294 4490 2611 4563 φητείαις,ἣ
2661 4487 2708 4540 ἐν
2765 4489 3004 4562 ἰάμασιν,
3038 4491 3067 4548 ἦ
3122 4489 3170 4541 ἐν
3227 4489 3398 4552 ἀλλοις
3454 4496 3567 4542 τισὶ
3625 4486 3906 4563 δυνάμεων

527 4578 714 4632 autin
751 4578 881 4635 aliis
929 4580 1361 4637 miraculorum
1391 4585 1863 4655 operationibus.
1897 4589 2185 4643 Praeterea

527 4669 674 4723 sicut
721 4669 779 4723 in
831 4670 1187 4742 corporibus
1219 4676 1307 4727 est
1360 4673 1606 4739 sanitas,
1637 4680 1740 4730 aut
1771 4657 1954 4742 calor,
1978 4681 2081 4732 aut
2125 4677 2184 4732 in

521 4747 738 4827 genere
769 4760 1114 4816 affectiones
1135 4761 1305 4816 facile
1336 4763 1591 4818 mobiles
1621 4783 1632 4831 ;
1680 4765 1762 4820 sic
1804 4771 1860 4821 et
1888 4765 1949 4820 in
1981 4767 2188 4822 anima

523 4847 863 4922 frequenter
905 4855 993 4906 est
1041 4851 1311 4924 Spiritus,
1345 4853 1407 4908 in
1456 4853 1526 4909 iis
1559 4855 1662 4926 qui
1695 4860 1940 4928 propter
1966 4857 2184 4912 mentis

520 4940 974 4997 instabilitatem
1017 4941 1189 4998 facile
1221 4944 1476 5013 gratiam
1504 4951 1816 5018 acceptam
1848 4947 2188 5019 expellunt,

598 5142 642 5174 τῖ
679 5140 896 5213 Ephes.
930 5146 1081 5208 1,17.
1121 5147 1197 5200 18.

590 5337 834 5412 (’37)ΑἸ;ν
870 5335 1208 5412 δοξολογίαις.
1270 5340 1363 5396 Sic
1409 5355 1524 5411 ope
1563 5345 1837 5412 veterum
1897 5342 2183 5399 codicum

519 5409 982 5484 emendavimus
1009 5409 1178 5484 quod,
1205 5427 1389 5483 prave
1419 5409 1478 5466 in
1502 5411 1674 5484 editis
1700 5413 2018 5482 legebatur
2041 5412 2183 5468 ἐνδο-

523 5482 852 5571 ξοζογὴο-αι.λ
885 5482 1250 5541 Νο].ι“ωυὶιῡ
1294 5487 1430 5556 post
1483 5483 1704 5554 Regius
1745 5485 2053 5544 secundus
2084 5491 2180 5546 τήν

523 5571 614 5610 00.;
625 5574 680 5603 αν
714 5570 1015 5610 αποοοτεον.

596 5623 711 5694 (38)
743 5632 1144 5686 Ταπεινωτικῆς.
1196 5625 1287 5682 Sic
1336 5631 1560 5684 veteres
1602 5626 1738 5687 libri
1769 5643 1878 5703 pro
1910 5642 1980 5686 eo
2006 5630 2177 5702 quod

2295 4578 2657 4652 ἐνεργήμασιν.
2706 4578 2821 4630 "lin
2859 4582 2927 4640 ὡς
2982 4578 3030 4630 ἐν
3082 4586 3323 4652 σώμασιν
3377 4581 3568 4650 ὑγίεια,
3625 4581 3653 4638 ἦ
3713 4581 3909 4654 θερμό-

2295 4688 2422 4734 της,
2474 4669 2503 4726 ἡ
2564 4667 2692 4728 ὅλως
2746 4671 2800 4720 αἱ
2853 4669 3111 4726 εὐκίνητοι
3163 4665 3451 4729 διαθέσειςθ
3517 4670 3652 4720 οὕτω
3699 4675 3792 4721 καὶ
3855 4669 3908 4721 ἐν

2296 4756 2448 4828 ψυχῇ
2494 4756 2740 4819 πολλάκις
2787 4759 3018 4830 ὑπάρχει
3050 4762 3106 4809 τό
3163 4764 3393 4830 Πνεῦμα,
3437 4765 3542 4818 τοῖς
3591 4754 3683 4810 διὰ
3725 4761 3786 4810 τὸ
3812 4767 3910 4820 τῆς

2297 4853 2507 4921 γνώμης
2560 4844 2836 4920 ἀνίδρυτον
2885 4847 3121 4919 εὐκόλως,
3153 4848 3214 4907 ην
3270 4843 3510 4911 ἐδέξαντο
3556 4851 3718 4922 χάριν
3763 4847 3911 4901 ἀπω-

2302 4940 2588 5011 θουμένοις,
2620 4943 2691 5010 μὴ
2725 4942 3015 5010 παραμένον
3051 4943 3178 5010 (39),
3211 4939 3318 4999 οἶος
3376 4935 3436 4995 ἦν
3487 4940 3512 4990 ὁ
3565 4937 3748 5005 Σαοὺλ,
3811 4943 3911 4992 καὶ

2295 5346 2421 5414 erat
2449 5342 2506 5396 in
2551 5340 2725 5414 editis
2778 5351 3032 5414 ταπεινῆς.
3083 5342 3212 5399 Mox
3259 5339 3402 5398 editi
3443 5341 3774 5414 οανμάσαιμ’
3810 5344 3902 5396 οἶν.

2295 5412 2777 5494 Reg,_secundiis
2807 5417 2870 5494 ut
2903 5413 2963 5468 in
2988 5419 3181 5494 _t_extu.
3231 5483 3246 5494 .
3275 5483 3312 5494 υ
3339 5483 3376 5494 υ
3547 5412 3551 5414 ν
3707 5485 3747 5494 _
3851 5485 3862 5494 .

2360 5486 2471 5554 (39)
2495 5490 2592 5566 ,Μὴ
2635 5487 2948 5558 παραμένον.
2986 5486 3119 5541 Haec
3171 5483 3542 5566 addidimus.
3579 5499 3663 5566 εξ.
3694 5485 3911 5566 Begio

2289 5555 2575 5623 secundo,
2608 5570 2679 5612 ac
2710 5555 2959 5630 prorsus
3014 5557 3358 5614 necessaria
3409 5560 3550 5614 sunt
3579 5555 3660 5613 ad
3694 5556 3914 5614 Basilii

2288 5642 2554 5685 sensum.
