4102 6194
255 300 360 354 181

249 521 347 563 τοῦ
383 509 582 566 Ἐλδαδ
629 516 720 564 καὶ
759 507 968 566 Μωδαδ
1009 515 1234 574 (τούτοις
1281 515 1380 586 γὰρ
1419 518 1597 585 μόνοις
1645 512 1699 564 ἐκ
1732 515 1862 566 πάν-

246 621 354 653 των
417 608 654 674 γαίνεται
711 608 1032 676 παραμεῖναν
1085 606 1143 654 τό
1200 603 1446 674 Ῑῖνεῦμα),
1499 608 1587 654 καὶ
1642 603 1770 664 ὦως
1823 607 1865 656 εἰ

250 710 337 752 τις
386 695 590 752 τούτοις
628 697 720 749 τὴν
777 696 1080 766 προαίρεσιν
1120 690 1508 765 παραπλήσιος.
1567 697 1666 744 Καὶ
1713 695 1780 754 ὼς
1837 694 1863 744 6

243 780 398 851 λόγος
459 777 519 833 δε
569 779 616 832 ἐν
667 781 848 853 ψυχῇ,
895 784 1016 833 ποτε
1071 785 1161 853 μεν
1217 784 1283 842 ὡς
1327 784 1386 832 τό
1439 777 1715 853 ἐγκάρδιον
1747 781 1864 851 (40)

243 874 447 942 νόημα,
480 874 602 922 ποτε
634 867 693 922 δέ
733 872 803 931 ὡς
839 871 864 921 ό
895 874 1267 944 προφερόμενος
1299 865 1391 920 διὰ
1427 868 1698 940 γλώσσης,
1728 871 1863 922 οὕτω

243 964 307 1011 τό
337 965 558 1031 Πνεῦμα
608 964 665 1010 τό
696 960 870 1030 ἅγιον·
935 968 1023 1010 νῦν
1080 963 1170 1032 μὲν
1216 961 1333 1011 ὅταν
1393 967 1741 1032 σνμμαρτνρῇ
1789 968 1860 1031 τῷ

246 1051 543 1121 ΙΙνεύματι,
600 1053 689 1100 καὶ
737 1051 860 1100 ὅταν
909 1049 1076 1122 κράζῃ
1126 1047 1173 1098 ἐν
1223 1055 1337 1108 ταῖς
1392 1045 1640 1122 καρδίαις
1691 1051 1857 1120 ἡμῶν·

244 1136 468 1191 ’Δεϐαό
501 1143 706 1209 Πατήρ·
740 1146 829 1188 νῦν
870 1133 930 1190 δε
977 1139 1096 1189 όταν
1153 1137 1278 1209 λαλῇ
1333 1139 1460 1211 ὑπὲρ
1517 1139 1683 1210 ἡμῶν,
1730 1141 1861 1190 κατά

246 1230 310 1278 τό
388 1226 671 1299 εἰρημένον,
740 1228 822 1278 ὅτι
898 1226 1018 1298 Οὐχ
1083 1228 1224 1298 ὑμεῖς
1290 1223 1406 1278 ἔστε
1463 1227 1511 1278 οἱ
1567 1225 1856 1293 λαλοῦντες,

249 1314 387 1366 ἀλλὰ
451 1320 504 1366 τό
564 1320 778 1387 Πνεῦμα
844 1323 933 1366 τοῦ
1002 1319 1208 1389 Πατρός
1269 1319 1326 1366 τὸ
1383 1313 1566 1366 λαλοῦν
1616 1313 1662 1366 ἓν
1715 1316 1857 1388 ὑμῖν.

248 1399 394 1459 Ἤδη
447 1399 506 1455 δε
559 1409 648 1454 καὶ
701 1403 770 1464 ὡς
827 1403 940 1455 ἂον
985 1401 1033 1454 ἐν
1071 1408 1272 1477 μέρεσι,
1315 1411 1506 1455 νοεῖται
1541 1407 1599 1454 τὸ
1649 1409 1860 1476 Πνεῦμα

245 1495 384 1543 κατὰ
453 1497 549 1550 τὴν
610 1501 709 1543 τῶν
758 1494 1110 1564 χαρισμάτων
1157 1489 1434 1565 διανομήν,
1504 1495 1691 1553 Πάντες
1755 1496 1856 1568 γὰρ

244 1580 483 1638 ἀλλήλων
515 1580 668 1653 ἐσμεν
694 1581 848 1654 μελη,
899 1585 1104 1654 ἔχοντες
1144 1577 1202 1633 δὲ
1250 1601 1567 1655 χαρισματα
1604 1584 1739 1634 κατὰ
1765 1587 1857 1640 τὴν

237 1671 408 1741 χάριν
434 1678 526 1722 τοῦ
559 1677 692 1722 Θεοῦ
724 1674 817 1728 τὴν
851 1666 1097 1722 δοθεῖσαν
1129 1671 1254 1742 ἡμῖν
1295 1667 1542 1744 διάφορα.
1585 1672 1678 1722 Διὰ
1703 1689 1856 1723 τουτο

1475 296 1680 356 LIBER
1721 301 1809 356 DE
1845 299 2117 359 SPlBlTU
2157 301 2452 359 SANCTO.

250 425 302 474 οἱ
335 420 705 495 ἐϐδομήκοντα
741 421 1077 496 πρεσϐυτεροι
1123 430 1222 474 τῶν
1271 425 1393 474 νὶων
1447 423 1678 498 Ἰσραὴλ,
1731 423 1845 483 πλὴτ

1978 441 2371 499 nequaquam
2427 437 2790 497 permanens
2846 439 2860 476 :

3537 297 3635 350 182

2916 419 3115 493 qualis
3167 423 3296 476 erat
3353 416 3526 489 Saul,
3578 422 3637 474 et

1976 517 2358 588 septuaginta
2405 514 2670 570 seniores
2725 511 2985 567 ﬁliorum
3035 508 3240 577 lsracl,
3285 513 3499 582 praeter
3547 509 3634 562 El-

1977 604 2102 660 dad
2133 611 2188 660 et
2215 603 2496 661 Modad"
2528 605 2694 674 (nam
2720 599 2883 674 apud
2910 600 3021 656 hos
3053 599 3212 654 solos
3247 615 3317 653 ex
3343 596 3630 654 omnibus

1978 693 2262 766 Spiritum
2293 692 2593 750 mansisse
2622 691 2915 763 apparet),
2951 693 3006 744 et
3036 687 3095 743 in
3127 704 3362 756 gu::-.rc,
3405 687 3456 741 si
3494 686 3632 758 quis

1973 788 2063 838 est
2111 783 2239 838 istis
2274 783 2460 839 animi
2505 779 2816 854 proposito
2865 777 3211 834 consimilis.
3248 781 3390 832 Item
3421 792 3632 848 quem-

1976 871 2311 928 admodum
2359 871 2614 928 verbum
2654 873 2742 926 est
2772 867 2831 924 in
2877 867 3100 932 animo,
3139 863 3440 921 interdum
3476 870 3539 920 ut
3569 865 3629 921 in

1975 961 2156 1017 corde
2187 962 2548 1032 cogitatum,
2581 957 2886 1015 interdum
2925 961 2990 1013 ut
3027 955 3237 1026 lingua
3275 954 3578 1026 prolatum
3611 973 3624 1009 :

1971 1050 2056 1106 sic
2113 1055 2169 1106 et
2228 1050 2480 1124 Spiritus
2529 1052 2793 1113 sanctus,
2851 1044 2943 1101 vel
2995 1045 3107 1117 52
3172 1059 3312 1099 cum
3366 1042 3628 1098 testimo-

1969 1139 2140 1195 nium
2171 1138 2399 1211 prazbet
2435 1137 2667 1210 spiritui
2700 1140 2923 1205 nostro,
2952 1139 3006 1189 ct
3051 1133 3272 1188 clamat
3318 1132 3379 1187 in
3427 1129 3626 1187 cordi-

1968 1225 2084 1282 bus
2114 1227 2356 1296 nostris,
2390 1226 2580 1292 Abba,
2608 1225 2884 1286 Pater",
2915 1222 3008 1278 vel
3054 1237 3192 1277 cum
3223 1220 3489 1294 loquitur
3517 1235 3626 1292 pro

1968 1315 2184 1384 nobis,
2225 1316 2398 1386 juxta
2447 1314 2509 1370 id
2546 1313 2715 1386 quod
2757 1312 2987 1367 dictum
3017 1316 3124 1366 est.
3166 1311 3301 1367 Non
3352 1325 3450 1365 eos
3491 1309 3625 1365 estis

1968 1407 2074 1477 qui
2103 1405 2437 1476 loquimini,
2477 1403 2580 1460 sed
2620 1403 2887 1472 Spiritus
2935 1401 3160 1465 Patris,
3208 1401 3312 1471 qui
3359 1399 3628 1469 loquitur

1964 1495 2030 1549 in
2064 1493 2223 1550 vobis
2248 1495 2314 1548 δί’.
2346 1496 2478 1548 Jam
2508 1507 2652 1548 vero
2680 1496 2733 1546 et
2765 1497 2830 1546 ut
2866 1495 3057 1546 totum
3083 1489 3143 1544 in
3176 1486 3469 1560 partibus,
3503 1485 3626 1558 Spi-

1967 1584 2110 1640 ritus
2143 1583 2493 1653 intelligitur
2541 1583 2714 1654 juxta
2760 1579 3065 1636 donorum
3113 1577 3621 1634 distributionem.

1967 1675 2189 1730 Omnes
2237 1674 2398 1729 enim
2450 1672 2708 1728 invicem
2755 1686 2970 1725 sumus
3011 1667 3316 1738 membra,
3358 1665 3465 1722 sed
3518 1665 3624 1722 ha-

241 1761 319 1812 Οὐ
375 1757 605 1813 δύναται
657 1762 684 1812 6
742 1759 1005 1833 ὀφθαλμός
1075 1761 1233 1813 εἰπεῖν
1297 1769 1356 1833 τῇ
1430 1766 1595 1836 χειρὶ,
1665 1766 1845 1835 Χρείαν

1964 1762 2176 1820 bentes
2202 1761 2368 1819 dona
2398 1761 2737 1818 secundum
2769 1759 2866 1816 Dei
2895 1757 3154 1830 gratiam
3204 1755 3381 1812 nobis
3412 1755 3622 1812 datam

238 1869 338 1901 σου
408 1850 507 1902 οὐκ
578 1853 714 1922 ἔχω·
783 1851 812 1908 ἦ
882 1849 1033 1902 πάλιν
1109 1852 1138 1908 ἠ
1231 1849 1421 1922 κεφαλὴ
1508 1852 1614 1912 τοῖς
1703 1855 1854 1923 ποσὶ,

239 1945 438 2011 Χρείαν
469 1939 614 2011 ὑμῶν
654 1939 747 1991 οὐκ
797 1942 926 2011 ἔχω,
980 1938 1132 1990 Ἀλλα
1179 1942 1351 1992 πάντα
1403 1943 1492 2012 μεν
1545 1941 1674 2013 ὁμοῦ
1724 1960 1854 2014 συμ-

237 2029 436 2102 πληροῖ
466 2033 524 2080 τό
559 2038 712 2100 σῶμα
739 2036 829 2080 τοῦ
861 2036 1093 2104 Χριστοῦ
1140 2027 1188 2080 ἐν
1219 2037 1279 2102 τῇ
1326 2029 1527 2088 ἑνότητι
1557 2039 1648 2081 τοῦ
1686 2034 1852 2083 ΙΙνεύ-

237 2138 429 2190 ματος·
473 2117 712 2180 αλλήλοις
753 2115 811 2171 δε
856 2115 1140 2189 ἀναγκαίαν
1182 2123 1275 2176 τήν
1331 2116 1385 2170 ἐκ
1429 2127 1526 2170 τῶν
1568 2120 1851 2191 χαρισμά-

238 2227 342 2260 των
397 2204 748 2260 ἀντιδίδωσιν
799 2207 1058 2280 ὠφελειαν.
1115 2207 1172 2259 Ὀ
1201 2210 1290 2280 μεν
1315 2211 1416 2282 γὰρ
1450 2211 1580 2268 Θεός
1610 2210 1748 2260 ἔθετο
1788 2211 1854 2260 τα

234 2297 365 2370 μελε
431 2296 481 2349 ἐν
530 2306 602 2368 τῷ
657 2304 880 2370 σώματι,
932 2297 979 2350 ἓν
1032 2299 1250 2350 ἕκαστον
1302 2297 1472 2349 αὐτῶν
1520 2299 1691 2358 καθὼς
1731 2299 1850 2356 ἠθε-

235 2387 391 2445 λησε.
425 2391 505 2439 Τὰ
533 2392 710 2459 μέντοι
761 2387 885 2459 με’λη
937 2390 995 2438 τό
1045 2387 1172 2438 αὐτό
1209 2396 1528 2462 μεριμνῶσιν
1569 2389 1696 2460 ὑπερ
1751 2385 1850 2458 ἁγ-

234 2477 448 2543 λὴλων,
507 2480 644 2528 κατὰ
690 2482 784 2534 τὴν
842 2481 1196 2550 πνευματικὴν
1250 2481 1517 2528 κοινωνίαν
1576 2485 1667 2537 τῆς
1721 2496 1851 2549 συμ-

235 2568 463 2628 παθείας
497 2566 680 2626 αὐτοῖς
733 2568 1104 2641 ὑπαρχούσης.
1152 2571 1336 2640 Διόπερ
1396 2570 1509 2619 Εἴτε
1547 2569 1750 2637 πάσχει
1799 2572 1848 2617 ἓν

234 2655 418 2728 μελος,
475 2657 794 2727 συμπάσχει
854 2659 1023 2708 πάντα
1074 2658 1138 2708 τὰ
1192 2655 1341 2728 μέλη·
1408 2659 1508 2707 εἴτε
1566 2651 1847 2717 δοξάζεται

228 2746 280 2797 ἓν
331 2745 508 2817 μελος,
567 2749 851 2818 σῖυγχαίρει
900 2747 1071 2796 πάντα
1113 2748 1178 2796 τα
1225 2744 1377 2818 μελη.
1435 2748 1534 2797 Καὶ
1586 2748 1654 2807 ὡς
1710 2749 1839 2817 μέρη

230 2831 293 2886 δὲ
326 2834 379 2886 ὲν
412 2834 537 2905 ὅλῳ,
588 2836 637 2886 οἱ
693 2833 810 2885 καθ’
869 2836 954 2887 ἕνα
999 2833 1153 2906 ἐσμεν
1200 2833 1248 2886 ἕν
1300 2841 1372 2904 τῷ
1428 2835 1712 2906 Ηνεύματι·
1763 2835 1844 2886 ὅτι

229 2927 280 2976 οἱ
338 2927 534 2986 πάντες
587 2921 636 2975 ἐν
699 2923 766 2976 ivi
823 2930 1048 2997 σώματι,
1116 2923 1184 2984 εἰς
1240 2924 1288 2976 ἓν
1353 2929 1565 2996 Πνεῦμα
1624 2922 1842 2977 ἐϐαπτίη

1869 3024 1909 3080 C

231 3015 458 3085 σθημεν.

305 3285 397 3338 62.
433 3283 501 3333 Ὀ
534 3277 592 3334 δε
620 3277 917 3354 παράδοξον
945 3285 1035 3354 μεν
1075 3281 1250 3350 εἰπεῖν,
1301 3279 1485 3342 ἀληθὲς
1525 3277 1584 3334 δε
1632 3277 1841 3342 οὐδενός

227 3371 444 3423 ᾶαττον
475 3371 610 3442 (41),
643 3373 722 3422 ὅτι
751 3375 842 3423 καὶ
885 3373 952 3432 ὡς
982 3376 1137 3445 χώρα
1172 3377 1270 3422 τῶι
1309 3370 1661 3443 ἁγιαζομὲνων
1708 3370 1836 3422 πόλ-

224 3459 389 3522 λάκις
419 3479 476 3512 το
516 3466 726 3532 Πνεῦμα
754 3458 983 3531 λέγεται.
1048 3465 1148 3515 Καὶ
1196 3464 1481 3532 φανήσεται
1523 3457 1646 3512 οὐδὲ
1687 3460 1836 3523 οὗτος

141 3579 144 3582 -
226 3552 254 3601 ό
289 3554 489 3622 τρόπος
518 3550 627 3620 (42)
675 3551 1109 3622 κατασμικρύνων
1149 3553 1206 3601 τό
1255 3555 1488 3623 Πνεῦμα,
1533 3547 1658 3601 ἀλλὰ
1708 3548 1835 3622 μάλ,

221 3638 315 3692 λον
375 3634 632 3700 δοξάζων.
687 3641 767 3692 Τὰ
816 3641 916 3714 γάρ
969 3658 1049 3691 τοι
1099 3641 1376 3711 σωματικὰ
1421 3647 1518 3691 τῶν
1573 3637 1834 3711 ὀνομάτων

222 3748 317 3780 και
370 3726 460 3780 ἐπὶ
519 3731 611 3789 τας
676 3730 1031 3800 πνευματικὰς
1094 3727 1282 3789 ἑννοίας
1346 3726 1609 3802 ἐναργείας
1674 3729 1833 3780 ἕνεκεν

223 3817 480 3878 πολλάκις
521 3819 548 3869 ό
587 3817 733 3889 λόγος
779 3818 1138 3891 μετακομίζει.
1188 3824 1554 3893 Τετηρήκαμεν
1607 3815 1694 3872 οὖν
1743 3823 1832 3871 καὶ

219 3907 309 3961 ἐπὶ
354 3916 450 3960 τοῦ
490 3915 625 3961 Θεοῦ
676 3912 760 3960 τόν
816 3905 1104 3981 Ὶάλμῳδόν
1153 3907 1382 3980 λέγοντα·
1441 3915 1592 3961 Γενοῦ
1638 3929 1730 3982 μοι
1764 3911 1834 3973 εἰς

217 4003 354 4052 Θεόν
425 4000 872 4073 ὑπερασπιστήν,
950 4003 1040 4051 καὶ
1115 3999 1186 4060 εἰς
1258 4003 1414 4052 τόπον
1479 3999 1676 4074 ὀχυρόν
1742 4007 1832 4052 τοῦ

219 4094 402 4141 σῶσαί
441 4107 526 4160 με.
595 4093 724 4160 Περί
788 4084 846 4140 δε
913 4096 1001 4140 τοῦ
1068 4090 1388 4161 Ιίντὰματος,
1453 4087 1592 4142 Ἰδοὺ
1631 4094 1828 4162 τόπος,

218 4184 375 4251 φησι,
446 4177 571 4250 παρ’
641 4176 776 4249 ἐμοι,
843 4181 932 4230 καὶ
1001 4180 1158 4236 στῆθι
1215 4177 1298 4230 ἐπὶ
1362 4187 1452 4240 τῆς
1520 4183 1730 4254 πέτρας·
1782 4186 1832 4232 τί

214 4267 338 4320 ἄλλο
389 4267 558 4338 λέγων
608 4272 694 4320 τόν
749 4271 904 4320 τόπον
952 4267 980 4325 ἦ
1027 4272 1121 4325 τὴν
1179 4267 1226 4321 ἐν
1266 4271 1533 4341 Ιῐνεὺματι
1591 4271 1825 4343 θεωρίαν,

216 4358 263 4412 ἐν
371 4361 671 4430 γενόμενος,
731 4355 949 4411 ἐδύνατο
999 4355 1128 4411 ἰδεῖν
1183 4367 1424 4430 γνωστώς
1481 4362 1822 4433 ἕμφανιζόμε-
1855 4379 1898 4434 D

215 4467 299 4500 νον
331 4447 484 4519 αὐτῷ
513 4451 599 4500 τόν
649 4452 774 4502 Θεόν
816 4450 840 4501 6
889 4455 1158 4516 Μωῦσῆς;
1209 4445 1370 4510 Οὗτός
1406 4450 1545 4502 ἐστιν
1587 4453 1613 4503 6
1670 4459 1825 4514 τόπος

217 4540 241 4590 ό
309 4547 415 4599 τῆς
476 4536 726 4599 ἀληθινῆς
771 4537 1012 4613 λατρείας
1078 4535 1217 4602 idib;
1247 4541 1374 4606 (43).
1419 4545 1658 4616 Πρόσεχε
1700 4545 1828 4617 γάρ,

218 4633 373 4699 φησὶ,
451 4633 526 4699 μὴ
597 4633 872 4699 ανενέγκῃς
955 4633 1023 4681 τὰ
1107 4633 1512 4699 ὁλοκαυτώματα
1605 4651 1699 4685 σον
1780 4633 1827 4686 ἐν

216 4724 378 4770 παντὶ
451 4721 619 4789 τόπῳ,
679 4715 784 4769 ἁλλ’
847 4717 893 4770 ἐν
954 4727 1024 4790 τῷ
1081 4723 1258 4792 τόπῳ,
1321 4720 1361 4790 ᾧ
1427 4723 1489 4773 ἄν
1562 4721 1829 4785 ἐκλέξηται

451 4632 526 4700 μὴ
597 4626 872 4700 ανενέγκῃς
955 4631 1023 4681 τὰ
1107 4628 1512 4704 ὁλοκαυτώματα

218 4812 418 4882 Κύριος
484 4810 511 4859 6
576 4812 697 4869 Θεὸς
761 4827 876 4862 σου.
943 4814 1098 4862 Ποῖον
1146 4807 1232 4862 οὖν
1295 4810 1433 4863 ἐστιν
1489 4810 1830 4887 όλοκαύτωμα

216 4901 625 4972 πνευματικόνς
687 4898 746 4951 ἸΙ
795 4900 954 4952 θυσία
1005 4907 1098 4962 τῆς
1155 4899 1413 4961 αἰνέσεως.
1472 4901 1552 4954 Ἐν
1600 4908 1732 4975 ποίῳ
1772 4900 1830 4956 δὲ

285 5061 336 5096 τε
363 5061 546 5115 Num.
575 5073 656 5126 ιι,
688 5063 779 5128 25,
807 5064 897 5116 26.

219 5147 360 5199 nx,
409 5135 462 5186 3.
563 5132 609 5164 "°
636 5130 824 5187 Exod.
854 5147 1046 5198 xum,
1073 5136 1161 5188 2t.

989 5062 1037 5095 "'9
1068 5063 1237 5118 Rom.
1271 5078 1389 5129 nu,
1419 5066 1507 5131 16,
1545 5068 1635 5120 t5.

1262 5135 1308 5168 ⁸⁵
1341 5135 1508 5190 Deut.
1539 5151 1634 5206 xu,
1676 5141 1758 5195 l3.

289 5307 906 5391 (iOl_'nyd3c_iiov._lt_a
951 5329 1101 5391 mss.
1155 5313 1414 5391 codices.
1449 5314 1819 5391 Εᾱὶῑίένκαρ-

226 5380 341 5455 δία,
382 5380 530 5460 ἐλίοῂ
559 5380 721 5460 editi
751 5382 986 5460 addunt
1013 5387 1158 5460 ἠμῷν
1197 5390 1334 5456 post
1374 5390 1657 5460 ΙΙνεύματι,
1684 5380 1820 5460 (ιιιῶ

224 5454 336 5510 vox
360 5455 536 5511 deest
556 5454 617 5510 in
639 5454 926 5511 omnibus
952 5454 1169 5512 nostris
1191 5454 1335 5511 mss.
1356 5473 1467 5514 nec
1483 5454 1824 5516 necessaria

226 5527 661 5601 videtur,qcum
685 5526 871 5601 paulo
900 5533 1044 5601 post
1066 5531 1390 5601 repetatur.

292 5599 407 5668 (41)
431 5594 664 5660 Οὐδενός
689 5594 929 5652 ἷλαττονῖ
969 5599 1097 5656 Duo
1136 5594 1372 5655 codices
1413 5594 1564 5654 ονόεν
1594 5602 1822 5658 ἔλαττον.

292 5669 406 5742 (42)
443 5668 504 5724 '0
533 5672 740 5744 τρόπος.
771 5668 864 5730 Sic
889 5684 1040 5730 mss.
1080 5684 1207 5730 sex.
1235 5668 1388 5730 Editi
1417 5669 1444 5725 ὁ
1471 5671 1646 5745 λόγος.
1696 5675 1828 5734 Mox

1737 5068 1786 5103 ⁸ο
1805 5065 2008 5126 Matth.
2049 5082 2105 5128 ι,
2137 5065 2227 5120 20.

1856 5141 1902 5175 ⁸⁸
1930 5136 2085 5194 Psal.
2117 5151 2258 5202 xux,
2293 5137 2374 5188 t-i.

1964 1852 2226 1909 diversa.
2260 1854 2344 1907 Ea
2367 1855 2613 1924 propter
2635 1851 2769 1905 Non
2794 1854 2991 1918 potest
3025 1848 3226 1904 dicere
3256 1846 3466 1902 oculus
3496 1862 3621 1902 ma-

1965 1945 2112 1998 nui:
2141 1943 2280 1998 Non
2329 1957 2478 2012 opus
2533 1940 2717 1997 habeo
2746 1945 2840 2003 te;
2889 1943 2996 1994 aut
3048 1951 3262 1992 rursus
3303 1941 3489 2006 caput
3522 1950 3620 2005 pe-

1961 2031 2138 2087 dibus
2167 2048 2180 2086 :
2213 2031 2350 2087 Non
2377 2037 2460 2086 est
2490 2028 2640 2085 mihi
2667 2027 2827 2084 vobis
2858 2041 3005 2096 opus
3027 2027 3094 2080 ⁸⁸.
3127 2023 3241 2081 Sed
3262 2023 3468 2079 omnia
3489 2022 3619 2096 qui-

1960 2119 2099 2176 dem
2152 2119 2331 2175 simul
2379 2117 2687 2190 complent
2735 2131 2959 2189 corpus
3007 2114 3221 2172 Christi
3272 2114 3334 2170 in
3392 2114 3617 2170 unitate

1960 2208 2256 2281 Spiritus;
2286 2207 2694 2265 necessariam
2724 2215 2928 2262 autem
2964 2204 3278 2261 utilitatem
3319 2203 3434 2259 sibi
3476 2202 3618 2259 invi-

1959 2314 2090 2354 cem
2128 2297 2392 2354 reddunt
2439 2313 2509 2352 ex
2553 2295 2758 2352 donis.
2807 2296 2966 2351 Deus
2997 2295 3158 2352 enim
3187 2292 3394 2366 posuit
3422 2309 3614 2348 mem-

1957 2387 2068 2443 bra
2110 2387 2170 2442 in
2218 2402 2494 2460 corpore,
2525 2383 3014 2457 unumquodque
3047 2382 3286 2439 illorum
3313 2387 3374 2438 ut
3403 2382 3613 2438 voluit.

1956 2475 2220 2533 Membra
2250 2483 2453 2532 autem
2481 2474 2762 2531 eamdem
2790 2473 3016 2530 habent
3037 2488 3148 2546 pro
3167 2489 3227 2528 se
3259 2476 3472 2528 mutuo
3503 2470 3616 2527 sol-

1955 2563 2348 2632 licitudinem,
2386 2564 2560 2636 juxta
2605 2563 2974 2636 spiritualem
3010 2567 3236 2619 mutuae
3280 2560 3614 2617 affectionis

1956 2654 2106 2728 ipsis
2156 2654 2347 2710 insitae
2389 2653 2903 2710 communionem.
2962 2654 3165 2726 quue
3209 2653 3340 2709 Sive
3380 2656 3614 2723 patitur

1953 2760 2141 2800 unum
2183 2743 2534 2811 membrum,
2575 2758 2699 2800 una
2748 2759 2882 2798 cum
2935 2758 2999 2798 eo
3043 2743 3370 2813 patiuntur
3410 2742 3612 2797 omnia

1956 2834 2220 2889 membra
2257 2848 2278 2888 ,ο
2319 2834 2444 2888 sive
2483 2833 2872 2903 gloriﬁcatur
2901 2848 3086 2887 mium
3135 2831 3487 2900 membrum,
3532 2847 3610 2886 Sl-

1954 2924 2084 2980 mul
2109 2923 2376 2994 gaudent
2409 2925 2608 2978 omnia
2639 2923 2906 2978 membra
2927 2923 2995 2976 ".
3041 2924 3269 2980 Rursus
3317 2919 3608 2993 quemad-

1953 3013 2207 3070 modum
2235 3017 2436 3086 partes
2466 3015 2607 3067 sunt
2647 3011 2709 3066 in
2753 3015 2899 3078 toto,
2934 3011 3016 3067 ita
3053 3008 3276 3080 singuli
3308 3025 3518 3064 sumus
3543 3008 3604 3066 in

1956 3103 2199 3176 Spiritu,
2227 3119 2299 3160 eo
2328 3101 2496 3176 quod
2523 3116 2738 3158 omnes
2769 3100 2832 3156 in
2864 3117 2986 3157 uno
3026 3114 3276 3173 corpore
3318 3098 3379 3154 in
3410 3099 3603 3154 unum

1955 3193 2237 3265 Spiritum
2265 3190 2550 3264 baptizati
2574 3207 2804 3246 sumus.

2022 3286 2109 3336 62.
2143 3284 2330 3338 Porro
2370 3279 2539 3353 quod
2587 3279 2806 3335 mirum
2841 3279 3007 3336 dictu
3050 3279 3371 3349 videbitur,
3415 3277 3601 3337 nihilo

1949 3377 2150 3428 tamen
2183 3371 2384 3428 minus
2435 3386 2643 3426 verum
2683 3374 2811 3438 cst;
2864 3371 3047 3426 etiam
3097 3369 3275 3427 veluti
3304 3370 3474 3426 locus
3498 3386 3599 3425 eo-

1946 3481 2078 3521 rum
2124 3463 2230 3537 qui
2274 3462 2745 3530 sanctificantur,
2776 3477 3191 3534 saepenumero
3222 3461 3439 3517 dicitur
3469 3460 3596 3533 Spi-

1944 3552 2111 3609 ritus.
2159 3554 2226 3608 Et
2271 3550 2571 3608 constabit
2613 3565 2688 3606 ne
2735 3550 2850 3606 hoc
2896 3549 3146 3622 quidem
3174 3549 3465 3622 loquendi
3497 3564 3597 3620 ge-

1944 3659 2084 3699 nere
2133 3641 2388 3698 diminui
2444 3640 2758 3713 Spiritum,
2821 3639 2928 3696 sed
2991 3639 3316 3710 gloriﬁcari
3370 3640 3593 3712 potius.

1943 3735 2094 3789 Nam
2125 3729 2376 3787 nomina
2419 3729 2757 3801 corporalia
2803 3730 2983 3786 etiam
3027 3728 3106 3785 ad
3139 3727 3480 3800 spirituales
3509 3727 3595 3783 in-

1942 3821 2324 3894 telligentias,
2345 3820 2656 3878 evidentiae
2684 3820 2895 3890 gratia,
2924 3819 3265 3893 frequenter
3290 3818 3596 3891 Scriptura

1943 3913 2243 3969 transfert.
2285 3910 2747 3968 Observavimus
2799 3909 2977 3980 igitur
3004 3914 3060 3964 et
3093 3907 3485 3965 Psalmodum
3517 3907 3592 3964 de

1945 4005 2064 4060 Deo
2105 4002 2477 4075 loquentem,
2510 4002 2653 4058 Esto
2683 4001 2836 4056 mihi
2865 4001 2928 4056 in
2965 4002 3149 4057 Deum
3179 4005 3589 4070 protectorem,

1941 4099 1996 4150 et
2045 4094 2108 4148 in
2146 4093 2338 4168 locum
2386 4091 2716 4155 munitum,
2769 4096 2833 4145 ut
2886 4091 3120 4146 salvum
3168 4104 3258 4145 me
3298 4090 3498 4160 facias
3520 4089 3588 4145 “3.

1942 4188 2022 4242 De
2071 4183 2292 4255 Spiritu
2330 4197 2508 4249 vero,
2551 4181 2708 4236 Ecce
2757 4181 2952 4248 locus,
3005 4178 3218 4252 inquit,
3266 4179 3432 4248 apud
3477 4195 3588 4243 me,

1941 4281 1994 4334 et
2024 4281 2118 4331 sta
2161 4288 2342 4342 super
2383 4281 2619 4340 petram
2643 4271 2689 4303 ’δ
2725 4288 2738 4338 ;
2771 4269 2918 4342 quid
2963 4267 3128 4324 aliud
3170 4267 3486 4340 appellans
3515 4269 3593 4324 lo~

1941 4379 2101 4431 cum,
2145 4361 2260 4417 nisi
2310 4359 2602 4416 visionem
2647 4358 2709 4413 in
2763 4357 3001 4430 Spiritu,
3038 4356 3099 4412 in
3147 4372 3271 4428 qua
3315 4371 3453 4411 cum
3501 4373 3592 4411 es-

1940 4459 2030 4511 set
2056 4456 2312 4525 Moyses,
2345 4449 2536 4522 potuit
2565 4447 2765 4503 videre
2796 4449 2984 4502 Deum
3014 4447 3320 4502 evidenter
3343 4446 3458 4520 ipsi
3489 4463 3590 4521 ap-

1938 4541 2298 4617 parentem?
2328 4539 2426 4594 Hic
2475 4542 2563 4594 est
2609 4537 2780 4593 locus
2831 4552 2983 4592 verze
3033 4535 3403 4592 adorationis
3453 4551 3586 4608 pro-

1936 4633 2125 4706 prius.
2161 4628 2419 4686 Attende
2461 4629 2639 4692 enim,
2676 4625 2889 4699 inquit,
2927 4641 3000 4682 ne
3045 4627 3262 4696 o/feras
3310 4625 3589 4683 holocau-

1939 4727 2166 4779 tomata
2193 4725 2299 4775 tua
2343 4719 2406 4774 in
2450 4719 2658 4788 quovis
2698 4717 2848 4785 loco,
2893 4716 2996 4772 sed
3024 4717 3085 4771 in
3121 4717 3247 4773 loco
3274 4733 3588 4787 quemcun-

1939 4827 2050 4885 que
2086 4809 2330 4880 clegerit
2377 4808 2664 4863 Dominus
2718 4807 2875 4861 Deus
2917 4812 3052 4861 tuus
3084 4807 3151 4859 εδ.
3201 4805 3375 4871 Quod
3409 4807 3590 4877 igitur

1938 4905 2028 4960 est
2051 4898 2480 4956 holocautoma
2511 4895 2817 4968 spirituale
2839 4897 2866 4950 ?
2899 4894 3270 4952 Sacriﬁcium
3293 4896 3490 4952 laudis
3515 4900 3581 4954 δσ.

2321 5063 2365 5097 ⁸¹
2402 5065 2420 5115 l
2453 5063 2584 5119 Cor.
2619 5076 2717 5128 xu,
2747 5063 2836 5114 2|.
2933 5062 2978 5095 ⁸³
3005 5058 3153 5116 ibid.
3187 5065 3275 5116 ‘26.
3357 5061 3580 5118 asPsal.

1928 5316 2070 5373 editi
2099 5318 2163 5368 τὰ
2191 5319 2384 5388 μέντοι,
2423 5317 2482 5368 et
2517 5312 2702 5385 paulo
2757 5319 2893 5385 post
2928 5313 3179 5388 ἐνεργείας
3215 5315 3390 5364 ἕνεκεν.
3445 5313 3578 5366 Mss.

1931 5393 1996 5444 ut
2023 5391 2083 5443 in
2113 5391 2297 5443 textu.

2006 5459 2118 5528 (43)
2147 5455 2330 5518 Ἵδιος.
2364 5455 2575 5528 Editio
2601 5455 2953 5528 Basilecnsis
3005 5452 3194 5528 usto;
3239 5452 3404 5528 quod
3427 5457 3582 5510 recte

1935 5524 2326 5586 emendatum
2359 5525 2786 5598 inParisiensi.
2821 5529 2952 5598 Mox
2983 5525 3127 5580 editi
3167 5530 3238 5598 μὴ
3265 5524 3484 5598 ἐνέγκῃς
3523 5533 3579 5578 τό

1935 5602 2296 5730 ὁλοῗαύτωμα,
2329 5605 2388 5656 et
2424 5597 2472 5651 ἐν
2512 5607 2583 5651 τῶ
2621 5604 2784 5670 τόπῳ,
2817 5607 2888 5668 τῲ
2927 5593 3031 5650 ἐάν.
3065 5593 3309 5654 (lodices
3339 5593 3492 5654 imis.
3519 5604 3584 5654 ut

1937 5673 1998 5730 in
2053 5678 2212 5730 extu.

1937 5689 1998 5732 In
2029 5689 2212 5731 testu.
