4070 6194
452 327 553 381 183

1829 330 1886 384 S.
1928 327 2177 384 BASILII
2214 328 2457 386 MAGNI.

3712 328 3820 379 184

446 452 575 516 Quo
603 450 666 505 in
700 448 834 506 loco
871 448 985 506 hoc
1020 449 1362 517 ofteremus,
1397 448 1511 504 nisi
1547 449 1609 504 in
1668 449 1891 521 Spiritu
1955 467 2094 507 san-

2215 456 2348 524 τόπῳ
2406 455 2598 510 ταύτην
2652 454 3024 527 προσφέρομεν,
3066 454 3096 509 ἤ
3132 449 3247 521 (44)
3302 447 3348 501 ἐν
3409 456 3480 519 τῷ
3539 451 3810 520 Πνεῦματι

444 542 585 596 cto?
638 539 745 595 Ubi
801 540 917 595 hoc
973 539 1342 595 didicimus?
1377 538 1468 593 Ab
1526 539 1658 611 ipso
1712 539 1964 596 Domino
2013 540 2111 595 dia

443 633 631 699 cente,
673 630 809 685 Veri
836 630 1185 685 adoratores
1215 629 1559 685 adorabunt
1599 630 1846 685 Patrem
1880 632 1940 685 in
1965 632 2102 700 Spi-

445 720 566 774 ritu
596 725 651 775 et
694 721 1037 775 veritate“.
1085 722 1251 773 Hunc
1292 718 1493 774 locum
1542 735 1680 773 curn
1721 719 1967 775 vidisset
1996 720 2100 775 Ja—

446 808 559 863 cob
586 808 770 863 dixit:
810 809 1099 863 Dominus
1134 814 1217 863 est
1253 809 1311 862 in
1344 809 1472 863 loco
1506 808 1615 865 hoc
1633 810 1699 863 ⁸⁸.
1731 812 1936 881 Itaque
1981 809 2103 881 Spi-

444 898 593 953 ritus
637 913 769 953 vere
818 898 987 953 locus
1031 903 1118 954 est
1165 903 1533 955 sanctorum.
1575 901 1827 954 Sanctus
1869 898 2099 969 itidem,

441 988 613 1042 locus
645 992 748 1042 est.
800 989 1045 1061 Spiritui
1098 989 1403 1061 proprius,
1446 1005 1515 1045 ac
1563 988 1787 1061 praebet
1834 990 2103 1061 seipsum

445 1081 511 1131 ut
552 1077 843 1133 inhabitet
887 1095 1026 1133 cum
1084 1081 1224 1147 Deo,
1257 1096 1327 1135 ac
1378 1078 1670 1151 templum
1721 1078 1880 1134 illius
1927 1095 2105 1135 voca-

446 1170 561 1221 tur.
605 1165 765 1221 Sicut
808 1167 967 1222 enim
1012 1168 1073 1223 in
1126 1168 1354 1224 Christo
1400 1168 1669 1239 loquitur
1716 1168 1965 1239 Paulus,
2010 1170 2106 1224 Co-

444 1270 577 1311 ram
600 1256 740 1324 Deo,
773 1255 988 1327 inquit,
1033 1257 1097 1312 in
1143 1258 1381 1313 Christo
1412 1258 1777 1330 loquimur89
1806 1274 1817 1312 :
1862 1262 1917 1313 et
1952 1258 2109 1313 Chri-

448 1348 575 1399 stus
604 1344 665 1399 in
698 1345 907 1414 Paulo,
951 1344 1115 1401 velut
1162 1346 1291 1417 ipse
1337 1346 1437 1415 ait,
1482 1347 1579 1401 An
1629 1348 2103 1417 experimentum

444 1435 713 1505 quaeritis
753 1435 854 1505 qui
892 1435 1166 1507 loquitur
1193 1436 1255 1490 in
1306 1451 1398 1491 me
1441 1436 1674 1492 Christi
1697 1438 1795 1493 9°?
1829 1436 1909 1493 sic
1956 1441 2012 1492 et
2044 1436 2107 1492 in

448 1523 664 1595 Spiritu
691 1523 961 1597 loquitur
988 1525 1301 1598 mysteria,
1332 1542 1403 1584 ac
1447 1525 1699 1599 Spiritus
1744 1543 1986 1584 rursum
2016 1527 2103 1584 lo-

445 1614 646 1685 quitur
676 1614 738 1669 in
770 1631 863 1670 eo.

516 1707 604 1758 63.
645 1707 709 1758 In
765 1703 945 1759 rebus
1012 1720 1156 1775 ergo
1206 1705 1461 1761 conditis
1506 1705 1583 1762 ad
1633 1707 1797 1762 hunc
1850 1707 2104 1763 modum

442 1791 837 1848 multifariam
868 1792 1175 1865 variisque
1220 1794 1558 1851 rationibus
1609 1795 1824 1851 dicitur
1851 1795 2103 1868 Spiritus

449 1882 560 1953 53
591 1882 789 1938 inesse
824 1900 836 1937 :
886 1898 1094 1938 verum
1128 1884 1327 1954 magis
1370 1884 1540 1956 pium
1579 1890 1667 1941 est
1714 1885 1931 1954 dicere,
1964 1901 2104 1940 eum

444 1987 572 2027 esse
602 1990 742 2028 cum
789 1974 963 2029 Patre
1009 1977 1065 2029 et
1114 1972 1278 2042 Filio,
1315 1990 1504 2046 quam
1548 1975 1663 2029 illis
1704 1975 1919 2031 inesse.
1956 1979 2104 2031 Nam

444 2061 638 2131 gratia
672 2062 751 2118 ab
797 2079 867 2119 eo
916 2079 1195 2134 manans,
1231 2063 1541 2120 habitante
1588 2065 1650 2119 in
1700 2064 1772 2119 iis
1804 2065 1909 2137 qui
1939 2064 2105 2135 digni

443 2155 599 2221 sunt,
631 2167 701 2207 ac
734 2168 874 2207 suas
908 2152 1289 2225 operationes
1329 2153 1389 2208 in
1438 2142 1550 2208 illis
1580 2158 1914 2223 exercente,
1946 2159 2105 2211 recte

441 2240 658 2296 dicitur
687 2240 883 2297 inesse
910 2240 981 2296 iis
1017 2241 1122 2315 qui
1167 2247 1309 2297 sunt
1348 2242 1505 2297 illius
1539 2225 1819 2316 capaces.
1852 2248 1923 2300 At
1946 2244 2104 2299 illius

441 2330 835 2386 subsistentia
864 2347 996 2403 quae
1049 2331 1153 2387 fuit
1183 2336 1319 2387 ante
1365 2333 1605 2403 saecula,
1639 2351 1709 2389 ac
1736 2334 2104 2407 perpetuitas

435 2435 758 2492 nunquam
785 2421 1058 2477 desitura
1081 2437 1220 2477 cum
1254 2422 1396 2478 Filio
1420 2427 1476 2479 et
1498 2426 1665 2479 Patre
1698 2423 2099 2495 considerata,

440 2510 819 2581 sempiterna:
868 2511 1316 2581 conjunctionis
1351 2512 1602 2585 requirit
1646 2512 2100 2585 appellationes.

438 2602 587 2655 Nam
604 2616 793 2656 coesse
823 2600 1065 2672 proprie
1098 2618 1167 2656 ac
1190 2618 1326 2656 vere
1358 2602 1577 2657 dicitur
1608 2602 1681 2657 de
1709 2602 1807 2670 iis,
1838 2620 1969 2674 quae
1992 2602 2104 2658 sibi

436 2689 693 2745 invicem
722 2690 1207 2762 inseparabiliter
1232 2692 1633 2747 adsunt.Nam
1659 2692 1921 2747 calorem
1946 2692 2103 2748 ferro

437 2779 686 2851 quidem
710 2780 898 2850 ignito
936 2780 1132 2836 inesse
1173 2781 1432 2837 dicimus
1464 2799 1475 2836 :
1511 2786 1571 2838 at
1601 2798 1722 2837 una
1754 2783 1933 2838 simul
1965 2800 2102 2839 cum

436 2868 571 2940 ipso
602 2869 739 2938 igne
764 2886 919 2926 esse.
944 2871 1090 2926 Item
1114 2873 1351 2943 corpori
1379 2872 1701 2927 sanitatem
1732 2872 1927 2929 inesse
1959 2872 2102 2928 dici-

436 2975 593 3025 mus,
624 2958 810 3013 vitam
839 2964 1043 3014 autem
1087 2960 1269 3015 simul
1312 2976 1450 3015 cum
1486 2961 1692 3017 anima
1723 2978 1874 3017 esse.
1907 2964 2101 3027 Quare

435 3047 540 3107 ubi
586 3050 834 3121 propria
883 3053 937 3105 et
987 3050 1399 3106 connaturalis
1448 3056 1629 3123 atque
1679 3051 2103 3125 inseparabilis

435 3138 789 3194 communio
821 3144 932 3198 est.
971 3140 1097 3195 haec
1129 3156 1239 3195 vos
1272 3157 1403 3196 cum
1439 3140 1878 3211 significantior
1907 3146 2014 3210 est,
2042 3145 2103 3197 ut

436 3245 571 3301 quae
598 3229 1019 3301 inseparabilis
1052 3231 1496 3301 conjunctionis
1522 3232 1951 3302 cogitationem
1975 3249 2104 3304 sug-

436 3324 610 3388 gerat
643 3319 992 3375 intellectui.
1025 3320 1133 3375 Ubi
1167 3326 1371 3376 autem
1402 3323 1596 3391 gratia
1642 3322 1720 3377 ab
1762 3324 1895 3395 ipso
1921 3322 2103 3396 proﬁ-

438 3408 699 3472 ciscens,
732 3410 1020 3464 accedere
1050 3426 1119 3464 ac
1166 3426 1377 3465 rursus
1404 3411 1696 3467 decedere
1724 3418 1939 3485 potest,
1973 3430 2105 3485 pro-

437 3498 565 3570 prie
600 3504 657 3555 et
685 3514 821 3554 vere
848 3500 1048 3554 inesse
1076 3499 1327 3567 dicitur;
1358 3501 1593 3555 etiamsi
1624 3502 1779 3556 illius
1811 3504 2003 3571 gratia
2041 3503 2104 3557 in

438 3590 511 3644 iis
539 3590 643 3663 qui
664 3593 1041 3663 receperunt,
1064 3606 1482 3663 saepenumero
1505 3597 1747 3664 propter
1769 3592 2019 3649 affectus
2043 3594 2104 3649 in

437 3679 603 3737 bono
622 3680 1136 3754 perseverantiam
1154 3686 1446 3754 perpetua
1462 3687 1833 3754 permaneat.
1852 3683 2105 3739 Proinde

439 3772 675 3843 quoties
701 3772 1013 3845 propriam
1036 3770 1292 3844 Spiritus
1315 3770 1671 3841 dignitatem
1693 3772 2102 3844 intelligimus,

441 3879 583 3918 cum
608 3864 779 3918 Patre
811 3867 869 3919 et
900 3862 1042 3918 Filio
1060 3862 1265 3934 ipsum
1289 3861 1778 3934 contemplamur
1802 3880 1814 3917 :
1840 3862 1943 3918 ubi
1962 3880 2104 3921 vero

442 3952 699 4021 gratiam
728 3951 789 4005 in
820 3966 943 4017 eos,
978 3951 1084 4023 qui
1116 3950 1274 4006 illius
1303 3954 1441 4007 sunt
1472 3951 1820 4024 participes,
1854 3969 2105 4025 operan-

442 4042 563 4095 tem
611 4045 985 4111 reputamus,
1022 4040 1085 4095 in
1131 4040 1308 4096 nobis
1344 4057 1473 4097 esse
1517 4041 1796 4114 Spiritum
1826 4042 2102 4100 dicimus.

446 4131 513 4183 Et
535 4145 669 4200 quae
701 4144 737 4184 a
756 4128 933 4183 nobis
957 4128 1219 4184 defertur
1246 4130 1605 4196 glorificatio
1631 4132 1691 4187 in
1725 4133 2106 4204 Spiritu,non

449 4218 631 4275 habet
660 4218 1098 4291 professionem
1146 4220 1456 4289 dignitatis
1492 4221 1670 4291 illius,
1732 4222 1841 4278 sed
1888 4228 2106 4280 nostrae

450 4308 1166 4381 ipsorumimbecillitatis
1187 4310 1659 4377 confessionem,
1678 4312 1824 4368 dum
1847 4315 2108 4369 ostendi-

451 4415 591 4453 mus
623 4414 735 4454 nos
750 4415 823 4454 ex
848 4399 1023 4455 nobis
1046 4398 1192 4471 ipsis
1223 4400 1300 4455 ad
1324 4400 1789 4472 gloriﬁcandum
1813 4402 2108 4459 sufﬁcien-

452 4491 541 4541 tes
582 4503 706 4542 non
749 4503 901 4550 esse,
937 4488 1043 4543 sed
1096 4488 1521 4545 sufficientiam
1566 4495 1839 4546 nostram
1870 4507 2002 4547 esse
2045 4492 2107 4548 in

450 4575 669 4648 Spiritu
698 4581 927 4641 sancto,
957 4578 1017 4633 in
1066 4595 1189 4652 quo
1231 4580 1621 4648 corroborati,
1660 4598 1767 4654 pro
1798 4582 2106 4638 beneficiis

453 4667 712 4738 acceptis
736 4670 852 4722 Deo
870 4673 1075 4724 nostro
1094 4670 1317 4739 gratias
1338 4670 1725 4742 absolvimus;
1746 4673 1921 4743 juxta
1940 4674 2107 4746 quod

455 4776 492 4813 a
520 4757 745 4814 malitia
775 4759 1016 4830 purgati
1056 4777 1308 4826 sumus;
1352 4763 1577 4835 quippe
1624 4762 1777 4818 alius
1819 4763 1935 4819 alio
1971 4763 2106 4836 plus

456 4850 561 4902 aut
597 4847 830 4918 minus,
858 4848 1078 4905 auxilio
1109 4850 1358 4922 Spiritus
1391 4850 1581 4922 adjuti
1611 4851 1691 4907 ad
1726 4852 2103 4909 offerendum

528 5002 570 5035 ⁸⁷
606 5002 775 5058 Joan.
802 5018 876 5074 ιγ,
908 5006 998 5059 23.

1096 5004 1301 5060 88Gen.
1327 5020 1527 5075 xxvui,
1564 5010 1645 5061 16.
1745 5006 1790 5040 ⁸9
1820 5006 1867 5060 ll
1896 5008 2021 5063 Cor.
2053 5006 2113 5079 ιι,

528 5160 640 5231 (44)
684 5162 1048 5232 Ιῐροσφέρομεν
1205 5160 1428 5217 Vocula
1476 5159 1683 5217 addita
1730 5176 1798 5216 ex
1846 5165 2109 5233 quatuor

458 5248 604 5287 mss.

527 5304 640 5376 (45)
677 5307 838 5363 Τόπος
865 5303 1066 5363 οἰκεῖος.
1102 5306 1211 5359 Pro
1250 5304 1343 5359 his
1377 5304 1650 5369 vocibus,
1697 5321 1833 5376 quae
1886 5304 1947 5359 iu
1982 5321 2107 5376 _no-

461 5375 595 5431 stris
618 5392 721 5431 sex
733 5375 1671 5445 codicibusleguntur,habebant
1686 5373 1826 5433 editi
1846 5373 2103 5437 καὶοῖκος.

532 5448 643 5533 (i6)
682 5447 745 5501 Ἢ
788 5446 1033 5521 δοκιμήν.
1094 5450 1180 5505 Ita
1218 5465 1368 5505 mss.
1425 5448 1707 5521 quinque.
1749 5449 1900 5506 Editi
1938 5449 1980 5501 εἰ
2020 5447 2105 5503 δο-

459 5538 641 5575 κιαην,

517 5574 653 5668 ’(47)
702 5596 985 5668 ξεννητοξς.
1046 5592 1167 5668 Sic_
1204 5608 1351 5668 mss.
1427 5592 1715 5668 c_odices.,
1754 5594 1904 5668 Editi
1958 5613 2105 5668 γενη-

462 5670 589 5725 τοῖς.
624 5662 739 5720 Sed
759 5664 1082 5721 discrimen
1111 5664 1259 5722 illud
1297 5666 1470 5737 parvi
1499 5667 1811 5725 momenti.

2212 550 2282 613 τῷ
2313 542 2486 613 ἀγίῳ;
2530 550 2634 595 Ποῦ
2666 550 2816 594 τοῦτο
2858 543 3269 613 μεμαθήκαμεν;
3321 537 3453 612 ΙΙαρ’
3504 538 3663 589 αὐτοῦ
3714 543 3808 589 τοῦ

2215 637 2409 705 Κυρίου
2475 633 2726 703 λέγοντος,
2791 634 2870 683 ὅτι
2937 632 3001 682 Οἱ
3060 628 3293 686 ἀληθινοὶ
3356 632 3715 701 προσκυνηταὶ
3760 627 3808 679 ἐν

2216 725 2479 793 “vatiuati
2548 726 2635 773 καὶ
2704 720 2917 791 ἀληθείᾳ
2982 724 3419 792 προσκυνήσουσι
3481 727 3552 787 τῷ
3600 722 3802 789 ΙΙατρί.

2213 817 2405 864 Τοῦτον
2449 815 2533 863 τόν
2582 816 2737 863 τόπον
2794 807 2917 862 ἰδὼν
2966 811 2991 860 ό
3049 808 3253 875 Ἰακὼϐ,
3314 811 3430 879 ἔφη,
3485 809 3563 859 ὅτι
3617 810 3810 880 Κύριος

2217 902 2265 953 ἐν
2318 911 2390 972 τῷ
2441 907 2581 974 τόπῳ
2620 904 2806 972 τούτῳ.
2856 899 3016 953 ’⁷Ωστε
3060 904 3117 951 τό
3168 905 3381 971 Πνεῦμα
3425 903 3577 958 τόπος
3610 897 3814 958 ἀληθῶς

2216 1000 2313 1042 τῶν
2346 991 2525 1063 ἁγίων.
2580 996 2678 1043 Καὶ
2723 993 2747 1042 ό
2792 990 2939 1061 οἶγιος
2970 995 3125 1051 τόπος
3170 987 3490 1059 οἰκεῖος(45)
3541 996 3612 1058 τῷ
3658 988 3816 1039 Πνεύο

2215 1101 2339 1154 ματι
2403 1082 2710 1155 ἐμπαρέχων
2779 1084 2959 1132 ἔαυτόν
3017 1083 3144 1155 πρός
3206 1079 3469 1136 ἐνοίκησιν
3530 1083 3622 1136 τὴν
3684 1078 3816 1150 μετὰ

2217 1178 2369 1238 Θεοῦ,
2409 1176 2497 1223 καὶ
2525 1174 2646 1232 ναός
2676 1170 2833 1222 αὑτοῦ
2890 1170 3260 1244 χρηματίζων.
3302 1167 3385 1228 Ὠς
3431 1170 3532 1241 γὰρ
3588 1166 3635 1218 ἐν
3681 1173 3815 1241 Χρι-

2218 1270 2323 1331 στῷ
2386 1260 2529 1312 λαλεῖ
2590 1260 2822 1320 Παῦλος·
2882 1264 3203 1312 Κατενὼπιον
3257 1260 3380 1332 γὰρ,
3462 1261 3612 1329 φησὶ,
3679 1263 3815 1309 Θεοῦ

2215 1351 2263 1403 ἐν
2325 1356 2541 1426 Χριστῷ
2598 1350 2865 1422 λαλοῦμεν·
2935 1354 3021 1402 καὶ
3077 1351 3305 1422 Χριστὸς
3369 1345 3416 1399 ἕν
3475 1345 3685 1418 Παύλῳ,
3751 1348 3818 1405 ὡς

2215 1440 2373 1501 αὐτὸς
2433 1440 2587 1512 λέγει·
2642 1439 2707 1493 ’Ἠ
2768 1436 2993 1512 δοκιμὴν
3034 1439 3146 1509 (46)
3217 1438 3420 1498 ζητεῖτε
3461 1444 3554 1488 τοῦ
3607 1434 3654 1487 ἐν
3700 1433 3818 1507 ἐμοὶ

2213 1529 2488 1590 λαλοῦντος
2538 1537 2817 1604 Χριστοῦ;
2883 1528 3013 1581 οὕτω
3075 1531 3161 1580 καὶ
3236 1526 3282 1579 ἐν
3347 1532 3611 1598 Ιῐνευματι
3674 1524 3825 1577 λαλεῖ

2213 1621 2280 1671 τὰ
2326 1623 2617 1692 μυστήρια,
2660 1622 2749 1671 καὶ
2791 1620 2848 1670 τὸ
2908 1623 3115 1689 Πνεῦμα
3165 1615 3318 1669 πάλιν
3366 1614 3511 1667 λαλεῖ
3554 1614 3602 1666 ἐν
3650 1621 3814 1685 αυτῷ.

2288 1712 2379 1765 63.
2412 1707 2492 1761 Ἐν
2519 1710 2606 1781 μὲν
2630 1705 2716 1759 οὖν
2749 1715 2851 1767 τοῖς
2892 1712 3153 1778 γεννητοῖς
3189 1706 3301 1776 (47)
3346 1704 3479 1756 οὒτώ
3518 1702 3819 1776 πολυμερῶς

2143 1816 2186 1874 Β
2214 1802 2303 1850 καὶ
2357 1798 2693 1873 πολυτρόπως
2732 1796 2910 1849 ἐνεῖναι
2949 1794 3151 1875 λέγεται
3189 1798 3245 1847 τό
3284 1799 3513 1866 Πνεῦμα·
3557 1796 3726 1867 ῙῙατρὶ
3756 1788 3818 1845 δὲ

2215 1892 2303 1941 καὶ
2346 1890 2448 1941 Υἱὼ
2507 1888 2633 1960 οὐχὶ
2687 1886 2867 1940 ἐνεῖναι
2915 1886 3125 1959 μᾶλλον,
3192 1884 3320 1937 ἀλλὰ
3379 1891 3605 1936 συνεῖναι
3657 1883 3815 1935 εἰπεῖν

2216 1977 2599 2051 εὐσεϐέστερον.
2646 1978 2701 2030 ’Π
2757 1981 2845 2050 μὲν
2876 1980 2974 2050 γὰρ
3030 1975 3151 2050 παρ’
3204 1976 3360 2028 αὐτοῦ
3403 1976 3563 2048 χάρις
3614 1970 3817 2025 οἰκοῦν-

2213 2086 2295 2127 τος
2353 2066 2403 2119 ἐν
2447 2074 2551 2127 τοῖς
2601 2064 2786 2135 ἀξίοις,
2828 2070 2917 2117 καὶ
2971 2065 3293 2140 ἐνεργοῦντος
3348 2065 3415 2115 τὰ
3467 2062 3672 2131 ἑαυτοῦ,
3722 2081 3816 2113 κα-

2212 2156 2311 2217 λῶς
2355 2154 2665 2229 ἐνυπάρχειν
2714 2163 2823 2217 τοῖς
2880 2152 3139 2213 δεκτικοῖς
3189 2155 3347 2205 αὑτοῦ
3398 2151 3618 2223 λέγεται·
3679 2153 3707 2209 ἡ
3756 2146 3817 2203 δί

2214 2252 2519 2321 προαιὼνιος
2590 2246 2831 2319 ὗπαρξις,
2906 2252 2995 2298 καὶ
3056 2246 3321 2303 ἄπαυστος
3381 2239 3629 2315 διαμονή,
3699 2242 3815 2314 μεθ’

2214 2338 2337 2389 Υίοῦ
2386 2340 2473 2388 καὶ
2530 2340 2729 2409 Πατρός
2782 2338 3121 2411 θεωρουμένη,
3179 2336 3268 2395 τὰς
3311 2340 3405 2394 τῆς
3460 2328 3639 2385 ἁῐδίου
3696 2350 3819 2384 συν-

2216 2431 2393 2500 αφείας
2444 2427 2555 2496 (48)
2611 2431 2971 2502 προσηγορίας

2214 2521 2303 2568 καί
2361 2516 2564 2578 ἀληθῶς
2621 2518 2977 2589 συνυπάρχειν
3030 2515 3111 2568 ἐπὶ
3177 2523 3272 2566 τῶν
3348 2513 3665 2587 ἀχωρίστως
3730 2512 3817 2563 ἀλ-

3047 2426 3299 2485 ἐπιζητεῖ.
3360 2427 3427 2476 Τό
3473 2425 3573 2498 γὰρ
3621 2427 3817 2498 κυρίως

2212 2605 2390 2666 λήλοις
2429 2612 2681 2658 συνόντων
2712 2607 2934 2678 λέγεται.
2967 2610 3071 2663 Τὴν
3120 2606 3221 2678 γὰρ
3272 2605 3565 2679 θερμότητα
3610 2608 3683 2671 τῷ
3723 2604 3816 2674 μὲν

2215 2699 2605 2770 πυρακτωθέντί
2673 2693 2879 2772 σιδήρῳ
2928 2696 3238 2768 ἐνυπάρχειν
3307 2696 3491 2766 φαμέν·
3558 2692 3699 2763 αὐτῷ
3757 2688 3817 2744 δὲ

2210 2794 2281 2857 τῷ
2312 2790 2439 2860 πυρί
2485 2789 2865 2858 συνυπάρχειν.
2937 2789 3036 2837 Καὶ
3089 2788 3180 2841 τὴν
3227 2785 3317 2855 μὲν
3364 2783 3561 2855 ὑγίειαν
3602 2788 3675 2851 τῷ
3717 2786 3818 2833 σωο

2212 2895 2341 2947 ματι
2372 2875 2704 2951 ἐνυπάρχειν,
2732 2880 2824 2933 τὴν
2867 2870 2925 2926 δὲ
2955 2877 3089 2937 ζωὴν
3130 2880 3190 2945 τῇ
3225 2873 3378 2945 ψυχῇ
3432 2873 3815 2944 συνυπάρχειν.

2210 2964 2369 3018 Ὥστε
2420 2968 2545 3018 ὅπου
2590 2968 2679 3037 μὲν
2732 2966 2895 3017 οἰκεία
2938 2970 3026 3017 καὶ
3058 2967 3296 3037 συμφυὴς
3327 2968 3415 3015 καὶ
3447 2961 3748 3035 ἁχώριστος
3781 2961 3810 3019 ἡ

2212 3062 2472 3122 κοινωνία,
2506 3061 2929 3129 σημαντικωτέρα
2974 3059 3109 3127 φωνή
3158 3057 3187 3113 ἡ
3246 3059 3339 3106 συν
3361 3057 3491 3123 (49),
3541 3060 3635 3113 τῆς
3670 3050 3820 3124 ἀχω-

2141 3180 2181 3236 C
2210 3152 2398 3220 ρίστου
2452 3150 2718 3208 κοινωνίας
2763 3150 2851 3203 τὴν
2884 3142 3120 3197 διάνοιαν
3162 3143 3549 3196 ὑποϐάλλουσα·
3584 3144 3712 3195 ὅπου
3759 3139 3819 3195 δὲ

2210 3239 2587 3312 προσ-γίνεσθαι
2636 3238 2665 3295 ἡ
2724 3234 2810 3289 ἀπ’
2867 3236 3024 3288 αὑτοῦ
3073 3237 3237 3308 χάρις
3278 3240 3366 3286 καὶ
3421 3233 3576 3286 πάλιν
3631 3231 3821 3305 ἀπογί-

2210 3330 2391 3380 νεσθαι
2446 3326 2685 3400 πέφυκεν,
2743 3326 2939 3386 οἰκείως
2985 3330 3074 3377 καὶ
3133 3324 3334 3384 ἀληθῶς
3388 3326 3446 3375 τό
3502 3322 3819 3396 ἐνυπάρχειν

2209 3418 2435 3490 λέγεται,
2484 3416 2577 3469 κᾶν
2636 3423 2740 3477 τοῖς
2780 3412 3080 3487 δεξαμένοις
3110 3414 3357 3475 πολλάκις
3390 3409 3483 3466 διὰ
3521 3416 3578 3465 τό
3608 3409 3819 3487 ίδραῐον

2211 3516 2306 3569 τῆς
2354 3512 2472 3581 περὶ
2526 3511 2581 3559 τὸ
2634 3505 2789 3558 καλὸν
2846 3501 3131 3566 διαθέσεως
3178 3504 3207 3561 ἡ
3280 3502 3367 3555 ἀπ’
3426 3502 3587 3555 αὑτοῦ
3651 3503 3819 3577 χάρις

2213 3592 2439 3669 διαρκὴς
2491 3601 2786 3670 παραμένῃ.
2840 3593 3000 3647 Ὥστε
3026 3596 3146 3645 ὅταν
3195 3595 3284 3667 μεν
3316 3596 3407 3651 τὴν
3441 3592 3634 3645 οἰκείαν
3667 3589 3823 3654 ἀξίαν

2212 3693 2301 3737 τοῦ
2352 3688 2644 3757 Πνεῦματος
2716 3684 2975 3757 ἐννοῶμεν,
3036 3686 3167 3756 μετὰ
3242 3686 3448 3756 Πατρός
3530 3687 3621 3733 καὶ
3691 3684 3820 3733 Υίοῦ

2213 3775 2339 3826 αυτὸ
2376 3776 2680 3848 θεωρουμεν·
2728 3774 2847 3824 ὃταν
2883 3770 2940 3825 δε
2980 3777 3072 3830 την
3104 3772 3173 3834 εἰς
3214 3776 3334 3832 τοὺς
3363 3775 3626 3845 μετόχους
3684 3770 3823 3844 ἐνερ-

2211 3868 2466 3936 γουμένην
2494 3866 2657 3936 χάριν
2697 3862 3085 3935 ἐνθυμηθῶμεν,
3129 3862 3176 3914 ἐν
3209 3863 3332 3934 ἡμῖν
3386 3858 3514 3913 εἶναι
3562 3863 3620 3913 τό
3654 3864 3824 3913 ΙΙνεῦο

2214 3974 2287 4026 μα
2323 3953 2555 4027 λέγομεν.
2600 3958 2698 4005 Καὶ
2742 3955 2770 4011 ἦ
2827 3972 2882 4023 γε
2940 3956 3306 4027 προσαγομένη
3356 3948 3635 4023 δοξολογία
3690 3950 3825 4025 παρ’

2214 4045 2358 4115 ἡμῶν
2391 4043 2437 4095 ἐν
2470 4052 2540 4114 τῷ
2575 4046 2835 4115 Πνεῦματι
2880 4041 3008 4114 οὐχὶ
3052 4050 3145 4103 τῆς
3190 4041 3379 4094 ἐκείνου
3435 4040 3578 4103 ἀξίας
3636 4039 3827 4112 ὁμολο-

2215 4138 2332 4205 γίαν
2386 4137 2517 4205 ἔχει,
2572 4133 2699 4185 ἀλλὰ
2743 4142 2838 4193 τῆς
2891 4135 3148 4206 ἡμετέρας
3206 4132 3368 4184 αὐτῶν
3416 4131 3679 4190 ἀσθενείας
3740 4129 3824 4193 ἐξ-

2216 4222 2550 4295 ομολόγησιν·
2586 4220 2912 4291 δεικνύντων,
2956 4223 3033 4273 ὅτι
3079 4225 3194 4274 οὔτε
3227 4218 3453 4285 δοξάσαι
3493 4220 3577 4294 ἀφ’
3623 4220 3825 4273 ἑαυτῶν

2220 4314 2383 4365 ἱκανοί
2434 4313 2601 4387 ἐσμεν,
2658 4313 2763 4365 ἀλλ’
2806 4316 2833 4371 ἠ
2892 4315 3132 4375 ἱκανότης
3169 4315 3313 4386 ἡμῶν
3346 4313 3393 4365 ἐν
3431 4320 3501 4384 τῷ
3550 4313 3829 4384 ΙΙνεῦματι.

2216 4413 2288 4475 τῷ
2345 4403 2496 4476 ἁγίῳ,
2548 4404 2593 4455 ἐν
2725 4400 3127 4477 δυναμωθέντες,
3170 4408 3262 4461 τὴν
3311 4403 3435 4478 ὑπὲρ
3488 4402 3554 4453 ὧν
3604 4401 3826 4475 εὐηργε-

2138 4532 2181 4586 D
2218 4496 2467 4567 τηθημεν,
2520 4502 2589 4565 τῷ
2641 4498 2747 4565 Θεῷ
2794 4494 2939 4564 ἡμῶν
3008 4493 3351 4567 εὐχαριστίαν
3394 4491 3823 4566 ἀποπληρουμεν·

2216 4585 2350 4636 κατὰ
2389 4588 2445 4635 τό
2487 4588 2668 4659 μέτρον
2702 4592 2789 4643 τῆς
2831 4582 2929 4635 ἀπὸ
2985 4588 3170 4651 κακίας
3217 4584 3594 4659 καθαρότητος,
3647 4582 3833 4656 ἔτερος

2218 4674 2388 4749 ἐτέρου
2580 4672 2732 4725 πλέον
2785 4673 2811 4731 ἡ
2870 4671 3080 4725 ἔλαττον
3136 4680 3226 4733 τῆς
3268 4672 3322 4725 ἐκ
3370 4680 3460 4725 τοῦ
3517 4674 3832 4744 ΙΙνε-ὓματος

2219 4763 2460 4837 βοηθείας
2516 4762 3016 4837 μεταλαμϐάνοντες,
3083 4762 3148 4823 εἰς
3217 4765 3275 4814 τὸ
3333 4765 3640 4837 προσφέρειν
3726 4763 3835 4826 τὰς

2219 4856 2400 4915 θυσίας
2440 4861 2531 4915 τῆς
2561 4854 2796 4913 αἰνέσεως
2840 4861 2911 4924 τῷ
2964 4858 3090 4925 Θεῷ,
3148 4851 3277 4905 Καθ’
3318 4852 3403 4905 ἕνα
3442 4855 3530 4926 μὲν
3575 4851 3662 4904 οὖν
3706 4856 3835 4926 τρό-

2138 5008 2223 5063 17.
2331 5008 2378 5043 90
2401 5012 2445 5063 ΙΙ
2474 5009 2602 5063 Cor.
2637 5023 2753 5074 xui,
2785 5010 2839 5064 3.

2290 5162 2396 5232 (48)
2448 5158 2651 5214 Ἀῐδίου
2713 5166 3029 5235 συναφείας.
3092 5161 3241 5217 Editi
3300 5155 3476 5213 ἀῐδίου
3544 5153 3833 5235 δυναμεως

2216 5240 2304 5286 καὶ
2347 5239 2636 5306 συναφείας.
2673 5234 2861 5299 Quod
2888 5238 3152 5290 erratum
3190 5250 3304 5305 ope
3344 5237 3619 5289 veterum
3656 5234 3837 5289 codi-

2216 5322 2356 5362 cum
2383 5306 2754 5361 sustulimus.

2288 5380 2398 5448 (49)
2429 5382 2569 5434 Φωνὴ
2606 5380 2633 5435 ἡ
2671 5380 2785 5431 σὺν.
2818 5380 3129 5435 Postrema
3156 5377 3372 5435 vocula
3410 5394 3480 5435 ex
3514 5378 3695 5448 Regio
3730 5394 3829 5435 se-

2216 5449 2417 5505 cundo
2448 5448 2677 5505 addita.

2448 5519 2648 5598 ’βτερος
2698 5522 2890 5598 ἐτέρου,
2939 5523 3088 5581 Editi
3142 5524 3353 5598 ἈΕτερος
3400 5524 3501 5596 γὰρ
3557 5521 3831 5598 ἑτέρου,,,

2214 5592 2686 5675 μεταλαμᾷοίνομεν,
2719 5592 2888 5674 quod
2935 5592 3297 5655 auctoritate
3344 5592 3835 5653 veterum'codi-

2214 5682 2355 5724 cum
2374 5667 2503 5724 freti
2528 5667 2919 5726 mutavimus.
