4070 6194
209 329 301 382 185

1404 331 1603 386 LIBER
1642 329 1735 386 DE
1773 329 2040 388 SPIRITU
2082 332 2374 390 SANCTO.

3473 337 3574 394 186

199 469 287 502 πον
357 452 524 512 οὕτως
605 449 829 512 εὐσεϐῶς
890 451 938 503 ἐν
993 453 1255 525 Πνεύματι
1313 457 1400 512 τὴν
1461 455 1809 530 εὐχαριστίαν

1934 456 2148 513 hostias
2177 455 2375 514 laudis
2403 461 2542 515 Deo.
2580 459 2923 515 Secundum
2979 474 3173 516 unum
3210 459 3393 530 igitur
3437 477 3574 518 mo-

199 538 614 612 ἀποπληροῦμεν.
657 546 839 594 Καίτοι
881 547 970 594 καὶ
1023 549 1174 594 τοῦτο
1235 543 1328 595 οὐκ
1387 541 1598 618 ἀϐαρὲς,
1657 545 1810 597 αὐτόν

195 650 309 682 τινα
358 630 526 701 ἐαυτῷ
579 637 884 705 μαρτυρεῖν,
948 634 1026 685 ότι
1087 639 1294 706 Πνεῦμα
1323 642 1456 686 Θεοῦ
1485 633 1533 685 ἐν
1556 632 1691 706 ἐμοὶ,
1724 640 1812 688 καὶ

196 718 289 773 διὰ
354 730 445 781 τῆς
504 720 592 773 ἀπ’
647 721 806 774 αὐτοῦ
862 726 1087 798 χάριτος
1148 726 1417 797 σοφισθεὶς
1458 721 1693 800 ἀναφέρω
1722 730 1812 783 τὴν

198 806 384 872 δόξαν,
440 810 628 883 Παύλῳ
693 812 795 886 γὰρ
850 817 1127 886 πρέπουσα
1180 815 1209 871 ἡ
1283 819 1443 886 φωνή-
1512 821 1655 867 Δοκῶ
1713 819 1813 890 γὰρ

197 899 355 973 κάγὼ
436 908 646 973 Πνεῦμα
725 909 860 955 Θεοῦ
920 906 1078 974 ἔχειν·
1128 909 1218 955 καὶ
1266 903 1436 956 πάλιν
1495 909 1600 962 Τὴν
1654 905 1814 963 καλὴν

199 993 654 1064 παρακαταθήκην

750 992 970 1064 φύλαξον
1060 988 1152 1045 διὰ
1257 997 1549 1065 Πνεύματος

199 1088 297 1132 τοῦ
356 1079 666 1142 ἐνοικοῦντος
732 1079 780 1132 ἐν
835 1083 979 1154 ἡμῖν·
1034 1087 1122 1134 καὶ
1190 1087 1305 1158 περὶ
1354 1091 1448 1135 τοῦ
1496 1083 1703 1142 Amani):
1738 1085 1814 1136 ὅτι

1660 994 1812 1066 ἁγίου

200 1174 416 1240 Πνεῦμα
471 1175 606 1221 Θεοῦ
655 1168 807 1240 ἅγιον
867 1167 914 1222 ἓν
945 1170 1106 1242 αὐτῷ’
1140 1176 1228 1223 καὶ
1261 1173 1413 1232 εἴτις
1469 1169 1679 1232 ἐκείνοις
1718 1175 1812 1228 τὴν

204 1257 390 1332 ἀρετήν
418 1257 808 1333 παραπλήσιος.

276 1439 364 1493 64.
425 1439 672 1512 Δεύτερος
730 1433 791 1490 δὲ
854 1445 993 1504 νοῦς,
1027 1434 1150 1492 οὐδὲ
1183 1437 1337 1502 αὐτὸς
1385 1436 1696 1502 ἀπόϐλητος·
1731 1441 1810 1490 ὅτι

200 1530 374 1600 ὥσπερ
432 1526 480 1578 ἐν
533 1534 608 1597 τῷ
665 1529 770 1598 Υἱῷ
829 1529 1013 1602 ὁρᾶται
1051 1530 1076 1579 ό
1113 1535 1312 1604 Πατὴρ,
1355 1530 1520 1589 οὕτως
1558 1531 1584 1580 ό
1617 1531 1731 1590 Υἱός
1762 1528 1810 1579 ἐν

198 1623 269 1686 τῷ
317 1619 607 1689 Πνεύματι.
659 1614 718 1669 Ἠ
796 1621 966 1670 τοίνυν
1020 1615 1065 1669 ἓν
1104 1626 1177 1689 τῷ
1210 1622 1470 1690 Πνεύματι
1515 1620 1811 1694 προσκύνη-

202 1725 279 1766 σις
337 1711 437 1764 τήν
486 1708 556 1768 ὡς
605 1705 653 1757 ἓν
711 1711 841 1778 φωτὶ
898 1711 1167 1781 γινομένην
1230 1709 1327 1771 τῆς
1389 1705 1625 1770 διανοίας
1665 1710 1810 1780 ἡμῶν

197 1797 458 1872 ἐνέργειαν
513 1793 810 1862 ὗποϐαἏλει,
857 1798 926 1858 ὡς
984 1796 1036 1848 ἐκ
1065 1805 1164 1850 τῶν
1203 1801 1332 1873 πρὸς
1378 1804 1471 1857 τὴν
1503 1805 1813 1871 Σαμαρεῖτιν
1847 1813 1884 1867 Β

199 1887 487 1960 εἰρημένων
532 1882 594 1936 ἆν
651 1887 856 1957 μάθοις.
925 1887 1004 1938 Ἐν
1062 1891 1204 1959 τόπῳ
1245 1888 1348 1962 γάρ
1381 1884 1619 1946 εἶναιτὴν
1649 1906 1814 1962 προσ·

197 1980 424 2033 κύνησιν
485 1975 540 2028 ἐκ
594 1982 687 2036 τῆς
731 1976 995 2050 ἐγχωρίου
1061 1979 1339 2039 συνηθείας
1395 1979 1732 2050 ἠπατημένην
1788 1979 1812 2027 ό

202 2069 396 2140 Κύριος
427 2066 578 2138 ἡμῶν
642 2061 1070 2137 μεταδιδάσκων,
1105 2067 1151 2118 ἐν
1186 2070 1444 2140 Πνεύματι
1474 2073 1563 2119 καὶ
1597 2065 1814 2139 ἀληθείᾳ

198 2166 404 2229 χρῆναι
425 2162 737 2228 προσκυνεῖν
769 2157 972 2227 ἔφησεν,
1025 2155 1205 2208 ἑαυτὸν
1243 2156 1401 2228 λέγων
1457 2153 1665 2216 δηλαδὴ
1718 2160 1812 2214 τὴν

199 2246 474 2304 ἀληθειαν.
531 2243 734 2320 Ὠσπερ
787 2246 875 2298 οὖν
925 2245 972 2297 ἐν
1028 2253 1100 2316 τῷ
1153 2245 1258 2317 Υἰῷ
1283 2247 1642 2322 προσκύνησιν
1670 2245 1813 2318 λέγο-

192 2356 310 2409 μεν,
369 2341 470 2394 τήν
528 2337 599 2398 ὡς
656 2336 706 2388 έν
751 2335 909 2388 εἰκόνι
964 2341 1056 2387 τοῦ
1115 2343 1248 2389 Θεοῦ
1296 2341 1384 2388 καὶ
1415 2339 1634 2409 Πατρός,
1677 2336 1812 2388 οὕτω

188 2431 286 2479 καὶ
342 2427 391 2479 ἐν
452 2435 526 2497 τῷ
587 2427 874 2497 Πνεύματι,
933 2426 1000 2486 ὡς
1026 2425 1072 2477 ἐν
1100 2425 1266 2496 ἐαυτῷ
1306 2421 1567 2478 δεικνύντι
1595 2429 1689 2484 τὴν
1721 2431 1812 2477 τοῦ

192 2521 402 2591 Κυρίου
438 2516 675 2573 θεότητα.
739 2519 828 2568 Διό
867 2520 956 2567 καὶ
998 2514 1044 2568 ἐν
1083 2523 1145 2588 τῇ
1206 2520 1564 2589 προσκυνήσει
1613 2507 1816 2589 ἀχώρῖ-

196 2627 325 2660 στον
358 2606 464 2659 ἀπὸ
495 2607 703 2678 Πατρός
730 2607 820 2658 κάὶ
861 2607 984 2658 Υὶοῠ
1013 2608 1072 2657 τό
1103 2612 1312 2678 Πνεῦμα
1340 2609 1398 2657 τό
1451 2605 1617 2678 ἅγιον.
1678 2603 1814 2668 Ἔξω

190 2702 290 2772 μὲν
318 2701 428 2774 γὰρ
459 2699 721 2771 ὑπάρχων
756 2696 938 2764 αὐτοῦ,
982 2693 1106 2749 οὐδε
1157 2702 1546 2772 προσκυνήσεις
1600 2699 1658 2749 τό
1707 2717 1813 2749 πα-

192 2791 396 2864 ράπαν·
478 2788 530 2840 ἐν
585 2787 722 2859 αὐτῷ
778 2783 835 2840 δὲ
891 2789 1155 2860 γενόμενος
1213 2783 1387 2840 οὐδενὶ
1461 2789 1634 2860 τρόπῳ
1703 2787 1814 2858 (51)

193 2879 567 2953 ἀποχωρίσεις
625 2874 726 2929 ὄιπό
791 2883 943 2930 erat)"
995 2876 1052 2928 οὐ
1082 2875 1274 2950 μᾶλλόν
1312 2896 1392 2949 γε,
1426 2877 1454 2935 ἡ
1488 2885 1586 2928 τῶν
1618 2877 1814 2952 ὁρατῶν

194 2968 534 3030 ἀποστήσας
589 2970 648 3019 τὸ
690 2974 814 3039 φῶςο
871 2962 1128 3020 ἀδύνατον
1185 2968 1284 3039 γὰρ
1343 2963 1472 3018 ἰδεῖν
1528 2971 1616 3024 τὴν
1648 2965 1817 3018 εἰκόνα

194 3067 291 3111 τοῦ
323 3067 464 3112 Θεοῦ
502 3064 598 3109 τοῦ
625 3056 872 3131 ἀοράτου,
901 3059 970 3129 μὴ
1013 3055 1062 3108 ἐν
1101 3064 1174 3127 τῷ
1203 3064 1454 3130 φωτισμῷ
1511 3064 1602 3108 τοῦ
1654 3058 1816 3108 Πνεύ-

194 3167 384 3221 ματος,
419 3150 524 3201 Καὶ
550 3150 639 3198 τόν
675 3145 1030 3207 ἐνατενίζοντα
1076 3153 1136 3220 τῇ
1182 3144 1340 3198 εἰκόνι
1397 3143 1674 3218 ἀμήχανον
1727 3154 1818 3206 τῆς
1847 3170 1888 3227 C

198 3239 396 3300 εἰκόνος
463 3235 809 3312 ἀποχωρίσαι
857 3239 915 3288 τὸ
974 3244 1096 3309 φῶς.
1138 3238 1208 3290 Τὸ
1233 3237 1334 3309 γὰρ
1366 3243 1458 3288 τοῦ
1499 3235 1622 3310 όρᾴν
1653 3238 1817 3287 αἴτιον

199 3329 252 3391 ἐξ
284 3328 526 3399 ἀνάγκης
566 3328 960 3401 συγκαθορᾶται
993 3332 1100 3388 τοῖς
1141 3326 1368 3399 ὁρατοῖς.
1399 3323 1560 3377 Ὠστε
1618 3326 1817 3387 οἰκείως

196 3423 291 3471 καὶ
347 3417 652 3478 ἀκολούθως
705 3412 798 3468 διὰ
837 3418 927 3488 μὲν
966 3423 1058 3468 τοῦ
1102 3423 1373 3488 φωτισμοῦ
1405 3423 1495 3467 τοῦ
1525 3416 1818 3487 Πνεύματος

197 3515 260 3560 τό
291 3507 631 3580 ἀπαύγασμα
664 3513 758 3568 τῆς
800 3501 960 3568 δόξης
988 3512 1078 3557 τοῦ
1143 3512 1274 3558 Θεοῦ
1344 3506 1666 3578 καθορῶμεν·
1726 3500 1819 3556 διά

203 3595 265 3650 δι
290 3604 391 3650 τοῦ
427 3605 774 3670 χαρακτῆρος
801 3594 884 3648 ἐπὶ
913 3599 1005 3653 τὴν
1036 3594 1096 3647 οὗ
1127 3593 1264 3648 ἐστιν
1313 3595 1338 3648 ό
1391 3598 1675 3670 χαρακτὴρ
1731 3598 1818 3646 καὶ

203 3689 234 3746 ὴ
265 3687 522 3750 ἰσότυπος
564 3691 783 3760 σφραγὶς
814 3682 1134 3758 ἁναγόμεθα.

754 3868 1142 3920 ΚΕΦΑΛΛῙΟΝ
1193 3862 1288 3918 ΚΖ

210 3976 382 4029 Πόθεν
428 3975 460 4032 ἠ
497 3994 528 4023 α
579 3974 673 4026 σὺν
704 3993 756 4047 Α»
800 3972 997 4047 ᾖρξατο
1055 3970 1312 4047 συλλαϐὴ,
1371 3974 1466 4047 και
1512 3975 1666 4047 ποίαν
1721 3965 1822 4023 δύ-

281 4067 441 4118 ναμιν
499 4047 634 4116 ἕχει,
692 4044 741 4098 ἓν
877 4048 968 4096 καὶ
1024 4045 1094 4097 τὰ
1147 4049 1264 4116 περὶ
1315 4051 1414 4096 τῶν
1444 4041 1690 4117 ἀγράφων
1728 4049 1824 4102 τῆς

283 4118 473 4176 Ἐκκλη
483 4124 603 4178 σίας
631 4121 888 4188 νομίμων.

284 4213 379 4264 65.
432 4212 584 4268 Τίνος
647 4201 736 4258 οὗν
785 4207 965 4276 ἕνεκεν,
998 4209 1174 4279 φασὶν,
1237 4201 1384 4266 ἰδίως
1447 4205 1827 4278 προσηκούσης

213 4307 285 4370 τῷ
337 4301 606 4371 Πνεύματι
657 4293 753 4360 τῆς
811 4295 858 4350 ἐν
915 4295 1192 4363 συλλαϐῆς,
1241 4301 1330 4348 καὶ
1387 4295 1460 4356 εἰς
1496 4300 1671 4348 πᾶσαν
1702 4297 1826 4368 ἡμῖν

214 4394 306 4447 τὴν
365 4395 484 4459 περί
523 4387 684 4440 αὑτοῦ
735 4389 926 4440 ἔννοιαν
973 4386 1316 4462 ἐξαρκούσης,
1352 4390 1446 4444 την
1475 4390 1658 4444 καινὴν
1695 4387 1827 4438 ταύ-

217 4498 311 4536 την
341 4481 495 4550 ὑμεῖς
551 4476 814 4535 συλλαϐήν
867 4477 1258 4549 ἐπεισηγάγετε,
1290 4480 1382 4529 σὺν
1411 4484 1484 4548 τῷ
1520 4477 1632 4548 (56)
1669 4477 1827 4528 Πνεύ-

1924 544 2070 600 dum
2102 547 2185 601 sic
2209 547 2304 618 pie
2329 547 2658 617 gratiarum
2685 549 2983 604 actionem
3013 548 3074 604 in
3102 550 3323 622 Spiritu
3349 549 3578 623 persol-

1922 634 2139 691 vimus.
2165 639 2527 708 Quanquam
2558 641 2613 692 et
2641 637 2756 692 hoc
2791 637 2997 695 invida
3023 653 3146 694 non
3176 643 3356 709 caret,
3379 643 3450 696 ut
3474 639 3579 696 ali-

1925 725 2058 796 quis
2090 725 2163 780 de
2195 726 2395 797 seipso
2418 725 2794 795 testiﬁcetur,
2839 726 3157 800 dicatque:
3186 727 3434 798 Spiritus
3476 727 3578 785 Dei

1923 812 1984 868 in
2008 830 2103 869 me
2134 818 2240 882 est,
2273 818 2329 870 et
2367 831 2474 887 per
2494 816 2751 884 gratiam
2782 814 2937 871 illius
2968 816 3208 888 sapiens
3235 816 3426 873 factus
3479 834 3576 874 re-

1926 901 2049 957 fero
2073 902 2346 973 gloriam.
2376 907 2526 960 Nam
2544 903 2671 959 haec
2693 920 2812 959 vox
2843 904 3092 960 Paulum
3119 904 3286 961 decet
3315 921 3327 959 :
3363 906 3578 962 Videor

1925 998 1980 1048 et
2008 993 2157 1048 mihi
2183 995 2480 1062 Spiritum
2522 994 2631 1050 Dei
2674 994 2948 1051 habere“
2982 998 3075 1060 ;et
3119 1010 3350 1062 rursus,
3401 995 3582 1065 Egre-

1923 1083 2085 1154 gium
2101 1084 2428 1153 depositum
2443 1100 2613 1140 serva
2629 1099 2741 1153 per
2755 1085 3050 1154 Spiritum
3065 1090 3339 1140 sanctum
3361 1085 3465 1155 qui
3477 1084 3580 1140 ha-

1928 1171 2076 1227 bitat
2110 1174 2169 1227 in
2206 1173 2372 1228 nobis
2396 1174 2462 1227 ⁹².
2486 1176 2628 1228 Item
2661 1171 2735 1227 de
2761 1172 2998 1228 Daniele
3029 1171 3287 1244 legimus
3311 1173 3383 1241 93,
3413 1170 3580 1244 quod

1925 1260 2177 1333 Spiritus
2227 1262 2328 1318 Dei
2377 1268 2623 1318 sanctus
2672 1261 2846 1318 fuerit
2888 1261 2951 1318 in
3003 1267 3194 1331 eo;et
3223 1263 3271 1319 si
3301 1261 3438 1334 quis
3467 1260 3580 1317 illis

1925 1351 2208 1408 assimilis
2240 1354 2316 1407 sit
2346 1351 2581 1418 virtute,

1995 1443 2081 1496 64.
2139 1439 2298 1496 Alter
2354 1445 2556 1497 autem
2605 1439 2942 1497 intellectus
2989 1444 3096 1509 est,
3128 1457 3239 1496 nec
3263 1440 3394 1514 ipse
3436 1440 3580 1512 reji-

1921 1529 2188 1597 ciendus,
2240 1529 2408 1602 quod
2467 1529 2618 1584 sicut
2675 1530 2738 1585 in
2788 1529 2929 1586 Filio
2969 1530 3230 1586 cernitur
3270 1532 3460 1600 Pater,
3493 1527 3579 1586 sic

1923 1619 2099 1676 Filius
2127 1619 2388 1676 cernitur
2417 1619 2478 1674 in
2509 1619 2742 1691 Spiritu.
2778 1623 2983 1693 Itaque
3018 1618 3292 1676 adoratio
3323 1634 3460 1693 quae
3506 1618 3580 1674 sit

1920 1710 1980 1766 in
2009 1708 2249 1782 Spiritu,
2281 1707 2496 1763 mentis
2530 1712 2750 1763 nostra:
2784 1707 3200 1780 operationem
3231 1712 3296 1764 ut
3345 1707 3409 1763 in
3446 1705 3581 1764 luce

1921 1799 2142 1856 factam
2174 1797 2420 1861 indicat,
2448 1801 2514 1852 ut
2539 1796 2736 1852 dicere
2760 1797 2896 1854 licet
2935 1815 3007 1854 ex
3037 1797 3107 1853 iis
3135 1813 3271 1871 quae
3323 1795 3581 1854 Samari-

1923 1895 2076 1947 tana:
2108 1887 2265 1944 dicta
2289 1891 2447 1944 sunt.
2483 1890 2631 1943 Nam
2654 1903 2793 1943 cum
2811 1887 2914 1943 illa
2937 1887 3376 1944 consuetudine
3395 1886 3584 1956 regio‘

1923 1979 2015 2036 nis
2040 1978 2293 2050 decepta
2325 1976 2692 2033 existimaret
2717 1977 2777 2032 in
2808 1976 2942 2033 loco
2970 1993 3102 2032 esse
3133 1975 3574 2044 adorationem;

1924 2068 2212 2125 Dominus
2241 2083 2378 2122 eam
2409 2066 2715 2122 dedocens
2747 2067 2894 2122 dixit
2923 2067 2983 2122 in
3019 2067 3307 2140 Spirituet
3326 2064 3576 2122 veritate

1925 2157 2178 2214 adorare
2206 2159 2484 2229 oportere
2507 2157 2554 2192 9‘
2585 2155 2910 2221 ;nimirum
2952 2155 3218 2229 seipsum
3267 2154 3582 2228 appellans

1928 2245 2255 2302 veritatem.
2283 2243 2813 2311 Quemadmodum
2841 2243 3018 2315 igitur
3042 2243 3102 2299 in
3145 2242 3286 2300 Filio
3317 2241 3577 2298 dicimus

1925 2336 2365 2404 adorationem,
2391 2335 2556 2392 velut
2581 2335 2644 2392 in
2673 2335 2939 2406 imagine
2969 2333 3069 2390 Dei
3095 2350 3164 2390 ac
3196 2331 3498 2389 Patris:sic
3526 2333 3584 2387 et

1923 2426 1985 2482 in
2006 2424 2228 2499 Spiritu
2259 2429 2554 2498 tanquam
2583 2423 2646 2480 in
2689 2424 2892 2497 seipso
2925 2422 3160 2480 Domini
3211 2420 3583 2478 divinitatem

1926 2516 2318 2589 exprimente.
2361 2514 2527 2570 Unde
2575 2518 2629 2570 et
2658 2513 2720 2570 in
2746 2513 3102 2570 adoratione
3159 2508 3581 2584 inseparabilis

1925 2609 2013 2661 est
2045 2621 2081 2661 a
2111 2605 2284 2662 Patre
2308 2607 2364 2660 et
2387 2603 2534 2659 Filio
2561 2602 2817 2676 Spiritus
2875 2608 3144 2660 sanctus.
3200 2604 3351 2657 Nam
3409 2600 3461 2655 si
3500 2597 3582 2654 sis

1925 2698 2092 2750 extra
2136 2693 2324 2765 illum,
2384 2693 2552 2750 nullo
2583 2699 2758 2767 pacto
2807 2709 2868 2749 es
2914 2692 3276 2750 adoraturus
3306 2707 3319 2745 :
3352 2693 3578 2761 contra,

1926 2786 1976 2841 si
2011 2783 2126 2857 54
2155 2783 2215 2839 in
2244 2783 2344 2840 illo
2374 2784 2581 2850 fueris,
2611 2783 2778 2839 nullo
2808 2781 2994 2839 modo
3028 2799 3168 2838 eum
3190 2779 3504 2854 separabis
3545 2795 3582 2835 a

1926 2876 2066 2944 Deo,
2099 2873 2284 2929 nihilo
2306 2873 2573 2946 profecto
2595 2873 2790 2943 magis
2811 2888 2999 2945 quam
3022 2871 3229 2926 lumen
3261 2867 3580 2941 separabis

1927 2963 2005 3020 ab
2029 2963 2099 3019 iis
2129 2979 2262 3036 quae
2298 2961 2452 3017 visui
2472 2959 3114 3035 patentzimpossibile
3154 2957 3451 3030 siquidem
3495 2959 3585 3012 est

1927 3069 2167 3110 cernere
2197 3052 2552 3123 {imaginem
2595 3051 2697 3106 Dei
2748 3049 3090 3120 invisibilis,
3132 3048 3246 3104 nisi
3265 3046 3328 3103 in
3355 3045 3584 3102 lumine

1930 3143 2203 3217 Spiritus.
2230 3144 2295 3198 Et
2320 3141 2426 3214 qui
2453 3141 2717 3196 intuetur
2746 3138 3098 3210 imaginem,
3121 3138 3282 3194 hunc
3307 3133 3585 3209 impossi-

1925 3233 2044 3290 bile
2065 3236 2154 3289 est
2177 3231 2386 3288 lumen
2417 3229 2495 3287 ab
2525 3229 2788 3300 imagine
2817 3245 3121 3303 separare.
3147 3226 3317 3295 Quod
3339 3225 3499 3283 enim
3520 3227 3585 3282 ut

1926 3322 2137 3380 videas
2168 3321 2232 3377 in
2261 3337 2444 3377 causa
2475 3324 2586 3389 est,
2619 3320 2677 3374 id
2718 3335 2963 3376 necesse
2992 3322 3101 3388 est,
3141 3322 3206 3374 ut
3235 3314 3415 3372 simul
3443 3331 3584 3371 cum

1928 3413 2001 3468 iis
2065 3427 2197 3485 quae
2253 3415 2600 3478 cernuntur,
2650 3407 2944 3466 videatur.
2993 3411 3200 3480 Itaque
3251 3403 3496 3478 proprie
3528 3405 3587 3459 et

1929 3506 2327 3572 congruenter
2355 3515 2463 3573 per
2488 3498 2994 3555 illuminationem
3017 3496 3268 3570 Spiritus
3292 3493 3589 3567 conspici-

1928 3609 2067 3650 mus
2093 3590 2478 3664 splendorem
2505 3588 2704 3659 gloriae
2733 3588 2834 3644 Dei
2865 3605 2878 3655 ;
2912 3603 3018 3661 per
3039 3586 3448 3643 characterem
3487 3599 3591 3639 au-

1931 3687 2050 3740 tem
2081 3679 2161 3736 ad
2191 3696 2351 3747 eum,
2384 3677 2558 3750 cujus
2589 3681 2678 3734 est
2705 3676 3014 3733 character
3043 3679 3100 3733 et
3132 3672 3362 3748 aequale
3423 3670 3586 3743 sigil-

1930 3771 2078 3841 lum,
2113 3767 2528 3827 subvehimur.

2538 3858 2761 3914 CAPUT
2797 3855 3001 3913 XXVII.

1943 3968 2104 4028 Unde
2117 3967 2357 4023 initium
2377 3965 2554 4024 habet
2579 3964 2844 4034 syllaba,
2879 3986 2900 4013 ι
2931 3978 3088 4032 cum,
3122 3982 3150 4012 »
3173 3966 3231 4019 et
3253 3975 3432 4033 quam
3465 3959 3585 4034 vim

2007 4040 2248 4167 habceiatt,
2276 4039 2382 4095 ubi
2408 4042 2462 4095 et
2486 4039 2556 4094 de
2584 4033 2872 4094 Ecclesia;-
2896 4035 3124 4106 legibus
3146 4035 3323 4090 nullo
3362 4033 3587 4102 scripto

2001 4127 2118 4182 pro
2165 4131 2180 4155 ν
2216 4127 2288 4166 ιε.
3015 4153 3028 4160 -

2009 4207 2097 4259 65.
2121 4202 2316 4267 Quam
2345 4197 2526 4272 igitur
2554 4197 2633 4255 ob
2655 4212 2928 4266 causam,
2967 4195 3251 4268 inquiunt
3290 4209 3430 4250 cum
3454 4207 3592 4266 pro-

1935 4291 2063 4364 prie
2093 4289 2412 4347 conveniat
2434 4289 2560 4344 haec
2591 4287 2847 4360 syllaba,
2888 4287 2970 4356 in,
2999 4283 3263 4358 Spiritui,
3299 4299 3368 4340 ac
3410 4280 3591 4338 nobis

1939 4381 2018 4439 ad
2043 4377 2509 4454 exprimendam
2535 4375 2812 4451 quemvis
2850 4375 2924 4432 de
2953 4374 3172 4448 Spiritu
3224 4371 3594 4430 intellectum

1940 4472 2222 4540 sufﬁciat,
2243 4486 2354 4527 vos
2373 4485 2600 4526 novam
2620 4469 2804 4525 istam
2825 4466 3126 4540 syllabam
3142 4463 3595 4537 induxistis,qui

216 4589 346 4642 ματι
402 4569 654 4640 λέγοντες,
725 4572 814 4620 καὶ
865 4567 977 4636 οὐκ,
1031 4567 1078 4620 ἐν
1245 4568 1507 4640 ΙῙνεύματι
1554 4574 1627 4638 τῷ
1672 4565 1819 4638 ἁγίῳ,

1939 4562 2157 4630 dicitis,
2181 4538 2332 4618 Cum
2361 4560 2618 4630 Spiritu,
2655 4573 2800 4626 non,
2830 4538 2902 4613 Ῐη
2933 4557 3171 4627 Spiritu
3194 4561 3424 4623 sancto;
3453 4553 3598 4612 alio-

219 4663 337 4712 οὔτε
384 4658 555 4720 ἅλὶως
609 4657 886 4731 ἀναγκαῖα,
947 4661 1062 4712 όῧτε
1129 4660 1470 4731 νενομισμένα
1531 4662 1647 4717 ταῖς
1716 4655 1830 4707 Ἐκ-

220 4750 469 4809 κλησίαις
534 4750 870 4821 φθεγγόμενοι
898 4765 912 4816 ;
944 4747 1030 4811 Ὠς
1081 4750 1171 4821 μὶν
1225 4743 1312 4800 οὖν
1372 4745 1500 4818 οὐχὶ
1529 4745 1832 4820 ἀποκληρω-

223 4860 377 4901 τικως
423 4847 501 4910 τῷ
553 4837 688 4911 ἁγίῳ
743 4841 1002 4911 Πνεύματι
1049 4840 1079 4895 η
1141 4837 1189 4891 ἐν
1241 4835 1469 4894 συλλαϐὴ
1503 4833 1830 4908 διενήνοχεν,

229 4929 350 4982 me
403 4933 554 4986 κοινὴ
615 4929 821 5002 Πατρός
880 4927 993 4980 ἐστι
1045 4931 1136 4980 καὶ
1186 4929 1332 4994 Υἱοῦ,
1394 4925 1441 4979 ἐν
1473 4931 1583 4988 τοῖς
1612 4929 1830 4978 κατόπιν

231 5023 444 5094 εἰρηται,
506 5016 673 5092 Οἶμαι
734 5013 792 5070 δὲ
849 5016 1051 5071 κάκεῖνο
1102 5016 1391 5092 ἀρκούντως
1447 5017 1709 5094 εἰρῆσθαι,
1752 5016 1832 5068 ὅτι

232 5110 282 5161 οὐ
334 5115 493 5184 μόνον
551 5109 650 5162 οὐκ
703 5108 1007 5182 ἀφαιρεῖταί
1066 5128 1118 5161 τι
1158 5116 1250 5170 τῆς
1300 5107 1450 5171 ἀξίας
1477 5115 1568 5160 τοῦ
1598 5108 1834 5179 ΙΙνεύμαο

234 5218 326 5268 τις,
373 5202 510 5255 εὶ)λά
561 5204 656 5253 καὶ
708 5203 836 5274 πρός
888 5202 947 5252 τὸ
975 5202 1221 5272 μέγιστον
1253 5197 1384 5272 ὕψος
1422 5205 1522 5252 τῶν
1561 5201 1632 5270 μὴ
1660 5198 1828 5254 πάντη

302 5404 337 5437 ⁵⁸
369 5405 386 5458 ί
414 5405 548 5460 (ΖΘΓ.
586 5415 686 5465 VII,
708 5401 804 5463 40,

884 5400 930 5434 ίδ²
959 5398 1001 5452 lI
1033 5397 1182 5456 Tim.
1215 5413 1253 5468 ι,
1287 5397 1374 5454 14.
1457 5397 1504 5432 ⁹³
1530 5393 1682 5455 Dan.
1714 5411 1769 5464 ν,
1806 5393 1891 5452 lt.

275 5601 403 5686 ﬁt.)
436 5596 633 5682 Οόὸενι
673 5599 924 5677 τροπῲ...
953 5595 982 5657 ἦ
1015 5603 1133 5651 τῶν.
1170 5593 1262 5655 Sic
1291 5610 1438 5653 mss.
1495 5609 1623 5655 sex.
1671 5593 1827 5655 Editi

247 5679 398 5728 σέιῖινι
434 5679 653 5747 τόπῳ...

1938 4653 2086 4728 quin
2111 4667 2224 4709 nec
2248 4649 2630 4714 necessariis,
2655 4664 2765 4706 nec
2793 4647 2872 4705 ab
2896 4645 3158 4705 Ecclesia
3187 4645 3457 4720 probatis
3489 4661 3598 4702 vo-

1940 4744 2111 4802 cibus
2138 4745 2370 4800 utentes
2394 4742 2421 4796 ?
2450 4739 2625 4807 Quod
2655 4738 2838 4811 igitur
2864 4737 2992 4795 haec
3024 4736 3281 4810 syllaba,
3312 4738 3376 4793 in
3412 4735 3600 4808 Spiri-

1939 4835 2026 4892 tui
2046 4837 2254 4891 sancto
2286 4846 2410 4888 non
2429 4831 2492 4887 in
2521 4834 2745 4888 sortem
2765 4827 3009 4902 proprie
3041 4825 3354 4898 cessit,sed
3409 4823 3600 4881 Patris

1939 4923 2185 4997 Filiique
2211 4920 2554 4978 communis
2577 4923 2683 4987 est,
2714 4918 2774 4974 in
2792 4917 3206 4991 superioribus
3228 4915 3456 4972 dictum
3487 4916 3596 4970 est.

1937 5014 2212 5071 Arbitror
2240 5016 2445 5069 autem
2475 5013 2532 5067 et
2558 5007 2709 5066 illud
2737 5008 2880 5065 satis
2901 5007 3404 5072 demonstratum,
3432 5000 3601 5075 quod

1943 5106 2008 5161 in
2045 5118 2171 5160 non
2197 5100 2396 5159 solum
2419 5099 2569 5156 nihil
2589 5097 2849 5156 detrahit
2872 5097 3150 5168 dignitati
3195 5094 3471 5168 Spiritus,
3504 5106 3606 5147 ve-

1942 5209 2079 5254 rum
2100 5192 2282 5250 etiam
2311 5191 2390 5248 ad
2421 5205 2727 5247 summam
2749 5187 3166 5245 celsitudinem
3187 5183 3356 5254 erigit
3375 5179 3602 5252 cogita-

1971 5395 2018 5429 9‘
2050 5395 2226 5452 Joan.
2265 5406 2339 5461 ιν,
2381 5392 2470 5448 24.

2006 5593 2119 5658 (52)
2167 5592 2262 5644 Σὺν
2465 5586 2614 5644 Editi
2672 5585 2721 5661 οξ
2791 5587 3023 5661 σόν-τῷ.
3079 5576 3192 5635 Sed
3239 5576 3478 5654 primus
3510 5576 3608 5637 ille

1936 5650 2224 5725 articulus
2249 5650 2422 5724 abest
2445 5675 2485 5719 ει
2514 5655 2820 5721 veteribus
2840 5650 3029 5714 libris.
