4102 6194
451 303 548 355 191
1821 302 1880 357 S.
1921 298 2177 356 BASILH
2206 299 2451 357 MAGNI.

3706 301 3812 355 192

448 436 591 480 cum
630 439 973 498 precamur,
1000 424 1179 497 pauci
1233 428 1433 481 tamen
1485 424 1787 492 novimus,
1825 424 1993 498 quod
2043 424 2104 481 id

2216 424 2450 497 ἀρχαίαν
2501 423 2842 497 ἐπιζητοῦμεν
2886 420 3140 498 πατρίδα,
3206 425 3291 476 τὸν
3352 414 3693 497 παράδεισον,
3755 423 3811 474 ὃν

459 513 749 571 facientes
782 516 1096 587 antiquam
1126 514 1486 586 requirimus
1518 515 1796 587 patriam,
1831 514 2108 571 videlicet

460 605 839 677 paradisum,
856 621 1035 677 quem
1058 604 1349 676 plantavit
1368 607 1525 659 Deus
1541 605 1602 659 in
1622 605 1785 661 Eden
1806 605 1884 661 ad
1906 606 2105 661 Orien-

460 697 647 752 tem‘.
702 694 890 750 Erecti
919 693 1124 749 itidem
1176 693 1521 765 perﬁcimus
1563 694 2016 767 deprecationes
2041 694 2103 750 in

452 799 575 839 una
608 782 878 851 Sabbati,
921 782 1027 837 sed
1052 781 1349 838 rationem
1388 798 1509 838 non
1541 798 1754 839 omnes
1796 784 2101 840 novimus.

460 876 588 929 Non
616 873 776 928 enim
808 870 1003 925 solum
1033 871 1200 943 quod
1246 871 1429 927 veluti
1460 872 1639 928 simul
1685 888 1825 929 cum
1874 873 2103 930 Christo

447 959 801 1025 resuscitati,
830 974 964 1031 quae
1009 976 1254 1015 sursum
1288 966 1430 1016 sunt
1456 976 1723 1033 quaerere
1744 961 2099 1028 debeamus,

451 1050 513 1104 in
558 1049 656 1103 die
721 1049 1174 1104 resurrectionis
1227 1050 1381 1106 datae
1416 1050 1595 1107 nobis
1628 1052 1828 1122 gratiae
1885 1051 2103 1108 stando

452 1142 767 1210 precantes
779 1138 1182 1210 nosmetipsos
1199 1140 1803 1205 commonefacimus,
1819 1141 1923 1196 sed
1935 1138 2104 1213 quod

445 1228 496 1283 is
548 1226 676 1282 dies
725 1226 1004 1283 videatur
1042 1228 1244 1300 aliquo
1271 1229 1457 1286 modo
1484 1230 1689 1299 imago
1720 1230 1957 1286 venturi
2002 1247 2105 1284 sae-

446 1316 585 1372 culi.
625 1318 827 1388 quue
855 1332 997 1372 cum
1030 1317 1105 1373 sit
1130 1318 1493 1390 principium
1531 1319 1789 1386 dierum,
1823 1334 1947 1375 non
1982 1319 2104 1391 pri-

447 1422 586 1462 mus
626 1421 663 1461 a
693 1408 913 1478 Moyse,
947 1407 1055 1463 sed
1089 1423 1247 1463 unus
1274 1408 1616 1480 appellatus
1643 1412 1753 1465 est.
1780 1410 1975 1465 Facta
2019 1414 2103 1465 est

449 1496 626 1563 enim,
687 1494 902 1567 inquit,
966 1511 1233 1566 vespera,
1284 1504 1339 1554 et
1383 1499 1618 1567 factum
1650 1504 1729 1555 est
1769 1513 1961 1565 mane,
1985 1496 2104 1555 dies

446 1600 607 1640 unus
631 1586 652 1620 ³
690 1588 1024 1655 :tanquam
1054 1587 1160 1659 qui
1202 1603 1361 1659 saepe
1389 1591 1677 1643 recurrat.
1725 1588 1909 1658 Igitur
1945 1602 2104 1643 unus

445 1678 536 1730 est
563 1674 727 1731 idem
754 1680 811 1731 et
841 1680 1112 1749 octavus,
1156 1693 1348 1733 unum
1402 1677 1571 1733 illum
1610 1678 1977 1749 singularem
2032 1691 2103 1733 ac

2216 517 2487 586 ἐφύτευσεν
2538 516 2563 565 ὁ
2623 517 2749 574 Θεὸς
2810 513 2858 565 ἐν
2911 510 3080 587 ’Ἑδεμ
3136 512 3248 565 κατ’
3310 511 3578 573 ἀνατολὰς.
3632 513 3813 584 Ὀρθοὶ

2214 606 2304 675 μὲν
2358 604 2653 677 πληροῦμεν
2689 606 2776 665 τὰς
2821 604 2979 676 εὐχὰς
3018 602 3064 655 ἐν
3122 611 3183 676 τῇ
3244 609 3344 675 μιᾷ
3371 609 3462 654 τοῦ
3520 600 3808 654 Σαϐϐάτου·

2212 697 2300 745 τὸν
2342 691 2401 746 δὲ
2453 693 2602 765 λόγον
2666 694 2725 745 οὗ
2782 696 2965 754 πάντες
3022 689 3257 766 οῖδαμεν.
3291 692 3366 743 Ou’
3421 694 3522 764 γὰρ
3555 695 3706 764 μόνον
3744 694 3815 751 ὡς

2216 786 2626 845 συναναστάντες
2674 791 2908 856 Χριστῷ,
2941 786 3121 836 καὶτὰ
3149 783 3254 834 ἄνω
3285 782 3458 843 ζητεῖν
3508 781 3813 853 ὀφείλοντες,

2213 872 2260 924 ἐν
2311 881 2371 945 τῇ
2423 872 2763 946 ἀναστασίμῳ
2805 875 2976 945 ἡμέρᾳ
3017 881 3112 933 τῆς
3157 869 3441 944 δεδομένης
3490 873 3615 944 ἡμῖν
3653 874 3814 944 χάρι-

2210 980 2289 1021 τος
2340 959 2432 1013 διὰ
2478 972 2574 1024 τῆς
2620 965 2755 1015 κατὰ
2812 966 2905 1020 την
2951 966 3257 1035 προσευχὴν
3319 964 3547 1020 στάσεως
3599 960 3810 1020 ἑαυτοὺς

2212 1052 2693 1124 ὑπομιμνησκομεν·
2748 1050 2852 1103 ἀλλ’
2915 1053 2996 1103 ὅτι
3064 1048 3210 1103 δοκεῖ
3270 1067 3379 1111 πως
3434 1057 3526 1102 τοῦ
3577 1046 3813 1122 προσδο-

2212 1146 2441 1214 κωμένου
2474 1143 2655 1203 αἰῶνος
2679 1139 2808 1194 εἶναι
2849 1141 3017 1193 εἰκών·
3054 1145 3141 1193 Διὸ
3194 1146 3283 1192 καὶ
3311 1139 3453 1215 ἀρχὴ
3512 1134 3650 1191 οὖσα
3688 1142 3811 1211 ἡμε-

2212 1240 2334 1304 ρῶν,
2365 1231 2491 1304 ουχὶ
2530 1236 2708 1306 πρώτη
2755 1234 2900 1305 παρὰ
2946 1233 3228 1297 Μωυσέως,
3272 1227 3397 1281 ἀλλὰ
3452 1233 3551 1301 μία
3606 1233 3812 1301 ὠνόμα-

2215 1338 2356 1374 σται.
2421 1318 2645 1391 Ἐγένετο
2723 1322 2846 1394 γὰρ,
2912 1323 3092 1391 φησιν,
3151 1317 3364 1392 ἑσπέρα,
3447 1321 3537 1369 καὶ
3617 1315 3813 1388 ἐγένετο

2211 1412 2370 1484 πρωί,
2424 1411 2593 1483 ἡμέρα
2648 1413 2764 1482 μία·
2815 1412 2884 1470 ὡς
2948 1418 3044 1470 τῆς
3126 1408 3290 1469 αὐτῆς
3355 1405 3812 1478 ἀνακυκλουμένης

2211 1498 2478 1561 πολλάκις.
2537 1503 2637 1552 Καὶ
2703 1504 2801 1571 μία
2850 1503 3022 1550 τοίνυν
3073 1498 3100 1556 ἦ
3157 1498 3312 1565 αὐτὴ,
3358 1501 3448 1549 καὶ
3496 1492 3683 1568 ὀγδόη,
3717 1500 3812 1553 τὴν

2212 1595 2333 1662 μίαν
2391 1593 2549 1650 ὅντως
2593 1588 2788 1646 ἐκείνην
2836 1594 2925 1640 καὶ
2978 1587 3220 1646 ἀληθινὴν
3269 1583 3486 1659 ὀγδόην,
3535 1588 3600 1647 ἧς
3647 1589 3737 1637 καὶ
3786 1586 3813 1637 ὁ

2212 1675 2503 1751 Ψαλμῳδὸς
2552 1679 2600 1730 ἓν
2636 1696 2773 1731 τισιν
2835 1677 3140 1751 ἐπιγραφαῖς
3188 1684 3287 1729 τῶν
3330 1674 3548 1749 ψαλμῶν
3591 1673 3813 1746 ἀπεμνη-

448 1779 658 1820 verum
689 1769 989 1833 octavum,
1022 1767 1194 1836 cujus
1220 1773 1277 1824 et
1306 1766 1619 1823 Psalmista
1642 1767 1703 1823 in
1728 1766 2100 1840 quibusdam

2216 1770 2337 1837 σθη,
2381 1765 2453 1821 δι’
2512 1768 2700 1829 ἑαυτῆς
2746 1766 3121 1841 ἐμφανίζουσα,
3148 1771 3241 1825 τὴν
3297 1768 3429 1839 μετά
3479 1768 3565 1817 τὸν
3620 1769 3814 1837 χρόνον

446 1853 825 1910 Psalmorum
862 1856 1361 1929 inscriptionibus
1400 1857 1675 1913 meminit
1698 1858 1740 1922 ³,
1772 1872 1881 1928 per
1932 1872 1994 1912 se
2027 1856 2103 1912 si-

448 1943 769 2012 gniﬁcans.
805 1949 1031 2001 statum
1091 1946 1365 2002 videlicet
1416 1947 1533 2003 hoc
1582 1951 1822 2018 tempus
1872 1951 2104 2002 secutu-

445 2046 603 2099 rum,
636 2033 799 2089 diem
829 2050 956 2090 non
986 2035 1338 2103 desiturum,
1372 2050 1634 2109 vesperae
1653 2036 1947 2104 nescium,
1973 2051 2105 2091 suc-

450 2123 705 2179 cessoris
736 2118 1071 2196 expertem,
1088 2141 1284 2181 aevum
1325 2125 1474 2181 illud
1511 2140 1828 2197 nunquam
1879 2124 2100 2181 ﬁnien-

449 2210 599 2267 dum
628 2228 740 2269 nec
776 2229 1052 2287 unquam
1087 2231 1428 2271 senescens.
1471 2215 1815 2272 Necessario
1841 2214 2021 2285 igitur
2040 2214 2103 2270 in

453 2299 570 2356 hoc
590 2301 686 2357 die
718 2303 981 2361 Ecclesia
1010 2320 1152 2360 suos
1182 2305 1463 2361 alumnos
1483 2305 1675 2369 docet,
1708 2320 1917 2377 preces
1961 2320 2104 2359 suas

452 2391 671 2446 stando
703 2392 1041 2465 absolvere,
1076 2399 1142 2450 ut
1169 2394 1418 2451 assidua
1464 2395 1933 2452 commonitione
1974 2394 2102 2449 vitae

448 2476 609 2534 illius
632 2494 951 2554 nunquam
976 2484 1277 2553 desiturae,
1310 2500 1433 2541 non
1462 2484 1843 2555 negligamus
1873 2483 1951 2539 ad
1966 2498 2103 2539 eam

451 2568 955 2640 demigrationem
1008 2590 1221 2647 parare
1251 2575 1561 2632 viaticum.
1613 2574 1767 2640 Quin
1812 2577 1869 2629 et
1912 2577 2104 2629 totum

446 2657 597 2715 illud
627 2662 1070 2734 quinquaginta
1100 2665 1334 2722 dierum
1364 2670 1602 2738 tempus
1634 2663 1965 2721 admonitio
2016 2664 2106 2717 est

448 2751 926 2822 resurrectionis,
957 2769 1145 2825 quam
1188 2756 1250 2811 in
1301 2756 1487 2812 altero
1537 2754 1755 2810 saeculo
1789 2757 2103 2825 exspecta-

452 2853 611 2894 mus.
654 2844 803 2897 Nam
831 2859 989 2899 unus
1018 2845 1115 2900 ille
1137 2849 1193 2901 et
1220 2846 1453 2919 primus
1497 2845 1624 2901 dies
1655 2843 1873 2916 septies
1902 2840 2103 2898 multi-

2211 1867 2392 1912 τοῦτον
2440 1860 2783 1929 κατάστασιν,
2836 1861 2922 1915 τὴν
2981 1857 3249 1910 απαυστον
3306 1857 3521 1928 ἡμέραν,
3581 1858 3675 1912 τὴν
3730 1857 3815 1904 αν-

2212 1953 2444 2024 ἕσπερον,
2504 1952 2595 2006 την
2659 1943 2979 2018 ἀδιάδοχον,
3043 1950 3128 1999 τὸν
3184 1945 3407 2003 ἄληκτον
3472 1943 3658 1997 ἐκεῖνον
3723 1948 3815 1995 καὶ

2214 2038 2392 2112 ἀγήρω
2424 2038 2604 2095 αἰῶνα.
2641 2036 2966 2108 ’Δναγκαίως
3008 2037 3095 2089 οὖν
3126 2039 3221 2098 τὰς
3250 2038 3298 2088 ὲν
3334 2034 3463 2094 αὐτῆ
3503 2036 3815 2109 προσευχὰς

2213 2128 2436 2188 ἑστῶτας
2482 2126 2814 2201 ἀποπληροῦν
2860 2130 2981 2189 τοὺς
3039 2127 3227 2188 ἑαυτῆς
3291 2129 3577 2199 τροφίμους
3636 2124 3665 2181 ἡ
3703 2124 3816 2177 Ἐκε

2211 2217 2407 2275 κλησία
2438 2214 2699 2285 παιδεύει,
2731 2218 2814 2269 ἶνα
2858 2224 2922 2289 τῇ
2976 2223 3191 2288 συνεχεῖ
3225 2217 3515 2289 ὑπομνήσει
3563 2222 3652 2275 τῆς
3700 2211 3815 2265 ἀτε-

2211 2306 2461 2367 λευτήτου
2511 2308 2649 2369 ζωῆς
2694 2316 2793 2359 τῶν
2855 2309 2985 2380 πρὸς
3047 2312 3141 2364 τήν
3210 2307 3533 2379 μετάστασιν
3615 2304 3816 2360 εκείνην

2213 2393 2432 2470 ἐφοδίων
2462 2401 2531 2469 μη
2592 2395 2872 2469 ἀμελῶμεν.
2927 2399 3028 2448 Καὶ
3090 2400 3239 2447 πᾶσα
3304 2391 3364 2447 δὲ
3406 2396 3435 2453 ἠ
3485 2397 3811 2451 πεντηκοστὴ

2213 2496 2305 2549 τῆς
2365 2485 2413 2538 ἐν
2472 2494 2544 2556 τῷ
2609 2486 2755 2537 αἰῶνι
2813 2484 2925 2557 (65)
2987 2480 3428 2558 προσδοκωμένης
3481 2481 3816 2544 ἁναστοίσεώς

2214 2575 2350 2629 ἐστιν
2423 2577 2730 2648 ὑπόμνημα.
2789 2574 2846 2627 ’Π
2912 2576 3012 2649 γὰρ
3078 2580 3175 2646 μία
3238 2575 3401 2632 ἐκείνη
3479 2577 3567 2624 καὶ
3630 2578 3812 2648 πρώτη

2216 2669 2403 2738 ἡμέρα,
2486 2665 2702 2727 ἑπτάκις
2777 2663 3319 2732 ἐπταπλασιασθεῖσα,
3377 2665 3471 2726 τὰς
3546 2662 3675 2716 ἑπτὰ
3724 2669 3817 2722 τῆς

2217 2758 2355 2830 ἱερᾶς
2402 2762 2761 2817 πεντηκοστῆς
2799 2751 3103 2827 ἑϐδομάδας
3161 2753 3414 2808 ἀποτελεῖ.
3465 2754 3554 2806 Ἐκ
3606 2758 3817 2827 πρώτης

2213 2849 2311 2921 γάρ
2345 2847 2635 2921 ἀρχομένη,
2667 2845 2739 2908 εἰς
2785 2848 2879 2903 τὴν
2933 2845 3095 2903 αὐτὴν
3147 2844 3451 2916 καταλήγει,
3491 2841 3571 2896 δι’
3624 2845 3817 2914 ὁμοίων

449 2927 731 3002 plicatus,
759 2936 989 3005 septem
1019 2950 1202 2991 sacrae
1253 2939 1629 2993 Pentecostes
1678 2932 2104 2990 hebdomadas

2216 2943 2314 2988 τῶν
2364 2934 2411 2987 iv
2465 2943 2537 3008 τῷ
2601 2940 2742 3008 μέσῳ
2816 2933 3162 3008 ἐξελιττομένη
3249 2936 3671 2995 πεντηκοντάκις.
3728 2934 3818 2984 Διό

449 3018 728 3077 absolvit.
756 3022 801 3076 A
834 3024 1031 3096 primo
1063 3026 1225 3083 enim
1249 3026 1565 3100 incipiens,
1598 3026 1659 3081 in
1689 3024 1974 3082 eumdem
2003 3023 2105 3080 de-

448 3110 608 3182 sinit,
651 3128 759 3183 per
786 3115 1028 3185 similes,
1062 3117 1166 3189 qui
1205 3118 1266 3173 in
1316 3117 1517 3174 medio
1548 3115 1945 3181 intercedunt,
1976 3114 2105 3170 dies

445 3202 853 3276 quinquagies
884 3206 1185 3263 evolutus.
1228 3205 1391 3263 Unde
1422 3210 1477 3263 et
1516 3206 1905 3263 aeternitatem
1949 3202 2109 3259 simi-

448 3290 699 3348 litudine
730 3295 929 3363 refert,
961 3296 1109 3353 dum
1159 3296 1321 3353 velut
1364 3296 1424 3352 in
1475 3300 1646 3352 motu
1694 3294 1991 3359 circulari,
2025 3292 2106 3349 ab

452 3379 670 3438 iisdem
701 3400 875 3439 orsus
908 3386 1092 3456 signis
1133 3387 1193 3442 in
1223 3387 1437 3443 eadem
1468 3386 1704 3443 desinit.
1740 3384 1960 3455 Quo‘jn
1986 3383 2104 3452 die,

449 3473 719 3542 corporis
751 3480 944 3532 erecto
974 3477 1186 3533 habitu
1215 3477 1448 3549 precari
1468 3478 1666 3550 potius
1686 3492 1799 3532 nos
1828 3474 2106 3530 Ecclesiae

446 3559 600 3615 ritus
630 3562 991 3638 docuerunt,
1019 3566 1309 3622 nimirum
1333 3582 1441 3639 per
1470 3566 1811 3622 evidentem
1840 3579 2108 3620 commo-

451 3650 752 3711 nitionem
782 3657 958 3729 quasi
991 3658 1418 3714 transferentes
1448 3661 1715 3714 mentem
1753 3658 2024 3713 nostram
2071 3668 2109 3712 a.

455 3745 857 3813 prtesentibus
887 3747 968 3804 ad
996 3747 1221 3804 futura.
1254 3752 1502 3820 Insuper
1529 3752 1585 3804 et
1626 3746 1862 3819 quoties
1908 3758 2108 3815 genua

448 3832 772 3906 ﬂectimus,
807 3841 865 3894 et
888 3853 1102 3895 rursus
1129 3837 1436 3908 erigimur,
1469 3837 1605 3910 ipso
1655 3836 1816 3893 facto
1847 3834 2106 3891 ostendi-

451 3938 612 3993 mus,
653 3926 823 3997 quod
860 3928 939 3985 ob
988 3933 1308 4001 peccatum
1354 3929 1419 3984 in
1465 3932 1689 3983 terram
1745 3922 1979 3997 delapsi
2012 3939 2107 3980 su-

446 4028 605 4086 mus,
642 4020 701 4072 et
727 4032 836 4089 per
877 4016 1324 4075 humanitatem
1361 4018 1493 4090 ejus
1521 4017 1625 4091 qui
1654 4015 1877 4073 creavit
1903 4031 2016 4073 nos
2044 4018 2106 4074 in

452 4101 672 4159 caelum
702 4106 962 4164 revocati
991 4123 1230 4166 sumus.

518 4213 607 4267 67.
646 4212 889 4270 Deﬁciet
933 4230 1031 4270 me
1079 4214 1230 4282 dies,
1262 4214 1311 4273 si
1368 4212 1639 4273 Ecclesiae
1694 4214 1981 4289 mysteria
2030 4213 2107 4271 ci-

524 4355 540 4391 ¹
585 4357 726 4413 Gen.
755 4372 817 4429 ιι,
850 4360 905 4417 8.
981 4361 1003 4395 ³
1032 4361 1176 4417 Gen.
1204 4363 1320 4429 ι,
1396 4359 1417 4394 ³
1447 4359 1597 4417 Psal.
1629 4375 1691 4417 γι
1716 4362 1774 4418 et
1801 4375 1896 4419 xu.

981 4361 1003 4395 ³
1032 4361 1176 4417 Gen.
1204 4376 1242 4429 ι,

523 4501 768 4586 ((⁵5)ξεῖ
798 4510 884 4586 ,τῷ
952 4504 1118 4586 αζῶχι-
1180 4505 1370 4562 Editio
1418 4505 1602 4562 Paris.
1664 4503 1711 4557 ἐν
1745 4512 1817 4576 τῷ
1872 4503 2083 4586 μέλλοντ-

456 4574 623 4626 αἰῶνι.
658 4574 773 4631 Sed
797 4574 916 4632 hcc
942 4576 1425 4634 additamentum
1451 4593 1564 4634 nec
1590 4574 1999 4633 necessarium
2019 4577 2106 4633 vi-

450 4646 649 4721 detur,
681 4662 794 4721 nec
823 4647 885 4721 in
915 4648 1037 4721 ullo
1083 4665 1155 4705 ex
1184 4649 1405 4707 nostris
1437 4648 1750 4706 codicibus
1791 4648 2105 4721 reperitur,

450 4733 561 4775 nec
584 4718 647 4772 in
682 4718 823 4775 edit.
864 4719 1035 4776 Basil.

523 4789 634 4862 (66)_
667 4791 863 4862 ᾼῐῶνα,
895 4794 1039 4862 Reg.
1068 4792 1375 4849 secundus
1414 4793 1619 4853 αἰῶνας,

526 4853 639 4931 (67)
674 4860 793 4914 Ὀτι
828 4861 939 4917 διά.
964 4853 1101 4921 fres
1133 4881 1279 4921 mss.
1313 4867 1393 4918 ὃτι
1431 4870 1521 4917 καὶ
1561 4863 1680 4920 διά.

525 4934 640 5001 (68)
680 4936 755 5009 Τά
782 4936 1010 5009 ἄγραφα.
1043 4936 1110 5009 Id
1141 4940 1252 5009 est,
1279 4936 1341 5009 in
1388 4934 1707 5009 Scripturis
1753 4934 1942 5009 sacris
1982 4951 2107 5009 non

446 5005 961 5088 praescripta.'Non
976 5008 1136 5063 enim
1151 5007 1415 5088 hoc_loc_o
1430 5005 1632 5088 statuit
1648 5007 1924 5088 Basilius,
1938 5007 2109 5088 quod

448 5074 528 5131 ab
556 5092 631 5153 eo
652 5074 1026 5153 eruditorum
1042 5079 1345 5153 nonnulli,
1369 5079 1428 5153 in
1450 5079 1546 5135 his
1570 5074 2107 5153 praestantissimus

452 5148 709 5221 scriptor
726 5150 1019 5207 Eusebius
1036 5150 1352 5207 Renaudot
1366 5148 1586 5221 LiturgI
1604 5150 1848 5211 Orient.,
1868 5150 2103 5207 dissert.

449 5223 468 5274 1
487 5235 649 5299 ,cap.
673 5224 726 5287 2,
739 5221 948 5278 doceri
964 5222 1329 5289 existimant,
1345 5222 1737 5299 Eucharistia;
1751 5227 1808 5279 et
1822 5221 2108 5299 baptismi

446 5294 504 5367 et
519 5291 779 5367 aliorum
802 5298 1322 5367 sacramentorum
1344 5310 1553 5367 preces
1574 5298 1631 5351 et
1670 5293 1818 5367 ritus
1836 5291 1993 5349 ne'in
2016 5309 2108 5367 ec-

447 5361 640 5438 clesiis
656 5364 906 5438 quidem
921 5365 1000 5438 ad
1017 5361 1401 5438 sacerdotum
1424 5382 1604 5423 usum
1622 5365 1845 5438 scripta
1859 5365 2104 5423 servari.

449 5434 649 5491 Merito
670 5434 818 5511 illud
840 5436 1090 5511 quidem
1115 5453 1195 5511 ex_
1216 5437 1332 5511 hoc
1371 5438 1564 5511 capite
1603 5434 1918 5507 colligitur,
1947 5453 2108 5511 sum-

446 5520 615 5588 mam
641 5506 786 5588 olim
810 5506 1148 5588 adhibitam
1171 5506 1843 5588 fuisse_cautionem_,’ne
1865 5506 2014 5588 quid
2033 5508 2108 5588 de

454 5579 758 5652 mysteriis
784 5595 909 5637 non
922 5579 1119 5639 solum
1146 5580 1225 5637 ad
1246 5579 1633 5652 gentiles,se_d
1662 5580 1845 5639 etiam
1860 5579 1941 5638 ad
1956 5584 2109 5638 cate-

457 5647 795 5710 chumenos
817 5656 1232 5725 permaneret;
1250 5647 1337 5711 ac
1355 5647 1513 5712 recte
1533 5650 1817 5714 observat
1856 5653 2110 5728 scriptor

2215 3029 2304 3078 καὶ
2352 3025 2513 3077 αἰῶνα
2556 3028 2671 3097 (66)
2703 3021 3022 3098 μιμεῖταιτῇ
3067 3025 3356 3097 ὁμοιότητι,
3398 3026 3571 3097 ὥσπερ
3615 3021 3664 3073 ἓν
3715 3039 3818 3073 κυ-

2215 3114 2365 3187 κλικῇ
2441 3119 2645 3174 κινήσει
2710 3113 2809 3166 ἀπὸ
2865 3122 2965 3167 τῶν
3018 3113 3181 3167 αὐτῶν
3235 3115 3501 3189 ἀρχομένη
3560 3117 3813 3186 σημείων,

2216 3209 2303 3257 καὶ
2336 3205 2405 3266 εἰς
2433 3206 2500 3257 τὰ
2537 3204 2671 3257 αὐτὰ
2708 3204 3103 3276 καταλήγουσα.
3137 3202 3217 3257 Ἐν
3322 3210 3381 3256 το
3422 3204 3595 3278 ὄρθιον
3623 3211 3819 3275 σχῆμα

2217 3302 2306 3355 τῆς
2350 3302 2658 3371 προσευχῆς
2716 3299 2977 3368 προτιμᾷν
3019 3296 3067 3347 οἰ
3113 3295 3297 3366 θεσμοὶ
3352 3300 3448 3355 τῆς
3501 3291 3821 3355 Ἐκκλησίας

2217 3386 2351 3457 ἡμᾶς
2405 3382 2801 3448 ἐξεπαίδευσαν·
2877 3383 2931 3435 ἐκ
2996 3390 3092 3445 τῆς
3162 3382 3408 3458 ἐναργοῦς
3475 3383 3819 3455 ὑπομνήσεως

2218 3477 2370 3527 οἱονεὶ
2409 3479 2790 3546 μετοικίζοντες
2835 3476 2980 3546 ἡμῶν
3030 3477 3114 3526 τὸν
3164 3481 3281 3525 νοῦν
3331 3472 3433 3527 ἀπὸ
3475 3481 3575 3526 τῶν
3626 3478 3819 3546 παρόν-

2218 3585 2316 3617 των
2354 3564 2436 3617 επὶ
2485 3569 2551 3617 τὰ
2592 3564 2858 3638 μέλλοντα.
2920 3568 3021 3616 Καὶ
3053 3564 3171 3616 καθ’
3217 3562 3441 3621 ἑκάστην
3488 3559 3547 3615 δὲ
3580 3563 3819 3635 γονυκλι-

2220 3658 2337 3707 σίαν
2393 3659 2483 3707 καὶ
2526 3650 2877 3707 ὃιανάστασιν
2923 3655 3054 3727 ἔργῳ
3096 3649 3387 3725 δείκνυμεν,
3439 3652 3519 3705 ὃτι
3584 3648 3679 3705 διά
3701 3654 3819 3725 (67)

2216 3752 2312 3808 τῆς
2365 3744 2620 3819 ἁμαρτίας
2655 3746 2728 3806 εἰς
2772 3752 2871 3816 γῆν
2920 3742 3293 3818 κατερῥύημεν,
3326 3748 3416 3795 καὶ
3461 3738 3554 3795 διά
3577 3750 3666 3804 τῆς
3696 3742 3815 3814 φιλ-

2216 3836 2517 3909 ανθρωπίας
2568 3842 2659 3888 τοῦ
2712 3839 2981 3895 κτίσαντος
3025 3835 3164 3907 ἡμᾶς
3207 3832 3279 3894 εἰς
3325 3835 3540 3908 οὐρανὸν
3607 3831 3818 3890 ἀνεκλὴ-

2219 3926 2399 3998 Θημεν.

2290 4215 2378 4268 67.
2424 4211 2711 4285 Ἐπιλείψει
2761 4232 2825 4287 με
2877 4214 2907 4272 ἠ
2958 4213 3147 4289 ἡμέρα,
3200 4212 3268 4266 τά
3322 4214 3534 4287 ἄγραφα
3562 4213 3673 4283 (68)
3717 4218 3812 4273 τῆς

2215 4501 2723 4587 ωοᾲολᾳιιᾱξιίιιρ,
2746 4504 3037 4587 mysteria
3055 4503 3364 4587 initiandis
3383 4504 3525 4587 viva
3548 4519 3695 4563 voce
3717 4517 3814 4587 ex-

2214 4576 2381 4650 poni,
2396 4576 2644 4650 initiatis
2665 4576 2924 4650 breviter
2943 4581 2999 4633 et
3020 4576 3471 4650 obscuriuscule
3496 4577 3557 4633 in
3579 4577 3815 4650 concio-

2217 4647 2397 4705 nibus
2427 4648 2682 4705 iudicari
2716 4648 3060 4717 solita,cum
3084 4648 3198 4705 hac
3229 4648 3504 4707 ἀποσιωπή
3517 4668 3642 4710 σεως
3691 4647 3814 4705 for-

2216 4719 2655 4787 mula,Norunt
2683 4720 2930 4779 initiati.
2949 4720 3439 4778 Perincommode
3460 4721 3622 4777 enim
3660 4718 3814 4775 fuis-

2217 4798 2349 4865 sent
2364 4791 2765 4865 vulgata,quae
2777 4792 3222 4865 catechumenis
3243 4798 3512 4865 spectare
3533 4806 3657 4848 non
3675 4789 3817 4847 lice-

2216 4863 2347 4936 bat;
2372 4863 2488 4936 nec’
2502 4863 2633 4936 leve
2645 4863 2977 4936 periculum
2995 4868 3116 4922 erat
3126 4881 3221 4932 ,ne
3232 4863 3582 4936 vilescerent
3593 4867 3813 4935 myste-

2215 4935 2330 5003 ria,
2356 4940 2403 4990 si
2421 4933 2880 4993 violata—arcani
2907 4936 3192 4993 sanctitas
3219 4936 3445 4993 fuisset.
3472 4934 3586 4992 Sed
3606 4933 3815 4992 tamen

2219 5005 2477 5063 Basilius
2510 5005 2659 5063 dum
2689 5008 2912 5079 scripta
2930 5011 3113 5079 negat
3131 5007 3260 5064 haec
3286 5008 3712 5079 instituta,non
3737 5006 3815 5062 de

2216 5084 2487 5152 veterum
2500 5078 2859 5152 scriptorum
2870 5080 3190 5152 libris,non
3204 5079 3279 5136 de
3295 5079 3580 5152 Liturgiis
3590 5078 3749 5152 scrip
3756 5083 3814 5152 to

2218 5149 2734 5222 consignatisfsed
2752 5150 2825 5207 de
2844 5150 3160 5225 Scripturis
3183 5151 3404 5225 sanctis
3419 5149 3816 5225 loquituru-

2264 5226 2362 5279 uet
2395 5220 2452 5278 1ο
2475 5220 3081 5291 Pncumatomachos,
3103 5222 3253 5279 dum
3289 5220 3666 5293 gloriﬁcandi
3685 5234 3814 5277 mo-

2263 5310 2368 5349 um
2381 5293 2419 5345 ὠ
2431 5315 2450 5355 ς
2462 5296 2690 5369 ἄγραφον
2702 5294 3364 5369 rejiciunt,hoc_tautum
3379 5293 3621 5369 nomine
3636 5307 3815 5369 argu-

2217 5364 2332 5449 tias
2349 5381 2491 5423 suas
2505 5363 3173 5449 'praatenuisseguodin
3185 5365 3502 5449 scripturis
3517 5380 3640 5449 non
3651 5363 3817 5449 leg-e-

2217 5441 2380 5494 retur
2400 5435 2535 5494 cuni
2565 5444 2773 5508 sancto
2791 5435 3045 5508 Spiritu.
3075 5437 3218 5495 Hinc
3239 5435 3494 5496 Basilius
3514 5436 3629 5494 illis
3648 5435 3816 5508 insti-

2217 5512 2347 5582 tuta
2369 5524 2494 5566 non
2518 5507 2740 5582 scripta
2776 5506 3029 5582 opponit
3052 5511 3156 5582 ;_in
3178 5509 3387 5582 primis
3416 5506 3815 5582 invocationis

2216 5577 3022 5656 verba,qumqi1ideuiriega_t
3040 5577 3123 5656 ab
3134 5577 3257 5656 ullo
3270 5584 3617 5656 sanctorum
3629 5577 3816 5638 fuisse

2220 5651 2473 5727 scripta;
2484 5651 2632 5728 quia
2650 5667 2761 5713 nec
2780 5651 2949 5727 apud
2967 5651 3259 5716 Basiliam
3277 5654 3489 5731 ἄγραφα
3505 5652 3810 5721 dicuntur,
