4070 6194
437 244 536 296 195

1801 239 1870 294 s.
1913 237 2166 295 BASILII
2185 239 2448 320 ,κλείει

3701 241 3807 293 196

433 365 928 422 destructionem.
960 369 1032 422 At
1055 379 1178 422 non
1207 363 1489 420 desinunt
1513 363 1610 420 isti
1653 378 1896 419 sursum
1923 363 2092 420 deor-

2216 367 2410 426 >.οῦντες
2449 367 2539 421 τὴν
2572 360 2878 438 ἀμάρτυρα
2899 365 2988 416 καὶ
3019 363 3272 435 ἄγραφον,
3313 365 3402 413 καί
3441 361 3541 414 ὅσα
3563 369 3808 432 τοιαῦτα,

437 471 571 510 sum
619 455 866 525 jactare,
913 453 1410 524 gloriﬁcatiouem
1461 468 1600 507 cum
1631 457 1841 508 sancto
1875 452 2096 525 Spiritu

443 559 645 598 carere
675 543 1040 610 testimonio,
1067 558 1268 598 carere
1297 541 1623 614 Scriptura,
1654 547 1710 598 et
1744 542 1862 598 alia
1889 542 2096 613 hujus-
2137 557 2143 566 '

443 631 876 688 modi.Diclum
907 632 1264 704 estquidem
1300 631 1447 687 nihil
1475 631 1692 688 referre
1721 631 1800 687 ad
1827 647 2093 700 sensum,

443 722 565 776 sive
609 720 797 789 dicas,
831 721 1024 776 Gloria
1057 721 1216 778 Patri
1248 725 1304 776 et
1329 720 1472 776 Filio
1494 725 1548 778 et
1595 720 1835 794 Spiritui
1861 727 2093 786 sancto,

438 809 558 865 sive
609 809 796 876 dicas,
849 808 1044 864 Gloria
1074 809 1230 864 Patri
1275 813 1331 864 et
1362 809 1500 865 Filio
1533 826 1671 865 cum
1703 814 1912 866 sancto
1964 809 2094 882 Spi-

435 899 575 956 ritu.
633 901 761 953 Non
791 898 971 967 igitur
1019 897 1109 953 fas
1137 903 1224 954 est
1269 898 1554 972 cuiquam
1589 898 1888 970 syllabam
1916 904 1990 970 et,
2023 915 2096 955 ex

439 1002 541 1042 ore
593 986 824 1042 Domini
879 985 1212 1058 profectam
1267 988 1510 1058 rejicere
1568 992 1671 1044 aut
1701 1003 2092 1061 expungere:

435 1091 548 1130 nec
575 1075 912 1146 quidquam
943 1080 1105 1132 vetat
1128 1076 1378 1132 alteram
1396 1094 1528 1148 quae
1555 1077 1714 1132 idem
1745 1076 2097 1150 pollet,reci-

455 1179 596 1236 pere
630 1181 641 1217 :
674 1180 807 1236 quae
837 1163 1147 1236 quomodo
1179 1181 1318 1220 cum
1349 1165 1450 1221 illa
1493 1166 1584 1220 vel
1637 1167 1958 1223 conveniat
2002 1165 2099 1222 vel

437 1251 757 1324 discrepet,
814 1252 1088 1323 superius
1145 1253 1724 1312 demonstravimus.
1768 1255 2098 1310 Conﬁrmat

435 1347 638 1396 autem
671 1341 1029 1397 sententiam
1063 1341 1238 1398 nobis
1266 1347 1323 1398 et
1350 1343 1692 1414 Apostolus,
1721 1345 1835 1416 58
1864 1343 2094 1400 indiffe-

434 1433 635 1485 renter
665 1433 920 1500 utraque
946 1445 1093 1486 voce
1127 1434 1299 1486 utens
1349 1430 1649 1488 interdum
1681 1433 1761 1488 ita
1783 1432 2042 1506 loquens
2075 1451 2087 1488 :

437 1519 510 1573 In
545 1520 784 1574 nomine
811 1519 1055 1575 Domini
1079 1521 1220 1576 Jesu
1257 1519 1508 1588 Christi,
1555 1529 1608 1578 et
1641 1524 1702 1577 in
1727 1523 1963 1593 Spiritu
1993 1525 2104 1580 Dei

436 1609 688 1674 nostri‘;
725 1623 792 1662 ac
824 1624 1056 1676 rursus,
1087 1611 1486 1680 Congiegatis
1527 1612 1689 1666 vobis
1720 1619 1771 1668 et
1803 1628 1930 1668 meo
1957 1612 2100 1681 Spi-

2207 457 2301 512 τὴν
2353 457 2445 505 σύν
2484 461 2556 523 τῷ
2605 455 2864 524 Πνεύματι
2906 460 2984 522 τῷ
3029 452 3164 524 ἁγίῳ
3217 448 3541 522 δοξολογίαν.
3587 455 3812 525 Εἴρηται

2207 563 2298 616 μεν
2349 539 2455 612 οὖν,
2506 544 2585 594 ὅτι
2632 545 2820 594 ταυτὸν
2870 539 2982 593 ἐστι
3028 543 3161 613 πρὸς
3189 537 3426 596 διάνοιαν
3465 539 3643 608 ἐὶπείν,
3677 541 3812 604 Δόξα

2213 636 2381 706 Πατρὶ
2411 635 2500 683 καὶ
2565 633 2669 701 Υίῷ
2708 635 2795 682 καὶ
2825 629 2958 702 ἁγίῳ
2990 632 3250 701 Πνεύματι
3281 647 3294 660 ⁸
3339 634 3427 682 καὶ
3467 630 3602 692 Δόξα
3637 636 3812 704 [Im-pi.

2210 719 2300 773 καί
2331 717 2433 792 Υίῷ
2477 723 2570 772 σῦν
2601 728 2672 791 τῷ
2725 719 2857 790 ἁγίῳ
2905 722 3194 792 Πνεύματι.
3253 719 3388 772 Οὔτε
3435 715 3522 771 οὖν
3571 723 3664 778 τὴν
3715 724 3812 773 καὶ

2213 807 2475 867 συλλαϐὴν
2520 808 2574 872 ἐξ
2613 809 2776 870 αὐτῆς
2826 815 2918 860 τοῦ
2977 813 3172 881 Κυρίου
3232 815 3396 880 φωνῆς
3454 804 3811 883 προελθοῦσαν

2211 897 2468 958 ἀθετῆσαι
2503 917 2603 950 τινι
2632 900 2660 958 ἦ
2716 895 3022 972 διαγράγειν
3075 899 3180 949 οἷον
3219 917 3291 962 τε,
3324 901 3414 950 καὶ
3443 903 3538 956 τὴν
3585 894 3814 950 ἰσοδυνοι

2209 997 2410 1062 μοῦσαν
2451 988 2580 1060 αὐτῇ
2632 983 2782 1040 οὐδὲν
2836 990 2894 1040 τὸ
2962 986 3156 1038 κωλῦον
3205 983 3602 1059 καταδεχθῆναι
3645 989 3757 1056 (⁸74)
3789 1003 3805 1018 ⁸

2209 1081 2237 1138 ἡ
2273 1081 2410 1140 ὃπως
2458 1079 2572 1150 ἔχει
2623 1079 2751 1151 πρὸς
2801 1075 2993 1134 ἐκείνην
3027 1072 3282 1150 διαφορᾶς
3327 1095 3380 1128 τε
3422 1081 3512 1128 καὶ
3560 1077 3808 1150 ὁμοιότης

2208 1187 2313 1230 τος,
2343 1166 2393 1220 ἐν
2425 1174 2528 1227 τοῖς
2567 1171 2784 1218 κατόπιν
2837 1162 3124 1238 ἐδείξαμεν.
3169 1163 3373 1217 Βεϐαιοῖ
3427 1161 3486 1217 δε
3535 1166 3660 1238 ἡμῖν
3719 1169 3813 1217 τὸν

2207 1257 2356 1328 λόγον
2405 1261 2494 1308 καὶ
2555 1257 2579 1307 ὁ
2625 1253 2941 1316 Ἀπόστολος
2981 1251 3280 1328 ἀδιαφόρως
3309 1253 3522 1327 ἑκατέρᾳ
3562 1263 3622 1325 τῇ
3659 1262 3804 1326 φωνῇ

2209 1349 2554 1420 κεχρημένος,
2599 1352 2686 1396 νῦν
2735 1347 2824 1415 μὲν
2875 1343 3054 1414 λέγων,
3088 1350 3168 1396 Ἐν
3197 1350 3270 1413 τῷ
3320 1342 3536 1416 ὀνόματι
3565 1351 3656 1394 τοῦ
3708 1345 3816 1396 Κύ-

2209 1441 2325 1511 ρίου
2358 1435 2532 1492 Ἰησοῦ
2592 1440 2849 1508 Χριστοῦ,
2889 1437 2978 1485 καὶ
3033 1431 3080 1485 ἐν
3128 1441 3201 1504 τῷ
3243 1434 3510 1505 Ιῐνεύματι
3543 1439 3632 1485 τοῦ
3674 1440 3816 1485 Θεοῦ

2210 1527 2376 1598 ἠμώνο
2410 1523 2563 1576 πάλιν
2593 1519 2672 1590 δὲ,
2707 1523 3069 1594 Συναχθέντων
3091 1523 3232 1594 ὑμῶν
3262 1527 3351 1574 καὶ
3376 1529 3468 1573 τοῦ
3499 1520 3621 1594 ἐμοῦ
3653 1524 3820 1574 Ilva}-

2210 1633 2374 1687 ματος
2415 1617 2509 1665 σύν
2641 1608 2861 1685 δυνάμει
2885 1619 2976 1663 τοῦ
3019 1617 3212 1684 Κυρίου
3240 1611 3417 1670 Ἰησοῦ
3451 1628 3464 1641 ·
3494 1608 3643 1664 οὐδὲν
3685 1607 3815 1663 δια-

435 1698 559 1752 ritu
589 1713 722 1752 cum
747 1698 966 1754 virtute
997 1699 1238 1754 Domini
1263 1699 1405 1754 Jesu
1429 1700 1448 1732 ⁵
1476 1718 1488 1767 ;
1523 1700 1673 1756 nihil
1701 1701 1984 1756 interesse
2011 1718 2092 1756 ra-

2216 1708 2376 1776 φέρειν
2425 1704 2710 1774 ἡγούμενος
2754 1709 2823 1771 τῷ
2859 1696 3136 1773 συνδέσμῳ
3175 1701 3204 1759 ἡ
3237 1708 3296 1774 τῇ
3353 1702 3634 1773 προσθέσει
3677 1703 3816 1775 πρὸς

437 1789 550 1852 tus,
605 1785 731 1841 sive
764 1786 1208 1856 conjunctione,
1261 1787 1386 1842 sive
1420 1789 1846 1860 praepositione
1878 1789 1955 1844 ad
1984 1806 2099 1846 no-

341 1944 348 1950 .
437 1874 670 1930 minum
701 1875 1188 1945 conjunctionem
1228 1877 1433 1932 utaris.

1003 1983 1239 2039 CAPUT
1275 1985 1506 2041 XXVIII.

439 2071 608 2140 Quod
644 2087 774 2142 quin
805 2071 1244 2146 dehominibus
1281 2073 1424 2146 dicit
1463 2074 1786 2144 Scriptura
1817 2081 2099 2146 tanquam

509 2158 632 2198 una
658 2159 786 2197 cum
821 2142 1062 2198 Christo
1089 2145 1502 2214 regnantibus,
1525 2142 1696 2201 tea—de
1715 2142 1951 2215 Spiritu
1981 2147 2104 2204 dici

507 2229 629 2268 non
661 2215 994 2268 concedunt
1025 2215 1382 2270 adversarii.

509 2306 598 2358 69.
629 2301 957 2357 Videamus
1016 2319 1195 2374 porro
1248 2321 1326 2360 an
1365 2305 1778 2361 defensionem
1827 2307 2098 2378 aliquam

436 2390 709 2462 patribus
733 2391 952 2446 nostris
997 2409 1176 2465 super
1208 2393 1564 2464 hujusmodi
1618 2412 1728 2450 usu
1782 2395 2092 2468 possimus

438 2479 800 2548 excogitare.
829 2483 976 2536 Nam
1015 2483 1116 2554 qui
1147 2482 1322 2538 nobis
1379 2483 1460 2538 ita
1517 2483 1804 2557 loquendi
1851 2484 2092 2540 fuerunt

441 2573 743 2638 auctores,
799 2570 993 2640 magis
1051 2587 1236 2643 quam
1279 2589 1389 2626 nos
1441 2573 1666 2629 haerent
1703 2575 1764 2630 in
1818 2574 2090 2630 crimine.

441 2658 658 2714 Paulus
696 2659 876 2727 igitur
928 2658 1384 2716 Colossensibus
1433 2662 1701 2719 scribens
1760 2683 1772 2720 :
1834 2664 1911 2718 Et
1971 2680 2090 2730 vos,

437 2747 656 2820 inquit,
688 2763 819 2803 cum
869 2752 1066 2805 essetis
1103 2753 1330 2805 mortui
1379 2752 1614 2808 delictis
1652 2769 1724 2809 ac
1773 2757 2090 2824 praeputio,

439 2837 768 2904 viviﬁcavit
818 2839 1000 2892 simul
1025 2853 1157 2892 cum
1190 2841 1432 2895 Christo
1463 2843 1504 2894 θ.
1551 2844 1700 2897 Num
1748 2842 1928 2912 igitur
1977 2843 2084 2898 toti

437 2923 667 2996 populo
699 2929 754 2979 et
789 2924 1058 2980 Ecclesiae
1107 2927 1357 2984 donavit
1393 2931 1548 2984 Deus
1577 2929 1760 2986 vitam
1818 2947 1950 3004 quae
2007 2936 2096 2986 est

439 3029 578 3068 cum
611 3013 861 3084 Christo,
917 3021 1126 3071 sancto
1157 3021 1358 3072 autem
1391 3018 1628 3089 Spiritui
1673 3035 1794 3074 non
1843 3026 1932 3075 est
1973 3021 2093 3075 vita

440 3117 581 3156 cum
630 3102 910 3158 Christo?
945 3104 1118 3168 Quod
1140 3105 1188 3159 si
1219 3105 1378 3160 istud
1403 3106 1498 3161 vel
1529 3107 1734 3164 animo
1777 3109 2096 3180 concipere

439 3191 701 3263 impium
758 3197 872 3256 est,
927 3207 1130 3248 annon
1187 3195 1354 3266 pium
1413 3197 1605 3262 fuerit,
1639 3204 1704 3253 ut
1754 3199 1939 3254 habet
1989 3215 2098 3254 na-

439 3281 600 3340 tura,
629 3279 710 3334 ita
738 3280 919 3334 etiam
951 3282 1390 3352 professionem
1445 3287 1814 3356 conjunctim
1866 3289 2097 3360 persol-

439 3369 625 3424 vere?
681 3369 921 3437 Adhaec,
984 3385 1190 3427 annon
1236 3375 1486 3429 extremi
1535 3377 1796 3448 stuporis
1853 3383 1965 3448 est,
2015 3379 2098 3434 fa-

437 3455 546 3512 teri
603 3461 846 3513 sanctos
887 3475 1020 3514 esse
1063 3476 1204 3516 cum
1246 3461 1477 3518 Christo
1505 3463 1827 3537 (siquidem
1885 3469 2102 3524 Paulus

437 3545 834 3617 peregrinaris
891 3563 928 3600 a
970 3563 1222 3620 corpore
1253 3564 1516 3621 praesens
1569 3557 1656 3607 est
1691 3553 1856 3625 apud
1899 3556 2093 3612 Domi-

436 3637 620 3690 num"
650 3655 662 3704 ;
697 3641 750 3691 ct
783 3635 886 3691 ubi
929 3635 1265 3705 emigravit,
1299 3639 1428 3709 jam
1481 3657 1620 3696 cum
1653 3643 1886 3700 Christo
1929 3647 2037 3717 est)
2072 3663 2085 3700 :

437 3724 550 3780 hos
573 3741 715 3780 vero
745 3725 984 3798 Spiritui
1010 3732 1303 3800 quantum
1331 3729 1579 3802 quidem
1605 3731 1664 3787 in
1699 3733 1846 3805 ipsis
1871 3740 2092 3802 est,ne-

436 3829 555 3886 que
581 3815 696 3870 hoc
720 3815 1000 3880 tribuere,
1035 3823 1101 3873 ut
1134 3833 1299 3891 aeque
1345 3818 1555 3874 saltem
1604 3827 1784 3894 atque
1808 3823 2086 3881 homines

437 3919 576 3958 cum
603 3905 831 3960 Christo
872 3905 989 3960 sit?
1019 3907 1172 3971 Quin
1204 3913 1261 3962 et
1287 3907 1502 3962 Paulus
1527 3909 1789 3981 seipsum
1823 3915 1923 3968 Dei
1953 3931 2094 3970 coo-

435 3996 778 4060 peratorem
809 3993 1073 4064 appellat
1098 3994 1156 4048 in
1199 3995 1718 4054 administratione
1747 4001 2052 4072 Evangelii
2080 4019 2092 4058 :

438 4077 542 4132 sed
575 4079 856 4147 Spiritum
885 4087 1185 4148 sanctum,
1215 4099 1321 4154 per
1351 4101 1530 4156 quem
1559 4087 1616 4141 in
1641 4089 1803 4142 omni
1832 4095 2102 4148 creatura

437 4182 570 4237 quae
593 4166 705 4221 sub
733 4167 883 4223 cmlo
915 4169 1348 4237 est,fructiticat
1373 4175 1783 4244 Evangelium.
1809 4177 1855 4232 si
1887 4193 2099 4251 coope—

437 4260 698 4312 ratorem
725 4256 1223 4329 appellemus,hic
1237 4276 1479 4333 quoque
1503 4262 1822 4336 impietatis
1844 4283 1953 4320 nos
1969 4283 2100 4322 reos

445 4346 764 4415 peragent?
789 4349 851 4401 Et
873 4351 934 4401 ut
955 4347 1336 4418 videtur,vita
1367 4353 1737 4422 sperantium
1761 4355 1819 4409 in
1850 4355 2100 4411 Domino

441 4432 801 4488 abscondita
824 4441 910 4490 est
941 4451 1080 4490 cum
1121 4436 1357 4492 Christo
1389 4439 1447 4492 in
1472 4440 1611 4506 Deo,
1645 4457 1906 4514 cumque
1938 4444 2096 4498 Chri-

437 4521 564 4572 stus
590 4521 938 4591 apparuerit
965 4522 1086 4578 vita
1109 4529 1469 4588 nostra,tum
1502 4532 1558 4581 et
1587 4529 1700 4599 ipsi
1725 4545 1862 4584 cum
1895 4545 1965 4584 eo
2001 4547 2096 4602 ap-

439 4608 746 4681 parebunt
776 4611 836 4666 in
871 4611 1118 4684 gloria“:
1147 4615 1274 4686 ipse
1301 4621 1502 4672 autem
1525 4617 1776 4689 Spiritus
1805 4619 1958 4688 vitae,
1991 4621 2096 4693 qui

430 4697 702 4754 liberavit
735 4715 846 4755 nos
877 4717 912 4757 a
937 4701 1066 4770 lege
1091 4705 1320 4776 peccati
1342 4708 1384 4774 θ,
1421 4723 1813 4780 nequaquam
1844 4714 1932 4765 est
1954 4727 2091 4766 cum

505 4905 526 4937 ι
556 4905 571 4958 Ι
599 4903 732 4962 Cor.
760 4921 840 4972 vi,
874 4911 956 4962 Η.
1036 4910 1056 4943 ⁵
1081 4908 1100 4962 Ι
1125 4911 1255 4967 Cor.
1293 4927 1346 4979 v,
1373 4915 1426 4968 4.
1505 4914 1526 4947 ⁶
1557 4911 1779 4968 Coloss.
1812 4931 1868 4985 ιι,
1906 4921 1990 4972 i3.

665 5123 1276 5208 Kurudsxeﬁvm._lieg_.
1327 5133 1636 5190 secundus
1669 5133 2098 5208 παραδεχθῇναι,

654 5197 976 5280 postulem
1009 5202 1198 5280 cinia;
1224 5197 1278 5280 ἓν
1301 5213 1410 5266 τοῖς
1441 5211 1656 5258 κατόπιν
1691 5197 2029 5280 ἐὸἰὸάξαμεν.

765 5277 1002 5354 Χριστῷ.
1029 5272 1180 5354 βαίη
1215 5279 1309 5354 σῦν
1333 5284 1406 5354 τῷ
1445 5285 1676 5348 Χριστῷ,
1710 5272 2102 5354 quaepi'repo-

437 5340 578 5396 sitio
611 5340 782 5396 deést
811 5340 872 5398 in
897 5340 1140 5398 dnobus
1167 5340 1430 5400 melioris
1463 5340 1987 5407 riotae'éoilicih'us.

509 5417 624 5478 (76)
657 5412 717 5464 Εἰ
742 5409 802 5464 δὲ
827 5423 980 5465 τοῦτο
1009 5420 1120 5472 καὶ.
1157 5417 1247 5472 Sic
1275 5417 1456 5472 iidem
1490 5419 1613 5474 duo
1650 5421 1889 5475 codices
1921 5422 2105 5478 modo

441 5481 623 5537 citati.
657 5485 926 5548 Quatuor
954 5485 1054 5541 alii
1101 5487 1163 5539 Εἰ
1210 5483 1268 5539 δὲ
1299 5493 1388 5540 καὶ
1414 5497 1588 5545 τοῦτο.
1625 5490 1777 5546 Edili
1821 5492 1878 5544 Εἰ
1931 5489 1989 5545 δὲ
2018 5499 2107 5545 καὶ

439 5558 594 5604 τοῦτο
637 5559 744 5610 καί.
779 5555 965 5616 Paulo
995 5561 1134 5616 Post
1157 5557 1300 5618 editi
1331 5567 1438 5623 πῶς
1467 5561 1594 5634 ούχὶ
1621 5567 1710 5614 καὶ
1735 5570 1824 5624 τῆς
1847 5564 2104 5635 ἐσχάτης,

2137 4411 2176 4464 I)

2065 4918 2085 4950 ⁷
2118 4917 2164 4970 ΙΙ
2189 4917 2326 4972 Cor.
2367 4932 2419 4984 v,
2453 4918 2506 4972 8.

2210 1797 2302 1852 τὴν
2339 1800 2437 1844 τῶν
2459 1792 2718 1864 ὀνομάτων
2751 1790 3054 1864 συμπλοκὴν
3081 1788 3520 1865 ἀποχρήσασθαι.

2731 1975 3119 2023 ΚΕΦΑΛΑΙΟΝ
3170 1967 3292 2025 KH’.

2208 2061 2328 2132 Ὀτι
2354 2059 2388 2110 ἆ
2408 2064 2524 2132 περὶ
2567 2067 2666 2111 τῶν
2698 2057 2978 2131 ἀνθρώπων
3015 2057 3150 2130 λέγει
3179 2059 3209 2115 ἠ
3239 2061 3414 2132 Γραφή
3457 2058 3521 2116 ὡς
3545 2055 3816 2132 συμβασι-

2281 2128 2523 2183 λευόντὼν
2555 2128 2982 2205 Χριστῷ,”ταυτα
3023 2128 3140 2202 περὶ
3178 2128 3568 2200 τουἸΙεύματος
3613 2128 3672 2180 ού
3715 2147 3814 2180 σν-

2281 2200 2608 2277 γχωρουσιν’
2630 2203 2680 2253 οἱ
2711 2200 3072 2272 ἀντιλέγοντες.

2282 2297 2368 2347 69.
2399 2287 2618 2363 Ἳδωμεν
2655 2287 2714 2343 δὲ
2743 2295 2832 2343 καὶ
2872 2295 2916 2342 εἰ
2959 2311 3074 2342 τινα
3128 2289 3412 2362 ἀπολογίαν
3463 2297 3566 2349 τοῖς
3597 2290 3814 2360 πατρά-

2211 2401 2294 2433 σιν
2321 2383 2466 2453 ἡμῶν
2521 2387 2619 2442 τῆς
2673 2383 2924 2453 χρήσεως
2970 2382 3164 2440 ταύτης
3203 2377 3561 2450 ἓπινοήσομεν.
3605 2379 3670 2429 Οἱ
3707 2379 3814 2452 γὰρ

2209 2476 2302 2529 τὴν
2335 2470 2506 2546 ἀρχὴν
2533 2475 2898 2542 παρασχόντες
2945 2477 3018 2540 τῷ
3055 2468 3191 2541 λόγῳ
3235 2469 3427 2542 μᾶλλον
3483 2471 3628 2540 ἡμῶν
3681 2469 3814 2520 ὑπό-

2206 2579 2400 2613 κεινται
2457 2566 2562 2620 τοῖς
2603 2558 2916 2632 ἐγκλήμασι.
2969 2558 3179 2618 Παῦλος
3216 2563 3387 2610 τοίνυν
3447 2559 3814 2610 Κολοσσαεῦοι

2204 2651 2412 2723 γράφων
2445 2662 2460 2678 ’
2523 2653 2622 2702 Καὶ
2679 2649 2830 2720 ὑμᾶς,
2883 2651 3032 2719 φησὶ,
3083 2651 3294 2721 νεκροὺς
3352 2651 3494 2706 ὄντας
3558 2653 3663 2706 τοῖς
3709 2654 3814 2697 πά-

2204 2745 2523 2812 ραπτώμασι
2575 2743 2664 2789 καὶ
2730 2745 2791 2810 τῇ
2863 2734 3210 2810 ἀκροϐυστίᾳ,
3275 2737 3694 2796 συνεζωοποίησε
3739 2743 3814 2806 τῷ

2213 2837 2428 2902 Χριστῶ
2651 2827 2786 2900 ’Λρα
2841 2827 2928 2878 οὖν
2962 2825 3068 2878 λαῶ
3127 2829 3218 2898 μὲν
3271 2825 3368 2896 ὅλῳ
3406 2831 3496 2877 καὶ
3528 2823 3816 2897 Ἐκκλησία

2213 2917 2506 2991 ἐχαρίσατο
2546 2917 2570 2968 ὁ
2613 2919 2742 2977 Θεὸς
2770 2919 2862 2973 τὴν
2905 2919 2998 2966 σὺν
3029 2923 3244 2988 Χριστῶ
3271 2916 3430 2982 ζωὴν,
3478 2921 3549 2966 τῶ
3587 2909 3648 2966 δὲ
3677 2914 3816 2986 ἁγίῳ
3855 2959 3860 2962 .

2214 3008 2478 3076 Πνεῦματι
2531 3003 2658 3075 οὐχὶ
2711 3007 2804 3055 σύν
2853 3011 3064 3078 Χριστῶ
3115 3005 3144 3062 ἠ
3209 3003 3366 3068 Cui);
3433 3003 3496 3054 Εἰ
3547 2999 3608 3054 δὲ
3657 3009 3814 3054 τοῦτο

2211 3099 2300 3146 καὶ
2325 3095 2440 3164 (76)
2493 3090 2702 3164 διανοίᾳ
2740 3091 2912 3145 λαϐεῖν
2955 3091 3154 3162 ἀσεϐὲς,
3213 3100 3320 3152 πῶς
3361 3091 3465 3164 οὐχ
3526 3093 3693 3160 ὅσιον,
3747 3095 3812 3152 ὡς

2213 3187 2324 3255 ἔχει
2374 3185 2593 3256 φύσεως,
2653 3183 2789 3234 οὕτω
2849 3187 2937 3234 καὶ
2989 3186 3082 3238 τήν
3137 3181 3413 3253 ὁμολογίαν
3475 3185 3816 3253 συνημμένως

2215 3269 2532 3326 ἀποδιδόναι
2565 3289 2578 3338 ;
2611 3270 2759 3337 Εἶτα,
2807 3280 2918 3333 πῶς
2965 3270 3023 3323 οῦ
3063 3279 3158 3332 τῆς
3205 3269 3444 3343 ἐσχάτης
3493 3269 3818 3341 ἀναλγησίας

2212 3367 2329 3423 τοὺς
2357 3367 2448 3435 μὶν
2505 3363 2689 3434 ἀγίονς
2737 3362 3004 3435 ὁμολογεῖν
3059 3365 3153 3413 σῦν
3201 3369 3418 3434 Χριστῶ
3478 3359 3606 3414 εἶναι
3645 3364 3814 3434 (εἴπερ

2215 3447 2282 3509 δὴ
2317 3452 2524 3514 Παυλος
2551 3448 2856 3524 ἐκδημήσας
2907 3450 3007 3503 ἀπὸ
3037 3469 3125 3503 του
3159 3457 3398 3523 σώματος
3429 3450 3543 3520 (77)
3595 3446 3820 3522 ἕνδήμεῐ

2211 3545 2342 3616 πρὸς
2367 3547 2452 3593 τὸν
2485 3546 2696 3614 Κύριον,
2721 3547 2810 3593 καὶ
2841 3539 3100 3602 ἀναλύσας
3133 3543 3225 3592 σῦν
3258 3547 3474 3614 Χριστῶ
3495 3537 3636 3590 ἐστιν
3657 3535 3812 3605 ἤδη),

2211 3639 2281 3681 τῶ
2313 3627 2372 3682 δὲ
2403 3633 2664 3702 ιῐνεύματι
2715 3633 2934 3690 τούτους
2984 3626 3120 3686 μηδὲ
3169 3636 3272 3689 τοῖς
3303 3628 3595 3701 ἀνθρώποις
3635 3627 3816 3690 ἐξίσου

2212 3722 2341 3791 μετά
2387 3727 2620 3794 Χριστοῦ
2673 3717 2821 3786 εἶναι,
2867 3722 2985 3790 τόγε
3041 3719 3108 3778 εἰς
3165 3717 3348 3777 αύτούς
3386 3718 3530 3789 ἧκον,
3591 3714 3817 3790 μεταδι-

2213 3805 2404 3876 δόναις
2463 3813 2564 3860 Καὶ
2597 3807 2798 3868 Παῦλος
2852 3815 2985 3860 Θεοῦ
3016 3811 3105 3880 μὲν
3139 3809 3384 3880 συνεργὸν
3433 3807 3612 3858 ἑαυτὸν
3657 3806 3708 3857 ἐν
3749 3815 3812 3878 τῇ

2211 3899 2480 3971 οἰκονομίᾳ
2529 3906 2620 3950 τοῦ
2677 3897 2992 3969 Ιίῦαγγελίου
3049 3897 3194 3948 καλεί
3223 3913 3238 3926 '
3280 3901 3336 3948 τὸ
3387 3893 3445 3949 δὲ
3491 3901 3703 3967 Πνεῦμα
3755 3900 3816 3948 τὸ

2211 3990 2378 4062 ἅγιον,
2405 3986 2478 4042 δι’
2511 3989 2570 4040 οὗ
2605 3988 2652 4040 ἐν
2677 3991 2824 4061 πάσῃ
2859 3993 3030 4040 κτίσει
3058 3995 3120 4059 τῇ
3169 3989 3268 4038 ύπὸ
3299 3991 3386 4039 τὸν
3416 3986 3630 4060 ούρανὸν
3687 4006 3814 4062 καρ-

2211 4087 2514 4154 ποφορείται
2581 4083 2637 4130 τὸ
2711 4077 3042 4149 Εύαγγέλιον,
3105 4075 3188 4128 ἐὰν
3266 4080 3512 4148 συνεργὸν
3566 4078 3809 4148 εἴπωμεν,

2211 4168 2478 4220 κάνταυθα
2525 4171 2640 4239 (ἳ8)
2696 4166 2932 4228 ἀσεϐείας
2988 4169 3187 4238 γραφήν
3235 4166 3351 4217 καθ’
3399 4167 3544 4237 ἡμῶν
3589 4163 3810 4235 ἀπενέγ-

2209 4277 2426 4325 καιντο;
2464 4263 2563 4312 Καὶ
2617 4261 2682 4320 ὡς
2728 4261 2908 4324 ἔοικεν,
2959 4259 2989 4313 ἡ
3051 4259 3139 4327 μὲν
3200 4255 3306 4315 ζωὴ
3357 4263 3457 4306 τῶν
3516 4254 3812 4312 ﬁmum»

2209 4348 2290 4401 ἐπὶ
2325 4353 2512 4424 Κύριον
2543 4353 2825 4423 κέκρυπται
2883 4350 2976 4398 σῦν
3007 4353 3079 4396 τῶ
3107 4352 3323 4417 Χριστῶ
3355 4343 3402 4394 ἐν
3433 4351 3503 4394 τῶ
3525 4349 3639 4394 Θεώ
3672 4360 3684 4372 ·
3718 4349 3814 4394 καὶ

2209 4441 2329 4490 ὅταν
2392 4441 2416 4490 ὀ
2466 4442 2700 4510 Χριστὸς
2757 4437 3047 4510 φανερωθῇ,
3105 4436 3132 4491 η
3185 4434 3292 4494 ζωὴ
3346 4435 3515 4504 ἡμῶν,
3565 4437 3679 4484 τότε
3715 4437 3810 4483 καὶ

2209 4529 2357 4580 αὐτοὶ
2389 4533 2479 4580 σῦν
2525 4528 2664 4597 αύτῷ
2702 4528 3150 4600 φανερωθήσονται
3180 4521 3227 4573 ἐν
3285 4519 3415 4594 δόξῃ
3453 4539 3466 4552 ’
3500 4521 3625 4573 αὐτὸ
3655 4517 3714 4573 6“.-
3753 4525 3815 4573 τό

2211 4625 2420 4692 Πνεῦμα
2448 4625 2544 4678 τῆς
2575 4617 2732 4682 ζωῆς,
2780 4619 2838 4667 τό
2869 4615 3216 4686 ἐλευθερῶσαν
3273 4611 3409 4682 iui;
3447 4615 3547 4662 απὸ
3589 4617 3680 4662 τοῦ
3731 4615 3818 4662 νό-

2207 4729 2306 4783 μον
2352 4717 2442 4770 τῆς
2484 4708 2764 4781 ἁμαρτίας,
2797 4702 3043 4776 οὐδαμῶς
3095 4703 3205 4755 ἐστι
3258 4705 3350 4752 σῦν
3405 4709 3640 4775 Χριστὼ,
3693 4705 3819 4754 οὔτε

2585 4916 2604 4948 ⁸
2631 4911 2857 4970 Coloss.
2883 4927 2960 4980 ni,
2993 4913 3046 4979 3,
3077 4913 3127 4965 4.
3205 4911 3226 4944 ⁹
3257 4910 3429 4965 Rom.
3459 4921 3577 4971 vin.
3611 4909 3664 4961 2.

2213 5141 2448 5194 Veteres
2479 5137 2613 5192 libri
2643 5140 2708 5192 ut
2735 5135 2798 5190 in
2827 5138 3018 5210 textu:
3393 5199 3429 5210 η
3583 5202 3619 5210 __
3777 5201 3788 5208 _

2286 5214 2399 5280 (77)
2423 5211 2551 5262 ’Λπὸ
2584 5215 2674 5260 τοῦ
2705 5213 2960 5282 στὸματος.
3004 5205 3264 5282 ltamss.
3296 5199 3556 5282 codices.
3583 5199 3736 5282 Edili
3767 5201 3824 5252 ἐκ

2215 5275 2305 5332 τοῦ
2348 5275 2962 5352 σώματοςᾸηωΙόλΡΟει
2990 5275 3132 5330 editi
3156 5275 3270 5352 οἷον.
3291 5278 3410 5352 τόγε
3441 5275 3512 5352 εἰς
3545 5275 3760 5352 αύτούς.
3779 5309 3821 5329 ι.

2215 5357 2304 5402 καὶ
2337 5352 2383 5403 ἐν
2581 5344 2945 5423 rg,_Codices
2969 5363 3118 5403 mss.
3169 5349 3234 5402 ut
3255 5344 3316 5400 in
3347 5349 3510 5399 textu
3537 5345 3826 5414 etprima

2219 5421 2566 5497 Dasileen_sis
2597 5421 2802 5497 editio._
3399 5485 3416 5497 ς
3571 5489 3579 5497 ι
3620 5485 3630 5496 ⁸
3759 5485 3796 5497 Π

2289 5497 2398 5565 {78)
2427 5492 2723 5547 Κάνταυθα.
2757 5494 2922 5548 l-Ianc
2953 5503 3351 5565 voce_m,_quae
3380 5485 3588 5550 deerat
3616 5485 3674 5551 in
3700 5485 3829 5554 edi-

2217 5559 2312 5634 tis,
2347 5559 2691 5622 addidimus
2717 5579 2789 5619 ex
2817 5577 2964 5618 mss.
2998 5559 3330 5617 codicibus.
