4070 6194
488 222 588 276 ίοο
1871 211 1930 267 S.
1971 211 2222 269 BASlLll
2261 211 2479 271 MAGNI
3751 215 3859 270 200

485 343 673 400 beant
703 341 1036 399 nescientes
1069 340 1136 406 ¹⁴,
1178 339 1321 394 sieo
1348 337 1754 406 adducuntur,
1795 341 1860 394 ut
1907 335 2092 410 aliqui

2256 337 2610 410 ἐφικνούμενοι
2636 343 2733 398 τῆς
2761 335 2930 402 ἀξίας,
2962 339 3248 400 κολάζουσι
3277 343 3371 389 τοῦ
3398 336 3555 410 λόγου
3597 340 3656 390 τὸ
3708 339 3863 412 ὑπερ-

490 433 672 490 etiam
697 430 1013 501 magniﬁce
1031 429 1358 503 loquantur
1377 428 1450 484 de
1470 428 1700 501 Spiritu,
1726 427 1974 500 perinde
1994 443 2097 501 qui

2255 435 2442 480 πῖπτον
2497 433 2590 486 τὴν
2653 431 2997 500 συμμετρίαν.
3063 433 3132 488 Ος
3199 426 3366 500 ἐχρῆν
3423 423 3712 503 ὀδύρεσθαι
3768 434 3861 486 τὴν

427 571 434 576 .
489 523 538 579 si
568 521 921 591 dignitatem
959 520 1147 593 ipsius
1177 523 1615 592 assequantur;
1651 517 1816 590 quod
1858 518 1919 572 in
1967 517 2027 571 di

2254 516 2561 569 ἀσθάνειαν·
2596 521 2676 570 ὅτι
2734 514 2799 568 ὧν
2860 520 2993 590 ἔργῳ
3048 519 3348 589 πάσχομεν,
3389 517 3561 589 λόγοις
3615 517 3861 578 ἀντιπλη-

488 611 742 669 modum
769 609 1021 679 excedit,
1050 609 1404 682 reprimunt.
1440 610 1600 674 Quos
1622 623 1798 664 suam
1820 606 2095 663 inﬁrmita

2254 609 2370 674 ροῡν
2401 606 2494 660 τὴν
2520 605 2680 677 χάριν
2729 601 2822 654 οὐκ
2871 600 3201 675 ἐξαρκοῡμὲν.
3246 606 3498 675 Υπερέχει
3545 605 3645 676 γὰρ
3693 607 3861 657 πάντα

490 706 610 756 tem
632 699 947 772 deplorare
978 698 1326 772 oportebat:
1359 699 1648 770 quoniam
1668 697 1869 754 idonei
1891 711 2017 752 non
2039 713 2097 750 su

2252 698 2386 758 νοῦν,
2421 697 2511 743 καὶ
2539 691 2696 762 λόγου
2742 694 2896 762 φύσιν
2947 689 3172 764 ἐλέγχει,
3224 688 3348 745 οὐδὲ
3397 691 3667 763 πολλοστῷ
3717 698 3859 766 μέρει

487 806 647 857 mus,
679 789 783 862 qui
804 804 914 862 pro
944 787 1274 856 beneﬁciis,
1311 787 1534 860 quibus
1571 787 1771 859 reipsa
1819 784 2094 842 aﬂicimui

2253 789 2341 843 τῆς
2407 779 2556 844 ἀξίας
2617 785 3009 856 παρισουμένην
3067 783 3178 851 (84)
3241 783 3378 834 κατὰ
3428 786 3514 834 τὸν
3565 781 3717 853 λόγον
3765 792 3860 846 τῆς

487 878 686 935 verbis
702 878 926 948 gratias
943 893 1218 947 agamus.
1236 880 1489 950 Superat
1508 877 1669 932 enim
1691 891 1938 933 omnem
1968 874 2094 930 intel

2294 875 2660 945 τιγραφομένης
2717 875 2900 943 Σοφίας
2933 891 2947 905 ο
3015 869 3268 940 Υψώσατε
3328 873 3452 946 γὰρ,
3518 891 3671 944 φησι,
3722 875 3901 926 καθ--

487 969 708 1025 lectum
731 984 800 1024 ac
821 967 1116 1026 sermonis
1140 971 1421 1023 naturam
1444 967 1772 1037 redarguit,
1795 982 1935 1022 cum
1961 981 2034 1022 ea
2063 980 2094 1020 n

2252 966 2372 1014 οσον
2441 959 2500 1012 ἂν
2570 957 2798 1018 δύνησθε
2847 980 2860 994 ο
2933 962 3178 1034 ὑπερέχει
3233 963 3334 1034 γὰρ
3402 965 3491 1014 καὶ
3559 964 3631 1014 ἔτι
3693 982 3707 996 ο
3772 968 3859 1015 καὶ

485 1057 803 1114 minimam
818 1058 1067 1130 quidem
1089 1057 1396 1126 dignitatis
1415 1056 1572 1114 illius
1591 1061 1824 1129 partem
1838 1056 2091 1128 adaeque

2249 1051 2499 1122 ὑψοῦντες
2553 1050 2707 1102 αὐτόν
2756 1048 3068 1107 πληθύνατε.
3141 1054 3224 1106 Μὴ
3294 1055 3508 1103 κοπιᾶτε
3555 1070 3570 1085 ι
3629 1051 3689 1103 οὐ
3750 1055 3853 1126 γὰρ

483 1147 654 1218 juxta
672 1147 858 1204 verba
877 1147 1011 1203 libri
1033 1146 1497 1219 quiinscribitur
1511 1147 1832 1219 Sapientia:
1857 1145 2090 1202 Exulto.

2249 1147 2318 1215 μὴ
2384 1140 2650 1213 ἐφίκησθε.
2720 1139 2786 1192 ἸΙ
2854 1160 2954 1192 που
3019 1138 3230 1213 φοϐεραὶ
3291 1141 3410 1212 ὑμῖν
3478 1143 3533 1194 αἱ
3581 1143 3708 1214 ὑπὲρ
3753 1151 3856 1194 τῶν

486 1240 640 1294 enim
661 1250 682 1306 ,‘
721 1237 935 1308 inquit,
973 1244 1465 1309 quatumcunque
1505 1238 1860 1306 potueritis:
1894 1251 2093 1305 superi

2250 1233 2493 1283 τοιούτων
2559 1230 2721 1301 λόγων
2790 1229 3000 1284 εὐθῦναι
3065 1237 3168 1290 τοῖς
3225 1232 3369 1302 παρὰ
3418 1238 3510 1283 τοῦ
3578 1228 3857 1302 ἀψευδοῦς

489 1327 642 1382 enim
665 1332 719 1382 et
741 1325 971 1395 adhuc;
993 1333 1045 1380 et
1069 1327 1408 1381 exultantes
1429 1341 1561 1380 eum
1583 1326 2003 1393 multiplicate.
2023 1325 2096 1378 Nt

2252 1321 2506 1380 ἁκηκοόσι
2533 1329 2665 1374 Θεοῦ
2694 1321 3076 1394 ἀσυγχώρητον
3118 1317 3246 1373 εἶναι
3283 1324 3377 1379 τὴν
3428 1317 3500 1382 εἶς
3540 1325 3598 1375 τὸ
3649 1329 3858 1395 Πνεῦμα

492 1417 595 1472 lite
621 1415 943 1472 laborare:
975 1430 1094 1472 non
1125 1417 1280 1472 enim
1317 1417 1717 1487 assequemini
1755 1418 1820 1483 ⁸⁵,
1874 1414 2099 1470 Profect

1275 1435 1280 1470 ι
1317 1417 1717 1487 assequemini
1755 1418 1820 1483 ⁸⁵,
1874 1414 2141 1470 Profecto
2250 1416 2306 1466 τό
2339 1413 2488 1484 ἅγιον
2523 1411 2882 1484 βλασφημίαν.

488 1504 778 1560 terribiles
811 1505 986 1561 vobis
1015 1505 1361 1561 istiusmodi
1393 1520 1745 1561 sermonum
1777 1504 2098 1561 reddendae
2125 1503 2388 1560 rationes
2411 1502 2512 1575 qui
2547 1516 2583 1559 a
2614 1504 2733 1557 Deo
2764 1500 3007 1558 mentiri
3035 1500 3238 1557 nescio
3268 1500 3546 1572 audistis,
3595 1501 3859 1559 irremis-

493 1592 731 1650 sibilem
761 1609 892 1652 esse
920 1594 1371 1668 blasphemiam
1402 1595 1464 1650 in
1495 1594 1779 1666 Spiritum
1805 1599 2082 1651 sanctum
2118 1594 2184 1650 ¹⁶.

1093 1725 1315 1780 CAPUT
1362 1725 1532 1779 XXIX.
2171 1683 2212 1737 Β

2171 1683 2212 1737 Β
2781 1686 3169 1736 ΚΕΦΑΛΑΙΟΝ
3211 1683 3335 1738 ΚΘ.

844 1850 852 1858 _
956 1849 965 1858 .
1206 1849 1217 1861 ο
1290 1848 1332 1863 ﬁ
1415 1849 1427 1863 '
1503 1849 1512 1859 ι
1733 1854 1743 1863 ι
1799 1850 1806 1858 _
2052 1847 2099 1856 η
2269 1791 2602 1863 Λπαρίθησις
2652 1797 2751 1841 τῶν
2799 1791 2847 1842 ὲν
2913 1798 2973 1861 τῇ
3042 1788 3326 1861 Ἐκκλησία
3387 1785 3679 1863 -διαφανῶν,
3741 1793 3859 1844 ὅσοι

493 1848 882 1936 Enumeratio
904 1849 1171 1930 virorum
1195 1849 1255 1903 in
1278 1848 1549 1936 Ecqlesia
1575 1849 1931 1914 illustrium,
1956 1848 2059 1918 qui
2080 1848 2099 1902 i

2325 1848 2626 1936 ὶίρησαντο
2656 1861 2703 1914 ἐν
2759 1868 2867 1923 τοῖς
2918 1848 3329 1934 συγγράμμασιν
3375 1848 3568 1915 ἑαυτῶν
3614 1871 3678 1935 τῇ
3717 1874 3854 1936 φωνῇ

654 1921 894 1990 scriptis
923 1921 1046 1974 suis
1072 1921 1166 1974 usi
1193 1926 1330 1974 sunt
1375 1919 1488 1976 hac
1514 1935 1671 1987 voce,
1704 1942 1731 1969 ‹‹
1761 1935 1911 1975 cum.
1943 1941 1970 1967 ››

980 1921 1046 1974 iis
1072 1921 1166 1974 usi
1193 1926 1330 1974 sunt
1375 1919 1488 1976 hac
1514 1935 1671 1987 voce,
1704 1942 1731 1969 ‹‹
1761 1935 1911 1975 cum.
1943 1941 1970 1967 ››
2329 1919 2516 1988 «βα-ἀν,
2560 1955 2587 1982 ›)

562 2049 650 2099 7t.
686 2045 837 2099 Sane
865 2048 1075 2100 contra
1105 2043 1166 2100 id
1193 2043 1360 2116 quod
1384 2044 1613 2112 dicunt,
1646 2043 2143 2114 gloriﬁcationem

2324 2046 2418 2096 71.
2457 2045 2594 2113 Πρός
2622 2061 2677 2112 γε
2702 2045 2804 2112 μὴν
2833 2045 2892 2094 τὸ
2941 2039 3241 2117 ἀμάρτυρον
3297 2046 3388 2094 καὶ
3432 2043 3666 2116 ἄγραφον
3726 2039 3858 2095 εἶναι

490 2149 624 2192 cum
653 2132 887 2202 Spiritu
919 2149 1119 2190 carere
1151 2134 1513 2202 testimonio,
1564 2149 1674 2189 nec
1716 2133 1777 2189 in
1826 2133 2097 2205 Scriptur.

2252 2136 2344 2188 τὴν
2398 2135 2491 2183 σὺν
2535 2138 2606 2202 τῷ
2670 2134 2936 2203 Πνεύματι
2996 2128 3300 2203 δοξολογίαν
3352 2132 3508 2184 ἐκεῖνο
3564 2131 3777 2204 λέγομεν
3845 2153 3858 2166 ·

491 2224 746 2285 exstare,
769 2219 920 2276 illud
940 2221 1198 2276 dicimus
1224 2238 1236 2276 :
1271 2221 1319 2276 si
1345 2223 1464 2293 ϐο
1495 2222 1643 2278 nihil
1680 2221 1848 2277 aliud
1877 2226 1967 2277 est
1986 2237 2098 2276 rect

2254 2221 2354 2286 ὅτι,
2388 2221 2430 2272 εἰ
2459 2222 2547 2292 μὶν
2591 2219 2756 2293 μηδεν
2788 2223 2954 2296 ἕτερον
3001 2223 3251 2295 ἄγραφον,
3293 2218 3432 2294 μηδὲ
3474 2230 3629 2276 τοῦτο
3682 2241 3855 2298 παρα-

490 2313 662 2380 ptum
680 2307 910 2379 absque
927 2309 1266 2380 Scripturis,
1289 2325 1363 2364 ne
1390 2309 1505 2366 hoc
1528 2309 1776 2382 quidem
1801 2310 2097 2382 recipiatui

2256 2306 2504 2381 δεχθητω
2540 2331 2552 2343 ·
2586 2311 2629 2363 εἰ
2675 2308 2733 2364 δὲ
2772 2314 2838 2364 τὰ
2889 2311 3110 2364 πλεῖστα
3164 2320 3263 2363 τῶν
3303 2320 3567 2384 μυστικῶν
3611 2311 3856 2385 ἀγράφως

493 2397 586 2452 sin
615 2396 875 2468 plurima
895 2412 1119 2454 arcana
1138 2399 1284 2454 citra
1304 2401 1592 2471 scriptum
1617 2404 1860 2471 recepta
1883 2403 2100 2454 suntm

2254 2401 2380 2472 ἡμῖν
2439 2399 2844 2472 ἐμπολιτεύεται,
2906 2403 3036 2474 μετὰ
3097 2400 3292 2452 πολλῶν
3348 2410 3448 2454 τῶν
3516 2403 3698 2477 ἐτέρων
3767 2407 3856 2454 καὶ

489 2486 602 2557 bis,
640 2501 778 2543 cum
809 2486 939 2542 aliis
962 2486 1234 2558 pluribus
1259 2492 1316 2544 et
1340 2489 1456 2544 hoc
1476 2489 1858 2562 recipiemus.
1878 2488 2096 2545 Arbitrc

2254 2496 2406 2541 τοῦτο
2436 2486 2840 2564 παραδεξόμεθα
2868 2491 3002 2560 (85).
3040 2487 3411 2543 Ἀποστολικόν
3456 2487 3514 2544 δε
3570 2488 3716 2563 οζααι
3767 2497 3856 2543 καὶ

491 2578 692 2631 autem
722 2575 1121 2647 apostolicum
1144 2592 1292 2642 esse,
1318 2578 1496 2633 etiam
1528 2595 1652 2634 non
1683 2579 1916 2651 scriptis
1957 2579 2098 2635 tradi

2254 2582 2311 2630 τό
2370 2585 2482 2640 ταῖς
2531 2579 2788 2654 ἀγράφοις
2847 2575 3179 2651 παραδόσεσι
3240 2584 3567 2653 παραμένειν.
3631 2580 3855 2633 Ἐπαινῶ

491 2663 760 2722 tionibus
786 2665 1096 2721 inhmrere.
1133 2668 1342 2724 Laudo
1371 2669 1550 2734 enim,
1583 2669 1798 2740 inquit,
1832 2685 1951 2735 vos,
1983 2685 2098 2740 quo

2253 2670 2379 2742 γὰρ,
2442 2674 2620 2740 φησιν,
2682 2669 2835 2741 ὑμᾶς,
2905 2671 2981 2722 ὅτι
3036 2671 3207 2723 πάντα
3261 2689 3360 2742 μου
3428 2672 3712 2743 μέμνησθε,
3770 2675 3855 2721 καὶ

489 2755 692 2810 omnia
722 2768 852 2810 mea
882 2756 1253 2825 meministis,
1293 2763 1346 2812 et
1374 2758 1876 2827 quemadmodum
1919 2759 2096 2815 tradit

2254 2759 2424 2818 καθὼς
2487 2755 2771 2832 παρέδωκα
2825 2761 2967 2831 ὑμῖν,
3028 2761 3120 2821 τὰς
3172 2755 3497 2832 παραδόσεις
3544 2764 3795 2831 κατέχετε
3839 2781 3853 2794 ·

489 2846 670 2912 vobis,
701 2845 1056 2902 traditiones
1089 2848 1297 2903 tenetis
1327 2848 1390 2900 ιτ.
1423 2849 1489 2902 Et
1516 2847 1683 2914 illud,
1725 2849 1935 2905 Tenete
1955 2850 2096 2905 trad

2254 2851 2341 2899 καὶ
2403 2850 2482 2912 τό,
2552 2854 2794 2919 Κρατείτε
2857 2851 2946 2908 τὰς
3026 2845 3353 2923 παραδόσεις
3419 2850 3478 2910 οἷς
3541 2849 3856 2922 παρελάϐετε

490 2936 677 2991 tiones
708 2950 856 3007 quas
883 2938 1194 3004 accepistis
1223 2937 1344 2992 sive
1384 2952 1494 3006 per
1530 2953 1856 2995 sermonem
1891 2941 2013 2995 sive
2031 2955 2097 3008 pe

2255 2941 2353 2989 εἴτε
2394 2935 2488 2990 διὰ
2543 2937 2722 3009 λόγου,
2765 2942 2863 2991 εἴτε
2922 2935 3017 2992 δει’
3081 2939 3352 3000 ἐπιστολῆς
3393 2961 3406 2972 ο
3467 2940 3535 2990 ὢν
3597 2945 3694 3013 μία
3740 2943 3853 3010 (86)

489 3026 795 3096 epistolam
821 3026 864 3061 ¹³
890 3041 902 3080 :
937 3040 1198 3096 quarum
1234 3041 1356 3082 una
1377 3030 1545 3082 estet
1584 3027 1710 3083 haec
1735 3028 1810 3084 de
1827 3044 1950 3100 qua
1979 3044 2096 3084 nun

2255 3028 2367 3081 ἐστὶ
2395 3033 2483 3080 καὶ
2514 3030 2543 3085 ἡ
2579 3035 2823 3103 παροῦσα
2873 3030 3028 3100 αὕτη,
3072 3033 3132 3088 ἣν
3179 3033 3226 3081 οἱ
3281 3030 3334 3092 ἐξ
3367 3028 3546 3103 ἀρχῆς
3601 3026 3854 3094 διαταξά-

487 3115 942 3186 agimus,quam
963 3115 1066 3186 qui
1084 3115 1162 3171 ab
1183 3116 1350 3171 initio
1364 3117 2094 3188 praescripseruntﬁradidt

2253 3137 2395 3189 μενοι
2454 3114 2839 3190 παραδιδόντες
2896 3126 3003 3181 τοῖς
3062 3118 3258 3191 ἐφεξῆς,
3322 3122 3716 3194 συμπροῖούσης
3775 3118 3852 3172 ἀεὶ

485 3207 747 3274 runtque
783 3203 1056 3274 posteris,
1092 3221 1206 3260 usu
1230 3221 1468 3278 semper
1498 3206 1676 3262 simul
1696 3223 1836 3263 cum
1872 3213 2092 3281 tempox

2252 3216 2324 3278 τῷ
2363 3212 2537 3282 χρόνῳ
2581 3215 2671 3267 τῆς
2724 3213 2990 3280 χρήσεως,
3047 3205 3141 3260 διὰ
3184 3215 3390 3281 μακρᾶς
3435 3218 3532 3271 τῆς
3580 3211 3854 3269 συνηθείας

487 3290 1135 3365 progrediente,ipsam
1161 3293 1346 3365 longa
1370 3296 1808 3352 consuetudine
1839 3298 1899 3354 in
1939 3299 2094 3354 Eccle

2252 3298 2368 3358 τάῐς
2397 3295 2724 3357 Ἐκκλησίαις
2777 3297 3243 3372 ἐγκατιρρίςωσαν.
3291 3298 3404 3369 ’.ἂρ’
3451 3299 3538 3350 οὖν
3578 3298 3642 3368 εἰ,
3683 3301 3754 3359 ὡς
3803 3298 3851 3350 ἐν

490 3380 594 3436 siis
616 3380 1034 3438 irradicarunt.
1062 3386 1212 3453 Ergo
1237 3385 1286 3439 si
1307 3385 1468 3440 velut
1498 3385 1559 3440 in
1582 3385 1883 3457 tribunali,
1915 3388 2097 3458 proba

2253 3382 2585 3460 δικαστηρίῳ
2611 3389 2704 3448 τὰς
2735 3382 2828 3438 διὰ
2882 3395 2981 3438 τῶν
3027 3387 3294 3459 ἐγγράφων
3345 3383 3665 3450 ἀποδείξεως
3725 3385 3853 3439 απο-

488 3469 752 3526 tionibus
773 3485 804 3525 e
822 3471 1045 3544 scripto
1067 3473 1352 3538 destituti,
1370 3473 1592 3528 multos
1613 3475 1786 3530 vobis
1809 3481 1990 3531 testes
2007 3493 2095 3548 pri

2251 3494 2476 3547 ρουντες,
2519 3479 2794 3550 μαρτύρων
2821 3478 2942 3548 ὑμῖν
2971 3475 3071 3535 πλῆ
3085 3478 3169 3538 θος
3201 3478 3684 3551 παραστησαίμεθα
3716 3478 3852 3548 (87),

486 3559 806 3627 ducamus,
831 3576 1034 3616 nonne
1065 3563 1424 3618 sententiam
1454 3562 1871 3620 absolventem
1903 3581 1940 3622 a
1968 3566 2093 3621 vob.

2252 3563 2346 3615 οὐκ
2393 3563 2453 3614 ἂν
2505 3571 2596 3623 τῆς
2645 3562 2889 3636 ἀφιείσης
2947 3566 3072 3637 παρ’
3127 3566 3270 3637 ὑμῶν
3330 3564 3506 3637 ψήφου
3555 3567 3852 3637 τύχοιμενς

485 3653 966 3724 consequemur?
992 3652 1115 3721 Ego
1138 3651 1385 3724 quidem
1410 3652 1669 3708 arbitror
1694 3673 1705 3707 :
1740 3657 1812 3710 In
1839 3671 1939 3711 ore
1965 3658 2092 3727 siqu

2255 3652 2383 3724 Ἐγὼ
2414 3656 2504 3726 μὲν
2555 3654 2714 3714 οὕτως
2766 3651 2913 3726 οἶμαι
2944 3676 2956 3688 ο
2991 3655 3103 3707 Ἐπὶ
3159 3660 3416 3728 στόματος
3458 3657 3559 3728 γὰρ
3611 3652 3711 3707 δύο
3763 3660 3856 3708 καὶ

486 3741 618 3797 dem
671 3741 928 3797 duorum
987 3757 1060 3798 ac
1108 3743 1290 3798 trium
1323 3743 1560 3798 testium
1610 3743 1788 3800 stabit
1823 3762 1994 3802 omne
2018 3762 2093 3802 ve:

2251 3752 2406 3818 τριῶν
2451 3746 2728 3818 μαρτύρων
2785 3745 3108 3802 σταθήσεται
3165 3751 3263 3797 πᾶν
3305 3746 3468 3819 ῥῆμα·
3516 3741 3576 3797 Εἰ
3633 3741 3693 3797 δε
3761 3751 3855 3797 καὶ

489 3830 626 3887 bum
656 3831 722 3886 ιθ.
747 3831 914 3896 Quod
943 3832 988 3886 si
1021 3831 1202 3888 etiam
1232 3833 1523 3904 temporis
1545 3832 2000 3891 diuturnitatem
2031 3852 2096 3908 pr

2253 3839 2338 3886 τόν
2368 3833 2526 3886 πολὺν
2564 3837 2754 3907 χρόνον
2797 3837 2928 3906 πρὸς
2958 3837 3103 3906 ἡμῶν
3152 3839 3274 3887 όντα
3321 3835 3544 3907 ἐναργῶς
3595 3835 3715 3905 ὑμῖν
3758 3841 3854 3886 επ-

485 3918 662 3974 nobis
680 3918 996 3975 facientem
1013 3919 1185 3976 vobis
1198 3920 1502 3976 evidenter
1513 3921 2092 3990 ostendamus,anno

2255 3923 2568 4000 εδείκνυμεν,
2622 3924 2715 3977 οὐκ
2759 3923 2818 3976 ἂν
2867 3920 3114 3996 ἐδόξαμεν
3163 3926 3284 3996 ὑμῖν
3334 3923 3510 3976 εἰκότα
3561 3922 3740 3994 λέγειν,
3774 3928 3850 3994 μή

485 4005 828 4061 videbimur
849 4007 1023 4062 vobis
1043 4008 1384 4080 probabilia
1397 4008 1616 4079 dicere,
1631 4026 1753 4067 non
1776 4028 1956 4084 posse
1975 4014 2092 4070 litei

2254 4022 2382 4072 εἶναι
2432 4019 2548 4071 καθ’
2602 4020 2748 4090 ἡμῶν
2771 4018 2859 4073 τὴν
2892 4009 3048 4070 δίκην
3073 4013 3421 4086 εἰσαγώγιμον
3450 4016 3644 4071 ταύτην
3669 4029 3682 4079 ;
3716 4020 3852 4064 Δυσ-

486 4097 662 4151 istam
679 4096 816 4165 jure
832 4096 1008 4151 nobis
1025 4096 1286 4153 intendi?
1301 4100 1651 4156 Veneranda
1665 4103 1825 4158 enim
1844 4109 1981 4160 sunt
1996 4121 2093 4177 qui

2251 4112 2491 4168 ωπητικὰ
2539 4111 2639 4181 γὰρ
2688 4127 2797 4168 πως
2834 4108 2898 4158 τὰ
2953 4103 3150 4156 παλαιὰ
3197 4112 3297 4155 τῶν
3337 4101 3634 4176 δογμάτων,
3695 4103 3853 4156 οἱονεὶ

485 4185 819 4241 dammodo
840 4190 1071 4243 vetusta
1092 4186 1404 4257 dogmata,
1427 4206 1562 4262 quae
1582 4191 1662 4247 ob
1700 4193 2092 4266 antiquitaten

2250 4199 2406 4270 πολιᾲ
2439 4219 2542 4252 τινι
2574 4207 2635 4256 τῆ
2671 4197 2989 4270 ἀρχαιότητι
3041 4197 3098 4246 τὸ
3149 4190 3422 4265 αἰδέσιμον
3466 4196 3674 4264 ἔχοντα.
3719 4190 3851 4246 ’Δπ-

485 4291 596 4331 ceu
626 4274 909 4333 canitiem
929 4275 1285 4348 quamdam,
1307 4277 1842 4352 habentquiddam
1871 4298 2092 4340 reverel

2253 4292 2617 4364 αριθμήσομαι
2643 4289 2730 4339 οὖν
2760 4289 2880 4358 ὑμῖν
2906 4289 3028 4346 τοὺς
3047 4285 3347 4358 προστάτας
3376 4290 3464 4335 τοῦ
3512 4282 3666 4353 λόγου
3690 4282 3853 4354 (συμ-

485 4365 1260 4440 dum.Enumeraboitaque
1274 4367 1448 4424 vobis
1463 4369 1644 4440 hujus
1658 4371 2092 4446 dictionispatrt

2251 4385 2656 4454 παραμετρεῖται
2696 4373 2755 4429 δὲ
2802 4378 3008 4435 πάντως
3032 4377 3167 4426 κατά
3209 4378 3268 4425 τὸ
3318 4379 3648 4444 σιωπώμενον
3695 4377 3784 4424 καὶ
3830 4375 3856 4424 ό

484 4468 597 4509 nos
619 4455 1004 4528 vindicesque
1026 4457 1226 4527 (simul
1252 4458 1415 4514 enim
1442 4460 1772 4517 aestimatur
1787 4462 1846 4517 in
1869 4479 1959 4530 eo,
1977 4481 2091 4536 quo

2250 4474 2462 4546 χρόνος)
2521 4489 2533 4503 ·
2585 4468 2644 4520 οὐ
2693 4469 2793 4540 γὰρ
2858 4466 2911 4527 EE
2963 4466 3107 4536 ἡμῶν
3163 4465 3402 4538 ὥρμηται
3457 4471 3680 4537 πρῶτον.
3742 4467 3857 4514 llo-

484 4544 916 4609 taoetur,etiam
930 4550 1415 4620 tempus);neque
1430 4549 1590 4604 enim
1605 4566 1677 4606 ex
1690 4551 1864 4607 nobis
1876 4554 2091 4625 primu]

2253 4544 2333 4612 θεν
2381 4559 2490 4628 (88)
2533 4574 2545 4625 ;
2601 4557 2784 4629 χθιζοί
2835 4574 2966 4616 τινες
3019 4558 3172 4614 ὄντως
3220 4555 3388 4624 ἡμεῖς,
3441 4555 3574 4604 κατά
3622 4556 3708 4602 τόν
3759 4560 3858 4604 τοῦ

485 4632 720 4688 initium
753 4636 1029 4706 sumpsit.
1065 4636 1175 4700 Qui
1203 4637 1442 4709 potuit?
1463 4639 1752 4696 Nimirum
1792 4657 1902 4698 nos
1933 4659 2092 4700 rever

2253 4649 2365 4704 Ἰὼϐ
2411 4648 2582 4719 λόγον,
2616 4652 2746 4721 πρός
2793 4665 2851 4716 γε
2904 4652 3152 4696 τοσοῦτον
3206 4647 3420 4717 χρόνον,
3468 4645 3552 4693 τόν
3595 4650 3691 4702 τῆς
3733 4659 3860 4692 συν-

486 4723 747 4779 hesterni
773 4739 1004 4791 sumus,
1033 4727 1560 4797 quemadmodum
1591 4730 1732 4787 dicit
1771 4733 1880 4789 Job
1912 4735 1982 4799 ³ο,
2032 4753 2093 4793 sa

2254 4742 2426 4800 ηθείας
2471 4742 2663 4798 ταύτης
2704 4736 3008 4795 ἡλικιώτην.
3043 4734 3171 4805 Ἐγὼ
3201 4737 3292 4805 μὶν
3321 4733 3407 4784 οὖν
3438 4732 3611 4799 αὐτὸς,
3657 4731 3699 4784 εἱ
3740 4738 3855 4803 χρὴ

560 4876 603 4911 ﬂ
630 4878 947 4963 Itqm._vli‘t,
969 4881 1069 4963 ‘26.
1151 4881 1196 4914 ¹⁵
1216 4879 1395 4963 ξοοΙὶ.
1421 4897 1578 4948 mn,
1615 4888 1700 4949 33,
1728 4888 1813 4941 34.
1896 4889 1940 4925 ¹⁶
1975 4890 2112 4947 Luc.
2143 4909 2167 4946 κ

2273 4897 2354 4948 10.
2437 4893 2477 4927 ⁸⁷
2511 4893 2528 4946 I
2561 4890 2695 4946 Cor.
2726 4903 2798 4959 χι,
2833 4893 2885 4944 2.
2967 4888 3011 4923 ³⁸
3041 4888 3083 4940 II
3110 4885 3314 4942 Thess.
3351 4901 3408 4950 ll,
3447 4888 3532 4942 14.
3612 4885 3656 4920 ¹⁹
3682 4883 3856 4940 Deut.

395 5014 398 5016 _
485 4963 605 5018 xxx,
653 4953 736 5002 15.
816 4950 864 4984 ³ο
893 4943 1026 5004 JOb.
1063 4965 1176 5022 vui,
1220 4955 1272 5007 9.

559 5100 674 5186 (εἰνὶ
705 5105 1123 5177 Παρισουμένην.
1172 5106 1253 5159 lta
1289 5120 1440 5160 mss.
1476 5106 1764 5181 quinque.
1811 5110 1962 5168 Editi
2009 5133 2138 5189 παρ-

2323 5116 2430 5188 (86)
2470 5114 2565 5165 Ὧν
2593 5117 2710 5186 μία.
2751 5112 2833 5165 lta
2861 5123 3009 5165 mss.
3059 5107 3349 5180 quinque.
3384 5105 3535 5162 Editi
3587 5106 3654 5157 ὧν
3702 5105 3858 5179 μάλι-

491 5191 1142 5330 ιῖσῖἒέῖῗίἀρξδεξρμεθα.
1171 5251 1255 5304 lta
1283 5252 1781 5330 Reg-secundus.
1811 5257 1980 5330 Quod
2013 5275 2094 5330 qu

2253 5207 2976 5330 σῗ87ξςιῗίαραστησαίμιθα.
3035 5255 3118 5307 lta
3147 5255 3372 5330 veteres
3405 5249 3541 5330 libri
3568 5254 3855 5330 quatuor.

487 5316 646 5382 dem,
693 5316 810 5402 _ut'
842 5316 1529 5402 Basilii“consuetiiiine
1586 5316 1874 5402 loquendi
1941 5316 2094 5399 ma‘gi

2252 5316 2890 5402 Εάὶλιῖτταρεοτησάμεόα.
2931 5328 3058 5381 Non
3107 5323 3297 5378 multo
3355 5327 3495 5395 post
3534 5316 3681 5392 m'ss,
3737 5328 3859 5378 tres

487 5394 860 5480 appOSLituLm,
901 5394 1087 5480 secuti
1113 5408 1362 5480 θρωπε,
1404 5394 1686 5480 quamvis
1735 5394 2094 5480 aliinquatuic

1019 5394 1362 5480 .iti‘suinu's,
1404 5394 1686 5480 quamvis
1735 5394 2142 5480 aliiﬁquatiior
2248 5394 2626 5480 ἐπιδείκνυμεν.

669 5460 934 5583 hoabeant
963 5460 1373 5536 καταδεξόμεθα.
1404 5460 1564 5521 Unus
1604 5484 1742 5524 cum
1775 5460 1946 5527 editis
1978 5493 2093 5526 κατι

489 5547 547 5580 σε
581 5549 780 5590 ωμεα.

2319 5475 2435 5542 (88)
2465 5460 2645 5525 Πόθεν.
2673 5473 2814 5541 Reg.
2844 5467 3145 5526 secundus
3168 5472 3329 5540 Πόγεν
3350 5468 3451 5539 γάρ
3474 5484 3486 5536 ;
3512 5464 3619 5518 ἐπεὶ
3639 5467 3855 5538 χθιξοι.

489 5547 780 5600 όεςωμευα.
