4070 6194
465 270 560 323 2H

1833 267 1889 321 S.
1929 259 2194 325 BASILII
2231 269 2455 327 MAGNI

3727 268 3836 320 2l'2

467 391 737 449 Profecto
787 390 998 447 similis
1030 391 1239 464 praelia
1269 391 1494 462 navali,
1524 391 1692 463 quod
1719 407 1791 447 ex
1821 393 2127 449 veteribus

2243 415 2321 447 σιν
2347 413 2359 462 ;
2387 396 2456 447 Ἤ
2483 413 2582 448 που
2641 396 2797 467 ὁμοία
2857 391 2968 445 ἐστὶ
3027 390 3228 463 πολέμῳ
3281 393 3383 440 τινί
3419 395 3666 456 ναυτικῶ,
3698 387 3839 440 ὄν-ἒκ

466 480 715 537 offensis
743 481 854 537 viri
880 481 1134 554 quidam
1177 479 1351 536 bellis
1385 479 1638 536 nauticis
1658 481 1888 554 assueti
1913 497 1983 536 ac
2003 482 2126 538 bel-

463 570 646 640 iaces,
680 569 828 625 dum
860 569 1116 624 multum
1146 568 1299 625 inter
1329 584 1458 625 sese
1475 555 1686 624 odium
1713 569 1901 634 alunt,
1936 571 2126 627 susci-

464 661 686 715 tarunt.
721 661 889 714 Nunc
936 657 1118 728 igitur
1153 658 1214 712 in
1261 658 1376 713 hac
1401 657 1666 728 imagine
1715 659 1863 714 mihi
1920 664 2126 732 specta

463 749 724 805 classem
759 747 1041 819 utrinque
1073 747 1330 802 adverso
1379 746 1610 820 impetu
1659 748 2034 804 horrendum
2063 749 2124 805 in

465 839 716 895 modum
747 837 1299 906 ingruentem,mox
1326 837 1415 892 ira
1433 837 1561 908 jam
1585 853 1656 893 eo
1687 843 2039 911 erumpente
2061 842 2128 894 ut

467 927 540 983 sit
582 925 1069 995 immedicabilis,
1117 941 1476 996 congressos
1522 925 1831 982 dimicare.
1867 931 2045 998 Pone,
2079 928 2124 983 si

463 1017 570 1080 vis,
602 1015 866 1071 violento
927 1013 1162 1071 turbine
1216 1015 1548 1084 circumagi
1599 1015 1879 1084 classem,
1921 1016 2124 1085 caligi-

463 1121 726 1177 nemque
784 1103 1040 1159 densam
1071 1119 1102 1159 e
1142 1103 1411 1159 nubibus
1440 1103 1812 1176 incumbere,
1847 1104 2124 1178 adeoque

463 1193 791 1250 obscurare
803 1208 1016 1248 omnes
1037 1208 1239 1248 rerum
1261 1192 1587 1248 visibilium
1613 1194 1934 1265 species,ut
1955 1193 2124 1250 nulla

463 1286 581 1358 65
604 1285 732 1354 jam
785 1283 858 1339 sit
887 1283 1222 1339 amicorum
1251 1287 1306 1338 et
1335 1283 1600 1338 hostium
1649 1283 1949 1351 discretio,
1983 1300 2124 1356 pro-

462 1381 666 1450 pterea
686 1373 852 1446 quod
873 1373 953 1428 ob
977 1372 1392 1429 confusionem
1411 1373 1690 1445 symbola
1711 1373 1992 1430 militaria
2007 1375 2126 1431 sint

461 1462 841 1537 ignota.Huic
865 1461 1118 1532 imagini
1135 1460 1444 1517 evidentiae
1466 1477 1608 1532 ergo
1630 1461 1932 1518 addamus
1945 1464 2124 1519 etiam

460 1569 630 1611 mare
651 1554 1071 1621 intumescere,
1105 1555 1286 1624 atque
1320 1551 1397 1608 ab
1443 1553 1566 1608 imo
1589 1569 1830 1609 sursum
1863 1553 2020 1626 ferri,
2054 1569 2125 1610 ac

460 1643 880 1700 vehementem
893 1641 1151 1697 imbrem
1166 1641 1476 1697 enubibus
1487 1641 1772 1698 deorsum
1787 1659 2124 1715 erumpere.

461 1731 940 1804 horribilemque
958 1729 1286 1803 procellam
1311 1730 1656 1801 ingentibus
1679 1747 1749 1786 ac
1770 1731 2126 1788 decumanis
2158 1753 2198 1806 Β

439 1821 749 1879 .ﬂuctibus
783 1835 1106 1891 exsurgere
1131 1839 1144 1888 ;
1169 1819 1452 1892 posthinc
1483 1821 1675 1876 ventis
1697 1820 1968 1894 undique
1989 1837 2130 1878 con-

461 1909 876 1982 cursantibus,
909 1913 1100 1965 totam
1133 1908 1389 1964 classem
1420 1909 1573 1965 inter
1605 1925 1666 1964 se
1716 1925 1853 1964 cum
1894 1910 2130 1979 fragore

470 1999 699 2066 ccllidi,
731 2003 911 2073 atque
943 2015 1014 2054 ex
1044 1997 1114 2054 iis
1143 1997 1246 2070 qui
1276 1997 1337 2053 in
1369 1999 1494 2054 acie
1527 1999 1861 2066 stant,alios
1881 1999 2130 2072 quidem

466 2092 666 2144 castra
689 2103 800 2143 sua
829 2086 1293 2160 prodere,atque
1315 2084 1610 2155 ﬂagrante
1641 2086 1849 2158 pi'aelio
1875 2086 2132 2142 transfu-

465 2191 603 2248 gere
630 2193 642 2232 :
669 2177 817 2233 alios
843 2191 986 2232 vero
1018 2173 1170 2245 cogi,
1201 2179 1264 2230 ut
1306 2175 1530 2246 pariter
1561 2179 1616 2230 et
1641 2174 1900 2248 scaphas
1926 2174 2132 2248 impel-

462 2267 590 2322 lant
620 2282 658 2322 a
697 2266 884 2321 ventis
943 2268 1132 2330 actas,
1178 2268 1233 2319 et
1261 2269 1584 2320 occurrant
1635 2264 2127 2338 irrumpentibus,

468 2371 720 2427 seseque
775 2359 987 2410 mutuo
1019 2369 1127 2425 per
1177 2353 1534 2408 seditionem
1568 2353 1866 2408 trucident
1897 2371 1910 2408 :
1943 2369 2132 2425 quam

465 2445 824 2502 seditionem
845 2444 1066 2517 partim
1092 2443 1321 2499 invidia
1343 2443 1637 2498 adversus
1661 2445 2142 2516 praestantiores,‘

466 2534 687 2608 partim
710 2549 846 2607 quae
872 2533 1123 2603 singulis
1150 2531 1321 2588 adest
1345 2531 1624 2588 vincendi
1655 2533 1958 2605 cupiditas
1979 2532 2133 2588 exci-

466 2623 632 2680 tavit.
661 2623 753 2677 Ad
783 2622 914 2678 haec
937 2622 1134 2692 cogita
1159 2621 1414 2676 confuso
1435 2621 1706 2692 quodam
1737 2627 1792 2676 et
1813 2619 2134 2677 indiscrete

471 2713 680 2770 so’nitu
712 2711 1062 2768 universum
1093 2710 1246 2766 illud
1293 2726 1462 2784 mare
1511 2711 1821 2782 compleri,
1853 2710 2077 2782 partim
2103 2727 2160 2764 e-

477 2807 798 2858 ventorum
841 2802 1112 2874 strepitu,
1169 2801 1390 2874 partim
1431 2817 1462 2856 e
1503 2801 1808 2856 collisione
1865 2800 2132 2872 navium,

469 2893 697 2966 partim
728 2909 796 2948 ex
835 2890 1138 2946 i'ndarum
1167 2891 1396 2963 impetu
1419 2891 1798 2954 ferventium,
1825 2891 2042 2962 partim
2063 2906 2136 2946 ex

467 2983 898 3041 vociferatione
921 2981 1527 3054 prtelantiumﬁarias
1553 2997 1733 3037 voces
1756 2981 1834 3038 ob
1857 2981 2136 3051 ingruen-

2235 485 2466 536 παλαίών
2519 485 3028 558 προσκρουσμάτων,
3079 479 3237 532 πολύν
3303 477 3417 529 κατ’
3467 476 3695 534 αλλήλων
3748 482 3836 529 τόν

2239 575 2401 645 θυμὸν
2465 573 2765 646 θρέψαντες,
2811 573 3078 644 ναυμάχοι
3148 570 3276 628 τινες
3345 563 3530 642 ἄνδρες
3579 566 3690 634 (21)
3745 570 3837 618 καὶ

2237 662 2567 735 φιλοπόλεμοι
2623 667 3034 720 συνεστήσαντο.
3080 657 3216 730 Ὀρα
3262 653 3328 714 δὴ
3397 652 3484 708 οὖν
3538 675 3628 728 μοι
3674 653 3722 706 ἐν
3769 662 3832 728 τῇ

2237 751 2392 804 εἰκόνι
2470 755 2633 824 ταύτῃ
2727 749 2948 824 φοϐερῶς
3045 747 3352 821 ἑκατέρωθεν
3442 743 3841 817 ἀντεφορμῶντα

2235 843 2321 892 τὸν
2381 841 2580 908 στόλον,
2637 847 2746 892 εῖτα
2803 840 2871 899 εἰς
2913 841 2971 890 τὸ
3011 836 3292 895 ἀνήκεστον
3339 844 3436 897 τῆς
3485 835 3642 906 ὀργῆς
3689 833 3844 906 ἔκρα-

2234 935 2462 1000 γείσης,
2539 932 2900 1001 συμπεσόντας
2981 923 3407 996 διαγωνίζεσθαι.
3495 923 3738 990 Υπόθου,
3797 921 3843 974 εἰ

2238 1015 2450 1090 βούλει,
2495 1023 2584 1068 καὶ
2626 1016 2842 1069 λαίλαπι
2892 1014 3046 1087 βιαίᾳ
3101 1013 3398 1066 κλονεῖσθαι
3445 1015 3502 1064 τὸ
3559 1015 3838 1082 ναυτικὸν,

2235 1111 2322 1158 καὶ
2383 1111 2534 1179 ζόφον
2601 1106 2801 1181 ἀθρόως
2879 1104 2935 1156 ἐκ
2995 1113 3152 1176 νεφῶν
3225 1102 3514 1175 ἐπισχόντα
3586 1101 3842 1174 μελαίνειν

2233 1202 2334 1248 πᾶν
2383 1200 2441 1248 τὸ
2505 1199 2776 1270 ὁρώμενον,
2819 1198 2885 1255 ὡς
2941 1191 3205 1267 μηδεμίαν
3245 1192 3319 1244 ἒτι
3363 1189 3490 1244 εἶναι
3549 1191 3702 1263 φίλων
3751 1196 3844 1242 καὶ

2233 1285 2486 1358 πολεμίων
2553 1283 2848 1361 διάκρισιν,
2898 1293 2998 1336 τῶν
3079 1281 3348 1355 συμϐόλων
3401 1282 3577 1342 αὐτοῖς
3655 1280 3848 1353 ἀγνοη-

2237 1379 2421 1430 θέντων
2491 1373 2583 1428 διὰ
2641 1381 2732 1434 τήν
2813 1378 3104 1446 σύγχυσιν.
3155 1373 3271 1426 ’Έτι
3331 1374 3712 1445 προσθήσωμεν
3765 1367 3840 1422 δι’

2237 1467 2500 1539 ἐνάργειαν
2543 1473 2606 1537 τῇ
2668 1465 2825 1517 εἰκόνι
2871 1469 2961 1516 καὶ
3019 1463 3286 1515 Θάλασσαν
3329 1458 3581 1514 οἰδοῦσαν
3607 1461 3722 1532 (22)
3753 1463 3846 1512 καὶ

2236 1556 2340 1607 ἅνω
2397 1561 2742 1629 στρεφομένην
2787 1554 2840 1606 ἑκ
2887 1562 2984 1605 τῶν
3040 1551 3236 1625 βυθῶν,
3269 1555 3358 1604 καὶ
3404 1550 3610 1625 λάϐρον,
3665 1548 3721 1601 ἐκ
3767 1567 3846 1600 νε-

2238 1651 2341 1716 φῶν
2413 1641 2555 1720 ὓδωρ
2638 1643 3156 1718 καταρρηγνύμενον,
3233 1645 3322 1693 καὶ
3407 1639 3617 1713 φοϐερὸν
3694 1637 3848 1690 ἐπαγ

2242 1735 2512 1805 ιστάμενον
2571 1731 2626 1784 ἐκ
2668 1738 2949 1807 τρικυμίας
3013 1735 3102 1783 τόν
3159 1727 3419 1782 κλύδωνα·
3483 1727 3593 1782 εἶτα
3645 1747 3850 1782 παντα-

2237 1825 2396 1896 χόθεν
2423 1831 2522 1874 τῶν
2575 1825 2875 1895 πνευμάτων
2929 1821 2998 1882 εἰς
3047 1823 3238 1872 ταυτὸν
3293 1824 3680 1892 συμπεσόντων,
3713 1820 3852 1869 πάν-

2241 1930 2307 1962 τα
2353 1915 2438 1964 τὸν
2492 1910 2670 1962 στόλον
2724 1915 3180 1985 συναρασσόμενον
3207 1953 3221 1977 ,
3269 1913 3354 1960 καὶ
3401 1917 3500 1959 τῶν
3540 1907 3623 1959 ἐπὶ
3675 1925 3852 1979 παρα-

2241 1998 2430 2061 τάξεως
2477 2001 2598 2060 τούς
2643 2001 2734 2070 μὲν
2778 1993 3294 2070 καταπροδιδόντας,
3355 2001 3444 2048 καὶ
3511 1995 3634 2068 παρ’
3679 1994 3850 2051 αύτήν

2240 2092 2333 2146 τὴν
2393 2087 2612 2160 ἀγωνίαν
2671 2087 3106 2159 αὐτομολοῦντας
3163 2089 3284 2148 τούς
3335 2081 3395 2137 δὲ
3433 2083 3662 2156 ἀνάγκην
3703 2086 3856 2155 ἕχειυ

2243 2179 2372 2248 ὁμοῦ
2403 2197 2456 2229 τε
2505 2174 2816 2230 διωθεῖσθαι
2855 2181 2912 2234 τη
2970 2177 3143 2248 σκάφη
3196 2174 3250 2226 ἐκ
3303 2181 3400 2225 τῶν
3450 2172 3644 2246 ἀνέμων
3676 2172 3852 2244 ἐπιφε-

2239 2271 2474 2339 ρόμενα,
2536 2269 2626 2317 καὶ
2681 2263 2970 2317 ἁντεπιὲναι
3045 2261 3154 2325 τοῖς
3227 2261 3491 2336 ἔφορμῶσι
3535 2263 3650 2332 (23)
3683 2305 3696 2329 ,
3757 2265 3850 2312 καὶ

2243 2354 2494 2426 ἀλλήλους
2549 2357 2910 2426 καταφονεύειν
2965 2355 3064 2405 ὑπό
3113 2360 3206 2414 τῆς
3260 2355 3488 2412 στάσεως
3519 2393 3530 2418 ,
3561 2353 3621 2410 ἦν
3653 2352 3677 2401 ό
3715 2355 3850 2424 πρὸς

2241 2449 2300 2497 τὸ
2333 2446 2583 2518 ὑπερέχον
2641 2446 2820 2516 φθόνος
2843 2487 2858 2511 ,
2889 2448 2980 2494 καὶ
3001 2445 3031 2502 ἠ
3061 2441 3312 2515 ἐπιθυμία
3363 2448 3455 2492 τοῦ
3511 2439 3667 2492 αὐτὸν
3721 2439 3847 2492 ἱκα-

2245 2553 2366 2586 στον
2458 2539 2663 2603 κρατεῖν
2759 2532 3050 2590 ἐνεποίησεν
3125 2533 3268 2603 (24).
3337 2532 3682 2602 Ἐνθυμήθητι
3762 2527 3850 2580 ἐπὶ

2243 2625 2446 2685 τούτοις
2495 2631 2731 2695 συμμιγῆ
2779 2642 2894 2674 τινα
2959 2627 3048 2672 καὶ
3095 2621 3300 2693 ἄσημον
3353 2617 3489 2691 ἦχον
3540 2625 3714 2671 πᾶσαν
3761 2617 3852 2669 ἐπ-

2458 2539 2663 2608 κρατεῖν

2245 2718 2441 2786 έχοντα
2611 2717 2703 2770 τὴν
2735 2711 2838 2764 ἐκέἰ
2881 2711 3168 2773 θάλασσαν,
3207 2711 3262 2764 ἐκ
3307 2720 3408 2762 τῶν
3450 2713 3848 2784 περιηχοῦντων

2246 2800 2460 2874 ἀνέμων,
2495 2805 2584 2853 καὶ
2635 2808 2726 2853 τοῦ
2783 2803 3021 2873 πατάγου
3081 2809 3178 2852 τῶν
3233 2799 3442 2870 πλοίων,
3475 2804 3564 2850 καὶ
3619 2807 3713 2850 τοῦ
3761 2799 3850 2872 ρο-

2247 2894 2359 2944 θίου
2419 2895 2633 2957 ζέοντος,
2685 2895 2774 2942 καὶ
2831 2891 2886 2943 ἐκ
2943 2899 3040 2952 τῆς
3115 2889 3244 2963 βοῆς
3305 2897 3406 2941 τῶν
3465 2889 3852 2962 πολεμούντων,

2243 2977 2586 3042 παντοδαπὰς
2657 2983 2824 3052 φωνὰς
2884 2979 2966 3033 ἐπὶ
3022 2987 3128 3040 τοῖς
3184 2982 3402 3033 πάθεσιν
3462 2979 3724 3053 ἀφιέντων·
3775 2981 3852 3040 ὡς

469 3074 550 3130 tia
601 3071 762 3129 mala
809 3072 1322 3141 emittentium,ut
1368 3086 1565 3143 neque
1613 3071 1900 3143 naucleri,
1937 3087 2127 3144 neque

2243 3077 2375 3144 μήτε
2429 3073 2722 3144 ναυάρχου,
2771 3075 2901 3141 μήτε
2979 3069 3296 3144 κυϐερνήτου
3365 3075 3532 3142 φωνὴν
3603 3069 3850 3121 εἰσακού-

470 3161 891 3232 gubernatoris
921 3161 1280 3216 exaudiatur
1307 3177 1446 3228 vox,
1473 3161 1580 3215 sed
1611 3161 1683 3216 sit
1713 3161 1927 3234 ingens
1959 3177 2132 3232 quae-

469 3252 612 3307 dam
635 3251 1008 3323 perturbatio
1039 3251 1456 3324 confusioque,
1491 3251 1827 3306 incredibili
1856 3251 2134 3324 quadam

469 3340 772 3396 malorum
819 3340 1259 3409 magnitudine,
1284 3340 1363 3395 ob
1421 3341 1560 3395 vita:
1619 3340 2131 3411 desperationem,

469 3444 715 3485 omnem
764 3428 847 3482 eis
887 3428 1178 3500 peccandi
1223 3427 1528 3484 licentiam
1587 3427 1892 3484 atferente.
1927 3429 2132 3498 Adjice

469 3518 681 3574 iisdem
711 3522 767 3574 et
791 3517 1302 3572 immedicabilem
1328 3517 1659 3589 quemdam
1689 3517 2131 3586 morbum,glo-

469 3609 571 3666 riae
593 3607 1001 3681 adipiscenda;
1021 3607 1302 3663 insanam
1325 3606 1890 3678 cupiditatem,adeo
1905 3609 2132 3662 utnave

464 3702 596 3773 jam
617 3700 678 3755 in
704 3699 962 3755 fundum
985 3696 1359 3771 prolabente,
1391 3695 1508 3768 ipsi
1529 3701 1798 3752 vectores
1823 3697 1896 3751 de
1913 3695 2132 3768 prima-

469 3795 565 3848 tus
601 3789 982 3846 contentione
1011 3787 1160 3843 niliil
1197 3787 1521 3842 remittant.

540 3887 628 3935 77.
657 3879 864 3935 Transi
884 3879 1012 3949 jam
1045 3877 1121 3933 ab
1145 3875 1407 3946 imagine
1431 3875 1508 3931 ab
1531 3891 1732 3947 ipsum
1759 3874 1904 3931 mali
1931 3889 2131 3930 exem-

468 3969 622 4042 plar.
645 3973 864 4023 Annon
917 3967 1062 4021 olim
1107 3965 1422 4021 videbatur
1467 3963 1928 4036 quodammodo
1959 3965 2128 4020 Aria-

469 4073 616 4113 num
640 4057 921 4120 schisma,
955 4057 1014 4110 in
1046 4055 1455 4110 adversariam
1480 4053 1752 4109 Ecclesia:
1775 4053 1872 4108 Dei
1895 4059 2129 4125 partem

468 4145 924 4220 separatum,in
969 4145 1232 4200 hostium
1265 4145 1390 4200 acie
1443 4145 1646 4217 ipsum
1676 4159 1784 4214 per
1823 4160 1886 4198 se
1931 4143 2127 4199 solum

470 4235 803 4293 obsistere?
833 4237 1047 4291 Verum
1101 4239 1506 4306 posteaquam
1537 4249 1566 4286 e
1589 4232 1774 4302 longa
1819 4233 2127 4304 atrocique

469 4325 846 4382 contentione
873 4341 1061 4397 usque
1083 4324 1160 4381 ad
1177 4323 1563 4379 manifestum
1588 4327 1895 4377 certamen
1927 4323 1984 4376 in
2015 4339 2127 4378 nos

465 4415 741 4471 instructi
795 4419 955 4487 sunt,
1014 4419 1138 4470 tum
1197 4413 1459 4485 denique
1517 4412 1744 4468 bellum
1789 4412 1847 4468 in
1907 4413 2126 4468 multas

2245 3163 2414 3228 εσθαι,
2450 3159 2576 3211 ἀλλὰ
2627 3157 2802 3218 δεινήν
2853 3179 2970 3211 τινα
3025 3161 3155 3211 εἶναι
3187 3161 3298 3230 (26)
3329 3158 3544 3222 ἀταξίαν
3591 3163 3682 3210 καὶ
3723 3161 3853 3229 σύγ-

2243 3259 2554 3322 χυσιν,τῆς
2607 3258 2708 3301 τῶν
2757 3257 2929 3300 κακῶν
2987 3248 3313 3324 ὑπερϐολῆς,
3351 3246 3439 3308 διὴ
3491 3254 3584 3307 τὴν
3635 3252 3764 3322 πρὸς
3789 3253 3850 3299 τὸ

2247 3343 2340 3412 ζῇν
2417 3339 2759 3411 ἀπόγνωσιν,
2817 3339 3026 3390 ἅπασαν
3115 3339 3292 3400 αὐτοῖς
3355 3346 3444 3390 τοῦ
3529 3339 3850 3410 ἁμαρτάνειν

2244 3426 2424 3481 ἄδειαν
2483 3427 2822 3501 ἐμποιούσης.
2881 3430 3115 3500 Πρόσθες
3171 3429 3349 3490 αὐτοῖς
3419 3433 3509 3480 καὶ⁹
3567 3426 3852 3501 ἀμήχανόν

2244 3537 2360 3569 τινα
2415 3523 2564 3570 νόσον
2611 3515 2926 3590 δοξομανίας
2957 3519 3090 3590 (27)-
3125 3520 3279 3586 ὥστε,
3325 3525 3420 3579 τῆς
3455 3521 3571 3576 νεὼς
3593 3519 3700 3588 (28)
3733 3513 3848 3575 ἤδη

2245 3607 2314 3668 εἰς
2355 3605 2517 3679 βυθὸν
2557 3612 2854 3680 φερομένης,
2889 3611 3010 3669 τούς
3049 3605 3296 3668 ἐπιϐάτας
3340 3605 3570 3668 ἀλληλοις
3599 3608 3708 3678 (29)
3749 3615 3852 3668 τῆς

2241 3705 2340 3747 τῶν
2367 3701 2630 3769 πρωτείων
2660 3693 2835 3770 ἔριδος
2866 3701 2936 3768 μὴ
2971 3698 3237 3769 ὑφίεσθαι.

2387 3901 2401 3916 .
2433 3857 2646 3911 Μετάϐα
2696 3855 2762 3916 δή
2813 3879 2903 3931 μοι
2957 3857 3055 3912 ἀπὸ
3113 3868 3208 3922 τῆς
3255 3860 3444 3920 εἰκόνος
3474 3859 3550 3912 ἐπ’
3581 3859 3710 3911 αὐτὸ
3751 3868 3849 3912 τοῦ

2241 3955 2402 4000 κακοῦ
2459 3951 2518 4000 τό
2577 3947 2894 4020 ἀρχέτυπον.
2939 3949 3084 4020 Οὐχὶ
3141 3949 3304 4001 πάλαι
3365 3953 3454 4022 μέν
3519 3969 3628 4010 πως
3677 3945 3850 4000 ἐδόκει

2238 4043 2297 4090 τὸ
2349 4037 2605 4112 Ἀρειανόν
2655 4043 2910 4110 σχίσμα,
2945 4039 3012 4098 εἰς
3065 4037 3341 4090 ἀντίπαλον
3393 4046 3578 4111 μοῖραν
3628 4035 3852 4110 ἀποκρι-

2242 4129 2320 4180 θὲν
2365 4136 2422 4200 τῇ
2473 4126 2757 4198 Ἐκκλησία
2803 4134 2898 4178 τοῦ
2943 4135 3078 4180 Θεοῦ
3105 4171 3118 4194 ,
3161 4128 3210 4179 ἐν
3250 4127 3505 4200 πολεμίων
3551 4128 3695 4189 τάξει
3755 4127 3852 4177 αὗ-

2239 4221 2295 4269 τὸ
2335 4216 2451 4268 καθ’
2504 4217 2655 4268 ἑαυτὸ
2714 4221 2865 4289 μόνον
2920 4215 3390 4285 ἀντικαθέζεσθαη
3421 4217 3541 4268 ’Ὁτε
3569 4213 3628 4268 δε
3667 4220 3722 4267 ἐκ
3751 4224 3849 4275 τῆς

2238 4313 2445 4380 μακράς
2489 4313 2578 4358 καὶ
2620 4305 2859 4378 χαλεπῆς
2913 4303 3084 4381 ἔριδος
3137 4307 3203 4366 εἰς
3251 4315 3486 4380 προφανῆ
3531 4309 3656 4378 ἡμῖν
3711 4305 3852 4377 ἀγῶ-

2237 4417 2300 4448 να
2375 4395 2844 4465 ἀντικατέστησαν,
2901 4415 3016 4462 τότε
3069 4393 3134 4454 δὴ
3193 4397 3260 4456 εἰς
3320 4396 3479 4448 πολλα
3527 4400 3654 4468 μέρη
3706 4399 3850 4447 κατά

466 4509 667 4578 partes
689 4505 861 4575 juxta
891 4504 1108 4560 modos
1151 4501 1625 4559 innumerabiles
1658 4502 1986 4557 dissectum
2016 4507 2124 4570 est,

2243 4491 2457 4559 μυρίους
2501 4487 2774 4557 τρόπουςό
2813 4485 3028 4557 πόλεμος
3079 4482 3392 4556 διεσχίσθη·
3436 4487 3567 4537 ὥστε
3615 4489 3706 4536 καὶ
3747 4481 3850 4537 διὰ

468 4595 553 4651 sic
597 4597 663 4651 ut
689 4593 912 4666 partim
945 4593 1023 4649 ob
1053 4609 1441 4650 communem
1495 4591 1882 4662 simultatem,
1907 4592 2125 4663 partim

467 4683 548 4740 ob
576 4683 874 4756 privatam
903 4683 1311 4756 suspicionem
1361 4681 1646 4736 omnibus
1676 4681 1884 4736 odium
1913 4681 2126 4753 impla-

467 4773 656 4831 cabile
685 4777 861 4830 esset.
891 4775 1022 4829 Haec
1059 4788 1202 4829 vero
1225 4776 1551 4845 tempestas
1585 4770 1980 4826 Ecclesiarum
2003 4787 2126 4843 qua

540 4878 906 4954 (21)}Aad‘psg.
969 4883 1131 4936 Hanc
1183 4895 1394 4935 vocem
1461 4878 1810 4954 addidimus
1860 4893 1932 4936 ex
1975 4895 2121 4934 mss.

467 4949 1311 5034 godidibuleto‘xdquatuor
1383 4951 1620 5034 codices
1686 4949 2120 5034 ἀντεφορμοῦντα.

465 5024 648 5082 Paulo
699 5029 834 5096 post
881 5024 1023 5080 editi
1067 5022 1340 5076 ἓπελθόντα
1385 5022 1637 5095 μελαίνειν
1693 5042 1819 5084 πως.
1851 5022 2123 5093 Quinque

464 5111 612 5153 mss.
636 5101 699 5151 ut
722 5096 784 5151 in
803 5099 983 5151 textu.

537 5171 650 5240 (22)
683 5169 1136 5240 Προσθήσωμεν...
1192 5163 1464 5240 οιδοῦσαν,
1519 5167 1603 5221 Ita
1656 5165 1939 5240 quinque
1975 5179 2119 5240 mss.

465 5233 641 5295 Edili'
671 5233 1096 5314 προσοίσομεν...
1145 5235 1513 5314 ὀἰδαίνουσακ
1564 5233 1720 5314 _M0—x_
1780 5233 2118 5314 ,ρῖἰὶῑὶλαναῖ

468 5306 842 5384 σπρεφομένην.
881 5306 992 5366 Sed
1047 5308 1258 5384 melior
1304 5309 1434 5364 visa
1486 5312 1578 5365 est
1610 5309 1906 5380 scriptura
1957 5306 2121 5376 Regii

465 5383 676 5454 quarti
697 5399 882 5455 quem
914 5383 1100 5438 secuti
1131 5397 1362 5455 sumus.

677 5449 1004 5528 _’l§?opydiat.
1039 5452 1283 5528 Codices
1316 5449 1914 5528 llonnulliéyo‘otuoiat.

537 5517 1020 5595 (ursis—Jama».
1100 5527 1186 5582 Ita
1261 5539 1408 5580 mss.
1478 5517 1742 5580 codices:
1807 5521 1958 5578 Editi
2038 5517 2118 5573 ἀν·

463 5611 722 5654 εποιησεν.

2237 4579 2292 4627 τὸ
2346 4579 2514 4626 κοινόν
2569 4577 2742 4646 ἔχθος,
2775 4581 2864 4626 καὶ
2914 4571 3006 4626 διὰ
3059 4579 3115 4625 τό
3173 4571 3322 4636 ἰδίως
3375 4576 3622 4638 ὕποπτον,
3657 4570 3848 4625 ἀδιάλ-

2236 4663 2422 4716 λακτον
2475 4671 2636 4715 πᾶσιν
2695 4665 2954 4736 ὑπάρχειν
3006 4667 3062 4716 τὸ
3111 4664 3366 4735 μῖσος.Ὀ
3413 4660 3471 4716 δὲ
3504 4663 3660 4724 σάλος
3689 4663 3848 4723 οὗτος

2237 4762 2335 4806 τῶν
2377 4753 2690 4811 Ἐκκλησιῶν
2737 4753 2873 4814 τίνος
2923 4753 3014 4805 ούκ
3069 4753 3181 4805 ἔστι
3239 4753 3527 4806 θαλασσίου
3576 4748 3848 4814 κλύδωνος

2308 4880 2756 4951 (25)Ἐπέχοντα.
2820 4879 2905 4934 Ita
2971 4895 3118 4936 mss.
3184 4880 3476 4952 quinque.
3529 4877 3676 4934 Editi
3733 4877 3846 4930 ἀπ-

2237 4971 2266 5008 η
2271 4960 2493 5023 χοῡντα.

2308 5023 2426 5093 (26)
2447 5021 2614 5093 Εἶναι,
2643 5024 2804 5076 Hanc
2831 5037 3042 5076 vocem
3066 5038 3138 5076 ex
3159 5022 3462 5078 veteribus
3481 5021 3648 5076 libris
3669 5020 3848 5076 addi-

2233 5091 2460 5147 dimus.
2487 5091 2665 5147 Paulo
2695 5098 2831 5164 post
2859 5093 2998 5148 editi
3041 5100 3213 5146 πᾶσαν
3245 5095 3440 5156 αὐτοῖς.
3476 5093 3629 5148 Libri
3675 5099 3850 5150 vete-

2233 5179 2324 5218 res
2349 5169 2410 5218 ut
2437 5165 2498 5218 in
2531 5169 2713 5218 textu.

2306 5237 2416 5309 ('27)
2451 5235 2787 5306 Δοξομανίας.
2823 5237 2962 5304 Reg.
2997 5241 3250 5307 quartus
3283 5233 3620 5309 δοξομανίαν.

2303 5307 2415 5377 (28)
2443 5313 2546 5366 Τῆς
2578 5312 2715 5377 νεώς.
2738 5309 2874 5360 'l'i‘es
2907 5323 3049 5361 mss.
3085 5316 3174 5367 τῆς
3203 5312 3346 5367 νηός.

2302 5376 2413 5446 (99)
2450 5376 2731 5446 ’ᾼλληλοις.
2768 5380 2929 5432 Hanc
2961 5395 3170 5433 vocem
3193 5378 3540 5434 addidimus
3567 5393 3638 5432 ex
3683 5383 3850 5433 vete-

2228 5445 2403 5522 ribus
2429 5445 2612 5516 libria,
2640 5449 2700 5504 in
2726 5449 2947 5522 quibus
2965 5450 3144 5504 etiam
3169 5451 3382 5522 legitur
3396 5449 3584 5522 paulo
3602 5455 3740 5520 post
3763 5448 3846 5500 ἐπ’

2229 5519 2378 5587 αὐτό,
2413 5535 2523 5591 pro
2569 5533 2639 5591 eo
2689 5519 2854 5590 quod
2897 5526 3025 5576 erat
3079 5521 3138 5576 in
3183 5519 3354 5576 editis
3387 5519 3462 5573 ἐπ’
3492 5519 3672 5575 αὐτοῦ.
3709 5523 3847 5578 Mox

2227 5589 2446 5663 Regius
2473 5589 2680 5647 tertius
2712 5601 2806 5650 τῆς
2834 5592 3142 5653 Ἐκκλησίας
3172 5601 3263 5644 τοῦ
3291 5599 3436 5666 Θεοῦ.
