4070 6194
243 251 338 306 213

1423 254 1626 308 LIBER
1663 257 1752 310 DE
1795 255 2062 314 SPlRlTU
2103 257 2396 312 SANCTO.

3510 248 3616 302 214

239 375 586 448 ἀγριωτιρος;
647 374 698 426 ἐν
750 375 790 426 ὦ
843 381 948 426 πᾶν
1004 378 1094 447 μεν
1146 377 1282 449 ὄριον
1318 381 1562 450 Πατέρων
1629 383 1821 436 κεκίνη·

1956 379 2202 436 tandem
2233 377 2474 434 marina
2493 375 2760 448 procella
2786 388 2911 430 non
2940 375 3029 428 est
3053 370 3312 428 atrocior
3331 370 3360 425 ?
3390 369 3452 424 in
3489 383 3616 440 qua

237 483 318 514 ται
379 471 475 524 πᾶς
547 460 606 516 δὲ
659 464 909 536 θεμέλιος,
954 471 1044 516 καὶ
1103 469 1146 517 si
1183 485 1233 516 τι
1274 465 1534 540 ὀχύρωμα
1564 463 1841 540 δογμάτων

238 549 664 606 διασεσαλενται.
701 553 972 606 Κλονεῖται
1017 551 1076 606 δὲ
1127 557 1298 606 πάντα
1357 561 1446 606 καὶ
1505 563 1844 610 κατασείεται

239 644 404 714 σαθρᾲ
487 653 550 714 τῇ
630 641 790 714 βάσει
868 645 1292 716 ἑπαιωρούμενα·
1355 643 1590 706 ἀλλήλοις
1646 642 1702 698 δὲ
1756 646 1843 718 ἐμ-

235 735 506 790 πίπτοντες
607 733 700 798 ὑπ,
769 731 1006 789 αλλήλων
1091 731 1498 808 ἀνατρεπόμεθα.
1591 734 1694 788 Κᾶν
1769 741 1840 808 μὴ

239 821 414 892 φθάσῃ
485 819 658 896 βαλὼν
727 823 754 872 6
811 821 1052 894 πολέμιος
1087 866 1100 890 ,
1157 824 1182 873 6
1242 827 1588 896 παραστάτης
1629 827 1838 892 ἔτρωσε.

241 908 346 962 Κάν
401 914 530 981 πίση
573 909 810 981 βληθεὶς,
859 912 886 961 ὁ
935 917 1302 973 συνασπιστης
1341 907 1492 970 ἐπέϐη
1549 915 1684 983 (30).
1740 921 1842 966 Το-

237 1018 424 1052 σουτον
475 999 710 1061 ἀλληλοις
764 1020 1128 1073 κοινωνονμεν,
1161 1005 1282 1054 ὅσον
1335 1011 1478 1074 κοινῇ
1539 1007 1656 1063 τοὺς
1699 1002 1838 1054 ἐναν-

232 1093 376 1149 τίονς
435 1096 628 1158 μισεῖν.
689 1087 936 1142 Ἐπειδὰν
995 1087 1055 1142 δὲ
1109 1090 1434 1164 παρέλθωσιν
1485 1094 1533 1142 οἱ
1581 1091 1838 1164 πολέμιοι,

229 1176 476 1239 ἀλλήλους
543 1175 650 1236 ἤδη
725 1178 982 1251 βλέπομεν
1037 1179 1332 1252 πολεμίους.
1414 1181 1532 1232 Ἐπὶ
1612 1185 1836 1248 τούτοις,

229 1276 326 1318 τῶν
355 1271 616 1338 ναυαγίων
645 1272 702 1319 τὸ
745 1268 940 1329 πλῆθος
985 1274 1064 1330 τίς
1117 1269 1176 1320 ἆν
1231 1269 1678 1342 ἐξαριθμήσαιτοζ
1740 1279 1838 1322 τῶν

227 1359 318 1427 μν
365 1355 418 1407 ἐκ
475 1364 572 1416 τῆς
623 1365 726 1408 τῶν
793 1357 1046 1430 πολεμίων
1113 1357 1408 1432 προσϐολῆς
1475 1356 1834 1426 καταδυντων,

227 1452 324 1496 τῶν
359 1443 420 1496 δε
459 1443 514 1496 ἐκ
555 1454 648 1506 τῆς
703 1445 954 1520 λαθραίας
1001 1455 1100 1498 τῶν
1143 1451 1565 1520 συμμαχούντων
1622 1447 1835 1500 ἐπιϐου-

223 1533 334 1598 λῆς,
379 1533 546 1586 ἄλλων
605 1533 662 1586 ἐκ
719 1543 814 1597 τῆς
871 1535 1098 1609 ἀπειρίας
1145 1547 1244 1588 τῶν
1294 1538 1642 1589 εὐθυνόντων
1705 1541 1832 1590 ὄπου

221 1643 278 1694 γε
307 1620 600 1696 αὔτανδροι
632 1623 962 1690 Ἐκκλησίαι,
1003 1627 1106 1678 οἷον
1161 1626 1376 1698 ὑφάλοις
1425 1632 1538 1678 τισὶ
1583 1635 1688 1687 τοῖς
1750 1631 1833 1680 αί-

1955 473 2020 524 ut
2043 483 2256 524 omnes
2282 471 2522 522 Patrum
2553 463 2788 519 termini
2817 462 2950 518 loco
2979 460 3126 516 moti
3159 459 3410 528 sunt,ita
3429 471 3612 514 omne

1955 558 2506 620 fundamentum,et
2519 555 2564 608 si
2581 552 2746 625 quod
2760 552 3114 620 dogmatum
3139 547 3581 603 munimentum
3593 589 3610 616 ,

1955 647 2312 702 convulsum
2341 647 2446 699 est.
2481 642 2812 698 Volvuntur
2857 641 3106 710 insuper
3136 642 3193 694 et
3239 640 3612 709 quassantur

1953 737 2180 800 omnia,
2208 735 2366 807 putri
2395 733 2534 790 basi
2554 729 2888 798 innitentia,
2929 728 3200 800 dumque
3229 726 3328 782 alii
3364 726 3426 780 in
3455 725 3608 780 alios

1951 824 2214 880 vicissim
2245 825 2540 894 impetum
2579 820 2858 884 facimus,
2891 817 2990 874 alii
3029 816 3108 872 ab
3133 814 3266 870 aliis
3319 813 3610 870 subverti-

1951 931 2106 970 mur.
2127 917 2192 970 Et
2221 914 2268 968 si
2299 917 2349 968 te
2373 911 2537 984 prior
2559 925 2682 965 non
2707 907 3070 981 percusserit
3087 903 3478 974 hostis,isqui
3499 918 3606 958 au-

1949 998 2696 1069 xiliatur,vulnerat.0uod
2716 999 2766 1052 si
2779 996 2872 1052 ille
2888 990 3606 1057 cecideritictus,commi-

1947 1091 2052 1148 lito
2081 1092 2210 1162 jam
2242 1090 2518 1158 insurgit.
2553 1089 2808 1142 Tantum
2839 1087 2991 1141 inter
3021 1099 3134 1138 nos
3183 1080 3483 1138 habemus
3515 1095 3610 1134 so-

1949 1181 2196 1247 cietatis,
2231 1183 2527 1252 quantum
2557 1175 2867 1232 communi
2899 1173 3040 1229 odio
3071 1169 3451 1229 adversarios
3473 1183 3610 1240 pro-

1951 1270 2287 1342 sequimur.
2313 1267 2420 1324 Ubi
2452 1283 2632 1340 porro
2658 1263 3052 1336 praeterierint
3075 1261 3304 1326 hostes,
3332 1259 3464 1329 jam
3493 1271 3606 1312 nos

1945 1360 2098 1414 inter
2123 1373 2233 1413 nos
2263 1359 2466 1412 hostes
2496 1355 2772 1410 videmus
2805 1368 2956 1408 esse.
2985 1351 3084 1406 His
3125 1349 3200 1405 de
3235 1347 3436 1404 causis
3467 1345 3606 1418 quis

1947 1463 2304 1504 enumerare
2327 1444 2990 1518 possitnaufragiorum
3013 1437 3487 1502 multitudinem,
3511 1434 3605 1490 vel

1946 1555 2154 1594 eorum
2179 1537 2284 1608 qui
2306 1535 2572 1590 hostium
2605 1531 3003 1604 impressione
3029 1529 3482 1596 demerguntur,
3505 1523 3602 1580 vel

1943 1630 2050 1700 qui
2083 1643 2154 1682 ex
2175 1625 2422 1682 occultis
2445 1623 2748 1679 sociorum
2779 1619 3012 1674 insidiis
3043 1616 3350 1681 occidunt,
3371 1613 3466 1670 vel
3494 1613 3598 1685 qui

221 1719 442 1783 ρετικοίς
513 1710 690 1774 δόλοις
743 1717 1208 1787 προσαραχθεῐσαι
1259 1713 1638 1791 διεφθάρησαν,
1689 1717 1821 1769 ἄλλοι

1941 1733 2048 1788 per
2071 1714 2436 1786 imperitiam
2463 1712 2688 1766 ducum
2712 1713 2962 1782 pereunt
2988 1727 3000 1774 ;
3025 1722 3164 1762 cum
3189 1703 3454 1759 Ecclesiae
3471 1717 3598 1758 una

222 1798 278 1854 δε
333 1811 434 1852 τῶν
489 1801 697 1877 ἐχθρῶν
751 1811 844 1856 τοῦ
899 1811 1156 1878 σωτηρίου
1207 1808 1402 1867 πάθους
1427 1811 1558 1878 (31),
1590 1807 1830 1881 παραλα-

221 1889 394 1952 ϐόντες
453 1895 572 1952 τοὺς
637 1896 866 1958 οἱακας,
917 1899 1034 1967 περὶ
1081 1899 1176 1952 τὴν
1241 1901 1420 1948 πίστιν
1479 1895 1826 1967 ἐναυάγησαν.

219 1983 282 2033 Αἱ
327 1976 390 2032 δε
431 1979 488 2030 ἐκ
539 1989 640 2032 τῶν
701 1980 980 2054 ἀρχόντων
1029 1991 1120 2035 τοῦ
1165 1989 1366 2056 κόσμου
1419 1989 1606 2037 τούτου
1641 1985 1830 2057 ἐπαγό-

213 2089 364 2140 μεναι
413 2074 651 2142 ταραχαί
699 2077 854 2132 ποίας
923 2071 1050 2141 ουχὶ
1119 2073 1328 2134 θυελλης
1383 2079 1471 2126 καὶ
1523 2072 1828 2146 καταιγίδος

214 2155 572 2232 σιξροδρότερον
625 2161 736 2228 (32)
781 2165 902 2221 τοὺς
941 2160 1090 2222 λαοὺς
1147 2161 1532 2236 ant-parret)“;
1579 2170 1826 2236 Κατηφης

213 2244 270 2299 δέ
297 2268 376 2308 τις
431 2253 594 2308 όντως
633 2251 744 2318 (33)
801 2255 890 2301 καὶ
944 2256 1134 2320 στυγνὴ
1195 2257 1516 2323 σκοτόμαινα
1565 2257 1656 2313 τας
1713 2253 1828 2304 Ἐκ-

207 2336 438 2396 κλησίας
497 2336 696 2408 ἐπέχει,
757 2347 856 2388 τῶν
914 2337 1226 2411 λαμπτήρων
1291 2349 1378 2392 τοῦ
1445 2347 1668 2414 κόσμου,
1736 2343 1823 2404 οὒς

207 2427 348 2476 ἔθετο
399 2427 426 2476 6
467 2430 596 2486 Θεὸς
649 2428 743 2486 τὰς
799 2426 986 2498 ψνχας
1047 2437 1144 2480 τῶν
1200 2428 1334 2482 λαῶν
1385 2431 1642 2501 φωτίζειν,
1695 2429 1823 2492 ἐξοι-

203 2515 515 2568 κισῦἐντων.
577 2519 648 2566 Τὸ
689 2511 748 2566 δὲ
811 2517 1128 2587 ὑπερϐάλλον
1177 2519 1349 2578 αὐτοῖς
1407 2528 1497 2578 τῆς
1547 2523 1678 2592 πρός
1739 2519 1824 2571 ἀλ-

201 2603 390 2662 λέλονς
451 2603 814 2674 φιλονεικίας,
880 2605 1286 2678 ἐπικρεμαμένου
1345 2603 1452 2665 ἤδη
1511 2615 1602 2660 τοῦ
1661 2608 1818 2680 φόϐου

201 2703 296 2753 τᾶς
359 2699 458 2744 τοῦ
519 2697 706 2753 παντὸς
783 2691 1076 2756 διαλύσεως
1106 2735 1120 2758 ,
1173 2703 1506 2768 παραιτεῖται
1557 2701 1665 2760 (3;)
1725 2703 1818 2756 τὴν

199 2783 482 2838 αἱσθησιν.
549 2787 652 2834 Τοῦ
697 2785 798 2856 γὰρ
863 2791 1035 2835 κοινοῦ
1091 2784 1181 2836 καί
1247 2781 1510 2856 δημοσίου
1593 2785 1816 2858 πολέμου

197 2869 376 2922 πλεῖόν
425 2871 542 2922 ἐστι
595 2875 652 2922 τό
711 2867 850 2924 ἴδιον
902 2869 1166 2944 δυσμενὲς,
1218 2882 1314 2934 τῆς
1354 2873 1523 2926 ἐκτόὺ
1553 2883 1818 2949 κρατῆσαι

199 2965 298 3007 τῶν
353 2955 602 3009 ἐναντίων
651 2955 816 3020 δόξης
874 2967 964 3010 τοῦ
1028 2969 1202 3020 κοινῶς
1255 2967 1386 3012 πᾶσι
1433 2960 1815 3024 λυσιτελοῦντος

199 3047 624 3118 προτιθεμένης,
703 3049 780 3109 οἶς
859 3052 916 3098 τό
983 3054 1282 3120 παραυτίκα
1349 3059 1444 3111 τῆς
1519 3050 1884 3140 φιλοτιμίαςο

197 3141 420 3208 τερπνόν
487 3144 586 3188 τῶν
645 3136 718 3198 εἰς
784 3138 1000 3209 ὕστερον
1053 3137 1398 3211 ἀποκειμένων
1449 3143 1649 3212 μισθῶν
1679 3161 1810 3213 προ-

197 3231 496 3298 τιμότερον.
565 3231 749 3299 Διόπερ
809 3229 994 3288 πάντες
1051 3229 1258 3299 ὁμοίως,
1322 3230 1439 3282 καθ’
1491 3231 1544 3280 ὃν
1575 3229 1634 3280 ἀν
1689 3232 1810 3282 ἐκα-

199 3333 318 3374 στος
381 3311 608 3372 δύνηται
670 3320 882 3387 τρόπον,
937 3319 1028 3377 τας
1076 3320 1288 3388 φονικὰς
1335 3326 1521 3392 χεῖρας
1575 3317 1812 3382 αλλήλοις

197 3405 620 3478 αντεπιφὶρονσι.
663 3413 902 3477 Τραχεῐκ
959 3403 1016 3458 δε
1069 3427 1144 3467 τις
1197 3413 1398 3481 κραυγὴ
1460 3417 1559 3460 τῶν
1617 3409 1670 3470 ἐξ
1729 3409 1786 3460 αν

193 3493 432 3562 τιλογὶας
479 3493 937 3565 παρατριξομένων
989 3493 1246 3562 ἀλληλοις,
1287 3502 1376 3548 καὶ
1430 3495 1530 3568 βοὴ
1581 3499 1807 3570 ἄσημος,

195 3585 288 3632 καὶ
350 3576 636 3653 δύσκριτος
673 3577 834 3652 ,ἦχος
877 3580 931 3632 ἐκ
961 3591 1059 3633 τῶν
1109 3583 1376 3654 ἀσιγητων
1429 3585 1676 3658 θορύϐων,
1709 3593 1810 3638 πᾶ-

199 3687 298 3720 σαν
350 3665 458 3726 ἤδη
505 3666 702 3740 σχεδόν
756 3670 1066 3728 Ἐκκλησίαν
1105 3672 1458 3745 πεπλήρωκεν,
1511 3673 1594 3726 ἐπὶ
1650 3677 1810 3747 ὑπερ-

195 3761 354 3818 ϐολὰς
411 3765 504 3810 καὶ
551 3759 796 3829 ἐλλείψεις
859 3765 918 3811 τό
981 3762 1122 3823 εὐθες
1177 3759 1352 3834 δόγμα
1407 3772 1500 3824 τῆς
1552 3763 1812 3824 εὐσεϐείας

195 3853 654 3918 παρατρεπόντων.
727 3851 794 3900 Oi
855 3853 943 3920 μεν
1007 3853 1106 3922 γαρ
1171 3849 1254 3902 ἐπὶ
1324 3849 1660 3924 Ἰουδαὶσμόν
1720 3850 1814 3906 διὰ

195 3947 294 3998 τξς
359 3941 676 4008 “manu;
737 3947 834 3988 τῶν
877 3945 1184 4012 προσώπων,
1230 3943 1276 3991 οὶ
1332 3937 1388 3992 δε
1443 3939 1524 3992 ἐπὶ
1593 3941 1812 4000 Ἐλληνι-

201 4031 334 4096 σμόν
377 4021 472 4076 δια
529 4035 620 4084 τῆς
675 4035 773 4076 των
833 4030 1030 4098 φύσεων
1080 4027 1434 4090 ἐναντιότητος
1485 4035 1810 4103 παραφέρον-

195 4133 324 4166 ται’
393 4117 516 4166 οὔτε
579 4123 672 4176 τῆς
731 4117 1071 4166 θεοπνεύστου
1141 4123 1342 4189 Γραφῆς
1400 4122 1686 4189 μεσιτενειν
1725 4119 1812 4170 αν-

195 4213 306 4265 τοῖς
361 4203 714 4276 ἐξαρκούσης,
769 4207 888 4256 οὔτε
931 4213 1028 4256 τῶν
1081 4203 1440 4258 ἀποστολικών
1471 4205 1810 4280 παραδόσεων

199 4295 284 4352 τας
345 4299 482 4362 πρός
525 4291 776 4353 ἀλλήλους
829 4293 998 4352 αὐτοῖς
1067 4291 1354 4365 διαλλαγὰς
1419 4295 1808 4368 βραϐευουσών.

201 4379 280 4442 Εἷς
339 4379 400 4434 δέ
473 4383 588 4454 ὄρος
645 4381 866 4452 φιλίας,
925 4387 981 4433 τό
1027 4385 1143 4436 καθ’
1211 4381 1405 4442 ἡδονὴν
1473 4385 1664 4437 εἰπεῖν’
1723 4392 1812 4438 καὶ

199 4473 394 4546 ἔχθρας
457 4469 700 4544 αρκονσα
751 4476 1050 4544 πρόφασις,
1121 4477 1176 4524 τό
1235 4479 1306 4545 μὴ
1374 4474 1636 4546 συμϐῆναι
1702 4485 1812 4536 ταῖς

201 4557 404 4622 δόξαις.
467 4564 662 4620 Hylan;
693 4556 752 4612 δε
795 4567 1122 4624 σννωαοσίας
1183 4569 1488 4636 πιστότερον
1527 4569 1654 4625 ποός
1699 4585 1811 4616 κοι-

935 4621 942 4632 .
1565 4623 1572 4638 .

199 4657 378 4702 νωνίαν
433 4655 672 4710 στάσεως
719 4653 746 4708 η
793 4659 884 4702 τον
937 4653 1236 4724 σφάλματος
1266 4655 1530 4725 ὁμοιότης.
1562 4655 1814 4726 Θεολόγος

201 4737 254 4793 δὲ
303 4749 428 4802 πᾶς,
486 4745 582 4790 καὶ
649 4742 674 4790 ό
717 4744 932 4812 μυρίαις
985 4741 1166 4798 κηλίσι
1201 4747 1294 4799 τὴν
1343 4743 1529 4814 ψνχὴν
1586 4763 1810 4816 στιγμαο

197 4837 306 4890 τίας
361 4835 510 4894 (33).
567 4828 829 4880 Ἐντευθεν
869 4837 972 4889 τοῖς
1027 4839 1412 4904 νεωτεροποιοίς
1451 4832 1668 4906 εὐπορία
1713 4843 1810 4884 τῶν

199 4925 680 4980 συστασιαζοντων
747 4919 936 4976 πολλή.
1021 4929 1308 4994 Τοιγαρονν
1377 4923 1808 4996 αὐτοχειροτόνη-

269 5069 372 5128 30,
399 5061 620 5119 Ἐπέξη
651 5063 734 5116 [ta
769 5061 984 5128 Regius
1027 5063 1352 5126 secundus,
1379 5063 1566 5120 multo
1599 5065 1812 5121 melius

195 5151 378 5207 quam
415 5135 566 5190 editi
592 5131 1010 5207 ἐπανέεηηττοε
1037 5135 1130 5188 alii
1175 5135 1411 5190 codices
1442 5135 1666 5193 ἐπενέϐη.

259 5209 714 5278 -ξῖςιγΣωτηρίον
767 5206 984 5278 παθονς.
1043 5209 1122 5278 Ita
1170 5222 1284 5276 0pc
1343 5207 1498 5268 Rugii
1566 5207 1814 5262 secundi

199 5275 678 5334 emendavim'us
710 5275 880 5346 quod
915 5277 972 5350 in
1004 5277 1174 5332 editis
1211 5275 1522 5346 legebatur
1551 5285 1812 5350 σωτηρίου

201 5355 530 5420 llas-33279;.
563 5363 692 5402 non
725 5352 816 5400 est
841 5346 994 5417 stylo
1025 5353 1080 5402 et
1107 5363 1270 5402 more
1301 5349 1652 5422 Basilii,qui
1687 5346 1815 5421 Spi-

201 5421 372 5476 ritum
399 5427 698 5491 sanctum
731 5425 990 5491 σωτήριον
1009 5435 1310 5490 nusquam
1343 5420 1626 5491 appellat.
1655 5420 1817 5476 Unde

201 5493 614 5548 Combetisius
659 5489 990 5558 legendum
1043 5489 1298 5562 putabat
1349 5489 1607 5566 σξυέηριον
1655 5497 1816 5566 κηρύ-

201 5583 416 5632 γματος.

1943 1821 2082 1860 cum
2113 1803 2258 1874 ipsis
2285 1801 2662 1866 hominibus,
2685 1797 3100 1854 haereticorum
3122 1793 3277 1850 dolis
3295 1791 3457 1848 velut
3473 1792 3592 1862 66

1941 1895 2056 1950 sub
2077 1908 2239 1964 aqua
2267 1891 2594 1947 latentibus
2627 1887 2890 1960 scopulis
2937 1885 3122 1950 illisae,
3161 1882 3404 1955 perdita:
3437 1881 3552 1936 sint
3570 1898 3589 1964 _:

1940 1981 2040 2037 alii
2069 1998 2210 2036 vero
2237 1997 2308 2035 ex
2333 1979 2610 2036 hostibus
2641 1975 2958 2033 salutiferae
2987 1972 3317 2046 passionis,
3349 1969 3454 2041 qui
3481 1961 3590 2038 gul

1939 2071 2269 2129 bernacula
2289 2073 2683 2142 occuparunt,
2709 2064 3064 2122 circatidem
3093 2059 3484 2130 naufragium
3503 2057 3589 2113 fe-

1937 2162 2162 2218 cerint?
2183 2163 2468 2216 Caeterum
2483 2158 2672 2214 turbae
2693 2157 2769 2212 ab
2787 2155 2968 2225 hujus
2983 2151 3196 2210 mundi
3210 2146 3588 2223 principibus

1935 2249 2408 2322 proﬁciscentes,
2431 2262 2556 2318 qua
2585 2261 2706 2300 non
2733 2241 3016 2316 procella,
3049 2255 3172 2312 quo
3203 2253 3327 2294 non
3351 2235 3585 2292 turbine

1931 2337 2277 2394 horribilius
2309 2335 2662 2390 subvertunt
2691 2331 2950 2404 populos
2968 2331 2995 2386 ?
3017 2327 3308 2384 Eeclesias
3331 2339 3470 2380 vero
3493 2337 3590 2379 ca-

1931 2425 2050 2495 ligo
2077 2423 2354 2496 quzedam
2385 2423 2538 2478 adeo
2568 2421 2748 2493 plane
2773 2419 2954 2474 tristis
2977 2433 3046 2474 ac
3070 2420 3286 2472 mmsta
3305 2415 3581 2483 occupat,

1931 2513 2202 2569 videlicet
2228 2511 2634 2568 luminaribus
2666 2509 2901 2578 mundi,
2932 2523 3064 2580 qua)
3102 2508 3254 2561 Deus
3298 2503 3585 2574 posuerat

1931 2603 2010 2658 ad
2029 2601 2464 2658 illuminandas
2489 2599 2856 2672 populorum
2879 2597 3141 2666 animas,
3161 2595 3348 2650 domo
3373 2588 3580 2664 proﬂi-

1930 2691 2291 2762 gatis.Porro
2308 2689 2634 2744 immodica
2651 2689 2780 2759 jam
2799 2687 2949 2742 inter
2969 2685 3134 2757 ipsos
3147 2679 3580 2740 vincendicon-

1927 2780 2296 2846 tentio,,cum
2317 2779 2444 2848 jam
2475 2777 2790 2832 immineat
2809 2780 3002 2831 terror
3033 2772 3317 2830 minitans
3337 2769 3578 2826 ruinam

1927 2869 2214 2934 universi,
2245 2867 2457 2923 adimit
2489 2866 2630 2922 mali
2661 2882 2928 2921 sensum.
2953 2867 3098 2920 Nam
3127 2862 3362 2934 privata
3393 2858 3576 2912 simu-

1923 2958 2036 3014 ltas
2053 2959 2189 3031 plus
2215 2961 2306 3014 est
2323 2972 2510 3028 quam
2529 2969 2852 3012 commune
2873 2951 3306 3024 publicumque
3321 2946 3572 3013 bellum,

1923 3048 2070 3104 dum
2085 3045 2466 3104 adversarios
2489 3045 2764 3100 vincendi
2779 3042 2968 3112 gloria
2989 3039 3296 3113 prmfertur
3316 3035 3572 3110 publicas

1922 3137 2196 3193 omnium
2229 3134 2484 3202 utilitati,
2513 3133 2738 3206 quibus
2786 3145 3047 3204 praesens
3085 3123 3574 3198 temporariaque

1923 3225 2120 3296 gloria:
2137 3224 2412 3295 voluptas
2437 3223 2594 3294 prior
2615 3238 2684 3278 ac
2705 3221 2902 3293 potior
2918 3223 3008 3276 est
3027 3215 3282 3290 praemiis
3297 3215 3357 3270 in
3369 3217 3572 3286 poste-

1921 3333 2056 3371 rum
2087 3313 2384 3385 repositis.
2429 3315 2631 3382 quue
2679 3325 2892 3366 omnes
2941 3309 3160 3381 pariter
3205 3318 3572 3378 quocunque

1923 3409 2178 3476 possunt
2207 3403 2390 3458 modo
2425 3401 2845 3457 interfectrices
2895 3415 3116 3454 manus
3161 3396 3276 3452 sibi
3311 3393 3572 3450 invicem

1921 3497 2198 3550 atferunt.
2233 3492 2499 3548 Acerbus
2531 3497 2734 3547 autem
2764 3490 3014 3562 quidam
3067 3487 3294 3544 clamor
3337 3499 3570 3550 eorum,

1921 3586 2024 3656 qui
2049 3601 2122 3640 ex
2151 3582 2530 3637 contentione
2561 3597 2689 3636 sese
2719 3585 2930 3636 mutuo
2961 3577 3268 3638 collidunt,
3292 3572 3567 3630 confusa-

1920 3690 2038 3746 quc
2079 3671 2443 3736 vociferatio,
2473 3671 2856 3725 indistinctus
2898 3669 3128 3724 sonitus
3171 3683 3202 3722 e
3249 3677 3570 3735 nunquam

1921 3763 2233 3818 silentibus
2257 3761 2639 3828 tumultibus,
2665 3765 2852 3815 totam
2885 3758 3211 3830 propejam
3245 3751 3569 3808 Ecclesiam

1919 3851 2208 3923 implevit,
2237 3867 2344 3923 per
2365 3866 2644 3906 excessus
2661 3867 2730 3905 ac
2765 3848 3031 3903 defectus
3069 3850 3296 3901 rectum
3329 3840 3569 3915 pietatis

1920 3941 2146 4010 dogma
2177 3939 2682 3994 subvertentibus.
2707 3942 2854 3994 Nam
2881 3937 2978 3992 alii
2999 3935 3246 4008 quidem
3267 3933 3346 3988 ad
3365 3929 3570 3986 Judai-

1924 4047 2146 4094 smum,
2181 4029 2259 4085 ob
2291 4045 2688 4101 personarum
2719 4027 3156 4090 confusionem,
3191 4023 3292 4079 alii
3337 4025 3567 4088 contra,

1921 4120 1998 4176 ad
2017 4119 2446 4192 paganismum
2465 4135 2571 4189 per
2591 4123 2947 4172 naturarum
2971 4115 3452 4172 contrarietatem
3473 4109 3570 4166 de-

1919 4211 2189 4266 feruntur
2212 4227 2224 4264 :
2259 4209 2410 4264 adeo
2435 4213 2498 4263 ut
2525 4225 2632 4264 nec
2654 4207 2937 4262 divinitus
2959 4205 3248 4278 inspirata
3265 4203 3570 4273 Scriptura

1921 4300 2072 4354 inter
2093 4298 2224 4352 illos
2248 4303 2622 4369 sequestram
2649 4313 2826 4366 agere
2859 4296 3066 4368 possit,
3095 4310 3204 4349 nec
3229 4289 3566 4364 apostolica:

1923 4387 2272 4443 traditiones
2301 4387 2432 4440 illos
2467 4387 2618 4441 inter
2663 4403 2723 4441 se
2773 4384 3090 4440 conciliare
3139 4381 3400 4436 valeant.
3453 4376 3568 4436 Sed

1921 4476 2132 4532 unicus
2153 4475 2423 4530 amicitiae
2459 4475 2595 4530 tinis
2621 4474 2806 4528 estad
2831 4473 3088 4542 gratiam
3115 4469 3282 4543 loqui
3307 4487 3319 4524 :
3353 4484 3426 4524 ac
3451 4467 3570 4522 suf-

1919 4567 2126 4621 ﬁciens
2146 4571 2232 4620 est.
2253 4565 2568 4620 inimicitiae
2591 4580 2795 4630 causa,
2814 4562 3206 4635 opinionibus
3231 4559 3568 4615 dissentire.

1921 4657 2100 4710 Porro
2117 4654 2332 4708 erroris
2357 4652 2688 4708 similitudo
2711 4668 2804 4706 res
2819 4657 2906 4706 est
2923 4651 3137 4723 quavis
3155 4649 3568 4720 conjuratione

1919 4743 2146 4808 ﬁrmior
2177 4741 2254 4796 ad
2286 4741 2592 4796 seditionis
2643 4740 3011 4796 societatem.
3063 4738 3397 4808 Theologus
3425 4751 3568 4791 vero

1921 4831 2170 4903 quilibet
2199 4835 2303 4900 est,
2323 4831 2372 4884 is
2397 4831 2602 4899 etiam,
2623 4831 2729 4902 qui
2749 4829 3002 4884 maculis
3025 4826 3568 4884 innumerabilibus

1921 4921 2188 4977 animam
2219 4920 2436 4976 habeat
2463 4925 2751 4976 notatam.
2779 4919 2920 4974 Hinc
2949 4934 3152 4975 rerum
3173 4916 3565 4975 novatoribus

1994 5065 2106 5134 (32)
2139 5059 2504 5135 Σφοδρότερον.
2527 5065 2651 5132 Reg
2711 5063 3012 5118 secundus
3045 5061 3350 5135 βαρύτερον.

1991 5139 2103 5204 (33)
2135 5133 2354 5195 Ὄντως.
2391 5133 2468 5188 [ta
2493 5151 2639 5190 mss.
2671 5135 2928 5190 codices.
2961 5133 3316 5192 Editi'oimg.

1994 5189 2104 5272 i331»)
2135 5213 2495 5279 μαραιτεῑται.
2525 5209 2661 5273 Reg.
2687 5189 2992 5260 secundum
3013 5189 3362 5279 παραιρεῖταιΣ
3387 5189 3568 5279 Paulo

1925 5271 2058 5348 post
2083 5271 2228 5332 editi
2250 5281 2574 5350 κρατεῖσθαι.
2605 5271 2734 5333 Mss.
2763 5279 2900 5333 utin
2929 5271 3110 5334 textu'.
3137 5271 3403 5332 Subinde
3425 5273 3565 5338 Reg.

1930 5349 2236 5404 secundus
2257 5349 2344 5409 Tir];
2369 5350 2674 5421 φιλονεικίας
2705 5355 2935 5422 τερπνόν.

1971 5423 2108 5506 ,(35)
2141 5413 2474 5492 Στιγματίας.
2515 5421 2600 5478 Ita
2630 5413 2774 5477 mss'.
2809 5425 3086 5493 quatuor.
3145 5413 3296 5472 Editi
3351 5433 3571 5486 στιγμα-

1927 5510 2095 5550 τισας.
