4070 6194
454 252 559 303 215
1044 222 1049 235 ’
1844 254 1904 310 s.
1938 252 2186 308 BASlLll
2224 255 2442 311 MAGNI
3722 257 3831 309 216

457 372 649 429 multa
678 374 852 447 copia
886 374 1070 431 simul
1093 376 1479 434 excitantium
1510 377 2064 450 seditionem.ltaqu

2226 399 2304 433 τοι
2332 389 2423 437 καὶ
2467 378 2878 456 σπουδαρχίδαι
2898 390 2997 435 τῶν
3031 377 3349 437 Ἐκκλησιῶν
3381 381 3475 440 τὰς
3498 383 3833 456 προστασίας

458 463 564 535 qui
586 463 815 535 seipsos
846 465 969 519 suis
995 465 1224 534 elegere
1247 466 1805 539 suffragiis,quique
1828 467 2065 522 atfectax

2226 467 2675 545 διαλαγχάνουσι,
2726 476 2819 531 τὴν
2870 474 3163 543 οἰκονομίαν
3203 476 3295 521 τοῦ
3326 467 3478 540 ἁγίου
3533 474 3830 541 Πνεύματος

460 552 933 625 principatum,ii
950 554 1343 610 Ecclesiarum
1361 555 1747 627 praefecturas
1761 555 2067 611 sortiuntu:

2225 565 2611 636 παρωσάμενοι.
2639 566 2739 613 Καὶ
2768 561 3023 621 παντελῶς
3048 556 3121 617 ἥδ
3126 579 3155 617 η
3195 566 3298 610 τῶν
3344 558 3682 630 εύαγγελικῶν
3714 559 3832 609 θεσ-

463 643 707 713 repulsa
756 643 943 699 sancti
992 644 1241 715 Spiritus
1281 643 1822 701 administratione.
1862 648 2070 718 Jamqu

2227 658 2332 722 μῶν
2382 650 2433 713 ἐξ
2492 650 2754 721 ἀκοσμίας
2796 652 3220 721 συγκεχυμένων,
3269 646 3539 719 ἀμύθητος
3596 648 3834 718 ὠθισμὸς

465 747 713 803 prorsus
740 732 1101 801 evangelicis
1130 733 1342 788 ritibus
1375 733 1454 789 ob
1473 734 1780 791 sublatum
1803 751 2002 790 rerum
2026 750 2072 790 ο]

2226 738 2309 791 ἐπὶ
2365 743 2455 801 τὰς
2508 735 2793 814 προεδρίας
2846 737 2981 806 ἐστὶ,
3038 745 3137 789 τῶν
3199 742 3562 808 φανητιῶντων
3606 735 3832 787 έκάστου

467 820 671 875 dinem
697 819 984 886 confusis,
1019 821 1336 877 inetfabilis
1367 829 1457 879 est
1487 823 1565 878 ad
1604 823 1993 895 praefecturas
2038 823 2074 877 il

2232 828 2407 881 ἑαυτὸν
2454 829 2702 881 εἰσποιεῖν
2732 835 2794 899 τῇ
2848 830 3149 901 προστασία
3198 824 3536 898 βιαζομένου.
3572 826 3839 898 Ἀναρχία

466 910 1071 981 ruptio,unoquoque
1102 925 1310 967 eorum
1341 911 1443 983 qui
1465 912 1793 967 ambitione
1814 911 2066 967 laboran

2230 914 2289 969 δέ
2327 937 2406 978 τις
2438 914 2579 975 δεινὴ
2614 915 2715 969 ἀπὸ
2746 924 2841 978 τῆς
2865 915 3148 990 φιλαρχίας
3184 918 3378 974 ταύτης
3407 921 3517 976 τοῖς
3544 914 3688 975 λαοῖς
3717 913 3835 967 ἐπε-

471 1014 602 1052 sese
632 998 688 1051 in
723 997 1044 1067 dignitates
1093 1015 1202 1072 per
1250 1001 1371 1056 vim
1403 1000 1766 1057 intrudente.
1798 1001 1933 1056 Jam
1976 1016 2078 1057 ver

2230 1012 2505 1078 κώμασεν’
2568 1007 2680 1058 ὅθεν
2737 1006 2997 1080 ἄπρακτοι
3061 1003 3315 1063 παντελῶς
3370 1008 3459 1055 καὶ
3525 1004 3684 1075 ἀργαὶ
3733 1010 3837 1054 τῶν

470 1087 671 1154 gravis
687 1087 967 1158 quaedam
989 1087 1281 1145 anarcbia
1300 1089 1378 1145 ab
1399 1090 1513 1146 hoc
1527 1091 1897 1163 principatus
1916 1105 2077 1146 amor

2230 1094 2644 1147 ἐπιστατούντων
2667 1094 2722 1146 αἰ
2750 1094 3127 1169 παρακλήσεις,
3146 1093 3203 1145 ού
3226 1091 3414 1163 μᾶλλον
3438 1090 3643 1145 ἀκούειν
3671 1095 3834 1159 τινὸς,

470 1176 731 1247 populos
760 1177 976 1232 invasit
1002 1195 1014 1232 :
1044 1178 1206 1233 unde
1228 1179 1403 1235 irritae
1432 1186 1571 1236 sunt
1590 1196 1838 1253 prorsus
1885 1196 1955 1235 ac
1997 1179 2077 1234 in:

2232 1185 2260 1242 ἦ
2296 1184 2436 1254 αύτῷ
2483 1184 2595 1252 (36)
2640 1185 2826 1257 ἄρχειν
2859 1182 3038 1257 ἐτέρων
3086 1181 3404 1253 ὀφειλόμενον
3436 1177 3565 1234 εἶναι
3609 1180 3838 1234 ἑκάστου

470 1280 579 1320 nes
608 1265 1022 1337 praefectorum
1044 1267 1512 1331 exhortationes,
1527 1270 1676 1325 dum
1697 1285 1877 1326 nemo
1899 1285 1959 1325 se
1991 1284 2077 1323 ma

1742 1285 1877 1326 emo
1899 1285 1959 1325 se
1991 1284 2125 1323 ma-
2234 1268 2268 1324 δ
2275 1274 2326 1324 ιά
2352 1276 2438 1324 τὸν
2465 1270 2517 1334 ἐξ
2546 1269 2773 1343 ἀμαθίας
2804 1277 2960 1343 τῦφον
2998 1269 3349 1341 λογιζομένου.

472 1356 565 1425 gis
595 1355 759 1412 alteri
783 1355 1142 1423 auscultare,
1171 1373 1359 1429 quam
1389 1359 1519 1414 aliis
1549 1359 1844 1432 imperare
1880 1358 2122 1425 debere,

472 1444 552 1499 ob
586 1444 808 1500 fastum
839 1462 911 1501 ex
941 1445 1174 1503 inscitia
1203 1454 1563 1521 conceptum
1595 1450 1909 1505 existimat.

543 1538 631 1589 '78.
657 1537 773 1591 Has
798 1535 878 1591 ob
900 1552 992 1591 res
1014 1536 1186 1592 silere
1210 1538 1907 1613 utiliusjudicavi,quam
1933 1539 2122 1613 loqui,

2305 1541 2400 1593 '78.
2441 1539 2537 1590 Διὰ
2572 1544 2737 1589 ταῦτα
2772 1534 3194 1610 λυσιτελεστέραν
3247 1542 3340 1588 τοῦ
3377 1535 3533 1607 λόγου
3589 1540 3681 1595 τὴν
3716 1555 3845 1589 σιω-

472 1627 765 1695 tanquam
787 1624 1051 1680 hominis
1076 1642 1187 1681 vox
1204 1642 1309 1698 per
1332 1631 1529 1683 tantos
1545 1628 1835 1684 tumultus
1854 1629 2073 1685 exaudi

2235 1630 2337 1685 πήν
2410 1626 2689 1700 έτιθέμην,
2759 1628 2824 1687 ὡς
2890 1626 2949 1678 ού
3008 1623 3299 1698 δυναμένης
3350 1634 3517 1697 φωνῆς
3564 1624 3842 1701 ἀνθρώπου

473 1726 598 1767 non
629 1713 838 1783 possit.
867 1715 1016 1768 Nam
1047 1714 1097 1769 si
1129 1730 1268 1771 vera
1298 1721 1439 1770 sunt
1463 1731 1599 1788 quae
1645 1715 1796 1772 dixit
1840 1716 2080 1773 Ecclesia

2238 1714 2331 1770 διὰ
2373 1720 2635 1769 τοσούτων
2678 1714 2907 1791 θορύϐων
2955 1715 3386 1773 εἰσακουσθῆναι.
3423 1715 3482 1768 Εἰ
3531 1717 3630 1790 γὰρ
3672 1714 3839 1776 ἀληθῆ

474 1805 596 1856 stes
618 1803 689 1870 ³⁵,
712 1801 893 1857 verba
916 1802 1334 1874 sapientumin
1351 1804 1549 1876 quiete
1572 1804 2081 1877 audiri,plurimui

2237 1808 2304 1858 τά
2366 1814 2458 1858 τοῦ
2509 1805 2924 1863 Ἐκκλησιαστού
2988 1805 3238 1879 ῥήματα,
3302 1804 3384 1855 ὅτι
3452 1808 3615 1875 Λόγοι
3671 1813 3844 1876 σοφῶν

475 1891 667 1953 abest,
694 1892 841 1947 utin
890 1892 1006 1947 hoc
1038 1896 1196 1948 statu
1225 1909 1427 1949 rerum
1453 1893 1527 1949 de
1559 1894 1654 1949 his
1696 1894 1865 1966 loqui
1909 1910 2082 1951 conv:

2238 1894 2286 1947 ἑν
2331 1893 2619 1947 ἀναπαύσει
2659 1892 2955 1956 ἀκούονται,
2986 1892 3182 1945 πολλοῦ
3233 1892 3293 1944 ἀν
3349 1889 3460 1945 δέοι
3510 1896 3720 1967 πρέπειν
3778 1902 3840 1965 τῇ

475 1982 619 2037 niat.
653 1984 736 2038 Me
767 1998 909 2038 vero
935 1984 1115 2038 etiam
1148 1982 1297 2039 illud
1318 1984 1740 2057 propheticum
1768 1984 2001 2041 dictum
2030 2000 2082 2041 re

2238 1992 2325 2037 νῦν
2374 1986 2696 2036 καταστάσει
2751 1987 2811 2035 τὸ
2864 1968 2981 2055 περὶ
3033 1985 3226 2035 τούτων
3281 1981 3465 2053 λέγειν.
3496 1982 3613 2054 Ἐμὲ
3645 1979 3705 2035 δε
3752 1988 3845 2035 καὶ

475 2072 715 2145 primit:
748 2072 1102 2144 Intelligens
1123 2076 1185 2129 in
1210 2079 1471 2143 tempore
1491 2075 1598 2130 illo
1629 2074 1955 2132 tacebat-eo
1975 2090 2082 2147 qua

2241 2078 2297 2127 τὸ
2341 2077 2662 2146 προφητικὸν
2720 2072 2880 2125 έκεῖνο
2923 2076 3136 2144 κατέχει
3187 2070 3381 2143 λόγιον,
3423 2072 3504 2123 ὃτι
3556 2071 3617 2123 Ὀ
3654 2077 3848 2124 συνιὼν

478 2168 709 2231 tempus
730 2163 957 2219 malum
982 2168 1067 2219 est
1089 2165 1156 2234 ",
1188 2163 1247 2218 in
1278 2178 1398 2236 quo
1428 2162 1527 2219 alii
1557 2164 1804 2236 quidem
1838 2164 2085 2237 supplar

2241 2162 2287 2215 ἓν
2340 2171 2411 2234 τῷ
2450 2170 2617 2235 καιρῷ
2670 2160 2842 2233 ἐκείνῳ
2890 2164 3002 2231 (37)
3053 2165 3416 2219 σιωπήσεται’
3460 2157 3596 2213 διότι
3644 2163 3670 2212 ὁ
3727 2181 3848 2214 και-

479 2251 737 2317 tant,alii
762 2268 903 2307 vero
926 2252 1222 2308 insultant
1240 2252 1539 2325 lapso,alii
1556 2270 1695 2309 vero
1716 2253 2086 2326 applaudunl

2238 2256 2328 2325 ρὸς
2358 2257 2584 2324 πονηρός
2637 2250 2818 2303 ἔστιν’
2871 2249 2919 2302 έν
3039 2252 3088 2303 οἱ
3126 2254 3217 2322 μεν
3265 2248 3675 2310 ύποσκελίζουσι
3731 2258 3842 2319 νῦν,

478 2340 584 2394 sed
612 2339 717 2411 qui
756 2341 868 2411 67
922 2340 1254 2397 labascenti
1299 2357 1551 2397 manum
1599 2358 1672 2397 ex
1721 2341 2085 2398 misericordi

2241 2342 2290 2394 οἱ
2322 2338 2380 2393 δε
2408 2339 2712 2393 ’ένάλλονται
2752 2348 2823 2410 τῷ
2853 2344 3086 2404 πεσόντι,
3119 2338 3266 2391 ἄλλοι
3317 2335 3377 2391 δὲ
3438 2337 3805 2413 ἐπικροτοῦσιν
3829 2356 3841 2370 ·

477 2428 765 2498 porrigat,
792 2428 994 2483 nullus
1023 2434 1146 2497 est;
1174 2446 1531 2502 quanquam
1552 2430 1727 2501 juxta
1749 2430 1944 2501 legem
1975 2434 2084 2485 vett

2242 2432 2268 2483 6
2294 2427 2353 2482 δε
2382 2438 2453 2501 τῷ
2496 2429 2779 2482 ὀκλάσαντι
2826 2436 2987 2501 χεῖρα
3038 2428 3227 2503 ὀρέγων
3281 2428 3335 2481 ἐκ
3377 2430 3708 2500 συμπαθείας
3753 2428 3848 2481 ούκ

476 2532 605 2572 rem
622 2518 783 2579 ",ne
812 2518 861 2573 is
891 2518 1139 2591 quidem
1161 2520 1264 2591 qui
1287 2520 1379 2575 vel
1402 2520 1997 2590 jumentuminimici
2018 2535 2083 2575 su

2242 2522 2383 2571 ἔστι·
2436 2537 2688 2589 καιτοιγε,
2720 2520 2855 2569 κατὰ
2905 2516 2992 2569 τόν
3032 2517 3251 2569 παλαιὸν
3289 2521 3462 2589 νόμον,
3518 2513 3632 2569 οὐδ’
3696 2518 3721 2568 ὀ
3790 2521 3847 2569 τὸ

479 2622 659 2662 onere
680 2607 1019 2680 collapsum
1047 2610 1412 2680 praeterierit,
1445 2614 1608 2666 caret
1637 2610 2086 2682 reprehensioni

2242 2610 2527 2679 ὑποζύγιον
2574 2616 2667 2660 τοῦ
2714 2606 2913 2682 έχθροῦ
2960 2610 3231 2668 πεπτωκὸς
3283 2607 3383 2658 ὑπὸ
3414 2609 3502 2659 τὸν
3530 2612 3692 2679 γόμον
3730 2608 3848 2679 (38)

478 2695 593 2750 Sed
623 2711 745 2751 non
766 2696 971 2752 itidem
997 2698 1237 2753 ﬁtbisce
1258 2698 2085 2772 temporibus.Quinamﬁere‘

2241 2694 2604 2772 παραδραμὼν
2634 2698 3061 2767 ἁκατάγνωστος.
3106 2695 3239 2749 Ἀλλ’
3286 2695 3414 2767 ούχὶ
3460 2715 3616 2748 τανυν
3667 2703 3845 2748 τοιαῦ-

479 2785 729 2857 quando
758 2786 1110 2856 refrigerata
1135 2788 1412 2843 omnium
1436 2787 1748 2854 charitate,
1782 2787 2026 2843 sublata
2047 2802 2086 2842 e:

2246 2806 2323 2841 τα.
2371 2790 2571 2853 ΙΙόθεν;
2622 2788 2751 2838 ὅπου
2799 2804 2878 2857 γε,
2935 2781 3028 2838 διὰ
3092 2786 3297 2838 πάντων
3345 2792 3442 2847 τῆς
3490 2783 3697 2856 ἀγάπης
3752 2784 3853 2855 ψυ-

479 2874 731 2930 fratrum
758 2876 1146 2947 conspiratio,
1168 2877 1506 2933 concordiae
1532 2893 1675 2933 vero
1704 2877 1885 2933 etiam
1906 2892 2086 2932 nome

2248 2882 2438 2948 γείσης,
2498 2875 2755 2951 ἀνῄρηται
2811 2878 2901 2947 μὶν
2954 2871 3187 2947 ἀδελφῶν
3256 2877 3541 2946 σύμπνοια,
3611 2876 3855 2945 ὁμονοίας

478 2963 824 3032 ignoratur;
850 2963 1099 3020 sublatae
1114 2969 1252 3021 sunt
1270 2971 1474 3022 autem
1495 2967 1675 3022 etiam
1692 2966 1898 3021 amica:
1919 2967 2085 3021 adm<

2244 2963 2305 3019 δε
2334 2964 2593 3038 ἀγνοεῖται
2623 2970 2713 3018 καὶ
2750 2968 3007 3037 τοῦνομα·
3066 2964 3353 3038 ἀνῄρηνται
3406 2960 3465 3015 δε
3519 2962 3849 3035 ἀγαπητικαὶ

480 3054 757 3125 nitiones,
798 3070 1105 3127 nusquam
1144 3056 1378 3111 viscera
1428 3056 1789 3121 Christiana,
1823 3071 2087 3128 nusquai

2246 3057 2536 3108 νουθεσίαν
2571 3051 2810 3126 οὐδαμοῦ
2844 3052 3149 3124 σπλάγχνον
3188 3055 3504 3126 Χριστιανὸν
3532 3055 3662 3123 (39),
3693 3050 3853 3105 ούδα-

478 3142 752 3214 lacryma
772 3159 845 3199 ex
878 3144 1427 3203 commiseratione.
1456 3148 1583 3202 Non
1598 3151 1685 3202 est
1697 3146 1798 3218 qui
1816 3146 2085 3201 inﬁrmui

2249 3153 2346 3218 μοῦ
2385 3142 2615 3219 δάκρυον
2665 3144 2956 3215 συμπαθές.
3007 3142 3119 3195 Οὐκ
3165 3145 3306 3194 ἔστιν
3347 3143 3484 3194 ότόν
3537 3139 3856 3194 ἀσθενοῦντα

482 3232 542 3287 in
573 3232 691 3287 ﬁde
712 3233 1020 3304 suscipiat,
1052 3233 1157 3289 sed
1188 3238 1423 3291 tantum
1454 3235 1666 3291 odium
1697 3235 1851 3291 inter
1884 3234 2089 3290 tribule

2245 3242 2304 3306 τῇ
2360 3230 3136 3306 πίστεικπροσλαμϐανόμενος,
3197 3229 3327 3283 ἀλλὰ
3384 3237 3629 3283 τοσοῦτον
3695 3238 3852 3303 μῖσος

438 3358 439 3361 η
482 3320 722 3390 exarsit,
757 3325 821 3375 ut
868 3321 1126 3393 quisque
1170 3324 1365 3393 magis
1413 3323 1489 3379 de
1531 3324 1793 3396 proximi
1833 3323 2045 3396 lapsibi

2249 3330 2355 3385 τοῖς
2407 3322 2684 3396 ὁμοφύλοις
2713 3324 2845 3397 πρὸς
2889 3319 3139 3382 ἀλλήλους
3178 3318 3508 3383 ἐκκέκαυται,
3539 3321 3675 3372 ὥστε
3725 3320 3856 3392 μᾶλ-

483 3424 668 3480 quam
690 3410 766 3464 de
794 3410 1051 3480 propriis
1072 3416 1229 3467 recte
1255 3412 1425 3468 factis
1447 3413 1720 3470 exsultet.
1736 3412 2090 3478 Quemadmt

2248 3411 2332 3465 λον
2384 3420 2490 3473 τοῖς
2536 3410 2760 3470 πλησίον
2815 3416 3091 3482 πτώμασιν
3134 3410 3163 3467 ἡ
3212 3416 3322 3470 τοίς
3378 3408 3591 3469 οἰκείοις
3631 3409 3855 3469 ἕκαστος

484 3498 623 3554 dum
644 3501 846 3553 autem
866 3498 926 3553 in
954 3500 1246 3569 contagiis
1268 3500 1742 3571 pestilentiarum
1768 3502 1949 3557 etiam
1969 3502 2009 3556 ii
2034 3518 2091 3574 qi

2250 3504 2653 3578 κατορθώμασιν
2706 3501 3103 3573 έπαγάλλονται.
3153 3498 3353 3572 Ὠσπερ
3400 3494 3459 3551 δε
3506 3497 3555 3550 έν
3593 3506 3705 3560 ταῖς
3752 3498 3857 3551 λοι-

487 3604 732 3645 summa
752 3604 895 3644 cura
908 3594 1152 3645 servant
1167 3589 1356 3646 victus
1376 3593 1906 3657 rationem,tamen
1924 3590 2094 3646 iisdei

2248 3600 2426 3665 μικαίς
2476 3593 2827 3665 συμπαθείαις
2900 3595 2989 3644 καὶ
3058 3592 3107 3643 οἱ
3154 3592 3289 3642 κατά
3352 3594 3528 3641 πᾶσαν
3586 3587 3855 3660 ἀκρίϐειαν

486 3678 716 3735 morbis
744 3678 967 3751 quibus
1000 3677 1099 3733 alii
1132 3678 1429 3745 laborant,
1454 3679 1601 3734 dum
1627 3680 1707 3736 ob
1750 3679 2086 3735 consuetud

2250 3679 2583 3754 διαιτώμενοι
2642 3683 2709 3733 τὰ
2774 3683 2870 3732 ἶσα
2913 3686 3025 3741 τοῖς
3079 3676 3250 3739 ἀλλοις
3292 3681 3600 3749 κάμνουσιν,
3657 3677 3712 3729 έκ
3764 3686 3857 3738 τῆς

486 3785 627 3824 nem
654 3784 864 3825 eorum
893 3768 998 3841 qui
1027 3768 1295 3840 corrupti
1321 3769 1808 3841 sunt,opplentur
1827 3769 1939 3841 ipsi
1958 3784 2093 3839 εῖδει(

2248 3774 2377 3843 πρὸς
2405 3775 2526 3833 τοὺς
2560 3767 2968 3842 διεφθαρμένους
3012 3767 3215 3841 ὁμιλίας
3260 3774 3357 3829 τῆς
3414 3765 3709 3841 ἀρῥωστίας
3741 3767 3854 3837 (40)

487 3859 711 3915 tatione
738 3878 749 3913 :
774 3857 981 3913 itidem
1013 3873 1174 3913 nunc
1197 3874 1410 3913 omnes
1428 3858 1652 3913 similes
1680 3859 1833 3914 inter
1857 3874 1968 3915 nos
2000 3858 2094 3913 fac

2252 3858 2740 3931 ἀναπιμπλάμενοι·
2818 3857 2953 3910 οὕτω
3033 3862 3123 3909 καὶ
3199 3863 3287 3907 νύν
3365 3857 3547 3915 πάντες
3616 3853 3858 3914 ἀλλήλοις

489 3964 718 4013 sumus,
739 3964 774 4001 a
795 3948 1199 4009 contentione,
1216 3964 1348 4019 qum
1368 3951 1606 4003 nostros
1628 3948 1863 4003 animos
1885 3963 2096 4019 occupa

2249 3954 2530 4022 γεγόναμεν
2578 3950 2770 4021 ὅμοιοι,
2829 3949 2929 4000 ύπό
2972 3954 3067 4008 τῆς
3114 3947 3501 4017 κατασχούσης
3538 3946 3627 4004 τὰς
3666 3942 3856 4015 ψυχὰς

488 4036 591 4104 vit,
620 4035 700 4091 ad
725 4035 1030 4091 malorum
1057 4036 1501 4091 aemulationem
1534 4036 1827 4109 perducti.
1855 4038 1999 4093 Hinc
2027 4038 2095 4094 in

2252 4041 2397 4112 ημῶν
2446 4039 2757 4111 φιλονεικίας
2813 4041 2938 4110 πρὸς
2993 4039 3081 4088 τὸν
3138 4043 3237 4087 τῶν
3303 4042 3475 4086 κακῶν
3542 4032 3697 4094 ζῆλον
3761 4034 3859 4083 ύπ-

488 4124 818 4198 placabiles
841 4128 896 4179 et
927 4124 1119 4180 amari
1153 4124 1366 4182 sedent
1408 4130 1742 4183 erratorum
1772 4128 2095 4185 examinat<

2254 4130 2561 4201 ενεχθέντες,
2632 4127 2890 4181 Ἐντεῦθεν
2950 4124 3316 4197 ἀσύγγνωστοι
3372 4126 3462 4195 μεν
3526 4127 3616 4175 καὶ
3672 4126 3859 4193 πικροὶ

488 4231 609 4287 res,
638 4214 829 4288 iniqui
861 4230 999 4271 vero
1035 4219 1093 4271 et
1120 4214 1407 4272 malevoli
1435 4221 1595 4273 recte
1648 4216 1944 4273 factorum
1983 4218 2091 4289 jud

2254 4218 2510 4275 κάθηνται
2558 4224 2659 4269 τῶν
2726 4213 3229 4287 ἀποτυγχανομένων
3286 4212 3573 4276 ἐξετασταὶ,
3624 4208 3861 4281 ἀγνῶμο-

490 4322 590 4363 ces
616 4322 630 4362 :
661 4321 731 4362 ac
761 4308 1018 4376 tantum,
1043 4309 1108 4361 ut
1135 4305 1373 4361 videtur
1417 4306 1650 4362 malum
1691 4306 1868 4362 nobis
1905 4307 2097 4363 insedi

2254 4327 2333 4369 νες
2388 4302 2449 4360 δε
2502 4310 2592 4359 καὶ
2651 4302 2928 4377 δυσμενεῖς
2997 4311 3097 4355 τῶν
3162 4302 3586 4375 κατορθουμένων
3642 4314 3856 4372 κριται·

490 4401 555 4451 ut
584 4396 815 4452 ratione
855 4394 1254 4451 destituamur
1287 4396 1505 4466 magis,
1536 4412 1722 4468 quam
1754 4395 1888 4468 ipsa
1917 4398 2097 4453 anima

2254 4401 2345 4449 καὶ
2390 4402 2677 4461 τοσοῦτον,
2731 4397 2801 4455 ὡς
2858 4396 3031 4463 iam,
3087 4395 3145 4444 τὸ
3193 4394 3353 4443 κακὸν
3382 4392 3509 4462 ἡμῖν
3564 4384 3860 4461 ένίδρυται,

488 4484 570 4540 lia
589 4485 799 4538 bruta:
830 4484 1130 4556 siquidem
1152 4484 1253 4541 illa
1278 4500 1409 4557 quae
1433 4491 1569 4540 sunt
1589 4484 1862 4555 ejusdem
1889 4486 2093 4555 generi

2258 4493 2390 4542 ὥστε
2464 4492 2555 4540 καὶ
2618 4494 2718 4537 τῶν
2786 4483 2984 4557 ἀλόγων
3050 4486 3333 4555 γεγόναμεν
3400 4479 3708 4554 ἀλογώτεροι
3736 4497 3750 4508 ·
3817 4482 3865 4531 εἰ

490 4574 644 4629 inter
669 4588 799 4628 sese
852 4574 1296 4642 consociantur,
1357 4580 1417 4631 at
1463 4574 1642 4631 nobis
1697 4574 2097 4633 atrocissima]

2258 4595 2311 4647 γε
2374 4576 2539 4629 έκείνα
2604 4576 2695 4647 μιν
2768 4575 2835 4625 τὰ
2900 4570 3134 4645 ὁμόφυλα
3206 4568 3448 4630 ἀλληλοις
3517 4566 3865 4639 συναγελάζε-

490 4661 718 4719 bellum
747 4666 837 4719 est
869 4662 1158 4719 adversus
1188 4662 1575 4722 domesticos.

2258 4685 2366 4733 ται,
2395 4667 2520 4738 ἡμῖν
2548 4660 2607 4717 δε
2636 4664 2662 4716 ὁ
2692 4662 3067 4735 χαλεπώτατος
3096 4659 3312 4733 πόλεμος
3340 4661 3473 4733 πρὸς
3498 4661 3616 4718 τούς
3641 4657 3865 4717 οἰκείους

2255 4773 2390 4810 εστι.

563 4986 611 5025 ³⁸
642 4984 796 5042 Eccl.
827 5001 909 5048 ιχ,
938 4989 1023 5043 17.
1100 4986 1148 5021 ²⁶
1180 4987 1365 5041 Amos
1397 5001 1448 5057 v,
1474 4985 1568 5041 l3.
1652 4986 1695 5021 ³⁷
1724 4984 1928 5042 Ezech.
1962 5001 2124 5058 χχιιι,
2151 4990 2203 5042 5.

562 5220 675 5291 (36)
705 5217 772 5272 Ἥ
801 5217 961 5289 αύτῷ.
994 5218 1077 5274 Ita
1106 5216 1348 5273 codices
1400 5217 1591 5274 nostri
1637 5232 1870 5273 omnes.
1918 5216 2069 5272 Editi
2118 5217 2147 5275 ἡ

847 5217 961 5289 Jeep.
994 5218 1077 5274 Ita
1106 5216 1348 5273 codices
1400 5217 1591 5274 nostri
1637 5232 1870 5273 omnes.
1918 5216 2069 5272 Editi
2118 5217 2147 5275 ἡ
2261 5219 2454 5291 νόμων-ο

497 5292 675 5344 αὐτὸν.
2020 5358 2048 5359 η

2267 5279 2280 5287 ’
2327 5279 2450 5351 ’(39)
2487 5287 2823 5359 Χριστιανὸν.
2862 5282 2953 5339 Sic
3010 5287 3243 5339 veteres
3300 5280 3455 5336 libri.
3518 5279 3672 5335 Editi
3726 5300 3869 5355 χρη-

568 5367 680 5433 (37)
711 5364 790 5416 Ἐν
817 5370 888 5432 τῷ
920 5370 1084 5434 καιρῷ
1125 5360 1321 5431 ἐκείνῳ.
1394 5362 1525 5434 Hinc
1579 5360 1818 5434 desunt
1850 5361 1909 5414 in
1959 5358 2151 5413 tribus

817 5370 888 5432 τῷ
920 5370 1084 5434 καιρῷ
1125 5360 1321 5431 ἐκείνῳ.
1394 5362 1525 5434 Hinc
1579 5360 1818 5434 desunt
1850 5361 1909 5414 in
1959 5358 2151 5413 tribus
2264 5365 2406 5411 στόν.

496 5422 909 5504 mss.'l.egittir
938 5422 1207 5489 etiamin
1255 5422 1561 5488 nonnullis
1609 5431 1919 5487 codicibus
1968 5450 2103 5504 καιρε

2330 5432 2464 5506 (4ολ
2486 5428 2825 5506 Ἀρροιστίας.
2861 5428 2985 5506 Duo
3018 5425 3177 5506 Regii
3209 5425 3449 5506 codices
3482 5422 3869 5506 addunt_1rc£-

494 5515 729 5576 πονηρῶν
751 5496 920 5561 ἶστιν.
1611 5575 1643 5576 η
1905 5574 1938 5576 ,Α
1978 5575 1983 5576 ,

2260 5521 2376 5563 σης.
2430 5496 2785 5556 Νοιίίιιιιιῐο
2824 5504 2959 5571 post
3007 5497 3151 5553 editi
3200 5498 3543 5569 ὑπαχθέντες.
3602 5496 3862 5552 Codices

569 5574 679 5645 (33)
735 5582 831 5630 Τὸν
906 5582 1088 5650 γόμον.
1155 5576 1248 5633 Sic
1299 5592 1443 5632 mss.
1513 5575 1777 5633 codices.
1839 5574 1990 5631 Editi
2048 5583 2146 5627 τῶν

1196 5576 1248 5633 ic
1299 5592 1443 5632 mss.
1513 5575 1777 5633 codices.
1839 5574 1990 5631 Editi
2048 5583 2146 5627 τῶν
2256 5590 2400 5628 mss.
2438 5578 2501 5628 ut
2529 5574 2589 5627 iu
2620 5575 2800 5626 textu.
