4070 6194
200 291 295 344 217

262 415 352 467 79.
413 413 621 464 Τούτων
675 413 768 484 μὶν
818 408 908 464 οὖν
964 413 1168 464 πάντων
1220 415 1382 465 ἕνεκεν
1434 419 1637 484 σιωπᾲν
1663 409 1871 484 ἓδει,Α

200 500 297 552 ἀλλ’
329 498 563 564 ἆνθεῐλκς
590 500 705 571 (41)
732 503 835 573 γὰρ
866 502 1101 574 ἑτέρωθεν
1126 503 1157 559 ἡ
1214 500 1414 573 ἀγάπη,
1457 502 1515 554 οῦ
1561 502 1800 562 ζητοῦσα

198 594 252 642 τὸ
303 590 509 658 ἑαυτῆς,
567 595 657 641 καὶ
707 596 857 659 νικᾴν
915 588 1137 653 ἀξιοῦσα
1200 597 1376 643 πᾶσαν
1440 600 1637 666 καιρῶν
1709 597 1799 644 καὶ

196 681 511 751 πραγμάτων
572 674 916 753 δυσχέρειαν.
977 676 1265 742 Ἐδίὸαξαν
1318 678 1376 733 δὲ
1426 683 1561 753 ἡμᾶς
1607 686 1698 733 καὶ
1752 683 1800 733 οἱ

198 766 278 819 ἐπὶ
332 776 421 827 τῆς
474 766 803 839 βαϐυλωνίας
851 765 1055 835 παῖδας,
1113 773 1202 821 καὶ
1258 766 1487 841 μηδενὸς
1539 774 1683 831 ὄντος
1710 777 1799 822 τοῦ

202 859 561 928 συντιθεμένου
614 864 676 928 τῇ
742 855 998 930 εὐσεϐείᾳ,
1049 857 1165 910 καθ’
1225 857 1435 919 ἑαυτοὺς
1490 862 1548 910 τὸ
1594 858 1799 910 ἐπιϐάλ-

196 945 283 998 λον
337 945 566 998 ἐκτελεῖν
607 948 658 997 οἰ
704 965 767 1017 γε
834 945 889 998 ἐκ
958 951 1121 1020 μέσης
1176 956 1272 1008 τῆς
1317 946 1500 1020 φλογός
1551 952 1635 1000 τὸν
1672 951 1798 1001 Θεὸν

201 1034 474 1107 ἁνύμνουν,
531 1038 601 1107 μὴ
658 1035 991 1107 λογιζόμενοι
1046 1040 1104 1088 τό
1156 1036 1353 1097 πλῆθος
1402 1045 1502 1089 τῶν
1556 1042 1649 1095 τὴν
1680 1036 1801 1095 ἁλή-

199 1127 339 1177 θειαν
399 1123 734 1190 ἆθετούντων,
785 1123 893 1176 ἀλλ’
971 1124 1209 1187 ἀλλήλοις
1292 1125 1602 1200 ἀρκούμενοι
1664 1134 1799 1200 τρεῖς

193 1218 356 1275 ὄντες.
426 1218 611 1286 Διόπερ
666 1210 793 1266 οὐδὲ
840 1216 965 1286 ἡμῖν
1011 1219 1154 1267 ὄκνον
1206 1218 1473 1273 ἐνεποίησε
1511 1224 1610 1267 τῶν
1641 1214 1795 1268 πολε-

195 1307 325 1374 μίων
372 1305 431 1353 τό
504 1306 675 1374 νέρος,
734 1300 863 1354 ἀλλὰ
921 1307 1008 1361 τὴν
1061 1300 1251 1356 ἐλπίδα
1313 1306 1513 1376 θέμενοι
1565 1302 1648 1356 ἐπὶ
1703 1309 1798 1362 τὴν

198 1389 443 1463 βοήθειαν
500 1398 593 1442 τοῦ
641 1393 959 1462 Πνεῦματος,
1017 1390 1065 1443 ἐν
1112 1393 1256 1464 πάσῃ
1300 1391 1575 1466 παρρησίᾳ
1603 1412 1797 1464 κατηγ-

196 1480 430 1552 γείλαμεν
482 1484 576 1537 τήν
637 1478 904 1548 ἀλήθειαν,
962 1478 1027 1532 Ἠ
1086 1482 1291 1533 πάντων
1351 1480 1411 1532 διν
1444 1478 1505 1539 ἦν
1540 1481 1796 1553 σχετλίώ-

194 1588 363 1635 τατον,
426 1572 546 1627 τοῦς
588 1570 678 1640 μὲν
734 1567 1184 1641 βλασφημοῦντας
1236 1572 1293 1621 τό
1353 1575 1565 1642 Πνεῦμα
1634 1573 1798 1632 οὕτως

195 1656 416 1718 εὐκόλως
473 1659 569 1707 πὸν
625 1660 716 1708 νόκ
771 1656 954 1716 εὐσεϐῆ
1035 1658 1152 1727 (42)
1225 1657 1376 1730 λόγον
1448 1657 1800 1733 ἀποθρασύνε-

197 1748 341 1798 σθαιο
382 1748 527 1817 ἡμᾶς
577 1742 656 1817 δῖ,
713 1746 1019 1804 τηλικοῦτον
1050 1749 1277 1819 ἔχοντας
1316 1736 1681 1807 σῦνασπιστὴν
1710 1753 1799 1800 καί
1830 1771 1868 1824 Β

194 1842 507 1909 συνήγορον,
564 1835 727 1887 ὀκνεῖν
778 1838 867 1887 τόν
917 1835 1067 1907 λόγον
1144 1833 1403 1890 διακονεῖν
1456 1839 1598 1907 (4-3),
1628 1842 1716 1890 τόν
1745 1840 1801 1890 ἑκ

197 1934 290 1987 τὶς
350 1933 454 1976 τῶν
503 1928 742 1997 πατέρων
795 1922 1137 2000 παραδόσεως
1176 1930 1307 2002 πρός
1352 1928 1492 1999 ἡμᾶς
1520 1925 1801 1999 ἀκολουθίᾳ

195 2020 395 2085 μνήμης
444 2010 795 2068 διασωθέντα.
863 2013 977 2067 Ἐπὶ
1028 2014 1200 2067 πλεῖον
1254 2012 1313 2068 δὲ
1378 2018 1524 2087 ἡμῶν
1563 2014 1800 2087 ἐπήγειρε

194 2107 284 2160 τήν
332 2104 504 2176 ὁρμὴν
541 2111 639 2163 τῆς
675 2122 728 2156 τε
771 2102 1117 2178 ἀνυποκρίτου
1174 2124 1269 2157 σου
1323 2104 1534 2176 ἀγάπης
1570 2108 1629 2156 τό
1683 2101 1800 2157 διεὶ-

193 2212 355 2266 πνρον
398 2197 492 2243 καὶ
544 2194 605 2244 τὸ
652 2200 743 2244 τοῦ
772 2198 966 2267 τρόπου
997 2192 1234 2266 ἐμϐριθὲς
1262 2198 1351 2246 καὶ
1407 2196 1659 2266 ἡσύχιον,
1708 2193 1798 2265 ἔγ·-

193 2285 458 2352 γνὼριενον
515 2285 587 2352 μὴ
644 2279 715 2342 εἷς
778 2280 999 2344 πολλοὺς
1050 2280 1264 2345 ἐξοίσειν
1322 2284 1387 2335 τὰ
1440 2284 1795 2356 ῥηθησόμεναο

194 2367 297 2439 αῦχ
355 2370 425 2430 ὡς
473 2366 598 2431 ἀξια
638 2372 1125 2443 κατακρύπτεσθαι,
1186 2370 1291 2423 ἁλλ’
1353 2373 1487 2423 ὥστε
1526 2375 1597 2443 μὴ
1628 2372 1802 2445 ῥίπτε-

197 2458 320 2508 σθαι
380 2463 492 2517 τοῐς
551 2462 759 2531 χοίροις
807 2462 927 2520 τοῦς
981 2464 1329 2533 μαργαρίτας.
1368 2465 1467 2512 Καὶ
1521 2463 1800 2532 ταῦταμὲν

192 2544 264 2607 εἰς
299 2553 579 2599 τοσοῦτον.
637 2554 725 2598 Σοι
777 2543 855 2617 δὲ,
910 2547 954 2599 εἰ
982 2550 1072 2619 μὶν
1101 2547 1400 2621 ἀρκοῦντως
1427 2552 1537 2620 ἔχει
1562 2551 1628 2600 τὰ
1658 2549 1799 2623 εἰρη-

189 2638 339 2707 μένα,
390 2642 549 2687 τοῦτο
607 2640 767 2708 πέρας
804 2639 939 2689 ἔστω
996 2645 1090 2689 τοῦ
1139 2643 1257 2712 περὶ
1306 2641 1499 2690 τούτων
1529 2638 1706 2709 λόγον.
1742 2638 1801 2692 Εἰ

190 2719 251 2775 δί
316 2722 539 2785 ιλλιπῶς
593 2726 734 2794 ἔχειν
787 2720 951 2793 δόξει,
1008 2727 1193 2797 φθόνος
1276 2722 1451 2786 οὐδεὶς
1515 2724 1800 2798 φιλοπόνως

190 2809 621 2886 προσεδρεύοντα
664 2821 727 2886 τῇ
780 2815 1022 2882 ζητήσει,
1082 2811 1157 2867 δι’
1209 2814 1504 2888 ἐρωτήσεως
1542 2814 1798 2888 ἀφιλονεί-

189 2922 283 2954 κου
327 2904 676 2976 προστιθέναι
695 2910 757 2975 τῇ
791 2910 1007 2975 γνώσει.
1047 2910 1210 2957 Δώσει
1257 2904 1359 2979 γὰρ
1387 2906 1412 2956 ό
1444 2908 1634 2978 Κύριος
1662 2905 1691 2963 ἦ
1726 2902 1799 2957 δι’

189 2994 361 3064 ἡμῶν,
415 2991 447 3049 ᾖ
504 2988 574 3043 δι’
623 2991 807 3065 ἐτέρων
865 2993 998 3065 (44),
1044 3002 1143 3045 τῶν
1198 2993 1505 3066 λειπομένων
1543 2997 1634 3052 τήν
1663 2993 1798 3052 πλή-

185 3098 355 3154 ρωσιν
422 3083 565 3132 κατὰ
612 3086 709 3139 τήν
762 3080 1249 3155 ἑπιχορηγουμένην
1298 3089 1405 3144 τοῖς
1444 3080 1610 3146 ἀξίοις
1639 3082 1798 3135 αὑτοῦ
1829 3122 1868 3176 C

187 3178 388 3240 γνῶσιν
417 3171 522 3223 ὑπὸ
547 3188 640 3222 τοῦ
664 3173 981 3244 Πνεῦματος.

264 3526 318 3563 ³⁸
353 3527 375 3582 ι
405 3527 537 3582 Cor.
569 3542 691 3591 xm,
736 3530 788 3582 5.
868 3528 915 3563 "
940 3528 1090 3586 Dan.
1122 3544 1206 3593 ιιι,
1240 3530 1319 3586 l2.

264 3704 386 3771 (41)
420 3704 699 3761 Ἀνθείλιιε.
741 3706 838 3761 Sic
858 3721 1001 3761 mss.
1024 3704 1286 3763 codices.
1312 3705 1459 3761 Editi
1482 3705 1695 3759 ἀνθεῑλι.

264 3777 381 3843 (42)
405 3775 633 3834 Εὐσεϐῆ.
672 3777 767 3833 Sic
805 3792 1020 3832 omnes
1052 3777 1241 3832 nostri
1271 3778 1511 3833 codices
1542 3777 1806 3848 exceptis

191 3847 634 3926 tamen-Regio
651 3848 1002 3926 secundoet
1024 3848 1444 3926 Qolbertinoin
1460 3847 1807 3926 quibusde-

193 3917 589 3991 mutaliquot
610 3920 773 3976 folia.
800 3923 1018 3977 Contra
1041 3920 1099 3974 in
1112 3917 1802 3991 editislegebaturatazSﬁ.

264 3992 377 4059 (45)
412 3990 697 4044 amovet».
728 3994 907 4048 Deest
930 4006 1001 4047 ea
1028 4006 1143 4047 vox
1164 3991 1227 4046 in
1270 3996 1533 4064 quatuor
1557 3990 1671 4046 illis
1712 4005 1809 4045 co-

1387 290 1589 344 LIBER
1630 290 1720 344 DE
1758 286 2034 343 SPlRlTU
2073 285 2366 342 SANCTO.

3458 285 3564 338 2l8

1979 415 2070 465 '79.
2101 410 2311 482 Itaque
2343 410 2589 481 propter
2616 407 2729 463 has
2763 422 2977 463 omnes
3012 422 3227 463 causas
3261 406 3567 462 silendum

1910 503 2059 562 erat,
2090 497 2201 553 sed
2234 498 2295 553 in
2315 496 2632 582 Odiversam
2688 502 2920 567 partem
2978 497 3224 552 retraxit
3276 496 3562 563 charitas,

1908 603 2030 643 non
2050 602 2326 660 quierens
2358 586 2522 657 quod
2553 585 2743 657 ipsius
2769 590 2856 640 est
2879 586 2950 655 ’⁸,
2975 602 3044 640 ac
3060 585 3297 640 vincere
3318 585 3566 656 cupiens

1907 693 2153 733 omnem
2177 682 2519 747 temporum
2564 690 2634 729 ac
2665 690 2866 729 rerum
2920 674 3355 729 difﬁcultatem.
3409 674 3565 739 Quin

1908 765 2155 838 etpueri
2184 764 2288 837 qui
2310 764 2550 819 fuerunt
2578 764 2637 817 in
2672 762 3004 834 Babylonia
3035 762 3372 818 docuerunt
3426 778 3561 829 nos,

1907 854 2144 910 etiamsi
2188 870 2371 909 nemo
2422 853 2497 907 sit
2529 853 2632 924 qui
2686 850 2892 924 pietati
2948 851 3326 919 suﬁ‘ragetur,
3360 856 3565 906 tamen

1906 944 2187 1017 privatim
2239 942 2406 1015 quod
2469 941 2654 996 officii
2710 941 2901 995 nostri
2968 943 3059 995 est
3086 954 3375 1011 peragere
3416 938 3567 1011 :qui

1906 1033 2155 1106 quidem
2210 1047 2285 1089 ex
2336 1031 2615 1087 incendio
2658 1030 2858 1085 medio
2926 1028 3228 1084 canebant
3300 1027 3566 1099 hymnos

1909 1120 2050 1188 Deo,
2103 1121 2271 1177 haud
2324 1124 2673 1192 reputantes
2735 1117 3185 1173 multitudinem
3238 1130 3570 1186 aspernan-

1908 1210 2057 1267 tium
2115 1210 2450 1277 veritatem,
2504 1208 2610 1262 sed
2668 1207 2781 1261 sibi
2848 1207 3107 1261 invicem
3176 1202 3563 1268 sufficientes,

1907 1315 2046 1355 cum
2096 1302 2296 1354 essent
2355 1302 2472 1352 tres
2493 1298 2565 1351 ’9.
2610 1297 2989 1366 Quapropter
3043 1309 3115 1347 ne
3165 1308 3277 1347 nos
3312 1290 3562 1363 quidem

1907 1387 2191 1443 deterruit
2242 1385 2507 1442 hostium
2566 1384 2782 1448 nubes,
2840 1382 2946 1437 sed
3001 1381 3122 1437 ﬁxa
3162 1396 3268 1452 spe
3328 1379 3562 1450 inprae-

1909 1477 2063 1533 sidio
2092 1476 2363 1548 Spiritus,
2410 1490 2546 1529 cum
2603 1472 2769 1529 omni
2814 1470 3042 1526 ﬁducia
3094 1469 3407 1525 veritatem
3457 1482 3565 1523 an-

1906 1566 2343 1622 nuntiavimus.
2374 1563 2611 1635 Alioqui
2646 1562 2795 1617 foret
2831 1560 3107 1616 omnium
3128 1557 3558 1625 miserrimum,

1907 1673 2012 1713 eos
2035 1657 2137 1729 qui
2164 1654 2450 1711 conviciis
2495 1654 2803 1708 incessunt
2846 1651 3154 1722 Spiritum,
3213 1653 3337 1703 tam
3391 1645 3563 1702 facile

1910 1747 2202 1805 adversus
2237 1744 2403 1816 piam
2435 1742 2773 1798 doctrinam
2810 1739 3016 1795 animo
3047 1737 3243 1793 efferri
3274 1752 3344 1792 ac
3399 1736 3561 1792 inso-

1908 1837 2313 1893 lescereznos
2362 1848 2504 1888 vero
2552 1831 2655 1904 qui
2713 1832 2893 1885 talem
2938 1827 3238 1883 habemus
3269 1829 3563 1898 protecto-

1906 1942 2034 1983 rem
2091 1940 2163 1982 ac
2212 1928 2561 1995 patronum,
2630 1936 2754 1975 non
2804 1918 3027 1974 audere
3066 1916 3404 1972 doctrinam
3447 1918 3560 1969 tra-

1907 2016 2071 2084 dere,
2127 2030 2263 2086 quze
2315 2028 2388 2068 ex
2414 2014 2721 2079 majorum
2750 2006 3072 2063 traditione
3108 2008 3401 2077 perpetua
3432 2017 3557 2056 me-

1908 2102 2113 2158 moriae
2143 2101 2292 2157 serie
2322 2098 2401 2155 ad
2434 2114 2545 2153 nos
2576 2111 2768 2168 usque
2797 2098 3034 2149 servata
3059 2093 3191 2148 fuit.
3245 2089 3427 2161 Magis
3481 2092 3568 2143 ta-

1908 2207 2047 2248 men
2094 2189 2375 2247 excitavit
2420 2187 2717 2259 impetum
2761 2189 3038 2240 nostrum
3094 2182 3307 2252 igneus
3375 2176 3565 2233 chari-

1908 2281 2043 2337 tatis
2089 2284 2207 2335 ture
2258 2293 2381 2334 non
2428 2276 2582 2331 fictae
2639 2274 2857 2337 fervor,
2918 2284 3280 2341 morumque
3317 2272 3560 2322 tuorum

1909 2368 2174 2441 gravitas
2205 2384 2274 2423 ac
2306 2363 2681 2423 taciturnitas
2711 2378 2885 2435 ;quze
2903 2376 2997 2416 res
3021 2354 3565 2432 spondebantfore,

1908 2464 1972 2513 ut
2008 2473 2077 2513 ea
2104 2474 2236 2530 quae
2268 2454 2482 2510 dicturi
2515 2468 2786 2509 essemus
2819 2466 2939 2506 non
2970 2448 3283 2521 prodirent
3326 2445 3388 2499 in
3441 2442 3569 2497 vul-

1910 2564 2021 2618 gus
2063 2563 2075 2601 :
2111 2561 2235 2601 non
2264 2543 2429 2617 quod
2455 2543 2641 2611 digna
2674 2542 2788 2596 sint
2820 2556 2952 2612 quae
2983 2537 3269 2599 celentur,
3332 2532 3439 2587 sed
3490 2546 3567 2586 ne

1908 2635 2252 2705 margaritae
2312 2633 2705 2706 projiciantur
2756 2628 2979 2700 porcis.
3022 2629 3088 2681 Et
3134 2626 3264 2680 haec
3320 2620 3569 2694 quidem

1907 2726 2217 2781 hactenus.
2252 2721 2427 2788 Quod
2458 2722 2507 2776 si
2543 2720 2647 2776 tibi
2681 2719 2755 2774 de
2786 2719 2879 2774 his
2920 2716 3061 2771 satis
3118 2714 3347 2768 dictum
3395 2709 3566 2765 vide-

1909 2819 2024 2883 tur,
2069 2812 2146 2866 sit
2179 2811 2275 2867 hic
2315 2809 2613 2865 sermonis
2648 2807 2824 2862 ﬁnis:
2861 2806 2954 2861 sin
2994 2803 3216 2869 minus,
3253 2798 3424 2855 nulla
3472 2797 3567 2852 in-

1906 2903 2074 2959 vidia
2123 2906 2231 2962 est.
2283 2899 2551 2955 studiose
2590 2896 2952 2951 insidentem
3008 2887 3396 2961 inquisitioni,
3454 2900 3562 2957 per

1907 2989 2444 3059 interrogationem
2495 3003 2529 3042 a
2583 2982 2963 3041 contentione
3016 2980 3278 3035 alienam
3335 2970 3568 3045 aliquid

1910 3082 2135 3137 addere
2167 3077 2515 3149 cognitioni.
2552 3073 2726 3130 Dabit
2754 3072 2915 3127 enim
2949 3067 3241 3125 Dominus
3303 3068 3405 3119 aut
3461 3076 3569 3139 per

1908 3187 2021 3226 nos
2074 3174 2179 3225 aut
2232 3183 2339 3239 per
2395 3165 2562 3235 alios,
2621 3177 2835 3218 eorum
2864 3175 3001 3231 quae
3033 3156 3249 3211 desunt
3302 3149 3565 3222 comple-

1907 3263 2203 3323 mentum,
2226 3257 2402 3327 juxta
2434 3251 2752 3309 scientiam
2769 3264 2904 3323 quae
2929 3246 3128 3318 dignis
3150 3239 3569 3299 subministra-

1908 3354 2005 3405 tur
2033 3364 2069 3405 a
2100 3346 2342 3419 Spiritu.

1912 3702 2150 3759 dicibus
2179 3718 2193 3767 ;
2218 3699 2305 3755 sic
2333 3702 2538 3754 tamen
2568 3697 2719 3767 utin
2745 3709 2849 3749 ora
2877 3690 3041 3760 Regii
3081 3686 3293 3767 quarti.
3311 3684 3566 3767 legatur.

2247 3768 2340 3845 δι’-
2371 3772 2538 3845 ὴμῶν,
2567 3770 2596 3827 ἦ
2629 3765 2700 3845 dt’
2730 3754 3078 3845 ifép?y.’[\‘la
3100 3754 3297 3845 h9§tri
3328 3754 3569 3845 eddices

1914 3825 2263 3901 mSS:IEditi
2310 3825 2600 3913 δι’-’ἠμῶν,
2632 3825 2896 3913 ᾖ-καίδΰ
2928 3834 3129 3913 ἐτέρων.
3163 3832 3291 3885 MOX
3317 3825 3441 3881 duo
3472 3839 3567 3879 CO-

1912 3916 2077 3973 dices
2104 3922 2201 3967 τὼν
2241 3909 2539 3978 λειπόντων,
2595 3910 2693 3967 alii
2720 3909 2841 3965 duo
2871 3915 2970 3959 τῶν
3002 3909 3212 3956 λοιπῶν,
