4102 6194
247 279 354 334 221

1313 282 1800 339 EPISTOLARUM
1841 282 2124 340 CLASSIS
2164 285 2204 337 Ι.
2251 284 2470 338 EPIST.
2521 284 2563 338 1.

3521 286 3628 339 222

246 404 614 476 Ἐλλησποντῳ
674 405 840 470 πόλιν,
907 407 978 467 ὡς
1029 403 1202 467 οὐδεὶς
1262 403 1556 469 Ὀδυσσεὺς
1610 387 1859 482 Σειρήνων

1975 411 2134 462 sunt.
2175 405 2432 462 Praeterii
2462 410 2663 462 autem
2706 407 2882 463 citius
2921 407 3284 481 Hellesponti
3316 408 3620 465 civitatem

248 493 400 565 μέλη.
467 499 568 547 Καὶ
635 499 730 553 τήν
781 495 965 548 Ἀσίαν
1019 494 1295 567 ἐθαύμασα
1357 499 1466 568 μὲν,
1514 500 1640 570 πρὸς
1681 493 1739 549 δὲ
1767 501 1862 555 τὴν

248 584 576 676 μητρόπολιν
650 586 762 653 (47)
835 595 932 637 τῶν
998 584 1044 636 ἐν
1115 585 1244 657 αὐτῇ
1320 586 1486 638 καλῶν
1545 587 1858 658 ἠπειγόμην.

269 679 396 728 Επεὶ
439 671 496 726 δὲ
536 674 816 728 κατέλαϐον
856 679 947 732 τὴν
998 672 1254 750 πατρίδα,
1296 681 1386 728 καὶ
1435 695 1491 728 σε
1539 675 1587 728 ἐν
1628 677 1758 749 αὐτῇ
1801 679 1860 728 τὸ

251 767 390 835 μέγα
433 762 612 832 ὄφελος
665 764 902 824 ζητήσας
945 765 1050 835 οὐχ
1095 765 1261 838 εὗρον,
1296 765 1523 818 ἐνθεῡθέν
1566 785 1655 838 μοι
1683 765 1859 818 λοιπὸν

252 855 309 902 αἱ
349 852 538 904 πολλαὶ
582 858 673 904 καὶ
724 853 956 905 ποικίλαι
995 852 1226 927 ἀφορμαὶ
1276 863 1374 906 τῶν
1421 851 1696 912 ἀδοκήτων
1741 854 1858 907 ἐπι-

249 947 501 1012 γεγόνασι
549 942 885 1014 κωλνμάτων.
928 943 993 994 ⁴Η
1045 945 1146 1018 γὰρ
1196 943 1426 996 ἀσθενεῖν
1478 945 1684 1004 πάντως
1728 940 1854 1014 ἔδει,

252 1036 346 1083 καὶ
385 1028 480 1083 διὰ
525 1039 680 1084 τοῦτο
739 1030 1131 1085 ἀπολείπεσθαι·
1183 1034 1211 1091 ἦ
1273 1031 1356 1085 ἐπὶ
1401 1038 1493 1091 τὴν
1536 1033 1662 1104 ἑῴαν
1690 1030 1858 1106 βαδί-

254 1121 401 1180 ζοντι
444 1126 782 1196 συναπαίρειν
816 1126 886 1194 μὴ
927 1118 1207 1174 δύνασθαι·
1242 1121 1336 1193 ὀψὲ
1386 1119 1445 1174 δέ
1491 1142 1614 1175 ποτε
1652 1128 1858 1196 μυρίοις

254 1215 430 1270 πόνοις
478 1216 572 1268 τὴν
624 1215 813 1284 Συρίαν
867 1210 1251 1276 καταλαϐόντα,
1291 1211 1384 1263 οὐκ
1439 1215 1578 1282 ἔχειν
1633 1221 1860 1264 συνεῖναι

255 1307 331 1368 τῷ
381 1299 642 1371 φιλοσόφῳ
691 1303 820 1372 πρὸς
871 1299 1183 1371 Αἰγυπτίους
1233 1299 1511 1376 ἁπάραντι.
1565 1301 1725 1353 Πάλιν
1772 1298 1860 1353 οὖν

256 1385 367 1440 ἔδει
409 1385 725 1459 Αἲγνπτὸνδ’
781 1389 907 1440 ἰέναι
963 1391 1097 1460 (48),
1158 1387 1384 1462 δολιχὴν
1433 1387 1556 1442 ὁδὸν
1607 1389 1860 1466 ἀργαλέην

258 1495 332 1531 τε·
383 1481 473 1529 καὶ
510 1475 626 1530 οὐδ’
672 1477 894 1530 ἐνταῦθα
950 1482 1006 1530 τὸ
1068 1476 1495 1552 σπουδαζόμενον
1527 1482 1687 1551 ἔχειν.
1723 1479 1860 1532 Ἀλλ’

253 1571 394 1621 οὕτω
449 1566 678 1641 δύσερως
726 1567 808 1634 ἦν,
842 1572 976 1622 ὥστε
1005 1571 1033 1628 ἢ
1083 1575 1176 1628 τὴν
1224 1569 1308 1622 ἐπὶ
1357 1574 1559 1643 Πέρσας
1617 1567 1860 1643 βαδίζειν

252 1654 386 1726 ἔδει,
427 1664 518 1711 καὶ
558 1663 903 1734 συμπροῖέναι
931 1659 996 1719 εἰς
1036 1661 1117 1711 ὄτι
1161 1665 1420 1731 μήκιστον
1451 1669 1545 1720 τῆς
1579 1658 1860 1735 βαρϐάρων

253 1747 434 1814 (ἦλθες
479 1750 582 1821 γὰρ
646 1744 715 1806 δὴ
775 1747 1005 1801 κάκεῖσε·
1057 1751 1289 1806 τοσαύτη
1345 1767 1421 1809 τις
1465 1746 1526 1806 ἦν
1579 1749 1862 1821 φίλονεικία
1892 1764 1931 1816 Β

249 1844 349 1886 τοῦ
399 1833 696 1908 δαίμονος),
758 1838 787 1896 ᾖ
845 1837 1002 1889 αὐτοῦ
1032 1839 1302 1896 καθῆσθαι
1340 1836 1422 1889 ἐπὶ
1452 1846 1545 1899 τῆς
1578 1840 1691 1905 (49)
1720 1838 1859 1891 Ἀλι-

249 1922 505 2000 ξάνδρου,
539 1927 660 2001 ὅπερ
705 1925 794 1978 οὖν
836 1931 926 1978 καὶ
958 1925 1169 1985 συνέϐη.
1213 1933 1354 1979 Δοκῶ
1397 1913 1498 2002 γάρ
1539 1947 1650 1999 μοι,
1685 1927 1858 2000 εἰμὴ,

251 2017 432 2088 ὥσπερ
496 2036 548 2066 τι
611 2018 834 2090 θρέμμα,
910 2015 1076 2088 Θαλλῷ
1148 2013 1566 2091 προδεικνυμένῳ
1621 2017 1862 2090 ἑπόμενος

239 2103 617 2193 μπηγορενσα,
677 2105 910 2158 ἐπέκεινα
956 2108 1017 2158 ἄν
1072 2126 1129 2159 σε
1182 2107 1296 2178 (50)
1335 2112 1424 2159 καὶ
1490 2111 1714 2169 Νύσσης
1769 2116 1862 2168 τῆς

262 2191 479 2255 Ινδικῆς
527 2195 686 2248 ἐλθεῖν
733 2194 1003 2268 ἀγόμενον,
1055 2201 1144 2248 καὶ
1177 2199 1294 2248 εἴτι
1334 2199 1560 2268 ἔσχατον
1605 2205 1700 2258 τῆς
1743 2182 1861 2250 καθ’

250 2287 395 2356 ἡμᾶς
433 2285 740 2356 οἰκουμένης
787 2290 1006 2357 χωρίον,
1061 2289 1150 2337 καὶ
1205 2288 1374 2357 τούτῳ
1429 2285 1859 2345 ἐπιπλανηθῆναι,

251 2378 363 2424 Καὶ
410 2378 461 2424 τί
508 2369 594 2424 δεῖ
632 2376 697 2424 τὰ
745 2372 908 2425 πολλὰ
935 2374 1098 2445 λέγειν
1136 2391 1148 2440 ;
1184 2373 1340 2427 Ἀλλὰ
1369 2379 1426 2426 τὸ
1456 2374 1748 2428 τελευταῖον
1773 2383 1861 2427 νῦν

250 2458 341 2512 ἐπὶ
382 2469 476 2521 τῆς
518 2458 778 2535 πατρίδος
823 2461 936 2531 (51)
986 2458 1229 2533 διάγοντι
1273 2465 1619 2533 συγγενέσθαι
1649 2464 1743 2515 οὐκ
1776 2464 1860 2526 ἐξ-

251 2554 477 2620 εγένετο,
534 2557 762 2623 μακραῖς
823 2549 1142 2624 ἆρῥωστίαις
1193 2550 1550 2625 ἐξειργομένῳ·
1611 2556 1667 2604 αῖ
1705 2553 1856 2625 εἰμὴ

247 2647 348 2690 τοῦ
377 2659 436 2710 γε
461 2639 642 2692 λοιποῦ
666 2646 1007 2714 μετριώτεραι
1035 2645 1284 2712 γένοιντο,
1317 2637 1441 2693 οὐδὲ
1471 2644 1603 2693 κατὰ
1632 2646 1718 2694 τόν
1744 2661 1860 2713 χει-

248 2739 404 2800 μῶνα
456 2736 517 2800 τῇ
562 2729 830 2799 λογιότητί
888 2749 981 2782 σου
1032 2731 1374 2802 συνεσόμεθα.
1425 2737 1605 2782 Ταντα
1647 2731 1753 2802 οὐχ
1797 2730 1866 2783 εἰ·

250 2822 525 2891 μαρμένης
582 2820 724 2892 ξογα,
794 2821 861 2880 ὡς
915 2818 974 2870 ἀν
1031 2819 1185 2880 αὐτὸς
1237 2823 1400 2879 εἴποις
1461 2836 1474 2885 ;
1544 2827 1712 2872 ταῦτα
1769 2819 1862 2872 οὐκ

255 2907 491 2979 ἀνάγκης
534 2925 547 2975 ;
608 2915 774 2960 ταῦτα
824 2909 972 2981 οὐχὶ,
1024 2916 1214 2983 μικροῦ
1265 2905 1394 2976 δεῖν,
1449 2914 1536 2961 καὶ
1580 2914 1701 2971 τοὺς
1762 2918 1862 2962 τῶν

250 3006 487 3055 ποιητῶν
559 2996 642 3050 ἐπὶ
713 2998 959 3068 Ταντάλῳ
1025 3001 1222 3071 μύθούς
1288 2997 1626 3074 ὑπερεϐάλετο
1676 3000 1784 3068 (52)
1847 3017 1860 3066 ;

249 3087 387 3139 Ἀλλ’
445 3089 568 3160 ὅπερ
632 3090 775 3159 ἔφην,
823 3089 961 3161 ῥάων
1004 3095 1192 3159 γέγονα
1233 3096 1343 3148 τοῖς
1397 3107 1698 3162 γραμμασι,
1769 3093 1861 3140 καὶ
1901 3119 1940 3173 C

252 3178 433 3228 οὐκέτι
487 3176 567 3228 ἐπὶ
622 3186 717 3237 τῆς
769 3177 934 3240 αὐτῆς
983 3177 1088 3250 εἰμι
1138 3182 1370 3249 γνώμης.
1435 3183 1575 3249 Φημὶ
1621 3173 1679 3230 δὲ
1717 3186 1865 3251 χρῆ-

253 3287 341 3318 ναι
370 3267 506 3338 (53),
542 3262 747 3319 διδόντι
792 3269 881 3338 μὲν
919 3269 981 3318 τὰ
1013 3265 1184 3338 ἀγαθὰ
1207 3275 1278 3336 τῷ
1310 3274 1423 3336 Θεῷ
1452 3268 1616 3340 χάριν
1648 3263 1862 3334 εἰδέναι,

257 3362 612 3429 ταμιευομένῳ
659 3353 717 3408 δε
769 3361 840 3428 μὴ
905 3353 1296 3429 δυσχεραίνειν.
1349 3360 1449 3408 Καὶ
1499 3352 1566 3414 δὴ
1624 3351 1710 3407 οὖν
1773 3361 1864 3408 καὶ

257 3450 384 3519 ἡμῖν
415 3447 458 3498 εἰ
508 3450 599 3518 μὲν
625 3448 964 3518 παράσχοιτο
994 3447 1108 3514 (54)
1152 3449 1378 3498 συνεῖναί
1410 3464 1512 3512 σοι,
1548 3446 1696 3497 ταῦτ’
1738 3447 1861 3520 ἄρι-

263 3538 363 3586 στά
413 3554 470 3586 τε
524 3537 656 3606 ὁμοῦ
713 3539 804 3584 καὶ
867 3530 1065 3592 ἣδιστα
1121 3535 1456 3604 ἡγησόμεθαο
1507 3533 1550 3585 εἰ
1582 3529 1640 3585 δὲ
1672 3532 1862 3585 ἀναϐά-

260 3623 421 3690 λοιτο,
466 3626 645 3696 πράως
698 3627 907 3695 οἴσομεν
953 3627 1048 3680 τὴν
1093 3622 1306 3694 ζημίαν.
1355 3620 1592 3694 ’Ἄμεινον
1628 3625 1730 3696 γὰρ
1765 3641 1860 3674 που

261 3715 486 3780 πάντως,
518 3715 548 3771 ἠ
610 3715 680 3773 ὡς
731 3711 792 3763 ἂν
842 3714 988 3784 ἡμεῖς
1041 3710 1543 3784 προελοίμεθα(5ὅ),
1581 3707 1772 3763 διοικεῖ
1796 3713 1864 3762 τὰ

259 3806 506 3876 ἡμέτερα.

1971 511 2158 568 quam
2178 495 2503 568 quisquam
2536 495 2769 566 Ulysses
2789 496 3062 552 Sirenum
3092 502 3324 553 cantus.
3341 500 3407 553 Et
3422 497 3627 554 Asiam

1970 584 2213 656 quidem
2239 584 2574 640 admiratus
2602 601 2737 640 sum
2763 604 2776 651 ;
2813 587 2919 640 sed
2943 586 3021 642 ad
3039 586 3366 655 bonorum,
3396 603 3533 658 quae
3563 587 3626 642 in

1969 689 2041 728 ea
2084 679 2243 742 sunt,
2287 671 2667 744 metropolim
2707 674 3132 745 properabam.
3168 678 3492 746 Postquam
3516 690 3625 730 au-
3671 719 3679 725 κ

1939 749 2089 818 ’ῐθω
2122 762 2257 817 veni
2303 763 2363 818 in
2407 761 2686 832 patriam,
2736 766 2911 834 teque
2963 762 3180 832 ingens
3210 763 3447 818 lucrum
3468 763 3530 819 in
3555 779 3628 820 ea

1968 851 2290 923 quaesitum
2310 867 2429 906 non
2448 851 2650 906 inveni
2669 851 2838 918 ;hinc
2864 852 2983 922 70
3004 851 3150 906 mihi
3173 851 3458 923 deinceps
3475 852 3628 908 mul-

1970 945 2040 996 tae
2074 940 2375 1012 variaeque
2392 940 2742 996 occasiones
2764 940 3216 1012 inopinatorum
3235 940 3465 996 obortae
3487 929 3628 996 sunt

1966 1029 2561 1101 impedimentorum.
2594 1028 2693 1084 Vel
2730 1029 2890 1084 enim
2924 1028 3344 1099 aegrotandum
3380 1043 3629 1100 prorsus

1968 1117 2096 1186 fuit,
2144 1123 2320 1190 teque
2359 1117 2582 1174 idcirco
2614 1117 2986 1184 carendum;
3019 1117 3115 1172 vel
3138 1133 3395 1186 ,necesse
3426 1116 3534 1172 fuit
3573 1121 3628 1172 te

1969 1224 2108 1263 curn
2154 1207 2414 1263 abeunte
2467 1207 2528 1262 in
2578 1207 2877 1262 Orientem
2925 1206 3227 1278 proficisci
3267 1222 3391 1262 non
3421 1221 3620 1278 posse,

1970 1301 2026 1352 et
2054 1313 2195 1352 cum
2227 1295 2474 1352 tandem
2504 1295 2833 1368 aliquando
2858 1295 3192 1351 innumeris
3222 1295 3538 1352 laboribus
3561 1295 3625 1349 in

1970 1386 2205 1458 Syriam
2262 1384 2696 1457 pervenissem,
2754 1384 3122 1456 philosophi,
3183 1385 3289 1456 qui
3342 1386 3402 1440 in
3443 1385 3624 1456 Egy-

1971 1481 2141 1548 ptum
2177 1473 2425 1542 abierat,
2458 1489 2856 1542 congressum
2895 1489 3019 1529 non
3071 1473 3338 1545 assequi.
3399 1475 3627 1528 Rursus

1969 1564 2148 1633 igitur
2194 1563 2706 1636 proﬁciscendum
2741 1562 2850 1618 fuit
2887 1563 2948 1617 in
2979 1565 3326 1634 Egyptum,
3359 1561 3542 1631 longo
3571 1568 3627 1618 et

1970 1654 2198 1710 diﬂicili
2249 1655 2477 1724 itinere,
2518 1669 2587 1708 ac
2625 1669 2699 1708 ne
2739 1653 2856 1708 illic
2887 1652 3134 1724 quidem
3166 1652 3626 1724 assequendum

1969 1744 2137 1818 quod
2167 1749 2292 1800 erat
2321 1746 2382 1799 in
2410 1742 2651 1816 optatis.
2685 1741 2800 1798 Sed
2846 1747 2967 1798 tam
2998 1742 3262 1798 infausto
3293 1757 3500 1797 amore
3534 1757 3628 1798 ca-

1968 1834 2200 1908 piebar,
2239 1839 2302 1889 ut
2353 1836 2459 1889 aut
2499 1831 2578 1887 ad
2618 1831 2834 1887 Persas
2877 1830 3149 1886 eundum
3182 1830 3326 1886 mihi
3357 1834 3538 1899 esset,
3570 1835 3629 1887 et

1969 1923 2048 1979 ad
2070 1926 2368 1978 extremos
2380 1936 2575 1991 usque
2594 1919 2890 1976 barbaros
2919 1918 3100 1974 simul
3119 1917 3627 1991 proﬁciscendum

1970 2011 2294 2083 (siquidem
2330 2009 2476 2065 illud
2513 2008 2694 2063 etiam
2716 2023 2968 2063 veneras
3026 2025 3038 2062 :
3074 2023 3266 2079 usque
3293 2005 3448 2061 adeo
3470 2005 3630 2062 obsi-

1971 2102 2166 2158 stebat
2213 2101 2502 2166 daemon),
2545 2104 2650 2154 aut
2690 2098 2787 2153 hic
2827 2096 3155 2153 sedendum
3198 2095 3573 2152 Alexandria:
3611 2113 3624 2150 :

1969 2191 2033 2246 id
2062 2190 2228 2264 quod
2259 2194 2316 2245 et
2368 2188 2633 2258 contigit.
2693 2190 2837 2243 Puto
2890 2187 3050 2242 enim
3081 2186 3195 2241 nisi
3235 2185 3485 2258 pecudis
3531 2184 3625 2240 in-
3705 2191 3724 2207 ’

1971 2283 2094 2336 star
2117 2281 2649 2352 preemonstratum
2675 2291 2916 2331 ramum
2936 2273 3247 2346 sequendo
3267 2272 3632 2343 defatigatus

1971 2385 2192 2438 essem,
2246 2368 2516 2423 futurum
2564 2365 2747 2421 fuisse
2790 2370 2855 2420 ut
2880 2364 2973 2419 vel
3001 2363 3157 2419 ultra
3189 2367 3444 2434 Nyssam
3472 2361 3628 2418 lndi-

1971 2476 2104 2516 cam
2135 2463 2304 2513 actus
2333 2471 2637 2530 pergeres,
2671 2471 2741 2510 ac
2773 2454 2819 2509 si
2841 2453 2976 2526 quis
3006 2459 3310 2509 extremus
3340 2451 3504 2508 orbis
3523 2467 3629 2508 no-

1971 2549 2073 2604 stri
2113 2547 2302 2618 locus,
2343 2546 2404 2601 in
2454 2561 2525 2601 eo
2576 2544 2758 2600 etiam
2805 2559 3056 2600 errares.
3097 2542 3212 2597 Sed
3263 2540 3410 2613 quid
3439 2541 3634 2596 multa

1971 2655 2125 2712 opus
2175 2631 2263 2694 est
2310 2635 2530 2693 referre
2556 2636 2583 2690 ?
2633 2638 2800 2690 Nunc
2841 2638 3153 2706 postremo
3176 2648 3314 2688 cum
3346 2632 3406 2687 in
3438 2631 3633 2704 patria.

1971 2727 2248 2796 verseris,
2325 2732 2521 2780 tecum
2583 2739 2718 2779 esse
2799 2739 2923 2778 non
2978 2720 3248 2792 contigit,
3323 2736 3394 2776 eo
3464 2718 3634 2792 quod

1970 2815 2269 2873 diuturnis
2319 2813 2550 2870 morbis
2603 2812 2874 2868 detinear
2926 2832 2938 2867 :
2990 2812 3095 2883 qui
3151 2809 3266 2865 nisi
3347 2809 3633 2880 deinceps

1971 2906 2238 2962 mitiores
2284 2903 2454 2969 ﬁant,
2503 2917 2578 2957 ne
2622 2902 2684 2956 iu
2709 2900 2905 2956 hieme
2953 2899 3202 2971 quidem
3244 2896 3632 2969 prudentiam

1972 2999 2140 3052 tuam
2196 2991 2661 3048 conveniemus.
2733 2993 2903 3055 Haec,
2960 3002 3192 3060 quaeso,
3238 3001 3442 3040 nonne
3492 2988 3634 3060 sunt

1972 3099 2158 3156 opera
2211 3081 2337 3150 fati,
2387 3081 2470 3136 uti
2520 3084 2581 3135 tu
2633 3077 2908 3133 dixeris?
2950 3055 3152 3132 n-onne
3205 3055 3630 3129 necessitatis'?

1972 3173 2100 3228 haec
2148 3185 2352 3225 nonne
2406 3165 2854 3242 propemodum
2912 3167 3230 3236 poetarum
3251 3162 3326 3217 de
3375 3159 3624 3216 Tantalo

1971 3259 2215 3317 fabulas
2249 3255 2659 3330 superarunt?
2718 3253 2856 3323 Sed,
2891 3257 2953 3309 ut
2984 3251 3128 3320 dixi,
3176 3267 3250 3307 ex
3278 3250 3491 3306 litteris
3516 3248 3633 3305 tuis

1973 3350 2188 3406 melius
2219 3363 2313 3404 me
2344 3346 2552 3414 habui,
2579 3359 2689 3400 nec
2712 3344 2841 3414 jam
2872 3340 3134 3413 amplius
3159 3340 3219 3395 in
3251 3339 3465 3396 eadem
3496 3353 3632 3394 sum

1973 3436 2288 3494 sententia.
2342 3437 2567 3491 Censeo
2614 3436 2817 3487 autem
2854 3434 3130 3501 oportere
3172 3430 3291 3483 Deo
3327 3426 3492 3482 bona
3516 3425 3632 3481 lar-

1973 3527 2152 3599 gienti
2185 3524 2406 3596 gratias
2445 3537 2643 3594 agere,
2688 3517 3155 3593 procrastiuanti
3177 3531 3320 3571 vero
3349 3531 3476 3571 non
3504 3530 3635 3570 suc-

1972 3631 2238 3672 censere.
2298 3615 2362 3668 Et
2415 3627 2582 3678 sane,
2637 3610 2686 3665 si
2745 3608 2921 3664 nobis
2977 3605 3210 3662 dederit
3241 3609 3439 3660 tecum
3471 3619 3623 3668 esse,

1972 3707 2204 3780 optima
2259 3704 2387 3758 haec
2433 3700 2731 3771 simulque
2769 3695 3213 3769 jucundissima
3245 3693 3630 3765 putabimus;

1971 3797 2020 3852 si
2072 3811 2201 3850 rem
2239 3792 2496 3876 ditferat,
2546 3789 2843 3845 damnum
2889 3785 3100 3840 leniter
3146 3783 3431 3839 feremus.
3482 3785 3633 3838 Nam

255 3893 474 3948 melius
499 3891 789 3964 profecto,
817 3907 1006 3964 quam
1028 3906 1140 3946 nos
1170 3889 1284 3962 ipsi
1311 3889 1525 3961 eligere
1557 3889 1886 3962 possimus,
1908 3891 2116 3943 nostra
2147 3881 2518 3938 moderatur.

325 4022 441 4085 (47)
488 4016 847 4089 Μητρόπολιν.
902 4014 1119 4089 Liquet
1147 4014 1357 4089 urbem
1388 4014 1449 4069 in
1480 4013 1858 4086 Hellesponto

252 4090 430 4145 sitam
454 4105 586 4144 esse
609 4086 1208 4158 Constantanpolim.
1243 4086 1615 4158 Asianautem
1640 4089 1859 4158 metro-

257 4162 445 4233 polim
484 4176 607 4215 non
649 4161 952 4233 Ephesum
981 4155 1215 4233 videtur
1243 4155 1860 4233 appellare_Basi_lius,

258 4227 364 4288 sed
398 4227 737 4288 Caesaream
762 4248 774 4295 ;
802 4230 943 4285 illuc
973 4230 1132 4284 enim
1166 4227 1365 4283 mente
1395 4234 1452 4283 et
1481 4228 1686 4282 animo
1715 4227 1862 4282 fere-

257 4305 470 4369 batur;
505 4303 602 4358 hic
625 4303 785 4358 illius
817 4302 928 4357 vite
958 4300 1133 4366 ﬁnis;
1173 4299 1399 4356 etdum
1428 4299 1590 4353 hunc
1629 4299 1682 4353 ei
1721 4299 1862 4354 titu-

256 4376 382 4431 lum
419 4375 625 4431 tribuit
653 4375 732 4429 ob
758 4389 960 4429 rerum
990 4372 1290 4426 bonarum
1316 4374 1691 4434 ornamenta,
1717 4370 1861 4424 satis

257 4447 485 4503 indicat
509 4447 646 4517 jure
674 4445 945 4500 debitum
970 4459 1096 4517 non
1108 4444 1322 4517 fuisse.
1359 4441 1537 4517 Paulo
1563 4447 1699 4512 post
1715 4440 1863 4517 legi:-

259 4535 396 4574 mus
431 4509 575 4574 cuin
614 4516 880 4588 antiquis
909 4513 1219 4588 codicibus
1246 4514 1354 4566 ἐπεὶ
1376 4509 1436 4564 δέ
1460 4509 1581 4585 pro
1598 4527 1670 4568 eo
1695 4509 1864 4584 quod

260 4592 439 4646 estin
473 4589 650 4645 editis
683 4584 864 4647 ὲπζιὸὴ
901 4584 978 4641 δὲ.

330 4665 450 4730 (48)
507 4656 828 4732 Αἴγυπτόνδ’
876 4659 1208 4732 ἰέναιη-Βιιο
1239 4653 1480 4711 codices
1507 4670 1658 4732 mss.
1681 4656 1862 4732 iit-ie-

259 4723 384 4785 πτὸν
415 4723 464 4784 é'
498 4723 649 4798 ίένάι,
676 4737 941 4799 quatuor
969 4729 1072 4784 alii
1120 4731 1382 4799 Αἵγνπτον
1421 4726 1649 4799 titiam.
1679 4723 1863 4780 Paulo

259 4810 396 4876 post
424 4796 643 4859 vocula
674 4796 742 4860 δή
769 4801 974 4876 addita
999 4816 1073 4876 ei;
1102 4796 1348 4876 dubbus
1365 4796 1677 4852 codicibus
1711 4811 1859 4876 mss.

332 4881 448 4945 (49)
483 4876 601 4928 Ἐπὶ
651 4884 764 4934 τῆς.
817 4872 965 4945 Editi
985 4873 1017 4945 ᾖ
1049 4871 1289 4945 ἑῙτὶΑτῇ-ς.Δ
1311 4872 1587 4945 Erratum
1619 4866 1861 4945 sustulif

259 4938 394 5001 mus
421 4938 782 5001 auctoritate
806 4942 1029 4999 codicis
1051 4940 1398 4997 Coisliniani
1426 4938 1781 5012 antiquioris
1811 4941 1867 4992 et

261 5017 586 5074 Harlteani.

328 5093 446 5152 (50)
477 5090 745 5142 Ἐπέκεινα
763 5088 823 5138 οἷν
857 5085 1041 5139 σε.8ἰο
1063 5082 1300 5139 codices
1330 5080 1562 5153 antiqui
1586 5083 1818 5153 septem
1849 5097 1862 5147 ;

260 5161 415 5217 male
451 5160 512 5215 in
546 5159 721 5215 editis
751 5157 979 5228 ἐπέκεινα
1007 5157 1067 5207 οἷν
1097 5174 1180 5228 με,
1207 5154 1372 5226 quod
1390 5151 1698 5209 sententia;
1728 5166 1865 5207 acu-

255 5250 392 5288 men
428 5247 684 5303 prorsus
717 5227 1002 5303 elidebat:

325 5292 443 5368 (515
496 5305 614 5356 Ἐπὶ
671 5309 765 5362 τῆς
813 5295 1109 5373 πατρίδοςτῄ
1155 5297 1246 5373 S_ic
1295 5292 1865 5373 duo__vetu_stiss‘imi

255 5365 512 5431 Codices
540 5365 944 5430 Coislinianus
977 5376 1032 5425 et
1062 5368 1394 5424 Medicaeus.
1423 5367 1514 5422 Sic
1545 5366 1727 5421 etiam
1753 5365 1862 5419 ha-

253 5447 382 5502 buit
439 5446 656 5518 prima
703 5459 890 5518 manu
939 5440 1091 5518 alius
1153 5438 1612 5518 antiquissimus
1649 5440 1866 5504 codex,

251 5520 392 5574 olim
418 5512 808 5573 bibliotheca:
836 5512 1357 5575 Harlmanas,nunc
1383 5512 1866 5577 Sangermanen-

254 5591 330 5645 sis
351 5608 429 5646 ex
458 5589 628 5644 dono
648 5583 1029 5641 illustrissimi
1056 5587 1301 5637 senatus
1319 5580 1607 5653 principis
1629 5577 1860 5653 llarlmi.

254 5663 458 5719 Codex
491 5658 871 5730 Anglicanus
895 5655 980 5708 ἐπὶ
994 5662 1089 5718 τῆς
1110 5654 1268 5714 αὐτῆς
1289 5647 1562 5726 «arma;
1579 5651 1642 5707 in
1660 5650 1864 5707 eadem

1966 4009 2193 4080 patria.
2231 4005 2381 4061 Editi
2409 4009 2465 4080 et
2487 4003 2585 4059 alii
2619 4018 2767 4056 mss.
2795 3999 2880 4080 ἐπὶ
2911 4007 2971 4058 τῆ
2987 3998 3406 4080 ςήαὖτῆςχῴρας,
3440 3996 3504 4051 in
3537 4010 3632 4051 ea-

1969 4071 2099 4137 dem
2122 4080 2378 4148 regione,
2409 4076 2471 4148 id
2494 4080 2605 4142 est,
2638 4089 2787 4148 cum_
2821 4073 2880 4126 in
2912 4071 3127 4127 eadem
3157 4071 3401 4148 regione
3429 4081 3634 4148 verse-

1970 4153 2071 4218 ris,
2122 4137 2242 4226 nec
2258 4137 2389 4220 jam
2422 4137 2626 4202 locum
2667 4161 2739 4225 ex
2774 4143 2908 4198 loco
2939 4148 3159 4226 mutes.
3203 4137 3633 4226 C’odex'gkngli-

1971 4215 2182 4288 canus,
2230 4215 2290 4275 in
2335 4235 2458 4291 quo
2485 4217 2874 4291 perspicuum
2907 4220 2995 4291 est
3026 4228 3235 4291 vocem
3257 4215 3514 4290 πατρίδος
3546 4224 3637 4263 as-

1972 4281 2180 4350 sutam'
2217 4281 2420 4353 fuisse,
2465 4281 2569 4344 dat
2617 4281 2978 4357 conjiciendi
3027 4283 3283 4357 copiam,
3322 4281 3635 4357 scripSISse

1976 4365 2256 4420 Basilium
2285 4361 2365 4413 ἐπὶ
2395 4369 2488 4421 τῆς
2523 4353 3118 4430 αὐτῆςξξιιρρὶρῃᾴο-
3146 4360 3329 4427 χώρας
3357 4369 3368 4380 ⁸
3401 4353 3459 4430 it]
3491 4365 3637 4430 [19.1.1-

1971 4436 2150 4492 nullis
2195 4439 2396 4489 autem
2443 4431 2612 4486 libris
2662 4421 2940 4484 additum
2976 4421 3394 4498 fuissevz'cb‘oazg,
3420 4423 3479 4477 in
3503 4421 3635 4498 aliis

1970 4489 2142 4570 vero,
2171 4521 2309 4560 cum
2337 4505 2412 4559 ad
2441 4501 2779 4572 marginem
2837 4499 3133 4570 scriptum
3163 4489 3324 4572 esset
3355 4489 3631 4572 πατρίδος,

1972 4585 2036 4635 ut
2087 4565 2454 4633 indicaretur
2498 4565 2620 4645 quo
2651 4573 2711 4627 in
2742 4571 2876 4626 loco
2900 4565 3240 4645 moraretur
3269 4565 3635 4645 Eustathius,

1970 4650 2130 4706 hanc
2182 4663 2390 4702 vocem
2449 4641 2535 4700 in'
2563 4648 2913 4699 contextum
2962 4642 3278 4709 migrasse.
3332 4641 3630 4709 Caeterum

1971 4722 2129 4777 hanc
2150 4719 2559 4789 conjecturam
2584 4714 2861 4787 praeferre
2884 4707 3515 4782 nolui—antiquissimis
3539 4722 3636 4763 co-

1977 4792 2241 4848 dicibus.

2045 4865 2161 4932 (52)
2215 4858 2575 4932 ’Υπερεϐάλετο
2590 4903 2601 4914 ,

1975 4935 2125 4990 Editi
2147 4930 2546 4990 ὑπερεϐάλλετο.

2046 4987 2160 5075 (ὦ)
2194 4987 2346 5076 (rapi,
2383 4999 2442 5055 δὲ
2490 5008 2708 5076 χρῆναι.
2763 4999 2884 5052 Huc
2919 4994 3232 5076 spectabat
3279 4992 3637 5074 perelegans

1975 5064 2171 5133 Basilii
2195 5064 2411 5146 jrdnia.
2464 5064 2611 5128 Nam
2642 5071 2868 5146 tingere
2897 5064 2969 5122 se
3006 5068 3068 5146 in
3099 5064 3370 5139 aliquam
3390 5064 3631 5146 opinio-

1971 5165 2113 5204 nem
2171 5145 2512 5211 inclinasse,
2562 5142 2670 5198 sed
2719 5155 2855 5196 eam
2901 5143 3180 5195 coactum
3208 5153 3343 5193 esse
3371 5142 3638 5206 rejicere,

1975 5224 2269 5292 peracuta
2295 5222 2387 5292 est
2411 5213 2718 5292 refellendi
2748 5211 2921 5292 ratio.
3067 5280 3106 5292 ν
3460 5275 3471 5286 ν
3500 5291 3507 5292 7
3543 5275 3558 5292 ι
3590 5274 3602 5292 9

2048 5294 2161 5362 (54)
2216 5289 2587 5362 [tarpio-10:30.
2618 5287 2919 5362 _Quatuor
2974 5280 3213 5362 codices
3251 5295 3418 5362 mss?
3456 5275 3519 5331 in
3543 5275 3638 5358 his

1975 5350 2476 5433 Co‘isl,'prim_us'ét
2490 5356 2676 5433 Harl.,
2691 5357 3074 5433 παράσχοιτο,
3091 5350 3242 5407 alius
3265 5350 3635 5433 παράσχῃ.τὸ.

2044 5425 2836 5505 (55)’Προελοίμεοαριιᾶιιιὸῖ
2858 5425 3096 5505 codices
3123 5435 3498 5505 mss.nempe
3520 5425 3638 5505 An:

1975 5489 2249 5572 glicanus
2302 5508 2359 5558 et
2410 5489 2738 5572 Vaticanus
2801 5513 2971 5572 cum_
3007 5493 3206 5572 Begiq
3259 5489 3530 5546 secundo
3583 5495 3640 5544 et

1976 5565 2342 5632 Coisliniano
2374 5571 2644 5629 secundo
2666 5565 3038 5642 προῑδοίμεθα,
3063 5565 3278 5622 melius
3310 5577 3490 5634 quam
3525 5577 3632 5617 nos

1974 5649 2090 5718 ipsi
2116 5646 2436 5717 providere
2450 5645 2769 5713 possimus:

2685 4855 2779 4914 Sic
2852 4853 3123 4927 quinque
3193 4850 3408 4926 optimi
3485 4866 3633 4906 mss.
