  <div class='ocr_page' id='page_1' title='image "/cluster/home/n/w/nwhite01/storage/ocr_20150623/32/hvd.32044048207401/117.png"; bbox 0 0 4070 6194; ppageno 0'>
   <div class='ocr_carea' id='block_1_1' title="bbox 442 255 546 308">
    <p class='ocr_par' dir='ltr' id='par_1_1' title="bbox 442 255 546 308">
     <span class='ocr_line' id='line_1_1' title="bbox 442 255 546 308; baseline 0.01 -1"><span class='ocrx_word' id='word_1_1' title='bbox 442 255 546 308; x_wconf 80' lang='lat'><strong>223</strong></span> 
     </span>
    </p>
   </div>
   <div class='ocr_carea' id='block_1_2' title="bbox 1030 375 1501 432">
    <p class='ocr_par' dir='ltr' id='par_1_2' title="bbox 1030 375 1501 432">
     <span class='ocr_line' id='line_1_2' title="bbox 1030 375 1501 432; baseline -0.006 0"><span class='ocrx_word' id='word_1_2' title='bbox 1030 377 1369 432; x_wconf 72' lang='lat' dir='ltr'><strong><em>EPISTOLA</em></strong></span> <span class='ocrx_word' id='word_1_3' title='bbox 1407 375 1501 430; x_wconf 76' lang='lat' dir='ltr'><strong><em>ll&#39;.</em></strong></span> 
     </span>
    </p>
   </div>
   <div class='ocr_carea' id='block_1_3' title="bbox 1817 249 2426 307">
    <p class='ocr_par' dir='ltr' id='par_1_3' title="bbox 1817 249 2426 307">
     <span class='ocr_line' id='line_1_3' title="bbox 1817 249 2426 307; baseline -0.002 0"><span class='ocrx_word' id='word_1_4' title='bbox 1817 251 1873 307; x_wconf 92' lang='lat' dir='ltr'><strong><em>S.</em></strong></span> <span class='ocrx_word' id='word_1_5' title='bbox 1919 249 2163 306; x_wconf 80' lang='lat' dir='ltr'><strong><em>BASILII</em></strong></span> <span class='ocrx_word' id='word_1_6' title='bbox 2205 251 2426 306; x_wconf 83' lang='lat' dir='ltr'><strong><em>MAGNI</em></strong></span> 
     </span>
    </p>
   </div>
   <div class='ocr_carea' id='block_1_4' title="bbox 3695 247 3810 303">
    <p class='ocr_par' dir='ltr' id='par_1_4' title="bbox 3695 247 3810 303">
     <span class='ocr_line' id='line_1_4' title="bbox 3695 247 3810 303; baseline -0.009 0"><span class='ocrx_word' id='word_1_7' title='bbox 3695 247 3810 303; x_wconf 73' lang='grc'><strong><em>224-</em></strong></span> 
     </span>
    </p>
   </div>
   <div class='ocr_carea' id='block_1_5' title="bbox 2783 371 3233 431">
    <p class='ocr_par' dir='ltr' id='par_1_5' title="bbox 2783 371 3233 431">
     <span class='ocr_line' id='line_1_5' title="bbox 2783 371 3233 431; baseline 0.011 -6"><span class='ocrx_word' id='word_1_8' title='bbox 2783 377 3120 426; x_wconf 84' lang='grc' dir='ltr'><strong><em>ΕΠΙΣΤΟΛΗ</em></strong></span> <span class='ocrx_word' id='word_1_9' title='bbox 3157 371 3233 431; x_wconf 86' lang='grc' dir='ltr'>Β’.</span> 
     </span>
    </p>
   </div>
   <div class='ocr_carea' id='block_1_6' title="bbox 440 497 3806 570">
    <p class='ocr_par' dir='ltr' id='par_1_6' title="bbox 440 497 3806 570">
     <span class='ocr_line' id='line_1_6' title="bbox 440 497 3806 570; baseline -0.002 -14"><span class='ocrx_word' id='word_1_10' title='bbox 440 501 726 570; x_wconf 75' lang='lat' dir='ltr'><strong><em>Gregorio</em></strong></span> <span class='ocrx_word' id='word_1_11' title='bbox 756 501 912 558; x_wconf 81' lang='lat' dir='ltr'><strong><em>nihil</em></strong></span> <span class='ocrx_word' id='word_1_12' title='bbox 950 501 1197 557; x_wconf 75' lang='lat' dir='ltr'><strong><em>curanti</em></strong></span> <span class='ocrx_word' id='word_1_13' title='bbox 1215 501 1288 555; x_wconf 83' lang='lat' dir='ltr'><strong><em>de</em></strong></span> <span class='ocrx_word' id='word_1_14' title='bbox 1315 501 1434 555; x_wconf 84' lang='lat' dir='ltr'><strong><em>situ</em></strong></span> <span class='ocrx_word' id='word_1_15' title='bbox 1466 499 1812 554; x_wconf 75' lang='lat' dir='ltr'><strong><em>solitudinis</em></strong></span> <span class='ocrx_word' id='word_1_16' title='bbox 1840 499 2078 563; x_wconf 79' lang='lat' dir='ltr'><strong><em>Basilii,</em></strong></span> <span class='ocrx_word' id='word_1_17' title='bbox 2097 499 2198 554; x_wconf 87' lang='lat' dir='ltr'><strong><em>sed</em></strong></span> <span class='ocrx_word' id='word_1_18' title='bbox 2223 500 2378 555; x_wconf 82' lang='lat' dir='ltr'><strong><em>scire</em></strong></span> <span class='ocrx_word' id='word_1_19' title='bbox 2399 499 2625 567; x_wconf 82' lang='lat' dir='ltr'><strong><em>aventi,</em></strong></span> <span class='ocrx_word' id='word_1_20' title='bbox 2651 498 2943 568; x_wconf 83' lang='lat' dir='ltr'><strong><em>quomodo</em></strong></span> <span class='ocrx_word' id='word_1_21' title='bbox 2975 498 3058 552; x_wconf 87' lang='lat' dir='ltr'><strong><em>ibi</em></strong></span> <span class='ocrx_word' id='word_1_22' title='bbox 3080 498 3350 570; x_wconf 72' lang='lat' dir='ltr'><strong><em>vivatur,</em></strong></span> <span class='ocrx_word' id='word_1_23' title='bbox 3373 497 3616 570; x_wconf 65' lang='lat' dir='ltr'><strong><em>exponit</em></strong></span> <span class='ocrx_word' id='word_1_24' title='bbox 3636 497 3806 570; x_wconf 79' lang='lat' dir='ltr'><strong><em>Basi-</em></strong></span> 
     </span>
    </p>
   </div>
   <div class='ocr_carea' id='block_1_7' title="bbox 513 568 3804 643">
    <p class='ocr_par' dir='ltr' id='par_1_7' title="bbox 513 568 3804 643">
     <span class='ocr_line' id='line_1_7' title="bbox 513 568 3804 643; baseline -0.002 -15"><span class='ocrx_word' id='word_1_25' title='bbox 513 568 629 628; x_wconf 69' lang='lat' dir='ltr'><strong><em>lius</em></strong></span> <span class='ocrx_word' id='word_1_26' title='bbox 659 588 778 628; x_wconf 90' lang='lat' dir='ltr'><strong><em>non</em></strong></span> <span class='ocrx_word' id='word_1_27' title='bbox 804 573 950 643; x_wconf 83' lang='lat' dir='ltr'><strong><em>quid</em></strong></span> <span class='ocrx_word' id='word_1_28' title='bbox 978 575 1102 640; x_wconf 85' lang='lat' dir='ltr'><strong><em>ipse</em></strong></span> <span class='ocrx_word' id='word_1_29' title='bbox 1127 572 1321 640; x_wconf 78' lang='lat' dir='ltr'><strong><em>faciat</em></strong></span> <span class='ocrx_word' id='word_1_30' title='bbox 1349 570 1689 631; x_wconf 69' lang='lat' dir='ltr'><strong><em>(humiliter</em></strong></span> <span class='ocrx_word' id='word_1_31' title='bbox 1710 573 1864 643; x_wconf 85' lang='lat' dir='ltr'><strong><em>enim</em></strong></span> <span class='ocrx_word' id='word_1_32' title='bbox 1893 573 2130 637; x_wconf 75' lang='lat' dir='ltr'><strong><em>fatetur</em></strong></span> <span class='ocrx_word' id='word_1_33' title='bbox 2152 586 2213 626; x_wconf 91' lang='lat' dir='ltr'><strong><em>se</em></strong></span> <span class='ocrx_word' id='word_1_34' title='bbox 2233 587 2349 643; x_wconf 82' lang='lat' dir='ltr'><strong><em>non</em></strong></span> <span class='ocrx_word' id='word_1_35' title='bbox 2374 573 2632 625; x_wconf 83' lang='lat' dir='ltr'><strong><em>multum</em></strong></span> <span class='ocrx_word' id='word_1_36' title='bbox 2661 569 3124 643; x_wconf 72' lang='lat' dir='ltr'><strong><em>proﬁcere),sed</em></strong></span> <span class='ocrx_word' id='word_1_37' title='bbox 3150 569 3296 643; x_wconf 61' lang='lat' dir='ltr'><strong><em>quid</em></strong></span> <span class='ocrx_word' id='word_1_38' title='bbox 3318 569 3666 643; x_wconf 80' lang='lat' dir='ltr'><strong><em>faciendum</em></strong></span> <span class='ocrx_word' id='word_1_39' title='bbox 3689 568 3765 643; x_wconf 82' lang='lat' dir='ltr'><strong><em>sit</em></strong></span> <span class='ocrx_word' id='word_1_40' title='bbox 3789 583 3804 622; x_wconf 88' lang='lat'><strong>:</strong></span> 
     </span>
    </p>
   </div>
   <div class='ocr_carea' id='block_1_8' title="bbox 511 640 3804 714">
    <p class='ocr_par' dir='ltr' id='par_1_8' title="bbox 511 640 3804 714">
     <span class='ocr_line' id='line_1_8' title="bbox 511 640 3804 714; baseline -0.001 -16"><span class='ocrx_word' id='word_1_41' title='bbox 511 650 741 714; x_wconf 80' lang='lat' dir='ltr'><strong><em>quanta</em></strong></span> <span class='ocrx_word' id='word_1_42' title='bbox 771 640 892 698; x_wconf 86' lang='lat' dir='ltr'><strong><em>sint</em></strong></span> <span class='ocrx_word' id='word_1_43' title='bbox 919 643 1263 698; x_wconf 83' lang='lat' dir='ltr'><strong><em>solitudinis</em></strong></span> <span class='ocrx_word' id='word_1_44' title='bbox 1282 643 1361 697; x_wconf 81' lang='lat' dir='ltr'><strong><em>ad</em></strong></span> <span class='ocrx_word' id='word_1_45' title='bbox 1381 644 1660 708; x_wconf 78' lang='lat' dir='ltr'><strong><em>pietatem</em></strong></span> <span class='ocrx_word' id='word_1_46' title='bbox 1684 642 2058 710; x_wconf 83' lang='lat' dir='ltr'><strong><em>adjumenta,</em></strong></span> <span class='ocrx_word' id='word_1_47' title='bbox 2083 642 2374 712; x_wconf 81' lang='lat' dir='ltr'><strong><em>quomodo</em></strong></span> <span class='ocrx_word' id='word_1_48' title='bbox 2395 643 2857 714; x_wconf 81' lang='lat' dir='ltr'><strong><em>Scripturarwn</em></strong></span> <span class='ocrx_word' id='word_1_49' title='bbox 2881 641 3126 714; x_wconf 86' lang='lat' dir='ltr'><strong><em>lectioni</em></strong></span> <span class='ocrx_word' id='word_1_50' title='bbox 3143 640 3565 714; x_wconf 75' lang='lat' dir='ltr'><strong><em>subjungenda</em></strong></span> <span class='ocrx_word' id='word_1_51' title='bbox 3584 640 3804 704; x_wconf 84' lang='lat' dir='ltr'><strong><em>oratio,</em></strong></span> 
     </span>
    </p>
   </div>
   <div class='ocr_carea' id='block_1_9' title="bbox 512 711 3660 787">
    <p class='ocr_par' dir='ltr' id='par_1_9' title="bbox 512 711 3660 787">
     <span class='ocr_line' id='line_1_9' title="bbox 512 711 3660 787; baseline -0.002 -17"><span class='ocrx_word' id='word_1_52' title='bbox 512 711 660 787; x_wconf 53' lang='lat' dir='ltr'><strong><em>Quid</em></strong></span> <span class='ocrx_word' id='word_1_53' title='bbox 691 717 752 770; x_wconf 88' lang='lat' dir='ltr'><strong><em>in</em></strong></span> <span class='ocrx_word' id='word_1_54' title='bbox 778 731 1044 771; x_wconf 82' lang='lat' dir='ltr'><strong><em>sermone</em></strong></span> <span class='ocrx_word' id='word_1_55' title='bbox 1072 720 1124 769; x_wconf 86' lang='lat' dir='ltr'><strong><em>et</em></strong></span> <span class='ocrx_word' id='word_1_56' title='bbox 1152 715 1214 769; x_wconf 83' lang='lat' dir='ltr'><strong><em>in</em></strong></span> <span class='ocrx_word' id='word_1_57' title='bbox 1246 715 1497 780; x_wconf 79' lang='lat' dir='ltr'><strong><em>incessu,</em></strong></span> <span class='ocrx_word' id='word_1_58' title='bbox 1532 714 1678 784; x_wconf 78' lang='lat' dir='ltr'><strong><em>quid</em></strong></span> <span class='ocrx_word' id='word_1_59' title='bbox 1703 716 1764 769; x_wconf 86' lang='lat' dir='ltr'><strong><em>in</em></strong></span> <span class='ocrx_word' id='word_1_60' title='bbox 1798 714 1927 768; x_wconf 83' lang='lat' dir='ltr'><strong><em>cibo</em></strong></span> <span class='ocrx_word' id='word_1_61' title='bbox 1958 720 2009 768; x_wconf 90' lang='lat' dir='ltr'><strong><em>et</em></strong></span> <span class='ocrx_word' id='word_1_62' title='bbox 2039 711 2187 783; x_wconf 83' lang='lat' dir='ltr'><strong><em>potu</em></strong></span> <span class='ocrx_word' id='word_1_63' title='bbox 2210 719 2264 769; x_wconf 90' lang='lat' dir='ltr'><strong><em>et</em></strong></span> <span class='ocrx_word' id='word_1_64' title='bbox 2297 714 2663 781; x_wconf 83' lang='lat' dir='ltr'><strong><em>vestimento,</em></strong></span> <span class='ocrx_word' id='word_1_65' title='bbox 2693 713 2840 782; x_wconf 87' lang='lat' dir='ltr'><strong><em>quid</em></strong></span> <span class='ocrx_word' id='word_1_66' title='bbox 2866 713 2929 767; x_wconf 88' lang='lat' dir='ltr'><strong><em>in</em></strong></span> <span class='ocrx_word' id='word_1_67' title='bbox 2957 727 3162 767; x_wconf 87' lang='lat' dir='ltr'><strong><em>somno</em></strong></span> <span class='ocrx_word' id='word_1_68' title='bbox 3200 711 3660 767; x_wconf 80' lang='lat' dir='ltr'><strong><em>observandum.</em></strong></span> 
     </span>
    </p>
   </div>
   <div class='ocr_carea' id='block_1_10' title="bbox 973 811 1576 880">
    <p class='ocr_par' dir='ltr' id='par_1_10' title="bbox 973 811 1576 880">
     <span class='ocr_line' id='line_1_10' title="bbox 973 811 1576 880; baseline -0.002 -14"><span class='ocrx_word' id='word_1_69' title='bbox 973 813 1241 867; x_wconf 82' lang='lat' dir='ltr'><strong><em>Basilius</em></strong></span> <span class='ocrx_word' id='word_1_70' title='bbox 1271 811 1576 880; x_wconf 82' lang='lat' dir='ltr'><strong><em>Gregorio.</em></strong></span> 
     </span>
    </p>
   </div>
   <div class='ocr_carea' id='block_1_11' title="bbox 523 907 2102 981">
    <p class='ocr_par' dir='ltr' id='par_1_11' title="bbox 523 907 2102 981">
     <span class='ocr_line' id='line_1_11' title="bbox 523 907 2102 981; baseline -0.003 -17"><span class='ocrx_word' id='word_1_71' title='bbox 523 913 570 964; x_wconf 88' lang='lat' dir='ltr'><strong><em>l.</em></strong></span> <span class='ocrx_word' id='word_1_72' title='bbox 603 908 834 978; x_wconf 82' lang='lat' dir='ltr'><strong><em>Agnovi</em></strong></span> <span class='ocrx_word' id='word_1_73' title='bbox 863 908 1180 981; x_wconf 78' lang='lat' dir='ltr'><strong><em>epistolam</em></strong></span> <span class='ocrx_word' id='word_1_74' title='bbox 1211 913 1399 975; x_wconf 84' lang='lat' dir='ltr'><strong><em>tuam,</em></strong></span> <span class='ocrx_word' id='word_1_75' title='bbox 1432 908 1597 964; x_wconf 89' lang='lat' dir='ltr'><strong><em>velut</em></strong></span> <span class='ocrx_word' id='word_1_76' title='bbox 1630 908 1732 980; x_wconf 87' lang='lat' dir='ltr'><strong><em>qui</em></strong></span> <span class='ocrx_word' id='word_1_77' title='bbox 1764 907 2102 963; x_wconf 87' lang='lat' dir='ltr'><strong><em>amicorum</em></strong></span> 
     </span>
    </p>
   </div>
   <div class='ocr_carea' id='block_1_12' title="bbox 443 996 2102 1070">
    <p class='ocr_par' dir='ltr' id='par_1_12' title="bbox 443 996 2102 1070">
     <span class='ocr_line' id='line_1_12' title="bbox 443 996 2102 1070; baseline -0.002 -16"><span class='ocrx_word' id='word_1_78' title='bbox 443 997 664 1054; x_wconf 88' lang='lat' dir='ltr'><strong><em>liberos</em></strong></span> <span class='ocrx_word' id='word_1_79' title='bbox 715 1013 791 1053; x_wconf 86' lang='lat' dir='ltr'><strong><em>ex</em></strong></span> <span class='ocrx_word' id='word_1_80' title='bbox 845 1003 1175 1070; x_wconf 89' lang='lat' dir='ltr'><strong><em>apparente</em></strong></span> <span class='ocrx_word' id='word_1_81' title='bbox 1235 999 1297 1053; x_wconf 91' lang='lat' dir='ltr'><strong><em>in</em></strong></span> <span class='ocrx_word' id='word_1_82' title='bbox 1337 997 1483 1070; x_wconf 85' lang='lat' dir='ltr'><strong><em>ipsis</em></strong></span> <span class='ocrx_word' id='word_1_83' title='bbox 1532 996 1918 1052; x_wconf 81' lang='lat' dir='ltr'><strong><em>similitudine</em></strong></span> <span class='ocrx_word' id='word_1_84' title='bbox 1962 1011 2102 1050; x_wconf 88' lang='lat' dir='ltr'><strong><em>cum</em></strong></span> 
     </span>
    </p>
   </div>
   <div class='ocr_carea' id='block_1_13' title="bbox 444 1085 2104 1159">
    <p class='ocr_par' dir='ltr' id='par_1_13' title="bbox 444 1085 2104 1159">
     <span class='ocr_line' id='line_1_13' title="bbox 444 1085 2104 1159; baseline -0.002 -17"><span class='ocrx_word' id='word_1_85' title='bbox 444 1085 794 1159; x_wconf 88' lang='lat' dir='ltr'><strong><em>parentibus</em></strong></span> <span class='ocrx_word' id='word_1_86' title='bbox 825 1092 1222 1157; x_wconf 90' lang='lat' dir='ltr'><strong><em>cognoscunt.</em></strong></span> <span class='ocrx_word' id='word_1_87' title='bbox 1268 1086 1441 1152; x_wconf 86' lang='lat' dir='ltr'><strong><em>Quod</em></strong></span> <span class='ocrx_word' id='word_1_88' title='bbox 1469 1088 1625 1141; x_wconf 91' lang='lat' dir='ltr'><strong><em>enim</em></strong></span> <span class='ocrx_word' id='word_1_89' title='bbox 1661 1087 1772 1151; x_wconf 85' lang='lat' dir='ltr'><strong><em>ais,</em></strong></span> <span class='ocrx_word' id='word_1_90' title='bbox 1803 1085 1916 1141; x_wconf 91' lang='lat' dir='ltr'><strong><em>loci</em></strong></span> <span class='ocrx_word' id='word_1_91' title='bbox 1954 1090 2104 1139; x_wconf 84' lang='lat' dir='ltr'><strong><em>stru-</em></strong></span> 
     </span>
    </p>
   </div>
   <div class='ocr_carea' id='block_1_14' title="bbox 446 1174 2104 1246">
    <p class='ocr_par' dir='ltr' id='par_1_14' title="bbox 446 1174 2104 1246">
     <span class='ocr_line' id='line_1_14' title="bbox 446 1174 2104 1246; baseline -0.001 -16"><span class='ocrx_word' id='word_1_92' title='bbox 446 1180 677 1232; x_wconf 88' lang='lat' dir='ltr'><strong><em>cturam</em></strong></span> <span class='ocrx_word' id='word_1_93' title='bbox 718 1176 922 1246; x_wconf 82' lang='lat' dir='ltr'><strong><em>magni</em></strong></span> <span class='ocrx_word' id='word_1_94' title='bbox 956 1175 1248 1231; x_wconf 82' lang='lat' dir='ltr'><strong><em>momenti</em></strong></span> <span class='ocrx_word' id='word_1_95' title='bbox 1279 1191 1403 1230; x_wconf 89' lang='lat' dir='ltr'><strong><em>non</em></strong></span> <span class='ocrx_word' id='word_1_96' title='bbox 1447 1191 1576 1230; x_wconf 86' lang='lat' dir='ltr'><strong><em>esse</em></strong></span> <span class='ocrx_word' id='word_1_97' title='bbox 1606 1176 1683 1230; x_wconf 83' lang='lat' dir='ltr'><strong><em>ad</em></strong></span> <span class='ocrx_word' id='word_1_98' title='bbox 1728 1174 2010 1230; x_wconf 86' lang='lat' dir='ltr'><strong><em>ciendum</em></strong></span> <span class='ocrx_word' id='word_1_99' title='bbox 2042 1175 2104 1228; x_wconf 88' lang='lat' dir='ltr'><strong><em>in</em></strong></span> 
     </span>
    </p>
   </div>
   <div class='ocr_carea' id='block_1_15' title="bbox 446 1263 2100 1335">
    <p class='ocr_par' dir='ltr' id='par_1_15' title="bbox 446 1263 2100 1335">
     <span class='ocr_line' id='line_1_15' title="bbox 446 1263 2100 1335; baseline -0.002 -15"><span class='ocrx_word' id='word_1_100' title='bbox 446 1264 653 1320; x_wconf 85' lang='lat' dir='ltr'><strong><em>animo</em></strong></span> <span class='ocrx_word' id='word_1_101' title='bbox 701 1269 802 1320; x_wconf 89' lang='lat' dir='ltr'><strong><em>tuo</em></strong></span> <span class='ocrx_word' id='word_1_102' title='bbox 864 1264 1232 1320; x_wconf 81' lang='lat' dir='ltr'><strong><em>desiderium</em></strong></span> <span class='ocrx_word' id='word_1_103' title='bbox 1294 1263 1543 1335; x_wconf 83' lang='lat' dir='ltr'><strong><em>aliquod</em></strong></span> <span class='ocrx_word' id='word_1_104' title='bbox 1601 1263 1738 1319; x_wconf 67' lang='lat' dir='ltr'><strong><em>vitae</em></strong></span> <span class='ocrx_word' id='word_1_105' title='bbox 1779 1263 2100 1318; x_wconf 85' lang='lat' dir='ltr'><strong><em>nobiscum</em></strong></span> 
     </span>
    </p>
   </div>
   <div class='ocr_carea' id='block_1_16' title="bbox 370 1351 2104 1425">
    <p class='ocr_par' dir='ltr' id='par_1_16' title="bbox 370 1351 2104 1425">
     <span class='ocr_line' id='line_1_16' title="bbox 370 1351 2104 1425; baseline -0.002 -17"><span class='ocrx_word' id='word_1_106' title='bbox 370 1411 371 1414; x_wconf 33' lang='grc' dir='ltr'><strong><em>η</em></strong></span> <span class='ocrx_word' id='word_1_107' title='bbox 448 1353 722 1422; x_wconf 65' lang='lat' dir='ltr'><strong><em>agendae,</em></strong></span> <span class='ocrx_word' id='word_1_108' title='bbox 757 1359 1085 1425; x_wconf 82' lang='lat' dir='ltr'><strong><em>antequam</em></strong></span> <span class='ocrx_word' id='word_1_109' title='bbox 1107 1353 1182 1408; x_wconf 91' lang='lat' dir='ltr'><strong><em>de</em></strong></span> <span class='ocrx_word' id='word_1_110' title='bbox 1208 1352 1474 1408; x_wconf 90' lang='lat' dir='ltr'><strong><em>instituto</em></strong></span> <span class='ocrx_word' id='word_1_111' title='bbox 1506 1369 1575 1408; x_wconf 88' lang='lat' dir='ltr'><strong><em>ac</em></strong></span> <span class='ocrx_word' id='word_1_112' title='bbox 1603 1352 1846 1408; x_wconf 77' lang='lat' dir='ltr'><strong><em>vivendi</em></strong></span> <span class='ocrx_word' id='word_1_113' title='bbox 1876 1351 2104 1407; x_wconf 84' lang='lat' dir='ltr'><strong><em>ratione</em></strong></span> 
     </span>
    </p>
   </div>
   <div class='ocr_carea' id='block_1_17' title="bbox 447 1441 2102 1513">
    <p class='ocr_par' dir='ltr' id='par_1_17' title="bbox 447 1441 2102 1513">
     <span class='ocr_line' id='line_1_17' title="bbox 447 1441 2102 1513; baseline -0.002 -16"><span class='ocrx_word' id='word_1_114' title='bbox 447 1441 676 1513; x_wconf 82' lang='lat' dir='ltr'><strong><em>aliquid</em></strong></span> <span class='ocrx_word' id='word_1_115' title='bbox 715 1441 994 1497; x_wconf 84' lang='lat' dir='ltr'><strong><em>didiceris</em></strong></span> <span class='ocrx_word' id='word_1_116' title='bbox 1028 1460 1040 1509; x_wconf 96' lang='lat'>;</span> <span class='ocrx_word' id='word_1_117' title='bbox 1091 1441 1387 1497; x_wconf 72' lang='lat' dir='ltr'><strong><em>sententia</em></strong></span> <span class='ocrx_word' id='word_1_118' title='bbox 1432 1457 1564 1496; x_wconf 84' lang='lat' dir='ltr'><strong><em>vere</em></strong></span> <span class='ocrx_word' id='word_1_119' title='bbox 1608 1448 1711 1498; x_wconf 90' lang='lat' dir='ltr'><strong><em>tua</em></strong></span> <span class='ocrx_word' id='word_1_120' title='bbox 1741 1446 1854 1504; x_wconf 90' lang='lat' dir='ltr'><strong><em>est,</em></strong></span> <span class='ocrx_word' id='word_1_121' title='bbox 1882 1445 2102 1512; x_wconf 88' lang='lat' dir='ltr'><strong><em>tuoque</em></strong></span> 
     </span>
    </p>
   </div>
   <div class='ocr_carea' id='block_1_18' title="bbox 445 1529 2102 1603">
    <p class='ocr_par' dir='ltr' id='par_1_18' title="bbox 445 1529 2102 1603">
     <span class='ocr_line' id='line_1_18' title="bbox 445 1529 2102 1603; baseline -0.002 -17"><span class='ocrx_word' id='word_1_122' title='bbox 445 1530 630 1601; x_wconf 85' lang='lat' dir='ltr'><strong><em>digna</em></strong></span> <span class='ocrx_word' id='word_1_123' title='bbox 650 1531 875 1591; x_wconf 87' lang='lat' dir='ltr'><strong><em>animo,</em></strong></span> <span class='ocrx_word' id='word_1_124' title='bbox 899 1533 949 1602; x_wconf 90' lang='grc'>7</span> <span class='ocrx_word' id='word_1_125' title='bbox 970 1534 1011 1602; x_wconf 81' lang='grc' dir='ltr'><strong>ι</strong></span> <span class='ocrx_word' id='word_1_126' title='bbox 1040 1531 1145 1603; x_wconf 88' lang='lat' dir='ltr'><strong><em>qui</em></strong></span> <span class='ocrx_word' id='word_1_127' title='bbox 1177 1536 1406 1586; x_wconf 87' lang='lat' dir='ltr'><strong><em>terrena</em></strong></span> <span class='ocrx_word' id='word_1_128' title='bbox 1429 1531 1635 1586; x_wconf 80' lang='lat' dir='ltr'><strong><em>omnia</em></strong></span> <span class='ocrx_word' id='word_1_129' title='bbox 1655 1531 1799 1586; x_wconf 86' lang='lat' dir='ltr'><strong><em>nihil</em></strong></span> <span class='ocrx_word' id='word_1_130' title='bbox 1821 1546 1954 1586; x_wconf 71' lang='lat' dir='ltr'><strong><em>esse</em></strong></span> <span class='ocrx_word' id='word_1_131' title='bbox 1985 1529 2102 1585; x_wconf 82' lang='lat' dir='ltr'><strong><em>exi-</em></strong></span> 
     </span>
    </p>
   </div>
   <div class='ocr_carea' id='block_1_19' title="bbox 447 1618 2103 1692">
    <p class='ocr_par' dir='ltr' id='par_1_19' title="bbox 447 1618 2103 1692">
     <span class='ocr_line' id='line_1_19' title="bbox 447 1618 2103 1692; baseline -0.002 -18"><span class='ocrx_word' id='word_1_132' title='bbox 447 1619 676 1685; x_wconf 88' lang='lat' dir='ltr'><strong><em>stimas,</em></strong></span> <span class='ocrx_word' id='word_1_133' title='bbox 705 1619 783 1675; x_wconf 88' lang='lat' dir='ltr'><strong><em>ad</em></strong></span> <span class='ocrx_word' id='word_1_134' title='bbox 805 1620 1237 1676; x_wconf 79' lang='lat' dir='ltr'><strong><em>beatitudinem</em></strong></span> <span class='ocrx_word' id='word_1_135' title='bbox 1268 1619 1442 1674; x_wconf 89' lang='lat' dir='ltr'><strong><em>nobis</em></strong></span> <span class='ocrx_word' id='word_1_136' title='bbox 1473 1620 1531 1674; x_wconf 89' lang='lat' dir='ltr'><strong><em>in</em></strong></span> <span class='ocrx_word' id='word_1_137' title='bbox 1566 1618 2103 1692; x_wconf 76' lang='lat' dir='ltr'><strong><em>pollicitationibtis</em></strong></span> 
     </span>
    </p>
   </div>
   <div class='ocr_carea' id='block_1_20' title="bbox 445 1697 2104 1781">
    <p class='ocr_par' dir='ltr' id='par_1_20' title="bbox 445 1697 2104 1781">
     <span class='ocr_line' id='line_1_20' title="bbox 445 1697 2104 1781; baseline -0.001 -16"><span class='ocrx_word' id='word_1_138' title='bbox 445 1709 796 1781; x_wconf 86' lang='lat' dir='ltr'><strong><em>repositam.</em></strong></span> <span class='ocrx_word' id='word_1_139' title='bbox 854 1709 1007 1776; x_wconf 86' lang='lat' dir='ltr'><strong><em>Quid</em></strong></span> <span class='ocrx_word' id='word_1_140' title='bbox 1061 1716 1265 1766; x_wconf 85' lang='lat' dir='ltr'><strong><em>autem</em></strong></span> <span class='ocrx_word' id='word_1_141' title='bbox 1325 1709 1454 1780; x_wconf 91' lang='lat' dir='ltr'><strong><em>ipse</em></strong></span> <span class='ocrx_word' id='word_1_142' title='bbox 1508 1701 1568 1765; x_wconf 84' lang='lat' dir='ltr'><strong><em>in</em></strong></span> <span class='ocrx_word' id='word_1_143' title='bbox 1618 1709 1732 1764; x_wconf 85' lang='lat' dir='ltr'><strong><em>hac</em></strong></span> <span class='ocrx_word' id='word_1_144' title='bbox 1784 1697 2104 1765; x_wconf 87' lang='lat' dir='ltr'><strong><em>solitudine</em></strong></span> 
     </span>
    </p>
   </div>
   <div class='ocr_carea' id='block_1_21' title="bbox 446 1796 2103 1870">
    <p class='ocr_par' dir='ltr' id='par_1_21' title="bbox 446 1796 2103 1870">
     <span class='ocr_line' id='line_1_21' title="bbox 446 1796 2103 1870; baseline -0.002 -16"><span class='ocrx_word' id='word_1_145' title='bbox 446 1802 632 1854; x_wconf 89' lang='lat' dir='ltr'><strong><em>noctu</em></strong></span> <span class='ocrx_word' id='word_1_146' title='bbox 678 1814 750 1854; x_wconf 89' lang='lat' dir='ltr'><strong><em>ac</em></strong></span> <span class='ocrx_word' id='word_1_147' title='bbox 787 1798 1046 1854; x_wconf 89' lang='lat' dir='ltr'><strong><em>interdiu</em></strong></span> <span class='ocrx_word' id='word_1_148' title='bbox 1099 1815 1302 1869; x_wconf 85' lang='lat' dir='ltr'><strong><em>agam,</em></strong></span> <span class='ocrx_word' id='word_1_149' title='bbox 1362 1798 1559 1854; x_wconf 85' lang='lat' dir='ltr'><strong><em>dicere</em></strong></span> <span class='ocrx_word' id='word_1_150' title='bbox 1613 1797 1820 1870; x_wconf 88' lang='lat' dir='ltr'><strong><em>pudet.</em></strong></span> <span class='ocrx_word' id='word_1_151' title='bbox 1875 1796 2103 1870; x_wconf 82' lang='lat' dir='ltr'><strong><em>Reliqui</em></strong></span> 
     </span>
    </p>
   </div>
   <div class='ocr_carea' id='block_1_22' title="bbox 447 1886 2101 1958">
    <p class='ocr_par' dir='ltr' id='par_1_22' title="bbox 447 1886 2101 1958">
     <span class='ocr_line' id='line_1_22' title="bbox 447 1886 2101 1958; baseline -0.002 -15"><span class='ocrx_word' id='word_1_152' title='bbox 447 1886 729 1958; x_wconf 89' lang='lat' dir='ltr'><strong><em>equidem</em></strong></span> <span class='ocrx_word' id='word_1_153' title='bbox 778 1887 943 1942; x_wconf 84' lang='lat' dir='ltr'><strong><em>urbis</em></strong></span> <span class='ocrx_word' id='word_1_154' title='bbox 993 1888 1523 1955; x_wconf 84' lang='lat' dir='ltr'><strong><em>commorationes,</em></strong></span> <span class='ocrx_word' id='word_1_155' title='bbox 1576 1892 1640 1943; x_wconf 88' lang='lat' dir='ltr'><strong><em>ut</em></strong></span> <span class='ocrx_word' id='word_1_156' title='bbox 1685 1886 2101 1942; x_wconf 89' lang='lat' dir='ltr'><strong><em>innumerabi-</em></strong></span> 
     </span>
    </p>
   </div>
   <div class='ocr_carea' id='block_1_23' title="bbox 446 1975 2105 2049">
    <p class='ocr_par' dir='ltr' id='par_1_23' title="bbox 446 1975 2105 2049">
     <span class='ocr_line' id='line_1_23' title="bbox 446 1975 2105 2049; baseline -0.001 -17"><span class='ocrx_word' id='word_1_157' title='bbox 446 1975 596 2032; x_wconf 90' lang='lat' dir='ltr'><strong><em>lium</em></strong></span> <span class='ocrx_word' id='word_1_158' title='bbox 629 1976 926 2032; x_wconf 88' lang='lat' dir='ltr'><strong><em>malornm</em></strong></span> <span class='ocrx_word' id='word_1_159' title='bbox 954 1992 1170 2033; x_wconf 87' lang='lat' dir='ltr'><strong><em>causas</em></strong></span> <span class='ocrx_word' id='word_1_160' title='bbox 1205 1995 1217 2032; x_wconf 94' lang='lat'>:</span> <span class='ocrx_word' id='word_1_161' title='bbox 1251 1981 1312 2033; x_wconf 90' lang='lat' dir='ltr'><strong><em>at</em></strong></span> <span class='ocrx_word' id='word_1_162' title='bbox 1339 1993 1432 2032; x_wconf 92' lang='lat' dir='ltr'><strong><em>me</em></strong></span> <span class='ocrx_word' id='word_1_163' title='bbox 1470 1977 1596 2049; x_wconf 91' lang='lat' dir='ltr'><strong><em>ipse</em></strong></span> <span class='ocrx_word' id='word_1_164' title='bbox 1628 1976 1898 2032; x_wconf 89' lang='lat' dir='ltr'><strong><em>nondum</em></strong></span> <span class='ocrx_word' id='word_1_165' title='bbox 1929 1975 2105 2030; x_wconf 88' lang='lat' dir='ltr'><strong><em>relin-</em></strong></span> 
     </span>
    </p>
   </div>
   <div class='ocr_carea' id='block_1_24' title="bbox 447 2064 2102 2139">
    <p class='ocr_par' dir='ltr' id='par_1_24' title="bbox 447 2064 2102 2139">
     <span class='ocr_line' id='line_1_24' title="bbox 447 2064 2102 2139; baseline -0.001 -18"><span class='ocrx_word' id='word_1_166' title='bbox 447 2067 866 2139; x_wconf 82' lang='lat' dir='ltr'><strong><em>quere&#39;potui.</em></strong></span> <span class='ocrx_word' id='word_1_167' title='bbox 918 2067 1032 2124; x_wconf 88' lang='lat' dir='ltr'><strong><em>Sed</em></strong></span> <span class='ocrx_word' id='word_1_168' title='bbox 1063 2066 1273 2122; x_wconf 90' lang='lat' dir='ltr'><strong><em>similis</em></strong></span> <span class='ocrx_word' id='word_1_169' title='bbox 1312 2083 1445 2121; x_wconf 89' lang='lat' dir='ltr'><strong><em>sum</em></strong></span> <span class='ocrx_word' id='word_1_170' title='bbox 1478 2066 1828 2122; x_wconf 88' lang='lat' dir='ltr'><strong><em>hominibus</em></strong></span> <span class='ocrx_word' id='word_1_171' title='bbox 1858 2067 1918 2121; x_wconf 92' lang='lat' dir='ltr'><strong><em>in</em></strong></span> <span class='ocrx_word' id='word_1_172' title='bbox 1949 2064 2102 2121; x_wconf 88' lang='lat' dir='ltr'><strong><em>mari</em></strong></span> 
     </span>
    </p>
   </div>
   <div class='ocr_carea' id='block_1_25' title="bbox 2624 807 3377 882">
    <p class='ocr_par' dir='ltr' id='par_1_25' title="bbox 2624 807 3377 882">
     <span class='ocr_line' id='line_1_25' title="bbox 2624 807 3377 882; baseline 0.005 -22"><span class='ocrx_word' id='word_1_173' title='bbox 2624 807 2892 868; x_wconf 85' lang='grc' dir='ltr'>Βασίλειος</span> <span class='ocrx_word' id='word_1_174' title='bbox 2930 811 3203 882; x_wconf 80' lang='grc' dir='ltr'>Γρηγορίῳ</span> <span class='ocrx_word' id='word_1_175' title='bbox 3231 808 3377 879; x_wconf 81' lang='grc'>(56).</span> 
     </span>
    </p>
   </div>
   <div class='ocr_carea' id='block_1_26' title="bbox 2285 903 3811 980">
    <p class='ocr_par' dir='ltr' id='par_1_26' title="bbox 2285 903 3811 980">
     <span class='ocr_line' id='line_1_26' title="bbox 2285 903 3811 980; baseline -0.003 -19"><span class='ocrx_word' id='word_1_176' title='bbox 2285 907 2333 962; x_wconf 76' lang='lat' dir='ltr'><strong><em>l.</em></strong></span> <span class='ocrx_word' id='word_1_177' title='bbox 2375 908 2628 978; x_wconf 78' lang='grc' dir='ltr'>Ἐπέγνων</span> <span class='ocrx_word' id='word_1_178' title='bbox 2665 925 2760 958; x_wconf 89' lang='grc' dir='ltr'><strong><em>σου</em></strong></span> <span class='ocrx_word' id='word_1_179' title='bbox 2796 910 2888 963; x_wconf 73' lang='grc' dir='ltr'>τὴν</span> <span class='ocrx_word' id='word_1_180' title='bbox 2920 904 3217 971; x_wconf 76' lang='grc' dir='ltr'>ἐπιστολὴν,</span> <span class='ocrx_word' id='word_1_181' title='bbox 3257 906 3428 980; x_wconf 81' lang='grc' dir='ltr'>ὥσπερ</span> <span class='ocrx_word' id='word_1_182' title='bbox 3461 903 3509 956; x_wconf 81' lang='grc' dir='ltr'>οὶ</span> <span class='ocrx_word' id='word_1_183' title='bbox 3547 909 3669 967; x_wconf 85' lang='grc' dir='ltr'>τοὺς</span> <span class='ocrx_word' id='word_1_184' title='bbox 3706 912 3811 957; x_wconf 84' lang='grc' dir='ltr'>τῶν</span> 
     </span>
    </p>
   </div>
   <div class='ocr_carea' id='block_1_27' title="bbox 2211 993 3816 1068">
    <p class='ocr_par' dir='ltr' id='par_1_27' title="bbox 2211 993 3816 1068">
     <span class='ocr_line' id='line_1_27' title="bbox 2211 993 3816 1068; baseline 0.001 -22"><span class='ocrx_word' id='word_1_185' title='bbox 2211 995 2364 1068; x_wconf 70' lang='grc' dir='ltr'>φίλων</span> <span class='ocrx_word' id='word_1_186' title='bbox 2408 993 2604 1056; x_wconf 69' lang='grc' dir='ltr'>παῖδας</span> <span class='ocrx_word' id='word_1_187' title='bbox 2647 994 2701 1047; x_wconf 84' lang='grc' dir='ltr'>ἐκ</span> <span class='ocrx_word' id='word_1_188' title='bbox 2757 1005 2854 1055; x_wconf 84' lang='grc' dir='ltr'>τῆς</span> <span class='ocrx_word' id='word_1_189' title='bbox 2906 994 3298 1067; x_wconf 72' lang='grc' dir='ltr'>ἐπιφαινομενης</span> <span class='ocrx_word' id='word_1_190' title='bbox 3351 995 3524 1056; x_wconf 69' lang='grc' dir='ltr'>αὐτοῖς</span> <span class='ocrx_word' id='word_1_191' title='bbox 3567 997 3816 1067; x_wconf 81' lang='grc' dir='ltr'>ὁμοιότη-</span> 
     </span>
    </p>
   </div>
   <div class='ocr_carea' id='block_1_28' title="bbox 2210 1083 3811 1160">
    <p class='ocr_par' dir='ltr' id='par_1_28' title="bbox 2210 1083 3811 1160">
     <span class='ocr_line' id='line_1_28' title="bbox 2210 1083 3811 1160; baseline -0.001 -24"><span class='ocrx_word' id='word_1_192' title='bbox 2210 1103 2292 1144; x_wconf 91' lang='grc' dir='ltr'><strong><em>τος</em></strong></span> <span class='ocrx_word' id='word_1_193' title='bbox 2329 1088 2455 1160; x_wconf 80' lang='grc' dir='ltr'>πρὸς</span> <span class='ocrx_word' id='word_1_194' title='bbox 2508 1090 2622 1146; x_wconf 81' lang='grc' dir='ltr'>τοῦς</span> <span class='ocrx_word' id='word_1_195' title='bbox 2669 1090 2911 1145; x_wconf 75' lang='grc' dir='ltr'><strong><em>τεκόντας</em></strong></span> <span class='ocrx_word' id='word_1_196' title='bbox 2962 1083 3372 1155; x_wconf 69' lang='grc' dir='ltr'>ἐπιγινώσκουσι</span> <span class='ocrx_word' id='word_1_197' title='bbox 3425 1084 3562 1153; x_wconf 82' lang='grc'>(57).</span> <span class='ocrx_word' id='word_1_198' title='bbox 3610 1088 3680 1136; x_wconf 88' lang='grc' dir='ltr'><strong><em>Τὸ</em></strong></span> <span class='ocrx_word' id='word_1_199' title='bbox 3707 1087 3811 1158; x_wconf 79' lang='grc' dir='ltr'>γὰρ</span> 
     </span>
    </p>
   </div>
   <div class='ocr_carea' id='block_1_29' title="bbox 2209 1174 3813 1247">
    <p class='ocr_par' dir='ltr' id='par_1_29' title="bbox 2209 1174 3813 1247">
     <span class='ocr_line' id='line_1_29' title="bbox 2209 1174 3813 1247; baseline 0.001 -21"><span class='ocrx_word' id='word_1_200' title='bbox 2209 1177 2280 1245; x_wconf 77' lang='grc' dir='ltr'>μὴ</span> <span class='ocrx_word' id='word_1_201' title='bbox 2326 1179 2461 1246; x_wconf 83' lang='grc' dir='ltr'>μέγα</span> <span class='ocrx_word' id='word_1_202' title='bbox 2495 1176 2624 1226; x_wconf 86' lang='grc' dir='ltr'>εἶναι</span> <span class='ocrx_word' id='word_1_203' title='bbox 2666 1182 2835 1247; x_wconf 75' lang='grc' dir='ltr'>φῆσαι</span> <span class='ocrx_word' id='word_1_204' title='bbox 2879 1178 2973 1231; x_wconf 78' lang='grc' dir='ltr'>τὴν</span> <span class='ocrx_word' id='word_1_205' title='bbox 3003 1181 3092 1226; x_wconf 89' lang='grc' dir='ltr'><strong><em>τοῦ</em></strong></span> <span class='ocrx_word' id='word_1_206' title='bbox 3131 1178 3292 1225; x_wconf 98' lang='grc' dir='ltr'>τόπου</span> <span class='ocrx_word' id='word_1_207' title='bbox 3334 1177 3664 1230; x_wconf 73' lang='grc' dir='ltr'>κατασκευὴν</span> 
     </span>
    </p>
   </div>
   <div class='ocr_carea' id='block_1_30' title="bbox 2208 1261 3812 1337">
    <p class='ocr_par' dir='ltr' id='par_1_30' title="bbox 2208 1261 3812 1337">
     <span class='ocr_line' id='line_1_30' title="bbox 2208 1261 3812 1337; baseline -0.001 -23"><span class='ocrx_word' id='word_1_208' title='bbox 2208 1266 2338 1335; x_wconf 79' lang='grc' dir='ltr'>πρὸς</span> <span class='ocrx_word' id='word_1_209' title='bbox 2381 1268 2438 1316; x_wconf 87' lang='grc' dir='ltr'><strong><em>τό</em></strong></span> <span class='ocrx_word' id='word_1_210' title='bbox 2488 1263 2775 1335; x_wconf 76' lang='grc' dir='ltr'>ἆμποιῆσαι</span> <span class='ocrx_word' id='word_1_211' title='bbox 2833 1265 2992 1337; x_wconf 75' lang='grc' dir='ltr'>ὁρμήν</span> <span class='ocrx_word' id='word_1_212' title='bbox 3047 1282 3164 1314; x_wconf 91' lang='grc' dir='ltr'>τινα</span> <span class='ocrx_word' id='word_1_213' title='bbox 3217 1270 3278 1334; x_wconf 72' lang='grc' dir='ltr'>τῇ</span> <span class='ocrx_word' id='word_1_214' title='bbox 3311 1261 3464 1334; x_wconf 67' lang='grc' dir='ltr'>ψυχῇ</span> <span class='ocrx_word' id='word_1_215' title='bbox 3500 1262 3695 1322; x_wconf 86' lang='grc' dir='ltr'>σονέἰς</span> <span class='ocrx_word' id='word_1_216' title='bbox 3722 1265 3812 1314; x_wconf 85' lang='grc' dir='ltr'>τὸν</span> 
     </span>
    </p>
   </div>
   <div class='ocr_carea' id='block_1_31' title="bbox 2209 1351 3816 1427">
    <p class='ocr_par' dir='ltr' id='par_1_31' title="bbox 2209 1351 3816 1427">
     <span class='ocr_line' id='line_1_31' title="bbox 2209 1351 3816 1427; baseline 0 -23"><span class='ocrx_word' id='word_1_217' title='bbox 2209 1353 2323 1424; x_wconf 89' lang='grc' dir='ltr'>μεθ’</span> <span class='ocrx_word' id='word_1_218' title='bbox 2371 1354 2515 1426; x_wconf 82' lang='grc' dir='ltr'>ἡμῶν</span> <span class='ocrx_word' id='word_1_219' title='bbox 2562 1352 2698 1425; x_wconf 81' lang='grc' dir='ltr'>βίον,</span> <span class='ocrx_word' id='word_1_220' title='bbox 2746 1357 2867 1427; x_wconf 86' lang='grc' dir='ltr'>πρὶν</span> <span class='ocrx_word' id='word_1_221' title='bbox 2920 1351 2978 1404; x_wconf 80' lang='grc' dir='ltr'>ἂν</span> <span class='ocrx_word' id='word_1_222' title='bbox 3017 1356 3137 1426; x_wconf 84' lang='grc' dir='ltr'>περὶ</span> <span class='ocrx_word' id='word_1_223' title='bbox 3184 1359 3276 1403; x_wconf 87' lang='grc' dir='ltr'><strong><em>τοῦ</em></strong></span> <span class='ocrx_word' id='word_1_224' title='bbox 3329 1356 3524 1425; x_wconf 82' lang='grc' dir='ltr'>τρόπου</span> <span class='ocrx_word' id='word_1_225' title='bbox 3554 1371 3607 1404; x_wconf 83' lang='grc' dir='ltr'><strong><em>τι</em></strong></span> <span class='ocrx_word' id='word_1_226' title='bbox 3634 1353 3816 1423; x_wconf 69' lang='grc' dir='ltr'>μάθῃς</span> 
     </span>
    </p>
   </div>
   <div class='ocr_carea' id='block_1_32' title="bbox 2209 1437 3818 1514">
    <p class='ocr_par' dir='ltr' id='par_1_32' title="bbox 2209 1437 3818 1514">
     <span class='ocr_line' id='line_1_32' title="bbox 2209 1437 3818 1514; baseline -0.001 -22"><span class='ocrx_word' id='word_1_227' title='bbox 2209 1446 2299 1493; x_wconf 84' lang='grc' dir='ltr'>καὶ</span> <span class='ocrx_word' id='word_1_228' title='bbox 2346 1451 2442 1504; x_wconf 77' lang='grc' dir='ltr'>τῆς</span> <span class='ocrx_word' id='word_1_229' title='bbox 2481 1439 2772 1514; x_wconf 76' lang='grc' dir='ltr'>διαγωγῆς,</span> <span class='ocrx_word' id='word_1_230' title='bbox 2819 1446 2910 1494; x_wconf 86' lang='grc' dir='ltr'><strong><em>σόν</em></strong></span> <span class='ocrx_word' id='word_1_231' title='bbox 2965 1439 3024 1500; x_wconf 74' lang='grc' dir='ltr'>ἦν</span> <span class='ocrx_word' id='word_1_232' title='bbox 3073 1446 3226 1501; x_wconf 82' lang='grc' dir='ltr'>ὅντως</span> <span class='ocrx_word' id='word_1_233' title='bbox 3277 1444 3334 1492; x_wconf 89' lang='grc' dir='ltr'>τὸ</span> <span class='ocrx_word' id='word_1_234' title='bbox 3393 1437 3675 1513; x_wconf 74' lang='grc' dir='ltr'><strong><em>διανόημα,</em></strong></span> <span class='ocrx_word' id='word_1_235' title='bbox 3724 1445 3818 1493; x_wconf 77' lang='grc' dir='ltr'>καὶ</span> 
     </span>
    </p>
   </div>
   <div class='ocr_carea' id='block_1_33' title="bbox 2211 1526 3819 1602">
    <p class='ocr_par' dir='ltr' id='par_1_33' title="bbox 2211 1526 3819 1602">
     <span class='ocr_line' id='line_1_33' title="bbox 2211 1526 3819 1602; baseline -0.001 -19"><span class='ocrx_word' id='word_1_236' title='bbox 2211 1539 2301 1590; x_wconf 81' lang='grc' dir='ltr'>τῆς</span> <span class='ocrx_word' id='word_1_237' title='bbox 2350 1540 2444 1591; x_wconf 79' lang='grc' dir='ltr'>σῆς</span> <span class='ocrx_word' id='word_1_238' title='bbox 2485 1531 2674 1602; x_wconf 68' lang='grc' dir='ltr'>ψυχῆς</span> <span class='ocrx_word' id='word_1_239' title='bbox 2715 1531 2859 1594; x_wconf 79' lang='grc' dir='ltr'>ἄξιον</span> <span class='ocrx_word' id='word_1_240' title='bbox 2885 1532 3030 1600; x_wconf 84' lang='grc'>(59),</span> <span class='ocrx_word' id='word_1_241' title='bbox 3064 1538 3160 1591; x_wconf 77' lang='grc' dir='ltr'>τῆς</span> <span class='ocrx_word' id='word_1_242' title='bbox 3189 1531 3358 1582; x_wconf 80' lang='grc' dir='ltr'>πάντα</span> <span class='ocrx_word' id='word_1_243' title='bbox 3386 1531 3453 1581; x_wconf 79' lang='grc' dir='ltr'>τὰ</span> <span class='ocrx_word' id='word_1_244' title='bbox 3480 1526 3611 1602; x_wconf 75' lang='grc' dir='ltr'>τῇδε</span> <span class='ocrx_word' id='word_1_245' title='bbox 3647 1526 3819 1601; x_wconf 64' lang='grc' dir='ltr'>μηδὲν</span> 
     </span>
    </p>
   </div>
   <div class='ocr_carea' id='block_1_34' title="bbox 2210 1616 3823 1694">
    <p class='ocr_par' dir='ltr' id='par_1_34' title="bbox 2210 1616 3823 1694">
     <span class='ocr_line' id='line_1_34' title="bbox 2210 1616 3823 1694; baseline 0 -23"><span class='ocrx_word' id='word_1_246' title='bbox 2210 1622 2493 1693; x_wconf 83' lang='grc' dir='ltr'>τιθεμένης,</span> <span class='ocrx_word' id='word_1_247' title='bbox 2543 1624 2668 1694; x_wconf 82' lang='grc' dir='ltr'>πρὸς</span> <span class='ocrx_word' id='word_1_248' title='bbox 2737 1625 2831 1679; x_wconf 78' lang='grc' dir='ltr'>τὴν</span> <span class='ocrx_word' id='word_1_249' title='bbox 2893 1619 2940 1670; x_wconf 80' lang='grc' dir='ltr'>ἐν</span> <span class='ocrx_word' id='word_1_250' title='bbox 3003 1618 3329 1691; x_wconf 71' lang='grc' dir='ltr'><strong><em>ἐπαγγελίαις</em></strong></span> <span class='ocrx_word' id='word_1_251' title='bbox 3373 1621 3497 1690; x_wconf 78' lang='grc' dir='ltr'>ἡμῖν</span> <span class='ocrx_word' id='word_1_252' title='bbox 3545 1616 3823 1691; x_wconf 76' lang='grc' dir='ltr'>ἀποκειμέ-</span> 
     </span>
    </p>
   </div>
   <div class='ocr_carea' id='block_1_35' title="bbox 2211 1706 3820 1785">
    <p class='ocr_par' dir='ltr' id='par_1_35' title="bbox 2211 1706 3820 1785">
     <span class='ocr_line' id='line_1_35' title="bbox 2211 1706 3820 1785; baseline -0.001 -24"><span class='ocrx_word' id='word_1_253' title='bbox 2211 1730 2300 1768; x_wconf 90' lang='grc' dir='ltr'><strong><em>νην</em></strong></span> <span class='ocrx_word' id='word_1_254' title='bbox 2348 1715 2740 1785; x_wconf 84' lang='grc' dir='ltr'>μακαριότητα.</span> <span class='ocrx_word' id='word_1_255' title='bbox 2805 1710 2936 1781; x_wconf 83' lang='grc' dir='ltr'><strong><em>Ἐγώ</em></strong></span> <span class='ocrx_word' id='word_1_256' title='bbox 2976 1707 3037 1762; x_wconf 65' lang='grc' dir='ltr'>δι</span> <span class='ocrx_word' id='word_1_257' title='bbox 3089 1709 3125 1761; x_wconf 81' lang='grc' dir='ltr'><em>ἃ</em></span> <span class='ocrx_word' id='word_1_258' title='bbox 3188 1709 3282 1782; x_wconf 76' lang='grc' dir='ltr'>μὲν</span> <span class='ocrx_word' id='word_1_259' title='bbox 3338 1716 3469 1760; x_wconf 85' lang='grc' dir='ltr'>ποιῶ</span> <span class='ocrx_word' id='word_1_260' title='bbox 3523 1708 3680 1768; x_wconf 66' lang='grc' dir='ltr'>αὐτὸς</span> <span class='ocrx_word' id='word_1_261' title='bbox 3729 1706 3820 1759; x_wconf 79' lang='grc' dir='ltr'><strong><em>ἐπὶ</em></strong></span> 
     </span>
    </p>
   </div>
   <div class='ocr_carea' id='block_1_36' title="bbox 2211 1799 3821 1872">
    <p class='ocr_par' dir='ltr' id='par_1_36' title="bbox 2211 1799 3821 1872">
     <span class='ocr_line' id='line_1_36' title="bbox 2211 1799 3821 1872; baseline -0.003 -19"><span class='ocrx_word' id='word_1_262' title='bbox 2211 1810 2306 1861; x_wconf 78' lang='grc' dir='ltr'>τῆς</span> <span class='ocrx_word' id='word_1_263' title='bbox 2359 1799 2610 1872; x_wconf 79' lang='grc' dir='ltr'>ἐσχατιᾶς</span> <span class='ocrx_word' id='word_1_264' title='bbox 2676 1804 2874 1862; x_wconf 76' lang='grc' dir='ltr'>ταύτης</span> <span class='ocrx_word' id='word_1_265' title='bbox 2937 1803 3124 1862; x_wconf 83' lang='grc' dir='ltr'>νυκτὸς</span> <span class='ocrx_word' id='word_1_266' title='bbox 3187 1803 3278 1851; x_wconf 84' lang='grc' dir='ltr'>καὶ</span> <span class='ocrx_word' id='word_1_267' title='bbox 3335 1800 3552 1871; x_wconf 82' lang='grc' dir='ltr'>ἡμέρας,</span> <span class='ocrx_word' id='word_1_268' title='bbox 3600 1800 3821 1872; x_wconf 67' lang='grc' dir='ltr'>γράφειν</span> 
     </span>
    </p>
   </div>
   <div class='ocr_carea' id='block_1_37' title="bbox 2211 1882 3821 1963">
    <p class='ocr_par' dir='ltr' id='par_1_37' title="bbox 2211 1882 3821 1963">
     <span class='ocr_line' id='line_1_37' title="bbox 2211 1882 3821 1963; baseline -0.004 -20"><span class='ocrx_word' id='word_1_269' title='bbox 2211 1890 2558 1963; x_wconf 79' lang='grc' dir='ltr'>αἰσχύνομαι.</span> <span class='ocrx_word' id='word_1_270' title='bbox 2607 1890 2888 1944; x_wconf 79' lang='grc' dir='ltr'><strong><em>Κατέλιπον</em></strong></span> <span class='ocrx_word' id='word_1_271' title='bbox 2947 1892 3038 1962; x_wconf 78' lang='grc' dir='ltr'><strong><em>μεν</em></strong></span> <span class='ocrx_word' id='word_1_272' title='bbox 3079 1891 3181 1961; x_wconf 80' lang='grc' dir='ltr'>γὰρ</span> <span class='ocrx_word' id='word_1_273' title='bbox 3240 1890 3332 1950; x_wconf 81' lang='grc' dir='ltr'>τὰς</span> <span class='ocrx_word' id='word_1_274' title='bbox 3378 1887 3426 1940; x_wconf 70' lang='grc' dir='ltr'>ἓν</span> <span class='ocrx_word' id='word_1_275' title='bbox 3485 1889 3632 1939; x_wconf 82' lang='grc' dir='ltr'>ἄστει</span> <span class='ocrx_word' id='word_1_276' title='bbox 3688 1882 3821 1938; x_wconf 82' lang='grc' dir='ltr'>δια-</span> 
     </span>
    </p>
   </div>
   <div class='ocr_carea' id='block_1_38' title="bbox 2210 1973 3822 2054">
    <p class='ocr_par' dir='ltr' id='par_1_38' title="bbox 2210 1973 3822 2054">
     <span class='ocr_line' id='line_1_38' title="bbox 2210 1973 3822 2054; baseline -0.004 -22"><span class='ocrx_word' id='word_1_277' title='bbox 2210 1978 2408 2053; x_wconf 65' lang='grc' dir='ltr'>τριϐὰς,</span> <span class='ocrx_word' id='word_1_278' title='bbox 2458 1983 2526 2042; x_wconf 78' lang='grc' dir='ltr'>ὡς</span> <span class='ocrx_word' id='word_1_279' title='bbox 2563 1984 2761 2054; x_wconf 85' lang='grc' dir='ltr'>μυρίων</span> <span class='ocrx_word' id='word_1_280' title='bbox 2816 1987 2988 2030; x_wconf 81' lang='grc' dir='ltr'>κακῶν</span> <span class='ocrx_word' id='word_1_281' title='bbox 3039 1976 3295 2052; x_wconf 76' lang='grc' dir='ltr'>ἀφορμὰς,</span> <span class='ocrx_word' id='word_1_282' title='bbox 3330 1975 3550 2050; x_wconf 76' lang='grc' dir='ltr'>ἐμαυτόν</span> <span class='ocrx_word' id='word_1_283' title='bbox 3581 1973 3641 2028; x_wconf 77' lang='grc' dir='ltr'>δε</span> <span class='ocrx_word' id='word_1_284' title='bbox 3672 1979 3822 2028; x_wconf 71' lang='grc' dir='ltr'>οὔπω</span> 
     </span>
    </p>
   </div>
   <div class='ocr_carea' id='block_1_39' title="bbox 2212 2062 3819 2140">
    <p class='ocr_par' dir='ltr' id='par_1_39' title="bbox 2212 2062 3819 2140">
     <span class='ocr_line' id='line_1_39' title="bbox 2212 2062 3819 2140; baseline -0.001 -22"><span class='ocrx_word' id='word_1_285' title='bbox 2212 2065 2479 2119; x_wconf 81' lang='grc' dir='ltr'>ἀπολιπεῖν</span> <span class='ocrx_word' id='word_1_286' title='bbox 2526 2063 2819 2125; x_wconf 69' lang='grc' dir='ltr'>ἠδυνήθην.</span> <span class='ocrx_word' id='word_1_287' title='bbox 2868 2066 3003 2120; x_wconf 82' lang='grc' dir='ltr'>Ἀλλ’</span> <span class='ocrx_word' id='word_1_288' title='bbox 3057 2069 3236 2140; x_wconf 86' lang='grc' dir='ltr'>ὅμοιός</span> <span class='ocrx_word' id='word_1_289' title='bbox 3290 2067 3395 2138; x_wconf 85' lang='grc' dir='ltr'>εἰμι</span> <span class='ocrx_word' id='word_1_290' title='bbox 3435 2072 3541 2127; x_wconf 88' lang='grc' dir='ltr'>τοῖς</span> <span class='ocrx_word' id='word_1_291' title='bbox 3610 2062 3658 2115; x_wconf 77' lang='grc' dir='ltr'>ἐν</span> <span class='ocrx_word' id='word_1_292' title='bbox 3713 2065 3819 2117; x_wconf 88' lang='grc' dir='ltr'>θα-</span> 
     </span>
    </p>
   </div>
   <div class='ocr_carea' id='block_1_40' title="bbox 364 2151 2105 2244">
    <p class='ocr_par' dir='ltr' id='par_1_40' title="bbox 364 2153 2100 2226">
     <span class='ocr_line' id='line_1_40' title="bbox 364 2153 2100 2226; baseline -0.002 -16"><span class='ocrx_word' id='word_1_293' title='bbox 364 2165 384 2179; x_wconf 87' lang='grc'><strong>·</strong></span> <span class='ocrx_word' id='word_1_294' title='bbox 448 2169 690 2210; x_wconf 88' lang='lat' dir='ltr'><strong><em>summa</em></strong></span> <span class='ocrx_word' id='word_1_295' title='bbox 725 2154 1096 2223; x_wconf 82' lang='lat' dir='ltr'><strong><em>difﬁcultate,</em></strong></span> <span class='ocrx_word' id='word_1_296' title='bbox 1120 2170 1192 2210; x_wconf 92' lang='lat' dir='ltr'><strong><em>eo</em></strong></span> <span class='ocrx_word' id='word_1_297' title='bbox 1229 2155 1394 2226; x_wconf 82' lang='lat' dir='ltr'><strong><em>quod</em></strong></span> <span class='ocrx_word' id='word_1_298' title='bbox 1417 2154 1746 2224; x_wconf 83' lang='lat' dir='ltr'><strong><em>navigandi</em></strong></span> <span class='ocrx_word' id='word_1_299' title='bbox 1775 2153 2100 2210; x_wconf 88' lang='lat' dir='ltr'><strong><em>insolentes</em></strong></span> 
     </span>
    </p>
   </div>
   <div class='ocr_carea' id='block_1_41' title="bbox 2222 2151 3821 2244">
    <p class='ocr_par' dir='ltr' id='par_1_41' title="bbox 2222 2151 3821 2229">
     <span class='ocr_line' id='line_1_41' title="bbox 2222 2151 3821 2229; baseline -0.002 -21"><span class='ocrx_word' id='word_1_300' title='bbox 2222 2158 2380 2228; x_wconf 63' lang='grc' dir='ltr'>ιασση</span> <span class='ocrx_word' id='word_1_301' title='bbox 2430 2157 2530 2208; x_wconf 80' lang='grc' dir='ltr'><strong><em>ὑπὸ</em></strong></span> <span class='ocrx_word' id='word_1_302' title='bbox 2585 2164 2676 2217; x_wconf 78' lang='grc' dir='ltr'>τῆς</span> <span class='ocrx_word' id='word_1_303' title='bbox 2722 2159 2858 2208; x_wconf 81' lang='grc' dir='ltr'>κατὰ</span> <span class='ocrx_word' id='word_1_304' title='bbox 2912 2160 2998 2208; x_wconf 82' lang='grc' dir='ltr'>τὸν</span> <span class='ocrx_word' id='word_1_305' title='bbox 3036 2155 3196 2209; x_wconf 87' lang='grc' dir='ltr'>πλοῦν</span> <span class='ocrx_word' id='word_1_306' title='bbox 3247 2154 3481 2228; x_wconf 79' lang='grc' dir='ltr'><strong><em>ἀπειρίας</em></strong></span> <span class='ocrx_word' id='word_1_307' title='bbox 3521 2151 3821 2229; x_wconf 71' lang='grc' dir='ltr'>ἀπορουμέ-</span> 
     </span>
    </p>
   </div>
   <div class='ocr_carea' id='block_1_42' title="bbox 447 2243 2102 2316">
    <p class='ocr_par' dir='ltr' id='par_1_42' title="bbox 447 2243 2102 2316">
     <span class='ocr_line' id='line_1_42' title="bbox 447 2243 2102 2316; baseline 0.001 -18"><span class='ocrx_word' id='word_1_308' title='bbox 447 2243 586 2308; x_wconf 90' lang='lat' dir='ltr'><strong><em>sint,</em></strong></span> <span class='ocrx_word' id='word_1_309' title='bbox 626 2243 1044 2299; x_wconf 81' lang='lat' dir='ltr'><strong><em>laborantibus</em></strong></span> <span class='ocrx_word' id='word_1_310' title='bbox 1101 2248 1157 2300; x_wconf 88' lang='lat' dir='ltr'><strong><em>et</em></strong></span> <span class='ocrx_word' id='word_1_311' title='bbox 1207 2243 1665 2309; x_wconf 90' lang='lat' dir='ltr'><strong><em>nauseantibus,</em></strong></span> <span class='ocrx_word' id='word_1_312' title='bbox 1720 2244 1822 2316; x_wconf 91' lang='lat' dir='ltr'><strong><em>qui</em></strong></span> <span class='ocrx_word' id='word_1_313' title='bbox 1877 2243 2102 2312; x_wconf 84' lang='lat' dir='ltr'><strong><em>navigii</em></strong></span> 
     </span>
    </p>
   </div>
   <div class='ocr_carea' id='block_1_43' title="bbox 446 2332 2100 2402">
    <p class='ocr_par' dir='ltr' id='par_1_43' title="bbox 446 2332 2100 2402">
     <span class='ocr_line' id='line_1_43' title="bbox 446 2332 2100 2402; baseline 0 -14"><span class='ocrx_word' id='word_1_314' title='bbox 446 2332 948 2402; x_wconf 83' lang='lat' dir='ltr'><strong><em>magnitudinem,</em></strong></span> <span class='ocrx_word' id='word_1_315' title='bbox 971 2339 1036 2389; x_wconf 89' lang='lat' dir='ltr'><strong><em>ut</em></strong></span> <span class='ocrx_word' id='word_1_316' title='bbox 1055 2333 1464 2389; x_wconf 83' lang='lat' dir='ltr'><strong><em>vehementius</em></strong></span> <span class='ocrx_word' id='word_1_317' title='bbox 1489 2334 1914 2389; x_wconf 87' lang='lat' dir='ltr'><strong><em>succutientem</em></strong></span> <span class='ocrx_word' id='word_1_318' title='bbox 1942 2349 2100 2401; x_wconf 74' lang='lat' dir='ltr'><strong><em>aegre</em></strong></span> 
     </span>
    </p>
   </div>
   <div class='ocr_carea' id='block_1_44' title="bbox 449 2419 2100 2494">
    <p class='ocr_par' dir='ltr' id='par_1_44' title="bbox 449 2419 2100 2494">
     <span class='ocr_line' id='line_1_44' title="bbox 449 2419 2100 2494; baseline -0.001 -16"><span class='ocrx_word' id='word_1_319' title='bbox 449 2419 666 2490; x_wconf 78' lang='lat' dir='ltr'><strong><em>ferunt,</em></strong></span> <span class='ocrx_word' id='word_1_320' title='bbox 709 2420 972 2494; x_wconf 89' lang='lat' dir='ltr'><strong><em>indeque</em></strong></span> <span class='ocrx_word' id='word_1_321' title='bbox 1003 2422 1062 2476; x_wconf 91' lang='lat' dir='ltr'><strong><em>in</em></strong></span> <span class='ocrx_word' id='word_1_322' title='bbox 1093 2421 1364 2477; x_wconf 87' lang='lat' dir='ltr'><strong><em>lembum</em></strong></span> <span class='ocrx_word' id='word_1_323' title='bbox 1397 2427 1500 2476; x_wconf 91' lang='lat' dir='ltr'><strong><em>aut</em></strong></span> <span class='ocrx_word' id='word_1_324' title='bbox 1533 2421 1875 2476; x_wconf 87' lang='lat' dir='ltr'><strong><em>naviculam</em></strong></span> <span class='ocrx_word' id='word_1_325' title='bbox 1905 2427 2100 2477; x_wconf 87' lang='lat' dir='ltr'><strong><em>trans-</em></strong></span> 
     </span>
    </p>
   </div>
   <div class='ocr_carea' id='block_1_45' title="bbox 448 2509 2104 2583">
    <p class='ocr_par' dir='ltr' id='par_1_45' title="bbox 448 2509 2104 2583">
     <span class='ocr_line' id='line_1_45' title="bbox 448 2509 2104 2583; baseline -0.001 -17"><span class='ocrx_word' id='word_1_326' title='bbox 448 2514 682 2579; x_wconf 84' lang='lat' dir='ltr'><strong><em>euntes,</em></strong></span> <span class='ocrx_word' id='word_1_327' title='bbox 715 2509 939 2583; x_wconf 89' lang='lat' dir='ltr'><strong><em>ubique</em></strong></span> <span class='ocrx_word' id='word_1_328' title='bbox 979 2516 1280 2566; x_wconf 86' lang='lat' dir='ltr'><strong><em>nauseant</em></strong></span> <span class='ocrx_word' id='word_1_329' title='bbox 1325 2515 1382 2565; x_wconf 88' lang='lat' dir='ltr'><strong><em>et</em></strong></span> <span class='ocrx_word' id='word_1_330' title='bbox 1428 2511 1489 2566; x_wconf 89' lang='lat' dir='ltr'><strong><em>in</em></strong></span> <span class='ocrx_word' id='word_1_331' title='bbox 1521 2511 1818 2581; x_wconf 87' lang='lat' dir='ltr'><strong><em>angustiis</em></strong></span> <span class='ocrx_word' id='word_1_332' title='bbox 1867 2526 2104 2566; x_wconf 81' lang='lat' dir='ltr'><strong><em>versan-</em></strong></span> 
     </span>
    </p>
   </div>
   <div class='ocr_carea' id='block_1_46' title="bbox 448 2599 2100 2672">
    <p class='ocr_par' dir='ltr' id='par_1_46' title="bbox 448 2599 2100 2672">
     <span class='ocr_line' id='line_1_46' title="bbox 448 2599 2100 2672; baseline 0.001 -17"><span class='ocrx_word' id='word_1_333' title='bbox 448 2604 579 2655; x_wconf 87' lang='lat' dir='ltr'><strong><em>tur:</em></strong></span> <span class='ocrx_word' id='word_1_334' title='bbox 613 2615 733 2655; x_wconf 85' lang='lat' dir='ltr'><strong><em>una</em></strong></span> <span class='ocrx_word' id='word_1_335' title='bbox 771 2601 934 2655; x_wconf 86' lang='lat' dir='ltr'><strong><em>enim</em></strong></span> <span class='ocrx_word' id='word_1_336' title='bbox 974 2617 1113 2656; x_wconf 90' lang='lat' dir='ltr'><strong><em>cum</em></strong></span> <span class='ocrx_word' id='word_1_337' title='bbox 1145 2600 1292 2672; x_wconf 89' lang='lat' dir='ltr'><strong><em>ipsis</em></strong></span> <span class='ocrx_word' id='word_1_338' title='bbox 1323 2600 1530 2655; x_wconf 87' lang='lat' dir='ltr'><strong><em>transit</em></strong></span> <span class='ocrx_word' id='word_1_339' title='bbox 1559 2616 1786 2656; x_wconf 85' lang='lat' dir='ltr'><strong><em>nausea</em></strong></span> <span class='ocrx_word' id='word_1_340' title='bbox 1826 2616 1896 2654; x_wconf 91' lang='lat' dir='ltr'><strong><em>ac</em></strong></span> <span class='ocrx_word' id='word_1_341' title='bbox 1944 2599 2100 2656; x_wconf 88' lang='lat' dir='ltr'><strong><em>bilis.</em></strong></span> 
     </span>
    </p>
   </div>
   <div class='ocr_carea' id='block_1_47' title="bbox 447 2689 2104 2761">
    <p class='ocr_par' dir='ltr' id='par_1_47' title="bbox 447 2689 2104 2761">
     <span class='ocr_line' id='line_1_47' title="bbox 447 2689 2104 2761; baseline 0 -17"><span class='ocrx_word' id='word_1_342' title='bbox 447 2689 542 2744; x_wconf 81' lang='lat' dir='ltr'><strong><em>Ad</em></strong></span> <span class='ocrx_word' id='word_1_343' title='bbox 570 2689 733 2744; x_wconf 90' lang='lat' dir='ltr'><strong><em>hunc</em></strong></span> <span class='ocrx_word' id='word_1_344' title='bbox 757 2689 935 2758; x_wconf 87' lang='lat' dir='ltr'><strong><em>igitur</em></strong></span> <span class='ocrx_word' id='word_1_345' title='bbox 965 2689 1216 2744; x_wconf 90' lang='lat' dir='ltr'><strong><em>modum</em></strong></span> <span class='ocrx_word' id='word_1_346' title='bbox 1256 2705 1317 2744; x_wconf 90' lang='lat' dir='ltr'><strong><em>se</em></strong></span> <span class='ocrx_word' id='word_1_347' title='bbox 1343 2705 1586 2761; x_wconf 90' lang='lat' dir='ltr'><strong><em>quoque</em></strong></span> <span class='ocrx_word' id='word_1_348' title='bbox 1612 2695 1836 2744; x_wconf 79' lang='lat' dir='ltr'><strong><em>nostrae</em></strong></span> <span class='ocrx_word' id='word_1_349' title='bbox 1876 2705 1970 2744; x_wconf 87' lang='lat' dir='ltr'><strong><em>res</em></strong></span> <span class='ocrx_word' id='word_1_350' title='bbox 1995 2689 2104 2744; x_wconf 86' lang='lat' dir='ltr'><strong><em>ha-</em></strong></span> 
     </span>
    </p>
   </div>
   <div class='ocr_carea' id='block_1_48' title="bbox 446 2777 2102 2843">
    <p class='ocr_par' dir='ltr' id='par_1_48' title="bbox 446 2777 2102 2843">
     <span class='ocr_line' id='line_1_48' title="bbox 446 2777 2102 2843; baseline -0.002 -9"><span class='ocrx_word' id='word_1_351' title='bbox 446 2777 611 2834; x_wconf 87' lang='lat' dir='ltr'><strong><em>bent.</em></strong></span> <span class='ocrx_word' id='word_1_352' title='bbox 639 2782 788 2835; x_wconf 86' lang='lat' dir='ltr'><strong><em>Nam</em></strong></span> <span class='ocrx_word' id='word_1_353' title='bbox 818 2778 1026 2834; x_wconf 90' lang='lat' dir='ltr'><strong><em>insitos</em></strong></span> <span class='ocrx_word' id='word_1_354' title='bbox 1069 2778 1256 2834; x_wconf 89' lang='lat' dir='ltr'><strong><em>animi</em></strong></span> <span class='ocrx_word' id='word_1_355' title='bbox 1308 2778 1557 2834; x_wconf 89' lang='lat' dir='ltr'><strong><em>morbos</em></strong></span> <span class='ocrx_word' id='word_1_356' title='bbox 1591 2778 2102 2843; x_wconf 81' lang='lat' dir='ltr'><strong><em>circumferentes,</em></strong></span> 
     </span>
    </p>
   </div>
   <div class='ocr_carea' id='block_1_49' title="bbox 448 2867 2102 2940">
    <p class='ocr_par' dir='ltr' id='par_1_49' title="bbox 448 2867 2102 2940">
     <span class='ocr_line' id='line_1_49' title="bbox 448 2867 2102 2940; baseline 0 -18"><span class='ocrx_word' id='word_1_357' title='bbox 448 2867 676 2939; x_wconf 87' lang='lat' dir='ltr'><strong><em>ubique</em></strong></span> <span class='ocrx_word' id='word_1_358' title='bbox 711 2867 925 2922; x_wconf 87' lang='lat' dir='ltr'><strong><em>iisdem</em></strong></span> <span class='ocrx_word' id='word_1_359' title='bbox 975 2867 1531 2940; x_wconf 86' lang='lat' dir='ltr'><strong><em>perturbationibus</em></strong></span> <span class='ocrx_word' id='word_1_360' title='bbox 1572 2883 1785 2922; x_wconf 88' lang='lat' dir='ltr'><strong><em>sumus</em></strong></span> <span class='ocrx_word' id='word_1_361' title='bbox 1835 2867 2102 2922; x_wconf 79' lang='lat' dir='ltr'><strong><em>obnoxii.</em></strong></span> 
     </span>
    </p>
   </div>
   <div class='ocr_carea' id='block_1_50' title="bbox 449 2956 2109 3028">
    <p class='ocr_par' dir='ltr' id='par_1_50' title="bbox 449 2956 2109 3028">
     <span class='ocr_line' id='line_1_50' title="bbox 449 2956 2109 3028; baseline 0.001 -18"><span class='ocrx_word' id='word_1_362' title='bbox 449 2957 647 3022; x_wconf 82' lang='lat' dir='ltr'><strong><em>Quare</em></strong></span> <span class='ocrx_word' id='word_1_363' title='bbox 671 2972 793 3012; x_wconf 90' lang='lat' dir='ltr'><strong><em>non</em></strong></span> <span class='ocrx_word' id='word_1_364' title='bbox 827 2971 1200 3028; x_wconf 86' lang='lat' dir='ltr'><strong><em>magnopere</em></strong></span> <span class='ocrx_word' id='word_1_365' title='bbox 1257 2956 1448 3027; x_wconf 88' lang='lat' dir='ltr'><strong><em>adjuti</em></strong></span> <span class='ocrx_word' id='word_1_366' title='bbox 1494 2973 1702 3012; x_wconf 86' lang='lat' dir='ltr'><strong><em>sumus</em></strong></span> <span class='ocrx_word' id='word_1_367' title='bbox 1749 2957 1865 3012; x_wconf 90' lang='lat' dir='ltr'><strong><em>hac</em></strong></span> <span class='ocrx_word' id='word_1_368' title='bbox 1904 2956 2109 3012; x_wconf 89' lang='lat' dir='ltr'><strong><em>solitu—</em></strong></span> 
     </span>
    </p>
   </div>
   <div class='ocr_carea' id='block_1_51' title="bbox 446 3044 2107 3118">
    <p class='ocr_par' dir='ltr' id='par_1_51' title="bbox 446 3044 2107 3118">
     <span class='ocr_line' id='line_1_51' title="bbox 446 3044 2107 3118; baseline -0.001 -17"><span class='ocrx_word' id='word_1_369' title='bbox 446 3045 607 3101; x_wconf 90' lang='lat' dir='ltr'><strong><em>dine.</em></strong></span> <span class='ocrx_word' id='word_1_370' title='bbox 661 3047 804 3111; x_wconf 72' lang='lat' dir='ltr'><strong><em>Quae</em></strong></span> <span class='ocrx_word' id='word_1_371' title='bbox 847 3051 1048 3102; x_wconf 89' lang='lat' dir='ltr'><strong><em>autem</em></strong></span> <span class='ocrx_word' id='word_1_372' title='bbox 1100 3045 1256 3101; x_wconf 86' lang='lat' dir='ltr'><strong><em>facta</em></strong></span> <span class='ocrx_word' id='word_1_373' title='bbox 1297 3051 1616 3118; x_wconf 89' lang='lat' dir='ltr'><strong><em>oporteret,</em></strong></span> <span class='ocrx_word' id='word_1_374' title='bbox 1647 3051 1704 3102; x_wconf 89' lang='lat' dir='ltr'><strong><em>et</em></strong></span> <span class='ocrx_word' id='word_1_375' title='bbox 1735 3046 1896 3101; x_wconf 89' lang='lat' dir='ltr'><strong><em>unde</em></strong></span> <span class='ocrx_word' id='word_1_376' title='bbox 1929 3044 2107 3100; x_wconf 78' lang='lat' dir='ltr'><strong><em>nobis</em></strong></span> 
     </span>
    </p>
   </div>
   <div class='ocr_carea' id='block_1_52' title="bbox 447 3133 2102 3208">
    <p class='ocr_par' dir='ltr' id='par_1_52' title="bbox 447 3133 2102 3208">
     <span class='ocr_line' id='line_1_52' title="bbox 447 3133 2102 3208; baseline 0 -18"><span class='ocrx_word' id='word_1_377' title='bbox 447 3135 694 3190; x_wconf 80' lang='lat' dir='ltr'><strong><em>daretur</em></strong></span> <span class='ocrx_word' id='word_1_378' title='bbox 743 3135 1033 3191; x_wconf 66' lang='lat' dir='ltr'><strong><em>inhaerere</em></strong></span> <span class='ocrx_word' id='word_1_379' title='bbox 1081 3134 1347 3204; x_wconf 86' lang='lat' dir='ltr'><strong><em>vestigiis</em></strong></span> <span class='ocrx_word' id='word_1_380' title='bbox 1389 3135 1520 3204; x_wconf 89' lang='lat' dir='ltr'><strong><em>ejus</em></strong></span> <span class='ocrx_word' id='word_1_381' title='bbox 1563 3135 1668 3208; x_wconf 90' lang='lat' dir='ltr'><strong><em>qui</em></strong></span> <span class='ocrx_word' id='word_1_382' title='bbox 1726 3133 1936 3190; x_wconf 86' lang='lat' dir='ltr'><strong><em>salutis</em></strong></span> <span class='ocrx_word' id='word_1_383' title='bbox 1978 3133 2102 3190; x_wconf 83' lang='lat' dir='ltr'><strong><em>dux</em></strong></span> 
     </span>
    </p>
   </div>
   <div class='ocr_carea' id='block_1_53' title="bbox 447 3224 2103 3296">
    <p class='ocr_par' dir='ltr' id='par_1_53' title="bbox 447 3224 2103 3296">
     <span class='ocr_line' id='line_1_53' title="bbox 447 3224 2103 3296; baseline 0 -16"><span class='ocrx_word' id='word_1_384' title='bbox 447 3224 554 3280; x_wconf 81' lang='lat' dir='ltr'><strong><em>fuit</em></strong></span> <span class='ocrx_word' id='word_1_385' title='bbox 579 3225 674 3294; x_wconf 87' lang='lat' dir='ltr'><strong><em>(Si</em></strong></span> <span class='ocrx_word' id='word_1_386' title='bbox 693 3226 825 3295; x_wconf 81' lang='lat' dir='ltr'><strong><em>quis</em></strong></span> <span class='ocrx_word' id='word_1_387' title='bbox 855 3227 1035 3294; x_wconf 88' lang='lat' dir='ltr'><strong><em>enim,</em></strong></span> <span class='ocrx_word' id='word_1_388' title='bbox 1075 3224 1286 3296; x_wconf 86' lang='lat' dir='ltr'><strong><em>inquit,</em></strong></span> <span class='ocrx_word' id='word_1_389' title='bbox 1323 3227 1448 3280; x_wconf 83' lang='lat' dir='ltr'><strong><em>vult</em></strong></span> <span class='ocrx_word' id='word_1_390' title='bbox 1478 3231 1610 3294; x_wconf 78' lang='lat' dir='ltr'><strong><em>post</em></strong></span> <span class='ocrx_word' id='word_1_391' title='bbox 1640 3239 1731 3281; x_wconf 91' lang='lat' dir='ltr'><strong><em>me</em></strong></span> <span class='ocrx_word' id='word_1_392' title='bbox 1761 3225 1964 3281; x_wconf 84' lang='lat' dir='ltr'><strong><em>venire</em></strong></span> <span class='ocrx_word' id='word_1_393' title='bbox 2003 3224 2103 3280; x_wconf 85' lang='lat' dir='ltr'><strong><em>ab—</em></strong></span> 
     </span>
    </p>
   </div>
   <div class='ocr_carea' id='block_1_54' title="bbox 447 3315 2108 3384">
    <p class='ocr_par' dir='ltr' id='par_1_54' title="bbox 447 3315 2108 3384">
     <span class='ocr_line' id='line_1_54' title="bbox 447 3315 2108 3384; baseline 0.001 -17"><span class='ocrx_word' id='word_1_394' title='bbox 447 3319 617 3382; x_wconf 85' lang='lat' dir='ltr'><strong><em>neget</em></strong></span> <span class='ocrx_word' id='word_1_395' title='bbox 655 3315 1053 3382; x_wconf 78' lang='lat' dir='ltr'><strong><em>semetipsum,</em></strong></span> <span class='ocrx_word' id='word_1_396' title='bbox 1113 3320 1168 3369; x_wconf 87' lang='lat' dir='ltr'><strong><em>et</em></strong></span> <span class='ocrx_word' id='word_1_397' title='bbox 1210 3315 1384 3368; x_wconf 86' lang='lat' dir='ltr'><strong><em>tollat</em></strong></span> <span class='ocrx_word' id='word_1_398' title='bbox 1435 3329 1672 3370; x_wconf 86' lang='lat' dir='ltr'><strong><em>crucem</em></strong></span> <span class='ocrx_word' id='word_1_399' title='bbox 1717 3329 1911 3384; x_wconf 85' lang='lat' dir='ltr'><strong><em>suam,</em></strong></span> <span class='ocrx_word' id='word_1_400' title='bbox 1938 3318 1992 3370; x_wconf 90' lang='lat' dir='ltr'><strong><em>et</em></strong></span> <span class='ocrx_word' id='word_1_401' title='bbox 2024 3328 2108 3369; x_wconf 86' lang='lat' dir='ltr'><strong><em>se-</em></strong></span> 
     </span>
    </p>
   </div>
   <div class='ocr_carea' id='block_1_55' title="bbox 447 3403 1247 3471">
    <p class='ocr_par' dir='ltr' id='par_1_55' title="bbox 447 3403 1247 3471">
     <span class='ocr_line' id='line_1_55' title="bbox 447 3403 1247 3471; baseline 0.001 -14"><span class='ocrx_word' id='word_1_402' title='bbox 447 3407 674 3471; x_wconf 81' lang='lat' dir='ltr'><strong><em>quatur</em></strong></span> <span class='ocrx_word' id='word_1_403' title='bbox 701 3417 793 3457; x_wconf 88' lang='lat' dir='ltr'><strong><em>me</em></strong></span> <span class='ocrx_word' id='word_1_404' title='bbox 812 3403 902 3470; x_wconf 81' lang='grc' dir='ltr'><strong><em>³ο),</em></strong></span> <span class='ocrx_word' id='word_1_405' title='bbox 931 3403 1057 3456; x_wconf 69' lang='lat' dir='ltr'><strong><em>haec</em></strong></span> <span class='ocrx_word' id='word_1_406' title='bbox 1086 3405 1247 3458; x_wconf 86' lang='lat' dir='ltr'><strong><em>sunt.</em></strong></span> 
     </span>
    </p>
   </div>
   <div class='ocr_carea' id='block_1_56' title="bbox 517 3488 2104 3562">
    <p class='ocr_par' dir='ltr' id='par_1_56' title="bbox 517 3488 2104 3562">
     <span class='ocr_line' id='line_1_56' title="bbox 517 3488 2104 3562; baseline 0.002 -20"><span class='ocrx_word' id='word_1_407' title='bbox 517 3491 571 3543; x_wconf 81' lang='lat'><strong><em>2.</em></strong></span> <span class='ocrx_word' id='word_1_408' title='bbox 607 3488 964 3544; x_wconf 87' lang='lat' dir='ltr'><strong><em>Enitendum</em></strong></span> <span class='ocrx_word' id='word_1_409' title='bbox 995 3496 1104 3549; x_wconf 89' lang='lat' dir='ltr'><strong><em>est,</em></strong></span> <span class='ocrx_word' id='word_1_410' title='bbox 1136 3494 1203 3544; x_wconf 93' lang='lat' dir='ltr'><strong><em>ut</em></strong></span> <span class='ocrx_word' id='word_1_411' title='bbox 1229 3494 1493 3544; x_wconf 87' lang='lat' dir='ltr'><strong><em>mentem</em></strong></span> <span class='ocrx_word' id='word_1_412' title='bbox 1525 3493 1807 3562; x_wconf 86' lang='lat' dir='ltr'><strong><em>pacatam</em></strong></span> <span class='ocrx_word' id='word_1_413' title='bbox 1832 3505 1902 3545; x_wconf 89' lang='lat' dir='ltr'><strong><em>ac</em></strong></span> <span class='ocrx_word' id='word_1_414' title='bbox 1933 3489 2104 3560; x_wconf 89' lang='lat' dir='ltr'><strong><em>quie-</em></strong></span> 
     </span>
    </p>
   </div>
   <div class='ocr_carea' id='block_1_57' title="bbox 446 3577 2107 3644">
    <p class='ocr_par' dir='ltr' id='par_1_57' title="bbox 446 3577 2107 3644">
     <span class='ocr_line' id='line_1_57' title="bbox 446 3577 2107 3644; baseline -0.001 -10"><span class='ocrx_word' id='word_1_415' title='bbox 446 3581 574 3634; x_wconf 85' lang='lat' dir='ltr'><strong><em>tam</em></strong></span> <span class='ocrx_word' id='word_1_416' title='bbox 604 3577 960 3635; x_wconf 87' lang='lat' dir='ltr'><strong><em>babeamus.</em></strong></span> <span class='ocrx_word' id='word_1_417' title='bbox 995 3577 1526 3644; x_wconf 87' lang='lat' dir='ltr'><strong><em>Quemadmodum</em></strong></span> <span class='ocrx_word' id='word_1_418' title='bbox 1549 3578 1708 3633; x_wconf 91' lang='lat' dir='ltr'><strong><em>enim</em></strong></span> <span class='ocrx_word' id='word_1_419' title='bbox 1736 3577 1946 3634; x_wconf 89' lang='lat' dir='ltr'><strong><em>oculus</em></strong></span> <span class='ocrx_word' id='word_1_420' title='bbox 1967 3594 2107 3634; x_wconf 88' lang='lat' dir='ltr'><strong><em>con-</em></strong></span> 
     </span>
    </p>
   </div>
   <div class='ocr_carea' id='block_1_58' title="bbox 443 3666 2106 3738">
    <p class='ocr_par' dir='ltr' id='par_1_58' title="bbox 443 3666 2106 3738">
     <span class='ocr_line' id='line_1_58' title="bbox 443 3666 2106 3738; baseline -0.001 -15"><span class='ocrx_word' id='word_1_421' title='bbox 443 3668 699 3724; x_wconf 89' lang='lat' dir='ltr'><strong><em>tinenter</em></strong></span> <span class='ocrx_word' id='word_1_422' title='bbox 739 3667 1159 3732; x_wconf 87' lang='lat' dir='ltr'><strong><em>circumactus,</em></strong></span> <span class='ocrx_word' id='word_1_423' title='bbox 1214 3671 1269 3723; x_wconf 91' lang='lat' dir='ltr'><strong><em>et</em></strong></span> <span class='ocrx_word' id='word_1_424' title='bbox 1323 3681 1484 3722; x_wconf 89' lang='lat' dir='ltr'><strong><em>nunc</em></strong></span> <span class='ocrx_word' id='word_1_425' title='bbox 1541 3667 1788 3738; x_wconf 82' lang='lat' dir='ltr'><strong><em>quidem</em></strong></span> <span class='ocrx_word' id='word_1_426' title='bbox 1839 3667 1901 3722; x_wconf 88' lang='lat' dir='ltr'><strong><em>in</em></strong></span> <span class='ocrx_word' id='word_1_427' title='bbox 1955 3666 2106 3722; x_wconf 87' lang='lat' dir='ltr'><strong><em>obli-</em></strong></span> 
     </span>
    </p>
   </div>
   <div class='ocr_carea' id='block_1_59' title="bbox 446 3756 2106 3830">
    <p class='ocr_par' dir='ltr' id='par_1_59' title="bbox 446 3756 2106 3830">
     <span class='ocr_line' id='line_1_59' title="bbox 446 3756 2106 3830; baseline -0.001 -17"><span class='ocrx_word' id='word_1_428' title='bbox 446 3773 570 3830; x_wconf 88' lang='lat' dir='ltr'><strong><em>qua</em></strong></span> <span class='ocrx_word' id='word_1_429' title='bbox 607 3757 898 3828; x_wconf 81' lang='lat' dir='ltr'><strong><em>deﬂexus,</em></strong></span> <span class='ocrx_word' id='word_1_430' title='bbox 933 3772 1095 3812; x_wconf 91' lang='lat' dir='ltr'><strong><em>nunc</em></strong></span> <span class='ocrx_word' id='word_1_431' title='bbox 1125 3773 1267 3812; x_wconf 89' lang='lat' dir='ltr'><strong><em>vero</em></strong></span> <span class='ocrx_word' id='word_1_432' title='bbox 1299 3773 1539 3812; x_wconf 88' lang='lat' dir='ltr'><strong><em>sursum</em></strong></span> <span class='ocrx_word' id='word_1_433' title='bbox 1571 3772 1641 3812; x_wconf 87' lang='lat' dir='ltr'><strong><em>ac</em></strong></span> <span class='ocrx_word' id='word_1_434' title='bbox 1671 3757 1955 3813; x_wconf 81' lang='lat' dir='ltr'><strong><em>deorsum</em></strong></span> <span class='ocrx_word' id='word_1_435' title='bbox 1989 3756 2106 3812; x_wconf 79' lang='lat' dir='ltr'><strong><em>fre-</em></strong></span> 
     </span>
    </p>
   </div>
   <div class='ocr_carea' id='block_1_60' title="bbox 442 3846 2110 3919">
    <p class='ocr_par' dir='ltr' id='par_1_60' title="bbox 442 3846 2110 3919">
     <span class='ocr_line' id='line_1_60' title="bbox 442 3846 2110 3919; baseline 0 -17"><span class='ocrx_word' id='word_1_436' title='bbox 442 3852 697 3919; x_wconf 87' lang='lat' dir='ltr'><strong><em>quenter</em></strong></span> <span class='ocrx_word' id='word_1_437' title='bbox 716 3853 1055 3911; x_wconf 87' lang='lat' dir='ltr'><strong><em>contorsus,</em></strong></span> <span class='ocrx_word' id='word_1_438' title='bbox 1115 3846 1271 3902; x_wconf 88' lang='lat' dir='ltr'><strong><em>clare</em></strong></span> <span class='ocrx_word' id='word_1_439' title='bbox 1302 3862 1374 3902; x_wconf 86' lang='lat' dir='ltr'><strong><em>ac</em></strong></span> <span class='ocrx_word' id='word_1_440' title='bbox 1423 3846 1738 3916; x_wconf 76' lang='lat' dir='ltr'><strong><em>perspicue</em></strong></span> <span class='ocrx_word' id='word_1_441' title='bbox 1768 3863 1896 3903; x_wconf 87' lang='lat' dir='ltr'><strong><em>rem</em></strong></span> <span class='ocrx_word' id='word_1_442' title='bbox 1943 3846 2110 3916; x_wconf 82' lang='lat' dir='ltr'><strong><em>obje-</em></strong></span> 
     </span>
    </p>
   </div>
   <div class='ocr_carea' id='block_1_61' title="bbox 447 3935 2106 4006">
    <p class='ocr_par' dir='ltr' id='par_1_61' title="bbox 447 3935 2106 4006">
     <span class='ocr_line' id='line_1_61' title="bbox 447 3935 2106 4006; baseline 0.001 -16"><span class='ocrx_word' id='word_1_443' title='bbox 447 3940 607 3991; x_wconf 86' lang='lat' dir='ltr'><strong><em>ctam</em></strong></span> <span class='ocrx_word' id='word_1_444' title='bbox 637 3951 877 3991; x_wconf 87' lang='lat' dir='ltr'><strong><em>cernere</em></strong></span> <span class='ocrx_word' id='word_1_445' title='bbox 908 3951 1030 3990; x_wconf 87' lang='lat' dir='ltr'><strong><em>non</em></strong></span> <span class='ocrx_word' id='word_1_446' title='bbox 1049 3941 1242 4006; x_wconf 89' lang='lat' dir='ltr'><strong><em>potest</em></strong></span> <span class='ocrx_word' id='word_1_447' title='bbox 1265 3955 1276 4003; x_wconf 92' lang='lat'><strong>;</strong></span> <span class='ocrx_word' id='word_1_448' title='bbox 1302 3935 1406 3990; x_wconf 85' lang='lat' dir='ltr'><strong><em>sed</em></strong></span> <span class='ocrx_word' id='word_1_449' title='bbox 1439 3935 1630 3990; x_wconf 87' lang='lat' dir='ltr'><strong><em>aciem</em></strong></span> <span class='ocrx_word' id='word_1_450' title='bbox 1662 3935 1721 3990; x_wconf 89' lang='lat' dir='ltr'><strong><em>in</em></strong></span> <span class='ocrx_word' id='word_1_451' title='bbox 1747 3953 1874 3990; x_wconf 90' lang='lat' dir='ltr'><strong><em>rem</em></strong></span> <span class='ocrx_word' id='word_1_452' title='bbox 1910 3936 2106 3992; x_wconf 87' lang='lat' dir='ltr'><strong><em>visam</em></strong></span> 
     </span>
    </p>
   </div>
   <div class='ocr_carea' id='block_1_62' title="bbox 443 4022 2103 4096">
    <p class='ocr_par' dir='ltr' id='par_1_62' title="bbox 443 4022 2103 4096">
     <span class='ocr_line' id='line_1_62' title="bbox 443 4022 2103 4096; baseline -0.001 -16"><span class='ocrx_word' id='word_1_453' title='bbox 443 4023 626 4094; x_wconf 82' lang='lat' dir='ltr'><strong><em>deligi</em></strong></span> <span class='ocrx_word' id='word_1_454' title='bbox 650 4028 904 4096; x_wconf 87' lang='lat' dir='ltr'><strong><em>oportet,</em></strong></span> <span class='ocrx_word' id='word_1_455' title='bbox 930 4025 980 4079; x_wconf 87' lang='lat' dir='ltr'><strong><em>si</em></strong></span> <span class='ocrx_word' id='word_1_456' title='bbox 1003 4025 1189 4081; x_wconf 68' lang='lat' dir='ltr'><strong><em>modo</em></strong></span> <span class='ocrx_word' id='word_1_457' title='bbox 1219 4023 1540 4096; x_wconf 87' lang='lat' dir='ltr'><strong><em>perspicua</em></strong></span> <span class='ocrx_word' id='word_1_458' title='bbox 1569 4022 1770 4080; x_wconf 86' lang='lat' dir='ltr'><strong><em>futura</em></strong></span> <span class='ocrx_word' id='word_1_459' title='bbox 1807 4031 1898 4081; x_wconf 91' lang='lat' dir='ltr'><strong><em>est</em></strong></span> <span class='ocrx_word' id='word_1_460' title='bbox 1923 4025 2103 4081; x_wconf 90' lang='lat' dir='ltr'><strong><em>visio:</em></strong></span> 
     </span>
    </p>
   </div>
   <div class='ocr_carea' id='block_1_63' title="bbox 445 4112 2109 4170">
    <p class='ocr_par' dir='ltr' id='par_1_63' title="bbox 445 4112 2109 4170">
     <span class='ocr_line' id='line_1_63' title="bbox 445 4112 2109 4170; baseline 0.001 -2"><span class='ocrx_word' id='word_1_461' title='bbox 445 4112 529 4169; x_wconf 87' lang='lat' dir='ltr'><strong><em>ita</em></strong></span> <span class='ocrx_word' id='word_1_462' title='bbox 558 4118 615 4169; x_wconf 90' lang='lat' dir='ltr'><strong><em>et</em></strong></span> <span class='ocrx_word' id='word_1_463' title='bbox 638 4113 909 4168; x_wconf 85' lang='lat' dir='ltr'><strong><em>humana</em></strong></span> <span class='ocrx_word' id='word_1_464' title='bbox 941 4128 1111 4168; x_wconf 90' lang='lat' dir='ltr'><strong><em>mens</em></strong></span> <span class='ocrx_word' id='word_1_465' title='bbox 1143 4113 1440 4170; x_wconf 76' lang='lat' dir='ltr'><strong><em>sexcentis</em></strong></span> <span class='ocrx_word' id='word_1_466' title='bbox 1471 4112 1681 4169; x_wconf 88' lang='lat' dir='ltr'><strong><em>mundi</em></strong></span> <span class='ocrx_word' id='word_1_467' title='bbox 1718 4115 1874 4168; x_wconf 83' lang='lat' dir='ltr'><strong><em>curis</em></strong></span> <span class='ocrx_word' id='word_1_468' title='bbox 1895 4114 2109 4170; x_wconf 87' lang='lat' dir='ltr'><strong><em>distra-</em></strong></span> 
     </span>
    </p>
   </div>
   <div class='ocr_carea' id='block_1_64' title="bbox 518 4259 1074 4330">
    <p class='ocr_par' dir='ltr' id='par_1_64' title="bbox 518 4259 1074 4330">
     <span class='ocr_line' id='line_1_64' title="bbox 518 4259 1074 4330; baseline -0.011 -11"><span class='ocrx_word' id='word_1_469' title='bbox 518 4260 567 4296; x_wconf 80' lang='grc' dir='ltr'><strong><em>³ο</em></strong></span> <span class='ocrx_word' id='word_1_470' title='bbox 606 4259 804 4317; x_wconf 83' lang='lat' dir='ltr'><strong><em>Matth.</em></strong></span> <span class='ocrx_word' id='word_1_471' title='bbox 832 4275 951 4330; x_wconf 73' lang='lat' dir='ltr'><strong><em>xvx,</em></strong></span> <span class='ocrx_word' id='word_1_472' title='bbox 986 4261 1074 4314; x_wconf 67' lang='grc'><strong><em>24.</em></strong></span> 
     </span>
    </p>
   </div>
   <div class='ocr_carea' id='block_1_65' title="bbox 521 4400 1578 4474">
    <p class='ocr_par' dir='ltr' id='par_1_65' title="bbox 521 4400 1578 4474">
     <span class='ocr_line' id='line_1_65' title="bbox 521 4400 1578 4474; baseline 0 -18"><span class='ocrx_word' id='word_1_473' title='bbox 521 4403 541 4474; x_wconf 12' lang='grc' dir='ltr'>’γ</span> <span class='ocrx_word' id='word_1_474' title='bbox 574 4402 734 4458; x_wconf 82' lang='lat' dir='ltr'><strong><em>Alias</em></strong></span> <span class='ocrx_word' id='word_1_475' title='bbox 756 4405 796 4456; x_wconf 88' lang='grc' dir='ltr'><strong><em>ι.</em></strong></span> <span class='ocrx_word' id='word_1_476' title='bbox 824 4401 1062 4474; x_wconf 81' lang='lat' dir='ltr'><strong><em>Scripta</em></strong></span> <span class='ocrx_word' id='word_1_477' title='bbox 1085 4400 1253 4457; x_wconf 90' lang='lat' dir='ltr'><strong><em>initio</em></strong></span> <span class='ocrx_word' id='word_1_478' title='bbox 1284 4417 1578 4458; x_wconf 88' lang='lat' dir='ltr'><strong><em>secessus.</em></strong></span> 
     </span>
    </p>
   </div>
   <div class='ocr_carea' id='block_1_66' title="bbox 523 4472 2108 4548">
    <p class='ocr_par' dir='ltr' id='par_1_66' title="bbox 523 4472 2108 4548">
     <span class='ocr_line' id='line_1_66' title="bbox 523 4472 2108 4548; baseline 0.001 -21"><span class='ocrx_word' id='word_1_479' title='bbox 523 4473 632 4548; x_wconf 30' lang='lat'><strong><em>(5‘6)</em></strong></span> <span class='ocrx_word' id='word_1_480' title='bbox 683 4472 978 4548; x_wconf 52' lang='lat' dir='ltr'><strong><em>Bactlsioc&#39;</em></strong></span> <span class='ocrx_word' id='word_1_481' title='bbox 1009 4478 1299 4548; x_wconf 77' lang='grc' dir='ltr'>Γρηγορίῳ.</span> <span class='ocrx_word' id='word_1_482' title='bbox 1340 4473 1786 4548; x_wconf 80' lang='lat' dir='ltr'><strong><em>Iiunc_titulum</em></strong></span> <span class='ocrx_word' id='word_1_483' title='bbox 1819 4473 2108 4548; x_wconf 74' lang='lat' dir='ltr'><strong><em>eruimus</em></strong></span> 
     </span>
    </p>
   </div>
   <div class='ocr_carea' id='block_1_67' title="bbox 449 4543 2108 4614">
    <p class='ocr_par' dir='ltr' id='par_1_67' title="bbox 449 4543 2108 4614">
     <span class='ocr_line' id='line_1_67' title="bbox 449 4543 2108 4614; baseline 0.001 -15"><span class='ocrx_word' id='word_1_484' title='bbox 449 4559 523 4599; x_wconf 81' lang='lat' dir='ltr'><strong><em>ex</em></strong></span> <span class='ocrx_word' id='word_1_485' title='bbox 552 4543 794 4598; x_wconf 89' lang='lat' dir='ltr'><strong><em>duobus</em></strong></span> <span class='ocrx_word' id='word_1_486' title='bbox 842 4543 1267 4600; x_wconf 79' lang='lat' dir='ltr'><strong><em>vetustissimis</em></strong></span> <span class='ocrx_word' id='word_1_487' title='bbox 1321 4544 1655 4614; x_wconf 88' lang='lat' dir='ltr'><strong><em>codicibus,</em></strong></span> <span class='ocrx_word' id='word_1_488' title='bbox 1700 4544 2011 4600; x_wconf 73' lang='lat' dir='ltr'><strong><em>Harlieano</em></strong></span> <span class='ocrx_word' id='word_1_489' title='bbox 2054 4550 2108 4600; x_wconf 91' lang='lat' dir='ltr'><strong><em>et</em></strong></span> 
     </span>
    </p>
   </div>
   <div class='ocr_carea' id='block_1_68' title="bbox 447 4614 2108 4690">
    <p class='ocr_par' dir='ltr' id='par_1_68' title="bbox 447 4614 2108 4690">
     <span class='ocr_line' id='line_1_68' title="bbox 447 4614 2108 4690; baseline -0.001 -21"><span class='ocrx_word' id='word_1_490' title='bbox 447 4614 810 4690; x_wconf 67' lang='lat' dir='ltr'><strong><em>Qoisliniapo</em></strong></span> <span class='ocrx_word' id='word_1_491' title='bbox 842 4616 1060 4690; x_wconf 87' lang='lat' dir='ltr'><strong><em>primo.</em></strong></span> <span class='ocrx_word' id='word_1_492' title='bbox 1112 4616 1352 4690; x_wconf 66' lang='lat' dir='ltr'><strong><em>Legitur</em></strong></span> <span class='ocrx_word' id='word_1_493' title='bbox 1395 4617 1457 4671; x_wconf 90' lang='lat' dir='ltr'><strong><em>in</em></strong></span> <span class='ocrx_word' id='word_1_494' title='bbox 1489 4615 1796 4671; x_wconf 86' lang='lat' dir='ltr'><strong><em>nonnullis</em></strong></span> <span class='ocrx_word' id='word_1_495' title='bbox 1843 4621 2108 4690; x_wconf 75' lang='grc' dir='ltr'>Γρηγορίῳ</span> 
     </span>
    </p>
   </div>
   <div class='ocr_carea' id='block_1_69' title="bbox 451 4685 1231 4760">
    <p class='ocr_par' dir='ltr' id='par_1_69' title="bbox 451 4685 1231 4760">
     <span class='ocr_line' id='line_1_69' title="bbox 451 4685 1231 4760; baseline 0.005 -22"><span class='ocrx_word' id='word_1_496' title='bbox 451 4685 676 4760; x_wconf 70' lang='grc' dir='ltr'>ἑταίρῳ,</span> <span class='ocrx_word' id='word_1_497' title='bbox 699 4685 991 4757; x_wconf 58' lang='lat' dir='ltr'><strong><em>Gregorio</em></strong></span> <span class='ocrx_word' id='word_1_498' title='bbox 1016 4687 1231 4742; x_wconf 84' lang='lat' dir='ltr'><strong><em>sodali.</em></strong></span> 
     </span>
    </p>
   </div>
   <div class='ocr_carea' id='block_1_70' title="bbox 521 4757 2112 4830">
    <p class='ocr_par' dir='ltr' id='par_1_70' title="bbox 521 4757 2112 4830">
     <span class='ocr_line' id='line_1_70' title="bbox 521 4757 2112 4830; baseline 0 -17"><span class='ocrx_word' id='word_1_499' title='bbox 521 4757 637 4827; x_wconf 30' lang='lat'><strong><em>(57’)</em></strong></span> <span class='ocrx_word' id='word_1_500' title='bbox 667 4758 1123 4830; x_wconf 64' lang='grc' dir='ltr'>ξΕπιγινώσκουσι.</span> <span class='ocrx_word' id='word_1_501' title='bbox 1158 4761 1242 4814; x_wconf 91' lang='lat' dir='ltr'><strong><em>lta</em></strong></span> <span class='ocrx_word' id='word_1_502' title='bbox 1275 4757 1923 4830; x_wconf 80' lang='lat' dir='ltr'><strong><em>vetustissimiquique</em></strong></span> <span class='ocrx_word' id='word_1_503' title='bbox 1951 4757 2112 4813; x_wconf 87' lang='lat' dir='ltr'><strong><em>codi-</em></strong></span> 
     </span>
    </p>
   </div>
   <div class='ocr_carea' id='block_1_71' title="bbox 449 4827 2110 4901">
    <p class='ocr_par' dir='ltr' id='par_1_71' title="bbox 449 4827 2110 4901">
     <span class='ocr_line' id='line_1_71' title="bbox 449 4827 2110 4901; baseline -0.002 -16"><span class='ocrx_word' id='word_1_504' title='bbox 449 4843 567 4885; x_wconf 86' lang='lat' dir='ltr'><strong><em>ces.</em></strong></span> <span class='ocrx_word' id='word_1_505' title='bbox 602 4829 753 4884; x_wconf 85' lang='lat' dir='ltr'><strong><em>Editi</em></strong></span> <span class='ocrx_word' id='word_1_506' title='bbox 781 4827 1208 4901; x_wconf 72' lang='grc' dir='ltr'>ἱκγινώσκουσιν.</span> <span class='ocrx_word' id='word_1_507' title='bbox 1244 4827 2110 4901; x_wconf 15' lang='grc' dir='ltr'>[ΙῐιυεβινΒθςϋέέπιγινώσκον-</span> 
     </span>
    </p>
   </div>
   <div class='ocr_carea' id='block_1_72' title="bbox 448 4900 1839 4974">
    <p class='ocr_par' dir='ltr' id='par_1_72' title="bbox 448 4900 1839 4974">
     <span class='ocr_line' id='line_1_72' title="bbox 448 4900 1839 4974; baseline 0.002 -21"><span class='ocrx_word' id='word_1_508' title='bbox 448 4920 550 4963; x_wconf 84' lang='grc' dir='ltr'>τις.</span> <span class='ocrx_word' id='word_1_509' title='bbox 588 4900 855 4974; x_wconf 78' lang='lat' dir='ltr'><strong><em>Subinde</em></strong></span> <span class='ocrx_word' id='word_1_510' title='bbox 879 4909 1102 4974; x_wconf 79' lang='lat' dir='ltr'><strong><em>veteres</em></strong></span> <span class='ocrx_word' id='word_1_511' title='bbox 1135 4900 1521 4972; x_wconf 84' lang='lat' dir='ltr'><strong><em>aliquotlibri</em></strong></span> <span class='ocrx_word' id='word_1_512' title='bbox 1551 4921 1600 4953; x_wconf 86' lang='grc' dir='ltr'><strong><em>τι</em></strong></span> <span class='ocrx_word' id='word_1_513' title='bbox 1626 4903 1839 4974; x_wconf 85' lang='grc' dir='ltr'>μαθοις.</span> 
     </span>
    </p>
   </div>
   <div class='ocr_carea' id='block_1_73' title="bbox 525 4971 1154 5041">
    <p class='ocr_par' dir='ltr' id='par_1_73' title="bbox 525 4971 1154 5041">
     <span class='ocr_line' id='line_1_73' title="bbox 525 4971 1154 5041; baseline 0 -13"><span class='ocrx_word' id='word_1_514' title='bbox 525 4972 638 5041; x_wconf 76' lang='grc'><strong><em>(58)</em></strong></span> <span class='ocrx_word' id='word_1_515' title='bbox 668 4971 811 5027; x_wconf 90' lang='lat' dir='ltr'><strong><em>Vide</em></strong></span> <span class='ocrx_word' id='word_1_516' title='bbox 841 4972 1154 5028; x_wconf 82' lang='lat' dir='ltr'><strong><em>Addenda.</em></strong></span> 
     </span>
    </p>
   </div>
   <div class='ocr_carea' id='block_1_74' title="bbox 524 5042 2111 5116">
    <p class='ocr_par' dir='ltr' id='par_1_74' title="bbox 524 5042 2111 5116">
     <span class='ocr_line' id='line_1_74' title="bbox 524 5042 2111 5116; baseline 0 -18"><span class='ocrx_word' id='word_1_517' title='bbox 524 5043 882 5116; x_wconf 46' lang='grc' dir='ltr'>(ὅθιβᾼξιον.</span> <span class='ocrx_word' id='word_1_518' title='bbox 932 5043 1119 5116; x_wconf 13' lang='lat' dir='ltr'><strong><em>Hanc,</em></strong></span> <span class='ocrx_word' id='word_1_519' title='bbox 1147 5059 1360 5099; x_wconf 90' lang='lat' dir='ltr'><strong><em>vocem</em></strong></span> <span class='ocrx_word' id='word_1_520' title='bbox 1411 5042 1777 5116; x_wconf 9' lang='lat' dir='ltr'><strong><em>addidimus,</em></strong></span> <span class='ocrx_word' id='word_1_521' title='bbox 1820 5043 2111 5104; x_wconf 57' lang='lat' dir='ltr'><strong><em>extribus</em></strong></span> 
     </span>
    </p>
   </div>
   <div class='ocr_carea' id='block_1_75' title="bbox 450 5115 2113 5180">
    <p class='ocr_par' dir='ltr' id='par_1_75' title="bbox 450 5115 2113 5180">
     <span class='ocr_line' id='line_1_75' title="bbox 450 5115 2113 5180; baseline 0.001 -11"><span class='ocrx_word' id='word_1_522' title='bbox 450 5115 876 5171; x_wconf 87' lang='lat' dir='ltr'><strong><em>vetustissimis</em></strong></span> <span class='ocrx_word' id='word_1_523' title='bbox 910 5115 1244 5170; x_wconf 85' lang='lat' dir='ltr'><strong><em>codicibus.</em></strong></span> <span class='ocrx_word' id='word_1_524' title='bbox 1290 5115 1469 5180; x_wconf 80' lang='lat' dir='ltr'><strong><em>HarL,</em></strong></span> <span class='ocrx_word' id='word_1_525' title='bbox 1514 5115 1666 5170; x_wconf 83' lang='lat' dir='ltr'><strong><em>Coisl</em></strong></span> <span class='ocrx_word' id='word_1_526' title='bbox 1691 5115 1890 5180; x_wconf 83' lang='lat' dir='ltr'><strong><em>primo</em></strong></span> <span class='ocrx_word' id='word_1_527' title='bbox 1919 5123 1977 5170; x_wconf 88' lang='lat' dir='ltr'><strong><em>et</em></strong></span> <span class='ocrx_word' id='word_1_528' title='bbox 2006 5118 2113 5170; x_wconf 82' lang='lat' dir='ltr'><strong><em>Me-</em></strong></span> 
     </span>
    </p>
   </div>
   <div class='ocr_carea' id='block_1_76' title="bbox 452 5185 1826 5254">
    <p class='ocr_par' dir='ltr' id='par_1_76' title="bbox 452 5185 1826 5254">
     <span class='ocr_line' id='line_1_76' title="bbox 452 5185 1826 5254; baseline 0 -12"><span class='ocrx_word' id='word_1_529' title='bbox 452 5187 664 5242; x_wconf 75' lang='lat' dir='ltr'><strong><em>dicam.</em></strong></span> <span class='ocrx_word' id='word_1_530' title='bbox 709 5187 801 5243; x_wconf 80' lang='lat' dir='ltr'><strong><em>Sic</em></strong></span> <span class='ocrx_word' id='word_1_531' title='bbox 824 5185 1002 5241; x_wconf 87' lang='lat' dir='ltr'><strong><em>etiam</em></strong></span> <span class='ocrx_word' id='word_1_532' title='bbox 1035 5187 1217 5242; x_wconf 81' lang='lat' dir='ltr'><strong><em>liabet</em></strong></span> <span class='ocrx_word' id='word_1_533' title='bbox 1244 5188 1460 5254; x_wconf 80' lang='lat' dir='ltr'><strong><em>Regius</em></strong></span> <span class='ocrx_word' id='word_1_534' title='bbox 1494 5189 1826 5242; x_wconf 81' lang='lat' dir='ltr'><strong><em>secundus.</em></strong></span> 
     </span>
    </p>
   </div>
   <div class='ocr_carea' id='block_1_77' title="bbox 525 5257 2113 5334">
    <p class='ocr_par' dir='ltr' id='par_1_77' title="bbox 525 5257 2113 5334">
     <span class='ocr_line' id='line_1_77' title="bbox 525 5257 2113 5334; baseline -0.002 -19"><span class='ocrx_word' id='word_1_535' title='bbox 525 5262 636 5329; x_wconf 74' lang='lat'><strong><em>(60;</em></strong></span> <span class='ocrx_word' id='word_1_536' title='bbox 669 5260 1093 5334; x_wconf 75' lang='grc' dir='ltr'>Ἀπορουμένοις.</span> <span class='ocrx_word' id='word_1_537' title='bbox 1130 5259 1252 5328; x_wconf 90' lang='lat' dir='ltr'><strong><em>Ope</em></strong></span> <span class='ocrx_word' id='word_1_538' title='bbox 1281 5258 1928 5334; x_wconf 64' lang='lat' dir='ltr'><strong><em>eorumdemquamor</em></strong></span> <span class='ocrx_word' id='word_1_539' title='bbox 1950 5257 2113 5334; x_wconf 87' lang='lat' dir='ltr'><strong><em>codi-</em></strong></span> 
     </span>
    </p>
   </div>
   <div class='ocr_carea' id='block_1_78' title="bbox 453 5328 2113 5414">
    <p class='ocr_par' dir='ltr' id='par_1_78' title="bbox 453 5328 2113 5414">
     <span class='ocr_line' id='line_1_78' title="bbox 453 5328 2113 5414; baseline -0.001 -31"><span class='ocrx_word' id='word_1_540' title='bbox 453 5328 593 5410; x_wconf 73' lang='lat' dir='ltr'><strong><em>cum</em></strong></span> <span class='ocrx_word' id='word_1_541' title='bbox 625 5328 1082 5414; x_wconf 62' lang='lat' dir='ltr'><strong><em>emendavimus</em></strong></span> <span class='ocrx_word' id='word_1_542' title='bbox 1131 5331 1296 5402; x_wconf 83' lang='lat' dir='ltr'><strong><em>quod</em></strong></span> <span class='ocrx_word' id='word_1_543' title='bbox 1345 5329 1405 5384; x_wconf 89' lang='lat' dir='ltr'><strong><em>in</em></strong></span> <span class='ocrx_word' id='word_1_544' title='bbox 1433 5328 1607 5384; x_wconf 90' lang='lat' dir='ltr'><strong><em>editis</em></strong></span> <span class='ocrx_word' id='word_1_545' title='bbox 1637 5329 1950 5398; x_wconf 87' lang='lat' dir='ltr'><strong><em>legebatur</em></strong></span> <span class='ocrx_word' id='word_1_546' title='bbox 1978 5333 2113 5381; x_wconf 73' lang='grc' dir='ltr'>κατὰ</span> 
     </span>
    </p>
   </div>
   <div class='ocr_carea' id='block_1_79' title="bbox 455 5407 1099 5475">
    <p class='ocr_par' dir='ltr' id='par_1_79' title="bbox 455 5407 1099 5475">
     <span class='ocr_line' id='line_1_79' title="bbox 455 5407 1099 5475; baseline 0.005 -23"><span class='ocrx_word' id='word_1_547' title='bbox 455 5407 682 5458; x_wconf 78' lang='grc' dir='ltr'>πλοῦν...</span> <span class='ocrx_word' id='word_1_548' title='bbox 713 5407 1099 5475; x_wconf 72' lang='grc' dir='ltr'>ἀπολλυμένοις.</span> 
     </span>
    </p>
   </div>
   <div class='ocr_carea' id='block_1_80' title="bbox 531 5470 2115 5543">
    <p class='ocr_par' dir='ltr' id='par_1_80' title="bbox 531 5470 2115 5543">
     <span class='ocr_line' id='line_1_80' title="bbox 531 5470 2115 5543; baseline -0.001 -16"><span class='ocrx_word' id='word_1_549' title='bbox 531 5476 645 5541; x_wconf 80' lang='grc'><strong><em>(61)</em></strong></span> <span class='ocrx_word' id='word_1_550' title='bbox 706 5470 922 5532; x_wconf 71' lang='grc' dir='ltr'>Ἀηδιαζ</span> <span class='ocrx_word' id='word_1_551' title='bbox 979 5474 1072 5530; x_wconf 91' lang='lat' dir='ltr'><strong><em>Sic</em></strong></span> <span class='ocrx_word' id='word_1_552' title='bbox 1123 5472 1304 5528; x_wconf 83' lang='lat' dir='ltr'><strong><em>editio</em></strong></span> <span class='ocrx_word' id='word_1_553' title='bbox 1357 5470 1961 5543; x_wconf 81' lang='lat' dir='ltr'><strong><em>Basileensis,Coisl.</em></strong></span> <span class='ocrx_word' id='word_1_554' title='bbox 1997 5472 2115 5543; x_wconf 89' lang='lat' dir='ltr'><strong><em>pri-</em></strong></span> 
     </span>
    </p>
   </div>
   <div class='ocr_carea' id='block_1_81' title="bbox 456 5542 2113 5616">
    <p class='ocr_par' dir='ltr' id='par_1_81' title="bbox 456 5542 2113 5616">
     <span class='ocr_line' id='line_1_81' title="bbox 456 5542 2113 5616; baseline -0.002 -14"><span class='ocrx_word' id='word_1_555' title='bbox 456 5558 614 5616; x_wconf 84' lang='lat' dir='ltr'><strong><em>mus,</em></strong></span> <span class='ocrx_word' id='word_1_556' title='bbox 666 5547 985 5602; x_wconf 87' lang='lat' dir='ltr'><strong><em>Vaticanus</em></strong></span> <span class='ocrx_word' id='word_1_557' title='bbox 1017 5545 1244 5602; x_wconf 90' lang='lat' dir='ltr'><strong><em>etalius</em></strong></span> <span class='ocrx_word' id='word_1_558' title='bbox 1277 5559 1314 5600; x_wconf 89' lang='lat' dir='ltr'><strong><em>a</em></strong></span> <span class='ocrx_word' id='word_1_559' title='bbox 1335 5542 1695 5602; x_wconf 85' lang='lat' dir='ltr'><strong><em>Combeﬁsio</em></strong></span> <span class='ocrx_word' id='word_1_560' title='bbox 1717 5542 1956 5601; x_wconf 87' lang='lat' dir='ltr'><strong><em>citatus.</em></strong></span> <span class='ocrx_word' id='word_1_561' title='bbox 1987 5542 2113 5599; x_wconf 86' lang='lat' dir='ltr'><strong><em>Edi-</em></strong></span> 
     </span>
    </p>
   </div>
   <div class='ocr_carea' id='block_1_82' title="bbox 2209 2241 3819 2316">
    <p class='ocr_par' dir='ltr' id='par_1_82' title="bbox 2209 2241 3819 2316">
     <span class='ocr_line' id='line_1_82' title="bbox 2209 2241 3819 2316; baseline -0.004 -15"><span class='ocrx_word' id='word_1_562' title='bbox 2209 2264 2316 2306; x_wconf 89' lang='grc' dir='ltr'>νοις</span> <span class='ocrx_word' id='word_1_563' title='bbox 2360 2247 2474 2314; x_wconf 83' lang='grc'><strong><em>(60)</em></strong></span> <span class='ocrx_word' id='word_1_564' title='bbox 2529 2250 2619 2297; x_wconf 81' lang='grc' dir='ltr'>καὶ</span> <span class='ocrx_word' id='word_1_565' title='bbox 2666 2253 2971 2297; x_wconf 78' lang='grc' dir='ltr'>ναυτιῶσινο</span> <span class='ocrx_word' id='word_1_566' title='bbox 3029 2244 3077 2297; x_wconf 78' lang='grc' dir='ltr'>οἱ</span> <span class='ocrx_word' id='word_1_567' title='bbox 3115 2253 3186 2315; x_wconf 81' lang='grc' dir='ltr'>τῷ</span> <span class='ocrx_word' id='word_1_568' title='bbox 3239 2245 3445 2316; x_wconf 77' lang='grc' dir='ltr'>μεγέθει</span> <span class='ocrx_word' id='word_1_569' title='bbox 3493 2251 3585 2295; x_wconf 86' lang='grc' dir='ltr'><strong><em>τοῦ</em></strong></span> <span class='ocrx_word' id='word_1_570' title='bbox 3632 2241 3819 2294; x_wconf 79' lang='grc' dir='ltr'>πλοίου</span> 
     </span>
    </p>
   </div>
   <div class='ocr_carea' id='block_1_83' title="bbox 2213 2331 3816 2406">
    <p class='ocr_par' dir='ltr' id='par_1_83' title="bbox 2213 2331 3816 2406">
     <span class='ocr_line' id='line_1_83' title="bbox 2213 2331 3816 2406; baseline -0.002 -19"><span class='ocrx_word' id='word_1_571' title='bbox 2213 2331 2677 2406; x_wconf 79' lang='grc' dir='ltr'>δυσχεραίνουσιν,</span> <span class='ocrx_word' id='word_1_572' title='bbox 2744 2338 2807 2395; x_wconf 79' lang='grc' dir='ltr'>ὡς</span> <span class='ocrx_word' id='word_1_573' title='bbox 2891 2333 3049 2386; x_wconf 84' lang='grc' dir='ltr'>πολὺν</span> <span class='ocrx_word' id='word_1_574' title='bbox 3091 2337 3178 2386; x_wconf 86' lang='grc' dir='ltr'>τὸν</span> <span class='ocrx_word' id='word_1_575' title='bbox 3245 2333 3401 2385; x_wconf 77' lang='grc' dir='ltr'>σοὶλον</span> <span class='ocrx_word' id='word_1_576' title='bbox 3449 2335 3816 2406; x_wconf 77' lang='grc' dir='ltr'>παρεχομένῳ,</span> 
     </span>
    </p>
   </div>
   <div class='ocr_carea' id='block_1_84' title="bbox 2210 2420 3818 2496">
    <p class='ocr_par' dir='ltr' id='par_1_84' title="bbox 2210 2420 3818 2496">
     <span class='ocr_line' id='line_1_84' title="bbox 2210 2420 3818 2496; baseline -0.002 -21"><span class='ocrx_word' id='word_1_577' title='bbox 2210 2424 2444 2476; x_wconf 76' lang='grc' dir='ltr'>κάκεῖθεν</span> <span class='ocrx_word' id='word_1_578' title='bbox 2488 2421 2571 2475; x_wconf 70' lang='grc' dir='ltr'><strong><em>ἐπὶ</em></strong></span> <span class='ocrx_word' id='word_1_579' title='bbox 2616 2427 2704 2476; x_wconf 85' lang='grc' dir='ltr'><strong><em>τόν</em></strong></span> <span class='ocrx_word' id='word_1_580' title='bbox 2749 2422 2933 2496; x_wconf 76' lang='grc' dir='ltr'>λέμϐον</span> <span class='ocrx_word' id='word_1_581' title='bbox 2973 2423 3002 2482; x_wconf 78' lang='grc' dir='ltr'><strong>ἣ</strong></span> <span class='ocrx_word' id='word_1_582' title='bbox 3045 2427 3103 2475; x_wconf 83' lang='grc' dir='ltr'>τὸ</span> <span class='ocrx_word' id='word_1_583' title='bbox 3144 2423 3356 2475; x_wconf 76' lang='grc' dir='ltr'>ἀκάτιον</span> <span class='ocrx_word' id='word_1_584' title='bbox 3401 2420 3818 2494; x_wconf 73' lang='grc' dir='ltr'>μεταϐαίνοντες»</span> 
     </span>
    </p>
   </div>
   <div class='ocr_carea' id='block_1_85' title="bbox 2211 2511 3820 2585">
    <p class='ocr_par' dir='ltr' id='par_1_85' title="bbox 2211 2511 3820 2585">
     <span class='ocr_line' id='line_1_85' title="bbox 2211 2511 3820 2585; baseline -0.003 -19"><span class='ocrx_word' id='word_1_585' title='bbox 2211 2520 2485 2583; x_wconf 76' lang='grc' dir='ltr'>πανταχοῦ</span> <span class='ocrx_word' id='word_1_586' title='bbox 2545 2521 2794 2564; x_wconf 80' lang='grc' dir='ltr'>ναυτιῶσι</span> <span class='ocrx_word' id='word_1_587' title='bbox 2849 2518 2939 2564; x_wconf 84' lang='grc' dir='ltr'><strong><em>καὶ</em></strong></span> <span class='ocrx_word' id='word_1_588' title='bbox 2994 2511 3326 2585; x_wconf 75' lang='grc' dir='ltr'>ἀποροῦνται·</span> <span class='ocrx_word' id='word_1_589' title='bbox 3392 2515 3820 2583; x_wconf 81' lang='grc' dir='ltr'>συμμετέρχεται</span> 
     </span>
    </p>
   </div>
   <div class='ocr_carea' id='block_1_86' title="bbox 2211 2597 3821 2676">
    <p class='ocr_par' dir='ltr' id='par_1_86' title="bbox 2211 2597 3821 2676">
     <span class='ocr_line' id='line_1_86' title="bbox 2211 2597 3821 2676; baseline -0.002 -24"><span class='ocrx_word' id='word_1_590' title='bbox 2211 2604 2312 2676; x_wconf 80' lang='grc' dir='ltr'>γὰρ</span> <span class='ocrx_word' id='word_1_591' title='bbox 2354 2601 2528 2662; x_wconf 72' lang='grc' dir='ltr'>αὐτοῖς</span> <span class='ocrx_word' id='word_1_592' title='bbox 2582 2597 2610 2659; x_wconf 76' lang='grc' dir='ltr'><strong>ἦ</strong></span> <span class='ocrx_word' id='word_1_593' title='bbox 2656 2597 2822 2659; x_wconf 81' lang='grc' dir='ltr'>ἀηδία</span> <span class='ocrx_word' id='word_1_594' title='bbox 2856 2602 2969 2672; x_wconf 76' lang='lat' dir='ltr'><strong><em>(6i)</em></strong></span> <span class='ocrx_word' id='word_1_595' title='bbox 2997 2606 3084 2653; x_wconf 84' lang='grc' dir='ltr'>καὶ</span> <span class='ocrx_word' id='word_1_596' title='bbox 3106 2603 3135 2659; x_wconf 83' lang='grc' dir='ltr'><strong>ή</strong></span> <span class='ocrx_word' id='word_1_597' title='bbox 3168 2600 3344 2672; x_wconf 77' lang='grc' dir='ltr'>χωλή.</span> <span class='ocrx_word' id='word_1_598' title='bbox 3371 2607 3612 2653; x_wconf 87' lang='grc' dir='ltr'>Τοιοῦτον</span> <span class='ocrx_word' id='word_1_599' title='bbox 3649 2599 3739 2651; x_wconf 83' lang='grc' dir='ltr'>οὖν</span> <span class='ocrx_word' id='word_1_600' title='bbox 3763 2617 3821 2649; x_wconf 83' lang='grc' dir='ltr'><strong><em>τι</em></strong></span> 
     </span>
    </p>
   </div>
   <div class='ocr_carea' id='block_1_87' title="bbox 2213 2691 3823 2764">
    <p class='ocr_par' dir='ltr' id='par_1_87' title="bbox 2213 2691 3823 2764">
     <span class='ocr_line' id='line_1_87' title="bbox 2213 2691 3823 2764; baseline -0.002 -22"><span class='ocrx_word' id='word_1_601' title='bbox 2213 2696 2302 2742; x_wconf 85' lang='grc' dir='ltr'>καὶ</span> <span class='ocrx_word' id='word_1_602' title='bbox 2353 2694 2410 2742; x_wconf 86' lang='grc' dir='ltr'>τὸ</span> <span class='ocrx_word' id='word_1_603' title='bbox 2472 2693 2739 2764; x_wconf 78' lang='grc' dir='ltr'>ἡμέτερον.</span> <span class='ocrx_word' id='word_1_604' title='bbox 2783 2693 2860 2743; x_wconf 80' lang='grc' dir='ltr'><strong><em>Τὰ</em></strong></span> <span class='ocrx_word' id='word_1_605' title='bbox 2913 2692 3015 2763; x_wconf 74' lang='grc' dir='ltr'>γὰρ</span> <span class='ocrx_word' id='word_1_606' title='bbox 3081 2693 3255 2742; x_wconf 81' lang='grc' dir='ltr'>ἔνοικα</span> <span class='ocrx_word' id='word_1_607' title='bbox 3301 2691 3443 2747; x_wconf 78' lang='grc' dir='ltr'>πάθη</span> <span class='ocrx_word' id='word_1_608' title='bbox 3504 2692 3823 2762; x_wconf 67' lang='grc' dir='ltr'>συμπεριφέ-</span> 
     </span>
    </p>
   </div>
   <div class='ocr_carea' id='block_1_88' title="bbox 2215 2775 3816 2853">
    <p class='ocr_par' dir='ltr' id='par_1_88' title="bbox 2215 2775 3816 2853">
     <span class='ocr_line' id='line_1_88' title="bbox 2215 2775 3816 2853; baseline 0.001 -23"><span class='ocrx_word' id='word_1_609' title='bbox 2215 2798 2408 2853; x_wconf 82' lang='grc' dir='ltr'>ροντες,</span> <span class='ocrx_word' id='word_1_610' title='bbox 2468 2787 2744 2850; x_wconf 85' lang='grc' dir='ltr'>πανταχοῦ</span> <span class='ocrx_word' id='word_1_611' title='bbox 2787 2781 2918 2851; x_wconf 78' lang='grc' dir='ltr'>μετὰ</span> <span class='ocrx_word' id='word_1_612' title='bbox 2958 2787 3058 2831; x_wconf 87' lang='grc' dir='ltr'>τῶν</span> <span class='ocrx_word' id='word_1_613' title='bbox 3103 2780 3293 2852; x_wconf 81' lang='grc' dir='ltr'>ὁμοίων</span> <span class='ocrx_word' id='word_1_614' title='bbox 3356 2777 3585 2852; x_wconf 77' lang='grc' dir='ltr'>θορύϐων</span> <span class='ocrx_word' id='word_1_615' title='bbox 3639 2775 3816 2848; x_wconf 74' lang='grc' dir='ltr'>ἐσμέν.</span> 
     </span>
    </p>
   </div>
   <div class='ocr_carea' id='block_1_89' title="bbox 2218 2865 3817 2942">
    <p class='ocr_par' dir='ltr' id='par_1_89' title="bbox 2218 2865 3817 2942">
     <span class='ocr_line' id='line_1_89' title="bbox 2218 2865 3817 2942; baseline 0.001 -22"><span class='ocrx_word' id='word_1_616' title='bbox 2218 2871 2350 2921; x_wconf 79' lang='grc' dir='ltr'>ὥστε</span> <span class='ocrx_word' id='word_1_617' title='bbox 2407 2865 2556 2922; x_wconf 67' lang='grc' dir='ltr'>οὐδὲν</span> <span class='ocrx_word' id='word_1_618' title='bbox 2610 2874 2742 2941; x_wconf 81' lang='grc' dir='ltr'>μέγα</span> <span class='ocrx_word' id='word_1_619' title='bbox 2797 2877 2887 2930; x_wconf 80' lang='grc' dir='ltr'>τῆς</span> <span class='ocrx_word' id='word_1_620' title='bbox 2941 2869 3166 2942; x_wconf 70' lang='grc' dir='ltr'>ἐρημίας</span> <span class='ocrx_word' id='word_1_621' title='bbox 3217 2867 3532 2941; x_wconf 74' lang='grc' dir='ltr'>ἁπωναμεθα</span> <span class='ocrx_word' id='word_1_622' title='bbox 3593 2869 3817 2929; x_wconf 78' lang='grc' dir='ltr'>ταύτης.</span> 
     </span>
    </p>
   </div>
   <div class='ocr_carea' id='block_1_90' title="bbox 2215 2955 3820 3034">
    <p class='ocr_par' dir='ltr' id='par_1_90' title="bbox 2215 2955 3820 3034">
     <span class='ocr_line' id='line_1_90' title="bbox 2215 2955 3820 3034; baseline -0.003 -22"><span class='ocrx_word' id='word_1_623' title='bbox 2215 2959 2279 3012; x_wconf 69' lang='grc' dir='ltr'><strong><em>ΑΑ</em></strong></span> <span class='ocrx_word' id='word_1_624' title='bbox 2336 2963 2511 3031; x_wconf 81' lang='grc' dir='ltr'>μέντοι</span> <span class='ocrx_word' id='word_1_625' title='bbox 2567 2965 2732 3015; x_wconf 84' lang='grc' dir='ltr'>ποιεῖν</span> <span class='ocrx_word' id='word_1_626' title='bbox 2781 2960 2904 3025; x_wconf 79' lang='grc' dir='ltr'>ἔχει,</span> <span class='ocrx_word' id='word_1_627' title='bbox 2949 2963 3039 3009; x_wconf 83' lang='grc' dir='ltr'><strong><em>καὶ</em></strong></span> <span class='ocrx_word' id='word_1_628' title='bbox 3069 2959 3180 3010; x_wconf 86' lang='grc' dir='ltr'>ὅθεν</span> <span class='ocrx_word' id='word_1_629' title='bbox 3212 2957 3436 3034; x_wconf 79' lang='grc' dir='ltr'>ὑπῆρξεν</span> <span class='ocrx_word' id='word_1_630' title='bbox 3467 2955 3527 3008; x_wconf 83' lang='grc' dir='ltr'><strong><em>διν</em></strong></span> <span class='ocrx_word' id='word_1_631' title='bbox 3567 2958 3694 3028; x_wconf 85' lang='grc' dir='ltr'>ἡμῖν</span> <span class='ocrx_word' id='word_1_632' title='bbox 3717 2964 3820 3008; x_wconf 83' lang='grc' dir='ltr'>τῶν</span> 
     </span>
    </p>
   </div>
   <div class='ocr_carea' id='block_1_91' title="bbox 2221 3047 3820 3123">
    <p class='ocr_par' dir='ltr' id='par_1_91' title="bbox 2221 3047 3820 3123">
     <span class='ocr_line' id='line_1_91' title="bbox 2221 3047 3820 3123; baseline -0.003 -23"><span class='ocrx_word' id='word_1_633' title='bbox 2221 3049 2380 3119; x_wconf 82' lang='grc' dir='ltr'>ἰχνῶν</span> <span class='ocrx_word' id='word_1_634' title='bbox 2437 3049 2658 3119; x_wconf 77' lang='grc' dir='ltr'>ἔχεσθαι</span> <span class='ocrx_word' id='word_1_635' title='bbox 2719 3055 2810 3098; x_wconf 86' lang='grc' dir='ltr'><strong><em>τοῦ</em></strong></span> <span class='ocrx_word' id='word_1_636' title='bbox 2872 3050 2998 3123; x_wconf 87' lang='grc' dir='ltr'>πρὸς</span> <span class='ocrx_word' id='word_1_637' title='bbox 3051 3051 3314 3120; x_wconf 74' lang='grc' dir='ltr'>σωτηρίαν</span> <span class='ocrx_word' id='word_1_638' title='bbox 3375 3047 3820 3118; x_wconf 72' lang='grc' dir='ltr'>καθηγησαμένου</span> 
     </span>
    </p>
   </div>
   <div class='ocr_carea' id='block_1_92' title="bbox 2219 3131 3823 3210">
    <p class='ocr_par' dir='ltr' id='par_1_92' title="bbox 2219 3131 3823 3210">
     <span class='ocr_line' id='line_1_92' title="bbox 2219 3131 3823 3210; baseline -0.004 -21"><span class='ocrx_word' id='word_1_639' title='bbox 2219 3137 2303 3207; x_wconf 80' lang='grc' dir='ltr'><strong><em>(Εἴ</em></strong></span> <span class='ocrx_word' id='word_1_640' title='bbox 2348 3156 2428 3198; x_wconf 88' lang='grc' dir='ltr'><strong><em>τις</em></strong></span> <span class='ocrx_word' id='word_1_641' title='bbox 2483 3138 2607 3210; x_wconf 79' lang='grc' dir='ltr'>γὰρ,</span> <span class='ocrx_word' id='word_1_642' title='bbox 2661 3141 2790 3208; x_wconf 75' lang='grc' dir='ltr'><strong><em>φησί</em></strong></span> <span class='ocrx_word' id='word_1_643' title='bbox 2851 3135 2982 3188; x_wconf 79' lang='grc' dir='ltr'>θέλει</span> <span class='ocrx_word' id='word_1_644' title='bbox 3029 3135 3200 3188; x_wconf 85' lang='grc' dir='ltr'>ὀπίσω</span> <span class='ocrx_word' id='word_1_645' title='bbox 3230 3154 3330 3207; x_wconf 83' lang='grc' dir='ltr'><strong><em>μου</em></strong></span> <span class='ocrx_word' id='word_1_646' title='bbox 3357 3133 3535 3199; x_wconf 77' lang='grc' dir='ltr'>ἐλθεῖν,</span> <span class='ocrx_word' id='word_1_647' title='bbox 3586 3131 3823 3208; x_wconf 77' lang='grc' dir='ltr'>ἀπαρνη-</span> 
     </span>
    </p>
   </div>
   <div class='ocr_carea' id='block_1_93' title="bbox 2221 3222 3823 3298">
    <p class='ocr_par' dir='ltr' id='par_1_93' title="bbox 2221 3222 3823 3298">
     <span class='ocr_line' id='line_1_93' title="bbox 2221 3222 3823 3298; baseline -0.002 -20"><span class='ocrx_word' id='word_1_648' title='bbox 2221 3228 2405 3279; x_wconf 80' lang='grc' dir='ltr'>σάσθω</span> <span class='ocrx_word' id='word_1_649' title='bbox 2461 3225 2660 3289; x_wconf 73' lang='grc' dir='ltr'>ἑαυτὸν,</span> <span class='ocrx_word' id='word_1_650' title='bbox 2716 3229 2806 3277; x_wconf 86' lang='grc' dir='ltr'>καὶ</span> <span class='ocrx_word' id='word_1_651' title='bbox 2859 3222 3033 3298; x_wconf 75' lang='grc' dir='ltr'>ἀράτω</span> <span class='ocrx_word' id='word_1_652' title='bbox 3088 3227 3174 3276; x_wconf 83' lang='grc' dir='ltr'>τὸν</span> <span class='ocrx_word' id='word_1_653' title='bbox 3230 3227 3457 3297; x_wconf 75' lang='grc' dir='ltr'>σταυρὸν</span> <span class='ocrx_word' id='word_1_654' title='bbox 3515 3223 3823 3291; x_wconf 73' lang='grc' dir='ltr'>αὖτοῦ,καὶ</span> 
     </span>
    </p>
   </div>
   <div class='ocr_carea' id='block_1_94' title="bbox 2219 3314 3084 3388">
    <p class='ocr_par' dir='ltr' id='par_1_94' title="bbox 2219 3314 3084 3388">
     <span class='ocr_line' id='line_1_94' title="bbox 2219 3314 3084 3388; baseline -0.003 -21"><span class='ocrx_word' id='word_1_655' title='bbox 2219 3314 2550 3368; x_wconf 75' lang='grc' dir='ltr'>ἐκολουθείτω</span> <span class='ocrx_word' id='word_1_656' title='bbox 2574 3315 2704 3388; x_wconf 81' lang='grc' dir='ltr'>μοι),</span> <span class='ocrx_word' id='word_1_657' title='bbox 2732 3321 2901 3366; x_wconf 84' lang='grc' dir='ltr'>ταῦτα</span> <span class='ocrx_word' id='word_1_658' title='bbox 2924 3316 3084 3366; x_wconf 71' lang='grc' dir='ltr'>ἔστιν.</span> 
     </span>
    </p>
   </div>
   <div class='ocr_carea' id='block_1_95' title="bbox 2288 3492 3826 3566">
    <p class='ocr_par' dir='ltr' id='par_1_95' title="bbox 2288 3492 3826 3566">
     <span class='ocr_line' id='line_1_95' title="bbox 2288 3492 3826 3566; baseline -0.003 -19"><span class='ocrx_word' id='word_1_659' title='bbox 2288 3497 2342 3549; x_wconf 81' lang='lat'><strong><em>2.</em></strong></span> <span class='ocrx_word' id='word_1_660' title='bbox 2384 3496 2466 3547; x_wconf 84' lang='grc' dir='ltr'>Ἐν</span> <span class='ocrx_word' id='word_1_661' title='bbox 2523 3497 2735 3566; x_wconf 76' lang='grc' dir='ltr'>ἠσυχίᾳ</span> <span class='ocrx_word' id='word_1_662' title='bbox 2773 3493 2885 3563; x_wconf 79' lang='lat'><strong><em>(62)</em></strong></span> <span class='ocrx_word' id='word_1_663' title='bbox 2915 3496 3000 3544; x_wconf 88' lang='grc' dir='ltr'>τὸν</span> <span class='ocrx_word' id='word_1_664' title='bbox 3039 3499 3156 3544; x_wconf 89' lang='grc' dir='ltr'>νοῦν</span> <span class='ocrx_word' id='word_1_665' title='bbox 3182 3495 3324 3562; x_wconf 79' lang='grc' dir='ltr'>ἔχειν</span> <span class='ocrx_word' id='word_1_666' title='bbox 3349 3492 3632 3566; x_wconf 84' lang='grc' dir='ltr'>πειρᾶσθαι</span> <span class='ocrx_word' id='word_1_667' title='bbox 3654 3509 3826 3562; x_wconf 79' lang='grc' dir='ltr'>προσ-</span> 
     </span>
    </p>
   </div>
   <div class='ocr_carea' id='block_1_96' title="bbox 2220 3582 3826 3657">
    <p class='ocr_par' dir='ltr' id='par_1_96' title="bbox 2220 3582 3826 3657">
     <span class='ocr_line' id='line_1_96' title="bbox 2220 3582 3826 3657; baseline -0.001 -23"><span class='ocrx_word' id='word_1_668' title='bbox 2220 3587 2356 3641; x_wconf 72' lang='grc' dir='ltr'>ήκει.</span> <span class='ocrx_word' id='word_1_669' title='bbox 2395 3584 2484 3646; x_wconf 80' lang='grc' dir='ltr'>Ὠς</span> <span class='ocrx_word' id='word_1_670' title='bbox 2534 3588 2635 3657; x_wconf 77' lang='grc' dir='ltr'>γὰρ</span> <span class='ocrx_word' id='word_1_671' title='bbox 2696 3582 2958 3654; x_wconf 68' lang='grc' dir='ltr'>ὀφθαλμὸν</span> <span class='ocrx_word' id='word_1_672' title='bbox 3014 3586 3385 3656; x_wconf 72' lang='grc' dir='ltr'>περιαγόμενον</span> <span class='ocrx_word' id='word_1_673' title='bbox 3443 3588 3696 3650; x_wconf 67' lang='grc' dir='ltr'>συνεχῶς,</span> <span class='ocrx_word' id='word_1_674' title='bbox 3725 3585 3826 3632; x_wconf 84' lang='grc' dir='ltr'>καὶ</span> 
     </span>
    </p>
   </div>
   <div class='ocr_carea' id='block_1_97' title="bbox 2217 3665 3830 3744">
    <p class='ocr_par' dir='ltr' id='par_1_97' title="bbox 2217 3665 3830 3744">
     <span class='ocr_line' id='line_1_97' title="bbox 2217 3665 3830 3744; baseline -0.001 -23"><span class='ocrx_word' id='word_1_675' title='bbox 2217 3679 2305 3722; x_wconf 84' lang='grc' dir='ltr'><strong><em>νῦν</em></strong></span> <span class='ocrx_word' id='word_1_676' title='bbox 2356 3675 2445 3740; x_wconf 67' lang='grc' dir='ltr'>μὲν</span> <span class='ocrx_word' id='word_1_677' title='bbox 2496 3671 2579 3722; x_wconf 71' lang='grc' dir='ltr'><strong><em>ἐπὶ</em></strong></span> <span class='ocrx_word' id='word_1_678' title='bbox 2632 3674 2696 3722; x_wconf 81' lang='grc' dir='ltr'>τὰ</span> <span class='ocrx_word' id='word_1_679' title='bbox 2753 3671 2950 3742; x_wconf 88' lang='grc' dir='ltr'>πλαγια</span> <span class='ocrx_word' id='word_1_680' title='bbox 3010 3675 3426 3744; x_wconf 63' lang='grc' dir='ltr'>περιφερόμενον,</span> <span class='ocrx_word' id='word_1_681' title='bbox 3479 3675 3568 3720; x_wconf 85' lang='grc' dir='ltr'><strong><em>νῦν</em></strong></span> <span class='ocrx_word' id='word_1_682' title='bbox 3600 3665 3659 3720; x_wconf 71' lang='grc' dir='ltr'>δε</span> <span class='ocrx_word' id='word_1_683' title='bbox 3686 3671 3830 3740; x_wconf 78' lang='grc' dir='ltr'>πρὸς</span> 
     </span>
    </p>
   </div>
   <div class='ocr_carea' id='block_1_98' title="bbox 2218 3753 3827 3832">
    <p class='ocr_par' dir='ltr' id='par_1_98' title="bbox 2218 3753 3827 3832">
     <span class='ocr_line' id='line_1_98' title="bbox 2218 3753 3827 3832; baseline -0.002 -22"><span class='ocrx_word' id='word_1_684' title='bbox 2218 3763 2285 3810; x_wconf 78' lang='grc' dir='ltr'><strong><em>τὰ</em></strong></span> <span class='ocrx_word' id='word_1_685' title='bbox 2328 3762 2430 3811; x_wconf 84' lang='grc' dir='ltr'>οῖνω</span> <span class='ocrx_word' id='word_1_686' title='bbox 2459 3765 2548 3811; x_wconf 88' lang='grc' dir='ltr'>καὶ</span> <span class='ocrx_word' id='word_1_687' title='bbox 2593 3762 2735 3810; x_wconf 68' lang='grc' dir='ltr'>κάτω</span> <span class='ocrx_word' id='word_1_688' title='bbox 2785 3761 2953 3810; x_wconf 86' lang='grc' dir='ltr'>πυκνά</span> <span class='ocrx_word' id='word_1_689' title='bbox 2999 3762 3491 3832; x_wconf 64' lang='grc' dir='ltr'>μεταστρεφόμενον,</span> <span class='ocrx_word' id='word_1_690' title='bbox 3553 3753 3682 3809; x_wconf 80' lang='grc' dir='ltr'>ἰδεῖν</span> <span class='ocrx_word' id='word_1_691' title='bbox 3733 3754 3827 3808; x_wconf 75' lang='grc' dir='ltr'><strong><em>ἐν-</em></strong></span> 
     </span>
    </p>
   </div>
   <div class='ocr_carea' id='block_1_99' title="bbox 2220 3845 3835 3921">
    <p class='ocr_par' dir='ltr' id='par_1_99' title="bbox 2220 3845 3835 3921">
     <span class='ocr_line' id='line_1_99' title="bbox 2220 3845 3835 3921; baseline -0.002 -22"><span class='ocrx_word' id='word_1_692' title='bbox 2220 3857 2392 3921; x_wconf 82' lang='grc' dir='ltr'>αργῶς</span> <span class='ocrx_word' id='word_1_693' title='bbox 2418 3853 2475 3900; x_wconf 79' lang='grc' dir='ltr'><strong><em>τό</em></strong></span> <span class='ocrx_word' id='word_1_694' title='bbox 2507 3849 2841 3920; x_wconf 77' lang='grc' dir='ltr'>ὑποκείμενον</span> <span class='ocrx_word' id='word_1_695' title='bbox 2876 3851 2984 3913; x_wconf 67' lang='grc' dir='ltr'>(63μ</span> <span class='ocrx_word' id='word_1_696' title='bbox 3013 3847 3119 3920; x_wconf 69' lang='grc' dir='ltr'>οὐχ</span> <span class='ocrx_word' id='word_1_697' title='bbox 3144 3846 3250 3900; x_wconf 80' lang='grc' dir='ltr'>οἷον</span> <span class='ocrx_word' id='word_1_698' title='bbox 3274 3866 3348 3913; x_wconf 83' lang='grc' dir='ltr'><strong><em>τε,</em></strong></span> <span class='ocrx_word' id='word_1_699' title='bbox 3373 3845 3500 3898; x_wconf 73' lang='grc' dir='ltr'>ἄλλα</span> <span class='ocrx_word' id='word_1_700' title='bbox 3525 3851 3634 3919; x_wconf 82' lang='grc' dir='ltr'>χρὴ</span> <span class='ocrx_word' id='word_1_701' title='bbox 3666 3848 3835 3918; x_wconf 61' lang='grc' dir='ltr'>πρὸς.</span> 
     </span>
    </p>
   </div>
   <div class='ocr_carea' id='block_1_100' title="bbox 2220 3932 3825 4012">
    <p class='ocr_par' dir='ltr' id='par_1_100' title="bbox 2220 3932 3825 4012">
     <span class='ocr_line' id='line_1_100' title="bbox 2220 3932 3825 4012; baseline -0.002 -24"><span class='ocrx_word' id='word_1_702' title='bbox 2220 3939 2515 4011; x_wconf 72' lang='grc' dir='ltr'>ερεισθῆναι</span> <span class='ocrx_word' id='word_1_703' title='bbox 2569 3943 2661 3995; x_wconf 82' lang='grc' dir='ltr'>τὴν</span> <span class='ocrx_word' id='word_1_704' title='bbox 2720 3937 2838 4008; x_wconf 54' lang='grc' dir='ltr'>ὄψιν</span> <span class='ocrx_word' id='word_1_705' title='bbox 2889 3944 2960 4006; x_wconf 81' lang='grc' dir='ltr'>τῷ</span> <span class='ocrx_word' id='word_1_706' title='bbox 3010 3938 3268 4012; x_wconf 77' lang='grc' dir='ltr'>ὁρωμένῳ,</span> <span class='ocrx_word' id='word_1_707' title='bbox 3324 3941 3366 3988; x_wconf 82' lang='grc' dir='ltr'>εὶ</span> <span class='ocrx_word' id='word_1_708' title='bbox 3403 3934 3577 4007; x_wconf 79' lang='grc' dir='ltr'>μέλλοι</span> <span class='ocrx_word' id='word_1_709' title='bbox 3629 3932 3825 4009; x_wconf 77' lang='grc' dir='ltr'>ἐναργῆ</span> 
     </span>
    </p>
   </div>
   <div class='ocr_carea' id='block_1_101' title="bbox 2220 4023 3831 4098">
    <p class='ocr_par' dir='ltr' id='par_1_101' title="bbox 2220 4023 3831 4098">
     <span class='ocr_line' id='line_1_101' title="bbox 2220 4023 3831 4098; baseline -0.002 -21"><span class='ocrx_word' id='word_1_710' title='bbox 2220 4025 2379 4078; x_wconf 72' lang='grc' dir='ltr'>αὑτοῦ</span> <span class='ocrx_word' id='word_1_711' title='bbox 2429 4028 2697 4079; x_wconf 86' lang='grc' dir='ltr'>ποιεῖσθαι</span> <span class='ocrx_word' id='word_1_712' title='bbox 2745 4031 2838 4084; x_wconf 76' lang='grc' dir='ltr'>τὴν</span> <span class='ocrx_word' id='word_1_713' title='bbox 2880 4028 3022 4079; x_wconf 82' lang='grc' dir='ltr'>θέαν⁶</span> <span class='ocrx_word' id='word_1_714' title='bbox 3076 4027 3211 4078; x_wconf 77' lang='grc' dir='ltr'>οὕτω</span> <span class='ocrx_word' id='word_1_715' title='bbox 3255 4030 3344 4077; x_wconf 81' lang='grc' dir='ltr'>καὶ</span> <span class='ocrx_word' id='word_1_716' title='bbox 3381 4032 3499 4076; x_wconf 89' lang='grc' dir='ltr'>νοῦν</span> <span class='ocrx_word' id='word_1_717' title='bbox 3547 4023 3831 4098; x_wconf 77' lang='grc' dir='ltr'>ἀνθρώπου</span> 
     </span>
    </p>
   </div>
   <div class='ocr_carea' id='block_1_102' title="bbox 2220 4111 3832 4190">
    <p class='ocr_par' dir='ltr' id='par_1_102' title="bbox 2220 4111 3832 4190">
     <span class='ocr_line' id='line_1_102' title="bbox 2220 4111 3832 4190; baseline -0.001 -22"><span class='ocrx_word' id='word_1_718' title='bbox 2220 4117 2319 4168; x_wconf 72' lang='grc' dir='ltr'><strong><em>ὑπὸ</em></strong></span> <span class='ocrx_word' id='word_1_719' title='bbox 2358 4122 2551 4190; x_wconf 83' lang='grc' dir='ltr'>μυρίων</span> <span class='ocrx_word' id='word_1_720' title='bbox 2595 4126 2693 4168; x_wconf 83' lang='grc' dir='ltr'>τῶν</span> <span class='ocrx_word' id='word_1_721' title='bbox 2751 4119 2882 4169; x_wconf 78' lang='grc' dir='ltr'>κατὰ</span> <span class='ocrx_word' id='word_1_722' title='bbox 2927 4119 3013 4169; x_wconf 80' lang='grc' dir='ltr'>τὸν</span> <span class='ocrx_word' id='word_1_723' title='bbox 3062 4120 3257 4188; x_wconf 79' lang='grc' dir='ltr'>κόσμον</span> <span class='ocrx_word' id='word_1_724' title='bbox 3284 4111 3572 4190; x_wconf 64' lang='grc' dir='ltr'>φροντίδων</span> <span class='ocrx_word' id='word_1_725' title='bbox 3611 4112 3832 4188; x_wconf 83' lang='grc' dir='ltr'>περιελ-</span> 
     </span>
    </p>
   </div>
   <div class='ocr_carea' id='block_1_103' title="bbox 2219 4397 3830 4467">
    <p class='ocr_par' dir='ltr' id='par_1_103' title="bbox 2219 4397 3830 4467">
     <span class='ocr_line' id='line_1_103' title="bbox 2219 4397 3830 4467; baseline -0.004 -9"><span class='ocrx_word' id='word_1_726' title='bbox 2219 4402 2300 4458; x_wconf 89' lang='lat' dir='ltr'><strong><em>tio</em></strong></span> <span class='ocrx_word' id='word_1_727' title='bbox 2353 4401 2700 4458; x_wconf 88' lang='lat' dir='ltr'><strong><em>Parisiensis</em></strong></span> <span class='ocrx_word' id='word_1_728' title='bbox 2756 4399 2975 4460; x_wconf 76' lang='grc' dir='ltr'>ἀκηδία.</span> <span class='ocrx_word' id='word_1_729' title='bbox 3022 4402 3137 4458; x_wconf 90' lang='lat' dir='ltr'><strong><em>Sed</em></strong></span> <span class='ocrx_word' id='word_1_730' title='bbox 3165 4418 3315 4457; x_wconf 90' lang='lat' dir='ltr'><strong><em>mss.</em></strong></span> <span class='ocrx_word' id='word_1_731' title='bbox 3364 4401 3597 4457; x_wconf 90' lang='lat' dir='ltr'><strong><em>codices</em></strong></span> <span class='ocrx_word' id='word_1_732' title='bbox 3624 4397 3830 4467; x_wconf 81' lang='grc' dir='ltr'>δειλία,</span> 
     </span>
    </p>
   </div>
   <div class='ocr_carea' id='block_1_104' title="bbox 2217 4473 3833 4545">
    <p class='ocr_par' dir='ltr' id='par_1_104' title="bbox 2217 4473 3833 4545">
     <span class='ocr_line' id='line_1_104' title="bbox 2217 4473 3833 4545; baseline -0.001 -16"><span class='ocrx_word' id='word_1_733' title='bbox 2217 4488 2432 4543; x_wconf 80' lang='lat' dir='ltr'><strong><em>pavor,</em></strong></span> <span class='ocrx_word' id='word_1_734' title='bbox 2465 4490 2597 4545; x_wconf 76' lang='lat' dir='ltr'><strong><em>quae</em></strong></span> <span class='ocrx_word' id='word_1_735' title='bbox 2627 4489 2743 4528; x_wconf 77' lang='lat' dir='ltr'><strong><em>vox</em></strong></span> <span class='ocrx_word' id='word_1_736' title='bbox 2792 4475 2993 4529; x_wconf 90' lang='lat' dir='ltr'><strong><em>minus</em></strong></span> <span class='ocrx_word' id='word_1_737' title='bbox 3023 4473 3351 4530; x_wconf 87' lang='lat' dir='ltr'><strong><em>commoda</em></strong></span> <span class='ocrx_word' id='word_1_738' title='bbox 3389 4473 3626 4545; x_wconf 79' lang='lat' dir='ltr'><strong><em>videtur</em></strong></span> <span class='ocrx_word' id='word_1_739' title='bbox 3647 4475 3833 4528; x_wconf 87' lang='lat' dir='ltr'><strong><em>Com-</em></strong></span> 
     </span>
    </p>
   </div>
   <div class='ocr_carea' id='block_1_105' title="bbox 2219 4543 3827 4616">
    <p class='ocr_par' dir='ltr' id='par_1_105' title="bbox 2219 4543 3827 4616">
     <span class='ocr_line' id='line_1_105' title="bbox 2219 4543 3827 4616; baseline 0 -16"><span class='ocrx_word' id='word_1_740' title='bbox 2219 4545 2452 4616; x_wconf 81' lang='lat' dir='ltr'><strong><em>betisio.</em></strong></span> <span class='ocrx_word' id='word_1_741' title='bbox 2485 4543 2669 4600; x_wconf 77' lang='lat' dir='ltr'><strong><em>Paulo</em></strong></span> <span class='ocrx_word' id='word_1_742' title='bbox 2702 4553 2836 4616; x_wconf 88' lang='lat' dir='ltr'><strong><em>post</em></strong></span> <span class='ocrx_word' id='word_1_743' title='bbox 2867 4545 3108 4600; x_wconf 88' lang='lat' dir='ltr'><strong><em>codices</em></strong></span> <span class='ocrx_word' id='word_1_744' title='bbox 3145 4544 3414 4601; x_wconf 84' lang='lat' dir='ltr'><strong><em>nonnulli</em></strong></span> <span class='ocrx_word' id='word_1_745' title='bbox 3445 4549 3580 4616; x_wconf 79' lang='grc' dir='ltr'>μέγα</span> <span class='ocrx_word' id='word_1_746' title='bbox 3609 4543 3763 4616; x_wconf 23' lang='grc' dir='ltr'><strong><em>ἑκᾼτῆ</em></strong></span> <span class='ocrx_word' id='word_1_747' title='bbox 3780 4565 3827 4606; x_wconf 87' lang='grc' dir='ltr'><strong><em>ς.</em></strong></span> 
     </span>
    </p>
   </div>
   <div class='ocr_carea' id='block_1_106' title="bbox 2223 4614 3834 4688">
    <p class='ocr_par' dir='ltr' id='par_1_106' title="bbox 2223 4614 3834 4688">
     <span class='ocr_line' id='line_1_106' title="bbox 2223 4614 3834 4688; baseline -0.002 -17"><span class='ocrx_word' id='word_1_748' title='bbox 2223 4615 2340 4672; x_wconf 89' lang='lat' dir='ltr'><strong><em>Sed</em></strong></span> <span class='ocrx_word' id='word_1_749' title='bbox 2378 4617 2646 4671; x_wconf 87' lang='lat' dir='ltr'><strong><em>Basilius</em></strong></span> <span class='ocrx_word' id='word_1_750' title='bbox 2696 4614 3182 4688; x_wconf 55' lang='lat' dir='ltr'><strong><em>praepositionem</em></strong></span> <span class='ocrx_word' id='word_1_751' title='bbox 3239 4620 3378 4688; x_wconf 78' lang='lat' dir='ltr'><strong><em>post</em></strong></span> <span class='ocrx_word' id='word_1_752' title='bbox 3417 4614 3534 4671; x_wconf 82' lang='lat' dir='ltr'><strong><em>hoc</em></strong></span> <span class='ocrx_word' id='word_1_753' title='bbox 3564 4614 3834 4688; x_wconf 65' lang='lat' dir='ltr'><strong><em>verbum</em></strong></span> 
     </span>
    </p>
   </div>
   <div class='ocr_carea' id='block_1_107' title="bbox 2221 4685 3837 4759">
    <p class='ocr_par' dir='ltr' id='par_1_107' title="bbox 2221 4685 3837 4759">
     <span class='ocr_line' id='line_1_107' title="bbox 2221 4685 3837 4759; baseline 0 -17"><span class='ocrx_word' id='word_1_754' title='bbox 2221 4702 2529 4759; x_wconf 82' lang='lat' dir='ltr'><strong><em>apponere</em></strong></span> <span class='ocrx_word' id='word_1_755' title='bbox 2557 4703 2676 4743; x_wconf 82' lang='lat' dir='ltr'><strong><em>non</em></strong></span> <span class='ocrx_word' id='word_1_756' title='bbox 2700 4685 2872 4743; x_wconf 74' lang='lat' dir='ltr'><strong><em>solet.</em></strong></span> <span class='ocrx_word' id='word_1_757' title='bbox 2909 4687 3174 4745; x_wconf 87' lang='lat' dir='ltr'><strong><em>Subinde</em></strong></span> <span class='ocrx_word' id='word_1_758' title='bbox 3206 4685 3633 4758; x_wconf 83' lang='lat' dir='ltr'><strong><em>plerarumque</em></strong></span> <span class='ocrx_word' id='word_1_759' title='bbox 3653 4685 3837 4759; x_wconf 70' lang='lat' dir='ltr'><strong><em>codi-</em></strong></span> 
     </span>
    </p>
   </div>
   <div class='ocr_carea' id='block_1_108' title="bbox 2221 4756 3838 4823">
    <p class='ocr_par' dir='ltr' id='par_1_108' title="bbox 2221 4756 3838 4823">
     <span class='ocr_line' id='line_1_108' title="bbox 2221 4756 3838 4823; baseline -0.001 -8"><span class='ocrx_word' id='word_1_760' title='bbox 2221 4756 2359 4815; x_wconf 81' lang='lat' dir='ltr'><strong><em>cum</em></strong></span> <span class='ocrx_word' id='word_1_761' title='bbox 2401 4759 2751 4815; x_wconf 87' lang='lat' dir='ltr'><strong><em>auctoritate</em></strong></span> <span class='ocrx_word' id='word_1_762' title='bbox 2791 4759 3139 4814; x_wconf 88' lang='lat' dir='ltr'><strong><em>addidimus</em></strong></span> <span class='ocrx_word' id='word_1_763' title='bbox 3163 4756 3444 4814; x_wconf 73' lang='lat' dir='ltr'><strong><em>vnculam</em></strong></span> <span class='ocrx_word' id='word_1_764' title='bbox 3469 4756 3553 4823; x_wconf 66' lang='lat' dir='ltr'><strong><em>civ,</em></strong></span> <span class='ocrx_word' id='word_1_765' title='bbox 3585 4763 3640 4813; x_wconf 88' lang='lat' dir='ltr'><strong><em>et</em></strong></span> <span class='ocrx_word' id='word_1_766' title='bbox 3663 4756 3838 4814; x_wconf 85' lang='lat' dir='ltr'><strong><em>dele-</em></strong></span> 
     </span>
    </p>
   </div>
   <div class='ocr_carea' id='block_1_109' title="bbox 2221 4832 3071 4904">
    <p class='ocr_par' dir='ltr' id='par_1_109' title="bbox 2221 4832 3071 4904">
     <span class='ocr_line' id='line_1_109' title="bbox 2221 4832 3071 4904; baseline -0.001 -19"><span class='ocrx_word' id='word_1_767' title='bbox 2221 4832 2440 4904; x_wconf 87' lang='lat' dir='ltr'><strong><em>vimus</em></strong></span> <span class='ocrx_word' id='word_1_768' title='bbox 2460 4833 2583 4904; x_wconf 73' lang='grc' dir='ltr'>ἡμῖν</span> <span class='ocrx_word' id='word_1_769' title='bbox 2623 4836 2758 4904; x_wconf 89' lang='lat' dir='ltr'><strong><em>post</em></strong></span> <span class='ocrx_word' id='word_1_770' title='bbox 2787 4836 3071 4904; x_wconf 78' lang='grc' dir='ltr'>σωτηρίαν.</span> 
     </span>
    </p>
   </div>
   <div class='ocr_carea' id='block_1_110' title="bbox 2294 4897 3839 4975">
    <p class='ocr_par' dir='ltr' id='par_1_110' title="bbox 2294 4897 3839 4975">
     <span class='ocr_line' id='line_1_110' title="bbox 2294 4897 3839 4975; baseline 0.001 -20"><span class='ocrx_word' id='word_1_771' title='bbox 2294 4907 2402 4968; x_wconf 84' lang='lat'><strong><em>(62)</em></strong></span> <span class='ocrx_word' id='word_1_772' title='bbox 2433 4897 2512 4956; x_wconf 68' lang='grc' dir='ltr'>Ἐν</span> <span class='ocrx_word' id='word_1_773' title='bbox 2544 4897 2772 4975; x_wconf 42' lang='lat' dir='ltr'><strong><em>scalae.</em></strong></span> <span class='ocrx_word' id='word_1_774' title='bbox 2804 4897 2950 4958; x_wconf 81' lang='lat' dir='ltr'><strong><em>Ante</em></strong></span> <span class='ocrx_word' id='word_1_775' title='bbox 2981 4904 3092 4975; x_wconf 82' lang='lat' dir='ltr'><strong><em>has</em></strong></span> <span class='ocrx_word' id='word_1_776' title='bbox 3115 4917 3292 4975; x_wconf 76' lang='lat' dir='ltr'><strong><em>voces</em></strong></span> <span class='ocrx_word' id='word_1_777' title='bbox 3319 4900 3534 4970; x_wconf 84' lang='lat' dir='ltr'><strong><em>legitur</em></strong></span> <span class='ocrx_word' id='word_1_778' title='bbox 3559 4900 3615 4975; x_wconf 86' lang='lat' dir='ltr'><strong><em>in</em></strong></span> <span class='ocrx_word' id='word_1_779' title='bbox 3646 4897 3839 4975; x_wconf 81' lang='lat' dir='ltr'><strong><em>editis</em></strong></span> 
     </span>
    </p>
   </div>
   <div class='ocr_carea' id='block_1_111' title="bbox 2222 4972 3843 5047">
    <p class='ocr_par' dir='ltr' id='par_1_111' title="bbox 2222 4972 3843 5047">
     <span class='ocr_line' id='line_1_111' title="bbox 2222 4972 3843 5047; baseline 0.003 -23"><span class='ocrx_word' id='word_1_780' title='bbox 2222 4981 2430 5047; x_wconf 64' lang='grc' dir='ltr'>πρῴτον</span> <span class='ocrx_word' id='word_1_781' title='bbox 2456 4979 2566 5047; x_wconf 82' lang='grc' dir='ltr'>μέν,</span> <span class='ocrx_word' id='word_1_782' title='bbox 2599 4972 2786 5045; x_wconf 82' lang='lat' dir='ltr'><strong><em>quod,</em></strong></span> <span class='ocrx_word' id='word_1_783' title='bbox 2814 4990 2951 5028; x_wconf 89' lang='lat' dir='ltr'><strong><em>cum</em></strong></span> <span class='ocrx_word' id='word_1_784' title='bbox 3005 4973 3082 5028; x_wconf 88' lang='lat' dir='ltr'><strong><em>ab</em></strong></span> <span class='ocrx_word' id='word_1_785' title='bbox 3107 4972 3404 5047; x_wconf 76' lang='lat' dir='ltr'><strong><em>omnibus</em></strong></span> <span class='ocrx_word' id='word_1_786' title='bbox 3426 4974 3640 5026; x_wconf 88' lang='lat' dir='ltr'><strong><em>nostris</em></strong></span> <span class='ocrx_word' id='word_1_787' title='bbox 3664 4972 3843 5029; x_wconf 79' lang='lat' dir='ltr'><strong><em>absit</em></strong></span> 
     </span>
    </p>
   </div>
   <div class='ocr_carea' id='block_1_112' title="bbox 2223 5043 3572 5116">
    <p class='ocr_par' dir='ltr' id='par_1_112' title="bbox 2223 5043 3572 5116">
     <span class='ocr_line' id='line_1_112' title="bbox 2223 5043 3572 5116; baseline -0.001 -17"><span class='ocrx_word' id='word_1_788' title='bbox 2223 5043 2536 5100; x_wconf 80' lang='lat' dir='ltr'><strong><em>codicibus</em></strong></span> <span class='ocrx_word' id='word_1_789' title='bbox 2566 5043 2736 5102; x_wconf 66' lang='grc' dir='ltr'>ωδε..</span> <span class='ocrx_word' id='word_1_790' title='bbox 2767 5045 3241 5116; x_wconf 87' lang='lat' dir='ltr'><strong><em>expungendum</em></strong></span> <span class='ocrx_word' id='word_1_791' title='bbox 3264 5043 3572 5099; x_wconf 81' lang='lat' dir='ltr'><strong><em>duximus.</em></strong></span> 
     </span>
    </p>
   </div>
   <div class='ocr_carea' id='block_1_113' title="bbox 2294 5113 3839 5190">
    <p class='ocr_par' dir='ltr' id='par_1_113' title="bbox 2294 5113 3839 5190">
     <span class='ocr_line' id='line_1_113' title="bbox 2294 5113 3839 5190; baseline 0.001 -22"><span class='ocrx_word' id='word_1_792' title='bbox 2294 5120 2407 5190; x_wconf 12' lang='lat' dir='ltr'><strong><em>(Q37)</em></strong></span> <span class='ocrx_word' id='word_1_793' title='bbox 2451 5121 2550 5190; x_wconf 74' lang='grc' dir='ltr'><strong><em>Καὶ</em></strong></span> <span class='ocrx_word' id='word_1_794' title='bbox 2586 5120 2793 5168; x_wconf 68' lang='grc' dir='ltr'>κάτω...</span> <span class='ocrx_word' id='word_1_795' title='bbox 2824 5113 3050 5190; x_wconf 63' lang='grc' dir='ltr'>ἐναργοῦς</span> <span class='ocrx_word' id='word_1_796' title='bbox 3075 5118 3133 5190; x_wconf 81' lang='grc' dir='ltr'>τὸ</span> <span class='ocrx_word' id='word_1_797' title='bbox 3156 5117 3525 5190; x_wconf 65' lang='grc' dir='ltr'>υποκειμενον.</span> <span class='ocrx_word' id='word_1_798' title='bbox 3551 5113 3640 5170; x_wconf 87' lang='lat' dir='ltr'><strong><em>Sic</em></strong></span> <span class='ocrx_word' id='word_1_799' title='bbox 3666 5119 3839 5190; x_wconf 73' lang='lat' dir='ltr'><strong><em>vete-</em></strong></span> 
     </span>
    </p>
   </div>
   <div class='ocr_carea' id='block_1_114' title="bbox 2222 5183 3844 5260">
    <p class='ocr_par' dir='ltr' id='par_1_114' title="bbox 2222 5183 3844 5260">
     <span class='ocr_line' id='line_1_114' title="bbox 2222 5183 3844 5260; baseline -0.002 -20"><span class='ocrx_word' id='word_1_800' title='bbox 2222 5186 2468 5260; x_wconf 84' lang='lat' dir='ltr'><strong><em>reslibri</em></strong></span> <span class='ocrx_word' id='word_1_801' title='bbox 2493 5203 2715 5260; x_wconf 67' lang='lat' dir='ltr'><strong><em>magno</em></strong></span> <span class='ocrx_word' id='word_1_802' title='bbox 2737 5183 3061 5260; x_wconf 39' lang='lat' dir='ltr'><strong><em>Conseri-su.</em></strong></span> <span class='ocrx_word' id='word_1_803' title='bbox 3091 5187 3237 5260; x_wconf 72' lang='lat' dir='ltr'><strong><em>Edili</em></strong></span> <span class='ocrx_word' id='word_1_804' title='bbox 3267 5183 3355 5239; x_wconf 72' lang='grc' dir='ltr'><strong><em>καί</em></strong></span> <span class='ocrx_word' id='word_1_805' title='bbox 3373 5189 3439 5238; x_wconf 77' lang='grc' dir='ltr'>τὰ</span> <span class='ocrx_word' id='word_1_806' title='bbox 3461 5189 3643 5260; x_wconf 60' lang='grc' dir='ltr'>κάτω..</span> <span class='ocrx_word' id='word_1_807' title='bbox 3661 5183 3844 5260; x_wconf 61' lang='grc' dir='ltr'>,ἐναρ-</span> 
     </span>
    </p>
   </div>
   <div class='ocr_carea' id='block_1_115' title="bbox 2223 5256 3842 5328">
    <p class='ocr_par' dir='ltr' id='par_1_115' title="bbox 2223 5256 3842 5328">
     <span class='ocr_line' id='line_1_115' title="bbox 2223 5256 3842 5328; baseline 0.001 -20"><span class='ocrx_word' id='word_1_808' title='bbox 2223 5267 2328 5328; x_wconf 73' lang='grc' dir='ltr'>γὼς</span> <span class='ocrx_word' id='word_1_809' title='bbox 2383 5259 2486 5328; x_wconf 67' lang='grc' dir='ltr'>οὐχ</span> <span class='ocrx_word' id='word_1_810' title='bbox 2519 5256 2622 5309; x_wconf 81' lang='grc' dir='ltr'>οἷόν</span> <span class='ocrx_word' id='word_1_811' title='bbox 2661 5277 2733 5313; x_wconf 87' lang='grc' dir='ltr'><strong><em>τε.</em></strong></span> <span class='ocrx_word' id='word_1_812' title='bbox 2767 5258 2995 5313; x_wconf 86' lang='lat' dir='ltr'><strong><em>Habent</em></strong></span> <span class='ocrx_word' id='word_1_813' title='bbox 3039 5259 3218 5313; x_wconf 83' lang='lat' dir='ltr'><strong><em>etiam</em></strong></span> <span class='ocrx_word' id='word_1_814' title='bbox 3246 5263 3334 5309; x_wconf 87' lang='grc' dir='ltr'>καὶ</span> <span class='ocrx_word' id='word_1_815' title='bbox 3362 5260 3503 5309; x_wconf 63' lang='grc' dir='ltr'>κάτω</span> <span class='ocrx_word' id='word_1_816' title='bbox 3533 5256 3842 5312; x_wconf 78' lang='lat' dir='ltr'><strong><em>editiones</em></strong></span> 
     </span>
    </p>
   </div>
   <div class='ocr_carea' id='block_1_116' title="bbox 2229 5329 3842 5398">
    <p class='ocr_par' dir='ltr' id='par_1_116' title="bbox 2229 5329 3842 5398">
     <span class='ocr_line' id='line_1_116' title="bbox 2229 5329 3842 5398; baseline -0.002 -15"><span class='ocrx_word' id='word_1_817' title='bbox 2229 5329 2640 5397; x_wconf 78' lang='lat' dir='ltr'><strong><em>llaganoensis</em></strong></span> <span class='ocrx_word' id='word_1_818' title='bbox 2673 5334 2727 5382; x_wconf 92' lang='lat' dir='ltr'><strong><em>et</em></strong></span> <span class='ocrx_word' id='word_1_819' title='bbox 2771 5329 3145 5385; x_wconf 73' lang='lat' dir='ltr'><strong><em>Basilernsis.</em></strong></span> <span class='ocrx_word' id='word_1_820' title='bbox 3177 5332 3304 5385; x_wconf 80' lang='lat' dir='ltr'><strong><em>Mox</em></strong></span> <span class='ocrx_word' id='word_1_821' title='bbox 3338 5335 3454 5384; x_wconf 87' lang='lat' dir='ltr'><strong><em>tres</em></strong></span> <span class='ocrx_word' id='word_1_822' title='bbox 3486 5329 3725 5384; x_wconf 87' lang='lat' dir='ltr'><strong><em>codices</em></strong></span> <span class='ocrx_word' id='word_1_823' title='bbox 3761 5337 3842 5398; x_wconf 68' lang='grc' dir='ltr'>τῷ</span> 
     </span>
    </p>
   </div>
   <div class='ocr_carea' id='block_1_117' title="bbox 2151 5398 3843 5474">
    <p class='ocr_par' dir='ltr' id='par_1_117' title="bbox 2151 5398 3843 5474">
     <span class='ocr_line' id='line_1_117' title="bbox 2151 5398 3843 5474; baseline 0.004 -24"><span class='ocrx_word' id='word_1_824' title='bbox 2151 5411 2160 5417; x_wconf 88' lang='grc'><strong>·</strong></span> <span class='ocrx_word' id='word_1_825' title='bbox 2229 5403 2419 5474; x_wconf 81' lang='grc' dir='ltr'>όρατω.</span> <span class='ocrx_word' id='word_1_826' title='bbox 2473 5400 2692 5454; x_wconf 80' lang='lat' dir='ltr'><strong><em>Ibidem</em></strong></span> <span class='ocrx_word' id='word_1_827' title='bbox 2725 5400 2891 5456; x_wconf 80' lang='lat' dir='ltr'><strong><em>deest</em></strong></span> <span class='ocrx_word' id='word_1_828' title='bbox 2921 5401 3079 5474; x_wconf 63' lang='grc' dir='ltr'>αὐτοῦ</span> <span class='ocrx_word' id='word_1_829' title='bbox 3111 5407 3247 5474; x_wconf 74' lang='lat' dir='ltr'><strong><em>post</em></strong></span> <span class='ocrx_word' id='word_1_830' title='bbox 3282 5399 3478 5474; x_wconf 62' lang='grc' dir='ltr'><strong><em>Δἐναργῆ</em></strong></span> <span class='ocrx_word' id='word_1_831' title='bbox 3514 5400 3574 5455; x_wconf 90' lang='lat' dir='ltr'><strong><em>in</em></strong></span> <span class='ocrx_word' id='word_1_832' title='bbox 3621 5398 3843 5456; x_wconf 88' lang='lat' dir='ltr'><strong><em>codice</em></strong></span> 
     </span>
    </p>
   </div>
   <div class='ocr_carea' id='block_1_118' title="bbox 2230 5471 3346 5529">
    <p class='ocr_par' dir='ltr' id='par_1_118' title="bbox 2230 5471 3346 5529">
     <span class='ocr_line' id='line_1_118' title="bbox 2230 5471 3346 5529; baseline 0.002 -3"><span class='ocrx_word' id='word_1_833' title='bbox 2230 5471 2516 5528; x_wconf 80' lang='lat' dir='ltr'><strong><em>Vaticano</em></strong></span> <span class='ocrx_word' id='word_1_834' title='bbox 2542 5476 2734 5528; x_wconf 90' lang='lat' dir='ltr'><strong><em>etuno</em></strong></span> <span class='ocrx_word' id='word_1_835' title='bbox 2765 5487 2836 5527; x_wconf 80' lang='lat' dir='ltr'><strong><em>ex</em></strong></span> <span class='ocrx_word' id='word_1_836' title='bbox 2872 5471 3346 5529; x_wconf 85' lang='lat' dir='ltr'><strong><em>Combeﬁsianis.</em></strong></span> 
     </span>
    </p>
   </div>
  </div>
