4070 6194
459 240 563 293 227

1828 232 1885 286 S.
1926 231 2172 285 BASILII
2212 231 2454 287 MAGNI.

3727 234 3846 286 228

460 360 704 433 hymnis
745 362 801 415 et
861 356 1109 413 canticis
1154 357 1493 412 Creatorem
1538 355 1850 422 venerari;
1903 353 2119 409 exinde

2238 355 2396 426 εὖχὶς
2446 354 2849 426 συμπαρούσης,
2907 356 2995 404 καὶ
3052 360 3159 415 τοῖς
3211 354 3409 424 ὕμνοις,
3443 355 3614 427 ὧσπερ
3660 354 3839 419 ἅλατι,

463 451 587 506 sole
614 450 741 520 jam
771 448 928 503 clare
963 447 1385 511 dilucescente,
1418 444 1495 500 ad
1528 460 1714 515 opera
1740 459 2119 499 conversum.

460 539 789 595 comitante
822 536 1046 608 ubique
1095 534 1386 599 oratione,
1433 533 1678 605 hymnis
1724 533 1907 587 etiam
1939 548 2124 604 opera

458 634 756 700 tanquam
784 626 909 682 sale
940 624 1227 681 condire?
1262 624 1569 695 Siquidem
1616 622 1867 677 hilarem
1910 622 2125 692 jucun-

460 718 725 789 clamque
750 716 969 772 animae
1000 712 1475 786 aequabilitatem
1508 712 1879 784 hymnorum
1909 710 2126 767 solatia

461 806 795 863 conferunt.
845 804 1021 869 Quies
1054 803 1231 872 igitur
1258 802 1627 875 principium
1669 800 2124 872 expurgationis

461 899 704 960 animae,
758 910 867 949 nec
908 894 1116 961 lingua
1167 892 1453 964 loquente
1503 907 1598 946 res
1641 891 1963 959 humanas,
2015 905 2125 945 nec

460 984 649 1040 oculis
676 983 897 1037 nitidos
932 998 1257 1053 corporum
1290 980 1520 1036 colores
1561 985 1661 1036 aut
1694 980 2125 1035 concinnitates

460 1070 1131 1143 circumspicientibus;
1183 1086 1293 1125 nec
1338 1069 1549 1124 auditu
1599 1070 1815 1123 animae
1858 1068 2124 1136 vigorem

459 1162 828 1217 dissolvente
877 1175 985 1231 per
1029 1164 1338 1213 acromuta
1370 1158 1692 1213 modorum
1725 1157 1803 1212 ad
1841 1157 2124 1229 volupta-

463 1238 582 1304 tem
634 1248 1132 1319 compositorum,
1170 1252 1273 1301 aut
1300 1261 1405 1317 per
1444 1245 1762 1300 hominum
1794 1246 2122 1300 facetorum

468 1355 539 1394 ac
589 1337 980 1393 ridiculorum
1031 1334 1266 1389 verba:
1325 1334 1384 1388 id
1432 1334 1600 1405 quod
1639 1335 1902 1390 maxime
1942 1332 2125 1389 animi

458 1428 581 1483 vim
632 1427 907 1495 frangere
940 1424 1111 1480 solet.
1155 1426 1315 1479 Mens
1364 1424 1550 1487 enim,
1584 1441 1720 1496 quae
1751 1424 1829 1480 ad
1871 1429 2116 1480 externa

458 1532 583 1571 non
631 1514 979 1585 dissipatur,
1032 1529 1227 1585 neque
1279 1529 1385 1585 per
1440 1530 1656 1569 sensus
1708 1514 1767 1581 in
1822 1513 2122 1569 mundum

460 1604 843 1671 diffunditur,
877 1603 1031 1657 redit
1060 1602 1308 1674 quidem
1342 1603 1420 1658 ad
1454 1619 1516 1658 se
1558 1604 1722 1675 ipsa;
1756 1620 1863 1675 per
1906 1619 1968 1658 se
2022 1619 2125 1658 au-

2234 446 2549 518 παραρτύειν
2580 445 2666 502 τὰς
2696 442 2983 515 ἐργασίαςς
3031 447 3100 493 Τὸ
3149 444 3247 514 γὰρ
3299 441 3472 500 ἱλαρόν
3518 448 3608 494 καὶ
3648 443 3848 495 ἄλυπον

2232 540 2323 593 τῆς
2380 531 2568 603 ψυχῆς
2623 534 2942 602 κατάστημα
3003 534 3059 582 αἰ
3116 538 3215 582 τῶν
3289 532 3457 602 ὕμνων
3516 540 3847 605 παρηγορίαι

2234 625 2573 695 χαρίζονται.
2622 620 2859 691 Ἡσυχία
2898 616 3173 693 οὖνηαρχὴ
3227 622 3531 695 καθάρσεως
3563 630 3623 693 τῇ
3657 622 3841 693 ψυχῇ,

2234 716 2365 782 μήτε
2390 710 2624 781 γλώττης
2646 709 2907 771 λαλούσης
2936 712 3002 760 τὰ
3028 717 3124 760 τῶν
3149 707 3449 782 ἀνθρώπων,
3484 716 3609 781 μήτε
3640 710 3843 781 ὀφθαλ-

2234 808 2343 872 μῶν
2376 799 2620 872 εὐχροίας
2649 800 2903 870 σωμάτων
2952 802 3041 850 καὶ
3089 804 3411 870 συμμετρίας
3449 803 3843 872 περισκοπούν-

2234 908 2353 955 των,
2387 893 2518 960 μήτε
2568 886 2728 947 ἀκοῆς
2760 890 2845 938 τὸν
2894 892 3037 939 τόνον
3084 895 3174 947 τῆς
3221 887 3403 958 ψυχῆς
3449 886 3736 949 ἐκλυούσης
3789 888 3842 940 ἐν

2236 978 2537 1052 ἀκροάμασι
2568 979 2678 1046 (74)
2711 976 2872 1048 μελῶν
2912 982 3037 1051 πρὸς
3079 974 3272 1035 ἡδονὴν
3302 974 3676 1049 πεποιημένων,
3709 984 3844 1051 μήτε

2234 1069 2460 1142 ῥήμασιν
2494 1066 2812 1139 εὐτραπέλων
2852 1072 2940 1117 καὶ
2979 1066 3297 1136 γελοιαστῶν
3340 1066 3638 1139 ἀνθρώπων,
3682 1069 3707 1119 ὃ
3738 1070 3843 1140 μάο

2234 1157 2390 1209 λιστα
2417 1156 2551 1208 λύειν
2580 1163 2672 1216 τῆς
2698 1154 2886 1227 ψυχῆς
2910 1160 2995 1207 τὸν
3017 1160 3159 1207 τόνον
3183 1160 3394 1227 πέφυκε.
3440 1162 3575 1216 Νοῦς
3603 1160 3693 1228 μεν
3732 1161 3839 1230 γὰρ

2235 1252 2305 1318 μὴ
2343 1242 2749 1317 σκεδαννύμενος
2789 1248 2871 1296 ἰπὶ
2916 1246 2980 1296 τὰ
3011 1245 3109 1309 ἕξο,
3141 1241 3279 1316 μηδὲ
3310 1247 3408 1296 ὑπὸ
3436 1253 3534 1296 τῶν
3566 1246 3837 1303 αἰσθητη-

2234 1342 2357 1410 ρίων
2412 1334 2494 1386 ἐπὶ
2542 1339 2627 1386 τὸν
2674 1339 2869 1405 κόσμον
2921 1331 3261 1406 διαχεόμενος
3308 1340 3440 1401 (75),
3484 1338 3715 1387 ἐπάνεισι
3745 1344 3839 1407 μεν

2235 1428 2366 1495 πρὸς
2418 1424 2631 1476 ἑαυτόν
2699 1420 2772 1475 δι’
2825 1422 3009 1475 ἑαυτοῦ
3077 1419 3137 1475 δὲ
3202 1426 3333 1497 πρὸς
3393 1428 3486 1481 τὴν
3531 1430 3647 1495 περὶ
3701 1432 3839 1477 Θεοῦ

2236 1516 2428 1565 ἔννοιαν
2460 1514 2573 1583 (76)
2600 1511 2862 1564 ἀναϐαίνει
2889 1534 2900 1544 υ
2937 1511 3154 1583 κάκείνῳ
3194 1521 3265 1583 τῷ
3300 1511 3473 1565 κάλλει
3516 1512 3837 1587 περιλαμπό-

2234 1594 2397 1674 μενος,
2454 1607 2543 1654 καὶ
2575 1602 2737 1663 αὐτῆς
2789 1611 2883 1663 τῆς
2924 1605 3125 1673 φύσεως
3164 1601 3327 1659 λήθην
3376 1601 3659 1673 λαμϐάνει·
3702 1609 3840 1674 μήτε

458 1699 576 1751 tem
608 1693 685 1749 ad
738 1694 836 1748 Dei
864 1692 1288 1761 cogitationem
1322 1692 1631 1759 ascendit;
1682 1698 1864 1765 atque
1909 1693 2121 1748 decore

2238 1697 2360 1765 πρὸς
2385 1700 2579 1764 τροφῆς
2609 1687 2878 1765 φροντίδα,
2910 1697 3039 1762 μήτε
3064 1695 3194 1763 πρὸς
3223 1690 3562 1765 περιϐολαίων
3583 1697 3837 1765 μέριμναν

465 1784 570 1840 illo
619 1782 916 1838 illustrata
964 1782 1154 1853 ipsius
1206 1782 1389 1836 etiam
1455 1788 1686 1838 natura:
1735 1783 2121 1846 obliviscitur,

461 1890 579 1929 nec
604 1874 729 1943 jam
764 1872 882 1927 cibi
922 1888 1066 1926 cura
1092 1871 1444 1928 distrahitur
1487 1877 1589 1928 aut
1633 1872 1888 1929 amictus
1914 1872 2125 1927 sollic1-

460 1962 707 2027 tudine;
767 1960 873 2016 sed
924 1962 1173 2016 terrenis
1228 1962 1385 2016 curis
1432 1978 1662 2029 vacua,
1714 1978 1893 2017 omne
1944 1977 2121 2017 suum

463 2051 733 2107 studium
766 2050 845 2106 ad
872 2054 1093 2105 (eterna
1124 2051 1284 2105 bona
1325 2050 1759 2121 adispiscenda
1803 2051 2119 2120 transfert;

460 2138 772 2213 quomodo
804 2140 965 2195 colat
996 2139 1459 2211 temperantiam
1484 2144 1666 2212 atque
1688 2139 2116 2209 fortitudinem,

458 2227 773 2301 quomodo
822 2228 1142 2297 justitiam,
1177 2244 1246 2283 ac
1297 2227 1705 2299 prudentiam,
1746 2245 1817 2285 ac
1859 2228 2121 2302 reliquas

460 2318 731 2380 virtutes,
783 2332 936 2387 quae,
977 2316 1090 2371 sub
1145 2317 1272 2372 haec
1325 2332 1547 2385 genera
1589 2317 1947 2386 distributae,
1994 2320 2119 2374 sin-

463 2404 605 2475 gula
637 2403 919 2459 decenter
946 2404 1005 2458 in
1038 2404 1158 2460 vita
1191 2405 1541 2477 peragenda
1572 2406 1701 2462 viro
1740 2406 1934 2478 probo
1984 2422 2121 2477 sug-

465 2496 702 2563 gerunt.

535 2638 592 2689 3.
636 2633 892 2690 Maxima
923 2638 1125 2688 autem
1159 2634 1255 2690 via
1276 2634 1352 2690 ad
1385 2635 1565 2691 ofﬁcii
1596 2636 2119 2708 investigationem

463 2727 551 2779 est
594 2728 651 2777 et
707 2722 1146 2795 Scripturarum
1188 2724 1471 2780 divinitus
1520 2724 1949 2798 inspiratarum
2000 2744 2119 2783 me-

461 2810 693 2867 ditatio.
758 2811 818 2865 In
872 2810 963 2865 his
1018 2811 1175 2865 enim
1227 2817 1283 2867 et
1312 2829 1513 2868 rerum
1562 2815 1939 2883 agendarum
1971 2832 2120 2887 prae-

462 2903 636 2970 cepta
694 2898 1074 2971 reperiuntur
1104 2944 1118 2961 .
1184 2906 1240 2955 et
1294 2901 1611 2957 beatorum
1659 2903 1976 2959 hominum
2022 2921 2118 2960 res

463 2992 643 3058 gesta:
692 2987 899 3043 litteris
957 2987 1207 3058 traditae,
1266 2990 1450 3046 veluti
1507 2992 1773 3047 animata
1834 2993 2119 3065 quaedam

462 3077 597 3132 vitae
629 3076 961 3132 secundum
991 3079 1180 3132 Deum
1212 3078 1492 3134 institutae
1535 3057 1878 3149 simulacra,
1902 3083 1981 3137 ad
2012 3082 2120 3138 bo-
2150 3057 2191 3111 Ο

460 3180 679 3220 norum
697 3181 946 3237 operum
965 3166 1358 3222 imitationem
1376 3174 1909 3240 proponuntunAc
1925 3172 2122 3243 proin-

462 3253 537 3309 de
564 3244 931 3324 quacunque
978 3254 1093 3323 73
1150 3255 1209 3309 in
1261 3272 1321 3310 re
1367 3258 1622 3329 quisque
1671 3259 1960 3314 mendose
1990 3276 2122 3316 sese

464 3342 591 3413 ipse
640 3341 863 3396 habere
910 3343 1198 3410 senserit;
1252 3344 1312 3398 in
1354 3344 1517 3400 illam
1545 3345 1938 3403 imitationem
1977 3350 2123 3404 assi-

463 3430 581 3486 due
631 3429 1010 3496 incumbens,
1044 3435 1335 3503 tanquam
1390 3451 1461 3488 ex
1514 3436 1825 3491 communi
1852 3437 2121 3508 quadam

464 3517 779 3574 medicinae
801 3516 1066 3583 ofﬁcina,
1088 3520 1435 3590 appositum
1472 3539 1594 3577 suae
1633 3524 1965 3581 inﬁrmitati
2003 3542 2123 3582 me-

464 3607 881 3663 dicamentum
904 3608 1150 3662 invenit.
1176 3616 1255 3663 Ac
1297 3610 1582 3665 castitatis
1611 3613 1857 3685 quidem
1888 3621 2124 3671 amator

461 3697 773 3753 historiam
804 3696 1047 3768 Josephi
1094 3697 1638 3756 assidua'lectione
1673 3703 1907 3767 evolvit,
1943 3709 2123 3775 atque

464 3785 542 3841 ab
574 3801 645 3841 eo
689 3785 956 3840 actiones
1007 3787 1420 3858 temperantiae
1465 3788 1676 3859 plenas
1725 3791 1955 3859 ediscit,
2000 3808 2120 3847 non

464 3874 658 3929 solum
682 3890 719 3929 a
741 3874 1154 3946 voluptatibus
1176 3876 1583 3931 continentem
1608 3877 1776 3934 illum
1794 3884 2123 3953 reperiens,

463 3962 568 4015 sed
627 3962 805 4016 etiam
855 3962 1067 4017 habitu
1144 3964 1202 4018 in
1270 3964 1485 4020 virtute
1540 3966 1805 4022 firmum.
1878 3971 2125 4027 Fortitu'

462 4048 667 4104 dinem
712 4065 857 4104 vero
906 4050 1083 4105 discit
1128 4067 1163 4106 a
1204 4052 1374 4117 Jobo,
1410 4054 1536 4125 qui,
1569 4055 1749 4111 rebus
1800 4058 1922 4113 suis
1968 4065 2125 4116 retro

462 4136 802 4209 sublapsis,
848 4154 919 4193 ac
962 4154 1147 4209 egens
1188 4156 1260 4195 ex
1322 4141 1537 4214 divite,
1606 4144 1792 4200 orbus
1858 4162 1929 4201 ex
1989 4148 2125 4220 pul-

463 4226 619 4281 chra:
680 4226 867 4299 prolis
923 4233 1171 4299 parente
1213 4232 1503 4301 temporis
1554 4239 1861 4289 momento
1908 4235 2122 4304 factus,

462 4331 585 4371 non
620 4316 815 4371 solum
846 4315 1004 4371 idem
1048 4321 1401 4388 permansit,
1432 4320 1720 4377 infractos
1767 4324 1954 4381 animi
1984 4342 2123 4382 sen-

465 4422 569 4459 sus
598 4406 822 4476 ubique
869 4405 1165 4473 retinens;
1198 4407 1302 4462 sed
1342 4423 1416 4464 ne
1468 4410 1677 4465 amicis
1715 4413 1985 4484 quidem,
2018 4416 2124 4487 qui
2158 4406 2205 4461 D

465 4492 542 4548 ad
565 4493 1012 4549 consolandum
1055 4490 1361 4559 venerant,
1388 4497 1819 4557 insultantibus
1850 4508 1907 4558 et
1952 4503 2120 4560 dolo-

462 4596 557 4636 res
588 4582 959 4652 conjunctim
990 4583 1463 4653 intendentibus,
1510 4588 1599 4644 ira
1646 4586 1986 4648 commotus
2035 4598 2124 4649 est

534 4794 648 4875 (74)
676 4793 757 4875 ’,Ην
790 4790 1109 4875 ἀκροάμασι.
1154 4796 1246 4852 Sic
1295 4797 1477 4875 iidem
1510 4816 1654 4875 mss.
1684 4802 1939 4875 codices.
1971 4806 2119 4863 Editi

463 4863 511 4917 ἐν
534 4863 809 4945 efﬂantem
844 4863 1264 4945 lbidem_unus
1296 4884 1367 4924 ex
1398 4871 1592 4945 Begiis
1619 4873 1666 4924 ἐν
1694 4874 1947 4945 ῥήμασιν.

672 4942 1040 5017 ἒιαχεόμενος.
1079 4942 1204 5017 Ι)μο
1228 4938 1832 5017 ωεεζδιαθφορούμενός.

536 5013 643 5076 (76)
671 5013 776 5066 Τὴν
804 5013 921 5081 περὶ
953 5016 1085 5061 Θεοῦ
1117 5013 1330 5066 ἔννοιαν.
1362 5012 1454 5068 Sic
1482 5012 1630 5068 més.
1656 5012 1815 5072 octo.
1849 5019 1994 5075 Editi
2025 5026 2118 5079 τὴν

462 5088 553 5159 τρζᾶ
600 5087 733 5159 Θεοῦ
793 5082 1006 5159 ἔννοιαν.
1050 5085 1177 5159 ΜῼΧ
1217 5083 1368 5159 editi
1430 5085 1875 5159 περιλαμπόμενος
1920 5112 1971 5143 τι
2026 5099 2118 5145 καὶ

463 5150 865 5228 ἐλλαμπομενος..
899 5152 1372 5228 βωθοᾱεινὶιιῃλε
1412 5144 1527 5228 ope
1560 5144 1737 5213 unius
1765 5176 1836 5216 ex
1862 5144 2117 5220 Combe?

460 5221 702 5306 ﬁsianis"
724 5221 1058 5306 codicibus,
1092 5229 1147 5306 et
1184 5226 1409 5306 codicis
1451 5221 1765 5306 llarlaeani,
1789 5234 1895 5304 qui
1919 5236 2119 5306 prima

461 5310 650 5349 manu
682 5292 913 5360 habuit,
946 5299 1011 5348 ut
1039 5293 1342 5351 edendum
1370 5302 1742 5357 curavimus.

536 5366 910 5448 t.77_)‘"§e§uro‘ﬁ.
936 5369 1052 5448 _lta
1101 5366 1280 5435 llarl.,
1314 5369 1491 5425 Cois].
1548 5373 1781 5443 primus
1826 5380 1881 5431 et
1914 5378 2117 5448 plures

464 5435 582 5491 alii.
618 5436 765 5492 Editi
797 5436 978 5492 αὐτοῦ.

534 5508 651 5577 (78)
670 5506 924 5564 Ἐκαστα.
950 5511 1078 5565 Duo
1110 5524 1258 5564 mss.
1294 5510 1533 5568 ἕκαστον.

2234 1785 2326 1839 τὴν
2352 1780 2537 1852 ψυχὴν
2564 1780 2954 1852 καθελκόμενος,
2991 1778 3117 1830 ἀλλὰ
3158 1780 3360 1851 σχολὴν
3389 1779 3487 1832 απὸ
3518 1788 3615 1831 τῶν
3639 1786 3836 1851 γηίνων

2233 1867 2519 1944 φροντίδων
2552 1871 2713 1941 ἄγων,
2744 1874 2838 1927 τὴν
2886 1875 3059 1921 πᾶσαν
3105 1868 3292 1921 ἑαυτοῦ
3324 1874 3431 1939 (77)
3468 1867 3706 1927 σπουδὴν
3747 1870 3835 1923 ἐπὶ

2231 1965 2323 2017 τὴν
2351 1968 2539 2018 κτῆσιν
2570 1967 2668 2010 τῶν
2718 1959 2936 2010 αἰωνίων
2973 1957 3178 2028 ἀγαθῶν
3210 1960 3558 2029 μετατίθησι·
3604 1966 3712 2020 πῶς

2230 2050 2535 2121 κατορθωθῇ
2567 2047 2706 2117 αὐτῷ
2738 2049 2766 2104 η
2801 2050 3109 2121 σωφροσύνη
3143 2054 3227 2098 καὶ
3263 2050 3291 2104 η
3320 2043 3505 2121 ἀνδρία
3530 2068 3541 2079 ·
3570 2056 3678 2109 πῶς
3711 2045 3771 2100 δε
3804 2050 3835 2107 ἡ

2231 2134 2541 2194 δικαιοσύνη
2575 2142 2664 2187 καί
2686 2138 2714 2193 ἡ
2751 2140 3016 2210 φρόνησις,
3063 2141 3152 2187 καὶ
3184 2138 3237 2186 αὶ
3273 2136 3451 2188 λοιπαὶ
3478 2135 3677 2209 ἁρεται.
3713 2138 3841 2188 ὅσαι

2229 2233 2345 2287 ταῖς
2406 2232 2636 2297 γενικαίς
2690 2229 2903 2284 ταύταις
2954 2222 3444 2297 ὑποδιαιρούμεναι,
3506 2227 3842 2286 καθηκοντως

2228 2316 2425 2368 ἕκαστα
2454 2320 2467 2383 ζ
2478 2319 2564 2370 78)
2594 2314 2837 2367 ἐπιτελεῖν
2877 2322 2976 2366 τῶν
3026 2318 3161 2367 κατὰ
3191 2320 3278 2367 τὸν
3323 2314 3442 2387 βίον
3482 2314 3842 2368 ὑποϐάλλουσι

2227 2413 2297 2475 τῷ
2330 2400 2628 2476 σπουδαίῳ.

2300 2640 2350 2692 3.
2395 2640 2629 2706 Μεγίστη
2678 2630 2737 2686 δὲ
2776 2631 2899 2695 όδὸς
2954 2638 3079 2707 πρὸς
3122 2638 3217 2692 τὴν
3261 2642 3348 2686 τοῦ
3397 2636 3710 2695 καθήκοντος
3750 2636 3841 2687 εὖο

2226 2744 2368 2799 ρεσιν
2426 2730 2515 2776 καὶ
2572 2726 2601 2781 η
2668 2723 2851 2795 μελέτη
2911 2731 3009 2774 τῶν
3070 2725 3419 2775 θεοπνεύστων
3459 2730 3690 2796 Γραφῶν,
3754 2724 3842 2777 Ἐν

2226 2818 2443 2875 ταύταις
2480 2815 2581 2887 γὰρ
2634 2817 2723 2863 καὶ
2777 2815 2830 2863 αί
2875 2820 2973 2863 τῶν
3014 2811 3248 2885 πράξεων
3280 2814 3542 2871 ὑποθῆκαι
3572 2815 3843 2887 εὑρίσκον,

2226 2923 2335 2971 ται,
2384 2908 2473 2954 καὶ
2522 2905 2569 2953 οἱ
2627 2900 2739 2973 βίοι
2791 2909 2890 2952 τῶν
2939 2907 3211 2975 μακαρίων
3258 2899 3459 2976 ἀνδρῶν
3508 2901 3843 2977 ἀνάγραπτοι

2228 2988 2667 3067 παραδεδομένοι,
2720 2992 2824 3042 οἷον
2880 2990 3066 3051 εἰκόνες
3118 2994 3252 3052 τινες
3308 2990 3545 3062 ἔμψυχοι
3602 2999 3697 3053 τῆς
3744 3012 3844 3043 κα.

2231 3085 2297 3135 τὰ
2350 3086 2478 3135 Θεὸν
2534 3080 2828 3150 πολιτείας,
2891 3088 2963 3149 τῷ
3016 3086 3285 3152 μιμήματι
3339 3088 3437 3131 τῶν
3496 3079 3703 3150 ἀγαθῶν
3751 3085 3844 3154 ἕρ-

2230 3192 2334 3243 γων
2362 3175 2680 3243 πρόκεινται.
2717 3172 2815 3219 Καὶ
2846 3172 3016 3219 τοίνυν
3048 3173 3166 3241 περὶ
3206 3168 3327 3240 ὅπερ
3372 3166 3431 3218 ἂν
3471 3169 3690 3229 ἕκαστος
3722 3173 3846 3238 (⁸79)

2233 3257 2411 3320 ἐνδεῶς
2458 3260 2668 3331 ἐχοντος
2718 3257 2903 3309 ἑαυτοῦ
2952 3257 3291 3322 αἰσθάνηται,
3346 3255 3519 3327 ἐκείνῳ
3576 3254 3846 3329 προσδια-

2232 3348 2443 3422 τρίϐων,
2500 3345 2604 3400 οἷον
2656 3346 2755 3398 ἀπὸ
2804 3365 2943 3407 τινος
2990 3352 3165 3397 κοινοῦ
3208 3346 3455 3420 ἰατρείου,
3500 3349 3557 3397 τὸ
3609 3351 3848 3420 πρόσφο-

2231 3459 2322 3512 ρον
2372 3440 2599 3511 εὑρίσκει
2647 3445 2719 3506 τῷ
2779 3433 3156 3509 ἀρρωστήματι
3187 3438 3475 3509 φάρμακον,
3533 3440 3631 3487 Καὶ
3673 3437 3697 3486 ὁ
3745 3440 3847 3507 μεν

2234 3527 2457 3601 ἐραστὴς
2516 3534 2611 3587 τῆς
2666 3528 3009 3597 σωφροσύνης
3054 3529 3142 3582 τὴν
3194 3530 3308 3598 περὶ
3336 3532 3426 3575 τοῦ
3453 3524 3644 3595 ’Ῑωσηφ
3696 3527 3848 3576 ἱστο-

2232 3621 2349 3691 ρίαν
2406 3623 2641 3685 συνεχῶς
2679 3612 2961 3679 ἀνελίσσει,
2995 3619 3084 3665 καὶ
3137 3614 3262 3686 παρ’
3292 3612 3451 3665 αὐτοῦ
3496 3616 3588 3674 τὰς
3632 3633 3851 3688 σωφρο-

2232 3707 2380 3765 νικὰς
2431 3700 2811 3754 ἐκδιδάσκεται
2854 3702 3082 3777 πράξεις,
3139 3702 3390 3776 εὑρίσκων
3450 3702 3600 3754 αὐτόν
3636 3702 3693 3753 οὐ
3742 3708 3854 3774 μό·

2233 3813 2315 3844 νον
2374 3792 2639 3866 ἐγκρατῶς
2689 3793 2818 3864 πρὸς
2874 3788 3070 3852 ἡδονὰς
3136 3794 3345 3861 ἔχοντα,
3401 3789 3527 3841 ἀλλὰ
3570 3796 3657 3841 καὶ
3698 3790 3855 3843 ἐκτι-

2234 3891 2335 3944 κῶς
2368 3885 2499 3956 πρὸς
2549 3878 2733 3954 ἀρετήν
2790 3876 3153 3951 διακείμενον·
3219 3876 3435 3954 ἀνδρίαν
3492 3877 3549 3931 δὲ
3595 3876 3829 3933 παιδεύε

2233 3990 2319 4024 ται
2351 3973 2493 4045 παρά
2521 3977 2613 4021 τοῦ
2642 3970 2754 4039 (80)
2788 3967 2926 4035 Ἰὼϐ,
2956 3968 3009 4029 ὃς
3050 3969 3109 4019 οὐ
3158 3973 3331 4041 μόνον,
3365 3972 3491 4042 πρὸς
3538 3971 3604 4020 τὰ
3632 3968 3854 4022 ἐναντία

2188 4124 2199 4133 _
2234 4080 2325 4113 του
2376 4059 2497 4131 βίου
2553 4062 2929 4131 μεταπεσόντος
2986 4057 3127 4127 αὐτῷ
3161 4100 3174 4124 ,
3244 4062 3398 4119 πένης
3464 4057 3518 4108 ἐκ
3582 4058 3851 4111 πλουσιου

2234 4155 2323 4202 καὶ
2353 4151 2514 4210 ἄπαις
2564 4147 2663 4199 ἀπὸ
2719 4143 3060 4207 καλλίπαιδος
3112 4145 3159 4197 ἐν
3208 4152 3305 4218 μιᾷ
3356 4154 3541 4219 καιροῦ
3569 4147 3701 4220 ῥοπῇ
3757 4167 3855 4217 γε-

2232 4243 2456 4311 νόμενος,
2522 4235 2770 4309 διέμεινεν
2838 4238 2862 4287 ὀ
2914 4235 3091 4302 αὐτὸς,
3161 4233 3505 4288 ἀταπείνωτον
3560 4245 3853 4307 πανταχοῦ

2233 4332 2290 4381 τό
2340 4337 2433 4389 τῆς
2480 4327 2667 4398 ψυχῆς
2723 4330 2961 4399 φρόνημα
3034 4322 3347 4384 διασώζων’
3403 4322 3510 4375 ἀλλ’
3562 4328 3678 4376 οὔτε
3734 4334 3853 4377 τῶν
3930 4340 3933 4341 ⁷

2234 4417 2389 4491 φίλων
2439 4425 2537 4469 τῶν
2610 4416 2675 4475 εἰς
2746 4416 3083 4487 παραμυθίαν
3152 4416 3381 4471 ἡκόντων
3415 4457 3429 4482 ,
3508 4412 3853 4485 ἐπεμϐαινόν-

2232 4527 2332 4559 των
2364 4506 2503 4577 «an;
2534 4508 2641 4575 (8|)
2695 4509 2783 4556 καὶ
2833 4507 3282 4556 συνεπιτεινόντων
3320 4505 3387 4554 τὰ
3425 4501 3654 4573 ἁλγεινα,
3706 4522 3854 4579 παρ-

2234 4598 2456 4660 ωξύνθη.
2522 4595 2679 4647 Πάλιν
2747 4602 2955 4645 σκοπῶν
3021 4596 3130 4664 (82)
3184 4612 3265 4653 τις
3307 4600 3418 4654 πῶς
3447 4590 3506 4643 ἆν
3570 4598 3730 4666 πρᾶος
3795 4592 3850 4644 ἐν

2305 4811 2417 4883 (79)
2452 4806 2728 4883 Ἕκαστος.
2782 4805 2971 4883 Editio
3021 4803 3381 4883 Parisiensis
3441 4803 3609 4883 addit
3664 4804 3849 4883 ἡμῶν,

2230 4875 2395 4953 quod
2426 4880 2594 4934 deest
2638 4880 2699 4933 in
2746 4877 2995 4932 vetustis
3041 4875 3409 4932 editionibus
3454 4882 3512 4931 et
3548 4875 3851 4931 omnibus

2230 4954 2451 5008 nostris
2474 4967 2620 5007 mss.

2303 5029 2412 5087 (80)
2458 5026 2609 5095 Παρά
2660 5028 2772 5075 τοῦ.
2815 5020 2967 5095 Editi
3012 5022 3157 5094 παρὰ
3210 5026 3303 5089 τῷ,
3354 5016 3850 5090 repugnantibus

2228 5110 2378 5149 mss.
2412 5092 2716 5164 plerisque
2748 5092 3056 5147 omnibus.

2301 5161 2857 5237 (8|)‘Aorcgifvitiose
2910 5164 2969 5218 in
3019 5161 3191 5217 editis
3235 5161 3400 5231 ἐαυτῷ
3443 5164 3653 5217 contra
3710 5175 3853 5216 om-

2227 5236 2396 5292 niUm
2428 5254 2571 5291 mss.
2598 5236 2805 5290 tidem.

2300 5313 2408 5377 (82)
2442 5315 2648 5359 Σκοπὼν
2674 5327 2772 5367 τις.
2811 5308 2981 5361 Deest
3019 5304 3245 5377 vocula,
3278 5305 3338 5359 in
3383 5302 3695 5359 codicibus
3731 5305 3854 5377 Me-

2227 5376 2435 5447 diCaeo,
2488 5378 2645 5433 Harl.
2692 5384 2747 5433 et
2797 5377 2927 5431 aliis
2973 5376 3282 5433 nonnullis
3303 5395 3327 5445 ;-
3369 5391 3493 5431 non
3540 5381 3746 5430 tamen
3779 5376 3849 5431 in

2228 5450 2597 5507 Coisliniano
2622 5450 2842 5522 primo.
