4102 6194
241 249 354 302 229

1302 244 1794 301 EPISTOLARUM
1834 244 2119 300 CLASSIS
2158 245 2198 297 Ι.
2241 246 2454 301 EPIST.
2500 248 2564 301 ll.

3510 252 3615 304 230

229 390 405 441 ταυτῳ
463 376 554 421 καὶ
606 369 967 441 μεγαλόθυμος
1022 372 1236 440 γένοιτο,
1272 388 1402 421 ωστε
1432 379 1503 440 τῷ
1547 374 1635 443 μὲν
1695 372 1840 439 θυπῷ

1972 372 2181 423 Rursus
2208 370 2343 441 quis
2373 374 2665 440 reputans
2689 371 3002 440 quomodo
3031 371 3296 428 clemens
3351 372 3531 428 simul
3561 376 3617 428 et

228 462 367 509 κατα
416 469 509 518 τῆς
563 459 821 531 ἁμαρτίας
866 460 1187 530 κεχρῆσθαι,
1221 466 1283 530 τῇ
1344 456 1401 511 δε
1432 465 1693 531 πραότητι
1718 463 1842 533 πρὸς

229 552 353 607 τοὺς
421 546 746 620 ἀνθρώπους,
815 548 1026 617 εὑρήσει
1077 551 1190 613 (83)
1242 551 1327 597 τόν
1390 544 1556 599 Δαϐὶδ
1613 555 1841 618 γενναῖον

226 656 319 708 μεν
353 635 400 686 ἐν
446 645 555 695 τοίς
598 639 733 687 κατὰ
779 635 998 706 πόλεμον
1057 632 1523 709 ἀνδραγαθήμασι,
1575 643 1739 709 πρᾶον
1785 632 1843 687 δε

228 732 319 776 καὶ
345 724 591 781 ἀκίνητον
625 724 672 775 ἓν
721 732 831 783 ταῖς
885 734 982 775 τῶν
1038 722 1243 797 ἐχθρῶν
1294 721 1619 776 ἀντιδόσεσι.
1655 732 1841 777 Τοιοῦ-

231 834 317 873 τος
349 814 468 881 (84)
502 818 592 864 καὶ
652 820 866 872 Μωσῆς,
899 812 1106 884 μεγάλῳ
1149 816 1239 884 μὲν
1270 821 1341 882 τῷ
1378 815 1522 885 θυμῷ
1582 817 1717 864 κατά
1745 822 1842 864 τῶν

233 904 303 962 εἰς
371 906 504 954 Θεὸν
554 901 1009 973 ἐξαμαρτανόντων
1070 898 1484 973 διανιστάμενος,
1540 909 1730 975 πραείᾳ
1787 898 1845 953 δὲ

228 1000 289 1061 τῇ
340 991 497 1062 ψυχῇ
556 995 651 1051 τας
710 990 824 1041 καθ’
866 991 1051 1042 ἑαυτοῦ
1112 987 1361 1053 διαϐολὰς
1420 992 1705 1065 ὑποφέρων.
1743 997 1843 1043 Καὶ

230 1078 533 1151 πανταχοῦ,
578 1080 750 1153 ὥσπερ
797 1083 845 1131 οἱ
896 1081 1186 1151 ζωγράφοι,
1214 1081 1334 1131 όταν
1380 1080 1479 1133 ἀπό
1526 1081 1731 1133 εἰκόνων
1773 1081 1840 1132 εἰς

230 1178 381 1230 κόνας
445 1172 690 1241 γράφωσι
748 1173 881 1240 (85),
943 1173 1113 1221 πυκνά
1202 1174 1328 1243 πρὸς
1389 1175 1447 1221 τό
1504 1168 1846 1245 παράδειγμα

230 1257 634 1321 ἀποϐλέποντες,
670 1262 756 1309 τόν
815 1257 1018 1309 ἐκειθεπ
1074 1267 1397 1332 χαρακτῆρα
1426 1264 1554 1332 πρός
1612 1264 1667 1311 τό
1722 1260 1844 1310 ἐαυ-

227 1358 334 1399 τὼν
387 1345 760 1408 σπουδάζουσι
799 1350 1096 1419 μεταθεῖναι
1165 1348 1542 1421 φιλοτέχνημα·
1598 1350 1733 1401 οὕτω
1764 1347 1849 1402 δεῖ

226 1437 325 1488 και
374 1440 459 1488 τόν
518 1433 890 1488 ἐσπουδακότα
948 1436 1126 1487 ἑαυτὸν
1184 1443 1319 1489 πᾶσι
1364 1444 1470 1499 τοῖς
1514 1443 1695 1512 μέρεσι
1752 1447 1847 1498 τῆς

224 1526 422 1599 ἀρετῆς
462 1525 863 1597 ἀπεργάσασθαι
889 1529 1024 1593 (86),
1054 1525 1266 1592 τέλειον,
1317 1529 1469 1578 οἱονεὶ
1518 1531 1647 1599 πρὸς
1681 1526 1846 1597 ἀγάλ-

221 1621 376 1688 ματά
424 1637 539 1668 τινα
592 1620 867 1687 κινούμενα
917 1618 1029 1685 (87)
1070 1620 1161 1667 καὶ
1214 1620 1649 1689 ἓμπρακτα,τούς
1696 1616 1847 1688 βίους

217 1714 327 1756 τῶν
376 1706 535 1776 αγίων
564 1704 891 1774 ἀποϐλέπειν,
921 1710 1011 1756 καὶ
1063 1708 1120 1756 τό
1153 1702 1352 1756 ἐκείνων
1400 1704 1596 1776 ἀγαθόν
1654 1705 1846 1757 οἰκεῖον
1879 1726 1918 1779 Β

208 1797 502 1846 ποιεῖσθαι
525 1792 618 1845 διὰ
646 1796 939 1865 μιμήσεως.

291 1888 330 1941 ἂν
349 1930 363 1941 .
408 1886 580 1956 Εὐχαὶ
609 1885 764 1936 πάλιν
818 1887 907 1946 τὰς
966 1883 1282 1955 ἀναγνώσεις
1310 1880 1694 1957 διαδεχόμεναι
1721 1905 1837 1938 νεα-

204 1980 457 2049 ρωτέραν
487 1978 579 2031 τὴν
625 1974 811 2045 ψυχὴν
866 1979 955 2024 καὶ
1009 1971 1358 2046 ἀκμαιοτέραν
1409 1982 1479 2043 τῷ
1536 1978 1669 2049 πρός
1716 1979 1845 2027 Θεὸν

206 2067 383 2135 πόθῳ
434 2068 772 2135 κεκινημένην
803 2061 1321 2137 παραλαμϐάνουσιν.
1377 2062 1524 2121 Εύχὴ
1583 2061 1642 2115 δε
1703 2064 1835 2121 καλὴ

208 2156 241 2211 ἡ
279 2153 484 2224 ἐναργῆ
539 2152 831 2224 ἐμποιοῦσα
878 2160 968 2203 τοῦ
1016 2159 1148 2203 Θεοῦ
1203 2154 1397 2203 ἔννοιαν
1426 2160 1488 2223 τῇ
1524 2160 1679 2224 χυχῇ
1713 2154 1843 2222 (88),

214 2249 335 2296 Καὶ
398 2250 549 2294 τοῦτό
593 2241 705 2293 ἐστι
764 2250 897 2295 Θεοῦ
964 2240 1244 2305 ἐνοίκησις,
1301 2244 1359 2292 τὸ
1416 2237 1507 2292 διὰ
1555 2250 1645 2302 τῆς
1700 2246 1837 2315 μνη-

210 2353 336 2405 μης
401 2328 731 2403 ἐνιδρυμένον
813 2334 951 2401 ἔχειν
1010 2330 1059 2381 ἐν
1117 2329 1284 2399 ἐαυτῷ
1343 2334 1428 2382 τόν
1487 2336 1636 2405 Θεόν.
1699 2332 1849 2383 Οὕτω

208 2424 492 2494 γενόμεθα
542 2424 658 2480 ναὸς
716 2428 870 2485 Θεοῦ,
933 2422 1052 2472 ὅταν
1109 2425 1180 2492 μὴ
1252 2425 1493 2492 φροντίσι
1540 2400 1744 2490 γηίναις
1792 2420 1849 2471 τό

216 2515 463 2580 συνεχὶς
512 2520 603 2570 τῆς
661 2515 871 2581 μνήμης
925 2506 1300 2575 διακόπτηται,
1330 2506 1469 2580 μηδὲ
1516 2518 1618 2569 τοῖς
1648 2508 1849 2583 ἀπροσ-

216 2598 499 2660 δοκήτοις
550 2601 773 2650 πάθεσιν
826 2600 851 2649 ό
904 2606 1021 2659 νοῦς
1079 2598 1475 2672 ἐκταράττηται,
1510 2598 1638 2650 ἀλλά
1684 2602 1853 2650 πάντα

218 2689 522 2761 ἀποφυγων
592 2689 618 2739 ὀ
686 2687 919 2759 φνλόθεος
973 2686 1055 2739 ἐπὶ
1123 2691 1251 2739 Θεὸν
1319 2686 1591 2761 ἀναχωρῇ,
1654 2686 1851 2749 ἐξελαύ-

214 2800 331 2829 νων
408 2782 473 2828 τα
546 2776 981 2852 προσκαλοῦμενα
1043 2778 1155 2846 (89)
1228 2776 1383 2828 αῦτόν
1443 2776 1513 2848 εἰς
1590 2774 1849 2851 ἀκρασίαν

216 2870 530 2923 πάθη.καὶ
567 2873 675 2927 τοῖς
730 2870 862 2940 πρὸς
914 2865 1099 2937 ἀρετὴν
1158 2865 1379 2936 ἄγουσιν
1437 2862 1851 2937 ἐπιτηδεύμασιν

222 2953 545 3027 ἐνδιατρίϐῃ
560 3000 570 3009 .

303 3050 367 3100 5.
414 3049 516 3096 Καὶ
572 3047 778 3115 πρῶτόν
835 3061 893 3114 γε
949 3062 1152 3095 παντων
1214 3039 1535 3103 σπουδάζειν
1595 3046 1919 3132 προσήκεις

220 3139 359 3206 περὶ
386 3138 481 3189 την
534 3140 625 3184 τοῦ
675 3132 833 3201 λόγου
886 3139 1087 3204 χρῆσιν
1145 3135 1216 3203 μὴ
1275 3129 1486 3202 ἀμαθῶς
1536 3130 1700 3202 ἔχειν,
1744 3130 1848 3182 ἀλλ’

228 3223 438 3294 ἐρωτᾷν
514 3226 602 3294 μεν
695 3220 1028 3291 ἀφιλονείκως
1062 3262 1075 3285 ,
1157 3219 1530 3293 ἀποκρίνεσθαι
1618 3217 1677 3272 δὲ
1764 3226 1853 3271 καὶ

230 3312 561 3383 ἀφιλοτίμως
607 3311 745 3379 (90),
798 3315 868 3382 μὴ
932 3306 1286 3362 διακόπτοντα
1328 3313 1415 3361 τόν
1464 3306 1853 3381 προσδιαλεγό-

232 3420 412 3473 μενον,
465 3401 586 3451 ὅταν
653 3418 705 3450 τι
773 3404 1039 3473 χρήσιμον
1118 3397 1261 3469 λέγῇ,
1314 3394 1452 3469 μηδὲ
1503 3397 1857 3469 ἐπιθυμοῦντα

234 3496 330 3541 τόν
400 3490 580 3541 ἑαυτοῦ
660 3488 811 3558 λόγον
890 3484 1252 3547 ἐπιδεικτικῶς
1310 3485 1707 3561 παρεμϐάλλειν,
1763 3492 1854 3558 μὲ-

242 3598 349 3650 τρα
390 3580 637 3651 ὁρίζοντα
678 3577 813 3647 )όγῳ
866 3581 952 3627 καὶ
1010 3574 1161 3647 ἀκοῇ
1226 3577 1500 3647 μανθάνειν
1552 3571 1609 3626 δε
1643 3574 1856 3626 ἀνεπαι-

248 3670 522 3739 σχύντως,
551 3671 641 3717 καὶ
688 3662 968 3716 διδάσκειν
1011 3665 1379 3735 ἀνεπιφθόνως·
1436 3670 1525 3715 καὶ
1569 3665 1613 3715 εἰ
1654 3683 1706 3714 τι
1737 3664 1857 3738 παρ’

244 3758 438 3830 ἐτέρου,
492 3752 831 3820 δεδίδακται,
892 3758 961 3825 μὴ
1024 3753 1354 3827 ἐπικρύπτειν
1411 3755 1521 3821 (91)
1572 3755 1745 3826 ὥσπερ
1806 3755 1861 3804 αἱ

247 3846 441 3919 ῗαῦὶαι
516 3852 617 3895 τῶν
675 3851 954 3914 γυναικῶν,
1018 3845 1072 3893 αι
1126 3845 1193 3894 τά
1239 3843 1365 3893 νόθα
1427 3839 1856 3914 ύποϐαλλόμεναι·

247 3935 381 3987 ἀλλὰ
421 3936 712 4005 κηρύσσειν
772 3932 1105 4002 εὐγνωμόνως
1153 3934 1240 3981 τόν
1288 3935 1487 4002 πατέρα
1536 3937 1627 3981 τοῦ
1680 3930 1858 4001 λόγου.

244 4029 405 4084 Τόνος
484 4019 543 4073 δε
615 4030 782 4093 φωνῆς
840 4022 865 4071 ὀ
921 4023 1081 4092 μέσος
1159 4024 1533 4093 προτιμητέος,
1587 4022 1656 4080 ὡς
1734 4024 1863 4091 μήτε

250 4113 553 4184 διαφεύγειν
611 4116 706 4169 τὴν
753 4109 913 4167 ἀκοὴν
971 4111 1070 4161 ύπό
1118 4114 1485 4181 σμικρότητος,
1542 4114 1673 4181 μήτε
1736 4129 1862 4182 φορ-

249 4209 399 4255 τικόν
452 4199 589 4254 εἶναι
641 4210 713 4271 τῷ
788 4201 993 4272 μεγέθει
1049 4208 1143 4260 τῆς
1198 4196 1503 4259 διατάσεως.
1578 4199 1863 4272 Προεξετά-

255 4312 421 4345 σαντα
478 4291 527 4343 ἐν
576 4291 743 4360 ἑαυτῷ
800 4294 858 4340 τό
913 4290 1292 4361 ῥηθησόμενον,
1345 4288 1478 4339 οὕτω
1528 4284 1865 4359 δημοσιεύειν

250 4388 335 4435 τόν
386 4382 560 4453 λόγον.
626 4380 1032 4453 Εύπροσὴγορον
1086 4376 1133 4428 ἐν
1186 4384 1299 4437 ταῖς
1352 4375 1621 4443 ἐντεύξεσι,
1673 4375 1866 4447 γλυκύν

326 4564 439 4630 (83)
484 4560 735 4631 Εῦρησει.
768 4558 852 4611 Ita
878 4571 1023 4610 mss.
1058 4568 1297 4609 summo
1354 4568 1677 4609 consensu.
1721 4553 1868 4609 Editi

260 4634 517 4683 εύοίσκει.

315 4686 447 4763 ’.84)
490 4708 761 4761 Τοιοῦτος.
820 4698 969 4753 Editi
1018 4692 1360 4757 adduntiv.
1394 4695 1562 4767 quod
1613 4695 1781 4752 deest
1811 4695 1872 4751 in

260 4772 577 4829 codicibus
606 4770 792 4832 Harl.,
818 4768 985 4838 Med,
1018 4770 1146 4823 Vat.
1179 4772 1235 4823 et
1258 4770 1518 4840 quatuor
1539 4767 1871 4837 Regiis.Le-

262 4846 416 4917 gitur
440 4850 646 4917 tamen
668 4843 729 4897 in
755 4840 930 4917 Cois].
960 4841 1178 4917 primo:

330 4919 441 4985 (85)
485 4915 699 4985 Εἰκόνας
737 4907 1003 4985 (γράφωσι.
1039 4914 1125 4966 lta
1152 4908 1312 4985 Harl.
1341 4912 1404 4985 et
1436 4907 1610 4985 _Coisl.
1644 4908 1876 4985 primus

262 4979 398 5042 cum
434 4987 627 5041 tribus
650 4979 1004 5039 aliis.Editio
1035 4980 1385 5052 Parisiensis
1407 4979 1577 5031 εἰκόνα
1593 4979 1871 5052 γράφουσι.

265 5057 620 5114 Basileensis
651 5056 847 5128 prima
879 5059 935 5109 et
966 5050 1381 5128 Haganoensis
1405 5050 1671 5125 γράφωσι.
1704 5050 1875 5121 Legi-

264 5136 357 5185 tur
385 5130 445 5184 in
476 5123 791 5183 nonnullis
824 5142 967 5179 mss.
1000 5126 1192 5185 εἰκόνος
1223 5123 1412 5175 εἰκόνα.

334 5204 468 5272 (86),
492 5198 947 5272 Ἀπεργάσασθαι.
979 5196 1071 5251 Sic
1103 5211 1249 5251 mss.
1294 5210 1538 5249 summo
1554 5209 1877 5250 consensu.

269 5274 413 5328 Editi
448 5271 655 5341 c’mr‘ayd
664 5271 872 5321 σεσθαι.

333 5347 441 5407 (87)
493 5335 802 5413 Ἀγάλματά
862 5358 977 5413 τινα
1053 5335 1879 5413 κινούμενα-,βίο-Θᾴίίᾷοῐιςε

270 5406 729 5487 εηίὶειυεεόιὶω
786 5410 1071 5466 omnibus
1126 5406 1475 5465 mss.Editio
1530 5406 1881 5463 Parisiensis

273 5487 548 5559 ἀγάλματα
579 5487 909 5559 κοινούμενάἶ

492 5565 565 5631 Τῇ
594 5548 779 5628 ψυχῇξ
814 5552 963 5610 Editi
1010 5551 1057 5604 ἐν
1110 5559 1171 5624 τῇ
1230 5551 1411 5624 ψυχῇ.
1443 5548 1788 5623 Ρτεεροεὶιίο
1820 5549 1879 5605 in

1955 458 2386 527 magnanimus
2415 474 2544 513 esse
2587 460 2794 529 possit,
2827 460 2909 515 ita
2956 467 3018 517 ut
3069 462 3272 517 animo
3301 462 3361 517 in
3393 478 3614 533 pecca-

1953 551 2101 612 tum,
2145 546 2463 602 clcmentia
2517 562 2660 616 erga
2713 548 2989 603 homines
3058 554 3300 617 utatur;
3352 551 3617 606 inveniet

1956 634 2242 690 Davidem
2278 650 2636 704 generosum
2686 636 2934 707 quidem
2968 638 3026 692 in
3071 637 3299 694 bellicis
3330 639 3613 694 facinori-

1952 722 2087 788 bus,
2141 724 2497 778 clementem
2555 740 2699 779 vero
2757 730 2813 779 et
2870 725 3179 797 placidum
3234 727 3295 782 in
3354 728 3613 783 inimicis

1953 811 2335 867 ulciscendis.
2388 812 2541 867 Talis
2581 818 2635 867 et
2686 816 2898 881 Moses,
2948 815 3175 885 ingenti
3215 816 3462 888 quidem
3518 816 3614 871 ille

1954 901 2161 957 animo
2209 902 2271 954 in
2325 916 2427 955 eos
2477 901 2821 969 insurgens,
2852 902 3043 973 quiin
3079 906 3262 957 Deum
3325 919 3613 974 peccave-

1952 996 2108 1055 rant,
2143 990 2249 1043 sed
2296 989 2505 1043 leniter
2549 989 2805 1045 inﬂictas
2857 991 2967 1045 sibi
3024 992 3364 1047 calumnias
3420 994 3613 1062 perfe-

1954 1094 2114 1134 rens.
2150 1083 2228 1133 Ac
2283 1078 2554 1145 omnino,
2591 1084 2653 1133 ut
2702 1082 2980 1149 pictores,
3018 1096 3156 1135 cum
3226 1081 3523 1150 imagines
3544 1098 3615 1137 ex

1954 1166 2325 1236 imaginibus
2383 1168 2664 1238 pingunt,
2700 1168 2911 1224 crebro
2943 1170 3016 1225 ad
3053 1170 3364 1240 exemplar
3420 1172 3617 1243 respi-

1954 1256 2200 1313 cientes.
2233 1256 2370 1311 inde
2426 1257 2681 1311 formam
2716 1258 2775 1310 in
2831 1275 3010 1312 suum
3070 1275 3228 1330 opus
3284 1259 3608 1314 transferre

1957 1344 2405 1399 conanturzsic
2454 1345 2630 1399 etiam
2691 1346 2795 1415 qui
2852 1362 2983 1400 sese
3043 1346 3328 1401 omnibus
3382 1348 3615 1402 virtutis

1957 1434 2231 1504 partibus
2278 1433 2624 1487 absolutum
2660 1435 2947 1505 perlicere
2999 1436 3219 1500 studet,
3255 1436 3332 1490 ad
3384 1442 3617 1491 sancto—

1956 1537 2093 1576 rum
2145 1522 2319 1585 vitas,
2349 1522 2512 1576 velut
2560 1522 2637 1576 ad
2680 1523 3005 1578 simulacra
3052 1524 3336 1595 quaedam
3382 1525 3520 1579 viva
3562 1528 3619 1579 et

1958 1616 2228 1678 actuosa,
2260 1611 2556 1683 respicere
2608 1612 2808 1676 debet,
2841 1618 2897 1667 et
2922 1613 3089 1685 quod
3119 1613 3233 1668 illis
3287 1614 3443 1669 inest
3472 1614 3618 1669 boni

1962 1717 2145 1755 suum
2176 1700 2472 1755 imitando
2511 1700 2727 1756 facere.

2030 1884 2082 1934 4.
2129 1884 2335 1935 Preces
2368 1896 2577 1935 rursus
2622 1880 2982 1936 lectionibus
3014 1882 3405 1938 succedentes
3438 1898 3617 1953 vege-

1960 1969 2175 2025 tiorem
2204 1986 2272 2025 ac
2306 1970 2612 2025 fortiorem
2640 1970 2909 2025 animam
2934 1988 3140 2027 amore
3172 1972 3230 2027 in
3262 1975 3446 2027 Deum
3479 1988 3618 2027 con-

1961 2058 2206 2114 citatam
2239 2058 2567 2130 excipiunt.
2599 2062 2696 2113 Est
2724 2065 2926 2114 autem
2953 2061 3147 2116 oratio
3177 2060 3275 2116 illa
3306 2061 3616 2133 praeclara,

1959 2163 2094 2219 qua:
2128 2148 2513 2219 perspicuam
2550 2147 2648 2203 Dei
2678 2148 2988 2204 notionem
3020 2149 3237 2204 anima:
3285 2150 3614 2221 imprimit:

1958 2236 2143 2308 idque
2180 2237 2281 2292 Dei
2310 2236 2666 2291 inhabitatio
2706 2242 2812 2303 est,
2839 2236 3202 2293 insidentem
3242 2238 3402 2293 intus
3433 2241 3619 2293 Deum

1959 2328 2256 2381 memoria
2290 2326 2633 2398 complecti.
2680 2328 2771 2382 Sic
2807 2329 2900 2383 Dei
2944 2326 3238 2383 efﬁcimur
3274 2327 3568 2399 templum
3605 2346 3618 2396 ;

1960 2433 2099 2471 cum
2133 2433 2242 2472 nec
2276 2416 2525 2471 terrenis
2552 2419 2713 2472 curis
2743 2423 3069 2489 perpetuus
3113 2418 3421 2473 memoriae
3452 2422 3623 2473 tenor

1960 2504 2391 2577 interpellatur,
2420 2521 2530 2560 nec
2561 2504 2908 2577 improvisis
2949 2506 3462 2562 commotionibus
3492 2522 3623 2579 per-

1958 2593 2238 2649 turbatur
2281 2593 2618 2649 intellectus
2650 2611 2661 2659 ;
2699 2595 2804 2649 sed
2836 2595 3044 2651 omnia
3074 2595 3311 2664 fugiens
3344 2595 3444 2650 Dei
3501 2594 3622 2650 cul-

1963 2688 2052 2737 tor
2097 2683 2175 2737 ad
2218 2686 2402 2738 Deum
2466 2684 2713 2749 secedit,
2739 2684 3035 2756 repellens
3087 2691 3492 2756 provocantes
3544 2683 3624 2740 ad

1958 2771 2273 2827 libidinem
2325 2772 2693 2840 affectiones,
2720 2789 2791 2829 ac
2838 2774 2900 2829 in
2932 2773 3145 2829 studiis
3204 2773 3284 2829 ad
3344 2774 3622 2829 virtutem

1960 2860 2323 2916 ducentibus
2352 2861 2728 2917 immoratur.

2128 3044 2319 3112 Atque
2372 3039 2517 3095 illud
2575 3039 2820 3112 quidem
2875 3040 3171 3113 imprimis
3230 3038 3429 3095 studio
3491 3054 3623 3095 esse

1963 3129 2159 3195 debet,
2195 3144 2475 3185 sermone
2529 3144 2648 3184 non
2702 3128 2913 3184 inscite
2970 3129 3205 3196 uti,sed
3257 3129 3623 3198 interrogare

1964 3219 2095 3274 sine
2124 3218 2401 3288 litigandi
2442 3217 2665 3284 studio,
2694 3219 3065 3290 respondere
3094 3220 3223 3274 sine
3250 3218 3580 3274 ambitione
3607 3238 3620 3287 ;

1962 3324 2088 3364 non
2118 3306 2501 3378 interpellare
2550 3308 2968 3370 disserentem,
3002 3309 3049 3363 si
3079 3308 3226 3380 quid
3268 3307 3432 3363 dicat
3461 3307 3625 3373 utile,

1963 3412 2161 3468 neque
2204 3396 2494 3467 cupidum
2527 3412 2659 3451 esse
2690 3396 2919 3469 proprii
2958 3396 3255 3453 sermonis
3284 3398 3629 3453 ostentatio-

1964 3486 2058 3541 nis
2090 3501 2279 3540 causa.
2334 3485 2765 3553 interserendi;
2802 3486 3053 3541 modum
3104 3491 3303 3541 tenere
3334 3484 3626 3558 loquendi

1966 3580 2024 3629 et
2062 3574 2390 3642 audiendi;
2423 3574 2655 3629 discere
2705 3575 2884 3630 etiam
2917 3575 3046 3630 sine
3102 3575 3487 3641 verecundia,
3520 3575 3624 3630 do-

1967 3679 2099 3719 cere
2125 3662 2468 3731 liberaliter,
2501 3678 2614 3718 nec
2644 3663 2944 3719 occultare
2977 3664 3027 3718 si
3062 3663 3180 3735 74
3214 3663 3358 3735 quid
3401 3663 3479 3720 ab
3510 3662 3629 3717 alio

1968 3752 2285 3819 didiceris;
2313 3751 2469 3806 velut
2502 3752 2795 3825 improba
2828 3751 3112 3807 mulieres
3167 3752 3363 3807 facere
3414 3750 3628 3820 solent,

1968 3855 2105 3911 qua:
2137 3839 2376 3910 spurios
2410 3845 2619 3910 partus
2669 3839 3033 3909 subjiciunt;
3068 3838 3176 3895 sed
3222 3844 3393 3909 grato
3424 3839 3630 3895 animo

1968 3933 2283 4000 parentem
2330 3927 2618 3982 doctrinm
2658 3927 3008 3999 praedicare.
3041 3928 3215 3983 Vocis
3261 3944 3404 3983 vero
3446 3944 3631 3983 sonus

1971 4016 2291 4072 mediocris
2349 4015 2763 4087 praeferendus
2804 4021 2914 4083 est,
2947 4021 3013 4072 ut
3060 4024 3172 4072 nec
3218 4016 3429 4072 exilior
3459 4016 3633 4073 audi-

1972 4110 2102 4161 tum
2133 4104 2564 4176 praeterfugiat,
2597 4120 2708 4159 nec
2739 4104 2927 4161 nimia
2971 4106 3353 4162 contentione
3401 4107 3633 4177 impor-

1974 4198 2160 4248 tunus
2192 4194 2284 4249 sit.
2320 4194 2798 4264 Expendendum
2826 4200 3023 4250 tecum
3056 4195 3223 4266 prius
3261 4194 3410 4266 quid
3440 4195 3631 4250 dictu-

1974 4299 2079 4339 rus
2105 4282 2405 4353 sis,atque
2433 4283 2516 4337 ita
2546 4282 2797 4338 demum
2827 4284 3135 4339 edendum
3157 4288 3213 4338 et
3231 4282 3630 4354 vulgandum.

1976 4370 2350 4428 Adeuntibus
2390 4371 2697 4428 affabilem
2737 4388 2871 4428 esse
2902 4378 3157 4446 oportet,
3178 4378 3359 4446 atque
3402 4374 3463 4429 in
3511 4372 3635 4429 col-

1977 4551 2200 4608 nostris
2230 4554 2362 4607 octo
2396 4567 2537 4605 mss.
2562 4550 2729 4621 deest
2750 4556 2807 4607 et
2834 4552 2895 4607 in
2926 4552 3187 4608 editione
3218 4552 3637 4621 Hagan.Paulo

1979 4628 2117 4696 post
2147 4622 2287 4678 editi
2318 4626 2458 4693 ἔχειν
2490 4619 2818 4696 ἐνιδρυμένον
2873 4624 2921 4676 ἐν
2979 4626 3142 4695 αύτῷ,
3184 4619 3431 4681 Codices
3476 4640 3628 4680 mss.

1983 4694 2227 4750 summo
2258 4710 2563 4750 concensu
2604 4694 2669 4749 ut
2696 4694 2758 4749 in
2785 4700 2967 4751 textu.

2055 4765 2777 4846 (89λτᾲηπροσκαὶόύμεγα,
2827 4766 3198 4846 etc.__Se_cut_i
3238 4782 3464 4846 sumus
3522 4764 3639 4846 boc

1981 4837 2116 4892 loco
2147 4835 2582 4892 Coislinianum
2622 4835 2909 4908 primum,
2944 4836 3099 4893 Harl.
3133 4844 3188 4892 et
3218 4836 3373 4893 duos
3402 4839 3637 4906 Regios.

1986 4908 2175 4983 liabet
2254 4908 2433 4964 etiam
2496 4907 2925 4983 lll‘ed‘icaeusujrdc
2976 4908 3403 4983 «peduculo-iiuna:
3462 4909 3636 4983 αύτόν.

1984 4980 2315 5053 Vaticanus
2367 4978 2552 5053 etﬁlii
2596 4979 2874 5034 nonnulli
2902 4982 2979 5053 Δτὰ
3015 4978 3455 5053 ’προσκαλούμενα
3493 4982 3641 5053 ’ἡμᾶς

1987 5051 2053 5111 εἰς
2110 5055 2318 5107 κακίαν.
2370 5050 2519 5106 Editi
2577 5054 2642 5101 τὰ
2692 5049 3121 5124 προσκαλούμενα
3174 5049 3432 5124 ἡμᾶς-εἰς
3483 5049 3643 5123 ἀκραι-

1991 5127 2111 5182 σίας
2138 5124 2277 5178 πάθη
2296 5167 2305 5175 .

2058 5196 2170 5264 (90)
2205 5191 2549 5264 Αφιλοτίμωςρ
2610 5192 2704 5248 Sic
2755 5198 2989 5250 veteres
3040 5194 3332 5250 editiones
3383 5195 3439 5264 et
3493 5207 3639 5246 mss.

1988 5263 2179 5319 Editio
2212 5263 2392 5319 Paris.
2424 5263 2749 5335 φιλοτίμως.
2807 5266 2990 5321 Paulo
3030 5270 3166 5337 post
3214 5263 3563 5320 addidimus
3592 5282 3643 5314 τι

1988 5350 2061 5391 ex
2093 5340 2323 5406 septem
2354 5352 2497 5389 mss.

2063 5403 2286 5481 (9tij
2348 5407 2699 5481 ἐπικρύπτειν.
2736 5406 2915 5464 Cois].
2942 5407 3174 5480 primus
3223 5409 3279 5461 et
3307 5403 3455 5462 Med.
3503 5419 3645 5460 cum

1988 5476 2230 5534 duobus
2258 5476 2547 5551 Regiis-‘1")
2583 5476 3039 5552 ἐπικρυπτόμενον.
