4102 6194
560 219 659 271 231
1943 211 1999 267 8.
2041 206 2176 265 BAS

2284 210 2296 264 Ι
2334 208 2551 265 ΜΛΟΝΙ
3796 212 3904 268 232

532 337 756 410 loquiis
787 352 1039 392 suavem
1065 354 1079 404 ;
1110 351 1221 391 nec
1249 335 1621 407 voluptatem
1653 331 1859 389 facetis
1887 330 2152 387 sermoni

2302 329 2351 382 ἓν
2392 338 2505 392 ταῖς
2569 330 2815 402 ὁμιλίαιςο
2880 331 2940 384 οὐ
2995 329 3091 385 διὰ
3144 339 3240 392 τῆς
3298 330 3636 405 εὐτραπελίας
3690 336 3748 385 τό
3799 330 3902 391 ἡδὺ

530 427 646 483 bus
675 426 1014 497 aucupari;
1055 426 1159 480 sed
1199 425 1464 494 benigna
1508 421 1928 501 adhortatione
1972 420 2150 476 lenita

2304 421 2615 494 θηρώμενον,
2652 419 2781 471 ἀλλὰ
2837 417 2930 473 διὰ
2985 430 3081 483 τῆς
3128 421 3370 493 εὐμενοῦς
3422 421 3798 494 παρακλήσεως
3844 425 3904 473 τό

531 520 650 571 tem
673 515 965 571 obtinere.
995 514 1224 586 Ubique
1255 512 1564 584 asperitas,
1596 511 1835 567 etiamsi
1862 510 2151 580 objurgan

2299 512 2556 583 προσηνξς
2614 508 2825 580 ἔχοντα.
2883 517 3168 579 Πανταχοῦ
3213 512 3272 561 τὸ
3325 512 3524 583 τραχὺ,
3578 509 3672 561 κᾶν
3742 508 3907 562 ἐπιτι-

529 604 679 660 dum
730 605 822 667 sit,
856 602 1203 673 rejicienda.
1242 602 1297 657 Si
1355 601 1515 656 enim
1574 600 1737 671 prior
1790 604 1845 654 te
1900 598 2031 670 ipse
2084 614 2149 669 pe

2301 606 2472 669 μῆσαι
2530 594 2620 669 δέη
2679 599 2811 685 (9:2),
2866 596 3257 669 ἀπωθούμενον.
3322 597 3737 671 Προκαταϐαλὼν
3793 603 3908 685 (93)

527 694 931 751 humilitatem
952 692 1267 762 abjeceris,
1291 691 1405 749 hoc
1430 695 1610 763 pacto
1642 689 1832 756 ei,'cui
1880 688 2147 744 curation

2300 689 2400 759 γὰρ
2466 686 2648 738 ἑαυτὸν
2726 683 2821 738 διὰ
2888 690 3381 760 ταπεινοφροσύνης,
3449 688 3609 747 οῦτως
3683 683 3909 762 εὐπαράέ

529 798 687 855 opus
746 786 856 848 est,
906 786 1189 852 acceptus
1247 780 1382 836 eris.
1438 780 1797 851 Plerumque
1847 793 1988 834 vero
2034 775 2149 832 utili

2305 772 2483 836 δεκτός
2536 778 2628 847 ἔσῃ
2661 784 2733 846 τῷ
2778 772 3002 847 δεομένῳ
3047 784 3141 837 τῆς
3196 777 3488 849 θεραπείας.
3550 776 3805 837 Πολλάκις
3850 773 3912 828 δὲ

528 873 708 928 nobis
741 877 797 926 et
822 870 923 925 illa
966 870 1397 941 increpationis
1438 869 1593 925 ratio
1620 885 1655 924 a
1685 868 1983 941 propheta
2025 865 2146 921 adh

2304 870 2577 938 χρήσιμος
2627 867 2751 936 ἡμῖν
2809 867 2951 917 καὶὸ
2982 873 3075 917 τοῦ
3122 870 3393 939 προφήτου
3432 870 3623 939 τρόπος
3672 876 3766 927 τῆς
3797 864 3910 917 ἐπι-

527 961 674 1026 bita,
706 959 809 1031 qui
852 975 989 1013 cum
1030 958 1218 1013 David
1264 956 1596 1031 peccasset,
1640 973 1763 1012 non
1804 973 1841 1012 a
1869 955 2147 1027 semetips

2306 953 2558 1022 πληξεως,
2617 954 2668 1014 ὃς
2720 962 2791 1024 τῷ
2846 951 3014 1005 Δαϐὶδ
3087 953 3380 1027 ἁμαρτόντι
3431 955 3491 1007 οῦ
3547 954 3669 1027 παρ’
3724 954 3912 1007 ἑαυτοῦ

529 1050 889 1105 sententiam
923 1048 1162 1104 induxit
1192 1048 1743 1113 condemnationis,
1766 1046 1871 1102 sed
1905 1046 2149 1101 accersit

2308 1041 2531 1114 ἐπήγαγε
2598 1046 2685 1095 τὸν
2767 1043 2883 1118 ὅρον
2954 1052 3051 1104 τῆς
3117 1040 3429 1110 καταδίκης,
3492 1041 3598 1094 ἀλλ’
3679 1042 3909 1111 ὑποϐολῇ

530 1154 795 1211 persona
824 1137 1231 1209 utens.ipsum
1253 1136 1480 1208 proprii
1507 1136 1776 1206 judicem
1805 1135 2033 1208 peccati
2056 1151 2150 1191 cor

2307 1138 2591 1204 προσώπου
2635 1134 2990 1205 χρησάμενος,
3029 1131 3183 1183 αὐτόν
3237 1134 3424 1185 ἐκεῖνον
3472 1131 3579 1202 (94)
3626 1140 3719 1183 τοῦ
3771 1129 3914 1185 ἰδίου

529 1227 748 1282 stituit:
784 1227 866 1281 ita
899 1231 963 1281 ut
986 1242 1121 1280 cum
1157 1226 1217 1279 in
1250 1241 1311 1279 se
1356 1225 1488 1296 ipse
1528 1224 1888 1280 sententiam
1923 1224 2147 1280 dixisse

2310 1218 2568 1279 δικαστὴν
2634 1220 2874 1273 ἐκάθισεν
2945 1221 3341 1295 ἁμαρτήματος·
3395 1222 3529 1273 ὥστε
3585 1220 3740 1272 αὐτόν
3793 1223 3914 1273 καθ’

527 1315 676 1372 nihil
696 1319 827 1386 jam
849 1318 1230 1371 succenseret
1273 1313 1569 1383 arguenti.

2311 1311 2496 1363 ἑαυτοῦ
2525 1310 2956 1385 προεξενεγκόντα
3004 1316 3099 1369 τὴν
3148 1315 3342 1382 κρίσιν,
3374 1306 3541 1383 μηδὲν
3579 1312 3655 1363 ἔτι
3706 1309 3916 1383 μέμ-,ια-

2312 1401 2437 1451 σθαι
2454 1403 2541 1451 τὸν
2569 1398 2863 1471 ἐλέγξαντα.

600 1496 651 1545 6.
683 1494 1144 1548 Consentaneus
1175 1494 1379 1545 autem
1426 1490 1641 1545 humili
1668 1506 1738 1546 ac
1764 1490 2030 1546 demisso
2063 1505 2198 1545 sen-

2381 1492 2433 1544 6.
2492 1488 2705 1541 Ἒπεται
2777 1485 2835 1541 δε
2900 1497 2972 1559 τῷ
3039 1497 3262 1559 ταπεινῷ
3328 1493 3418 1540 καὶ
3482 1487 3913 1561 κατακεϐλημένῳ

528 1596 557 1635 s
576 1579 840 1635 uitristis
872 1578 1085 1635 oculus
1112 1584 1294 1651 atque
1325 1579 1608 1634 deorsum
1637 1595 1917 1649 vergens,
1950 1578 2148 1634 habitt

2358 1582 2600 1649 οονηματι
2684 1581 2828 1649 ὄμμα
2913 1582 3128 1649 στυγνὸν
3177 1583 3265 1630 καὶ
3336 1578 3408 1637 εἰς
3477 1586 3576 1649 γῆν
3639 1597 3913 1630 συννενευ-
3974 1646 3978 1649 Ι

526 1668 857 1737 neglectus,
890 1667 1171 1740 squalida
1221 1684 1419 1728 coma.
1466 1668 1649 1723 vestis
1693 1668 1982 1736 sordida;
2042 1667 2146 1723 ade

2309 1670 2399 1726 κός
2453 1670 2589 1736 (95),
2625 1675 2819 1737 σχῆμα
2868 1666 3203 1739 ημελημίνον,
3244 1671 3380 1739 κόμη
3434 1666 3711 1739 αὐχμηρὰ,
3749 1666 3916 1728 ἐσθὴς

527 1762 593 1814 ut
617 1773 753 1829 quae
784 1755 1060 1826 lugentes
1088 1757 1231 1812 data
1262 1772 1449 1829 opera
1481 1756 1727 1827 faciunt,
1747 1772 1819 1812 ea
1839 1772 1948 1812 sua
1978 1763 2147 1828 spont

2306 1757 2548 1830 ῥυπώσαο
2605 1756 2738 1808 ὥστε
2776 1754 3074 1808 ἂποιουσιν
3132 1761 3180 1808 οὶ
3236 1758 3529 1816 πενθοῦντες
3583 1775 3681 1808 κατ
3734 1754 3915 1814 ἔπιτη-

528 1845 703 1901 nobis
731 1846 927 1901 inesse
954 1843 1295 1901 videantur.
1330 1845 1561 1905 Tunica
1587 1844 1833 1916 cingulo
1867 1846 1944 1900 ad
1975 1861 2148 1916 corpt

2311 1842 2515 1913 δευσιν,
2560 1853 2725 1897 ταῦτα
2764 1844 2821 1896 ἐκ
2862 1853 2956 1897 τοῦ
3013 1845 3309 1918 αὐτομάτου
3353 1848 3477 1918 ἡμῖν
3524 1844 3914 1917 ἑπιφαίνεσθαι,

527 1934 771 1990 astricta
829 1934 951 1988 sit:
1008 1934 1239 1989 cinctus
1312 1950 1511 2005 neque
1565 1933 1669 1989 ilia
1734 1938 2077 2005 exsuperet.
2135 1933 2147 1988 i

2311 1939 2483 1988 Χιτὼν
2532 1931 2626 1986 διὰ
2674 1934 2839 1995 ζώνης
2890 1934 3335 2007 προσεσταλμίνος
3391 1935 3501 2005 (96)
3550 1942 3623 2003 τῷ
3676 1939 3907 2006 σώματι-

529 2022 688 2078 enim
712 2021 1005 2077 muliebre
1036 2038 1048 2085 ;
1090 2038 1288 2094 neque
1308 2021 1483 2077 laxus
1514 2023 1595 2077 ita
1618 2027 1681 2078 ut
1707 2023 1909 2078 tunica
1934 2022 2148 2077 difﬂua

2310 2027 2368 2076 τὸ
2409 2028 2583 2096 μέντοι
2642 2024 2831 2096 ζῶσμα
2867 2030 3000 2095 μήτε
3042 2025 3147 2075 ἄνω
3198 2032 3298 2075 τῶν
3354 2024 3603 2095 λαγόνων,
3646 2032 3912 2095 γυναικῶ-

534 2111 597 2183 ίά
627 2112 786 2166 enim
822 2111 1026 2165 molle.
1064 2111 1339 2165 Incessus
1365 2117 1497 2166 esto
1533 2128 1643 2167 nec
1692 2113 1896 2181 segnis
1927 2128 2038 2167 nec
2067 2127 2154 2167 an;

2314 2110 2400 2173 δες
2456 2117 2579 2189 γάρ·
2620 2119 2754 2186 μήτε
2804 2120 3022 2184 χαῦνον,
3076 2116 3210 2165 ὥστε
3263 2109 3494 2188 διαρρεῖν
3539 2116 3625 2165 τὸν
3680 2122 3908 2185 χιτῶνα·

528 2217 700 2255 mum
730 2200 1093 2255 dissolutum
1126 2206 1340 2270 arguat
1365 2218 1379 2268 ;
1407 2217 1517 2255 nec
1545 2217 1753 2256 rursus
1780 2201 2148 2257 vehemensa

2314 2200 2565 2275 βλακικόν
2610 2205 2733 2275 γάρ·
2762 2207 2853 2253 καὶ
2905 2205 2963 2254 τό
2990 2198 3242 2274 βάδισμα
3286 2208 3420 2274 μήτε
3474 2204 3689 2275 νωθρὸν,
3721 2204 3786 2262 ὡς
3831 2205 3913 2254 ἕκ-

529 2288 853 2360 superbus,
914 2304 988 2343 ne
1046 2288 1301 2344 stolidos
1372 2290 1560 2345 animi
1622 2291 1888 2363 impetus
1952 2291 2149 2347 indice

2310 2291 2460 2343 λυσιν
2503 2300 2593 2351 τῆς
2639 2290 2827 2362 ψυχῆς
2870 2296 3197 2364 κατηγορεῖν·
3247 2288 3380 2363 μηδ’
3424 2288 3488 2343 αὖ
3541 2287 3767 2365 σφοδρόν
3819 2296 3914 2343 καὶ

531 2378 691 2432 Unus
724 2378 1056 2432 vestimenti
1092 2394 1335 2449 scopus,
1361 2383 1424 2433 ut
1454 2378 1744 2434 idoneum
1777 2380 1855 2435 sit
1893 2380 2092 2435 carnis
2120 2397 2151 2436 a

2314 2380 2679 2453 σεσοϐημένον,
2721 2384 2790 2442 ὡς
2845 2379 3171 2442 ἔμπληκτους
3224 2381 3383 2441 αὐτῆς
3434 2384 3530 2443 τὰς
3567 2383 3729 2453 ὁρμὰς
3785 2382 3914 2432 ὐπο-

527 2465 790 2520 hiemem
821 2472 873 2520 et
917 2472 1185 2522 aestatem
1234 2468 1705 2539 operimentum.
1742 2472 1944 2541 Neque
1976 2470 2147 2527 veroi

2314 2474 2527 2541 φαίνειν.
2589 2471 2780 2528 Σκοπὸς
2851 2466 3069 2530 ἐσθῆτος
3133 2470 3224 2534 εἷς,
3274 2468 3525 2541 κάλυμμα
3589 2465 3718 2521 εἶναι
3782 2487 3909 2541 σαρ-

528 2553 729 2609 colore
759 2554 1046 2610 ﬂoridum
1077 2557 1450 2627 exquiratur,
1483 2574 1684 2630 neque
1716 2559 1777 2614 in
1809 2574 1993 2630 opere
2024 2566 2148 2616 tent

2312 2562 2403 2619 κὸς
2449 2562 2580 2630 πρὸς
2627 2566 2867 2629 χειμῶνα
2918 2561 3008 2609 καὶ
3063 2559 3205 2630 θέρος
3254 2561 3523 2630 αὔταρκες.
3554 2563 3702 2615 Μήτε
3746 2552 3806 2608 δε
3858 2558 3910 2607 ἐν

528 2658 599 2700 ac
636 2642 837 2699 molle.
873 2646 1101 2700 Etenim
1130 2646 1190 2700 in
1220 2652 1387 2702 veste
1429 2648 1878 2718 pigmentorum
1929 2648 2148 2704 lautitiz

2311 2652 2554 2721 χρώματι
2588 2648 2697 2715 (97)
2748 2650 2807 2697 τό
2866 2644 3087 2719 ἀνθηρὸν
3132 2642 3425 2712 διωκέσθω,
3458 2651 3589 2718 μήτε
3628 2646 3675 2698 ἐν
3706 2654 3766 2704 τῆ
3815 2664 3914 2696 κα-

526 2732 880 2799 consectari,
906 2749 1030 2788 non
1063 2734 1340 2789 absimile
1368 2740 1457 2791 est
1481 2738 1821 2792 venustatis
1844 2737 2146 2810 studio,qu

2311 2744 2539 2807 τασκευῇ
2613 2737 2669 2787 τὸ
2720 2734 2902 2787 λεπτόν
2960 2740 3049 2786 καὶ
3106 2734 3359 2807 μαλακόν.
3435 2739 3505 2787 Τό
3561 2736 3661 2806 γὰρ
3708 2736 3801 2795 τὰς
3860 2734 3911 2786 ἐν

526 2821 811 2877 mulieres
872 2822 1196 2889 ducuntur,
1229 2823 1375 2879 dum
1423 2840 1613 2895 genas
1657 2830 1714 2881 et
1755 2826 1951 2881 crines
1994 2827 2146 2883 alien

2312 2825 2496 2884 ἐσθῆτί
2545 2823 2795 2899 εῦχροίας
2824 2832 3159 2896 περισκοπεῖν
3211 2826 3322 2876 ἶσον
3344 2824 3456 2877 ἐστὶ
3484 2827 3760 2895 γυναικείῳ
3786 2822 3911 2874 καλ-

525 2908 674 2964 ﬂore
705 2910 999 2966 inﬁciunt.
1042 2912 1155 2968 Sed
1186 2918 1243 2969 et
1274 2929 1346 2968 eo
1391 2930 1581 2986 usque
1621 2931 1825 2971 crassa
1867 2916 2066 2971 tunica
2097 2916 2145 2971 si

2304 2913 2578 2986 λωπισμῷ,
2625 2916 2678 2965 ὃν
2736 2913 2922 2965 ἐκεῖναι
2983 2909 3404 2979 ἐπιτηδεύουσιν,
3447 2911 3693 2987 ἁλλοτρίω
3765 2914 3913 2965 ἄνθει

529 3003 611 3087 ut
640 2999 806 3055 socia
848 3016 1004 3071 opus
1054 3016 1175 3056 non
1228 3001 1466 3067 habeat,
1494 3003 1572 3058 ad
1605 3020 1744 3059 eum
1795 3004 1899 3076 qui
1928 2994 2149 3060 induitt

2304 3001 2519 3076 παρειὰς
2564 3008 2655 3054 καὶ
2719 3007 2909 3077 τρίχας
2986 3002 3179 3055 ἑαυτῶν
3252 3002 3705 3057 καταϐάπτουσαι.
3754 3002 3914 3053 Ἀλλὰ

526 3086 1034 3144 calefaciendum.
1073 3089 1445 3146 Calcearium
1487 3098 1691 3147 autem
1723 3093 1918 3163 pretio
1949 3094 2146 3165 quidei

2304 3096 2407 3164 μὴν
2451 3096 2541 3143 καὶ
2592 3094 2903 3163 παχύτητος
2957 3090 3121 3152 οὓτως
3172 3094 3313 3163 ἔχειν
3338 3093 3364 3143 6
3389 3095 3557 3163 χιτὼν
3599 3089 3805 3162 ὀφείλει,
3840 3094 3912 3151 ὡς

525 3175 650 3240 vili,
678 3176 783 3230 sed
818 3177 915 3232 cui
945 3177 1094 3232 nihil
1124 3178 1278 3235 desit
1308 3179 1385 3235 ad
1418 3196 1593 3235 usum
1625 3181 2018 3253 explendum.
2047 3185 2145 3238 Eti

2304 3185 2375 3247 μὴ
2412 3177 2623 3233 δεῖσθαι
2674 3188 2919 3232 κοινωνοῦ
2977 3184 3109 3255 πρὸς
3159 3185 3217 3233 τό
3264 3180 3472 3233 θάλπειν
3519 3184 3605 3232 τόν
3662 3175 3910 3249 ἐνδυόμε-

528 3263 723 3329 semel
754 3266 960 3320 omnia
1003 3282 1125 3321 uno
1165 3269 1352 3323 verbo
1406 3269 1794 3341 complectar,
1831 3276 1895 3326 ut
1922 3272 1984 3326 in
2030 3285 2148 3327 ves:

2302 3290 2406 3323 νον.
2467 3267 2730 3341 Υπόὸημα
2784 3266 2843 3322 δε
2896 3273 2955 3322 τὸ
3006 3270 3194 3330 εῦτελες
3245 3274 3335 3343 μεν
3402 3272 3535 3323 κατὰ
3590 3274 3684 3327 τὴν
3731 3266 3904 3334 ἀξίαν,

525 3353 937 3408 necessarium
972 3354 1276 3426 praecipue
1310 3357 1665 3414 sectandum
1696 3360 1811 3415 :ita
1839 3360 1899 3415 in
1923 3361 2060 3416 cibo
2088 3378 2145 3433 pl

2305 3356 2551 3420 ἀνενδεῶς
2606 3356 2665 3412 δε
2720 3363 2814 3417 τὴν
2891 3364 3078 3432 χρείαν
3151 3357 3504 3435 ἀποπληροῦν.
3562 3363 3665 3412 Καὶ
3729 3358 3905 3421 ἁπαξ-

524 3440 617 3495 nis
646 3440 910 3512 explebit
941 3444 1557 3517 necessitatem,aqua
1577 3447 1814 3504 sedabit
1842 3448 2001 3504 sitim
2039 3466 2135 3506 rec

2304 3449 2496 3513 απλώς,
2565 3450 2631 3509 ὡς
2697 3447 2745 3500 ἐν
2798 3456 2870 3518 τῷ
2927 3444 3181 3520 ἐνδύματι
3259 3450 3481 3519 ἠγῖσθαι
3536 3451 3790 3520 προσήκει
3844 3451 3905 3499 τό

527 3528 749 3586 valenti
772 3546 785 3596 ;
812 3530 1036 3602 quibus
1062 3531 1353 3589 accedent
1373 3550 1754 3609 quaecunque
1786 3553 1857 3592 ex
1877 3536 2146 3608 legumin

2300 3534 2578 3610 χρειῶδες,
2603 3536 2738 3588 οὓτω
2767 3541 2858 3588 καὶ
2917 3536 2965 3588 ἐν
3011 3544 3172 3608 τροφῇ
3227 3538 3379 3609 ἄρτος
3436 3535 3757 3607 ἐκπληρώσει
3805 3541 3905 3594 τὴν

524 3619 645 3675 bus
696 3620 1015 3693 pulmenta
1059 3624 1296 3694 corpori
1327 3624 1486 3679 vires
1517 3624 1594 3680 ad
1625 3628 2004 3683 necessarios
2044 3645 2144 3685 usu

2299 3630 2507 3701 χρείαν,
2564 3630 2653 3677 καὶ
2699 3622 2844 3699 ὕδωρ
2892 3626 3196 3698 θεραπεύσει
3248 3629 3341 3683 τὴν
3399 3621 3564 3695 δίψαν
3609 3633 3682 3695 τῷ
3728 3625 3905 3694 ὑγιαί-

524 3725 883 3766 conservare
930 3716 1205 3782 possunt.
1239 3711 1425 3768 Edere
1457 3718 1661 3770 autem
1694 3716 1865 3772 decet
1912 3732 2037 3773 non
2066 3718 2143 3774 be

2298 3733 2457 3780 νοντι,
2516 3719 2607 3765 καὶ
2670 3714 2769 3765 ὃσα
2841 3713 2895 3765 ἐκ
2955 3715 3263 3785 σπερμάτων
3338 3712 3701 3787 παροψήματα
3771 3716 3905 3784 πρὸς

520 3796 822 3854 luantium
868 3798 1129 3870 speciem
1182 3800 1545 3871 praebentes,
1571 3802 1677 3858 sed
1710 3804 1934 3877 ubique
1968 3807 2140 3863 mode

2298 3806 2390 3865 τὰς
2439 3802 2728 3872 ἀναγκαίας
2774 3807 2961 3877 χρείας
3002 3807 3095 3860 την
3146 3800 3307 3873 ἰσχὺν
3363 3810 3435 3872 τῷ
3490 3808 3693 3873 σώματι
3737 3796 3904 3852 δῦνα-

522 3888 698 3943 stiam
721 3888 1319 3944 etmansuetudinem
1340 3894 1519 3962 atque
1537 3891 1595 3945 in
1616 3891 2027 3965 voluptatibus
2044 3912 2142 3952 cor

2296 3912 2384 3944 ται
2436 3889 2832 3946 διασώσασθαι,
2888 3891 3110 3945 Ἐσθίειν
3154 3888 3214 3944 δε
3261 3895 3333 3963 μὴ
3382 3886 3634 3948 λυσσώδη
3682 3908 3904 3963 γαστρι-

521 3975 835 4031 tinentiam
888 3977 1232 4045 retinentes,
1256 3994 1331 4033 ne
1378 3985 1505 4035 tum
1546 3981 1797 4052 quidem
1848 3985 2119 4042 animam

2295 3988 2524 4055 μαργίαν
2580 3983 2886 4054 ἐμφαίνοντα
2934 3982 3065 4053 (98),
3111 3980 3239 4033 ἀλλὰ
3284 3988 3563 4051 πανταχοῦ
3610 3983 3669 4031 τὸ
3714 3979 3902 4031 εὐστα-

520 4063 623 4118 Dei
696 4064 1057 4132 cogitatione
1106 4065 1401 4122 habentes
1466 4070 1748 4140 otiosam,
1785 4072 1890 4127 sed
1939 4090 2013 4129 ex
2051 4074 2140 4145 ips

2298 4074 2374 4132 θὲς
2399 4077 2485 4123 καὶ
2537 4078 2701 4145 πρᾶον
2739 4076 2830 4123 καὶ
2880 4076 2999 4145 περὶ
3028 4074 3122 4133 τὰς
3172 4067 3363 4130 ἡδονὰς
3404 4069 3643 4143 ἐγκρατὲς
3699 4065 3902 4120 διασὼ·

519 4150 949 4208 alimentorum
989 4158 1305 4219 natura,et
1357 4158 1629 4229 corporis
1684 4175 1757 4216 ea
1803 4162 2139 4235 suscipienti

2297 4163 2469 4223 ζοντα·
2501 4158 2641 4234 μηδὲ
2697 4165 2813 4213 τότε
2860 4164 2947 4212 τόν
3000 4168 3117 4212 νοῦν
3174 4158 3333 4235 ἀργὸν
3388 4158 3438 4211 ἑν
3486 4166 3547 4231 τῇ
3597 4162 3716 4231 περὶ
3760 4164 3901 4209 Θεοῦ

519 4244 840 4306 structura,
875 4241 1221 4298 divinarum
1242 4243 1492 4301 laudum
1522 4249 1838 4305 materiam
1868 4250 2139 4308 ducente:

2296 4249 2465 4322 ἐννοίᾳ
2512 4250 2724 4322 ἔχοντα,
2775 4248 2884 4301 ἀλλ’
2944 4248 3253 4306 αὐτὴν⁹τῶν
3312 4247 3607 4322 βρωμάτων
3660 4251 3751 4305 τὴν
3804 4249 3899 4317 φῦ-

518 4328 687 4401 quod
735 4329 905 4385 varia
955 4329 1228 4386 ciborum
1280 4346 1506 4402 genera
1548 4336 1826 4404 qualitati
1855 4356 2138 4413 corporui

2297 4357 2400 4406 σιν,
2456 4344 2546 4391 καὶ
2603 4344 2697 4397 τὴν
2780 4358 2872 4390 του
2949 4334 3342 4409 ὑποδεχομένου
3428 4343 3670 4409 σώματος
3736 4353 3900 4387 κατα-

520 4418 1006 4478 accommodata.
1035 4418 1113 4473 ab
1145 4435 1215 4474 eo
1238 4420 1343 4492 qui
1399 4424 1608 4479 omnia
1664 4426 2034 4497 moderatur,
2089 4430 2140 4485 in

2297 4433 2505 4489 σκευὴν,
2567 4427 2802 4503 ἀφορμὴν
2886 4429 3154 4481 ποιεῖσθαι
3231 4423 3554 4497 δοξολογίας·
3608 4434 3714 4486 πῶς
3778 4444 3900 4477 ποι-

518 4512 696 4561 venta
748 4506 890 4561 sint.
925 4509 1130 4561 Preces
1184 4513 1323 4563 ante
1376 4509 1582 4567 cibum
1612 4512 1780 4581 ﬁant,
1822 4532 1957 4587 quae
2002 4517 2138 4575 doni

2292 4516 2411 4569 κίλα
2470 4514 2586 4575 εἱδη
2631 4526 2832 4593 τροφῶν
2879 4525 2941 4589 τῇ
3005 4513 3232 4574 ἰδιότητι
3278 4524 3377 4567 τῶν
3433 4517 3687 4587 σωμάτων
3734 4514 3898 4588 ἁρμό-

517 4595 634 4666 75
660 4595 761 4651 Dei
797 4595 997 4665 dignm
1027 4595 1166 4665 sint,
1195 4602 1324 4653 tum
1372 4614 1507 4670 quae
1538 4616 1700 4658 nunc
1745 4603 2016 4677 largitur,
2049 4612 2137 4664 tui

2293 4607 2449 4667 ζοντα
2508 4609 2650 4682 παρὰ
2707 4615 2799 4659 τοῦ
2873 4609 3044 4659 πάντα
3111 4606 3497 4679 οἰκονομοῦντος
3550 4604 3894 4661 ἐπινενόηται.

516 4699 653 4755 quae
706 4684 767 4739 in
815 4683 1084 4740 futurum
1133 4687 1494 4745 recondidit.
1547 4691 1760 4748 Preces
1817 4695 2000 4751 etiam
2045 4713 2136 4769 po:

2291 4696 2463 4767 Εῦχαὶ
2526 4700 2623 4769 πρό
2672 4705 2761 4758 τῆς
2816 4705 3011 4769 τροφῆς
3060 4694 3217 4758 ἀξίως
3255 4696 3584 4767 γινέσθωσαν
3649 4702 3748 4745 τῶν
3799 4699 3897 4744 τοῦ

516 4772 742 4841 cibum,
770 4789 907 4845 quae
938 4777 994 4829 et
1022 4774 1358 4843 gratiarum
1412 4777 1715 4836 actionem
1766 4798 1878 4854 pro
1911 4788 2136 4858 accepti

2291 4791 2418 4839 Θεοῦ
2478 4794 2755 4862 παροχῶν,
2800 4784 2868 4837 ὧν
2904 4805 2958 4839 τε
3013 4794 3101 4838 νῦν
3146 4781 3368 4855 δίδωσι,
3418 4789 3508 4836 καὶ
3546 4784 3613 4834 ὧν
3666 4785 3788 4855 πρὸς
3838 4786 3898 4835 τό

586 4934 699 5018 (g2)
734 4932 1410 5018 faircnpa'aazhd‘ileta
1468 4939 1652 5018 Harl.,
1709 4943 1888 4999 Coisl.
1944 4946 2179 5018 primus

1327 4936 1410 5018 Ita
1468 4939 1652 5018 Harl"
1709 4943 1888 4999 Coisl.
1944 4946 2179 5018 primus
2289 4948 2529 5003 codices
2560 4948 2709 5004 utin
2745 4952 2929 5004 textu.

518 5004 777 5090 etltj‘egiri
802 5004 938 5060 tres.
973 5004 1348 5090 liegiturlc‘t’oc
1373 5009 1432 5063 in
1466 5004 1658 5067 editis.
1945 5004 1963 5018 ⁸

2361 5023 2473 5090 (95)
2515 5024 2855 5079 Συννενευκὸς.
2904 5022 3173 5084 Quatuor
3219 5033 3368 5072 mss.
3402 5030 3525 5071 non
3566 5018 3767 5071 tamen
3799 5029 3902 5069 ve-

729 5077 1175 5164 ἕιροκαταϐαλών,
1207 5081 1293 5133 Ita.
1352 5096 1499 5137 mss.
1533 5090 1788 5156 septem.
1839 5088 1991 5144 Editi
2037 5109 2173 5164 προ-

1258 5095 1293 5133 a
1352 5096 1499 5137 mss.
1533 5090 1788 5156 septem.
1839 5088 1991 5144 Editi
2037 5109 2173 5164 προσ
2286 5077 2876 5164 ίυὲίίέεἰηιίνενευκός.

517 5146 848 5202 καταλαϐών.
1603 5146 1619 5156 ’
2076 5146 2086 5164 ⁸

591 5222 698 5238 ,ΠΙι
748 5219 795 5238 ’l-
860 5226 879 5235 ο
1019 5222 1175 5238 II_.__
1229 5236 1360 5238 _,_-,
1684 5227 1697 5238 ι
1815 5234 1824 5238 -
1870 5230 1881 5238 ι
2039 5233 2114 5238 -.-

2306 5235 2317 5238 Δ
2358 5167 2478 5238 (96).
2510 5146 2983 5238 Προσεσταλμένος.
3018 5164 3180 5238 linus
3208 5176 3280 5238 ex
3302 5156 3626 5238 codicibus
3644 5155 3901 5212 Combe-

722 5222 984 5309 [Ἐκεῖνονῖ
1019 5222 1631 5309 ῌςιιιοῌνοοθω,.(ιυεε
1662 5227 1831 5309 deest
1860 5230 1926 5309 in
1977 5233 2174 5309 editis,

2102 5234 2174 5309 is,
2284 5222 2518 5309 tisianis
2549 5222 2987 5309 περιεσταλμένος.
3017 5236 3141 5289 Duo
3168 5232 3268 5309 alii
3298 5228 3722 5309 προεσξαλμέὶςος.

510 5288 735 5375 habt/3m
756 5306 991 5380 3138119
1015 5288 1592 5380 {muscum-codices
1622 5314 1766 5380 mss.
1790 5301 2013 5380 Ibidem
2034 5288 2174 5380 editi
2290 5288 2295 5289 ί
2356 5288 2891 5380 (97)]Ενιχρώματι.
2928 5288 3088 5361 Unus
3115 5321 3185 5360 ex
3227 5288 3690 5360 Combeﬁsianis
3723 5298 3900 5354 codi-

514 5363 719 5448 κριτήν.
753 5363 988 5448 Μρεᾍιη
1018 5364 1078 5417 in
1110 5368 1297 5441 textu.
1332 5367 1677 5448 Eadem-de
1724 5372 1958 5427 Nathan
1988 5375 2133 5429 verb

1212 5368 1297 5441 tu._
1332 5367 1677 5448 Eadem-de
1724 5372 1958 5448 Nathan
1988 5375 2175 5430 verba
2282 5363 2528 5431 cibus'iv
2554 5363 2830 5448 χρῖῖἰμάσι.

513 5431 769 5521 legimus
798 5434 1351 5521 in‘Comlmentario’
1371 5440 1430 5491 in
1461 5438 1679 5494 Isaiam
1715 5458 1770 5510 p.
1798 5446 1922 5509 479,
1952 5462 2010 5499 n.
2050 5450 2133 5501 142

2294 5520 2311 5521 γ
2352 5453 2462 5517 (98;
2501 5431 2866 5521 Ἢᾎῖφαὶυοντα.
2921 5450 3082 5503 Unus
3134 5443 3575 5521 ex_cOilici1ius
3636 5440 3895 5499 Combe-

516 5502 698 5557 Paulo
750 5509 887 5573 post
932 5505 1071 5560 editi
1122 5508 1438 5577 μέμφεσθαι.
1480 5502 2133 5590 Αυιιιιιιὶἐεὶωἴᾳιιίᾳυ

2280 5502 2511 5575 ὓεῖἃιίὶδ
2540 5504 2906 5593 ἀποφαίνοντα,
2938 5522 3063 5575 υυο
3093 5518 3196 5574 alii
3221 5515 3574 5589 ἐπιφαίνοντα.
3754 5575 3822 5623 “
