4102 6194
501 213 605 269 235

504 340 879 417 suppeditas,
912 338 1037 396 sive
1070 352 1195 395 non
1232 323 1613 409 (suppeditas
1642 339 1842 393 autem
1886 338 2163 411 pluribus

504 433 762 489 militum
786 429 959 485 denis
984 427 1276 495 millibus,
1297 442 1485 497 quam
1511 429 1659 496 quot
1682 425 1779 482 ille
1809 427 2164 484 hominibus

502 520 849 578 necessaria
870 515 1416 583 subministrabat),
1434 514 1536 586 qui
1559 514 1807 586 quidem
1835 517 2012 573 nobis
2037 534 2161 573 non

503 626 617 683 pro
676 608 967 678 dignitate
1021 604 1257 672 scribis,
1292 603 1396 659 sed
1462 609 1752 659 consueto
1805 622 1995 671 more,
2050 622 2162 662 nec

505 699 841 772 quidquam
882 694 1133 751 remittis
1174 693 1248 748 de
1274 692 1604 748 litterarum
1650 693 1883 763 studio;
1935 695 2063 761 sed,
2096 700 2163 751 ut

505 790 588 847 ait
614 788 797 855 Plato,
830 785 891 841 in
916 784 1051 855 ipsa
1090 786 1442 853 tempestate
1474 797 1544 836 ac
1575 788 1726 838 aestu
1756 785 2159 855 negotiorum,

504 877 684 934 veluti
715 875 830 930 sub
862 888 1106 929 murum
1131 871 1463 944 quemdam
1506 871 1774 927 validum
1804 873 2159 942 abscedens,

501 966 669 1022 nullo
716 978 964 1036 prorsus
1014 960 1277 1016 tumultu
1308 963 1509 1016 mente
1539 960 1799 1017 turbaris
1833 980 1845 1016 :
1888 964 2012 1019 imo
2050 978 2162 1019 nec

502 1055 673 1117 alios,
707 1056 1007 1125 quantum
1036 1050 1096 1104 in
1129 1053 1185 1104 te
1223 1054 1330 1115 est,
1363 1050 1704 1122 perturbari
1742 1051 1905 1106 sinis.
1940 1056 2020 1107 Ac
2063 1068 2160 1109 res

500 1144 747 1218 quidem
780 1146 895 1198 tua;
926 1139 1095 1206 tales,
1131 1154 1368 1209 magnae
1398 1138 1669 1211 profecto
1701 1145 1756 1196 et
1784 1142 2160 1198 admirandae

500 1235 593 1291 his
623 1232 728 1305 qui
783 1229 1123 1303 perspicere
1177 1234 1474 1301 possunt;
1525 1230 1642 1299 76
1697 1245 1909 1285 rursus
1956 1236 2160 1289 autem

500 1322 751 1379 minime
783 1316 1182 1387 admiranda,
1209 1317 1258 1371 si
1277 1316 1414 1388 quis
1445 1333 1547 1371 eas
1578 1333 1716 1373 cum
1744 1324 1865 1374 toto
1884 1319 2021 1375 vitae
2042 1321 2159 1376 ins-

497 1413 672 1469 tituto
711 1412 1045 1480 comparet.
1076 1405 1209 1461 Jam
1256 1421 1399 1461 vero
1431 1410 1669 1461 nostras
1718 1407 1880 1479 audi,
1916 1425 2054 1481 quae
2102 1415 2161 1467 et

497 1499 807 1559 mirabiles
840 1500 998 1564 sunt,
1032 1500 1089 1550 et
1115 1495 1329 1550 merito
1349 1495 1527 1550 nobis
1554 1496 1921 1553 acciderunt.

565 1610 617 1661 2.
660 1602 920 1673 Agrestis
945 1599 1197 1673 quidam
1220 1616 1293 1656 ex
1318 1601 1389 1656 iis
1413 1602 1519 1672 qui
1550 1601 1870 1658 nobiscum
1898 1605 2153 1660 Annesis

1869 216 1925 273 S.
1968 215 2230 273 BASILII
2264 217 2488 276 ιΑϐΝι

3764 232 3867 288 236

2196 343 2237 399 Α
2270 343 2425 415 ριιὶσι
2454 351 2809 417 στρατιωτῶν,
2854 346 2883 405 ἦ
2936 348 3082 410 ὅσοις
3111 346 3367 423 ἀνδράσιν
3399 349 3588 415 ἐκεῖνος
3630 359 3867 427 παρίσχε

2269 433 2336 482 τὰ
2374 429 2663 503 ἔπιτήδειω
2699 435 2754 495 ὃς
2798 454 2855 505 γε
2901 437 3014 489 οὔθ’
3042 439 3167 509 ἡμῖν
3199 437 3300 491 ἀπὸ
3331 448 3424 492 τοῦ
3459 447 3737 515 σχήματος
3761 444 3868 497 ἑπι-

2273 519 2511 585 στίλλεις,
2570 520 2699 575 ἀλλὰ
2754 527 2841 574 τὸν
2894 524 3113 578 εἰωθότα
3175 533 3385 601 τρόπον’
3445 535 3535 583 καὶ
3602 541 3699 595 τῆς
3751 540 3865 607 περὶ

2268 607 2448 679 λόγους
2514 608 2753 673 σπουδῆς
2806 609 2956 665 οὐδὲν
3008 616 3241 686 ὑφίεσαν
3300 615 3428 670 ἀλλὰ
3478 623 3537 671 τὸ
3586 630 3680 673 τοῦ
3734 622 3865 676 Πλά-

2267 717 2446 767 τωνος,
2504 697 2552 749 ἐν
2609 708 2832 772 χειμῶνι
2899 708 2988 754 καὶ
3047 704 3175 776 ζάλῃ
3236 706 3313 775 I9)
3359 712 3702 782 πραγμάτων,
3760 714 3863 764 οἷον

2269 785 2369 838 ύπό
2422 791 2590 858 τείχει
2631 794 2734 841 τινὶ
2787 800 3021 865 καρτερῷ
3074 791 3325 857 ἀποστὰς,
3376 794 3587 861 ούδενὸς
3642 800 3861 873 θορύϐου

2268 879 2363 933 τὴν
2413 875 2599 947 ψυχὴν
2653 877 3074 951 ἀναπίμπλασαι·
3122 882 3311 954 μᾶλλον
3370 881 3430 937 δι
3485 884 3610 941 οὐδὲ
3665 889 3863 964 ἐτέρους

2270 962 2373 1034 ἐᾷς,
2409 970 2467 1016 τό
2513 984 2574 1037 γε
2621 976 2821 1020 σαυτοῦ
2880 974 3050 1043 μέρος.
3114 977 3213 1025 Καί
3254 976 3321 1025 τὰ
3372 978 3459 1045 μὲν
3512 979 3581 1029 σὰ
3622 984 3860 1049 τοίαυτα,

2268 1053 2467 1124 μεγάλα
2512 1060 2601 1107 καὶ
2654 1057 2937 1129 θαυμαστὰ
2985 1067 3095 1121 τοῖς
3148 1068 3368 1136 συνορῷ
3420 1062 3742 1137 δῦναμένοις,
3774 1073 3861 1121 καὶ

2266 1142 2420 1195 πάλὶν
2464 1145 2522 1195 ού
2565 1147 2847 1217 θαυμαστὰ
2900 1156 2972 1218 τῷ
3019 1149 3151 1221 πρός
3199 1154 3292 1207 τὴν
3332 1151 3452 1210 ὃλην
3478 1154 3592 1220 (10)
3620 1160 3862 1230 προαίρε-

2270 1251 2353 1283 σιν
2405 1241 2497 1285 τοῦ
2547 1233 2671 1306 βίου
2714 1240 2960 1308 κρίνοντι.
3015 1237 3205 1291 ’Ἄκουε
3262 1236 3331 1299 δὴ
3400 1248 3487 1295 καὶ
3528 1248 3591 1297 τὰ
3616 1247 3859 1321 ἡμέτερα,

2264 1320 2543 1396 παράδοξά
2571 1320 2636 1376 τε
2654 1328 2796 1393 ὄντα,
2824 1330 2913 1378 καὶ
2940 1325 3232 1389 ἀκολούθως
3264 1331 3388 1402 ἡμῖν
3414 1330 3741 1392 ἀπαντῶντα.

2333 1610 2386 1662 2.
2427 1605 2581 1680 Ἀνήρ
2636 1625 2712 1668 τις
2770 1609 3018 1683 ἄγροικος
3068 1619 3169 1664 τῶν
3220 1615 3594 1665 συνοικούντων
3641 1617 3766 1688 ἡμῖν
3808 1616 3855 1669 ἐν

493 1694 1223 1752 commorantur,mortuo
1250 1690 1479 1746 famulo
1500 1707 1658 1759 meo,
1682 1708 1806 1747 non
1833 1710 1896 1748 se
1926 1694 2123 1763 negoti

2228 1695 2534 1759 ›Ἀννήσοις
2584 1698 2719 1768 (Η),
2751 1698 2950 1750 οἰκετου
3004 1719 3104 1771 μου
3156 1700 3572 1772 τελευτησαντος,
3606 1704 3665 1756 ού
3723 1725 3853 1778 συμ-

489 1786 830 1857 quidquam
864 1796 1003 1835 cum
1033 1778 1132 1833 illo
1156 1778 1442 1835 habuisse
1477 1780 1644 1849 dixit,
1680 1796 1801 1836 non
1834 1783 1910 1837 ad
1930 1800 2026 1839 me
2048 1799 2147 1840 ac-

487 1876 684 1944 cessit,
721 1890 845 1929 non
884 1873 1251 1941 conquestus
1306 1876 1414 1937 est,
1447 1886 1573 1925 non
1620 1872 1855 1941 rogavit
1882 1879 1938 1929 ut
1990 1890 2026 1930 a
2050 1891 2149 1931 vo-

484 1965 639 2021 lente
667 1964 986 2035 acciperet,
1014 1976 1138 2017 non
1169 1962 1435 2017 minatus
1462 1966 1549 2015 est
1576 1977 1637 2016 se
1670 1961 1790 2017 vim
1823 1961 2143 2029 facturum,

483 2056 601 2111 nisi
652 2054 982 2125 acciperet;
1039 2053 1145 2109 sed
1209 2051 1411 2107 subito
1474 2066 1613 2105 cum
1667 2052 1978 2108 nonnullis
2030 2055 2146 2126 ipsi

481 2146 813 2201 temeritate
837 2141 1133 2197 similibus
1164 2142 1417 2197 domum
1440 2145 1714 2196 nostram
1746 2142 1987 2214 invasit,
2016 2160 2145 2199 mu-

479 2235 773 2305 lieresque
799 2247 935 2304 quae
970 2247 1103 2287 eam
1139 2229 1562 2286 custodiebant
1611 2230 1961 2287 verberibus
1994 2250 2142 2290 con-

478 2324 653 2388 tudit,
674 2339 744 2378 ac
767 2320 1025 2377 effractis
1056 2320 1287 2376 foribus
1310 2321 1647 2391 exportavit
1670 2322 1893 2393 omnia,
1920 2323 2140 2394 partim

480 2412 595 2468 sibi
630 2412 761 2484 ipse
786 2410 1052 2481 rapiens,
1084 2409 1299 2481 partim
1336 2408 1410 2463 ad
1441 2407 1850 2479 diripiendum
1899 2411 2141 2469 cuilibet

475 2516 846 2574 proponens.
898 2502 1124 2571 Itaque,
1158 2515 1232 2553 ne
1268 2503 1571 2553 extremus
1614 2513 1727 2554 nos
1774 2499 2137 2557 inﬁrmitatis

473 2592 763 2648 terminus
785 2591 996 2655 simus,
1013 2589 1449 2661 videamurque
1472 2589 1756 2643 omnibus
1775 2590 1851 2644 ad
1879 2591 2132 2660 injurias

472 2682 674 2738 idonei
703 2700 716 2749 ;
744 2679 910 2753 quod
942 2679 1214 2734 studium
1247 2677 1530 2733 omnibus
1576 2680 1793 2733 nostris
1843 2680 1903 2733 in
1950 2681 2130 2737 rebus

470 2771 805 2839 ostendisti,
837 2770 953 2825 hoc
980 2769 1140 2823 idem
1174 2785 1334 2824 nunc
1368 2773 1431 2822 ut
1462 2768 1784 2839 impendas
1814 2773 2044 2827 exorari
2076 2778 2129 2828 te

470 2862 615 2916 sine.
651 2864 768 2916 Hac
815 2859 976 2915 enim
1017 2874 1139 2912 una
1187 2873 1247 2912 re
1282 2857 1680 2928 tranquillitas
1713 2858 1887 2913 nobis
1934 2877 2127 2916 serve-

470 2958 583 3019 tur,
620 2952 669 3006 si
701 2956 946 3006 strenuo
982 2954 1082 3003 tuo
1132 2947 1415 3019 praesidio
1446 2947 1720 3001 instructi
1765 2949 1976 3007 simus.
2011 2953 2125 3007 Eri-

2260 1784 2464 1836 ϐολαιόν
2522 1805 2574 1837 τι
2642 1788 2753 1855 (12)
2812 1790 2943 1859 πρὸς
2993 1788 3148 1840 αὑτὸν
3206 1790 3360 1841 εἰπὼν
3436 1791 3744 1863 ἐσχηκέναι,
3789 1796 3850 1847 ού

2256 1875 2551 1947 προσελθών
2578 1894 2688 1947 μοι,
2742 1876 2836 1927 ούκ
2895 1876 3350 1951 ἐπαιτιασάμενος,
3407 1881 3466 1932 ού
3544 1883 3668 1957 παρ’
3713 1882 3850 1936 ἑκόν-

2256 1984 2343 2027 τος
2418 1963 2645 2026 ἀξιώσας
2713 1964 2905 2031 λαϐεῖν,
2959 1967 3053 2018 οὐκ
3126 1966 3413 2030 ἀπειλήσας
3469 1971 3511 2022 εἰ
3575 1974 3646 2043 μὴ
3699 1972 3847 2026 λάϐοι

2256 2054 2574 2127 βιάσασθαι,
2618 2052 2802 2127 ἁθρόον
2833 2056 2955 2126 φετὰ
3002 2075 3150 2107 τινων
3192 2058 3380 2129 ὁμοίων
3408 2059 3547 2130 αύτῳ
3585 2065 3680 2118 τὴν
3712 2060 3845 2115 ἆπό-

2252 2164 2394 2197 νοιαν
2451 2143 2738 2216 ἐπιθέμενος
2796 2146 2941 2216 ἡμῶν
3109 2147 3268 2218 οἰκίᾳ,
3329 2151 3393 2199 τά
3438 2168 3492 2201 τε
3545 2153 3736 2220 γύναια
3780 2155 3847 2205 τὰ

2253 2234 2573 2307 φυλάττοντα
2622 2233 2899 2308 συνέτριψε
2945 2238 3171 2295 τύπτων.
3224 2242 3312 2289 καὶ
3366 2237 3696 2312 καταρρήξας
3750 2244 3847 2304 τὰς

2254 2327 2427 2399 θύρας,
2481 2324 2787 2397 ἐξεφόρησεν
2846 2326 3071 2391 ἅπαντα,
3113 2328 3177 2377 τὰ
3231 2330 3320 2399 μὲν
3375 2329 3532 2391 αὐτὸς
3559 2329 3840 2399 λαϐὼν,τὰ

2252 2411 2309 2466 δέ
2375 2415 2445 2475 εἰς
2478 2411 2780 2489 διαρπαγὴν
2834 2421 2943 2475 τοῖς
3001 2414 3332 2488 βουλομένοις
3362 2421 3589 2492 προθείς.
3634 2419 3722 2473 Ἰν’
3750 2418 3839 2474 οὖν

2245 2507 2316 2575 μὴ
2370 2506 2394 2554 ό
2425 2506 2655 2575 ἔσχατος
2709 2504 2825 2576 ὅρος
2877 2504 3024 2576 ἡμεῖς
3081 2512 3177 2566 τῆς
3235 2504 3495 2567 ἀσθενείας
3542 2508 3692 2579 ὦμεν,
3750 2516 3839 2563 καὶ

2242 2600 2397 2645 παντὶ
2449 2590 2677 2665 δόξωμεν
2734 2589 3024 2650 ὶπιτὴδειοι
3080 2598 3207 2669 πρὸς
3269 2595 3622 2671 ἐπιχείρησιν,
3672 2598 3733 2656 ἦν
3790 2600 3840 2652 ἓν

2241 2689 2373 2734 πᾶσι
2404 2690 2507 2741 τοῖς
2550 2682 2855 2755 πράγμασιν
2900 2683 3043 2754 ἡμῶν
3078 2680 3318 2741 σπουδὴν
3376 2682 3717 2753 ἐπιδέδειξαι,
3745 2694 3837 2740 καὶ

2238 2792 2325 2822 νυν
2371 2771 2763 2842 εἰσενέγκασθαι
2810 2771 3201 2842 παρακλήθητι.
3251 2777 3435 2835 Μόνως
3474 2778 3574 2849 γὰρ
3616 2778 3675 2827 οἶν
3706 2778 3834 2848 ἡμῖν

2237 2861 2371 2911 οὕτω
2396 2864 2452 2911 τὸ
2483 2862 2756 2933 ἄπραγμον
2790 2860 3033 2925 σῴζοιτο,
3064 2860 3107 2912 εἰ
3136 2870 3207 2931 τῷ
3244 2870 3318 2931 σῷ
3370 2859 3677 2938 δραστηρίῳ
3706 2864 3833 2931 (13)

2239 2954 2634 3020 συντεταγμένοι
2710 2952 2903 3022 εἴημεν.
2962 2954 3162 3002 Γίνοιτο
3213 2948 3264 3002 δ’
3307 2950 3366 3002 ἂν
3411 2949 3533 3023 ἡμῖν
3583 2952 3827 3027 ἀρκοῦσα

467 3058 604 3097 mus
630 3046 833 3097 autem
884 3037 1074 3094 multa
1104 3037 1218 3092 hac
1254 3036 1533 3101 contenti,
1562 3037 1611 3091 si
1659 3052 1693 3091 a
1724 3039 1860 3109 pagi
1892 3056 2123 3113 ρτεερο-

2234 3036 2386 3099 δίκη,
2427 3039 2490 3107 εἰ,
2524 3036 2617 3090 διὰ
2670 3046 2759 3090 τοῦ
2813 3040 3097 3110 παγάρχου
3131 3042 3245 3111 (14)
3301 3040 3628 3114 συλληφθεὶς,
3656 3043 3705 3095 ἐν
3750 3065 3826 3117 τῳ

465 3130 576 3186 sito
608 3129 1103 3201 comprehensus,
1144 3125 1309 3181 brevi
1360 3130 1626 3197 tempore
1657 3126 1716 3180 in
1757 3144 1991 3184 carcere
2035 3130 2121 3185 in-

462 3220 762 3276 cludatur.
792 3218 1021 3273 Etenim
1071 3232 1192 3271 non
1225 3215 1303 3270 ob
1335 3232 1405 3270 ea
1450 3216 1644 3270 solum
1684 3233 1819 3288 quae
1851 3223 2119 3290 perpessi

464 3325 702 3376 sumus,
722 3307 1116 3376 indignamur
1141 3325 1152 3362 :
1183 3305 1288 3359 sed
1318 3306 1379 3358 in
1402 3314 1713 3385 posterum
1746 3307 1925 3362 etiam
1954 3325 2119 3365 secu-

459 3399 631 3455 ritate
659 3398 1029 3467 indigemus.

1033 3480 1372 3537 EPISTOLA
1414 3482 1524 3536 IV'.

2233 3126 2579 3201 δεσμωτηρίῳ
2629 3126 2842 3202 βραχὺν
2898 3128 3294 3187 κατακλεισθείη
3326 3136 3541 3203 χρόνον.
3581 3136 3681 3185 Καὶ
3718 3138 3823 3207 γὰρ

2229 3218 2332 3289 οὐχ
2382 3218 2507 3292 ὑπὲρ
2566 3218 2632 3267 ὧν
2683 3218 3004 3288 πεπόνθαμεν
3060 3215 3445 3291 ἀγανακτοῦμεν
3484 3226 3636 3292 μόνον
3685 3221 3819 3276 ἀλλὰ

2227 3314 2316 3361 καὶ
2342 3318 2434 3370 τῆς
2466 3312 2596 3383 πρὸς
2621 3311 2677 3359 τὸ
2704 3307 2881 3360 λοιπόν
2914 3306 3193 3380 ἀσφαλείας
3227 3306 3469 3383 δεόμεθα.

2808 3490 3139 3539 ΕΠΙΣΤΟΔΗ
3171 3484 3237 3539 Δ’.

529 3576 830 3647 Olympio,
864 3574 967 3647 qui
1012 3573 1173 3629 dona
1203 3572 1472 3636 miserat,
1506 3571 1855 3640 perurbane
1882 3578 2116 3658 grat_ias
2148 3579 2272 3649 agit
2308 3575 2591 3703 Biasitlim,
2620 3575 2906 3630 incusans
2938 3575 3099 3645 quod
3122 3575 3609 3634 contubernalem
3638 3594 3817 3637 suam

1771 3660 2117 3703 pauperiem
2167 3664 2323 3703 eamu
2354 3662 2440 3703 ert
2480 3691 2493 3703 .

1769 3660 2117 3715 pauperiem
2167 3660 2467 3719 expulerit
2480 3691 2493 3703 .

1136 3731 1434 3801 Olympio.

524 3824 753 3897 Ecquid
778 3823 929 3894 agis,
958 3838 993 3877 o
1016 3821 1320 3894 praeclare,
1344 3820 1449 3891 qui
1473 3820 1736 3877 amicam
1758 3823 1934 3878 nobis
1959 3841 2104 3897 pau-

448 3919 742 3986 pertatem
759 3918 816 3967 et
832 3910 1229 3984 philosophiae
1249 3909 1544 3964 nutricem
1567 3910 1887 3967 solitudine
1909 3929 1977 3968 ex
1988 3915 2107 3985 pel-

443 4004 563 4060 lis?
628 4002 893 4059 Arbitror
944 4002 1105 4056 enim
1155 4000 1300 4065 fore,
1334 4004 1398 4054 ut
1452 3999 1587 4071 ipsa
1646 4000 1751 4056 tibi
1799 4002 2100 4072 judicium

440 4092 775 4150 intenderet
832 4091 993 4147 unde
1045 4090 1122 4157 vi,
1158 4089 1208 4145 si
1259 4105 1382 4161 qua
1422 4089 1474 4144 ei
1523 4088 1815 4160 loquendi
1845 4090 2099 4151 facultas

506 4276 525 4297 '
561 4274 721 4329 Alias
750 4275 964 4330 CLXIX.
992 4271 1224 4342 Scripta
1244 4270 1305 4324 in
1340 4284 1601 4342 secessu.

631 4350 734 4429 καί
765 4344 923 4429 ζάληιζ
962 4341 1173 4429 γριέι
1226 4345 1370 4429 Reg.
1419 4341 1654 4429 primus
1709 4345 1797 4429 καὶ
1852 4343 2085 4429 χαλιιίςηἷ

435 4412 663 4473 Ibidem
693 4419 843 4481 Vat.,
886 4414 1066 4471 Cois].
1099 4412 1401 4469 secundus
1428 4412 1654 4485 'et‘Reg.
1706 4418 1958 4485 uterque
1990 4412 2089 4469 ὑπό

432 4494 606 4562 τεῖχός
648 4507 700 4539 τι
739 4492 1005 4562 καρτερόν.
1032 4487 1397 4562 Paulqppst
1434 4483 1616 4538 iidem
1662 4483 1903 4540 codices
1955 4491 2089 4540 οὕτω

431 4556 655 4633 passa,
689 4556 940 4633 excepto
971 4565 1171 4613 tamen
1197 4556 1503 4633 Vaticano.

502 4626 612 4700 (10)
637 4629 816 4688 Ὅλην.
838 4626 1003 4686 Hanc
1032 4644 1242 4684 vocem
1268 4626 1618 4700 addidimus
1644 4642 1715 4681 ex
1745 4627 2087 4687 Coisl.utro-

427 4699 566 4777 que,
600 4702 749 4777 Med.
778 4707 835 4777 et
865 4699 1348 4777 utroqueﬁegio.

497 4776 611 4846 (II)
646 4776 726 4827 Ἐν
763 4768 1061 4846 ῖἈννγΞσοιξ.
1119 4768 1759 4846 deex_p_er_an_tiquus
1810 4770 1986 4826 Coisl.
2032 4773 2083 4825 ἐν

427 4840 689 4907 Ἀνήσοις·
721 4845 876 4901 alius
937 4860 1008 4899 ex
1065 4843 1279 4899 eadem
1327 4840 1695 4897 bibliotheca
1724 4846 1781 4897 et
1819 4857 1976 4898 unus
2007 4860 2082 4901 ex

424 4918 617 4987 Regiis
646 4918 695 4969 ἐν
749 4919 1024 4976 Ἀννίσοις.

492 4982 605 5063 (ἰξξ)
631 4989 706 5063 οᾴ
741 4987 1056 5059 συμϐόλαιόν
1082 5004 1200 5063 _r¢._
1223 4987 1396 5063 Deest
1426 4982 1667 5063 negatio
1697 4983 1758 5063 i‘n
1800 4984 2079 5063 editis__et

416 5060 479 5117 in
497 5054 795 5133 'pluribus
810 5054 961 5114 'mss.
987 5055 1319 5133 codicibus.
1355 5056 1591 5124 Legitur
1611 5054 1669 5109 in
1690 5055 1931 5111 duobus
1944 5056 2076 5114 aliis

416 5137 474 5188 et
503 5128 771 5188 secunda
798 5146 984 5187 manu
1005 5131 1065 5186 in
1098 5128 1411 5183 Harlaaano
1438 5144 1450 5193 ;
1478 5142 1549 5182 ac
1580 5142 1828 5198 prorsus
1861 5143 2073 5184 neces-

416 5205 572 5260 saria
610 5204 847 5259 videtur
895 5202 973 5258 ad
1023 5199 1313 5257 orationis
1366 5198 1877 5269 seriem;quippe
1929 5215 2070 5256 cum

413 5276 666 5346 agrestis
696 5275 791 5331 ille
844 5280 981 5346 ante
1030 5272 1264 5346 facinus
1322 5270 1593 5346 ediderit,
1640 5285 1822 5346 quam
1884 5269 2070 5346 ullam

412 5340 646 5402 consilii
668 5347 759 5401 sui
791 5345 1295 5414 significationem
1326 5340 1613 5414 dedisset.
1647 5340 1871 5396 Ibidem
1898 5340 2070 5399 deest

411 5420 564 5469 εἰπών
595 5418 653 5472 in
688 5411 880 5472 tribus
905 5414 1300 5471 vetutissimis
1327 5411 1665 5468 codicibus.

479 5490 594 5556 (I3)
636 5493 963 5561 Δραίστηρίῳ.
996 5488 1085 5561 Sic
1135 5484 1485 5561 Harlmanus
1511 5498 1669 5561 cum
1692 5484 1875 5561 Regio
1903 5488 2064 5561 u_tro-

405 5551 522 5634 que
554 5551 612 5617 (ἐξ
649 5551 825 5617 Cois].
846 5551 1149 5615 secundo.
1196 5555 1346 5612 Ediii
1379 5551 1733 5628 δικαστηρίῳ.
1766 5555 1881 5611 Sed
1932 5555 2063 5612 haec

2880 3734 3168 3807 Ὀλυμπίῳ.

2288 3828 2389 3879 Οἷα
2442 3832 2622 3894 ποιεῖς,
2655 3824 2694 3875 ὦ
2754 3826 3035 3896 θαυμάσιε,
3092 3828 3185 3882 τὴν
3229 3824 3378 3896 φίλην
3426 3828 3550 3898 ἡμῖν
3600 3833 3807 3899 πενίαν,

2212 3922 2301 3969 καὶ
2359 3916 2663 3989 φιλοσοφίας
2720 3918 2924 3988 τροφόν,
2983 3922 3076 3975 τῆς
3135 3914 3392 3985 ἐσχατιᾶς
3458 3915 3809 3987 ἁπελαύνωνς

2211 4006 2374 4078 Οἶμαι
2428 4008 2528 4080 γὰρ
2573 4006 2634 4056 ἄν
2684 4022 2741 4056 σε
2804 4009 2893 4055 καὶ
2941 4002 3149 4065 ἐξούλης
3199 4009 3404 4077 γραφὴν
3480 4006 3567 4057 ὑπ’
3635 4007 3807 4071 αύτῆς

2209 4097 2409 4166 φεύγειν
2462 4095 2597 4166 (15),
2649 4096 2692 4145 εῖ
2740 4112 2820 4155 τις
2860 4091 2987 4163 αὐτῇ
3052 4097 3386 4167 προσγένοιτο
3455 4093 3604 4166 λόγος
3639 4112 3651 4124 ·
3724 4097 3811 4149 ὅτι

2203 4271 2500 4354 posterior
2529 4270 3051 4354 scriptura‘miuus
3070 4255 3412 4354 probabilis
3439 4289 3452 4339 ;
3483 4274 3805 4354 non_enim

2120 4383 2161 4437 ο
2197 4342 2493 4437 judicium
2528 4360 2564 4398 a
2592 4342 3500 4437 “(lapdid‘i‘andpet‘itBasilius,
3526 4345 3642 4437 (sed
3688 4361 3803 4437 pa-

2201 4416 2520 4471 trocinium
2552 4414 2717 4486 apud
2763 4414 3153 4486 praepositum
3199 4414 3360 4486 pagi.
3397 4414 3805 4474 Conﬁrmatur

2198 4493 2405 4543 nostra
2435 4484 2842 4557 interpretatio
2874 4484 2946 4557 ex
2976 4484 3069 4539 his
3089 4484 3308 4557 verbis
3360 4488 3625 4556 Gregorii
3656 4491 3799 4543 Naz.

2199 4560 2355 4630 Orat.
2386 4562 2477 4623 25,
2510 4552 2700 4630 p.54“
2736 4573 2748 4612 :
2791 4552 2930 4609 Οἶδα
2956 4562 3057 4608 τίνι
3080 4554 3420 4630 ἀπεταζάμην
3441 4552 3530 4610 καί
3562 4564 3663 4611 τίνι
3702 4578 3801 4611 συ·

2194 4629 2526 4701 διεταξάμην(
2556 4629 2689 4701 Scio
2719 4631 2847 4701 icui,
2897 4629 3243 4684 renuntiavi
3284 4634 3338 4684 et
3391 4631 3490 4685 cui
3540 4646 3632 4687 me
3681 4631 3798 4687 ad-

2193 4699 2389 4768 iunxi.
2420 4700 2569 4756 Vide
2601 4699 2916 4755 Addenda.

2263 4774 2377 4846 (14)
2401 4774 2736 4846 ῌΠαγάρχουῖ
2768 4772 2859 4827 Sic
2892 4774 3123 4846 septem
3152 4786 3302 4846 ms_s_._
3332 4770 3596 4827 codices.
3637 4772 3795 4832 Editi

2192 4841 2527 4899 admodum
2558 4841 2848 4922 mendose
2891 4841 3304 4922 πυρεὶρχοιί.ᾘὶ
3354 4847 3796 4922 autem__pag_o-

2188 4929 2324 4969 rum
2381 4914 2687 4987 praepositi
2732 4930 2894 4987 suas,
2942 4912 3441 4987 administrandae
3507 4912 3791 4973 militaris

2186 4984 2702 5058 annonzepartes
2742 4984 3149 5058 sustinebant,
3196 4988 3474 5058 uthpatet
3532 5002 3606 5041 ex
3643 4988 3791 5047 cod.

2185 5056 2407 5127 Theod.
2440 5055 2547 5112 lib.
2580 5074 2679 5127 vn,
2712 5057 2795 5113 tit.
2850 5060 2906 5113 4.
2948 5055 3064 5125 leg.
3083 5062 3150 5127 ﬁt.
3177 5062 3235 5111 et
3260 5055 3366 5111 lib.
3426 5073 3530 5121 xu,
3587 5058 3676 5116 tit.
3726 5062 3790 5127 6,

2182 5126 2297 5199 leg.
2331 5132 2381 5185 8.
2409 5128 2572 5184 Unde
2594 5126 2715 5184 nOn
2746 5127 3049 5199 mirumsi
3082 5126 3340 5182 Basilius
3370 5128 3447 5183 ad
3473 5128 3790 5187 Candidia-

2178 5198 2350 5268 num,
2384 5200 2557 5270 cujus
2580 5214 2807 5268 magna
2832 5198 2999 5271 apud
3030 5199 3171 5270 pagi
3201 5200 3603 5271 praepositum
3652 5207 3795 5260 erat

2180 5272 2505 5326 auctoritas
2530 5270 2819 5339 confugit.

2252 5343 2364 5412 (I5)
2395 5344 2621 5412 Φεύγειν.
2652 5342 2822 5397 Miror
2863 5340 3299 5397 Combetisium
3341 5342 3649 5398 censuisse
3696 5342 3795 5402 le-

2178 5413 2447 5481 gendum
2475 5413 2533 5464 ού
2569 5416 2788 5485 φεύγειν,
2831 5428 2967 5486 curn
3003 5418 3213 5469 notum
3246 5414 3319 5470 sit
3360 5418 3416 5468 et
3446 5414 3787 5486 pervulga-

2176 5488 2310 5557 tum
2347 5483 2809 5557 φεύγεινίγραφὴν
2871 5483 3033 5540 idem
3084 5501 3299 5541 sonare
3347 5500 3419 5540 ac
3447 5483 3786 5545 ’accusari.

2174 5555 2359 5613 Paulo
2379 5560 2521 5629 post
2547 5555 2618 5613 in
2634 5555 2895 5630 quatuor
2924 5572 3069 5612 mss.
3104 5558 3183 5609 ὅτι
3208 5560 3384 5629 Τούτῳ
3418 5561 3532 5630 μέν.
