4070 6194
559 245 664 299 239
1309 316 1315 322 ι
1928 240 2003 295 s..
2027 240 2133 294 BA!

2311 241 2548 296 MAGNI.
3808 253 3916 306 240

558 367 729 423 vobis
758 367 964 434 ﬂuere,
998 366 1104 423 sed
1144 366 1345 423 subito
1375 364 1670 421 damonis
1700 363 1933 421 invidia
1969 379 2133 419 evan:

2322 362 2581 423 πλείστοις
2632 360 2691 416 δὲ
2728 366 2863 416 κατὰ
2890 366 3011 439 ῥοῦν
3044 368 3164 439 ὑμῖν
3195 370 3260 419 τὰ
3301 370 3586 441 πράγματα
3629 374 3874 445 φέρεσθαι
3897 388 3911 403 ⁸

560 462 683 513 tota
725 458 827 513 illa.
868 458 1086 513 domus
1129 456 1379 513 felicitas
1411 462 1467 510 et
1513 455 1856 510 animarum
1904 453 2133 509 hilarita

2322 451 2427 503 ἀλλ’
2497 452 2697 525 ἁθρόως
2755 454 3024 529 βασκανίᾳ
3077 455 3322 529 δαίμονος
3385 465 3551 533 πᾶσα,
3590 458 3752 517 ἐκείνη
3821 468 3914 512 τοῦ

561 561 632 601 ac
660 546 1010 602 hominibus
1041 546 1219 600 tristis
1248 545 1497 600 historia
1522 543 1660 599 facti
1686 558 1915 597 sumus.
1949 542 2129 612 Igitur

2320 544 2463 593 οἴκου
2512 545 2625 611 (25)
2674 546 2702 600 ὴ
2756 544 2968 602 εῦθηνία
3019 552 3108 598 καὶ
3161 556 3259 599 τῶν
3307 547 3499 619 ψυχῶν
3544 550 3572 605 ἠ
3624 546 3913 624 φαιδρότης

558 634 639 690 ob
669 651 743 690 ea
770 652 906 707 qua:
938 634 1286 690 acciderunt
1328 633 1552 702 lugere,
1588 638 1646 687 et
1685 632 1989 702 lacrymas
2022 631 2133 686 eﬂ‘u

2319 631 2624 701 ἠφάνισται,
2666 637 2755 683 καὶ
2805 632 3079 706 ἐγενόμεθα
3122 645 3193 705 τῷ
3234 635 3337 708 βίῳ
3383 633 3630 709 διήγημα
3676 640 3911 712 σκυθρω-

556 724 698 779 dere
748 725 1048 791 volumus,
1076 729 1315 795 tempus
1368 724 1495 778 vita:
1526 722 1701 777 nobis
1750 738 1871 776 non
1915 720 2133 776 suﬁicie

2316 725 2431 773 πον.
2481 720 2597 771 Ἐὰν
2645 724 2735 793 μεν
2779 719 2866 774 οὖν
2914 728 3228 778 ποτνιᾶσθαι
3259 725 3341 777 ἐπὶ
3390 734 3497 786 τοῖς
3540 726 3773 798 συμϐἄσι
3821 734 3913 781 καὶ

554 830 665 869 nec
692 814 741 868 si
768 814 1046 869 homines
1072 830 1285 868 omnes
1314 813 1635 868 nobiscum
1666 816 1930 881 gemant,
1962 810 2133 866 int‘orl

2318 804 2561 882 δακρύειν
2620 808 2951 883 βουλώμεθα,
2991 815 3085 865 οὐκ
3136 814 3397 889 ἐξαρκέσει
3454 817 3577 886 ἡμῖν
3637 819 3660 867 ό
3717 822 3911 891 χρόνος

554 904 655 959 nio
704 903 1013 975 planctum
1064 904 1387 975 adaequare
1436 908 1759 975 poterunt:
1808 902 1931 956 imo
1974 902 2133 957 etiau

2316 905 2407 948 τοῦ
2457 897 2580 969 βίου
2606 920 2617 931 α
2652 903 2832 960 πάντες
2882 899 2939 953 δὲ
2983 905 3265 975 ἄνθρωποι,
3298 905 3411 975 μεθ’
3443 907 3586 976 ἡμῶν
3636 910 3907 971 στένοντες,

555 992 879 1048 ﬂuviorum
910 1008 1086 1063 aquae
1133 992 1418 1064 lacrymas
1445 993 1613 1060 ﬁant,
1644 990 1983 1063 nequibunt
2029 1007 2130 1047 cas

2314 996 2619 1059 παρισῶσαι
2672 998 2743 1059 τῷ
2805 994 2958 1043 πάθει
3018 996 3103 1044 τόν
3162 990 3390 1065 ὀδυρμόν
3440 992 3496 1044 οὐ
3546 990 3904 1050 δυνήσονται·

552 1082 710 1137 illius
739 1082 1007 1138 lamenta
1033 1081 1292 1153 explere.

2313 1072 2441 1126 ἀλλα
2470 1076 2563 1128 κᾶν
2594 1082 2658 1129 τὰ
2708 1089 2807 1131 τῶν
2847 1091 3091 1153 ποταμῶν
3127 1083 3361 1156 ῥεύματα
3390 1086 3503 1153 (26)
3544 1079 3771 1157 δάκρυον
3818 1090 3907 1156 γέ-

2311 1184 2483 1232 νηται,
2538 1164 2870 1242 ἐκπληρῶσαι
2924 1178 3023 1221 τῶν
3079 1170 3382 1243 συμϐάντων
3434 1176 3519 1223 τὸν
3580 1174 3765 1245 θρῆνον
3814 1173 3907 1226 οῦκ

2312 1251 2598 1328 ἐξαρκέσει.
3642 1312 3651 1317 .

625 1354 677 1406 2.
718 1349 834 1405 Sed
884 1350 935 1405 si
982 1348 1238 1405 velimus
1273 1348 1373 1403 Dei
1421 1348 1673 1415 donum,
1704 1348 1871 1420 quod
1918 1349 2128 1404 cordib

2382 1347 2435 1397 2.
2476 1344 2591 1398 Ἐάν
2641 1350 2816 1417 μέντοι
2878 1346 3167 1419 θελήσωμεν
3215 1352 3271 1400 τὸ
3323 1356 3413 1401 τοῦ
3474 1357 3608 1402 Θεοῦ
3663 1347 3828 1425 δῶρον
3880 1354 3905 1404 ὀ

552 1440 772 1495 nostris
802 1439 1037 1503 indidit,
1071 1454 1232 1493 nunc
1276 1453 1574 1509 promere.
1608 1438 1903 1492 rationem
1936 1437 2070 1493 dico
2103 1456 2128 1492 s

2312 1430 2577 1486 ἐναπέθετο
2636 1444 2749 1495 ταῖς
2792 1434 3037 1509 καρδίαις
3069 1438 3180 1510 (27)
3226 1440 3370 1511 ἡμῶν
3410 1448 3728 1512 προενεγκεῖν
3775 1449 3863 1492 νῦν
3890 1463 3903 1474 ·

551 1527 770 1599 briam,
792 1544 927 1599 quae
949 1534 1005 1583 et
1028 1528 1088 1583 in
1112 1526 1293 1582 rebus
1316 1524 1596 1581 secundis
1622 1524 1871 1581 modum
1895 1526 2057 1581 novit
2078 1542 2133 1581 a1

2311 1526 2391 1573 τόν
2452 1522 2702 1596 λογισμὸν
2760 1526 2889 1597 λέγω
2950 1531 3035 1578 τόν
3097 1534 3357 1600 σώφρονα,
3412 1529 3466 1590 ὃς
3530 1535 3617 1580 καὶ
3674 1528 3723 1581 ἐν
3792 1538 3906 1591 ταῖς

551 1616 773 1672 mabus
801 1617 1028 1672 nostris
1060 1616 1453 1688 praestituere,
1487 1618 1544 1669 et
1568 1614 1627 1669 in
1660 1614 2019 1669 tristioribus
2053 1631 2133 1670 ca

2311 1610 2610 1685 εὐημερίαις
2659 1618 2823 1687 μέτρα
2879 1611 2990 1667 οἶδε
3040 1623 3157 1677 ταῖς
3212 1616 3417 1687 ψυχαῖς
3484 1618 3627 1688 ἡμῶν
3686 1618 3901 1691 ὁρίζειν,

550 1704 667 1761 bus
693 1722 787 1761 res
817 1705 1123 1761 humanas
1153 1706 1215 1759 in
1242 1703 1599 1759 memoriam
1629 1720 1932 1767 revocare,
1965 1719 2133 1775 nosqi

2311 1706 2398 1751 xui.
2464 1700 2513 1751 ἐν
2578 1710 2686 1763 ταῖς
2747 1708 3156 1777 κατηφεστέραις
3209 1708 3574 1778 περιστάσεσιν
3637 1706 3708 1767 εἰς
3768 1710 3899 1759 υπο-

552 1795 880 1851 admonere
910 1812 1144 1865 eorum,
1171 1811 1307 1866 quae
1339 1799 1396 1849 et
1444 1793 1702 1848 vidimus
1735 1798 1793 1848 et
1834 1793 2133 1849 audivimL

2311 1810 2499 1862 μνησιν
2541 1793 2684 1863 οἴγειν
2725 1801 2821 1844 τῶν
2872 1792 3221 1866 ἀνθρωπίνων,
3267 1800 3357 1846 καὶ
3405 1794 3707 1847 ὑποϐάλλειν
3752 1798 3897 1868 ἡμῖν,

549 1885 739 1939 vitam
770 1884 1044 1940 videlicet
1084 1882 1427 1939 infortuniis
1448 1881 1800 1954 hujusmodi
1843 1898 1973 1937 esse
2013 1884 2133 1939 refe

2311 1882 2341 1932 οἱ
2383 1902 2435 1935 τε
2482 1880 2705 1955 εἴδομεν,
2740 1885 2774 1935 οἶ
2815 1904 2869 1936 τε
2917 1885 3233 1957 ἠκούσαμεν,
3268 1888 3347 1938 ὅτι
3389 1892 3535 1957 γέμει
3579 1888 3603 1938 ό
3649 1886 3770 1959 βίος
3799 1898 3897 1939 τῶν

550 1979 698 2043 tam,
756 1991 826 2031 ac
884 1975 1075 2031 multa.
1129 1974 1541 2031 calamitatum
1601 1973 2008 2029 humanarum
2063 1991 2127 2033 es

2311 1975 2542 2023 τοιούτων
2600 1975 2797 2039 παθῶν,
2847 1978 2935 2024 καὶ
2996 1974 3155 2026 πολλὰ
3210 1982 3309 2026 τῶν
3373 1974 3700 2047 ἀνθρωπίνων
3738 1984 3897 2049 ’συμ-

546 2064 847 2136 exempla,
864 2070 922 2120 et
942 2069 1154 2136 praeter
1174 2064 1301 2119 haec
1323 2063 1528 2118 omnia
1549 2063 1904 2119 mandatum
1926 2064 2024 2119 Dei
2044 2081 2133 2119 ess

2311 2070 2469 2135 φορῶν
2537 2061 2645 2114 ἐστι
2698 2066 2762 2114 τα
2809 2060 3174 2135 ὑποδείγματα
3207 2084 3217 2096 ⁸
3274 2069 3361 2116 καὶ
3417 2062 3499 2115 ἐπὶ
3558 2071 3757 2135 πᾶσιν,
3816 2070 3895 2119 ὅτι

547 2158 611 2209 ut
638 2154 741 2225 qui
771 2155 832 2209 in
864 2154 1164 2211 Christum
1200 2152 1470 2217 credunt,
1505 2167 1629 2207 non
1660 2151 1902 2220 lugeant
1934 2159 2129 2209 mortu

2311 2156 2620 2223 πρόσταγμα
2678 2160 2810 2205 Θεοῦ
2873 2150 2983 2204 ἐστι
3048 2156 3105 2204 τό
3168 2158 3238 2225 μη
3298 2152 3576 2205 λυπεῖσθαι
3641 2154 3724 2207 ἐπὶ
3787 2164 3895 2218 τοῖς

543 2257 680 2296 rum
712 2258 918 2311 causa,
947 2242 1026 2297 ob
1055 2258 1224 2313 spem
1256 2240 1704 2297 resurrectionis
1732 2258 1744 2308 ;
1780 2257 1848 2296 ac
1893 2243 2133 2313 patienti

2311 2246 2686 2313 ιεκοιμημένοις
2747 2246 2867 2301 τοὺς
2920 2242 2989 2302 εἰς
3047 2246 3278 2316 Χριστὸν
3330 2248 3737 2305 πεπιστευκότας
3802 2243 3895 2298 διὰ

541 2348 778 2402 magna;
796 2348 1052 2402 magnas
1069 2349 1197 2387 esse
1215 2332 1379 2403 apud
1398 2331 1795 2387 certaminum
1813 2332 2078 2402 judiccm
2098 2351 2127 2389 c

2311 2334 2389 2386 την
2440 2327 2627 2382 ἐλπίδα
2676 2340 2765 2391 τῆς
2818 2329 3183 2391 ἀναστάσεως⁹
3240 2337 3329 2383 καὶ
3387 2334 3465 2383 ὅτι
3518 2340 3609 2392 τῆς
3664 2334 3895 2405 μεγάλης

536 2438 719 2477 ronas
748 2423 949 2491 gloriae
978 2422 1304 2494 repositas:
1332 2421 1380 2476 si
1410 2422 1587 2491 igitur
1613 2422 1827 2477 rationi
1858 2424 2133 2494 permisei

2311 2420 2561 2491 ⁵ττοξιιῖδνῆς
2608 2420 2821 2492 μεγάλοι
2864 2424 3005 2492 παρὰ
3050 2430 3121 2491 τῷ
3160 2419 3407 2493 ἀθλοθέτη
3452 2426 3692 2493 στέφανοι
3732 2420 3893 2486 δόξης

536 2527 674 2567 mus
695 2517 759 2567 ut
780 2512 893 2568 hac
915 2511 1088 2567 nobis
1109 2510 1581 2578 occinat,licebit
1598 2510 1855 2565 fortasse
1880 2512 2133 2568 modiqu

2311 2507 2595 2562 ἱπόκεινται
2628 2528 2639 2540 ⁶
2712 2510 2794 2562 ἐὰν
2868 2510 3217 2583 ἐπιτρέψωμεν
3286 2520 3354 2582 τῷ
3420 2512 3656 2585 λογισμῷ
3729 2522 3892 2567 ταῦτα

532 2600 779 2672 aliquod
803 2600 1240 2657 malilenimem
1262 2601 1380 2671 78
1400 2600 1881 2665 iuvenire.0uare
1900 2600 2133 2658 adhort<

2311 2604 2417 2671 πμίν
2478 2598 2812 2673 κατεπάδειν,
2866 2605 3012 2673 τάχα
3076 2601 3135 2653 ἂν
3203 2604 3435 2674 εὖροιμέν
3496 2622 3611 2654 τινα
3672 2610 3888 2676 μετρίαν

531 2694 607 2758 te,
632 2694 695 2745 ut
718 2694 1029 2745 strenuum
1052 2689 1360 2757 athletam,
1377 2694 1439 2744 ut
1458 2689 2133 2760 contraplagzemagniti

2311 2698 2380 2741 ὀῦ
2443 2694 2605 2742 κακοῦ
2662 2691 2831 2744 λύσιν.
2892 2695 2978 2743 Διό
3045 2690 3330 2765 παρακαλῶ
3399 2711 3474 2758 σε,
3530 2695 3598 2754 ως
3656 2702 3884 2763 γενναῖον

526 2778 734 2834 dinem
754 2779 1124 2844 obtendaris,
1141 2795 1249 2834 nec
1272 2778 1635 2834 succumbas
1658 2778 1910 2848 ponderi
1927 2779 2133 2835 dolori:

2311 2785 2603 2849 εγωνιστὴν,
2664 2789 2850 2839 στῆναι
2910 2785 3038 2853 πρὸς
3103 2785 3157 2832 τὸ
3224 2783 3436 2852 μέγεθος
3493 2790 3585 2843 τῆς
3652 2782 3879 2854 πληγῆς,

521 2882 721 2939 neque
742 2868 1124 2923 a‘bsorbearis
1147 2868 1381 2922 animo:
1408 2883 1765 2938 persuasum
1786 2867 2042 2935 habens,
2066 2875 2133 2925 et:

2311 2874 2370 2919 ui
2417 2874 2488 2940 μὴ
2547 2872 2822 2922 ὑποπεσεῖν
2866 2878 2938 2939 τῷ
2990 2869 3143 2943 βάρει
3186 2879 3278 2932 τῆς
3327 2870 3511 2939 λύπης,
3538 2868 3676 2942 μηδὲ
3715 2892 3880 2925 κατα-

518 2957 783 3012 rationes
800 2972 1007 3012 eorum
1028 2972 1162 3027 quae
1180 2972 1217 3011 a
1235 2959 1351 3010 Deo
1369 2956 1813 3026 dispensantur,
1832 2972 1941 3011 nos
1965 2957 2133 3013 latent

2311 2958 2502 3014 ὀθῆναι
2559 2964 2651 3016 τήν
2704 2958 2923 3029 ψυχήν·
2984 2958 3141 3011 ἐκεῖνο
3200 2964 3558 3031 πεπεισμένον,
3613 2962 3714 3029 ὅτι,
3778 2960 3875 3013 κᾶν

520 3048 580 3099 at
601 3044 866 3115 profecto
886 3044 1051 3116 quod
1073 3061 1109 3099 a
1129 3044 1396 3115 sapiente
1418 3060 1650 3115 nosque
1672 3051 1911 3099 amante
1932 3045 2133 3117 dispen

2312 3047 2328 3096 ἱ
2378 3045 2521 3117 λόγοι
2570 3056 2667 3099 τῶν
2721 3051 2864 3122 παρὰ
2908 3056 3039 3101 Θεοῦ
3089 3048 3523 3120 οἰκονομουμένων
3581 3046 3875 3121 διαθευγω-

518 3140 705 3205 satur,
749 3134 1195 3207 accipiendum,
1232 3134 1467 3189 etiamsi
1512 3133 1833 3190 molestum
1875 3136 1967 3191 sit.
2000 3138 2133 3193 Novi

2311 3155 2361 3185 ·ιν
2416 3138 2574 3208 ἡμᾶς,
2634 3136 2759 3188 ἀλλὰ
2815 3140 3019 3198 πάντως
3054 3157 3112 3207 γε
3141 3142 3198 3189 τὸ
3252 3141 3395 3211 παρὰ
3440 3146 3529 3189 τοῦ
3582 3147 3743 3211 σοφοῦ
3781 3146 3874 3191 καὶ

515 3223 677 3279 enim
709 3225 857 3295 ipse,
886 3224 1199 3297 quomodo
1230 3225 1554 3295 unicuique
1576 3224 1802 3280 dividat
1827 3226 1993 3296 quod
2025 3227 2129 3282 util

2311 3236 2579 3296 γαπῶντος
2636 3229 2769 3299 ἡμᾶς
2828 3227 3160 3299 οἰκονομηθεν
3226 3224 3513 3279 ἀποδεκτόν
3576 3227 3709 3297 ἐστι,
3776 3230 3874 3281 κᾶν

512 3317 621 3373 est,
654 3318 709 3367 et
740 3330 923 3384 quam
958 3314 1036 3368 ob
1064 3330 1312 3369 causam
1342 3313 1669 3384 inaequales
1714 3315 1845 3369 vitae
1878 3316 2133 3372 termino

2311 3320 2512 3368 πίπονον
2672 3317 2832 3376 Αὐτός
2872 3320 2973 3389 γὰρ
3028 3314 3140 3368 οἶδε
3187 3326 3291 3377 πῶς
3344 3317 3545 3387 ἑκάστῳ
3591 3315 3874 3377 διατίθησι

509 3401 686 3456 nobis
708 3404 1059 3474 prmstituat.
1088 3407 1180 3458 Est
1200 3404 1360 3458 enim
1383 3420 1567 3459 causa
1587 3403 1790 3473 aliqua
1812 3403 2129 3460 hominihu

2311 3408 2330 3456 ὁ
2379 3411 2657 3480 συμφέρον,
2685 3411 2775 3458 καὶ
2826 3403 2918 3458 διὰ
2959 3412 3008 3457 τί
3054 3408 3211 3458 οῖνισα
3240 3407 3447 3462 τίθησιν
3476 3408 3591 3475 (28)
3628 3409 3752 3479 ἡμῖν
3778 3418 3874 3461 τοῦ

507 3490 974 3563 indeprehensa.
1008 3494 1088 3547 ob
1130 3509 1317 3565 quam
1366 3492 1463 3547 alii
1507 3493 1753 3563 quidem
1798 3493 1972 3548 citius
2021 3495 2133 3550 hiut

2317 3500 2395 3545 ίου
2444 3499 2509 3546 τὰ
2551 3495 2948 3570 πέρατα.’”Εστι
2992 3498 3089 3569 γάρ
3123 3515 3201 3555 τις
3250 3495 3393 3546 αἰτία
3423 3494 3713 3568 ἀνθρώποις
3744 3496 3876 3550 ἀκα-

508 3581 908 3653 abripiuntur,
926 3582 1021 3637 alii
1048 3598 1188 3637 vero
1209 3582 1431 3637 diutius
1452 3581 1511 3635 in
1530 3581 1643 3635 hac
1665 3581 2018 3637 calamitosa
2038 3585 2133 3639 vita

2311 3583 2551 3649 άληπτος,
2595 3582 2668 3636 δι’
2722 3584 2778 3645 ἧς
2825 3588 2874 3636 οἱ
2920 3588 3008 3656 μεν
3060 3586 3239 3636 θᾶττον
3280 3582 3500 3637 ἐντεῦθεν
3553 3583 3869 3656 ἀπάγονται,

507 3672 588 3728 ad
627 3689 932 3729 aerumnas
975 3672 1362 3744 perferendas
1388 3671 1826 3741 relinquuntur.
1860 3675 2065 3743 Itaque
2095 3676 2133 3729 ir

2311 3714 2315 3722 ,
2361 3670 2419 3725 δε
2468 3673 2549 3725 ἐπι
2592 3674 2761 3726 πλεῖον
2790 3674 3274 3747 προσταλαιπωρεῖν
3306 3682 3376 3744 τῷ
3426 3671 3666 3749 ὀδυνηρῲ
3696 3681 3869 3750 τούτῳ

506 3762 791 3818 omnibus
821 3763 1075 3818 adorare
1106 3761 1262 3816 illius
1306 3760 1365 3815 in
1396 3776 1506 3814 nos
1538 3776 1807 3815 amorem
1837 3760 2129 3818 debemus

2311 3768 2369 3833 ίῳ
2431 3762 2924 3834 καταλιμπάνονται.
2993 3763 3153 3815 Ὥστε
3214 3761 3297 3814 ἐπὶ
3365 3770 3497 3815 πᾶσι
3554 3775 3869 3837 προσκυνεῖν

504 3866 616 3907 nec
646 3867 802 3921 aegre
833 3852 983 3907 ferre
1008 3870 1019 3906 :
1045 3867 1345 3906 memores
1370 3864 1607 3917 magnae
1632 3849 1789 3904 illius
1820 3854 1874 3905 et
1902 3850 2133 3909 celeber

2311 3852 2424 3903 ἓτοῦ
2482 3858 2573 3909 τὴν
2637 3852 3020 3925 φιλανθρωπίαν
3078 3852 3337 3924 ὀφείλομεν
3395 3857 3484 3904 καὶ
3540 3860 3611 3926 μὴ
3649 3851 3866 3926 δυσχε-

502 3939 669 3994 εἱωιε
702 3940 883 4009 vocis,
918 3956 1105 4011 quam
1137 3956 1395 4010 magnus
1424 3938 1519 3993 ille
1549 3938 1770 3995 athleta
1795 3940 1903 3995 Job
1931 3941 2130 3997 emisit

2311 3947 2491 3995 ιιίνειν·
2539 3946 2851 4014 μεμνημένοι
2904 3951 2997 4003 τῆς
3044 3942 3275 4014 μεγάλης
3314 3941 3511 4004 ἐκείνης
3557 3950 3644 3995 καὶ
3690 3943 3866 3997 ἀοιδίο

503 4044 641 4083 cum
664 4028 725 4083 in
750 4044 870 4084 uno
893 4029 1165 4084 convivio
1190 4028 1411 4084 liberos
1437 4027 1647 4083 decem
1676 4030 1893 4098 exiguo
1924 4035 2126 4103 tempo

2311 4052 2361 4083 ου
2422 4040 2614 4103 φωνῆς,
2653 4031 2711 4088 ἢν
2764 4033 2789 4082 ὁ
2839 4036 2999 4102 μέγας
3040 4030 3262 4093 ἀθλητὴς
3317 4031 3433 4083 Ἰὼϐ
3491 4031 3862 4106 ἀνεφθέγξατο,

497 4116 581 4172 ris
608 4122 915 4173 momento
936 4133 1265 4189 oppressos
1298 4116 1477 4171 vidit:
1503 4119 1791 4173 Dominus
1822 4120 2005 4189 dedit,
2030 4122 2133 4177 Do-

2311 4125 2346 4172 ri
2404 4127 2523 4190 μιᾶς
2574 4121 2840 4192 τραπέζης
2890 4117 3016 4171 ἰδὼν
3080 4118 3209 4173 δέκα
3264 4118 3463 4181 παῖδας
3518 4120 3565 4173 ἐν
3620 4120 3865 4195 βραχείᾳ

498 4209 695 4263 minus
726 4208 1011 4278 abstulit;
1029 4209 1182 4263 sicut
1204 4209 1454 4263 Domino
1477 4210 1688 4278 visum,
1718 4210 1805 4265 ita
1834 4215 1888 4265 et
1910 4211 2133 4278 factum

2311 4218 2443 4281 ιιροῦ
2502 4212 2635 4284 ῥοπῇ
2700 4210 3102 4284 συντριϐέντας·
3169 4210 3226 4262 Ὁ
3298 4213 3486 4285 Κύριος
3553 4206 3764 4273 ἔδωκεν,
3836 4214 3862 4264 ὁ

497 4298 629 4353 est“
644 4341 654 4352 .
672 4297 1099 4353 Admirabilem
1118 4296 1283 4353 illam
1306 4313 1515 4353 vocem
1536 4302 1807 4353 nostram
1829 4298 2133 4355 faciamus:

2311 4302 2447 4369 ύριος
2501 4298 2766 4371 ἀφείλετοο
2824 4304 2887 4360 ὡς
2950 4309 3020 4371 τῷ
3079 4304 3252 4374 Κυρίῳ
3319 4296 3511 4366 ἔδοξεν,
3563 4302 3696 4353 οὕτω
3764 4308 3864 4354 καὶ

496 4400 608 4456 par
650 4404 881 4442 merces
930 4404 965 4442 a
1002 4387 1165 4457 justo
1207 4386 1410 4456 judice
1458 4387 1631 4458 paria
1676 4388 1961 4457 praeclare
1991 4388 2133 4445 facta

2311 4394 2469 4441 πίνετο.
2534 4389 2806 4461 Ἠμίτερον
2870 4391 3213 4461 ποιησώμεθα
3286 4393 3343 4441 τό
3415 4392 3590 4462 θαῦμα
3654 4398 3810 4443 τοῦτο
3847 4412 3861 4425 -

495 4475 977 4543 designantibus.
1028 4480 1156 4532 Non
1185 4493 1396 4531 sumus
1426 4476 1550 4531 filio
1581 4477 1775 4533 orbati
1805 4497 1816 4533 :
1850 4479 1953 4533 sed
1982 4480 2133 4535 resti-

2311 4498 2371 4539 ὀς
2431 4480 2455 4529 ό
2522 4481 2712 4551 μισθὸς
2773 4481 2917 4552 παρὰ
2975 4486 3064 4531 τοῦ
3124 4476 3333 4530 δικαίου
3394 4488 3571 4551 κριτοῦ
3628 4488 3731 4539 τοῖς
3795 4485 3868 4533 τὰ

493 4564 720 4620 tuimus
742 4565 794 4619 ei
825 4566 929 4636 qui
960 4570 1169 4621 mutuo
1196 4565 1479 4621 dederat:
1510 4581 1703 4638 neque
1735 4567 2026 4623 exstincta
2055 4578 2133 4623 est

2311 4588 2351 4619 ἀ
2416 4565 2851 4640 ἐπιδεικνυμένοις
2919 4565 3388 4642 ἀνδραγαθηματα.
3460 4569 3570 4620 Οὐκ
3635 4568 3866 4621 ἀπεστε-

494 4654 648 4709 illius
681 4655 819 4723 vita,
846 4654 951 4709 sed
982 4655 1042 4709 in
1074 4655 1290 4709 melius
1318 4660 1755 4711 transmutata:
1787 4672 1896 4711 nec
1922 4657 2133 4713 humus

2311 4659 2485 4729 ζΘημεν
2534 4666 2624 4709 τοῦ
2669 4654 2881 4721 παιδὸς,
2916 4656 3023 4708 ἀλλ’
3054 4654 3393 4729 ἀπεδώκαμεν
3429 4666 3499 4727 τῷ
3542 4662 3819 4730 χρησαντι
3848 4680 3864 4693 ·

493 4743 777 4799 dilectum
822 4749 1099 4800 nostrum
1149 4744 1395 4811 obtexit,
1442 4743 1546 4799 sed
1596 4744 1815 4799 coelum
1860 4748 2133 4819 suscepit.

2320 4744 2377 4799 δὲ
2430 4748 2691 4818 ἠφανίσθη
2748 4746 2908 4798 αὑτοῦ
2962 4750 2991 4805 ἡ
3051 4747 3182 4813 ζωὴ,
3243 4746 3348 4797 ἀλλ’
3404 4745 3486 4799 ἐπὶ
3539 4751 3612 4823 τὸ⁹
3646 4745 3867 4818 βέλτιον

496 4832 804 4904 Paulisper
835 4839 1277 4905 exspectemus,
1312 4840 1364 4888 et
1392 4849 1513 4888 una
1543 4850 1682 4888 cum
1723 4850 1794 4888 eo
1824 4851 2005 4905 quem
2037 4836 2133 4892 de-

2311 4839 2581 4908 ηημείφθη·
2620 4836 2677 4887 οῦ
2730 4844 2796 4906 γῆ
2858 4835 3155 4907 κατέκφυψε
3217 4840 3299 4887 τὸν
3352 4834 3624 4906 ἀγαπητὸν
3678 4838 3865 4908 ἡμῶν,

493 4922 854 4992 sideramus,
881 4924 1125 4978 erimus.
1158 4925 1359 4993 Neque
1389 4922 1641 4992 longum
1670 4928 1758 4978 est
1788 4928 2024 4996 tempus
2056 4942 2133 4981 se-

2311 4926 2358 4977 λ’
2414 4926 2630 5000 οὐρανὸς
2685 4921 2989 4987 ὑπεδέξατο.
3050 4928 3249 4998 Μικρὸν
3313 4926 3699 4997 ἀναμείνωμεν,
3762 4932 3867 4979 καὶ

563 5050 607 5085 ³¹
647 5047 776 5104 Job.
820 5064 859 5117 ι,
900 5052 988 5103 2t.

556 5176 669 5247 (25)
708 5173 903 5229 Ἐκείνη
956 5180 1045 5225 τοῦ
1090 5175 1255 5247 οἴκου,
1306 5174 1397 5247 Sic
1430 5177 1553 5247 tres
1588 5174 1994 5247 antiquissimi
2038 5192 2133 5233 co-

2311 5175 2701 5245 :tustissimis,
2734 5174 2877 5247 nihil
2910 5174 3271 5231 mutandum
3303 5175 3672 5247 censuimus.

490 5244 658 5303 dices
687 5262 795 5320 pro
828 5261 897 5300 eo
940 5245 1106 5320 quod
1155 5249 1304 5320 erat
1328 5245 1386 5299 in
1418 5245 1590 5320 editis
1623 5254 1713 5297 τοῦ
1734 5244 1888 5320 ξοῖκου
1921 5246 2131 5302 ἐκείνου.

2317 5252 2430 5313 (27)
2466 5254 2593 5309 Ταῖς
2621 5244 2891 5320 καρδίαις.
2929 5246 3077 5302 Editi
3108 5246 3343 5302 addunt
3373 5246 3441 5313 ἐν,
3474 5248 3641 5318 quod
3672 5246 3871 5308 deest

488 5324 555 5391 1n
600 5315 813 5391 iisdem
844 5315 1153 5372 codicibus
1192 5315 1409 5384 legitur
1456 5319 1543 5367 καὶ
1583 5325 1682 5367 τῶν
1724 5316 1934 5389 ψυχῶν,
1970 5320 2133 5391 quod

2331 5334 2478 5373 mSS.

485 5390 547 5445 in
580 5390 751 5444 editis
780 5390 1002 5444 deerat.
1244 5460 1263 5461 ί
1507 5457 1543 5461 __
1718 5458 1727 5461 _
1803 5459 1811 5461 4
1991 5389 2006 5391 “
2314 5391 2432 5461 (28)
2471 5390 2710 5447 Τίθησιν.
2746 5391 2915 5461 Deest
2940 5389 3053 5444 hoc
3084 5389 3337 5446 verbum
3367 5389 3427 5445 in
3458 5389 3652 5446 tribus
3683 5391 3871 5449 codi-

556 5464 668 5529 (26)
709 5464 854 5534 Td,”
914 5462 1165 5534 ῥεύματα.
1235 5460 1346 5534 Sex
1403 5457 1648 5534 codices
1704 5458 1943 5534 habent
2006 5462 2130 5516 τὸ...

2311 5457 2437 5530 bus,
2464 5477 2575 5516 nec
2603 5460 3009 5516 necessarium
3040 5466 3151 5517 est.
3318 5478 3329 5483 δ

480 5528 667 5611 ῥεῦμα.
700 5531 813 5587 Sed
845 5528 983 5587 cum
1008 5528 1253 5603 vulgata
1281 5530 1455 5590 lectio
1485 5535 1671 5586 exstet
1700 5529 1759 5586 in
1787 5531 1975 5587 tribus
2001 5534 2133 5588 aliis
