4102 6194
239 362 337 416 2H

1285 359 1764 415 EPISTOLARUM
1802 359 2083 415 CLASSIS
2121 358 2164 414 ῐ.
2207 357 2421 413 EPIST.
2460 353 2550 412 νι.

3506 355 3612 410 242

244 485 570 554 συνεσόμεθα
601 489 672 552 τῷ
701 485 1028 556 ποθουμένῳ.
1073 481 1213 536 Οὑδὶ
1259 482 1418 544 πολὺς
1461 483 1486 534 ὀ
1528 486 1720 558 χρόνος
1749 492 1844 546 τῆς

1969 481 2298 547 (unctionis,
2349 497 2487 537 cum
2538 493 2750 535 omnes
2795 478 2856 533 in
2901 478 3015 534 hac
3059 477 3179 535 vita
3210 482 3501 550 tanquam
3549 477 3612 532 in

244 569 580 634 διαστάσεως
605 575 740 642 (29),
781 574 985 624 πάντων
1017 571 1191 647 ὥσπερ
1233 572 1281 624 ἓν
1312 570 1420 643 ὁδῷ
1448 581 1519 644 τῷ
1547 571 1648 646 βίῳ
1679 575 1843 644 τούτῳ

241 667 370 734 πρὸς
414 665 474 714 τό
523 664 649 714 αὐτὸ
698 669 1022 734 καταγώγιον
1078 661 1433 735 ἐπειγομένων·
1491 661 1538 714 ἓν
1675 663 1700 713 6
1753 665 1844 734 μὲν

242 752 643 826 προκατελυσῖδ,
679 748 812 804 ὁ¹ὃὶ
855 751 1090 813 ἔῆπλθεν,
1133 753 1157 803 6
1212 749 1271 804 δὲ
1323 752 1602 823 ἐπείγεται,
1648 754 1844 814 πάντας

243 839 304 894 δε
353 841 401 893 ἓν
432 838 744 903 ὑποδέξεται
782 840 940 903 τέλος.
985 841 1044 894 Εἰ
1080 843 1181 914 γὰρ
1218 846 1306 893 καὶ
1357 843 1538 894 Θᾶττον
1582 846 1676 899 τὴν
1721 837 1844 892 ὀδόν

241 931 650 1005 προκατελυσεν,
705 929 833 982 ἀλλὰ
889 932 1068 990 πάντες
1125 936 1218 988 τὴν
1278 931 1440 988 αὐτὴν
1479 931 1587 1002 (30)
1663 949 1845 1003 πορευ-

245 1023 463 1093 σόμεθα·
537 1024 627 1072 καὶ
684 1023 882 1082 πάντας
944 1023 1000 1072 τό
1069 1019 1194 1072 αὐτὸ
1249 1019 1484 1093 ἀναμένει
1548 1019 1843 1092 κατάλυμα.

240 1115 408 1163 Μόνον
439 1115 642 1181 γένοιτο
689 1111 824 1181 ἡμᾶς
864 1105 937 1161 δι’
977 1107 1165 1182 ἀρετῆς
1194 1118 1254 1182 τῇ
1305 1112 1627 1184 καθαρότητι
1657 1107 1845 1161 ἐκείνου

238 1201 584 1271 ὁμοιωθῆναι·
624 1201 705 1250 ἱνα
749 1195 843 1250 διὰ
880 1202 936 1251 τὸ
976 1196 1164 1251 ἄδολον
1205 1206 1295 1251 τοῦ
1340 1202 1498 1262 ἤθους
1546 1208 1640 1260 τῆς
1684 1198 1848 1258 αὐτῆς

237 1295 345 1350 τοῖς
376 1288 427 1340 ἓν
467 1295 684 1363 Χριστῷ
722 1294 928 1350 νηπίοις
968 1289 1304 1351 ἀναπαύσεως
1350 1287 1679 1362 ἕπιτύχωμεν
1711 1289 1846 1360 (31).

817 1403 1152 1451 ΕΠΙΣΤΟΑΗ
1195 1397 1260 1462 ς’.

1953 572 2054 627 via
2103 573 2181 628 ad
2226 571 2385 627 idem
2437 568 2829 624 diversorium
2875 568 3278 623 contendant:
3333 567 3392 622 in
3441 565 3610 638 quod

1953 660 2198 732 hicjam
2251 659 2513 719 advenit,
2571 658 2665 712 ille
2725 657 3086 729 supervenit,
3148 656 3293 711 alter
3330 656 3605 711 festinat:

1952 749 2090 805 ﬁnis
2132 756 2331 807 autem
2385 765 2544 804 unus
2593 763 2806 803 omnes
2857 746 3131 818 excipiet.
3178 746 3295 802 Etsi
3339 745 3498 801 enim
3539 744 3610 800 ci-

1954 839 2070 895 tius
2123 841 2287 896 viam
2362 837 2634 906 confecit,
2690 836 2968 891 eamdem
3035 850 3246 890 omnes
3313 835 3609 905 ingredie-

1954 945 2111 998 mur,
2162 945 2496 1000 omnesque
2552 927 2712 982 idem
2754 929 2958 981 manet
2984 924 3404 980 diversorium.
3453 925 3611 979 Tan-

1955 1029 2084 1080 tum
2129 1019 2303 1075 nobis
2352 1017 2660 1086 contingat
2705 1015 2862 1070 illius
2900 1013 3144 1086 puritati
3188 1028 3294 1084 per
3333 1012 3612 1068 virtutem

1956 1109 2294 1168 assimilari.
2337 1113 2400 1163 ut
2440 1106 2709 1162 moribus
2757 1104 2874 1160 doli
2929 1103 3272 1176 expertibus
3310 1101 3609 1172 eamdem,

1959 1216 2027 1256 ac
2051 1199 2150 1271 qui
2180 1199 2239 1253 in
2268 1196 2498 1254 Christo
2519 1195 2778 1250 infantes
2801 1197 2957 1264 sunt,
2980 1191 3254 1266 requiem
3283 1205 3616 1263 consequa-

1957 1304 2116 1346 mur.

2550 1391 2889 1448 EPISTOLA
2929 1391 3016 1444 VI.

1147 1497 1414 1553 Basilius
1444 1496 1721 1553 Nectarii
1749 1509 1998 1552 uxorem
2029 1494 2307 1550 similiter
2337 1493 2705 1549 consolatur.

317 1605 456 1676 Πρός
483 1606 574 1660 τὴν
605 1601 864 1672 όμόζυγον
892 1603 998 1670 (32)
1025 1608 1312 1676 Νεκταρίου
1341 1604 1772 1677 παραμυθητική.

318 1694 368 1745 1.
402 1690 648 1762 Ἐμελλον
681 1688 990 1762 ἀποσιωπᾷν
1035 1696 1165 1764 πρὸς
1214 1697 1306 1751 τὴν
1350 1694 1680 1765 κοσμιότητοὶ
1731 1709 1847 1756 σου,
1887 1705 1896 1712 ·

235 1782 598 1852 λογιζόμενος,
668 1781 766 1846 ὅτε,
828 1780 1001 1854 ὡσπερ
1057 1781 1304 1855 ὀφθαλμῷ
1354 1782 1714 1855 φλεγμαίνοντι
1758 1783 1849 1831 καὶ

234 1875 296 1923 τό
352 1870 691 1921 ἁπαλώτατον
749 1878 848 1921 τῶν
901 1873 1355 1945 παρηγορημάτων
1400 1870 1544 1923 ἀνίαν
1597 1874 1709 1942 (33)
1768 1867 1850 1940 ἐμ-

235 1967 403 2022 ποιεῖ,
461 1959 596 2010 οὕτω
653 1963 743 2010 καὶ
790 1959 944 2030 ψυχῇ
1002 1961 1102 2012 ὑπὸ
1156 1960 1374 2031 θλίψεως
1435 1959 1649 2034 βαρείας
1703 1977 1854 2010 κεκα-

237 2051 474 2119 κωμένη,
502 2047 597 2098 κᾶν
626 2047 817 2106 πολλὴν
850 2049 1178 2120 παράκλησιν
1207 2056 1330 2123 φέρῃ
1367 2053 1392 2102 ό
1417 2051 1587 2122 λόγος,
1621 2049 1853 2121 ὀχληρός

236 2158 354 2198 πως
403 2135 534 2189 εἶναι
590 2134 752 2200 δοκεῖ,
809 2135 858 2188 ἐν
922 2145 983 2209 τῇ
1043 2136 1364 2211 περιωδυνίᾳ
1417 2145 1848 2214 προσφερόμενος.

240 2227 390 2278 Ἐπεὶ
457 2223 516 2278 δέ
572 2245 635 2298 με
681 2227 790 2297 (34)
848 2227 1103 2295 εἰσῆλθεν,

236 2336 335 2388 μοι
390 2318 415 2366 6
469 2315 620 2386 λόγος
675 2319 843 2384 ἔσται,
894 2316 1053 2368 πάλαι
1119 2315 1533 2390 πεπαιδευμένην
1597 2321 1658 2370 τὰ
1717 2319 1848 2384 θεῖα,

1179 2230 1260 2280 ὅτι
1339 2234 1465 2302 πρὸς
1533 2233 1851 2302 Χριστιανήν

235 2425 333 2456 και
396 2403 791 2476 ἐμπαροέσκευον
853 2402 1013 2458 οὖσαν
1067 2410 1195 2480 πρὸς
1252 2411 1315 2459 τὰ
1384 2407 1699 2480 ἀνθρώπινα,
1757 2406 1850 2458 οὐκ

235 2493 465 2566 ἐνόμισα
502 2491 710 2545 δίκαιον
763 2491 890 2546 εἶναι
943 2495 1252 2570 παραλιπεῖν
1305 2501 1362 2549 τὸ
1420 2495 1689 2548 ἐπιϐάλλον
1736 2515 1846 2568 μοι.

238 2579 389 2634 οῖδα
439 2585 649 2634 ποταπὰ
700 2590 799 2634 τῶν
843 2587 1078 2658 μητέρων
1125 2587 1190 2636 τὰ
1236 2584 1538 2657 σπλάγχνα·
1586 2589 1676 2636 καὶ
1727 2585 1848 2635 ὅταν

240 2669 389 2732 ἰδίως
429 2676 488 2723 τό
521 2675 612 2723 σόν
661 2678 779 2743 περὶ
825 2674 1021 2736 πάντας
1063 2679 1304 2748 χρηστόν
1354 2680 1442 2726 καὶ
1492 2677 1678 2748 ἥμερον
1709 2672 1850 2725 ἐνθυ-

235 2764 416 2833 μηθῶ,
462 2760 736 2833 λογίζομαι
777 2781 944 2819 ποσην
992 2762 1122 2824 εἰκός
1169 2763 1253 2816 ἐπὶ
1287 2771 1394 2826 τοῖς
1433 2772 1690 2838 παροῦσιν
1720 2759 1848 2814 εἶναι

237 2855 338 2907 τήν
392 2846 679 2920 ἀλγηδόνα.
743 2847 920 2902 Παῐδα
981 2849 1298 2924 ἐξημιὼθης,
1357 2853 1410 2904 ὃν
1467 2856 1712 2922 περιόντα
1758 2854 1847 2923 μεν

2279 1599 2554 1655 Nectarii
2582 1598 2830 1667 confugi
2864 1596 3294 1653 consolatoria.

2036 1693 2085 1744 1.
2129 1687 2414 1744 Nolebam
2463 1686 2687 1759 alloqui
2725 1686 3075 1755 dignitatem
3113 1689 3305 1754 tuam,
3346 1682 3618 1739 conside-

1958 1793 2120 1840 rans,
2161 1782 2224 1832 ut
2252 1777 2427 1833 oculo
2455 1776 2831 1832 inﬂammato
2873 1774 3264 1830 lenimentum
3307 1774 3399 1828 vel
3429 1776 3618 1828 tener-

1959 1867 2181 1922 rimum
2222 1866 2493 1922 dolorem
2543 1865 2730 1930 affert,
2777 1865 2856 1920 ita
2905 1864 3123 1919 animae
3168 1862 3332 1932 gravi
3359 1876 3617 1918 maerore

1960 1954 2215 2024 afﬂictae,
2245 1955 2475 2011 etiamsi
2516 1953 2774 2010 multum
2813 1941 3008 2008 Solatii
3047 1952 3198 2007 ferat
3239 1951 3452 2015 oratio,
3485 1966 3616 2005 mo-

1958 2043 2171 2101 lestam
2199 2050 2400 2100 tamen
2425 2043 2874 2116 quodammodo
2904 2041 3107 2100 videri.
3141 2042 3201 2095 in
3226 2041 3362 2113 ipso
3392 2038 3617 2094 doloris

1961 2134 2210 2190 articulo
2237 2134 2594 2190 adhibitam.
2650 2138 2718 2187 At
2749 2132 2849 2188 ubi
2876 2131 3022 2187 mihi
3052 2133 3112 2186 in
3138 2136 3405 2186 mentem
3436 2129 3614 2200 venit,

1960 2239 2301 2279 sermonem
2329 2223 2473 2279 mihi
2506 2239 2644 2278 cum
2691 2221 3031 2277 Christiana
3059 2221 3346 2288 futurum,
3368 2218 3618 2289 jampri-

1959 2312 2099 2368 dem
2127 2313 2190 2368 in
2219 2311 2400 2368 rebus
2441 2311 2658 2367 divinis
2691 2311 2982 2380 instituta,
3032 2326 3142 2365 nec
3187 2309 3267 2364 ad
3313 2308 3617 2363 humanos

1960 2419 2136 2458 casus
2172 2403 2512 2475 imparata;
2555 2419 2676 2457 non
2719 2402 3055 2458 existimavi
3095 2415 3342 2472 aequum
3380 2415 3513 2454 esse
3552 2401 3619 2455 ut

1957 2490 2156 2548 ofﬁcio
2189 2508 2325 2548 meo
2374 2492 2666 2548 deessem.
2718 2492 2863 2548 Novi
2925 2490 3130 2563 qualia
3182 2489 3300 2545 sint
3350 2493 3617 2544 matrum

1958 2581 2228 2649 viscera;
2280 2598 2542 2654 cumque
2592 2580 2970 2654 peculiariter
3013 2579 3330 2635 considero
3360 2582 3528 2633 tuam
3554 2577 3617 2634 in

1957 2685 2168 2726 omnes
2197 2671 2630 2742 benignitatem
2651 2675 2831 2742 atque
2855 2668 3410 2734 mansuetudinem,
3432 2666 3620 2737 conji-

1957 2758 2048 2814 cio
2087 2765 2385 2832 quantum
2415 2758 2732 2832 probabile
2778 2759 2852 2814 sit
2899 2758 2960 2814 in
3009 2756 3409 2828 praesentibus
3442 2755 3616 2812 malis

1956 2847 2226 2904 dolorem
2251 2865 2398 2904 esse.
2430 2848 2640 2904 Filium
2662 2848 2912 2904 amisisti
2941 2849 3079 2918 79,
3108 2862 3289 2918 quem
3320 2846 3615 2901 viventem

238 2941 572 3011 ἐμακάρισαν
611 2946 777 2990 πᾶσαι
810 2944 1046 3014 μητέρες,
1097 2946 1186 2992 καὶ
1230 2942 1452 3004 ηὔξαντο
1491 2946 1611 3003 τοὺς
1653 2939 1846 2993 ἑαυτῶν

1969 2943 2180 2993 matres
2205 2953 2416 2994 omnes
2445 2938 2858 3010 praedicabant
2883 2937 3150 3001 beatum,
3174 2934 3444 3005 talesque
3471 2949 3616 2990 suos

238 3032 516 3090 τοιούτους
552 3025 700 3080 εἶναι’
745 3027 1070 3082 ἀποθανόντα
1109 3027 1168 3082 δὲ
1207 3030 1498 3102 ἐστέναξαν,
1551 3033 1618 3093 ὡς
1650 3031 1843 3089 ἑκάστη

237 3124 330 3170 τόν
389 3117 575 3177 ἑαυτῆς
624 3125 692 3188 γῇ
754 3119 1180 3193 κατακρύψασα.
1254 3119 1477 3173 Ἐκείνου
1539 3122 1564 3172 ό
1635 3122 1847 3180 θάνατος

238 3207 417 3278 πληγή
468 3206 658 3278 ἐγένετο
705 3205 977 3281 πατρίδων
1032 3205 1128 3261 δύο
1172 3209 1302 3277 (35),
1352 3217 1448 3270 τῆς
1499 3229 1552 3262 τε
1595 3212 1848 3282 ἡμετέρας

238 3301 333 3348 καὶ
387 3304 480 3356 τῆς
547 3296 788 3348 Κιλίκων.
856 3296 1062 3370 Ἐκείνῳ
1127 3301 1185 3350 τό
1250 3303 1386 3370 μέγα
1436 3305 1525 3351 καὶ
1577 3303 1846 3374 περιφανες

237 3391 383 3456 γένος
449 3390 852 3456 συγκατέπεσεν,
911 3385 1084 3460 ὥσπερ
1137 3386 1436 3462 ἐρείσματος
1493 3390 1846 3463 ὑφαιρεθέντος

239 3476 614 3530 ιατασεισθέν.
643 3474 712 3526 Ὠ
744 3477 1050 3548 συναντημα
1093 3484 1319 3548 πονηροῦ
1371 3475 1638 3551 δαίμονος,
1685 3483 1847 3530 πόσον

243 3566 445 3634 ἰσχυσε
474 3567 633 3614 κακόν
661 3563 1046 3638 ἐξεργάσασθαι
1072 3565 1084 3620 l
1127 3567 1195 3617 Ὠ
1218 3575 1309 3636 γῆ,
1343 3575 1575 3619 τοιοῦτον
1620 3566 1846 3638 ἀναγκα-

247 3654 440 3705 σθείσα
492 3648 854 3714 ὑποδέξασθαι
909 3655 1112 3716 πάθοςε
1185 3655 1394 3729 Ἐφριξε
1458 3660 1605 3727 τάχα
1668 3661 1757 3708 καὶ
1820 3657 1846 3708 6

246 3741 410 3808 ἣλιος,
466 3744 509 3792 εἷ
561 3761 640 3802 τις
695 3743 948 3805 αἰσθησις
1004 3745 1163 3815 αὐτῷ,
1224 3749 1282 3796 τό
1336 3747 1642 3817 σκυθρωπὸν
1692 3745 1849 3797 ἐκεῖνο

243 3833 434 3903 οέαμα.
472 3836 571 3883 Καὶ
602 3836 653 3882 τί
683 3833 744 3882 ἄν
773 3851 852 3893 τις
881 3841 1128 3886 τοσοῦτον
1160 3837 1314 3902 εἰποι,
1357 3835 1479 3886 ὅσον
1510 3837 1538 3892 ἡ
1574 3833 1851 3906 ἀμηχανία

241 3929 335 3980 τῆς
361 3919 551 3990 ψυχῆς
581 3920 858 3974 ὑποϐάλλει
883 3938 896 3987 ;

314 4014 375 4063 2.
426 4008 562 4062 Ἀλλ’
607 4009 667 4060 οὗ
711 4013 811 4083 γὰρ
859 4009 1156 4083 ἀπρονόητα
1205 4015 1271 4064 τὰ
1315 4015 1556 4085 ἡμέτερα,
1593 4017 1656 4074 ὡς
1685 4033 1848 4086 μεμα-

241 4101 479 4170 θήκαμεν
515 4099 563 4150 ἐν
601 4107 674 4169 τῷ
703 4099 1020 4171 Εὐαγγελίῳ,
1061 4103 1141 4152 ὃτι
1185 4098 1308 4154 οὐδὲ
1349 4104 1622 4173 στρουθίον
1671 4109 1848 4156 πίπτει

238 4189 364 4240 ἄνευ
409 4186 696 4259 Θεληματος
739 4196 830 4240 τοῦ
867 4193 1072 4263 Πατρός
1120 4193 1290 4262 ἡμῶν.
1347 4189 1526 4260 Ὠστε,
1582 4194 1626 4244 εἷ
1668 4211 1719 4243 τι
1767 4197 1848 4263 γέ-

1957 3044 2090 3084 esso
2114 3027 2431 3101 optabant:
2463 3033 2768 3083 mortuum
2787 3043 2924 3082 vere
2946 3025 3192 3099 perinde
3213 3024 3515 3092 luxerunt,
3543 3039 3616 3080 ac

1957 3117 2003 3172 si
2056 3133 2234 3172 suum
2286 3133 2540 3189 quaeque
2582 3116 2769 3172 humo
2815 3114 3194 3171 contexisset.
3241 3112 3400 3168 Illius
3448 3129 3614 3168 mors

1955 3205 2138 3278 plaga
2166 3207 2388 3262 exstitit
2413 3205 2854 3278 provinciarum
2889 3205 3172 3273 duarum,
3200 3208 3256 3258 et
3283 3207 3523 3268 nostra,
3557 3205 3614 3258 et

1957 3296 2228 3353 Cilicum.
2262 3299 2408 3353 Cum
2449 3295 2548 3350 illo
2577 3310 2866 3365 magnum
2894 3298 2949 3350 et
2977 3294 3200 3349 illustre
3235 3308 3425 3363 genus
3473 3307 3615 3348 con-

1957 3384 2116 3452 cidit,
2146 3384 2324 3440 veluti
2346 3384 2537 3440 fulcro
2563 3383 2799 3440 sublato
2829 3399 3213 3439 concussum.
3235 3383 3278 3438 0
3302 3383 3614 3438 incursum

1956 3473 2101 3530 mali
2147 3475 2466 3539 damonis,
2511 3478 2805 3546 quantum
2849 3472 3044 3545 potuit
3071 3472 3216 3527 mali
3245 3469 3514 3544 patrare!
3567 3471 3610 3526 Ο

1956 3569 2114 3620 terra
2141 3563 2318 3620 talem
2349 3567 2557 3619 coacta
2589 3563 2893 3635 suscipere
2925 3577 3134 3617 casum
3161 3561 3173 3616 ι
3205 3560 3440 3616 Horruit
3463 3559 3612 3615 forte

1954 3653 2087 3724 ipse
2124 3652 2234 3720 sol,
2259 3653 2305 3708 si
2331 3653 2470 3724 quis
2496 3653 2555 3708 in
2587 3668 2657 3708 eo
2686 3668 2918 3721 sensus,
2937 3652 3099 3707 triste
3127 3649 3278 3706 illud
3305 3653 3612 3720 spectacu-

1955 3741 2101 3797 lum.
2134 3745 2199 3796 Et
2218 3741 2354 3813 quis
2385 3747 2619 3797 tantum
2640 3741 2838 3796 dicere
2859 3739 3094 3812 poterit,
3113 3743 3413 3811 quantum
3433 3738 3610 3808 inops

1957 3830 2187 3887 consilii
2218 3831 2457 3890 animus
2489 3830 2800 3900 suggerit?

2025 4016 2084 4068 2.
2135 4015 2349 4067 Verum
2389 4017 2596 4067 nostra
2639 4027 2761 4066 non
2791 4010 2944 4066 fiunt
2969 4011 3117 4066 citra
3144 4008 3607 4083 providentiam,

1954 4100 2477 4172 quemadmodum
2508 4101 2569 4156 in
2602 4101 2925 4171 Evangelio
2947 4100 3289 4165 didicimus,
3313 4115 3388 4155 ne
3409 4113 3612 4171 passe-

1954 4207 2082 4248 rem
2111 4191 2359 4264 quidem
2391 4193 2602 4246 cadere
2633 4192 2760 4246 sine
2789 4191 3099 4247 voluntate
3121 4191 3306 4246 Patris
3332 4190 3517 4246 nostri
3537 4189 3606 4245 ²³.

236 4296 378 4348 γονε,
437 4276 688 4348 Θεληματι
731 4282 908 4349 γέγονε
960 4287 1050 4330 τοῦ
1102 4285 1388 4342 κτίσαντος
1444 4283 1604 4353 ἡμᾶς.
1652 4283 1736 4352 Τῷ
1787 4279 1845 4335 δι

1969 4283 2151 4346 Quare
2183 4281 2234 4336 ei
2255 4280 2402 4352 quid
2433 4280 2698 4348 contigit,
2724 4280 3032 4335 voluntate
3054 4279 3302 4347 ccntigit
3331 4277 3609 4333 Condito-

240 4365 549 4438 βουλήματι
598 4373 688 4418 τοῦ
737 4375 870 4419 Θεοῦ
932 4372 1010 4428 τίς
1077 4367 1404 4434 ἀνθέστηκε;
1476 4367 1846 4444 Καταὸεξώμε-

241 4458 308 4507 θα
341 4459 454 4524 (36)
508 4460 564 4507 τό
607 4455 830 4528 συμϐάνο
884 4453 1404 4533 δυσανασχετοῦντες
1460 4458 1560 4534 γὰρ
1620 4462 1735 4512 οὔτε
1787 4466 1844 4513 τὸ

312 4581 365 4614 ³³
404 4581 610 4635 Matth.
636 4597 694 4648 x,
725 4583 814 4637 29.

311 4726 428 4790 (29)
471 4717 614 4774 οὐδὲ
660 4723 880 4783 πολὺς...
927 4721 1235 4786 ὑποδέξεται
1283 4725 1448 4786 τελος.
1505 4728 1674 4782 Deest
1725 4730 1847 4782 tota

240 4793 372 4874 haec
403 4793 737 4874 verborum
762 4795 1336 4874 complenioiuVat.
1360 4801 1416 4851 et
1437 4797 1612 4852 Cois].
1645 4814 1844 4874 recent

241 4868 414 4940 tiore,
433 4864 566 4940 etin
595 4864 836 4940 duobus
863 4864 1073 4940 Regiis.
1101 4867 1242 4940 Huic
1267 4873 1467 4922 autem
1495 4875 1549 4923 et
1573 4870 1846 4940 sequenti

241 4936 508 5014 epistolae
525 4935 713 5014 multa
733 4937 935 4992 insunt
957 4939 1179 5014 indicia
1196 4939 1459 5014 hominis
1486 4957 1520 4994 a
1537 4935 1846 5014 rhetorum

240 5007 772 5083 eiercitationibus
822 5009 1093 5083 recentis.
1134 5011 1428 5083 Nonnulla
1472 5013 1671 5081 etiam,
1712 5027 1847 5083 quae

246 5078 500 5132 Basilius
527 5084 665 5150 apte
695 5079 772 5133 ad
805 5079 1152 5147 religionem
1187 5081 1582 5136 Christianam
1615 5077 1851 5138 aecom-

245 5150 538 5218 modat,in
567 5150 855 5204 Plutarchi
870 5150 1022 5205 libro
1035 5154 1120 5207 De
1134 5154 1846 5221 consolationeleguntur.

247 5225 289 5273 Is
310 5222 473 5275 enim
491 5221 666 5275 docet
688 5222 870 5275 vitam
889 5228 1096 5276 mutuo
1109 5223 1315 5278 datam
1330 5240 1458 5279 esse
1476 5226 1848 5292 hominibus,

249 5307 346 5345 nec
374 5293 602 5346 mirum
636 5293 818 5346 videri
847 5293 1087 5359 debere,
1125 5294 1171 5348 si
1202 5295 1511 5350 reddenda
1541 5298 1609 5351 sit
1636 5314 1647 5350 :
1693 5297 1851 5351 hanc

251 5364 418 5417 vitam
454 5379 591 5418 esse
622 5363 804 5418 veluti
835 5365 1019 5424 viam.
1051 5381 1174 5435 qua
1204 5382 1420 5420 omnes
1455 5369 1531 5422 ad
1565 5369 1724 5423 idem
1761 5369 1851 5423 di-

255 5436 571 5511 versorium
624 5435 965 5489 tendimus:
1013 5452 1134 5490 non
1174 5436 1470 5506 lugendos
1508 5455 1658 5501 esse,
1699 5455 1853 5511 quos

259 5502 405 5558 brevi
440 5521 792 5576 sequemur.

267 5645 270 5648 ς
313 5581 418 5644 βο)
461 5583 571 5634 Τὴν
612 5577 804 5653 αὐτὴν.Δ
849 5577 998 5653 Editi
1029 5577 1261 5653 addunt
1291 5580 1452 5652 αὐτῷ,
1493 5581 1660 5653 quod
1689 5581 1858 5637 deest

266 5660 307 5697 tn
336 5655 571 5718 septem
602 5649 904 5704 veteribus
934 5649 1118 5706 libris.

1957 4371 2036 4425 ris
2061 4371 2268 4426 nostri.
2312 4370 2454 4435 Quis
2485 4374 2685 4424 autem
2721 4370 2816 4424 Dei
2849 4369 3137 4424 voluntati
3164 4367 3428 4423 resistit?
3474 4368 3611 4421 Sus-

1957 4461 2254 4534 cipiamus
2285 4461 2450 4533 quod
2482 4460 2728 4528 accidit;
2761 4459 3005 4516 moleste
3032 4460 3190 4515 enim
3215 4459 3488 4524 ferentes,
3512 4472 3613 4513 ne-

2031 4728 2136 4800 {3l)
2181 4727 2559 4800 Ἐπιτύχωμεν.
2612 4731 2695 4783 Ita
2742 4732 2862 4782 tres
2915 4726 3299 4782 vetustissimi
3349 4727 3608 4782 codices.

1958 4798 2106 4853 Edlli
2136 4801 2398 4870 τύχωμεν,

2029 4875 2142 4942 (732)
2182 4867 2492 4942 Ὁμόζυγον.
2547 4870 2638 4925 Sic
2678 4869 3020 4942 Harl.,7Vat.
3072 4874 3128 4924 et
3170 4869 3442 4942 quinque
3491 4867 3612 4926 alii.

1959 4941 2358 4996 Coislinianus
2396 4942 2625 5014 primus
2664 4947 2722 5014 et
2751 4941 3181 5014 εᾱὶίὶᾼόμόζυγα.

2030 5016 2138 5086 (33)
2184 5014 2374 5086 'Arim.
2417 5013 2505 5069 Sic
2552 5012 2960 5086 Harl.,ucnoisl.'
2989 5015 3220 5086 primus
3259 5017 3315 5068 et
3343 5012 3613 5085 quinque

1959 5082 2320 5172 alii;'ti\ielitis
2354 5100 2539 5172 quam
2559 5084 2630 5172 in
2676 5083 2846 5172 editis
2878 5082 3042 5155 ἀνιᾴν.

2037 5157 2149 5228 (3's)
2183 5154 2320 5228 Ἐπεί
2352 5153 2410 5208 δέ
2439 5174 2520 5226 με.
2559 5157 2650 5228 Sic
2678 5155 2917 5228 codices
2949 5153 3176 5227 antiqui
3208 5159 3458 5228 septem,
3491 5153 3613 5208 duo

1961 5225 2080 5300 alii,
2118 5226 2253 5278 Ἐπεὶ
2285 5224 2344 5278 δέ
2373 5224 2482 5299 μοι.
2516 5226 2664 5281 Edlti
2696 5225 2874 5285 ἐπειδὴ
2909 5247 3016 5300 μοι,
3065 5224 3293 5284 δῖᾶιὶιιί
3307 5227 3491 5295 Bigot.
3525 5229 3616 5278 καὶ

1963 5317 2366 5350 ευπαοασκευον.

2037 5355 2144 5437 (38)
2189 5373 2304 5423 Δύο.
2337 5370 2427 5441 Sic
2459 5386 2602 5423 mss.
2635 5374 2887 5441 septem.
2926 5369 3074 5441 Editi
3105 5366 3272 5425 δυοῖν.

2037 5441 2150 5513 (36)
2195 5439 2628 5513 Καταόεξωμεοα,
2685 5439 2830 5494 Εάὶῐὶ
2878 5440 3116 5513 addunt
3156 5448 3301 5510 γοῦν,
3354 5439 3458 5494 sed
3487 5439 3614 5496 haec

1965 5512 2179 5566 vocula
2203 5513 2368 5568 deest
2394 5513 2452 5567 in
2476 5510 2704 5582 septem
2734 5528 2875 5565 mss.
2910 5510 3239 5582 codicibus.

2037 5582 2054 5602 "
2090 5582 2250 5639 Alias
2285 5581 2592 5640 CLXXXlX.
2632 5583 2863 5654 Scripta
2892 5581 3420 5655 eodemtempore.
