4070 6194
485 339 590 395 243

1852 339 1911 395 S.
1950 337 2209 415 BASILII
2245 337 2486 394 MAGNI.

3760 343 3870 397 246

485 478 604 536 que
634 463 696 519 id
719 463 886 536 quod
934 463 1161 522 factum
1190 468 1278 522 est
1317 479 1692 537 reparamus,
1740 479 1812 519 ac
1855 466 2148 536 praeterea

2282 464 2523 533 πενόμενον
2574 458 2946 536 διορθούμεθα,
3006 469 3095 517 καί
3154 464 3364 525 ἑαυτοὺς
3412 464 3869 539 προσαπόλλυμιν⁸

485 553 888 625 nosmetipsos
904 555 1235 625 perdimus.
1256 557 1335 609 Ne
1356 553 1669 625 culpamus
1686 552 1918 623 justum
1942 551 2043 606 Dei
2057 551 2148 623 ju-

485 640 738 697 dicium.
778 642 1039 699 Nimium
1064 642 1321 715 imperiti
1349 658 1582 711 sumus,
1617 657 1806 713 quam
1835 648 1897 696 ut
1927 655 2152 695 arcana

485 731 643 787 illius
662 732 892 802 judicia
922 732 1326 805 exploremus.
1350 735 1511 787 Tunc
1536 731 1825 786 Dominus
1844 729 2068 786 amoris
2093 729 2153 783 in

487 838 552 878 se
579 820 661 876 tui
684 820 1017 891 periculum
1038 822 1200 877 facit.
1221 821 1345 877 Tibi
1372 832 1535 875 nunc
1557 826 1798 892 tempus
1823 824 1932 889 est,
1964 824 2026 873 ut
2048 832 2155 890 per

486 909 837 983 patientiam
862 914 1096 982 partem
1125 915 1467 982 martyrum
1494 924 1891 981 consequare.
1924 907 2155 964 Macha-

488 999 759 1056 besorum
777 1003 971 1054 mater
991 1004 1221 1071 septem
1245 1000 1507 1055 ﬁliorum
1527 1004 1785 1054 mortem
1817 996 2155 1069 conspexit,

490 1102 600 1143 nec
628 1086 943 1155 ingemuit,
967 1104 1077 1144 nec
1107 1088 1403 1157 ignobiles
1427 1088 1730 1159 lacrymas
1756 1086 1966 1142 eﬂ‘udit
1992 1102 2005 1151 ;
2052 1085 2158 1141 sed

491 1174 714 1245 gratias
744 1190 932 1245 agens
960 1178 1100 1242 Deo,
1130 1176 1297 1248 quod
1321 1176 1549 1232 videret
1567 1191 1670 1231 eos
1690 1175 1829 1244 igne
1851 1179 1906 1230 et
1926 1173 2081 1229 ferro
2104 1177 2161 1228 et

491 1264 897 1321 acerbissimis
935 1265 1290 1321 verberibus
1322 1281 1353 1320 e
1388 1264 1640 1320 vinculis
1681 1263 1880 1319 carnis
1912 1261 2158 1319 exsolvi.

494 1356 615 1409 Deo
645 1353 893 1425 quidem
923 1354 1183 1425 probata
1229 1353 1353 1421 fuit,
1387 1353 1638 1409 celebris
1668 1368 1810 1408 vero
1842 1351 2048 1407 habita
2077 1354 2165 1406 est

494 1442 661 1515 apud
690 1442 966 1498 homines
978 1441 1311 1498 “Afﬂictio
1334 1457 1579 1512 magna,
1604 1441 1795 1497 fateor
1816 1445 1872 1496 et
1897 1455 2029 1509 ego:
2058 1438 2163 1493 sed

497 1536 553 1587 et
585 1546 811 1601 magna
839 1547 874 1586 a
907 1532 1161 1587 Domino
1193 1531 1444 1603 praemia
1472 1529 1839 1602 patientibus
1870 1527 2158 1600 reposita.

497 1624 677 1677 Mater
695 1637 835 1675 cum
858 1619 1066 1677 effecta
1088 1636 1172 1691 es,
1196 1636 1575 1692 puerumque
1596 1619 1818 1685 vidisti,
1845 1635 1913 1673 ac
1937 1617 2161 1688 gratias

497 1709 669 1778 egisti
689 1711 833 1775 Deo;
863 1709 1041 1781 plane
1072 1709 1307 1765 sciebas
1339 1708 1655 1764 mortalem
1680 1712 1813 1774 ate,
1837 1723 1977 1763 cum
2007 1722 2166 1761 mor-

2258 556 2343 608 Μὴ
2390 556 2835 625 κατηγορήσωμεν
2866 559 2987 614 ντῆς
3040 550 3250 613 δικαίας
3305 558 3527 627 κρίσεως
3572 563 3662 607 τοῦ
3709 562 3870 610 Θεοῦ.

2261 640 2508 713 Ἀμαθείς
2569 640 2742 712 ἐσμεν,
2806 643 2941 695 ὥστε
3004 645 3068 694 τὰ
3131 642 3337 717 ἄρρητα
3408 643 3569 695 αὐτοῦ
3635 649 3875 719 κρίματα

2262 725 2592 801 δοκιμάζειν.
2650 736 2759 783 Νῦν
2792 749 2886 783 σου
2925 730 3175 803 λαμϐάνει
3222 737 3317 790 τήν
3366 729 3590 804 δοκιμὴν
3618 732 3643 784 ὁ
3676 736 3876 805 Κύριος

2261 826 2357 879 τῆς
2413 821 2539 893 πρὸς
2596 818 2747 871 αὑτὸν
2810 817 3037 891 ἀγάπης.
3101 828 3207 873 Νῦν
3267 840 3352 873 σοι
3406 823 3633 895 πάρεστι
3686 823 3877 895 καιρὸς

2265 905 2358 960 δια
2387 916 2482 968 τῆς
2520 909 2780 980 ὑπομονῆς
2816 913 2911 966 τὴν
2952 906 3151 983 μερίδα
3204 918 3302 962 τῶν
3354 913 3632 983 μαρτύρων
3670 910 3873 967 λαϐεῖν.

2261 998 2320 1048 Ἣ
2353 1004 2451 1047 τῶν
2492 995 2847 1049 Μακχαϐαίων
2891 1002 3067 1072 μήτηρ
3122 998 3253 1051 ἑπτὰ
3307 995 3512 1051 παίδων
3557 995 3663 1051 εἶδε
3718 1001 3875 1051 Gabar

2265 1098 2388 1154 τον,
2442 1090 2533 1137 καὶ
2585 1085 2677 1137 οὐχ
2742 1085 3042 1154 ἐστέναξεν,
3100 1084 3225 1139 οὐδὲ
3272 1085 3462 1160 ἀφῆκεν
3517 1086 3720 1159 ἀγεννὲς
3777 1085 3873 1141 δοξ-

2267 1193 2443 1248 χρυον·
2501 1173 2607 1225 ἀλλ’
2658 1174 3058 1248 εὐχαριστοῦσα
3112 1185 3184 1246 τῷ
3239 1182 3366 1248 Θεῷ,
3426 1177 3507 1228 ὅτι
3544 1176 3747 1231 ἔϐλεπεν
3781 1179 3875 1231 αὐ-

2268 1266 2390 1325 τοὺς
2412 1268 2537 1339 πυρὶ
2567 1268 2656 1316 καὶ
2707 1261 2936 1338 σιδήρῳ,
2967 1270 3054 1317 καὶ
3094 1273 3205 1326 ταῖς
3233 1265 3633 1337 χαλεπωτάταις
3658 1267 3876 1335 αἰκίαις,

2269 1360 2368 1404 τῶν
2434 1350 2640 1425 δεσμῶν
2690 1362 2781 1413 τῆς
2845 1358 3038 1425 σαρκὸς
3086 1354 3382 1427 λυομένους,
3441 1352 3721 1428 εὐδόκιμος
3785 1360 3879 1429 μὲν

2270 1445 2412 1517 παρὰ
2444 1450 2577 1512 Θεῷ,
2617 1440 2857 1514 ἀοίδιμος
2902 1440 2961 1495 δε
3002 1446 3146 1517 παρὰ
3178 1443 3463 1519 ἀνθρώποις
3495 1445 3695 1519 ἐκρίθη.
3728 1450 3881 1517 Μέγα

2271 1534 2328 1582 τὸ
2360 1532 2543 1597 πάθος,
2577 1538 2708 1603 φημι
2748 1534 2913 1603 διαγώ-
2964 1531 3092 1584 ἀλλὰ
3140 1533 3354 1605 μεγάλοι
3393 1539 3481 1585 καὶ
3527 1537 3576 1585 οἱ
3614 1538 3755 1610 παρὰ
3784 1543 3880 1587 τοῦ

2276 1625 2471 1694 Κυρίου
2519 1623 2703 1692 μισθοὶ
2764 1628 2873 1682 τοῖς
2934 1623 3282 1692 ὑπομένουσιν
3339 1621 3687 1694 ἀποκείμενοι.
3752 1624 3881 1677 Ὀτε

2274 1708 2442 1780 ἐγένου
2483 1714 2680 1782 μήτηρ,
2712 1714 2802 1761 καὶ
2831 1707 2964 1771 εἶδες
2994 1714 3080 1762 τὸν
3115 1708 3305 1778 παῖδα,
3338 1717 3427 1763 καὶ
3467 1712 3882 1785 ηὑχαρίστησας

498 1798 634 1854 talis
662 1798 767 1865 sis,
797 1798 1066 1868 genitum
1098 1814 1252 1853 esse.
1277 1797 1431 1863 Quid
1457 1797 1637 1866 igitur
1666 1796 1911 1867 mirum,
1936 1796 1988 1851 si
2008 1811 2165 1851 mor-

2282 1806 2345 1868 τῷ
2376 1807 2509 1869 Θεῷ,
2544 1796 2694 1871 ᾔδεις
2722 1799 2942 1868 πάντως,
2977 1802 3057 1851 ὅτι
3089 1802 3249 1858 θνητὴ
3284 1799 3418 1853 οὖσα
3460 1804 3641 1858 θνητὸν
3669 1802 3883 1873 ἐγέννη-

499 1890 640 1942 tuus
680 1891 770 1941 est
804 1886 1077 1942 mortalis
1100 1889 1127 1942 ?
1168 1886 1282 1942 Sed
1320 1885 1481 1942 dolet
1512 1886 1708 1951 nobis,
1757 1885 1920 1957 quod
1952 1888 2167 1957 praeter

500 1980 767 2048 tempus.
797 1979 1118 2047 Incertum,
1152 1983 1353 2032 utrum
1371 1976 1487 2031 hoc
1515 1992 1637 2031 non
1660 1975 1835 2031 fuerit
1858 1974 2168 2047 tempesti-

500 2080 681 2120 vum:
715 2081 828 2121 nos
874 2066 1173 2137 siquidem
1215 2065 1432 2135 eligere
1474 2080 1610 2137 quae
1643 2064 1972 2119 animabus
1998 2062 2166 2118 utilia

502 2159 661 2219 sunt,
690 2160 747 2210 et
777 2155 1075 2227 praeﬁnire
1111 2156 1396 2211 terminos
1422 2156 1707 2210 humanae
1735 2155 1871 2210 vitae
1902 2170 2024 2210 non
2050 2169 2167 2208 no-

499 2245 720 2300 vimus.
749 2245 1152 2317 Circumspice
1176 2250 1364 2300 totum
1388 2251 1682 2300 terrarum
1706 2244 1936 2314 orbem,
1962 2244 2022 2299 in
2044 2257 2167 2316 quo

499 2333 775 2401 habitas;
804 2338 861 2390 et
889 2335 1087 2404 cogita
1113 2335 1321 2391 omnia
1349 2333 1626 2390 mortalia
1649 2350 1782 2389 esse
1805 2350 1940 2407 quae
1964 2333 2169 2388 viden-

500 2426 616 2489 tur,
658 2424 865 2479 omnia
900 2424 1269 2496 corruptioni
1301 2425 1585 2480 obnoxia.
1630 2424 1875 2496 Respice
1920 2423 1999 2479 ad
2045 2439 2167 2477 ca:-

499 2511 675 2580 lum;
736 2517 793 2569 et
839 2512 988 2568 illud
1035 2514 1237 2586 ipsum
1288 2513 1617 2586 aliquando
1649 2514 2044 2580 dissolvetur;
2091 2511 2167 2567 ad

501 2600 713 2670 solem,
740 2617 814 2657 ne
843 2601 939 2657 ille
977 2603 1225 2675 quidem
1256 2604 1657 2676 permanebit.
1694 2602 1885 2658 Stellae
1934 2617 2167 2671 omnes,

502 2691 790 2748 animalia
806 2692 1107 2747 terrestria
1129 2698 1184 2747 et
1204 2692 1513 2764 aquatilia,
1537 2698 1703 2748 terra;
1725 2696 1989 2761 ornatus,
2013 2696 2170 2746 terra

498 2780 657 2853 ipsa,
706 2781 914 2837 omnia
971 2782 1341 2854 corruptioni
1391 2782 1676 2848 obnoxia,
1725 2782 1935 2836 omnia
1988 2780 2169 2852 paulo

501 2876 639 2943 post
659 2887 783 2926 non
806 2871 1067 2944 amplius
1092 2872 1316 2927 futura.
1341 2874 1564 2928 Horum
1589 2872 1870 2941 cogitatio
1894 2872 1968 2926 sit
1988 2887 2169 2926 casus

502 2958 805 3016 solatium.
861 2963 1013 3017 Cave
1063 2960 1476 3017 calamitatem
1527 2961 1727 3032 seipsa
1775 2960 2058 3022 metiaris,
2092 2946 2173 3015 ita

502 3048 665 3105 enim
696 3048 800 3106 tibi
825 3049 1123 3106 videbitur
1148 3049 1544 3107 intolerabilis
1573 3050 1679 3105 sed
1706 3066 1841 3105 eam
1875 3066 2173 3105 cum‘om-

502 3138 683 3194 nibus
727 3138 911 3194 rebus
965 3138 1255 3197 humanis
1298 3155 1686 3212 comparans,
1742 3139 1881 3194 inde
1912 3139 2173 3210 reperies
2204 3176 2243 3229 Ο

502 3227 663 3284 illius
685 3228 989 3285 solatium.
1025 3230 1123 3285 His
1155 3233 1357 3286 autem
1385 3229 1670 3285 omnibus
1696 3228 1845 3284 illud
1878 3228 2174 3285 validissi-

511 3332 681 3373 mum
712 3317 1063 3375 addendum
1094 3318 1323 3375 habeo:
1350 3335 1532 3391 parce
1558 3318 1804 3383 marito;
1832 3318 1978 3375 alter
2009 3318 2177 3377 alteri

508 3405 781 3462 solamen
812 3410 1037 3474 estote;
1070 3423 1144 3463 ne
1181 3407 1364 3463 iacias
1395 3408 1447 3463 ei
1490 3407 1831 3478 graviorem
1866 3407 2174 3463 calamita-

508 3498 651 3562 tem,
685 3494 892 3551 dolore
924 3500 976 3550 te
1004 3496 1136 3566 ipsa
1162 3496 1510 3552 conﬁciens.
1544 3497 1804 3553 Omnino
1845 3501 2045 3552 autem
2079 3513 2178 3552 ar-

509 3583 700 3641 bitror
721 3599 1064 3641 sermonem
1098 3584 1311 3642 solatio
1334 3585 1625 3659 imparem
1658 3601 1823 3642 esse:
1855 3585 1961 3641 sed
1993 3585 2177 3658 preci-

510 3674 629 3731 bus
652 3673 714 3730 in
745 3689 807 3731 re
830 3675 1110 3747 praesenti
1136 3691 1289 3749 opus
1316 3691 1444 3731 esse
1476 3690 1716 3732 censeo.
1736 3676 1952 3731 Precor
1974 3674 2177 3746 itaque

509 3764 715 3836 ipsum
757 3765 1103 3833 Dominum,
1147 3770 1213 3821 ut
1252 3780 1364 3821 sua
1393 3779 1519 3821 non
1546 3763 1871 3821 enarrabili
1911 3764 2179 3836 potentia

516 3854 635 3925 80
663 3858 917 3924 tangens
948 3870 1051 3911 cor
1090 3860 1286 3921 tuum,
1316 3852 1784 3925 cogitationibus
1826 3853 2005 3910 bonis
2056 3854 2180 3910 ani-

516 3958 687 3999 mum
718 3947 889 3999 tuum
915 3943 1187 4010 illustret,
1216 3948 1280 4000 ut
1310 3944 1371 4001 in
1402 3943 1595 4015 teipsa
1621 3942 2050 4000 consolationis
2076 3943 2180 4000 ha-

517 4031 664 4089 beas
695 4037 1070 4103 argumenta.

1103 4124 1440 4180 EPISTOLA
1469 4123 1602 4177 νιν.

2277 1906 2393 1948 σας.
2443 1892 2505 1939 Τί
2546 1884 2632 1939 οὖν
2672 1885 2993 1960 παράδοξον,
3036 1889 3079 1939 εἰ
3124 1887 3371 1941 ἀπέθανεν
3403 1891 3427 1940 ὁ
3462 1892 3682 1957 θνητόςς
3726 1890 3886 1942 Ἀλλὰ

2274 1973 2427 2026 λυπεῖ
2454 1976 2587 2047 ἡμᾶς
2634 1979 2691 2027 τὸ
2722 1979 2865 2048 παρὰ
2891 1981 3095 2050 καιρόν.
3146 1973 3395 2045 Ἄδηλον,
3446 1978 3488 2029 εἰ
3532 1983 3602 2050 μή
3643 1982 3885 2052 εὔκαιρον

2274 2070 2447 2115 τοῦτο·
2500 2060 2678 2121 ἐπειδὴ
2730 2066 2881 2136 ἡμεῖς
2938 2064 3234 2135 ἐκλέγεσθαι
3277 2068 3343 2117 τὰ
3402 2070 3729 2140 συμφέροντα
3772 2075 3885 2119 ταῖς

2275 2152 2499 2224 ψυχαῖς,
2548 2158 2637 2205 καὶ
2679 2154 2869 2226 ὁρίζειν
2911 2156 3233 2226 προθεσμίας
3284 2154 3576 2228 ἀνθρωπίνῃ
3627 2157 3730 2229 ζωῇ
3771 2158 3886 2228 (37)

2276 2241 2371 2292 οὐκ
2421 2242 2762 2313 ἐπιστάμεθα.
2806 2241 3123 2317 Περίϐλεψαι
3164 2246 3251 2295 τὸν
3285 2248 3480 2317 κόσμον
3508 2245 3731 2312 ἅπαντα,
3763 2246 3810 2297 ἐν

2278 2338 2555 2392 κατοικεῖς·
2589 2336 2679 2381 καὶ
2713 2331 2969 2401 ἐννόησον,
3015 2334 3093 2383 ὅτι
3131 2335 3301 2385 πάντα
3329 2335 3488 2390 θνητὰ
3518 2336 3583 2385 τὰ
3623 2336 3883 2407 ὁρώμενα,

2278 2425 2367 2469 καὶ
2405 2421 2574 2471 πάντα
2632 2422 2798 2493 φθορᾴ
2854 2422 3183 2493 ὑποκείμενα.
3246 2421 3558 2493 Ἀνάϐλεψον
3613 2427 3743 2495 πρὸς
3794 2428 3886 2475 τὸν

2278 2508 2491 2581 οὐρανόν
2510 2513 2635 2578 (38)·
2667 2514 2756 2561 καὶ
2786 2510 2934 2570 οὗτος
2960 2529 3083 2562 ποτε
3112 2510 3418 2568 λυθήσεταιο
3452 2515 3578 2586 πρὸς
3600 2515 3687 2563 τὸν
3715 2512 3885 2572 ἣλιον·

2279 2595 2402 2650 οὐδὲ
2428 2599 2578 2660 οὗτος
2604 2602 2716 2658 (39)
2758 2596 3010 2671 διαμενεῖ.
3052 2602 3118 2652 Οἱ
3172 2601 3383 2673 ἀστέρες
3414 2620 3729 2673 συμπαντες,
3772 2603 3888 2662 ζῶα

2279 2685 2511 2760 χερσαῖα
2558 2693 2647 2739 καὶ
2696 2685 2906 2760 ἔνυδρα,
2948 2691 3013 2741 τὰ
3047 2695 3163 2762 περὶ
3192 2698 3290 2760 γῆν
3321 2689 3505 2759 κάλλη,
3538 2690 3668 2749 αὐτὴ
3712 2693 3743 2749 ἡ
3789 2700 3886 2762 γῆ,

2278 2781 2449 2830 πάντα
2480 2779 2704 2851 φθαρτὰ,
2726 2780 2895 2831 πάντα
2922 2782 3107 2850 μικρὸν
3137 2779 3247 2847 (40)
3279 2780 3493 2853 ὕστερον
3520 2779 3612 2831 οὐκ
3644 2780 3886 2854 ἐσόμενα.

2279 2867 2337 2918 Ἠ
2368 2869 2561 2918 τούτων
2603 2869 2768 2918 ἔννοια
2798 2869 3107 2941 παραμυθία
3148 2870 3280 2919 ἔστω
3329 2876 3421 2920 τοῦ
3466 2867 3885 2941 συμϐεϐηκότος.

2281 2960 2367 3013 Μὴ
2401 2956 2516 3007 καθ’
2561 2955 2714 3007 ἑαυτο
2761 2959 2936 3027 μέτρει
2981 2960 3038 3008 τὸ
3082 2958 3263 3016 πάθοςο
3313 2955 3571 3030 ἀφόρητον
3617 2961 3715 3031 γὰρ
3753 2960 3891 3011 οὕτω

2284 3050 2514 3118 φανεῖταί
2541 3066 2645 3098 σοι’
2681 3044 2806 3096 ἀλλὰ
2835 3053 2940 3106 τοῖς
2971 3043 3309 3120 ἀνθρωπίνοις
3338 3054 3471 3100 πᾶσι
3503 3053 3891 3122 συγκρίνουσα,

2284 3137 2509 3189 ἐντεῦθεν
2555 3137 2783 3210 εὑρήσεις
2839 3136 2998 3188 αὐτοῦ
3050 3141 3144 3195 τὴν
3194 3139 3552 3210 παραμυθίαν,
3603 3139 3717 3192 Ἐπὶ
3757 3145 3895 3192 πᾶσι

2285 3224 2345 3279 δε
2384 3225 2541 3279 ἐκεῖνο
2591 3226 2746 3279 εἰπεῖν
2795 3225 3021 3301 ἰσχυρὸν
3065 3228 3198 3297 ἔχω,
3245 3233 3421 3296 φεῖσαι
3467 3234 3557 3279 τοῦ
3598 3228 3891 3299 ὁμοζύγου·

2286 3315 2522 3378 ἀλλήλοις
2571 3317 2780 3387 γένεσθε
2806 3316 2935 3386 (Η)
2968 3318 3300 3391 παραμυθία⁸
3361 3320 3432 3389 μὴ
3484 3322 3719 3389 ποιήσῃς
3749 3318 3892 3388 αὐτῷ

2284 3406 2652 3481 χαλεπωτέραν
2681 3409 2776 3463 τὴν
2809 3407 3101 3479 συμφορὰν,
3133 3413 3205 3475 τῷ
3235 3406 3389 3457 πάθει
3430 3405 3615 3463 ἑαυτὴν
3659 3426 3892 3458 κατανα-

2284 3495 2546 3548 λίσκουσα
2574 3498 2709 3562 (42).
2759 3493 2926 3556 Ὀλως
2974 3490 3034 3547 δὲ
3072 3494 3166 3545 οὐκ
3206 3491 3352 3565 οζιιαι
3383 3494 3533 3565 λόγον
3565 3495 3796 3570 ἐξαρκεῖν
3823 3497 3895 3557 εἰς

2285 3586 2634 3659 παράκλησιν,
2669 3582 2779 3635 ἀλλ’
2821 3584 2987 3656 εὐχῇς
3017 3585 3251 3657 ἠγοῦμαι
3287 3590 3472 3658 χρείαν
3506 3591 3635 3637 εἶναι
3663 3590 3798 3658 πρὸς
3826 3589 3893 3637 τὰ

2284 3680 2537 3750 παρόντα.
2572 3677 2818 3746 Εὔχομαι
2866 3675 2953 3726 οὖν
3002 3673 3155 3726 αὐτὸν
3198 3676 3286 3726 τὸν
3336 3677 3546 3747 Κύριον,
3592 3683 3655 3748 τῇ
3710 3673 3893 3747 ἀφθίτῳ

2288 3764 2448 3817 αὐτοῦ
2481 3761 2700 3835 δυνάμει
2728 3762 3053 3835 ἐφαψάμενον
3084 3781 3179 3815 σου
3208 3770 3297 3823 τῆς
3325 3761 3571 3837 καρδίας,
3602 3763 3895 3836 ἐμποιῆσαι

2289 3862 2390 3927 φῶς
2416 3860 2479 3925 τῇ
2511 3852 2665 3925 ψυχῇ
2716 3872 2811 3905 σου
2854 3848 2949 3904 διὰ
2975 3859 3073 3904 τῶν
3116 3850 3321 3923 ἀγαθῶν
3346 3852 3638 3925 λογισμῶν,
3668 3854 3730 3904 ἶν’
3757 3856 3898 3906 οἶκο-

2292 3949 2372 4000 Θεν
2398 3949 2530 4018 ἔχῃς
2554 3952 2647 4006 τῆς
2676 3945 3009 4017 παραμυθίας
3038 3944 3132 4005 τὰς
3163 3941 3423 4017 ἀφορμάς.

2875 4126 3212 4175 ΕΠΙΣΤΟΛΗ
3252 4121 3322 4178 Ζ’.

528 4211 796 4268 Basilius
825 4213 1125 4284 signiﬁcat
1152 4214 1433 4283 futurum
1464 4228 1525 4268 se
1550 4212 1901 4283 providisse,
1944 4219 2011 4269 ut
2034 4216 2310 4283 penuria
2340 4213 2654 4271 verborum
2686 4218 3098 4277 accusaretur,
3130 4227 3238 4267 nec
3269 4216 3467 4267 tamen
3508 4211 3735 4267 idcirco
3766 4227 3909 4268 con-

598 4285 931 4359 sulentibus
962 4286 1442 4355 respondendum
1463 4300 1584 4341 non
1605 4300 1744 4341 esse.
1767 4286 2073 4341 Hortatur
2096 4286 2471 4359 Gregorium.
2506 4290 2570 4340 ut
2599 4290 2785 4340 totum
2807 4298 2867 4340 se
2888 4285 3093 4340 tradat
3120 4284 3393 4339 veritatis
3414 4284 3768 4352 defensioni,
3792 4300 3908 4341 nec

597 4371 658 4413 se
686 4358 982 4414 consulat.

1073 4429 1359 4499 Gregorio
1404 4428 1629 4485 sodali.

599 4519 679 4573 Ne
733 4521 859 4573 tum
906 4517 1156 4590 quidem
1199 4517 1596 4588 ignorabam,
1656 4533 1796 4574 cum
1856 4517 2182 4575 scriberem

599 4616 648 4650 ³³
686 4618 732 4672 ll
764 4617 948 4674 Mach.
974 4634 1075 4687 vn,
1108 4623 1125 4672 ί
1164 4632 1335 4689 seqq.

517 4774 525 4784 ,
598 4718 618 4738 ⁶
656 4713 818 4787 Alias
841 4718 903 4769 ll.
935 4716 1167 4787 Scripta
1192 4715 1427 4771 videtur
1450 4715 1511 4770 in
1534 4730 1797 4770 secessu.

599 4786 713 4860 (3_7)
753 4785 1079 4860 ’Δνθργωπίνῄ
1120 4788 1249 4859 ζωῇ.
1311 4788 1437 4842 Duo
1488 4785 1875 4843 vetustissimi
1922 4785 2179 4855 codices,

514 4856 708 4934 ,Harl”
731 4861 789 4913 et
820 4856 992 4915 Cdisl.
1027 4856 1544 4934 a’ivﬁpwtrivnggwﬁg.

572 4933 711 5016 ,(332
751 4934 888 5005 Πρὸς
925 4934 1010 4983 τὸν
1050 4927 1287 5005 οὐρανόν.
1336 4929 1515 4998 Harl.,
1557 4934 1614 4985 et
1643 4927 1956 4985 Medicaaus
1995 4928 2062 4988 εἰς
2098 4931 2182 4979 τὸν

528 5018 620 5055 ουρ
628 5020 766 5055 ανον.

591 5019 890 5144 ῗζόἵνὸὺδὲ
918 5074 1083 5134 οὗτος.
1128 5073 1219 5144 Sic
1259 5072 1439 5143 Harl.,
1473 5075 1529 5128 et
1573 5071 1746 5128 Coisl.
1780 5070 2011 5144 primus
2042 5087 2182 5126 cum

528 5142 721 5201 tribus
752 5144 905 5200 aliis.
941 5145 1091 5201 Editi
1112 5142 1236 5198 οὐδέ
1261 5142 1434 5204 αὐτόςζ

600 5217 705 5292 (4ο
732 5218 908 5292 nassa
936 5222 1139 5292 μικρὸν.
1172 5216 1264 5292 Sic
1306 5215 1484 5283 Harl.,
1530 5218 1586 5269 et
1633 5213 1805 5270 Coisl.
1849 5216 2097 5285 uterque
2129 5217 2183 5269 et

527 5290 646 5360 tres
678 5288 860 5360 Regii.
886 5288 1040 5360 Editi
1065 5294 1153 5340 καὶ
1179 5290 1575 5360 πάντα-μικροῦ.

599 5358 712 5430 (fit)
752 5355 1015 5433 ᾍλλὴλοις
1038 5361 1283 5433 γένεσθε.-
1303 5355 1419 5433 Sic
1434 5355 1569 5433 tres
1591 5355 1983 5433 vetustissimi
2014 5356 2179 5412 codi-

525 5426 624 5485 ces
652 5430 832 5496 Harl.,
864 5426 1132 5488 Coislsel
1160 5430 1313 5487 Med.
1341 5428 1492 5484 Editi
1523 5427 1761 5488 ἀλλήλοις
1795 5426 1930 5484 ἐστέ.

594 5502 710 5570 (42)
751 5503 1235 5555 Καταναλίσκουσα.
1290 5501 1564 5572 Quinque
1613 5499 1870 5567 codices,
1926 5515 2049 5555 non
2097 5505 2181 5555 ta-

524 5585 665 5625 men
696 5574 1104 5645 vetustissimi,
1138 5572 1515 5645 balisnouaa.

596 5646 711 5715 (t3)
747 5650 1045 5718 Γρηγορίῳ.
1088 5641 1190 5702 Ἰίει
1245 5644 1434 5701 codex
1494 5642 1811 5701 Vaticanus
1877 5647 1935 5699 et
2001 5641 2173 5698 Coisl.

2766 4432 3036 4501 Γρηγορίῳ
3075 4426 3263 4497 ἑταίρῳ
3292 4426 3429 4496 (43).

2365 4514 2505 4572 Οὐδὲ
2544 4521 2657 4569 τότε
2689 4516 2797 4587 (44)
2850 4516 3091 4588 ἠγνόουν,
3138 4518 3220 4569 ὅτε
3265 4515 3561 4568 ἐπέστελλον
3610 4523 3673 4589 τῇ
3724 4516 3902 4588 λογιό-

2294 4713 2529 4789 primus
2556 4711 2660 4789 qui
2687 4716 2891 4789 tamen
2919 4712 3091 4789 addit
3111 4712 3402 4789 ἐπισκοπῳῖ
3425 4711 3905 4789 (Ζοάλοθερῳηελδ

2293 4782 2976 4855 Gregorio'Nazianzeno
3001 4783 3158 4839 hanc
3190 4782 3504 4853 epistolam
3536 4782 3901 4855 inscribunt,

2291 4854 2396 4912 sed
2422 4854 2483 4912 in
2519 4855 2723 4911 codice
2746 4854 3152 4926 vetustissimo
3194 4855 3556 4912 (.oisliiiano
3588 4860 3723 4926 post
3759 4854 3903 4909 titu-

2286 4926 2415 4984 lum
2445 4926 2660 4995 legitur
2689 4925 2903 4981 eadem
2935 4942 3126 5000 manu
3150 4946 3238 4998 γρ.
3272 4926 3512 5000 Exige/pie,»
3539 4924 3903 5000 πρεσϐυτέρῳ,

2288 5001 2580 5068 scriptum
2597 4999 2921 5070 invenitur,
2938 4996 3203 5068 Evagrio
3221 4996 3587 5070 presbytero;
3616 4996 3729 5070 Sed
3756 4996 3907 5051 tanti

2289 5041 2521 5126 Hod’ést
2543 5069 2840 5140 ejusmodi
2861 5041 3311 5136 observatiOfut
3330 5041 3737 5139 htgcyepistola
3760 5070 3913 5121 Eva-

2290 5141 2420 5211 grio
2452 5142 2803 5212 presbytero
2849 5140 3070 5211 scripta
3121 5142 3320 5211 potius
3371 5140 3670 5212 videatur,
3712 5154 3912 5212 quam

2292 5210 2595 5282 Gregorio,
2636 5210 2729 5267 cui
2759 5217 2815 5287 et
2858 5210 3138 5267 veterum
3158 5213 3434 5287 codicum
3468 5210 3916 5287 testimonio_et

2289 5300 2402 5339 sua
2447 5290 2658 5354 sponte
2688 5285 2913 5355 optime
2959 5284 3254 5355 congruit.
3309 5283 3556 5350 Signata
3603 5286 3692 5336 est
3742 5283 3915 5355 enim

2290 5351 2626 5411 manifestis
2659 5351 2817 5410 no—tis
2866 5360 3089 5408 mutuas
3133 5354 3292 5409 illius
3325 5370 3548 5424 operae.
3572 5368 3762 5423 quam
3794 5351 3918 5424 sibi

2288 5428 2604 5496 Gregorius
2636 5432 2690 5481 et
2718 5425 2966 5482 Basilius
2997 5427 3056 5481 in
3085 5427 3269 5481 sacris
3291 5423 3497 5481 litteris
3527 5423 3913 5479 illustrandis

2289 5499 2627 5554 tradebant.

2359 5572 2466 5640 (44)
2505 5567 2644 5622 Οὐδὲ
2672 5573 2805 5623 τότε.
2838 5568 2927 5623 Sic
2957 5568 3226 5640 quinque
3267 5585 3412 5623 mss.
3448 5567 3710 5640 codices.
3750 5564 3917 5620 Editi

2287 5637 2553 5696 οὐδέποτε.
2583 5640 2671 5696 Ad
2701 5640 2830 5696 haec
2857 5637 3354 5697 verbaiu—codice
3382 5638 3730 5710 Regio,quo
3749 5653 3913 5694 usus
