4102 6194
260 307 364 363 345
746 334 751 345 ι
1297 305 1783 362 EPISTOLARUM
1820 304 2107 361 CLASSIS
2145 306 2186 358 I.
2230 304 2423 359 EPIST
2462 305 2601 358 VIII.
3537 306 3641 360 246

262 434 385 487 τητί
424 450 544 497 σου,
588 430 671 481 ὅτι
714 436 863 483 πᾶσα
902 429 1169 502 θεολογική
1203 433 1337 503 φώνὴ
1373 429 1587 483 ἐλάττων
1627 433 1716 501 μέν
1756 428 1857 481 ἐστι

1981 428 2317 501 prudentite
2347 430 2486 493 tute,
2505 441 2718 482 vocem
2750 442 2995 483 omnem
3023 426 3425 497 theologicam
3453 427 3644 501 impa-

1979 532 2110 573 rem
2156 532 2288 572 esse
2336 515 2685 585 cogitationi
2728 515 3003 587 dicentis,
3045 517 3343 588 imparem
3390 515 3642 573 interro-

1980 607 2180 676 gantis
2210 604 2525 661 desideriis
2552 622 2564 671 ;
2600 608 2922 676 propterea
2946 605 3116 677 quod
3145 621 3344 660 sermo
3375 605 3641 662 imbecil-

1977 695 2095 751 lius
2136 695 2339 751 nescio
2380 692 2695 766 quomodo
2744 693 2893 749 solet
2931 694 3203 763 cogitatis
3234 694 3414 750 rebus
3445 694 3638 752 inser-

1978 785 2119 841 vire.
2154 785 2211 841 Si
2241 800 2384 853 ergo
2434 783 2676 837 infirma
2704 782 2991 851 cogitatio
3041 788 3269 849 nostra,
3301 788 3359 838 et
3406 785 3637 853 cogita-

1979 874 2139 931 tione
2184 874 2429 929 inferior
2474 874 2718 941 lingua;
2753 873 2902 944 quid
2950 873 3433 944 exspectandum
3462 874 3639 930 nobis

1976 964 2088 1019 fuit
2114 964 2175 1018 in
2202 964 2271 1019 iis
2302 980 2439 1035 quas
2476 962 2895 1029 disseruimus,
2928 962 3043 1017 nisi
3072 962 3391 1033 penuriam
3418 963 3637 1018 verbo-

1976 1069 2114 1108 rum
2162 1052 2468 1122 objectum
2523 1052 2643 1106 iri?
2691 1054 2891 1123 Neque
2955 1056 3156 1106 tamen
3205 1050 3428 1106 idcirco
3465 1051 3637 1121 potui

1976 1141 2211 1197 silentio
2276 1141 2725 1213 praetermittere
2786 1139 2952 1212 quod
3018 1140 3425 1211 quaerebatur.
3484 1143 3635 1196 Nam

1974 1231 2337 1302 proditionis
2369 1229 2702 1302 periculum
2734 1235 2841 1298 est,
2878 1229 2927 1284 si
2970 1245 3095 1285 non
3124 1228 3380 1284 libenter
3417 1228 3637 1285 dentur

1974 1320 2051 1375 de
2094 1323 2210 1375 Deo
2247 1335 2543 1392 responsa
2586 1319 2681 1374 his
2721 1318 2823 1389 qui
2858 1320 3179 1374 Dominum
3223 1318 3498 1388 diligunt.
3532 1317 3637 1374 Illa

1973 1409 2176 1479 igitur,
2217 1410 2339 1464 sive
2372 1409 2515 1464 satis
2546 1424 2679 1463 esse
2708 1407 3045 1472 videantur,
3094 1408 3221 1463 sive
3251 1407 3430 1463 etiam
3460 1423 3635 1463 accu-

1972 1499 2192 1554 ratiore
2243 1498 2516 1570 quodam
2565 1497 2981 1553 additamento
3030 1496 3361 1566 indigeant,
3394 1500 3632 1568 tempus

1972 1588 2309 1660 proprium,
2335 1596 2399 1641 ut
2431 1586 2847 1654 emendentur,
2876 1586 3200 1657 postulant.
3231 1585 3403 1651 Quod
3427 1591 3631 1641 autem

1972 1692 2136 1731 nunc
2162 1676 2240 1732 ad
2287 1692 2412 1731 rem
2445 1676 2672 1741 attinet,
2708 1676 3022 1729 hortamur
3061 1679 3135 1741 te,
3171 1675 3401 1744 utijam
3451 1676 3630 1731 etiam

1905 1785 1944 1838 B
1970 1766 2189 1822 hortati
2220 1766 2549 1833 sumusLut
2581 1770 2768 1819 totum
2802 1770 2853 1818 te
2894 1764 3153 1819 veritatis
3179 1764 3533 1834 defensioni,
3560 1780 3632 1821 ac

1972 1855 2237 1910 motibus
2269 1854 2455 1909 menti
2492 1859 2604 1909 tuae
2636 1854 2714 1909 ad
2738 1854 2970 1908 bonum
3004 1844 3433 1910 stabiliendum
3453 1872 3489 1910 a
3511 1857 3629 1910 Deo

1972 1944 2278 2015 impressis
2312 1942 2535 2010 tradas,
2563 1943 2657 1997 his
2691 1948 3007 1997 contentus
3030 1958 3138 1996 nec
3168 1943 3429 2013 amplius
3459 1943 3631 2014 quid-

1973 2050 2158 2105 quam
2190 2050 2225 2088 a
2256 2033 2430 2088 nobis
2480 2033 2791 2104 requirens
2819 2050 2830 2085 :
2863 2032 2967 2104 qui
3000 2048 3138 2086 cum
3171 2032 3359 2087 multo
3389 2032 3627 2087 inferio-

1973 2139 2066 2179 res
2096 2124 2285 2177 simus
2312 2139 2498 2194 quam
2521 2122 2655 2191 quis
2680 2122 2972 2193 suspicari
2997 2121 3205 2192 possit,
3230 2120 3628 2176 imbecillitate

1974 2218 2181 2269 nostra
2226 2211 2565 2267 doctrinam
2596 2210 2874 2266 laedimus
2904 2210 3124 2279 magis,
3163 2225 3346 2280 quam
3396 2211 3629 2265 roboris

1975 2302 2201 2374 aliquid
2234 2300 2566 2373 patrocinio
2598 2307 2804 2356 nostro
2836 2299 3118 2356 addimus
3143 2299 3396 2355 veritati.

832 2416 1169 2464 ΕΠΙΣΤΟΛΙῙ
1210 2412 1291 2465 Π’.

2528 2410 2865 2463 EPISTULA
2909 2408 3064 2462 VIII'.

254 2516 585 2571 Perculsus
607 2532 749 2571 casu
772 2518 1086 2585 inopinato
1110 2520 1395 2587 Basilius,
1416 2535 1547 2573 cum
1571 2534 1630 2573 se
1650 2519 1730 2574 ad
1746 2519 2095 2587 Gregorium
2120 2518 2449 2585 recepisset,
2468 2516 2825 2571 desiderium
2849 2530 3090 2569 suorum
3114 2515 3206 2570 his
3229 2516 3442 2571 litteris
3464 2516 3630 2584 lenit,

344 2603 575 2657 eosque,
601 2588 881 2644 admonet
904 2596 967 2643 ut
996 2597 1247 2645 caveant
1271 2592 1345 2645 ab
1366 2592 1638 2645 Arianis.
1668 2594 1848 2644 Deum
1874 2592 2140 2651 Patrem,
2160 2591 2345 2644 Deum
2372 2589 2616 2653 Filium,
2641 2589 2822 2642 Deum
2843 2587 3136 2655 Spiritum
3157 2594 3431 2641 sanctum
3454 2589 3632 2656 conﬁ-

326 2664 439 2714 teri
466 2667 743 2726 oportere
764 2662 995 2716 statuit.
1030 2663 1170 2717 Tres
1193 2662 1327 2717 deos
1359 2662 1746 2730 afﬁgentibus
1772 2662 2105 2731 respondet.
2132 2662 2318 2715 Deum
2351 2667 2597 2728 natura,
2622 2676 2742 2713 non
2771 2674 3021 2713 numero
3048 2674 3234 2713 unum
3264 2659 3418 2731 dici:
3439 2661 3634 2715 simile

320 2737 389 2803 et
408 2731 701 2785 dissimile
730 2734 947 2799 rejicit,
968 2733 1341 2789 identitatem
1366 2734 1716 2789 substantia:
1746 2736 2017 2803 requirit,
2045 2747 2116 2786 ac
2142 2733 2366 2786 Filium
2396 2732 2576 2785 Patri
2595 2745 2715 2785 esse
2745 2731 3313 2803 consubstantialem
3334 2730 3632 2787 declarat.

317 2802 515 2857 Plura
544 2803 839 2871 explanat
867 2803 1199 2873 Scriptura:
1231 2806 1359 2861 loca
1382 2805 1456 2861 ab
1483 2802 1852 2871 adversariis
1884 2804 2137 2874 objecta.
2186 2803 2454 2873 Denique
2478 2803 2674 2857 sancti
2699 2803 2962 2870 Spiritus
2990 2802 3364 2855 divinitatem
3391 2802 3630 2870 probat.

1970 2910 2270 2979 Apologia
2316 2909 2389 2964 de
2440 2922 2667 2964 secessu
2713 2907 2796 2962 ad
2840 2907 3255 2975 Caesarienses,
3302 2912 3358 2962 et
3404 2907 3476 2962 de
3515 2907 3635 2975 ﬁde

2582 2979 3004 3047 pertractatio.

2046 3074 2092 3123 l.
2136 3070 2305 3141 Saepe
2337 3068 2592 3123 miratus
2622 3084 2777 3133 sum,
2807 3082 2914 3121 cur
2944 3082 3014 3121 eo
3046 3065 3171 3120 sitis
3200 3064 3262 3120 in
3292 3081 3389 3121 me
3421 3064 3626 3120 animo

1969 3158 2187 3227 affecti,
2223 3162 2279 3213 et
2310 3157 2468 3212 unde
2502 3173 2610 3212 vos
2641 3156 2901 3212 tenuitas
2932 3161 3163 3223 nostra,
3187 3171 3381 3227 eaque
3412 3154 3631 3224 exigua

1968 3252 2025 3303 et
2054 3248 2296 3303 modica
2318 3264 2387 3303 ac
2418 3246 2669 3302 fortasse
2692 3244 2839 3300 nihil
2869 3244 3102 3299 habens
3135 3243 3414 3315 amabile,
3441 3248 3630 3299 tanto-

1966 3353 2108 3410 pere
2123 3337 2350 3410 capiat;
2376 3352 2613 3409 nosque
2639 3334 3021 3391 sermonibus
3036 3334 3463 3401 adhortemini,
3480 3333 3628 3390 ami-

1968 3429 2167 3483 citiam
2192 3434 2247 3483 et
2269 3428 2526 3500 patriam
2552 3424 3313 3494 commemorantes,veluti
3337 3424 3627 3498 profugos

1966 3517 2268 3591 quosdam
2301 3516 2567 3587 paternis
2595 3514 2922 3570 visceribus
2944 3514 3021 3569 ad
3047 3531 3152 3569 vos
3175 3530 3382 3570 rursus
3408 3529 3628 3570 conan-

1968 3612 2053 3662 tes
2086 3622 2388 3662 revocare.
2424 3606 2535 3676 81
2576 3607 2697 3674 Ego
2730 3608 2931 3659 autem
2982 3602 3311 3676 profugum
3355 3620 3453 3659 me
3497 3613 3624 3658 esse

1965 3696 2176 3760 fateor,
2210 3713 2406 3768 neque
2436 3695 2781 3765 negaverim
2809 3712 2821 3748 :
2855 3694 2963 3749 sed
2988 3695 3117 3765 jam
3153 3710 3421 3765 causam,
3449 3696 3497 3750 si
3526 3710 3623 3749 cu-

1964 3788 2121 3860 pitis,
2155 3786 2449 3841 ediscetis.
2484 3785 2731 3841 Maxime
2761 3784 3009 3856 quidem
3038 3800 3098 3839 re
3128 3784 3440 3861 inopinata
3480 3788 3622 3840 tunc

1914 3934 1919 3939 ,
1964 3876 2294 3949 perculsus,
2319 3874 2844 3947 quemadmodum
2873 3873 2976 3945 qui
3006 3873 3085 3928 ob
3110 3873 3453 3945 repentinos
3480 3878 3623 3930 stre-

1960 3965 2120 4037 pitus
2160 3964 2317 4019 illico
2361 3968 2793 4036 expavescunt,
2829 3978 2951 4018 non
2996 3961 3358 4018 cohibebam
3399 3963 3621 4034 cogita-

1960 4054 2172 4121 tiones,
2200 4052 2307 4107 sed
2338 4051 2615 4121 elongavi
2659 4051 2914 4122 fugiens,
2950 4068 3020 4107 ac
3058 4056 3327 4123 tempore
3359 4050 3548 4108 multo
3582 4069 3618 4109 a

1957 4142 2132 4198 vobis
2163 4142 2349 4198 abfui.
2385 4141 2608 4197 Deinde
2645 4156 2785 4195 vero
2817 4145 2871 4196 et
2902 4140 3271 4196 desiderium
3299 4140 3613 4213 quoddam

260 527 356 580 τῆς
406 516 648 580 διανοίας
692 527 782 571 τοῦ
827 519 1083 592 λέγοντος,
1129 519 1348 572 ἕλάττων
1390 516 1449 572 δε
1487 528 1581 579 τῆς
1623 526 1714 571 τοῦ
1764 516 1866 572 ἐπι.

266 610 548 670 ζητοῦντος
576 608 855 681 ἐπιθυμίας
879 631 891 643 ο
934 607 1077 663 διότι
1108 611 1132 662 ὀ
1162 610 1314 682 λόγος
1352 608 1716 684 ἀσθενέστερόν
1762 626 1872 668 πως

262 704 457 769 πέφυκε
512 694 875 751 διακονεῖσθαι
926 706 1032 760 τοῖς
1069 705 1382 772 νοουμένοις.
1426 701 1484 753 Ei
1522 695 1609 750 οὖν
1650 697 1872 760 ἀσθενὴς

264 790 408 860 ἡμῶν
459 790 488 845 ἡ
544 784 771 859 διάνοια,
825 787 1047 841 ἐλάττων
1105 786 1164 841 δὲ
1213 792 1407 849 ταύτης
1456 791 1485 846 η
1541 788 1778 859 γλῶσσα,
1818 792 1871 840 τί

262 876 429 950 ἐχρῆν
473 874 777 951 προσδοκῷ
819 880 961 949 ἡμᾶς
1009 878 1089 930 ἐπὶ
1134 886 1243 940 τοῖς
1274 878 1581 952 εἰρημένοις,
1614 882 1703 928 καὶ
1742 876 1869 949 οὐχὶ

261 971 438 1019 πενίαν
505 966 932 1036 ἐγκληθησεσθαι
990 967 1201 1039 λόγωνς
1264 968 1338 1019 Οὐ
1402 972 1504 1039 μὴν
1565 969 1750 1019 τούτου
1810 986 1870 1037 γε

261 1056 423 1107 ἕνεκεν
490 1052 711 1107 δυνατόν
772 1053 834 1113 ἦν
903 1064 1075 1128 σιωπῇ
1136 1056 1406 1131 παρελθεῖν
1464 1059 1521 1109 τὸ
1580 1056 1867 1116 ἕπιζητού-

260 1164 408 1215 μενον
451 1146 586 1215 (45).
624 1142 875 1207 Κίνδυνος
917 1149 1017 1221 γὰρ
1058 1142 1371 1219 προδοσίας,
1406 1144 1453 1196 ἐν
1493 1153 1565 1215 τῷ
1610 1150 1679 1217 μὴ
1714 1164 1867 1218 περο-

259 1238 455 1307 χειρως
507 1230 828 1286 ἀποδιδόναι
888 1238 982 1297 τὰς
1040 1240 1160 1307 περὶ
1216 1242 1349 1288 Θεοῦ
1404 1234 1707 1308 ἀποκρίσεις
1758 1242 1868 1296 τοῖς

261 1321 509 1394 ἀγαπῶσι
561 1326 647 1374 τόν
700 1326 910 1396 Κύριον.
960 1324 1157 1376 Ἐκεῖνα
1204 1328 1293 1395 μεν
1332 1321 1440 1389 οὖν,
1494 1326 1594 1375 εἱτε
1642 1322 1867 1397 ἀρκούν-

262 1432 357 1472 τως
397 1415 538 1483 ἔχειν
587 1409 751 1479 δοκεῖ,
805 1417 904 1466 εἴτε
956 1420 1044 1465 καὶ
1084 1412 1456 1487 ἀκριϐεστέρας
1508 1418 1647 1475 τινός
1695 1432 1865 1486 προσ-

261 1504 431 1563 θήκης
477 1498 670 1566 δεῖται,
718 1511 904 1575 καιροῦ
954 1500 1095 1555 ἰδίου
1141 1506 1267 1577 πρὸς
1315 1500 1599 1577 διόρθωσιν
1646 1503 1861 1575 χρῄζει.

257 1595 328 1644 Τό
378 1588 439 1643 δε
485 1599 573 1643 νῦν
625 1595 768 1663 ἔχον,
817 1593 1217 1667 παρακαλοῦμεν
1270 1612 1347 1659 σε,
1390 1592 1415 1643 ὃ
1462 1598 1552 1644 καὶ
1587 1592 1863 1664 παρεκαλέ-

258 1700 423 1752 σαμεν
454 1678 585 1743 ἤδη,
619 1689 834 1754 χρῆσαι
866 1686 1082 1733 σεαυτόν
1132 1682 1426 1755 ὁλοκλήρως
1470 1689 1530 1753 τῇ
1577 1687 1865 1753 συνηγορίᾳ

254 1778 355 1829 τῆς
388 1768 648 1833 ἀληθείας,
687 1776 778 1822 καὶ
816 1778 927 1831 ταῖς
967 1772 1076 1841 (46)
1118 1775 1261 1845 παρὰ
1304 1779 1395 1822 τοῦ
1435 1778 1567 1823 Θεοῦ
1604 1769 1862 1842 ἐγγινομέ-

251 1878 369 1920 ναις
420 1868 482 1930 τῇ
538 1856 747 1931 διανοίᾳ
806 1879 900 1912 σου
951 1862 1132 1933 ὁρμαῖς
1188 1864 1315 1935 πρὸς
1368 1865 1461 1918 τὴν
1518 1868 1608 1911 τοῦ
1667 1858 1862 1931 ἀγαθοῦ

250 1952 546 2015 σύστασιν,
575 1952 791 2009 ταύταις
836 1947 1147 2023 ἀρκούμενον
1196 1954 1284 2001 καὶ
1336 1950 1459 2023 παρ’
1504 1952 1649 2021 ἡμῶν
1698 1946 1863 2020 μηδὲν

250 2034 608 2098 ἐπιζητοῦντα
637 2036 784 2089 πλέον
812 2058 823 2070 '
867 2036 934 2103 οἱ,
976 2039 1144 2109 πολλῷ
1176 2038 1417 2099 ἰλάττους
1451 2043 1586 2099 ὄντες
1619 2046 1712 2097 τῆς
1742 2039 1864 2089 υπο-

251 2130 427 2186 νοίας,
476 2124 773 2198 βλάπτομεν
829 2126 1017 2198 μᾶλλον
1071 2135 1131 2198 τῇ
1199 2128 1321 2201 παρ’
1381 2127 1572 2179 ἑαυτῶν
1627 2125 1866 2197 ἀσθενείᾳ

250 2214 545 2283 τὸνλόγον,
580 2220 609 2272 ἧ
653 2235 768 2266 τινα
801 2216 961 2286 ἰσχὺν
1013 2212 1105 2268 διὰ
1154 2225 1247 2278 τῆς
1300 2222 1609 2290 συνηγορίας
1637 2224 1697 2287 τῇ
1734 2215 1863 2272 ἁλη-

255 2303 374 2373 θεία
402 2306 762 2375 προστίθεμεν.

230 2914 356 2970 Τοῖς
386 2914 744 2983 Καισαρεῦσιν
763 2910 877 2978 (47)
898 2907 1153 2979 ἀπολογία
1180 2916 1295 2984 περὶ
1324 2918 1419 2971 τῆς
1438 2909 1692 2984 ἀποχῶρη
1706 2931 1803 2964 σεω
1814 2932 1853 2981 ς,

801 2986 891 3031 καὶ
924 2986 1042 3054 περὶ
1070 2980 1314 3043 πίστεώς.
1631 2980 1638 2983 ’
1838 2980 1845 2981 ί
1900 2989 1939 3044 C

315 3072 365 3123 I.
413 3066 670 3127 Πολλάκις
717 3066 1011 3140 ἐθαύμασα,
1047 3075 1095 3121 τί
1142 3090 1263 3123 ποτε
1315 3074 1443 3145 πρὸς
1489 3074 1629 3143 ἡμᾶς
1676 3075 1858 3123 πεπόν-

239 3160 390 3227 θατε,
426 3163 517 3209 καὶ
562 3159 714 3210 πόθεν
762 3167 1009 3211 τοσοῦτον
1055 3162 1285 3218 ἡττᾶσθε
1314 3162 1425 3233 (48)
1470 3171 1563 3223 τῆς
1610 3164 1857 3235 ἡμετέρας

240 3245 618 3321 βραχύτητος,
662 3255 749 3307 τῆς
787 3254 976 3321 μικρᾶς
1014 3254 1104 3301 καὶ
1159 3249 1339 3321 ὀλίγης
1388 3256 1477 3302 καὶ
1525 3248 1674 3303 οὐδὲν
1730 3254 1858 3311 ἴσως

242 3334 480 3407 ἐχούσης
530 3335 813 3408 ἐράσμιον,
871 3342 957 3388 καὶ
1018 3337 1193 3409 λόγοις
1262 3341 1400 3411 ἡμᾶς
1462 3342 1854 3414 προτρέπεσϐε,

243 3426 421 3498 φιλίας
470 3445 523 3477 τε
564 3430 652 3477 καὶ
691 3422 949 3498 πατρίδος
999 3429 1504 3500 ὑπομιμνήσκοντες,
1538 3432 1708 3503 ῶσπερ
1762 3450 1856 3501 φυ·

240 3512 422 3586 γάδας
488 3518 633 3577 τινὰς
700 3522 977 3588 πατρίκοίς
1045 3517 1391 3589 σπλάγχνοις,
1452 3523 1582 3593 πρὸς
1645 3519 1857 3581 ἑαυτοὺς

246 3604 404 3656 πάλιν
449 3604 773 3677 ἐπιστρέφειν
818 3607 933 3675 (49)
978 3613 1305 3680 πειρώμενοι.
1359 3608 1488 3679 Ἐγὼ
1553 3605 1611 3661 δε
1661 3612 1718 3661 τὸ
1765 3613 1855 3682 μὲν

250 3697 417 3765 γυγάς
461 3699 721 3765 γεγονέναι
775 3694 1033 3767 ὁμολογῶ,
1087 3702 1175 3749 καὶ
1238 3697 1331 3749 οῦκ
1390 3696 1703 3771 ἀρνηθείην³
1760 3704 1854 3757 τὴν

246 3779 310 3835 δ”ε
367 3783 537 3833 αἰτίαν
576 3784 781 3855 μάθοιτ’
808 3782 868 3834 ἂν
930 3781 1037 3842 ἤδη
1097 3788 1391 3847 ποθοῦντες.
1453 3787 1699 3840 Μάλιστα
1763 3790 1853 3861 μὶν

238 3879 315 3941 τῷ
365 3868 613 3943 ἀδοκήτῳ
670 3877 784 3924 τότε
835 3872 1074 3945 πληγεὶς,
1136 3876 1369 3947 καθάπερ
1423 3878 1471 3927 οἱ
1526 3884 1635 3936 τοῖς
1689 3876 1853 3948 αἰφνι-

241 3958 389 4021 δίοις
449 3961 635 4032 ψόφοις
703 3960 903 4036 ἀθρόως
965 3962 1418 4035 καταπλαγέντες,
1474 3964 1531 4016 οὗ
1589 3970 1849 4038 κατέσχον

235 4054 364 4112 τοῦς
411 4050 715 4123 λογισμοὺς,
765 4050 871 4102 ἀλλ’
927 4050 1190 4125 ἐμάκρυνα
1246 4049 1575 4125 φυγαδεύων,
1622 4060 1710 4106 καί
1760 4055 1850 4112 ηὐ-

232 4140 433 4197 λίσθην
484 4145 677 4213 χρόνον
730 4143 903 4193 ἱκανόν
951 4140 1036 4213 ἀφ’
1080 4143 1242 4214 ὑμῶν,
1296 4146 1474 4195 ἔπειτα
1515 4140 1575 4196 δὲ
1621 4150 1710 4197 καὶ
1758 4149 1847 4197 πό-

234 4270 331 4346 est
353 4263 779 4346 Combeﬁsius,
803 4264 1099 4346 scholium
1129 4266 1442 4346 quoddam
1471 4266 1848 4346 decl‘aratpa-
1885 4344 1896 4346 ῃ
1959 4268 2055 4346 cui
2081 4273 2333 4346 praeerat
2367 4266 2634 4346 Basilius,
2664 4267 2914 4346 scripta;
2947 4280 3058 4346 nec
3089 4265 3341 4346 Basilius
3371 4281 3446 4321 ex
3466 4265 3612 4346 urbe

239 4337 446 4408 silium
479 4336 921 4408 hac_sententia
960 4337 1061 4403 uti,
1096 4336 1201 4393 sed
1243 4337 1453 4408 fusius,
1482 4338 1539 4393 in
1572 4339 1845 4407 llomilia,
1882 4344 1924 4398 D
1957 4340 2019 4395 in
2059 4336 2467 4406 solitudinem,
2500 4343 2563 4393 ut
2595 4336 2810 4392 eruditi
2860 4336 2965 4392 viri
3010 4336 3303 4408 hactenus
3347 4336 3614 4392 credide-

237 4406 783 4480 qumiinscribitur,
817 4408 1047 4463 Christi
1086 4406 1689 4479 generatio.’Legitur
1720 4406 1847 4467 haec

236 4478 499 4535 bomilia
530 4490 677 4533 tom.
713 4482 777 4543 ll,
814 4494 871 4549 p.
904 4483 1007 4545 59;
1040 4486 1097 4535 ct
1142 4481 1305 4551 quod
1340 4480 1398 4536 in
1432 4478 1658 4537 scho1io
1689 4482 1846 4538 indi-

238 4558 449 4606 catum
479 4554 589 4615 est,
620 4550 934 4619 reperitur,
962 4567 1022 4605 n.
1060 4556 1081 4605 l
1121 4550 1178 4606 et
1205 4556 1256 4605 2.

315 4624 433 4689 (45)
472 4625 543 4672 Τὸ
588 4620 1007 4693 ἐπιζητούμενον.
1043 4623 1313 4687 Quatuor
1356 4639 1499 4678 mss.
1534 4638 1657 4679 oon
1701 4624 1848 4681 anti4

238 4711 279 4766 q
292 4692 527 4748 uissimi
562 4696 617 4743 τό
661 4693 992 4764 ζητούμενον.

317 4766 431 4833 (46)
476 4769 576 4837 Καί
610 4771 741 4837 ταῖς.
778 4766 949 4837 Deest
974 4765 1149 4837 mtin
1180 4764 1420 4837 duobus
1455 4783 1599 4821 mss.
1626 4766 1846 4837 Regiis.

242 4836 494 4890 Videtur
540 4834 801 4890 deletum
834 4836 1015 4890 fuisse
1065 4836 1125 4891 in
1173 4836 1483 4893 Harlreano
1528 4834 1754 4905 codice,
1786 4840 1847 4893 in

238 4922 367 4980 quo
414 4906 547 4961 haec
585 4906 839 4980 epistola
876 4908 1199 4980 recentiore
1242 4910 1697 4980 manuscripta
1739 4916 1843 4966 est.

240 4977 486 5051 Ὀρμαῖς,
517 4978 797 5051 motibus.
830 4977 1039 5051 Melius
1076 4978 1241 5049 forte,
1275 4980 1323 5034 si
1358 4977 1665 5042 reddatur.
1694 4998 1849 5049 pra:-

240 5048 439 5123 sidiis.
481 5048 689 5123 “Paulo
742 5055 874 5120 post
927 5050 1187 5123 legimus
1228 5048 1315 5105 ex
1369 5053 1638 5123 quinque
1695 5048 1843 5107 mss.

242 5120 417 5190 πολλῷ
473 5119 883 5191 ἐλάττουςίριιο
946 5120 1163 5175 πολλῶν.
1225 5125 1349 5178 Duo
1390 5119 1559 5178 ’mss.‘
1611 5124 1847 5180 codices

240 5193 476 5248 habent
508 5190 748 5262 ἀσθενείᾳ
776 5190 884 5242 τῶν
914 5191 1099 5263 λόγων.
1674 5252 1679 5259 .

310 5269 435 5331 (47)
476 5269 599 5324 Τοῖς
634 5269 1008 5337 Καισαρεῦσιν)
1032 5262 1332 5337 Quamvis
1372 5264 1468 5319 hic
1515 5265 1718 5321 titulus
1748 5267 1849 5321 Ba-

242 5336 356 5390 silii
406 5333 720 5390 sententiae
767 5333 835 5390 ac
880 5333 1078 5390 verbis
1118 5340 1430 5407 repugnet,
1469 5353 1607 5392 eum
1646 5343 1849 5394 tamen

239 5408 637 5479 retinuimus,
659 5411 973 5477 propterea
1007 5407 1173 5479 quod
1199 5408 1487 5479 reperitur
1516 5408 1577 5463 in
1606 5408 1849 5465 duobus

240 5478 563 5535 codicibus
606 5493 758 5532 mss.
805 5480 945 5546 Reg.
997 5483 1053 5531 et
1100 5477 1282 5551 Harl;
1324 5480 1586 5551 exceptis
1630 5480 1852 5536 ultimis

244 5551 465 5611 verbis,
506 5554 599 5600 καὶ.
643 5552 761 5621 περὶ
810 5553 1051 5621 πίστεῳς.
1083 5564 1218 5621 quae
1247 5549 1486 5621 desunt.
1517 5555 1695 5608 Porro
1725 5553 1853 5607 haec

240 5621 504 5695 epistola
517 5634 647 5677 non
659 5619 738 5676 ad
760 5619 1287 5689 Ctesariensés,sed
1299 5620 1378 5677 ad
1398 5624 1851 5690 monasterium,

1957 4417 2114 4473 runt,
2131 4410 2237 4465 sed
2258 4411 2457 4481 potius
2478 4408 2536 4463 in
2561 4408 2772 4463 urbem
2796 4407 3207 4481 exsolitudine
3230 4406 3609 4481 discesserat.

1957 4484 2101 4538 Petit
2131 4477 2293 4537 enim
2342 4486 2407 4536 ut
2451 4480 2562 4535 sibi
2607 4480 2960 4551 aliquandiu
2989 4479 3175 4551 liceat,
3203 4477 3438 4549 abesse,
3489 4496 3608 4535 non

1957 4556 2119 4625 quod
2148 4556 2212 4609 in
2256 4553 2403 4608 urbe
2431 4552 2969 4617 commorationem,
3011 4550 3224 4625 inquit,
3253 4551 3607 4625 ambiamus.

1957 4623 2061 4681 sed
2084 4626 2243 4697 quod
2286 4626 2517 4681 versari
2549 4640 2682 4679 cum
2730 4626 2957 4697 sanctis
3002 4624 3199 4697 longe
3223 4623 3605 4697 utilissimum

1948 4692 2311 4775 judicerntts.
2361 4698 2497 4775 Erat
2546 4711 2689 4775 ergo
2738 4694 2799 4775 in
2856 4694 3059 4775 aliqua
3112 4692 3608 4775 urbe‘,“videlice't

1958 4762 2229 4824 Nazianzi
2259 4782 2396 4821 cum
2426 4762 2724 4835 Gregorio.
2763 4765 2933 4830 Quod
2956 4762 3165 4820 autem
3197 4762 3385 4831 addit,
3417 4765 3608 4821 homi-

1957 4855 2065 4895 nes
2091 4839 2332 4893 urbium
2359 4837 2655 4892 desiderio
2692 4852 2726 4891 a
2759 4835 3025 4904 maligno
3066 4835 3283 4906 decipi,
3317 4852 3441 4891 non
3473 4852 3605 4891 con-

1958 4910 2211 4981 gruebat
2229 4910 2359 4965 hac
2379 4908 2710 4964 admonitio
2728 4907 2963 4981 civibus
2985 4907 3605 4981 Qmsariensibustsed

1958 4978 2160 5061 potius
2188 4982 2524 5061 monachis,
2545 4994 2886 5061 quossaepe
2907 4978 3189 5061 diabolus
3212 4978 3327 5058 hoc
3354 4979 3604 5061 artificio

1956 5049 2255 5109 retrahere
2286 5049 2664 5107 e'solitudine
2709 5049 2997 5122 tentabat,
3031 5055 3096 5105 ut
3122 5049 3383 5122 perspici
3410 5056 3607 5121 potest

1955 5124 2112 5181 infra
2142 5140 2215 5179 ex
2244 5122 2501 5194 Epistola
2531 5123 2607 5177 ad
2635 5121 2962 5177 Chilonem.

2030 5198 2140 5266 (48)
2177 5190 2449 5247 Ἠτξᾱσθε.
2487 5193 2579 5250 Sic
2605 5197 2746 5263 Reg.
2779 5198 2838 5266 et
2866 5191 3019 5266 Harl.
3050 5190 3200 5266 Editi
3227 5193 3474 5266 ἦττησθε.
3511 5191 3603 5266 Sic

1959 5262 2136 5322 etiam
2179 5266 2492 5334 Gregorius
2526 5268 2660 5320 Naz.
2694 5262 2799 5336 qui
2827 5264 3008 5334 hujus
3046 5262 3311 5334 epistolae
3356 5262 3604 5318 exordio

1958 5339 2142 5394 utitur
2168 5354 2276 5408 pro
2304 5353 2413 5392 suo
2440 5337 2499 5391 in
2530 5336 2799 5392 oratione
2827 5340 2916 5391 27.

2029 5410 2143 5481 (49)
2170 5403 2548 5483 ”Επιστρέφειν,
2572 5408 3069 5483 ‘Patriamuvocat
3108 5403 3362 5483 Basilius
3382 5403 3607 5483 locum

1960 5475 2187 5548 in'quo
2232 5475 2520 5535 educatus
2563 5478 2775 5534 fuerat.
2824 5477 2965 5532 Vide
3013 5480 3142 5532 Not.
3181 5476 3259 5532 ad
3298 5475 3471 5548 epist.
3514 5480 3602 5534 87-

1963 5548 2312 5624 Paulopost
2336 5551 2477 5607 editi
2506 5550 2737 5624 ἕπεισῄει
2762 5565 2774 5615 ;
2813 5565 2957 5605 mss.
2978 5552 3056 5624 Alit
3083 5548 3147 5604 in
3175 5551 3354 5607 textu.

2034 5624 2051 5644 ·
2083 5622 2241 5680 Alias
2274 5626 2450 5681 CXLI.
2482 5622 2710 5693 Scripta
2738 5635 2899 5677 anno
2931 5622 3052 5675 360.
