4102 6194
489 296 592 352 247
1860 288 1915 344 S.
1960 286 2209 342 BASILII
2246 285 2483 341 MAGNI.
3747 290 3853 343 253

490 420 672 475 subiit
699 420 847 476 mihi
887 434 1201 477 sacrorum
1232 419 1609 488 dogmatum,
1641 420 1698 471 et
1743 410 2110 486 philosophi:

2276 411 2343 470 ὶος
2386 430 2463 471 τις
2511 411 2749 481 ύπεισῄει
2793 429 2894 481 μου
2946 416 3042 460 τῶν
3093 410 3238 461 θείων
3289 405 3588 481 δογμᾶτων,
3619 416 3709 463 καὶ
3758 421 3896 473 τῆςκνι

488 525 623 581 quae
663 509 822 565 circa
850 509 951 565 illa
1000 514 1286 565 versatur.
1317 505 1633 572 Quomodo
1682 504 1843 558 enim
1892 501 2108 572 possim

2256 505 2373 574 περὶ
2421 499 2589 552 ἐκεῖνα
2639 498 2964 571 φιλοσοφίας.
3006 506 3118 558 Πῶς
3165 502 3264 571 γὰρ
3317 498 3376 549 ἆν
3427 495 3688 572 δυναίμην
3719 504 3854 573 (50),

490 598 748 664 aiebam,
784 599 1160 655 habitantem
1191 598 1250 652 in
1282 595 1458 651 nobis
1508 594 1799 650 malitiam
1848 592 2097 647 domare

2256 592 2376 660 ἔφην
2430 587 2549 659 ἐγὼ,
2597 597 2861 661 κρατῆσαι
2918 596 3005 648 τῦς
3048 591 3397 649 συνοικούσης
3450 591 3573 661 ἡμῖν
3630 596 3853 661 κακίας;

492 689 637 754 Quis
665 690 812 744 mihi
843 689 946 744 ﬁat
984 687 1204 752 Laban,
1238 686 1498 741 liberans
1532 700 1626 738 me
1657 684 1734 738 ab
1768 685 1923 736 Esau
1967 685 2112 751 atqu

2254 683 2341 738 Τίς
2390 674 2460 729 δι’
2497 680 2558 729 ἄν
2605 698 2696 750 μοι
2743 683 2955 749 γένηται
3012 677 3213 744 Λάϐαν,
3262 676 3597 730 ἀπαλλάττων
3646 701 3708 753 με
3762 688 3856 733 τοῦ

491 780 569 836 ad
614 795 942 851 supernam
974 776 1423 850 philosophiam
1455 774 1766 830 deducens
1793 774 1819 828 ?
1850 771 2111 836 Quonim:

2253 764 2459 833 Ἡσαῦ,
2505 772 2595 818 καὶ
2648 770 2776 841 πρὸς
2833 772 2926 824 τὴν
2986 765 3228 819 ἀνωτάτω
3291 767 3594 839 φιλοσοφίαν
3652 767 3858 822 παιδα-

492 872 717 931 autem,
746 870 863 921 Deo
887 866 1090 931 dante,
1123 866 1246 920 voti
1277 868 1605 934 compotes,
1633 866 1932 931 quantum
1960 858 2112 914 licuil

2256 864 2477 928 γωγῶν;
2540 856 2673 909 Ἀλλ’
2737 853 2915 915 ἐπειδὴ
2980 861 3072 908 σῦν
3131 864 3244 926 Θεῷ
3302 865 3395 908 τοῦ
3459 867 3657 911 σκοποῦ
3723 863 3862 912 κατὰ

492 956 630 1012 facti
662 972 898 1024 sumus,
934 956 1240 1010 electionis
1279 955 1522 1010 invento
1545 968 1688 1008 vase
1719 956 1775 1007 et
1806 954 1985 1022 puteo
2013 964 2112 1021 prc

2261 942 2482 1017 δύναμιν
2539 951 2923 1018 τετυχήκαμεν,
2975 947 3203 1019 εύρόντες
3258 954 3439 1008 σκεῦος
3496 946 3712 1020 ἐκλογῆς
3770 956 3864 1004 καὶ

492 1045 703 1111 fundo,
746 1045 881 1101 dico
930 1050 1135 1101 autem
1179 1044 1393 1100 Christi
1444 1059 1511 1097 os
1557 1042 1942 1111 Gregorium:
1975 1038 2112 1094 nobi

2261 1038 2417 1108 φρέαρ
2465 1033 2627 1106 βαθὺ,
2659 1034 2790 1105 λέγω
2831 1032 2890 1087 δὲ
2932 1038 2991 1086 τό
3039 1042 3131 1087 τοῦ
3169 1043 3403 1107 Χριστοῦ
3436 1041 3609 1109 στόμα
3658 1045 3870 1115 Γρηγο-

494 1150 850 1207 parumper,
897 1150 1132 1206 quaeso,
1177 1150 1423 1205 parum,
1477 1148 1793 1202 rogamus,
1846 1128 2114 1185 concedit

2259 1138 2406 1195 ριον”
2463 1123 2632 1194 ὀλίγον
2682 1126 2829 1195 ἡμῖν,
2884 1124 3192 1198 παρακαλῶ,
3250 1124 3418 1197 ὀλίγον
3476 1134 3868 1201 συγχωρήσατε

498 1224 818 1295 temporis;
843 1238 967 1278 non
997 1223 1163 1295 quod
1191 1223 1251 1277 in
1284 1222 1431 1277 urbe
1462 1219 2004 1287 commorationem
2029 1234 2118 1273 am

2261 1217 2470 1286 χρόνον,
2520 1213 2805 1283 αἰτούμεθα
2833 1229 2845 1241 ·
2881 1213 2939 1264 ού
2974 1218 3068 1271 τὴν
3114 1212 3161 1264 ἐν
3211 1222 3324 1276 ταῖς
3355 1215 3538 1268 πόλεσι
3584 1213 3867 1291 διατριϐὴν

498 1314 740 1370 biamus
791 1314 1007 1384 (neque
1068 1312 1227 1368 enim
1287 1313 1658 1381 ignoramus,
1708 1309 1984 1365 homines
2039 1308 2118 1362 ho

2265 1300 2618 1373 ἀσπαζόμενοι
2643 1297 2814 1353 ·“ούὸ⁴ὲ
2851 1304 2953 1375 γὰρ
2992 1301 3197 1359 λέληθεν
3246 1305 3381 1375 ἡμᾶς
3434 1306 3459 1355 6
3505 1311 3732 1380 πονηρὸς
3772 1305 3869 1360 διὰ

500 1409 681 1478 pacto
714 1420 749 1459 a
794 1404 1064 1473 maligno
1107 1402 1350 1473 decipi),
1383 1408 1486 1456 sed
1533 1401 1698 1474 quod
1742 1399 1967 1455 versari
2016 1414 2120 1454 cun

2262 1398 2362 1441 τῶν
2399 1393 2642 1442 τοιούτων
2684 1395 2776 1447 τὴν
2818 1388 3021 1448 ἀπάτην
3066 1398 3168 1451 τοῖς
3215 1390 3501 1465 ἀνθρώποις
3538 1415 3869 1468 προσμηχα-

505 1494 729 1552 sanctis
776 1494 954 1563 longe
1004 1492 1393 1548 utilissimum
1437 1508 1566 1547 esse
1603 1490 1967 1560 judicemus.
2004 1490 2125 1543 Dun

2264 1486 2482 1551 νωμενος
2508 1501 2519 1512 ι
2575 1478 2702 1531 ἀλλὰ
2743 1484 2833 1537 τὴν
2883 1485 3174 1552 συντυχίαν
3213 1486 3307 1539 τὴν
3346 1486 3473 1555 τρὸς
3515 1488 3631 1546 τούς
3684 1485 3869 1557 ἁγίους

505 1584 667 1641 enim
698 1583 772 1638 de
802 1582 1022 1637 divinis
1054 1581 1440 1652 dogmatibus
1466 1580 1694 1652 aliquid
1723 1579 1958 1644 dicitur,
1988 1576 2125 1633 audi

2265 1566 2493 1640 ἰπωφελῆ
2544 1568 2777 1641 μάλιστα
2819 1574 3073 1643 κρίνοντες
3306 1571 3386 1624 Ἐν
3434 1576 3535 1648 γὰρ
3584 1584 3656 1645 τῷ
3702 1575 3870 1646 λέγειν

508 1678 724 1745 turque
774 1671 1170 1743 frequentius,
1205 1670 1781 1742 contemplationum
1826 1667 2128 1740 quemdam

2267 1677 2318 1709 τι
2365 1663 2482 1732 περὶ
2531 1666 2627 1709 τῶν
2685 1660 2830 1710 θείων
2881 1654 3176 1731 δογμάτων,
3219 1666 3308 1712 καὶ
3356 1660 3557 1715 ἀκούειν
3614 1669 3872 1716 πυκνότε-

507 1744 805 1832 habitum,
841 1761 943 1833 qui
982 1776 1139 1830 aegre
1179 1760 1506 1827 amittatur,
1541 1758 1926 1830 suscipimus.
1960 1760 2027 1813 Et
2063 1772 2125 1811 re

2266 1766 2375 1822 ρον,
2408 1747 2509 1809 ἕξιν
2540 1744 2938 1805 δυσαπὸϐλητον
2988 1750 3331 1820 θεωρημάτων
3374 1750 3717 1825 λαμϐάνομεν.
3768 1758 3875 1807 Καὶ

510 1851 760 1924 quidem
795 1856 1015 1905 nostra:
1047 1850 1127 1905 ita
1157 1866 1219 1905 se
1248 1849 1496 1905 habent.

2271 1840 2333 1888 τὰ
2363 1840 2451 1909 μεν
2478 1836 2594 1888 καθ’
2628 1838 2761 1909 ἡμᾶς
2790 1844 2970 1888 τοῦτον
3002 1840 3115 1909 ἔχει
3140 1842 3227 1889 τὸν
3257 1844 3466 1913 τρόπον.

584 1945 637 1995 2.
679 1942 792 1995 Vos
829 1944 1052 2006 autem,
1084 1955 1119 1994 o
1147 1938 1353 1993 divina
1383 1943 1439 1993 et
1467 1938 1741 1994 omnium
1772 1936 1916 1992 mihi
1943 1934 2164 1991 charis-

2342 1932 2393 1982 2.
2434 1926 2603 1998 ’Υμεῖς
2652 1923 2729 1991 δὲ,
2767 1927 2804 1976 ὦ
2852 1928 2987 1979 θεῖαί
3035 1947 3126 1999 μοι
3168 1934 3257 1980 καὶ
3296 1930 3741 2004 προσφιλέσταται
3775 1954 3879 1986 πα-

516 2029 673 2085 sima
725 2028 942 2100 capita,
993 2032 1194 2083 cavete
1246 2027 1690 2082 Philistinorum
1742 2030 2038 2099 pastores,
2088 2040 2136 2080 ni

2274 2023 2375 2070 σῶν
2450 2015 2708 2087 κεφαλαὶ,
2787 2015 3100 2087 φυλάττεσθε
3177 2022 3290 2078 τούς
3354 2028 3453 2071 τῶν
3522 2021 3876 2074 Φυλιστιαίων

514 2120 651 2192 quis
683 2124 897 2190 puteos
918 2122 1147 2173 vestros
1179 2117 1521 2172 clanculum
1547 2116 1836 2181 obstruat,
1861 2119 1917 2170 et
1945 2130 2134 2187 puran

2272 2110 2531 2179 ποιμένας,
2585 2109 2655 2177 μή
2706 2125 2785 2169 τις
2832 2104 2998 2158 λαθὼν
3048 2105 3277 2180 ἐμφράξῃ
3328 2110 3469 2181 ὑμῶν
3540 2113 3607 2161 τὰ
3656 2117 3876 2185 φρέατα,

516 2224 748 2273 eorum,
782 2223 917 2279 quae
952 2208 1029 2263 ad
1058 2206 1587 2277 ﬁdem—pertinent,
1615 2206 2019 2273 cognitionem
2051 2203 2136 2259 ob

2273 2200 2363 2248 καὶ
2411 2198 2469 2247 τὸ
2513 2196 2741 2269 καθαρὸν
2785 2204 2875 2256 τῆς
2934 2201 3172 2266 γνώσεως
3231 2204 3327 2259 τῆς
3383 2204 3500 2272 περὶ
3554 2205 3647 2258 τὴν
3694 2206 3880 2254 πίστιν

517 2296 731 2353 turbet.
779 2299 897 2351 Hoc
947 2296 1107 2351 enim
1150 2296 1235 2350 eis
1274 2311 1513 2367 semper
1560 2294 1756 2350 studio
1803 2300 1908 2356 est,
1942 2309 2063 2348 non
2093 2309 2137 2347 e:

2276 2283 2586 2355 ἐπιθολωσῃ.
2649 2291 2813 2335 Τοῦτο
2874 2286 2975 2358 γὰρ
3037 2285 3212 2348 αὐτοῖς
3278 2285 3355 2338 ἀεί
3418 2290 3556 2339 ἐστιν
3624 2288 3880 2363 ἐπιμελὲς,

520 2385 835 2458 Scripturis
878 2385 1063 2440 sacris
1095 2383 1309 2440 docere
1340 2384 1574 2440 animas
1620 2383 2031 2455 simpliciores,
2060 2398 2140 2437 sei

2274 2379 2344 2447 μὴ
2397 2372 2451 2425 ἐκ
2500 2381 2598 2424 τῶν
2646 2374 2791 2425 θείων
2841 2379 3053 2447 Γραφῶν
3106 2371 3384 2428 διδάσκειν
3435 2380 3527 2438 τὰς
3576 2377 3879 2454 ἀκεραιοτέ-

515 2473 811 2546 sapientia
857 2478 1147 2530 extranea
1197 2474 1503 2530 veritatem
1559 2472 2008 2528 circumvenire.
2057 2472 2135 2537 Qu

2273 2484 2367 2539 ρας
2414 2463 2616 2535 ψυχὰς,
2670 2461 2774 2514 ἀλλ’
2822 2461 2876 2514 ἐκ
2931 2472 3020 2524 τῆς
3078 2464 3257 2527 ἔξωθεν
3309 2471 3489 2539 σοφίας
3542 2474 3879 2543 παρακρούε..

513 2563 675 2620 enim
703 2564 1033 2633 ingenitum
1065 2568 1122 2619 et
1166 2565 1435 2634 genitum
1466 2563 1525 2618 in
1558 2567 1830 2619 nostram
1860 2561 2043 2617 ﬁdem
2076 2560 2133 2615 in

2278 2554 2401 2605 σθαι
2448 2556 2542 2609 τὴν
2592 2551 2854 2608 ἀλήθειαν.
2902 2551 2958 2603 Ὀ
3011 2555 3111 2625 γὰρ
3172 2553 3446 2625 ἀγέννητον
3498 2562 3586 2609 καὶ
3632 2564 3881 2629 γεννητόν

511 2652 791 2722 traducit,
815 2653 1111 2725 docetque
1133 2669 1272 2709 eum
1304 2654 1407 2725 qui
1436 2667 1673 2725 semper
1702 2657 1807 2715 est,
1837 2650 2126 2722 aliquand

2276 2643 2559 2715 ἐπεισάγων
2617 2645 2762 2715 ἡμῶν
2815 2650 2877 2715 τῇ
2939 2648 3136 2710 πίστει,
3195 2651 3285 2697 καὶ
3335 2651 3421 2699 τὸν
3489 2646 3566 2701 ἀεὶ
3623 2654 3744 2701 ὄντα
3801 2656 3878 2723 μὴ

510 2758 633 2798 non
664 2742 873 2805 fuisse,
910 2758 1171 2814 eumque
1202 2742 1307 2814 qui
1356 2746 1574 2798 natura
1603 2758 1672 2797 ac
1713 2757 1952 2815 semper
2000 2742 2130 2795 Pate

2275 2736 2396 2784 ὄντα
2438 2734 2560 2783 ποτε
2613 2727 2969 2803 δογματίζων,
3021 2736 3111 2784 καὶ
3156 2736 3244 2785 τὸν
3297 2738 3449 2807 φύσει
3495 2742 3579 2789 καὶ
3632 2736 3709 2790 ἀεὶ
3767 2746 3882 2792 Πα-

510 2835 598 2886 est
642 2836 875 2904 patrem
921 2830 1069 2899 fieri,
1103 2836 1158 2886 et
1212 2831 1495 2903 Spiritum
1551 2834 1825 2887 sanctum
1874 2845 1995 2884 non
2040 2844 2130 2884 ess

2276 2827 2398 2897 τέρα
2451 2825 2647 2893 πατέρα
2703 2825 3003 2892 γινόμενον,
3063 2827 3152 2874 καὶ
3217 2827 3274 2875 τὸ
3344 2831 3550 2898 Πνεῦμα
3615 2830 3671 2878 τὸ
3728 2828 3882 2900 άγιον

508 2920 966 2992 sempiternum,
992 2935 1195 2975 nonne
1226 2920 1322 2975 ille
1354 2920 1558 2992 palam
1589 2919 1927 2975 Philistaeus
1958 2922 2047 2973 est
2078 2917 2128 2973 in

2276 2911 2370 2963 ούκ
2420 2906 2613 2976 ἁῖιῖιον,
2664 2909 2756 2961 ούκ
2804 2912 3049 2985 ἄντικρύς
3098 2910 3210 2964 ἐστι
3256 2913 3538 2977 Φυλιστεύς
3589 2918 3730 2987 (52);
3778 2916 3883 2989 βα-

506 3009 717 3065 videns
743 3009 1101 3082 patriarchae
1133 3010 1318 3066 nostri
1345 3010 1590 3075 ovibus,
1634 3026 1707 3065 ne
1754 3026 1824 3065 ex
1851 3025 2005 3082 pura
2030 3008 2125 3065 eti

2281 3005 2502 3053 σκαίνων
2552 3007 2663 3061 τοῖς
2709 3007 2799 3051 τοῦ
2856 3004 3191 3075 πατριάρχου
3242 3004 3386 3076 ἡμῶν
3436 3004 3739 3078 προϐάτοις,
3796 3009 3885 3059 ἱνα

506 3098 689 3154 vitam
720 3102 1006 3154 aeternam
1057 3098 1308 3155 saliente
1340 3116 1500 3173 aqua
1539 3099 1841 3165 bibant“,
1870 3098 1975 3154 sed
2020 3096 2122 3152 illu

2279 3094 2348 3163 μὴ
2404 3094 2624 3142 πίνωσιν
2656 3087 2712 3139 ἐκ
2753 3096 2842 3140 τοῦ
2897 3092 3129 3163 καθαροῦ
3180 3096 3269 3143 καὶ
3319 3091 3592 3165 ἁλλομένου
3628 3096 3695 3156 εἰς
3738 3096 3885 3155 ζωὴν

505 3187 818 3259 propheta:
870 3188 1189 3243 oraculum
1236 3188 1479 3245 trahant
1525 3189 1587 3244 in
1635 3188 2030 3260 semetipsos:
2073 3188 2125 3242 Μ

2282 3181 2485 3232 αἰώνιον
2534 3175 2747 3247 ὕδατος,
2802 3179 2929 3232 ἀλλὰ
2977 3184 3035 3233 τὸ
3074 3188 3164 3234 τοῦ
3212 3188 3479 3257 προφήτου
3527 3184 3695 3257 λόγιον
3747 3190 3888 3259 πρὸς

504 3275 954 3346 derelz’querunt
981 3278 1212 3346 fontem
1244 3294 1413 3349 aquae
1445 3280 1609 3345 viva},
1644 3294 1713 3333 ac
1741 3278 2029 3347 foderunt
2059 3277 2124 3332 sit

2282 3270 2492 3331 ἑαυτούς
2545 3268 2940 3321 ἐπισπάσωνται
2998 3271 3149 3342 (53),
3219 3274 3316 3323 τὸ·
3375 3272 3495 3345 Ἐμέ
3550 3274 3886 3345 ἐγκατέλιπον

508 3364 649 3432 ipsis
679 3365 971 3421 cisternas
1002 3366 1275 3435 obtritas,
1309 3382 1441 3438 quae
1473 3383 1589 3422 non
1622 3372 1906 3437 poterunt
1949 3381 2128 3437 aqua:

2280 3365 2456 3431 πηγὴν
2522 3356 2718 3419 ὕδατος
2785 3358 3012 3423 ζῶντος,
3074 3364 3163 3416 ηαὶ
3235 3360 3437 3434 ὤρυξαν
3503 3362 3705 3425 ἑαυτοῖς
3758 3363 3888 3415 λάκ-

507 3455 812 3509 continere
832 3455 909 3521 33;
944 3470 1083 3509 cum
1111 3455 1381 3510 conﬁteri
1404 3461 1675 3528 oporteat
1700 3460 1884 3511 Deum
1914 3459 2127 3510 Patren

2281 3469 2399 3508 κους
2486 3452 2989 3521 συντετριμμένους,
3070 3447 3117 3499 οἳ
3198 3449 3255 3501 ού
3334 3446 3651 3509 δυνήσονται
3733 3449 3885 3525 ὕδωρ

508 3545 697 3598 Deum
743 3542 976 3612 Filium,
1029 3546 1216 3599 Deum
1261 3545 1542 3616 Spiritum
1591 3550 1887 3615 sanctum,
1924 3544 2007 3599 uti
2048 3544 2128 3599 elc

2284 3544 2542 3609 συσχεῖν·
2605 3534 2720 3588 δέον
2792 3537 3055 3609 ὁμολογεῖν
3114 3542 3242 3591 Θεὸν
3304 3542 3390 3591 τὸν
3459 3546 3694 3614 Πατέρα,
3756 3546 3886 3595 Θεὸν

505 3632 651 3705 quia
696 3632 921 3703 divina,
968 3636 1023 3688 et
1067 3633 1172 3705 qui
1203 3649 1273 3689 ea
1308 3634 1628 3690 sublimius
1678 3634 2036 3700 intellexere,
2071 3633 2125 3688 di

2283 3631 2368 3679 τὸν
2400 3630 2536 3693 Υὶὸν,
2571 3630 2699 3680 Θεὸν
2740 3630 2796 3678 τὸ
2844 3633 3054 3699 Πνεῦμα
3101 3632 3158 3680 τὸ
3212 3628 3360 3700 ἅγιον
3388 3646 3400 3658 ⁸
3436 3632 3499 3690 ὡς
3538 3632 3585 3682 οἱ
3636 3633 3760 3683 θεῖοι
3801 3632 3888 3684 λό-

506 3726 776 3778 cuerunt.
828 3722 1120 3778 Caeterum
1172 3722 1250 3779 ad
1302 3739 1406 3779 eos
1460 3724 1565 3796 qui
1625 3729 1738 3779 tres
1788 3723 1935 3779 deos
1994 3722 2126 3778 nob:

2282 3737 2389 3789 γοι,
2438 3722 2526 3768 καὶ
2577 3719 2624 3768 οἱ
2676 3718 3030 3788 τούτους(54)
3070 3717 3388 3792 ὑψηλότερον
3436 3726 3728 3782 νενοηκότες
3764 3718 3896 3774 ἰδι-

510 3812 901 3885 exprobrant,
931 3812 1078 3867 illud
1111 3813 1386 3869 dicatur:
1422 3829 1611 3868 unum
1662 3831 1773 3869 nos
1817 3815 2003 3869 Deum
2051 3828 2129 3868 no

2287 3803 2469 3869 δαξαν.
2524 3809 2660 3879 Πρὸς
2710 3802 2767 3858 δὲ
2816 3809 2934 3867 τοῦς
2983 3806 3363 3880 ἐπηρεάζοντας
3410 3811 3533 3881 ἡμῖν
3590 3813 3647 3861 τὸ
3683 3813 3889 3884 τρίθεον

511 3918 803 3971 numero,
864 3903 970 3957 sed
1027 3908 1245 3959 natura
1302 3903 1591 3959 confiteri.
1654 3904 1959 3977 Quidquid
2015 3903 2131 3958 enix

2288 3896 2447 3948 έκεῖνο
2494 3895 2742 3966 λεγέσθω,
2793 3896 2968 3969 ὅτιπερ
3010 3898 3156 3968 ἡμεῖς
3201 3898 3286 3949 ἕνα
3335 3902 3462 3951 Θεὸν
3502 3899 3559 3950 ού
3609 3907 3679 3968 τῷ
3729 3898 3891 3975 ἀριθ-

508 4006 701 4045 unum
754 4006 1009 4047 numero
1057 3992 1401 4059 dicitur,.id
1454 4009 1586 4048 vere
1646 4010 1838 4049 unum
1888 4009 2010 4049 non
2067 4010 2128 4048 es

2298 3994 2391 4055 αῷ,
2461 3984 2588 4037 ἀλλὰ
2649 3991 2711 4057 τῇ
2782 3987 2934 4056 φύσει
3000 3985 3365 4059 ὁμολογοῦμεν.
3430 3993 3537 4040 Πᾶν
3594 3986 3718 4062 γὰρ’
3754 3988 3779 4040 6
3843 3990 3918 4042 ἓν·

509 4095 707 4151 neque
738 4085 957 4135 natura
1007 4080 1261 4153 simplex
1289 4099 1301 4136 :
1334 4084 1520 4137 Deum
1565 4098 1708 4138 vero
1756 4083 2093 4155 simplicem
2125 4105 2129 4133 ι

2292 4074 2494 4151 ἀριθμῷ
2540 4074 2758 4145 λέγεται,
2792 4082 2944 4126 τοῦτο
2984 4075 3088 4146 ούχ
3135 4075 3181 4127 ἓν
3234 4080 3408 4143 ὅντως,
3444 4074 3559 4131 οὐδ’
3592 4078 3782 4131 ἁπλοῦν
3825 4088 3890 4151 τῇ

519 4169 989 4240 incompositum
1017 4170 1374 4226 conﬁtentur
1401 4188 1630 4227 omnes.
1658 4175 1783 4227 Non
1810 4172 1989 4241 igitur
2019 4188 2139 4227 unu

2327 4168 2441 4215 ύσει
2487 4164 2625 4216 ἐστίν
2652 4185 2664 4196 ·
2699 4165 2723 4214 6
2775 4160 2833 4216 δὲ
2881 4168 3006 4225 Θεὸς
3051 4162 3246 4226 ἁπλοῦς
3291 4171 3381 4218 καὶ
3425 4165 3700 4228 ἁσύνθετος
3745 4168 3943 4243 παρὰ]

516 4272 773 4313 numero
799 4263 888 4313 est
919 4261 1094 4313 Deus.
1124 4259 1297 4324 Quod
1325 4266 1526 4315 autem
1557 4260 1714 4323 dico,
1738 4266 1824 4317 est
1852 4262 2129 4332 ejusmod

2288 4260 2448 4306 πᾶσιν
2515 4253 2863 4325 ὁμολογεῖται.
2934 4254 3043 4305 Ούκ
3105 4254 3208 4328 ἄρα
3266 4256 3332 4314 εἷς
3394 4254 3597 4328 ἀριθμῷ
3658 4256 3799 4309 ἐστιν
3866 4260 3896 4310 6

520 4349 714 4402 Unum
736 4362 990 4403 numero
1022 4348 1321 4404 mundum
1352 4365 1482 4405 esse
1506 4350 1785 4418 dicimus,
1820 4366 1940 4406 non
1976 4356 2131 4407 tame

2290 4348 2437 4403 Θεὸς.
2484 4342 2548 4393 ⁸0
2598 4339 2656 4394 δὲ
2707 4342 2856 4413 λέγω,
2899 4347 3133 4395 τοιοῦτὸν
3188 4343 3347 4399 ἐστιν.
3406 4344 3490 4397 Ἐν
3545 4344 3749 4417 ἀριθμῷ
3804 4350 3898 4398 τὸν

517 4449 709 4490 unum
743 4440 979 4501 natura,
1013 4451 1208 4507 neque
1240 4437 1574 4509 simplicem
1608 4438 1774 4494 illum
1821 4441 2137 4512 quemdam

2288 4436 2484 4503 κόσμον
2515 4428 2643 4483 εἶναί
2694 4451 2872 4503 φαμεν,
2904 4431 3007 4483 ἀλλ’
3055 4433 3159 4503 ούχ
3189 4433 3274 4485 ἕνα
3319 4442 3379 4506 τῇ
3426 4436 3594 4506 φύσει,
3630 4433 3735 4485 ἀλλ’
3769 4433 3897 4486 οὐδ’

522 4522 851 4577 Dividimus
875 4524 1036 4578 enim
1062 4524 1261 4596 ipsum
1284 4526 1343 4580 in
1376 4526 1671 4583 elementa
1702 4543 1773 4582 ex
1794 4528 2015 4599 quibus
2039 4545 2142 4583 con

2290 4521 2481 4573 ἁπλοῦν
2529 4540 2643 4572 τινα
2698 4529 2898 4572 τοῦτον.
2950 4527 3204 4593 Τέμνομεν
3249 4526 3349 4597 γὰρ
3404 4523 3557 4574 αὑτὸν
3607 4523 3677 4583 εἰς
3727 4525 3791 4575 τὰ
3838 4523 3899 4586 ἐξ

520 4614 654 4675 stat,
689 4610 749 4665 in
790 4611 1012 4681 ignem,
1046 4628 1292 4684 aquam.
1329 4630 1529 4671 aerem
1571 4621 1627 4671 et
1670 4620 1909 4672 terram.
1950 4620 2140 4672 Rursu

2288 4613 2355 4662 ὧν
2406 4614 2688 4668 συνέστηκε
2739 4619 3003 4681 στοιχεῖα,
3045 4612 3118 4673 εἰς
3163 4621 3266 4686 πῦρ
3316 4618 3405 4664 καὶ
3444 4608 3587 4684 ὕδωρ
3633 4617 3721 4663 καὶ
3762 4611 3898 4685 ἀέρα

519 4699 706 4755 homo
737 4716 893 4756 unus
922 4716 1174 4756 numero
1196 4702 1430 4759 dicitur.
1460 4707 1653 4761 Unum
1685 4706 1842 4761 enim
1865 4706 2139 4761 homine:

2287 4700 2376 4752 καὶ
2418 4708 2533 4771 γῆν.
2583 4700 2801 4753 Πάλίνό
2851 4702 3118 4772 ἄνθρωπος
3176 4703 3243 4761 εἷς
3296 4700 3499 4775 ἀριθμῷ
3547 4701 3882 4773 ὀνομάζεται.

521 4804 683 4860 δῶρα
714 4789 997 4861 dicimus,
1032 4792 1137 4847 sed
1180 4808 1302 4847 non
1352 4794 1609 4866 simplex
1651 4795 1901 4867 quidam
1943 4796 2038 4852 ille
2092 4813 2141 4852 es

2286 4788 2412 4841 Ἕνα
2469 4793 2568 4862 γὰρ
2637 4791 2904 4864 ἄνθρωπον
2966 4790 3209 4850 πολλάκις
3270 4790 3504 4863 λέγομεν.
3585 4790 3714 4843 Ἀλλ’
3783 4791 3898 4863 οὐχ

522 4895 662 4935 cum
688 4896 759 4935 ex
792 4896 1042 4953 corpore
1073 4888 1130 4937 et
1175 4883 1381 4939 anima
1424 4890 1669 4940 constet.
1699 4886 1974 4943 Similiter
1990 4892 2045 4943 et
2075 4903 2142 4943 an

2289 4878 2483 4939 ἁπλοῦς
2531 4898 2605 4938 τις
2656 4879 2801 4940 οὗτός
2844 4879 3004 4945 ἐστιν,
3043 4879 3096 4930 ἐκ
3131 4885 3367 4951 σώματος
3415 4884 3503 4931 καὶ
3552 4879 3735 4951 ψυχῆς
3768 4899 3896 4932 συνα

523 4969 724 5041 gelum
750 4986 935 5026 unum
966 4987 1221 5028 numero
1253 4973 1531 5035 dicimus,
1561 4975 1666 5030 sed
1689 4992 1810 5031 non
1843 4993 2031 5032 unum
2060 4978 2143 5047 8:

2292 4974 2470 5028 ιστώς.
2527 4968 2749 5041 Ὁμοίως
2804 4964 2861 5021 δε
2909 4973 2999 5020 καὶ
3058 4968 3274 5040 ἄγγελον
3332 4970 3419 5021 ἕνα
3480 4967 3684 5041 ἀριθμῷ
3746 4971 3899 5045 ἐροῦ,

595 5161 643 5194 ³⁸
680 5162 852 5216 Joan.
894 5176 972 5224 ιν,
1019 5163 1108 5216 14.
1186 5162 1232 5196 ³⁵
1272 5162 1490 5219 Jerem.
1532 5180 1594 5227 u,
1640 5168 1721 5220 l3.

595 5339 708 5415 (50)
750 5344 1032 5415 Δυναίμην.
1067 5338 1453 5415 Editiiteru'm
1502 5340 1735 5415 addunt
1780 5348 1898 5415 Πῶς
1938 5346 2037 5415 γὰρ
2098 5346 2180 5401 ἄν.

2301 5406 2311 5415 μ
2363 5333 2965 5415 (53)¹Ἐπισπάσωνται.
3034 5332 3126 5388 Sic
3189 5335 3327 5401 Reg.
3398 5335 3455 5387 et
3522 5332 3675 5389 Harl.
3741 5332 3904 5390 Editi

525 5406 639 5464 Sed
677 5406 806 5465 hac
835 5406 1048 5465 melius
1097 5410 1318 5464 absunt
1343 5427 1379 5466 a
1409 5411 1653 5466 duobus
1686 5406 2145 5471 codicibus'mss

1097 5410 1318 5464 absunt
1343 5427 1379 5466 a
1409 5411 1653 5466 duobus
1686 5406 2173 5471 codicibus'mss.
2291 5406 2694 5460 ἐπισπάσωνται.

526 5478 723 5534 Plures
754 5497 875 5535 non
905 5482 1251 5537 habuimus.

2358 5480 2471 5547 (54)
2507 5480 2753 5536 Τούτους.
2790 5474 2882 5548 δίε)
2915 5473 3070 5548 Harl.
3106 5473 3255 5548 Editi
3284 5478 3498 5548 τούτων.
3533 5475 3722 5531 Paulo
3754 5481 3910 5548 post.

754 5557 1034 5627 Κρὲνοντες-
1072 5553 1165 5607 Sic
1197 5552 1522 5627 mss._Editi
1548 5559 1829 5627 κρίναντες.

2290 5544 2633 5605 εκᾱιὶοὺιιε
2667 5564 2815 5602 mss.
2850 5544 3107 5616 legimus
3141 5546 3521 5620 ἐπηρεάζοντας
3562 5550 3705 5620 ἡμῖν.
3740 5544 3910 5605 Editi

597 5621 712 5689 (51)
752 5621 1046 5685 Φυλιστεύς.
1082 5623 1235 5680 llarl.
1270 5621 1620 5688 Φυλιστιαῑος.
2284 5625 2451 5693 ἡμῶν.
