4102 6194
246 315 352 369 249

244 456 358 508 μιν,
421 435 531 487 ἀλλ’
586 436 689 508 οὐχ
740 439 827 489 ἕνα
875 445 935 510 τῇ
985 441 1156 509 φύσει,
1220 434 1346 489 οὐδὲ
1403 437 1613 489 ἁπλοῦν·
1671 437 1853 488 ουσίαν
1889 440 1933 491 Α

243 528 341 599 γὰρ
390 526 507 597 μεθ’
547 526 816 598 ἁγιασμοῦ
866 532 960 584 τὴν
1011 547 1102 578 του
1155 526 1373 598 ἁγγελου
1428 528 1719 578 ὑπόστασιν
1772 524 1852 577 ἔν-

244 622 479 687 νοοῦμεν.
532 616 594 668 Εἰ
649 621 819 667 τοίνυν
876 623 975 667 πᾶν
1015 622 1072 668 τό
1132 616 1180 668 ἓν
1242 615 1446 690 ἀριθμῷ
1500 617 1546 667 ἓν
1583 623 1643 673 τῆ
1703 618 1851 687 φύσει

246 706 338 755 οὐκ
388 708 523 763 ἔστι,
565 711 656 756 καὶ
700 711 758 756 τό
800 707 848 758 ἓν
899 713 958 777 τῇ
996 710 1149 777 φύσει
1187 710 1277 757 καὶ
1328 706 1519 768 ᾁπλοῡν
1571 704 1618 756 ἓν
1647 703 1851 777 ἀριθμῷ

248 795 338 846 οὐκ
378 796 540 859 ἔστιν,
576 797 728 865 ἡμεῖς
768 792 827 847 δὴ
872 795 1081 867 λέγομεν
1133 796 1217 847 ἕνα
1258 804 1321 854 τῆ
1375 798 1523 867 φύσει
1555 800 1707 847 Θεόνον
1745 803 1851 855 πῶς

248 882 625 951 ἐπεισάγουσιν
679 884 805 954 ἡμῖν
858 888 944 934 τόν
995 882 1235 957 ἀριθμόν,
1286 883 1442 935 αὐτόν
1492 886 1655 940 πάντη
1706 885 1851 955 ἡμῶν

247 970 585 1043 ἐξοριζόντων
646 979 739 1033 τῆς
789 976 1053 1047 μακαρίας
1107 972 1303 1032 ἐκείνης
1514 978 1604 1023 καὶ
1667 980 1853 1032 νοητῆς

249 1062 447 1131 φύσεως
480 1078 493 1119 ;
526 1060 586 1110 Ὀ
610 1062 712 1133 γὰρ
766 1058 982 1132 ἀριθμός
1008 1059 1123 1112 ἐστι
1167 1080 1259 1112 του
1310 1068 1495 1112 ποσοῦ·
1531 1065 1587 1112 τὸ
1647 1058 1705 1112 δε
1762 1080 1855 1112 πο·-

250 1152 337 1200 σόν
389 1157 449 1219 τῇ
522 1157 796 1221 σωματικῇ
860 1153 1011 1221 φύσει
1090 1150 1445 1211 συνέζευκται·
1506 1152 1531 1201 6
1583 1154 1681 1224 γὰρ
1739 1152 1850 1221 (56)

247 1237 467 1311 ἀριθμός
527 1246 623 1300 τῆς
692 1248 1001 1311 σωματικῆς
1068 1244 1283 1311 φύσεως.
1346 1243 1598 1312 Σωμάτων
1632 1236 1690 1292 δί
1748 1236 1851 1297 δη-

246 1332 502 1400 μιουργόν
530 1331 616 1378 τόν
646 1330 835 1402 Κύριον
894 1331 1038 1398 ἡμῶν
1088 1336 1215 1381 εἶναι
1273 1332 1702 1402 πεπιστεύκαμεν.
1765 1333 1851 1381 Διό

247 1422 339 1467 καὶ
398 1424 495 1476 πᾶς
549 1416 775 1491 ἀριθμός
822 1417 989 1469 ἐκεῖνα
1064 1424 1305 1491 σημαίνει
1396 1423 1460 1471 τα
1540 1419 1707 1471 ἓνυλον
1764 1416 1852 1470 καὶ

243 1511 611 1580 περιγραπττὴν
670 1510 811 1578 ἔχειν
853 1507 1086 1579 λαχόντα
1138 1514 1231 1566 τὴν
1281 1512 1454 1580 φύσιν·
1517 1511 1545 1566 ἠ
1598 1505 1656 1561 δὲ
1694 1511 1851 1580 μονὰς

186 1610 195 1633 ι
240 1602 330 1646 καὶ
396 1596 515 1657 ἕνας
566 1605 663 1657 τῆς
717 1596 885 1657 ἁπλῆς
932 1602 1020 1647 καὶ
1094 1596 1445 1672 ἀπεριλήπτου
1514 1598 1693 1657 οὐσίας
1741 1598 1852 1649 ἐστὶ

244 1690 547 1757 σημαντική
584 1688 717 1755 (57).
761 1685 819 1736 Ὀ
860 1692 1031 1737 τοίνυν
1084 1687 1305 1759 ἀριθμόν
1347 1688 1375 1745 ἣ
1428 1692 1629 1760 κτίσμα
1668 1688 1851 1760 ὁμολο-

238 1783 342 1845 γῶν
383 1779 473 1825 τόν
506 1777 627 1828 Υἱόν
656 1782 748 1826 τοῦ
789 1782 923 1826 Θεοῦ
957 1776 984 1833 ἣ
1017 1781 1075 1827 τό
1104 1781 1312 1847 Πνεῦμα
1349 1782 1407 1828 τό
1447 1779 1591 1848 ἁγιον
1617 1778 1854 1829 λανθάνει

238 1863 413 1915 ἔναυλον
498 1868 590 1914 καὶ
663 1870 1020 1937 περιγραπτὴν
1076 1868 1231 1937 φύσιν
1284 1866 1523 1937 εἰσάγων.
1594 1874 1852 1941 Περιγρα-

412 1950 472 2005 δὲ
513 1953 646 2024 λέγω
675 1954 733 2004 οὐ
772 1959 926 2025 μόνον
969 1959 1061 2011 τὴν
1092 1960 1468 2029 περιεχομένην
1514 1958 1611 2007 ὑπὸ
1670 1962 1852 2025 τόπου,

239 2040 350 2093 ἀλλ’
388 2045 551 2115 ἤνπερ
612 2048 700 2094 καὶ
748 2051 816 2115 τῇ
880 2050 1171 2120 προγνώσει
1226 2043 1610 2119 ἐμπεριείληφε)
1667 2046 1848 2118 όμέλ-

238 2131 341 2181 λων
407 2131 572 2188 αὐτὴν
624 2130 723 2182 ἀπὸ
774 2138 866 2183 τοῦ
918 2137 988 2204 μὴ
1042 2134 1181 2193 όντος
1222 2134 1293 2193 εἰς
1331 2137 1388 2185 τό
1422 2132 1549 2185 εἶναι
1579 2137 1852 2208 παράγειν,

240 2225 306 2277 ἦν
338 2227 431 2272 καὶ
463 2222 579 2289 (58)
615 2219 874 2293 ἐπιστήμῃ
913 2220 1202 2293 περιλαϐεῖν
1235 2219 1451 2274 δυνατόν
1483 2222 1595 2274 ἐστι
1628 2230 1733 2275 Πᾶν
1766 2224 1853 2274 οὖν

244 2310 420 2380 οἷγιον⁵
454 2310 479 2360 6
538 2315 901 2383 περιγραπτήν
955 2313 1066 2382 ἔχει
1120 2316 1212 2369 τὴν
1244 2315 1531 2383 φύσιν,καὶ
1580 2311 1852 2370 ἒπίκτητον

245 2400 365 2469 ἔχει
415 2404 513 2455 τήν
544 2400 821 2469 ἁγιότητα,
871 2400 964 2450 οὐκ
1022 2397 1355 2452 ἀνεπίδεκτόν
1408 2400 1520 2452 ἐστι
1561 2408 1763 2462 κακίας.
1794 2402 1852 2453 Ὀ

248 2485 309 2539 δὲ
352 2491 495 2553 Υἱός,
530 2493 619 2539 καὶ
656 2492 715 2539 τό
760 2496 967 2561 Πνεῦμα
1014 2494 1073 2540 τό
1114 2488 1279 2561 ἅγιον,
1316 2496 1457 2561 πηγή
1517 2490 1655 2543 ἔστιν
1706 2491 1854 2562 6:71a-

248 2586 417 2649 σμοῦ,
450 2579 625 2649 ὕφ’ἧς
677 2584 825 2631 πᾶσα
878 2582 907 2637 ἡ
963 2579 1145 2651 λογικὴ
1196 2585 1371 2642 κτίσις
1424 2582 1539 2633 κατ’
1579 2581 1854 2653 ἀναλογίαν

244 2677 309 2727 τῆ
325 2691 345 2729 ς
391 2667 578 2742 ἀρετῆς
606 2669 904 2741 ἁγιάζεται.

316 2851 378 2903 3.
442 2853 627 2900 Καίτοι
684 2849 849 2920 ἡμεῖς,
919 2851 1052 2900 κατὰ
1112 2852 1198 2901 τόν
1269 2848 1433 2908 ἀληθῆ
1512 2850 1682 2921 λόγον,
1742 2852 1858 2904 οὔτε

245 2941 433 3008 ὅμοιον
492 2940 609 2990 οὗτε
666 2940 908 3009 ἀνόμοιον
964 2938 1175 3011 λέγομεν
1236 2944 1321 2991 τὸν
1378 2943 1497 2992 Υὶόν
1548 2950 1618 3011 τῷ
1670 2948 1854 3015 Πατρί.

243 3028 531 3099 Ἑκάτερον
592 3031 691 3099 γὰρ
737 3028 901 3079 αὐτῶν
946 3028 1131 3091 ἐπίσης
1191 3026 1466 3097 ἀδύνατον,
1500 3030 1714 3103 Ὀμοιον
1754 3034 1854 3103 γὰρ

239 3124 332 3168 καὶ
398 3116 638 3189 ἀνόμοιον
709 3120 844 3168 κατά
918 3120 1009 3179 τὰς
1073 3122 1356 3179 ποιότητας
1429 3118 1648 3190 λέγεταισ
1704 3125 1855 3172 ποιό-

240 3226 403 3266 τητος
452 3204 513 3258 δὲ
579 3210 637 3257 τό
680 3209 813 3258 Θεῐον
863 3206 1147 3282 ἐλεύθερον.
1191 3213 1497 3265 Ταντότητα
1540 3206 1597 3262 δὲ
1639 3219 1734 3271 τῆς
1767 3214 1855 3282 φυ-

245 3316 381 3356 σεως
437 3295 830 3367 ὁμολογοῦντες,
908 3301 1095 3349 καὶτὸ
1172 3299 1452 3369 ὁμοούσιον
1508 3296 1855 3371 ἐκδεχόμεθα,

242 3391 335 3437 καὶ
393 3390 453 3436 τό
507 3388 749 3437 σύνθετον
795 3388 1064 3458 φεύγομεν,
1099 3393 1190 3438 τοῦ
1240 3388 1355 3439 κατ’
1388 3388 1571 3440 οὐσίαν
1612 3396 1745 3441 Θεοῦ
1766 3394 1857 3441 καὶ

246 3479 458 3547 Πατρός
486 3479 573 3525 τόν
628 3475 741 3525 κατ’
790 3475 975 3526 audiar:
1008 3479 1135 3527 Θεὸν
1186 3482 1273 3527 καὶ
1322 3480 1440 3529 Υἱόν
1473 3483 1855 3549 γεγεννηκότος.

246 3566 342 3616 Ἐκ
376 3568 477 3636 γὰρ
527 3566 714 3616 τούτου
765 3567 824 3615 τὸ
881 3565 1159 3635 όμοούσιον
1190 3562 1479 3620 δείκνυται.
1531 3567 1587 3617 Ὀ
1613 3570 1711 3641 γὰρ
1743 3570 1857 3619 κατ’

249 3655 433 3705 οὐσίαν
490 3657 620 3713 Θεὸς
672 3661 744 3723 τῷ
800 3654 915 3705 κατ’
974 3654 1157 3709 οὐσίαν
1209 3663 1322 3725 Θεῷ
1369 3658 1646 3727 όμοούσιός
1695 3656 1855 3710 ἐστιν.

247 3745 393 3795 ἐπεὶ
448 3739 509 3794 δὲ
557 3743 757 3813 Εγεται
799 3745 912 3804 Θεὸς
953 3749 1040 3794 καὶ
1089 3745 1114 3794 6
1163 3746 1434 3818 ἄνθρωπος
1484 3746 1620 3814 (59)·
1665 3748 1731 3806 ὡς
1776 3750 1857 3815 τὸ,

246 3835 383 3903 Ἐγὼ
440 3833 580 3883 εἶπα·
629 3837 752 3885 Θεοί
813 3831 947 3884 ἐστε·
1004 3838 1091 3885 καὶ
1159 3835 1183 3883 ό
1244 3830 1446 3905 δαίμων
1502 3836 1633 3902 θεὸς,
1681 3836 1749 3895 ὡς
1779 3838 1858 3903 τό,

1283 3922 1390 3974 ἀλλ’
1444 3926 1493 3974 οἱ

241 4015 411 4086 χάριν
453 4013 820 4083 ὀνομάζονται,
883 4013 930 4062 οἱ
974 4008 1032 4063 δὲ
1088 4015 1222 4063 κατά
1275 4010 1493 4082 ψεῦδος.
1526 4013 1583 4064 Ὀ
1638 4010 1696 4065 δὲ
1740 4019 1859 4077 Θεὸς

243 3927 312 3975 Οἱ
376 3924 483 3974 θεοὶ
535 3930 635 3972 τῶν
711 3921 865 3973 ἐθνῶν
925 3920 1193 3995 δαιμόνια.
1283 3922 1390 3974 ἀλλ’
1444 3926 1493 3974 οἱ
1581 3945 1671 3995 μιν
1730 3927 1861 3975 κατὰ

198 4134 199 4137 η
242 4108 405 4173 μόνος
465 4102 584 4151 κατ’
643 4102 827 4152 ουσίαν
882 4100 993 4152 ἐστὶ
1042 4106 1192 4163 Θεὸς.
1256 4106 1422 4164 Μόνος
1463 4099 1520 4154 δὲ
1564 4105 1683 4154 ὃταν
1716 4108 1858 4174 εἴπω,

241 4197 340 4247 τήν
398 4190 590 4242 οὐσίαν
645 4198 733 4242 τοῦ
798 4196 932 4243 Θεοῦ
963 4194 1056 4247 τὴν
1087 4190 1239 4260 ἁγίαν
1283 4197 1372 4242 καὶ
1399 4192 1646 4245 ᾶκτιστον
1696 4190 1856 4252 δηλῶ.

242 4285 314 4334 Τό
348 4283 459 4351 γὰρ
522 4283 676 4351 μόνος
732 4280 933 4350 λέγεται
984 4285 1072 4331 καὶ
1131 4279 1213 4332 ἐπὶ
1252 4300 1389 4343 τινος
1441 4280 1732 4356 ἀνθρώπου,
1773 4290 1862 4335 καὶ

244 4374 329 4421 ἐπὶ
362 4373 567 4440 φύσεως
614 4368 786 4430 ἁπλῶς
833 4378 923 4429 τῆς
968 4368 1212 4421 καθόλου.
1254 4370 1367 4421 Ἐπί
1418 4390 1549 4430 τινος
1596 4375 1705 4443 μεν,
1735 4374 1859 4441 οἷον,

247 4466 367 4531 ξέοι
433 4459 617 4525 εἰπεῖν,
672 4458 757 4509 ἐπὶ
814 4458 1040 4528 Παύλου,
1111 4460 1188 4510 ότι
1256 4463 1411 4531 μόνος
1476 4462 1689 4534 ἡρπάγη
1771 4464 1938 4539 ἔωςῡ

246 4554 436 4619 τρίτου
511 4548 752 4618 οὐρανοῦ,
812 4553 902 4599 καὶ
974 4551 1193 4605 ἤκουσεν
1260 4546 1463 4621 οἰρῥητα
1536 4550 1767 4621 ῥήματα9
1830 4550 1863 4601 ἆ

245 4638 342 4688 οὐκ
373 4637 487 4699 ἐξόν
536 4635 787 4711 ἀνθρώπῳ
827 4636 1073 4695 λαλῆσαι·
1118 4636 1201 4688 ἐπὶ
1244 4641 1443 4709 φύσεως
1492 4634 1550 4690 δὲ
1596 4648 1693 4701 τῆς
1732 4643 1860 4693 καθ-

246 4728 391 4789 όλου,
440 4730 508 4785 ὡς
562 4726 685 4777 ὅταν
748 4726 871 4798 λέγῃ
916 4729 1031 4796 (60)
1089 4723 1283 4778 Δαϐίδ’
1351 4726 1672 4800 ’⁷Ανθρωπος,
1742 4733 1862 4781 ὡσεὶ

246 4836 449 4889 χόρτος
482 4818 541 4866 αἱ
582 4818 772 4887 ἡμέραι
822 4815 1001 4866 αὐτου.
1056 4818 1307 4868 Ἐνταυοα
1352 4819 1451 4891 γὰρ
1507 4817 1566 4868 οὐ
1604 4822 1690 4869 τόν
1746 4838 1862 4871 τινα

246 4908 546 4978 ἄνθρωπον,
766 4909 863 4962 τὴν
916 4904 1140 4955 καθόλου
1186 4908 1341 4975 φύσιν
1380 4902 1557 4963 δηλοῖ.
1614 4913 1721 4967 Πᾶς
1759 4912 1857 4982 γὰρ

244 4996 528 5066 ἅνθρωπος
592 5000 921 5066 πρόσκαιρος
968 4998 1056 5044 καὶ.
1129 4996 1331 5054 θνητός.
1418 4996 1567 5046 Οὕτω
1650 4995 1863 5050 κάκεῖνα

245 5092 466 5156 νοοῦμεν
531 5083 620 5135 ἐπὶ
702 5091 798 5145 τῆς
858 5086 1058 5155 φύσεως
1134 5083 1411 5157 εἰρημένα·
1462 5103 1541 5152 το,
1597 5085 1654 5138 Ὀ
1712 5092 1862 5159 μόνος

1480 5182 1503 5201 κ.

320 5211 369 5245 ³⁵
418 5208 576 5265 Psal.
612 5224 803 5276 ant,
838 5212 889 5263 6.
969 5209 1013 5242 ³⁷
1055 5207 1207 5263 Psal.
1244 5223 1373 5275 xcv,
1405 5212 1455 5262 δ.

318 5337 436 5405 (55)
480 5336 734 5396 Ἐκείνης.
766 5337 927 5390 Hanc
956 5349 1171 5389 vocem
1216 5332 1565 5389 addidimus
1596 5351 1668 5391 ex
1721 5335 1869 5392 duo-

250 5406 362 5461 bus
390 5423 542 5462 mss.

321 5484 438 5535 (56:
484 5479 539 5529 Ὀ
581 5480 709 5550 γὰρ,
742 5479 892 5547 Lege
912 5476 981 5550 ΑὈ
1005 5495 1151 5547 γουν.

321 5550 438 5617 (57)
486 5547 814 5622 Σημαλτικὴ.
868 5548 959 5604 Sic
1013 5553 1261 5621 uterque
1326 5547 1537 5605 codex.
1591 5549 1736 5606 Editi
1772 5568 1865 5609 ση·

256 5640 520 5677 εικντικον,

1458 311 1949 369 EPISTOLARUM
1988 312 2274 369 CLASSIS
2315 315 2357 371 Ι.
2396 316 2607 371 EPIST.
2652 318 2791 372 V111.

1536 5210 1582 5243 ⁸³
1627 5209 1670 5264 Il
1714 5213 1844 5268 Cor.
1884 5228 1985 5281 xu,
2016 5214 2065 5266 4.

3511 318 3615 372 250

1966 442 2202 503 natura,
2261 453 2459 510 neque
2509 440 2881 511 simplicem:
2936 441 3237 514 siquidem
3290 440 3617 497 essentiam

1963 541 2101 580 cum
2127 526 2547 592 sanctimonia,
2576 528 2954 598 hs'postasim
2989 530 3187 599 angeli
3206 529 3613 599 intelligimus.

1964 616 2171 685 Itaque
2205 615 2253 669 si
2274 614 2574 687 quidquid
2609 633 2796 671 unum
2830 624 2918 674 est
2962 635 3238 685 numero,
3270 635 3457 673 unum
3509 634 3615 673 na-

1963 705 2099 758 tura
2156 720 2275 759 non
2326 709 2432 774 est,
2467 710 2522 760 et
2564 706 2731 777 quod
2783 712 2997 762 natura
3027 724 3218 762 unum
3266 724 3335 763 ac
3362 706 3617 779 simplex

1962 796 2074 861 est,
2109 809 2296 848 unum
2331 810 2585 850 numero
2616 811 2739 850 non
2770 802 2875 858 est,
2907 812 3017 851 nos
3048 802 3248 851 autem
3280 801 3463 852 Deum
3513 812 3617 853 na-

1962 886 2102 937 tura
2135 898 2321 937 unum
2361 884 2660 949 dicimus;
2713 885 3026 956 quomodo
3074 885 3249 940 nobis
3296 901 3615 940 numerum

1966 970 2285 1040 afﬁngunt,
2318 989 2499 1045 quem
2530 989 2784 1046 prorsus
2811 990 2845 1029 a
2884 974 3063 1031 beata
3091 975 3195 1030 illa
3224 991 3294 1029 ac
3325 974 3618 1046 spirituali

1964 1065 2182 1116 natura
2240 1064 2637 1118 amovemus‘?
2689 1067 2983 1120 Numerus
3030 1065 3191 1141 enim
3236 1064 3491 1136 pertinet
3537 1063 3617 1118 ad

1964 1151 2404 1221 quantitatem:
2453 1154 2761 1224 quantitas
2820 1171 2963 1209 vero
3029 1153 3327 1226 corporali
3385 1157 3615 1208 naturae

1966 1240 2289 1309 conjuncta
2340 1246 2464 1308 est;
2517 1257 2806 1297 numerus
2860 1259 3004 1313 ergo
3054 1259 3356 1315 corporeae
3396 1246 3486 1297 est
3513 1256 3618 1297 na-

1965 1333 2133 1382 turae.
2166 1333 2236 1383 At
2277 1330 2597 1385 Dominum
2654 1337 2927 1387 nostrum
2972 1348 3297 1404 corporum
3337 1332 3615 1404 opificem

1965 1432 2096 1471 es<e
2124 1418 2445 1473 credimus.
2475 1420 2849 1491 Quapropter
2881 1427 2935 1475 et
2970 1436 3260 1475 numerus
3300 1420 3497 1475 omnis
3545 1434 3617 1475 ea

1965 1506 2260 1575 designat,
2292 1524 2428 1579 qum
2465 1508 2840 1564 materialem
2870 1525 2938 1564 ac
2966 1510 3483 1580 circumscriptam
3513 1524 3614 1563 na-

1964 1598 2163 1649 turam
2197 1596 2403 1650 sortita
2436 1602 2573 1651 sunt
2603 1613 2614 1651 :
2652 1613 2866 1651 monas
2898 1614 3039 1653 vero
3072 1603 3126 1653 et
3155 1599 3352 1653 unitas
3383 1596 3616 1668 simpli-

1966 1686 2052 1738 cis
2084 1700 2154 1738 ac
2182 1684 2806 1756 incomprehensibilis
2838 1688 3112 1741 essentia:
3154 1687 3408 1757 insigne.
3444 1686 3616 1752 Quis-

1895 1772 2101 1844 Bquis
2139 1774 2319 1843 igitur
2374 1789 2695 1829 numerum
2757 1780 2863 1830 aut
2916 1782 3253 1831 creaturam
3304 1776 3619 1831 confitetur

1972 1862 2176 1917 Filium
2235 1863 2351 1932 Dei,
2406 1868 2509 1917 aut
2578 1863 2861 1935 Spirituzn
2914 1870 3214 1932 sanctum,
3264 1864 3618 1936 imprudens

1968 1951 2340 2007 materialem
2384 1968 2452 2007 ac
2493 1952 3008 2024 circumscriptam
3057 1960 3336 2009 naturam
3367 1952 3616 2007 inducit.

1968 2040 2499 2111 Circumscriptam
2534 2047 2735 2096 autem
2767 2042 2924 2108 dico,
2955 2059 3075 2097 non
3116 2042 3299 2097 modo
3326 2058 3457 2096 eam
3481 2056 3617 2113 quas

1966 2129 2097 2185 loco
2130 2129 2611 2195 continetur,sed
2639 2130 2819 2185 etiam
2850 2147 3036 2203 quam
3071 2131 3435 2203 praenotione
3458 2146 3620 2185 com-

1966 2219 2281 2291 prehendit
2314 2220 2381 2288 is,
2417 2219 2519 2290 qui
2552 2220 2751 2291 ipsam
2784 2236 2813 2273 e
2842 2220 3029 2276 nihilo
3062 2221 3469 2293 producturus
3506 2222 3615 2288 est,

1964 2324 2225 2381 quaeque
2272 2308 2522 2364 scientia
2553 2310 2986 2381 comprehendi
3043 2316 3259 2383 potest.
3312 2308 3618 2380 Quidquid

1964 2400 2145 2469 igitur
2169 2404 2441 2454 sanctum
2476 2404 2581 2465 est,
2610 2399 2794 2455 habet
2832 2405 3030 2455 autem
3061 2407 3340 2456 naturam
3363 2399 3617 2454 circum-

1966 2488 2273 2560 scriptam,
2313 2493 2368 2543 et
2420 2488 2815 2543 adventitiam
2856 2490 3253 2555 sanctitatem,
3288 2488 3621 2544 obnoxium

1967 2593 2103 2632 esse
2151 2582 2347 2649 potest
2406 2578 2675 2633 malitiae.
2750 2578 2923 2633 Filius
2986 2584 3209 2644 autem,
3269 2584 3327 2633 et
3370 2578 3622 2650 Spiritus

1971 2672 2237 2735 sanctus,
2293 2666 2426 2721 fons
2473 2672 2563 2722 est
2618 2667 3055 2738 sanctimoniae,
3108 2668 3268 2723 unde
3319 2666 3627 2723 rationalis

1968 2769 2226 2825 quaeque
2249 2761 2524 2811 creatura
2545 2770 2653 2828 pro
2676 2757 2907 2812 virtutis
2930 2758 3160 2813 ratione
3194 2757 3631 2813 sanctificatur.

2044 2847 2093 2898 3.
2131 2847 2265 2907 Nos,
2300 2845 2637 2900 secundum
2662 2862 2865 2901 veram
2900 2846 3262 2914 doctrinam,
3297 2861 3494 2916 neque
3546 2844 3629 2899 si-

1971 2933 2198 2997 milem,
2256 2949 2450 3004 neque
2508 2934 2870 2989 dissimilem
2903 2936 3057 2990 Patri
3109 2935 3320 2989 Filium
3350 2934 3629 2989 dicimus.

1974 3027 2119 3079 Nam
2148 3039 2320 3095 asque
2348 3030 2671 3096 utrumque
2702 3024 2920 3079 horum
2952 3028 3273 3096 repugnat.
3317 3024 3630 3078 Enimvero

1903 3139 1942 3194 ρ
1973 3113 2165 3170 simile
2193 3120 2247 3168 et
2291 3113 2606 3181 dissimile,
2649 3115 3008 3187 qualitatum
3041 3114 3248 3170 habita
3278 3114 3511 3170 ratione
3538 3112 3632 3168 di-

1972 3209 2188 3259 cuntur
2222 3222 2233 3258 :
2270 3206 2423 3258 Deus
2454 3208 2653 3259 autem
2690 3204 2842 3259 liber
2871 3210 2959 3259 est
2990 3221 3023 3260 a
3062 3204 3371 3276 qualitate.
3407 3202 3631 3259 Verum

1969 3293 2341 3349 identitatem
2374 3298 2608 3349 naturae
2636 3294 2990 3349 conﬁtentes
3030 3298 3087 3349 et
3113 3291 3627 3349 consubstantiale

1970 3383 2436 3453 admittimus,et
2455 3384 2956 3455 compositionem
2972 3383 3267 3453 fugimus;
3290 3398 3427 3437 cum
3450 3382 3500 3436 is
3522 3380 3627 3454 qui

1972 3474 2309 3529 secundum
2342 3474 2663 3529 essentiam
2712 3477 2866 3529 Deus
2898 3479 2953 3529 et
2984 3474 3156 3529 Pater
3186 3478 3292 3539 est,
3324 3476 3507 3529 Deum
3540 3487 3627 3528 se-

1969 3565 2239 3619 cundum
2258 3564 2582 3619 essentiam
2606 3569 2662 3619 et
2682 3564 2887 3619 Filium
2909 3565 3196 3633 genuerit.
3220 3566 3297 3618 Ex
3328 3564 3442 3618 hoc
3463 3562 3624 3617 enim

1970 3653 2485 3709 consubstantiale
2516 3654 2870 3709 ostenditur.
2906 3657 3052 3708 Nam
3085 3657 3236 3708 Deus
3287 3651 3623 3707 secundum

1970 3744 2295 3799 essentiam
2312 3747 2430 3798 Deo
2449 3743 2785 3798 secundum
2801 3744 3128 3797 essentiam
3144 3740 3626 3797 consubstantia-

1970 3833 2063 3888 lis.
2095 3833 2403 3905 Siquidem
2437 3838 2493 3887 et
2522 3832 2705 3887 homo
2738 3832 2956 3886 dicitur
2990 3831 3165 3895 deus,
3197 3830 3359 3885 velut
3402 3831 3463 3885 in
3512 3831 3629 3885 hoc

1970 3922 2124 3987 loco,
2154 3923 2281 3992 Ego
2310 3924 2474 3977 dixi:
2500 3924 2599 3977 Dii
2617 3923 2754 3977 estis
2781 3922 2851 3977 ³⁵.
2875 3922 3027 3986 Quin
3062 3920 3241 3975 etiam
3264 3919 3506 3975 dtemon
3534 3936 3634 3992 ap-

1973 4012 2228 4085 pellatur
2253 4012 2421 4076 deus,
2445 4012 2781 4067 secundum
2804 4010 2971 4075 illud,
2995 4012 3094 4065 Dii
3121 4012 3387 4080 gentium
3416 4010 3607 4067 (ἰωνηο

1974 4104 2076 4157 nia
2103 4103 2171 4155 ³⁷.
2208 4102 2322 4157 Sed
2364 4101 2445 4156 illi
2478 4101 2726 4172 quidem
2762 4118 2829 4155 ex
2860 4100 3044 4167 dono,
3075 4100 3133 4154 hi
3166 4115 3309 4155 vero
3340 4115 3411 4154 ex
3461 4114 3631 4153 men-

1973 4192 2148 4247 dacio
2169 4208 2394 4247 nomen
2421 4192 2745 4263 accipiunt.
2770 4193 2922 4245 Deus
2944 4206 3086 4245 vero
3119 4189 3282 4244 solus
3307 4193 3393 4244 est
3425 4204 3637 4244 secun-

1973 4283 2120 4337 dum
2156 4282 2480 4336 essentiam
2508 4283 2679 4335 Deus.
2710 4283 2853 4335 Cum
2901 4284 3100 4334 autem
3138 4279 3294 4346 dico,
3329 4280 3510 4337 solus.
3545 4294 3633 4332 es-

1973 4370 2229 4424 sentiam
2264 4370 2363 4423 Dei
2396 4373 2671 4423 sanctam
2703 4373 2757 4422 et
2786 4368 3115 4421 increatam
3150 4365 3445 4435 significo.
3479 4368 3627 4420 Nam

1972 4474 2089 4514 vox
2110 4460 2291 4522 solus,
2322 4462 2378 4512 et
2394 4458 2468 4512 de
2501 4474 2621 4513 uno
2642 4455 2843 4527 aliquo
2876 4456 3140 4523 homine,
3170 4461 3225 4510 et
3250 4456 3322 4510 de
3345 4455 3627 4511 universa

1973 4565 2219 4620 prorsus
2251 4554 2467 4603 natura
2485 4547 2719 4602 dicitur.
2752 4550 2829 4601 De
2858 4561 2979 4600 uno
3010 4545 3233 4618 aliquo,
3275 4546 3438 4601 velut
3486 4561 3625 4600 cum

1974 4639 2138 4693 verbi
2190 4639 2380 4708 gratia
2429 4638 2651 4693 dicitur
2704 4636 2777 4690 de
2851 4635 3052 4705 Paulo,
3116 4634 3313 4689 solum
3378 4640 3625 4707 raptum

1972 4743 2103 4781 esse
2149 4728 2225 4782 ad
2258 4728 2494 4782 tertium
2526 4741 2718 4797 usque
2760 4724 3003 4787 ccelum,
3027 4729 3083 4778 et
3126 4722 3367 4778 audisse
3402 4739 3627 4779 arcana

1971 4816 2177 4882 verba,
2205 4832 2340 4888 quae
2373 4830 2494 4871 non
2525 4815 2700 4870 liceat
2728 4814 2959 4869 homini
2988 4813 3153 4886 loqui
3186 4814 3233 4849 ³⁸
3262 4830 3273 4867 :
3307 4813 3382 4867 de
3412 4818 3631 4868 natura

1972 4922 2110 4962 vero
2146 4906 2438 4971 universa,
2467 4904 2625 4959 velut
2646 4920 2784 4959 cum
2809 4902 2996 4958 David
3024 4903 3165 4958 dicit
3190 4920 3201 4957 :
3238 4904 3449 4971 Homo,
3478 4904 3631 4957 sicut

1966 4999 2178 5067 fenum
2204 4996 2325 5050 dies
2340 4995 2543 5064 ejus”.
2572 4994 2671 5049 Hic
2690 4992 2850 5048 enim
2872 5008 2993 5047 non
3006 4993 3315 5048 hominem
3342 4992 3629 5062 aliquem,

1974 5086 2081 5141 sed
2109 5086 2453 5140 universam
2470 5089 2752 5138 naturam
2780 5082 3038 5138 indicat:
3063 5098 3206 5138 nam
3230 5082 3427 5136 omnis
3444 5080 3632 5135 homo

2146 5210 2192 5244 ³9
2237 5206 2393 5265 Psal.
2426 5222 2519 5272 cn,
2557 5211 2640 5262 15.

2050 5336 2160 5404 (58)
2198 5334 2291 5385 “liv
2322 5338 2431 5386 καὶ.
2466 5336 2596 5389 MSS.
2632 5336 2687 5387 et
2719 5332 2872 5404 edit.
2912 5330 3283 5404 Basil.6_xa¢.

2044 5401 2161 5475 (i396)
2197 5406 2253 5457 Ὀ
2313 5407 2584 5476 ἄνθρωπος
2658 5403 2998 5476 Articulus”
3028 5401 3268 5456 additus
3302 5471 3312 5476 _
3344 5414 3415 5453 ex
3460 5414 3625 5476 _mss.

1973 5467 2218 5533 deest'in
2249 5467 2440 5531 editis.
2472 5476 2697 5531 ibidem
2720 5476 2843 5529 duo
2867 5473 3103 5527 codices
3126 5487 3276 5527 mss.
3302 5467 3513 5529 Ἐπειδὴ
3546 5467 3625 5529 δέ.

2046 5551 2158 5623 (60)
2199 5554 2357 5623 Δέγῃ.
2395 5549 2507 5604 Sic.
2544 5564 2690 5604 mss.
2726 5545 2876 5602 Editi
2906 5544 3056 5619 λέγει.
