4070 6194
548 309 645 362 251
1922 297 1979 352 S.
2019 293 2273 352 BASILII
2309 293 2550 351 MAGNI.

3797 295 3905 348 252

550 427 957 502 temporarius
1003 428 1060 482 et
1087 425 1379 482 mortalis.
1415 423 1508 481 Sic
1560 420 1949 491 intelligimus
1986 418 2060 473 de
2092 433 2201 473 na~

2314 418 2451 487 ἔχων
2506 415 2838 468 ἀθανασίαν·
2898 420 3008 483 καὶ,
3058 418 3209 487 Μόνῳ
3272 422 3412 487 σοφῷ
3487 423 3599 486 Θεῷ
3666 420 3756 467 xui
3822 417 3899 485 τὸ,

550 523 684 576 tura
710 518 872 573 dicta
897 531 1031 571 esse
1053 520 1107 571 et
1137 514 1235 570 illa
1265 532 1277 569 :
1315 514 1431 582 Qui
1456 513 1617 568 solus
1642 510 1818 567 habet
1852 507 2204 564 immortali-

552 614 731 665 tatem
765 610 849 675 ‘0;
883 611 956 673 et,
982 607 1113 662 Soli
1131 605 1392 673 sapienti
1410 604 1531 658 Deo
1560 603 1604 636 ⁴¹
1633 620 1645 669 ;
1676 606 1748 670 et,
1778 601 1962 655 Nemo
1995 598 2201 664 bonus,

550 701 669 756 nisi
695 713 850 753 unus
879 698 1036 752 Deus
1066 697 1131 748 ⁸³.
1170 694 1268 749 Hic
1295 693 1458 747 enim
1491 706 1646 747 unus
1679 689 1975 759 signiﬁcat
2016 686 2199 752 idem,

550 790 716 861 quod
768 788 950 842 solus.
1014 788 1100 851 Et,
1135 784 1250 851 Qui
1285 782 1551 839 extendit
1599 781 1814 836 cretum
1845 779 2005 833 solus
2032 776 2114 841 t3;
2148 778 2205 831 et

549 894 779 944 rursus,
798 877 1115 931 Dominum
1147 877 1332 931 Deum
1369 880 1537 927 tuum
1559 871 1863 935 adorabis,
1892 874 1945 925 et
1977 868 2075 922 illi
2091 866 2210 921 soli

547 967 765 1021 servies
789 966 868 1029 ‘t;
895 968 970 1029 et,
996 964 1131 1018 Non
1154 969 1240 1019 est
1264 963 1419 1017 Deus
1433 966 1659 1029 praeter
1678 973 1769 1014 me
1790 959 1855 1008 t5.
1880 958 2027 1011 Nam
2048 969 2203 1009 unus

550 1060 605 1111 et
628 1056 790 1109 solus
816 1053 891 1108 de
924 1055 1043 1108 Deo
1074 1052 1358 1107 dicuntur
1384 1050 1498 1120 83
1529 1050 1590 1103 in
1625 1048 1928 1119 Scriptura
1960 1060 2082 1099 non
2126 1042 2204 1099 ad

548 1142 995 1199 distinctionem
1025 1158 1061 1198 a
1110 1142 1251 1197 Filio
1293 1145 1397 1195 aut
1440 1138 1664 1211 Spiritu
1707 1140 1937 1203 sancto,
1969 1134 2075 1189 sed
2101 1133 2205 1188 ad-

549 1248 758 1287 versus
790 1247 892 1287 eos
937 1231 1041 1303 qui
1066 1236 1227 1285 cum
1258 1229 1340 1284 dii
1389 1241 1512 1283 ron
1542 1227 1678 1291 sint,
1708 1225 1791 1279 dii
1820 1230 2021 1280 tamen
2054 1222 2203 1277 falso

550 1321 963 1385 nominantur,
990 1324 1052 1375 ut
1072 1324 1158 1374 est
1181 1318 1324 1374 illud
1350 1335 1361 1372 :
1398 1318 1673 1372 Daminus
1692 1316 1854 1369 solus
1884 1314 2061 1369 duxit
2087 1328 2199 1382 eos,

549 1419 742 1467 etnon
773 1415 901 1465 erat
937 1424 1068 1463 cum
1101 1409 1181 1463 eis
1206 1408 1351 1462 deus
1382 1407 1617 1462 alienus
1640 1406 1716 1471 ‘6;
1745 1407 1820 1470 et,
1840 1403 2204 1457 Eaerlerunt

544 1500 661 1567 ﬁlii
693 1499 881 1554 Israel
916 1498 1180 1561 Baalim,
1210 1504 1263 1552 et
1292 1510 1537 1552 nemora
1571 1492 1888 1560 Astaroth,
1915 1497 1967 1547 et
1994 1492 2207 1546 servie-

551 1587 691 1642 bant
726 1588 977 1643 Domino
999 1588 1114 1642 soli
1141 1588 1206 1641 Π.
1241 1588 1304 1640 Et
1333 1586 1547 1640 iterum
1570 1581 1786 1638 Paulus
1820 1598 1831 1632 :
1866 1582 2035 1635 Sicut
2065 1585 2203 1634 sunt

552 1678 642 1733 dii
664 1679 864 1746 multi,
882 1683 934 1733 et
959 1677 1187 1732 domini
1205 1676 1401 1739 multi,
1426 1672 1593 1728 nobis
1624 1679 1821 1745 tamen
1849 1685 2003 1724 unus
2024 1671 2201 1735 Deus,

2314 502 2501 566 Οὐδεὶς
2554 504 2749 576 ἀγαθὸς
2797 504 2839 557 εἰ
2891 510 2963 576 μὴ
3034 507 3104 566 εἷς
3172 506 3197 556 6
3247 509 3393 567 Θεὸς.
3451 508 3519 557 T6
3549 506 3651 579 ’γὰρ
3709 506 3778 565 εἷς
3822 503 3903 556 ἐν-

2310 597 2479 647 ταῦθα
2534 603 2606 664 τῷ
2663 598 2813 666 μόνος
2867 599 3052 646 ταυτὸν
3095 590 3267 651 δηλοῖ·
3327 598 3417 646 καὶ
3455 598 3534 659 τό,
3584 594 3640 645 Ὀ
3679 597 3906 655 τανύσας

2312 687 2399 735 τὸν
2453 684 2664 757 οὐρανόν
2716 686 2890 755 μόνος·
2950 688 3040 735 καὶ
3084 682 3258 735 πάλιν·
3322 688 3496 757 Κυρίῳ
3548 691 3619 753 τῷ
3663 690 3774 752 Θεῷ
3807 702 3902 735 σου

2311 779 2714 846 προσκυνήσεις,
2788 778 2873 825 καὶ
2948 772 3087 844 αύτῷ
3170 776 3307 844 μόνῳ
3390 771 3685 846 λατρεύσεις
3718 789 3731 802 ·
3818 776 3907 823 καὶ

2311 865 2389 928 τὸ,
2426 862 2537 914 Ούκ
2586 865 2697 914 ἔστι
2742 865 2867 922 Θεὸς
2932 862 3062 920 πλὴν
3121 860 3265 932 ἐμου,
3319 865 3389 914 Τὸ
3427 859 3525 933 γάρ
3576 860 3647 923 εἶς
3686 866 3773 913 καὶ
3797 865 3901 933 μὸ-

2311 971 2397 1013 νος
2445 950 2527 1003 ἐπὶ
2582 959 2716 1005 Θεοῦ
2756 956 2869 1018 (61)
2899 950 2947 1002 ἐν
2978 958 3039 1023 τῇ
3091 958 3267 1026 Γραφῇ
3307 951 3365 1002 ού
3414 954 3543 1025 πρὸς
3575 948 3906 1003 ἀντιδιαστο-

2311 1039 2403 1098 λην
2450 1047 2541 1091 τοῦ
2574 1042 2696 1093 Υὶοῦ
2749 1040 2775 1099 ἣ
2833 1048 2924 1092 τοῦ
2962 1041 3113 1112 ἁγίου
3168 1044 3462 1113 Πνεύματος
3504 1039 3728 1111 λέγεται,
3779 1037 3910 1090 ἀλλά

2311 1134 2442 1204 πρὸς
2490 1134 2612 1192 τούς
2657 1134 2727 1202 μη
2788 1133 2937 1192 ὄντας
2991 1132 3156 1196 θεοὺς,
3209 1130 3617 1202 ὀνομαζομένους
3672 1126 3731 1181 δε
3784 1128 3910 1197 ψευ·

2316 1215 2439 1281 δοῦς’
2497 1223 2559 1280 ὡς
2613 1224 2693 1283 τὸ,
2755 1223 2938 1293 Κύριος
3005 1225 3154 1292 μόνος
3199 1217 3318 1291 ἦγεν
3375 1219 3583 1282 αύτούς·
3627 1224 3738 1284 καὶ,
3796 1217 3906 1270 Ούκ

2314 1305 2374 1366 ἦν
2435 1309 2544 1381 μετ’
2584 1309 2751 1361 αύτῶν
2799 1312 2929 1371 Θεὸς
2997 1307 3276 1381 ἀλλότριος·
3361 1313 3451 1361 καὶ
3519 1308 3595 1375 τὸ,
3653 1307 3905 1380 Περιείλον

2496 1400 2610 1468 (62)
2691 1397 2903 1471 Ἰσραὴλ
2972 1401 3038 1450 τὰ
3129 1397 3373 1471 Βααλεὶμ,

2316 1488 2609 1561 Ἀσταρὼθ,
2672 1493 2761 1539 καὶ
2818 1484 3087 1540 ἐδούλευον
3158 1492 3331 1561 Κυρίῳ
3394 1494 3551 1559 μόνῳ·
3602 1491 3691 1539 καὶ
3754 1485 3906 1539 πάλιν

2313 1400 2417 1449 υἱοὶ
2496 1400 2610 1468 (62)
2691 1397 2903 1471 Ἰσραὴλ
2972 1401 3038 1450 τὰ
3129 1397 3373 1471 Βααλεὶμ,
3451 1403 3539 1450 καὶ
3617 1400 3685 1450 τά
3767 1396 3901 1454 ἄλση

2314 1579 2339 1628 6
2397 1577 2617 1639 Παῦλος·
2690 1576 2889 1650 Ὠσπερ
2966 1577 3069 1629 εἰσὶ
3150 1578 3254 1629 θεοὶ
3321 1576 3518 1646 πολλοὶ,
3569 1582 3658 1628 καὶ
3736 1579 3908 1648 κύριοι

2312 1666 2513 1735 πολλοὶ,
2568 1665 2673 1718 ἀλλ’
2746 1668 2870 1737 ημῖν
2922 1667 2991 1727 εἷς
3049 1669 3197 1730 Θεὸς,
3256 1668 3281 1717 ό
3367 1671 3567 1737 Πατὴρ,
3628 1664 3680 1727 ἐξ
3727 1665 3785 1718 ού
3843 1669 3909 1717 τα

546 1768 753 1832 Pater,
778 1781 839 1823 ea
874 1782 987 1837 quo
1020 1765 1241 1828 omnia,
1267 1770 1319 1819 el
1348 1778 1503 1816 unus
1533 1761 1813 1815 Dominus
1836 1760 2006 1813 Jesus
2035 1757 2201 1813 Chri-

2314 1759 2503 1825 πάντα,
2570 1759 2681 1823 καὶ,
2757 1757 2828 1814 εἰς
2912 1758 3120 1829 Κύριος,
3166 1755 3373 1816 Ἰησους
3438 1758 3670 1828 Χριστὸς
3719 1751 3790 1806 δι’
3847 1754 3909 1805 οὗ

547 1862 693 1921 stus,
721 1871 834 1924 per
876 1870 1049 1924 quem
1100 1855 1302 1909 omnia
1329 1854 1395 1909 ’⁸.
1443 1854 1658 1907 Verum
1710 1848 1807 1903 hic
1849 1846 2201 1918 quierimus,

2314 1849 2378 1898 τὰ
2459 1847 2648 1899 πάντα.
2719 1843 2872 1898 Ἀλλά
2944 1844 3198 1917 ζητοῦμεν
3290 1843 3533 1909 ἐνταῦθα,
3615 1852 3745 1911 πῶς,
3819 1844 3912 1905 Εἷς

546 1944 853 2016 quomodo
884 1961 1022 1998 cum
1054 1942 1324 2009 dixisset,
1366 1944 1529 1998 Unus
1570 1941 1741 2001 Deus,
1774 1953 1846 1993 ea
1883 1952 2029 1991 voce
2081 1952 2204 1992 non

545 2033 723 2088 fuerit
751 2038 1067 2088 contentus
1092 2033 1373 2101 (diximus
1403 2030 1585 2093 enim,
1617 2044 1753 2083 cum
1772 2027 1934 2081 solus
1962 2031 2019 2080 et
2048 2042 2203 2081 unus

545 2122 621 2178 de
649 2126 766 2177 Deo
799 2123 1102 2187 dicuntur,
1142 2121 1466 2190 significari
1496 2118 1798 2187 naturam)
1845 2115 1952 2169 sed
2001 2122 2054 2171 et
2097 2132 2202 2173 vo-

546 2228 675 2267 cem
716 2214 903 2267 Pater
931 2210 1301 2284 apposuerit,
1335 2215 1391 2265 et
1441 2209 1650 2266 Christi
1700 2204 1905 2262 fecerit
1953 2206 2202 2260 mentio-

546 2318 707 2356 nem.
767 2302 1053 2373 Suspicor
1078 2302 1279 2373 itaque
1311 2300 1689 2356 existimasse
1745 2300 1861 2355 hoc
1918 2297 2051 2356 loco
2094 2313 2203 2352 vas

546 2389 851 2444 electionis
901 2389 1171 2455 Paulum,
1220 2389 1365 2444 satis
1418 2404 1541 2444 non
1594 2404 1731 2444 esse
1780 2386 2202 2445 tantummodo

548 2481 735 2533 Deum
772 2478 1000 2543 Filium,
1029 2483 1085 2533 et
1108 2481 1294 2533 Deum
1351 2479 1635 2549 Spiritum
1667 2483 1944 2533 sanctum
1991 2476 2202 2549 praedi-

544 2585 676 2623 care
703 2586 715 2634 ;
748 2568 804 2623 id
837 2568 1003 2640 quod
1035 2584 1138 2639 per
1160 2568 1507 2636 dictionem,
1543 2569 1703 2624 Unus
1734 2569 1906 2633 Deus,
1939 2566 2203 2622 declara-

542 2663 729 2724 verat,
766 2657 881 2712 nisi
921 2661 1212 2728 praeterea
1253 2672 1359 2728 per
1389 2656 1791 2727 adjectionern
1819 2658 2040 2723 Patris,
2063 2671 2202 2711 eum

542 2763 615 2802 ex
647 2762 768 2818 quo
794 2746 997 2801 omnia
1020 2750 1180 2811 sunt,
1212 2746 1607 2817 exprimeret;
1632 2750 1687 2800 et
1706 2761 1812 2817 per
1835 2747 2200 2800 mentionem

544 2836 803 2899 Domini,
837 2836 1096 2890 Verbum
1130 2852 1237 2907 per
1262 2834 1427 2906 quod
1460 2835 1668 2889 omnia
1710 2840 1870 2897 sunt,
1905 2833 2201 2903 signiﬁca-

536 2930 648 2993 ret,
681 2931 738 2980 et
780 2940 1013 2987 rursus,
1048 2940 1152 2996 per
1180 2927 1319 2979 Jesu
1366 2924 1580 2979 Christi
1609 2923 2080 2994 adjunctionem,
2110 2923 2198 2978 in-

536 3013 954 3075 carnationem
976 3013 1380 3079 annuntiaret,
1397 3016 1454 3067 et
1469 3013 1823 3084 passionem
1853 3017 2102 3084 poneret
2121 3012 2200 3067 ob

535 3103 787 3159 oculos:
831 3108 889 3158 et
939 3102 1437 3158 resurrectionem
1480 3106 2007 3157 commonstraret.
2052 3104 2199 3156 Nam

2314 3100 2456 3158 στὸς,
2501 3100 2594 3157 τάς
2642 3099 2889 3157 τοιαύτας
2941 3095 3130 3155 ἐννοίας
3182 3098 3307 3167 ἡμῖν
3370 3095 3619 3169 ἐμφαίνει.
3671 3100 3757 3148 Διὸ
3824 3102 3921 3147 καὶ

539 3191 707 3261 illud,
734 3194 907 3247 Jesus
942 3192 1225 3256 Christus,
1260 3191 1536 3247 notiones
1570 3191 1715 3247 tales
1745 3190 1924 3246 nobis
1951 3190 2196 3246 indicat.

2314 3191 2408 3257 πρὸ
2464 3194 2555 3237 τοῦ
2619 3188 2818 3247 πάθους
2872 3192 3203 3259 παραιτεῖται
3255 3187 3280 3235 6
3333 3189 3524 3259 Κύριος
3547 3185 3750 3246 Ἰησοῦς
3776 3192 3919 3259 Χρι-

539 3283 919 3352 Quapropter
940 3282 1118 3337 etiam
1160 3281 1449 3336 Dominus
1498 3285 1637 3335 ante
1681 3281 2032 3352 passionem
2075 3294 2197 3335 non

541 3367 670 3424 vult
699 3368 815 3424 dici
844 3372 1012 3424 Jesus
1046 3370 1334 3434 Christus,
1364 3374 1420 3424 et
1460 3368 1775 3440 discipulis
1815 3368 2106 3440 praecipit,
2137 3372 2202 3423 ut

540 3474 615 3514 ne
647 3459 934 3531 cuiquam
962 3459 1167 3513 dicant
1196 3460 1396 3530 ipsum
1428 3474 1558 3513 esse
1582 3460 1781 3513 Jesum
1807 3456 2106 3513 Christum
2128 3459 2198 3515 ‘9.

539 3547 919 3620 Propositum
942 3548 1099 3603 enim
1128 3547 1211 3602 illi
1256 3551 1381 3602 erat
1412 3551 1549 3618 post
1577 3545 1922 3601 absolutam
1960 3545 2201 3617 dispen-

540 3637 837 3693 sationem
869 3652 939 3691 ac
969 3636 1471 3692 resurrectionem
1504 3651 1574 3689 ex
1608 3635 1878 3701 mortuis,
1912 3640 1968 3691 et
1998 3634 2058 3690 in
2085 3652 2200 3691 cce-

537 3727 627 3784 los
659 3726 1164 3800 assumptionem,
1198 3730 1324 3781 tum
1355 3724 1601 3779 demum
1626 3723 1771 3795 ipsis
1803 3724 2196 3793 committere,

538 3821 604 3872 ut
640 3833 779 3872 eum
826 3820 1031 3872 Jesum
1079 3815 1379 3871 Christum
1425 3813 1845 3885 praedicarent.
1884 3814 2199 3884 Ejusmodi

539 3910 628 3961 est
655 3911 713 3961 et
744 3904 890 3960 illud
923 3922 934 3959 :
972 3906 1043 3961 Ut
1069 3908 1433 3973 cognoscant
1455 3909 1508 3957 te
1538 3903 1731 3957 solum
1760 3917 1964 3958 verum
1985 3904 2197 3973 Deum,

540 4000 595 4050 et
624 4009 796 4064 quem
834 3994 1052 4049 misisti
1078 3994 1281 4049 Jesum
1316 3992 1621 4047 Christum
1650 3993 1697 4026 ⁵ο
1728 4007 1740 4056 ;
1773 3991 1923 4047 illud
1955 3992 2195 4048 itidem:

541 4083 802 4140 Creditis
824 4084 886 4138 in
916 4085 1125 4151 Deum,
1157 4088 1211 4139 et
1254 4083 1316 4137 in
1347 4098 1439 4137 me
1488 4082 1713 4137 credite
1737 4083 1814 4135 διε
1850 4080 2074 4154 ubique
2105 4097 2200 4137 co-

540 4171 889 4241 gitationem
918 4178 1189 4226 nostram
1220 4169 1655 4242 praemuniente
1692 4169 1909 4241 Spiritu
1958 4156 2198 4240 sancto;

540 4277 616 4318 ne
668 4260 1023 4317 accedentes
1081 4259 1162 4315 ad
1228 4260 1503 4328 alterum,
1563 4260 1748 4316 altero
1802 4259 2197 4329 excidamus;

541 4366 693 4407 neve
762 4350 1076 4420 theologiaa
1126 4349 1336 4406 intenti
1381 4349 1763 4420 negligamus
1806 4348 2201 4420 dispensatio-

2314 4356 2490 4423 νομίας
2548 4358 2961 4423 καταφρονῶμεν·
3022 4355 3113 4400 καὶ
3170 4352 3384 4420 γένηται
3442 4351 3567 4421 ἡμῖν
3622 4352 3756 4401 κατά
3826 4354 3928 4401 τὸν

540 4454 679 4495 nem
703 4452 724 4508 ,·
755 4442 936 4510 atque
966 4438 1025 4492 in
1061 4438 1452 4509 impietatem,
1485 4438 1633 4493 dum
1662 4437 1723 4492 in
1774 4436 1977 4508 aliquo
2017 4438 2200 4495 oﬂen-

2314 4439 2534 4493 ἐλλεῖπον
2559 4441 2588 4496 ἡ
2625 4437 2854 4490 ἀσέϐεια.

542 4526 768 4597 dimus,
800 4526 1163 4584 incidamus.

2315 1938 2443 1994 Θεὸς
2483 1936 2593 2004 (63)
2648 1934 2885 2007 εἰρηκὼς,
2946 1934 3039 1986 ούκ
3096 1936 3326 2008 ἠρκέσθη
3390 1942 3451 2006 τῇ
3513 1941 3647 2005 φωνῇ
3702 1936 3909 2004 (ἔφαμεν

2312 2026 2432 2097 γὰρ,
2466 2025 2546 2074 ὅτι
2576 2027 2727 2094 μόνος
2755 2028 2843 2074 καὶ
2882 2026 2939 2075 τὸ
2972 2024 3038 2083 εἷς
3088 2021 3171 2074 ἐπὶ
3210 2031 3343 2075 Θεοῦ
3384 2027 3476 2081 τὴν
3526 2025 3679 2094 φύσιν
3711 2018 3906 2090 dulci},

2313 2111 2441 2164 ἀλλά
2494 2114 2685 2164 καὶτὸ
2746 2116 2922 2185 Πατὴρ
2984 2112 3297 2183 προσέθηκε,
3359 2116 3447 2163 καὶ
3508 2118 3599 2162 τοῦ
3674 2118 3908 2184 Χριστοῦ

2313 2201 2711 2274 ἐμνημόνευσεν.
2795 2200 3017 2252 ’Υπονοώ
3110 2206 3304 2267 τοίνυν,
3365 2202 3445 2251 ὅτι
3519 2199 3613 2251 ούκ
3678 2198 3909 2271 ἐξαρκεῖν

2313 2292 2456 2362 ᾠήθη
2486 2298 2572 2342 νῦν
2605 2292 2629 2342 6
2663 2289 2885 2357 Παῦλος,
2938 2294 2996 2341 τὸ
3054 2297 3237 2350 σκεῦος
3290 2298 3384 2351 τῆς
3421 2288 3652 2361 ἐκλογῆς,
3707 2292 3909 2362 κηρύσ-

2315 2399 2420 2432 σειν
2453 2385 2604 2453 μόνον
2655 2384 2781 2432 Θεὸν
2842 2382 2928 2429 τὸν
2984 2381 3122 2445 Υίὸν,
3178 2383 3267 2430 xui
3314 2382 3441 2432 Θεὸν
3489 2383 3546 2429 τὸ
3602 2385 3810 2450 Πνεῦμα
3846 2381 3906 2429 τὸ

2312 2470 2475 2541 ἅγιον,
2511 2472 2631 2543 ὅπερ
2694 2466 2787 2520 διὰ
2842 2478 2938 2529 τῆς
2986 2466 3070 2529 Εἷς
3126 2472 3248 2529 Θεὸς
3296 2465 3527 2526 ἐδήλωσε
3567 2469 3786 2542 ρήσεως,
3820 2466 3906 2519 ἐὰν

2312 2564 2382 2631 μὴ
2432 2564 2520 2611 καὶ
2577 2555 2668 2609 ὃιά
2697 2566 2787 2618 τῆς
2829 2559 3142 2631 προσθήκης
3170 2565 3262 2609 τοῦ
3296 2562 3494 2630 Πατρός
3534 2562 3620 2609 τὸν
3652 2556 3705 2619 ἐξ
3752 2554 3811 2608 οὗ
3841 2560 3910 2609 τὰ

2311 2651 2482 2701 πάντα
2529 2645 2764 2720 δηλώση-
2808 2668 2899 2699 και
2942 2644 3034 2698 διὰ
3072 2656 3166 2709 τῆς
3191 2653 3395 2720 μνήμης
3432 2654 3524 2698 τοῦ
3573 2651 3788 2721 Κυρίου,
3818 2651 3909 2699 τὸν

2312 2741 2476 2809 Λόγον
2518 2740 2602 2789 τὸν
2653 2734 2723 2789 δι’
2779 2737 2838 2788 ού
2868 2739 2934 2787 τὰ
2980 2738 3149 2788 πάντα
3202 2740 3440 2808 σημάνῃ·
3480 2742 3570 2787 καὶ
3608 2739 3779 2806 πάλιν,
3816 2732 3912 2788 diu

2310 2836 2399 2887 τῆς
2437 2828 2614 2885 Ἰησοῦ
2682 2834 2915 2899 Χριστοῦ
2973 2825 3423 2898 συμπαραληψεως
3484 2831 3577 2884 τὴν
3657 2824 3912 2897 ἐνανθρὼο

2309 2937 2472 2975 πησιν
2524 2917 2846 2989 παραγγείλῃ
2907 2920 3047 2989 (64),
3102 2921 3280 2968 καὶτὸ
3339 2919 3504 2977 πάθος
3560 2922 3914 2991 παραστήσῃ,

2311 3012 2400 3060 καὶ
2430 3012 2524 3065 τὴν
2567 3005 2855 3059 ἀνάστασιν
2906 3012 3198 3080 φανερώση.
3252 3010 3321 3059 Τὸ
3373 3009 3496 3081 γὰρ,
3550 3007 3755 3069 Ἰησοῦς
3788 3014 3920 3081 Χρι-

2313 3279 2435 3338 στὸς
2495 3273 2959 3346 καταγγελλεσθαι·
3016 3279 3105 3326 καὶ
3163 3271 3525 3326 διαστελλεται
3574 3283 3684 3336 τοῖς
3731 3276 3918 3345 μαθη-

2309 3373 2446 3435 ταῖς,
2505 3366 2589 3416 ἵνα
2632 3361 3108 3437 μηδενὶ-εἴπωσιν,
3164 3368 3243 3415 ὅτι
3294 3364 3447 3425 αὐτὸς
3511 3362 3650 3416 ἐστιν
3710 3365 3919 3424 Ἰησοῦς

2311 3460 2557 3529 Χριστὸς.
2610 3458 2887 3528 Πρὸκειται
2918 3456 3019 3525 γὰρ
3068 3453 3207 3524 αύτῷ
3247 3452 3576 3505 τελειώσαντι
3630 3457 3726 3511 τὴν
3765 3454 3916 3505 οἰκοο

2309 3547 2669 3616 νομίαν,μετά
2724 3549 2818 3602 τὴν
2868 3546 2923 3595 ἐκ
2973 3550 3160 3616 νεκρῶν
3215 3541 3501 3595 ἀνάστασιν
3558 3548 3645 3595 καὶ
3702 3548 3790 3600 την
3845 3543 3922 3603 εἰς

2309 3633 2554 3705 ούρανοῦς
2583 3632 2863 3703 ἀνάληψιν,
2896 3631 3170 3705 ἐπιτρέψαι
3231 3632 3403 3693 αύτοις
3470 3635 3755 3707 κηρύσσειν
3822 3632 3920 3684 αῦ-

2308 3725 2395 3773 τὸν
2444 3723 2649 3779 Ἰησοῦν
2689 3725 2775 3774 τὸν
2832 3725 3084 3796 Χριστὸν.
3125 3726 3372 3773 Τοιοῦτόν
3414 3719 3528 3773 ἐστι
3580 3725 3779 3787 καὶτὸ,
3804 3727 3924 3775 Ἵνα

2307 3816 2611 3883 γινώσκωσί
2692 3831 2748 3863 σε
2826 3815 2912 3863 τὸν
2977 3816 3130 3883 μόνον
3203 3810 3442 3868 ἀληθινὸν
3515 3816 3664 3879 Θεὸν,
3714 3817 3807 3864 καὶ
3859 3813 3922 3864 ὃν

2311 3900 2613 3960 ἀπέστειλας
2691 3902 2898 3958 Ἰησοῦν
2978 3904 3245 3960 Χριστὸν·
3328 3906 3418 3953 καὶ
3491 3904 3568 3960 τὸ.
3642 3905 3925 3954 nmer

2691 3902 2898 3958 Ἰησοῦν
2978 3904 3245 3975 Χριστὸν·
3328 3906 3418 3953 καὶ
3491 3904 3568 3971 τὸ,

2310 3991 2381 4053 εἰς
2431 3994 2558 4044 Θεὸν
2620 3994 2709 4041 καὶ
2776 3990 2847 4050 εἰς
2926 3988 3011 4062 ἐμὲ
3083 3992 3371 4042 πιστεύετε*
3459 3997 3735 4062 πανταχοῦ
3817 3995 3924 4048 τὴν

2308 4084 2501 4133 ἔννοιαν
2562 4083 2707 4152 ἡμῶν
2776 4079 3191 4152 ἀσφαλιζομένου
3276 4078 3403 4132 τοῦ
3451 4083 3741 4153 Πνεύματος
3822 4089 3928 4133 τοῦ

2310 4173 2487 4243 οἶγίου,
2538 4174 2621 4222 ἵνα
2676 4174 2772 4242 μὴ,
2826 4174 3029 4243 γατέρῳ
3080 4168 3500 4241 προσϐαίνοντες,
3557 4171 3777 4243 θατέρὸυ
3859 4169 3927 4223 ἐκ

2309 4267 2596 4333 πίπτωμεν·
2641 4264 2730 4311 καὶ
2787 4267 2848 4330 τῇ
2922 4258 3158 4331 θεολογίᾳ
3215 4262 3583 4331 προσέχοντες,
3631 4269 3725 4321 τῆς
3777 4260 3928 4312 οἰκο-

617 4621 667 4673 4.
703 4617 895 4672 Verba
930 4621 1132 4672 autem
1165 4616 1384 4672 divinae
1432 4616 1767 4689 Scripturaa,
1800 4634 1936 4688 qua»
1963 4624 2204 4691 arrepta

544 4707 956 4771 adversarii,et
973 4707 1047 4762 ad
1078 4723 1251 4762 suam
1274 4707 1544 4780 ipsorum
1564 4708 1922 4762 sententiam
1945 4709 2199 4778 detorta,

543 4795 720 4852 nobis
769 4796 847 4852 ad
895 4796 1269 4852 eversionem
1336 4795 1667 4867 majestatis
1711 4796 2006 4865 Unigeniti
2054 4798 2202 4870 obji-

543 4885 729 4952 ciunt,
762 4884 940 4941 simili
971 4885 1155 4941 modo
1189 4885 1628 4958 expendamus,
1662 4885 1971 4941 notionem
1994 4902 2202 4945 eorum

617 5011 664 5045 ‘0
706 5014 723 5065 l
756 5010 903 5066 Tim.
936 5026 1015 5077 v1,
1053 5013 1137 5065 16.

544 5086 633 5139 39.
712 5084 757 5117 ⁴⁶
797 5081 945 5138 ibid.
1022 5084 1103 5136 12.

546 5155 591 5190 ⁵¹
632 5155 806 5210 Joan.
844 5171 957 5217 xxv,
993 5158 1038 5208 t.

550 5315 561 5327 .
616 5246 730 5314 (6t)
765 5244 881 5297 Ἐπὶ
922 5251 1055 5297 Θεοῦ
1084 5242 1234 5298 Editi
1255 5240 1490 5297 addunt
1521 5241 1860 5306 articulum,
1899 5242 2008 5298 sed
2034 5243 2202 5299 deest

548 5330 901 5457 ln($?sl'ioi.
933 5389 1093 5443 Hanc
1137 5400 1351 5457 vocem,
1393 5383 1676 5457 addimus
1725 5400 1793 5438 ex
1837 5386 1976 5454 Reg.
2019 5386 2200 5443 Paulo

550 5464 687 5531 post
710 5456 837 5514 duo
871 5476 1013 5513 mss.
1049 5460 1242 5530 ὥσπερ.
1280 5456 1425 5512 Editi
1449 5459 1611 5529 εἴπερ.

626 5532 741 5597 (63)
783 5532 867 5592 Εἷς
902 5534 1050 5591 Θεὸς.
1095 5527 1353 5583 Primam
1376 5527 1588 5583 vocem
1634 5527 1918 5583 addimus
1948 5544 2021 5583 ex
2052 5544 2199 5584 mss.

555 5599 737 5658 Paulo
794 5606 933 5676 post
961 5601 1020 5659 in
1069 5600 1207 5659 cod.
1258 5601 1400 5671 Reg.
1444 5600 1659 5672 legitur
1697 5604 1754 5652 τὸ
1797 5606 2004 5672 Πνεῦμα
2042 5619 2204 5671 προσ-

1208 5012 1251 5046 ⁴¹
1288 5012 1456 5065 Rom.
1500 5024 1614 5073 xvx,
1647 5010 1736 5063 27.

1212 5083 1256 5117 ‘7
1302 5085 1317 5135 l
1388 5084 1529 5149 Reg.
1568 5096 1665 5147 vn,
1717 5084 1769 5136 4.

1812 5009 1856 5044 ⁶²
1900 5012 2033 5065 Luc.
2071 5028 2223 5079 xvul,
2260 5013 2342 5068 19.

1880 5083 1927 5116 ⁸³
1964 5085 1985 5137 l
2025 5084 2155 5139 Cor.
2198 5100 2319 5155 vui,
2371 5089 2423 5153 5,
2458 5087 2509 5138 6.

2384 4622 2433 4673 4.
2464 4620 2539 4670 Τά
2580 4613 2638 4670 δε
2683 4619 2898 4691 ῥήματα
2950 4624 3038 4676 τῆς
3100 4618 3238 4677 θείας
3288 4622 3512 4691 Γραφῆς,
3554 4617 3681 4689 οἱπερ
3713 4615 3932 4689 λαμϐά-

2312 4727 2482 4770 νοντες
2527 4710 2576 4759 οἱ
2630 4705 2968 4779 ἀντικείμενοι
3026 4710 3112 4757 καὶ
3175 4702 3570 4779 διαστρέφοντες
3615 4709 3748 4779 πρὸς
3823 4713 3934 4766 τήν

2314 4798 2505 4849 οἰκείαν
2557 4792 2864 4853 συνείδησιν
2914 4795 2985 4856 εἰς
3026 4796 3332 4867 καθαίρεσιν
3362 4802 3456 4855 τῆς
3499 4792 3656 4858 δόξης
3686 4803 3780 4847 τοῦ
3815 4803 3937 4849 Μο-

2313 4894 2549 4960 νογενοῦς
2590 4889 2712 4959 ἡμῖν
2770 4890 3137 4960 προφέρουσιν·
3208 4885 3370 4945 ούτως
3420 4883 3732 4958 ἐξετάσωμεν
3777 4890 3939 4968 (65),

2413 5014 2459 5047 ⁸⁸
2492 5011 2623 5066 Job.
2670 5027 2738 5078 Ix,
2770 5012 2820 5065 8.
2888 5012 2934 5044 “
2976 5012 3144 5065 Deut.
3182 5026 3263 5078 γι,
3300 5014 3382 5065 13.
3440 5011 3487 5045 ⁸⁸
3531 5012 3701 5067 Deut.
3730 5027 3937 5079 xxxu.

2616 5083 2661 5117 ‘9
2715 5081 2916 5138 Matth.
2972 5098 3082 5149 xw,
3143 5084 3229 5136 20.
3329 5082 3377 5116 ⁵ο
3414 5084 3587 5138 Joan.
3661 5098 3811 5153 xvu,
3876 5090 3940 5151 3,

2312 5247 2482 5302 ἔθηκε.

2383 5319 2495 5386 (65-)
2538 5313 2901 5386 Παραγγείλη.
2952 5317 3074 5370 Duo
3107 5331 3255 5370 mss.
3290 5314 3608 5386 ἀπαγγείλῃ.

2383 5385 2508 5457 (65)
2534 5385 2901 5457 Ἐξετάσωμεν.
2931 5386 3023 5441 Sic
3058 5388 3195 5455 Reg.
3229 5393 3283 5440 et
3317 5385 3514 5457 prima
3539 5385 3726 5442 manu
3756 5388 3943 5447 Harl.

2312 5457 2461 5512 Εάίῐί
2493 5456 2814 5528 ἐξετάσομεν.
2850 5456 3074 5513 Ibidem
3107 5458 3246 5513 editi
3303 5456 3719 5521 ἀναπτύσσοντες
3764 5461 3941 5517 αὐτοί.

2312 5531 2439 5585 Duo
2480 5534 2704 5584 veteres
2730 5528 2867 5584 libri
2892 5534 2955 5584 ut
2975 5529 3038 5585 in
3068 5534 3249 5585 textu.
