  <div class='ocr_page' id='page_1' title='image "/cluster/home/n/w/nwhite01/storage/ocr_20150623/32/hvd.32044048207401/132.png"; bbox 0 0 4070 6194; ppageno 0'>
   <div class='ocr_carea' id='block_1_1' title="bbox 191 271 298 326">
    <p class='ocr_par' dir='ltr' id='par_1_1' title="bbox 191 271 298 326">
     <span class='ocr_line' id='line_1_1' title="bbox 191 271 298 326; baseline 0.019 -2"><span class='ocrx_word' id='word_1_1' title='bbox 191 271 298 326; x_wconf 77' lang='lat'>253</span> 
     </span>
    </p>
   </div>
   <div class='ocr_carea' id='block_1_2' title="bbox 189 390 1384 467">
    <p class='ocr_par' dir='ltr' id='par_1_2' title="bbox 189 390 1384 467">
     <span class='ocr_line' id='line_1_2' title="bbox 189 390 1384 467; baseline 0.001 -22"><span class='ocrx_word' id='word_1_2' title='bbox 189 395 322 445; x_wconf 75' lang='grc' dir='ltr'><strong>κατὰ</strong></span> <span class='ocrx_word' id='word_1_3' title='bbox 373 397 433 446; x_wconf 87' lang='grc' dir='ltr'><strong>τό</strong></span> <span class='ocrx_word' id='word_1_4' title='bbox 481 390 702 446; x_wconf 79' lang='grc' dir='ltr'><strong>δυνατόν</strong></span> <span class='ocrx_word' id='word_1_5' title='bbox 771 395 898 467; x_wconf 78' lang='grc' dir='ltr'><strong>ἡμῖν</strong></span> <span class='ocrx_word' id='word_1_6' title='bbox 970 392 1384 454; x_wconf 81' lang='grc' dir='ltr'>ἀναπτύσσοντες</span> 
     </span>
    </p>
   </div>
   <div class='ocr_carea' id='block_1_3' title="bbox 192 479 1796 558">
    <p class='ocr_par' dir='ltr' id='par_1_3' title="bbox 192 479 1796 558">
     <span class='ocr_line' id='line_1_3' title="bbox 192 479 1796 558; baseline -0.001 -22"><span class='ocrx_word' id='word_1_7' title='bbox 192 479 447 536; x_wconf 63' lang='grc' dir='ltr'><strong>διάνοιαν·</strong></span> <span class='ocrx_word' id='word_1_8' title='bbox 511 488 612 536; x_wconf 79' lang='grc' dir='ltr'>Καὶ</span> <span class='ocrx_word' id='word_1_9' title='bbox 659 492 864 556; x_wconf 83' lang='grc' dir='ltr'><strong>πρῶτον</strong></span> <span class='ocrx_word' id='word_1_10' title='bbox 913 485 1037 558; x_wconf 76' lang='grc' dir='ltr'><strong>ἡμῖν</strong></span> <span class='ocrx_word' id='word_1_11' title='bbox 1067 485 1396 558; x_wconf 77' lang='grc' dir='ltr'><strong>προτιθέσθω</strong></span> <span class='ocrx_word' id='word_1_12' title='bbox 1443 487 1524 552; x_wconf 81' lang='grc' dir='ltr'><strong>τὸ,</strong></span> <span class='ocrx_word' id='word_1_13' title='bbox 1559 484 1690 556; x_wconf 82' lang='grc' dir='ltr'><strong>Ἐγώ</strong></span> <span class='ocrx_word' id='word_1_14' title='bbox 1723 483 1796 544; x_wconf 83' lang='grc' dir='ltr'>ζῶ</span> 
     </span>
    </p>
   </div>
   <div class='ocr_carea' id='block_1_4' title="bbox 193 569 1800 648">
    <p class='ocr_par' dir='ltr' id='par_1_4' title="bbox 193 569 1800 648">
     <span class='ocr_line' id='line_1_4' title="bbox 193 569 1800 648; baseline -0.001 -23"><span class='ocrx_word' id='word_1_15' title='bbox 193 569 284 625; x_wconf 75' lang='grc' dir='ltr'>διὰ</span> <span class='ocrx_word' id='word_1_16' title='bbox 339 576 428 624; x_wconf 82' lang='grc' dir='ltr'><strong>τὸν</strong></span> <span class='ocrx_word' id='word_1_17' title='bbox 469 579 694 648; x_wconf 81' lang='grc' dir='ltr'><strong>Πατέρα.</strong></span> <span class='ocrx_word' id='word_1_18' title='bbox 745 580 914 626; x_wconf 79' lang='grc' dir='ltr'><strong>Τοῦτο</strong></span> <span class='ocrx_word' id='word_1_19' title='bbox 960 576 1061 646; x_wconf 80' lang='grc' dir='ltr'><strong>γάρ</strong></span> <span class='ocrx_word' id='word_1_20' title='bbox 1103 573 1242 624; x_wconf 75' lang='grc' dir='ltr'><strong>ἐστιν</strong></span> <span class='ocrx_word' id='word_1_21' title='bbox 1273 572 1322 626; x_wconf 72' lang='grc' dir='ltr'><strong>ἓν</strong></span> <span class='ocrx_word' id='word_1_22' title='bbox 1351 581 1450 626; x_wconf 89' lang='grc' dir='ltr'><strong>τῶν</strong></span> <span class='ocrx_word' id='word_1_23' title='bbox 1507 571 1668 645; x_wconf 82' lang='grc' dir='ltr'>βελῶν</span> <span class='ocrx_word' id='word_1_24' title='bbox 1701 580 1800 624; x_wconf 79' lang='grc' dir='ltr'>τῶν</span> 
     </span>
    </p>
   </div>
   <div class='ocr_carea' id='block_1_5' title="bbox 193 659 1800 736">
    <p class='ocr_par' dir='ltr' id='par_1_5' title="bbox 193 659 1800 736">
     <span class='ocr_line' id='line_1_5' title="bbox 193 659 1800 736; baseline -0.001 -22"><span class='ocrx_word' id='word_1_25' title='bbox 193 661 258 722; x_wconf 78' lang='grc' dir='ltr'>εἰς</span> <span class='ocrx_word' id='word_1_26' title='bbox 304 661 522 736; x_wconf 66' lang='grc' dir='ltr'><strong>οὐρανὸν</strong></span> <span class='ocrx_word' id='word_1_27' title='bbox 571 667 909 734; x_wconf 72' lang='grc' dir='ltr'>πεμπομένων</span> <span class='ocrx_word' id='word_1_28' title='bbox 961 664 1060 716; x_wconf 82' lang='grc' dir='ltr'>ὑπό</span> <span class='ocrx_word' id='word_1_29' title='bbox 1114 669 1216 714; x_wconf 87' lang='grc' dir='ltr'><strong>τῶν</strong></span> <span class='ocrx_word' id='word_1_30' title='bbox 1269 659 1464 724; x_wconf 72' lang='grc' dir='ltr'><strong>ἀσεϐῶς</strong></span> <span class='ocrx_word' id='word_1_31' title='bbox 1514 663 1628 734; x_wconf 78' lang='grc'>(66)</span> <span class='ocrx_word' id='word_1_32' title='bbox 1660 662 1800 734; x_wconf 71' lang='grc' dir='ltr'><strong>αὐτῷ</strong></span> 
     </span>
    </p>
   </div>
   <div class='ocr_carea' id='block_1_6' title="bbox 191 747 984 824">
    <p class='ocr_par' dir='ltr' id='par_1_6' title="bbox 191 747 984 824">
     <span class='ocr_line' id='line_1_6' title="bbox 191 747 984 824; baseline 0.003 -22"><span class='ocrx_word' id='word_1_33' title='bbox 191 755 544 824; x_wconf 76' lang='grc' dir='ltr'><strong>κεχρημένων.</strong></span> <span class='ocrx_word' id='word_1_34' title='bbox 611 750 870 804; x_wconf 82' lang='grc' dir='ltr'>Ἐνταῦθά</span> <span class='ocrx_word' id='word_1_35' title='bbox 925 747 984 804; x_wconf 67' lang='grc' dir='ltr'>δὲ</span> 
     </span>
    </p>
   </div>
   <div class='ocr_carea' id='block_1_7' title="bbox 1031 751 1800 826">
    <p class='ocr_par' dir='ltr' id='par_1_7' title="bbox 1031 751 1800 826">
     <span class='ocr_line' id='line_1_7' title="bbox 1031 751 1800 826; baseline -0.003 -22"><span class='ocrx_word' id='word_1_36' title='bbox 1031 755 1089 804; x_wconf 86' lang='grc' dir='ltr'><strong>τὸ</strong></span> <span class='ocrx_word' id='word_1_37' title='bbox 1136 752 1295 826; x_wconf 79' lang='grc' dir='ltr'><strong>ῥητὸν</strong></span> <span class='ocrx_word' id='word_1_38' title='bbox 1341 751 1400 803; x_wconf 75' lang='grc' dir='ltr'><strong>οὗ</strong></span> <span class='ocrx_word' id='word_1_39' title='bbox 1439 756 1533 810; x_wconf 80' lang='grc' dir='ltr'><strong>τὴν</strong></span> <span class='ocrx_word' id='word_1_40' title='bbox 1573 756 1800 824; x_wconf 81' lang='grc' dir='ltr'><strong>προαιώ-</strong></span> 
     </span>
    </p>
   </div>
   <div class='ocr_carea' id='block_1_8' title="bbox 193 836 1800 914">
    <p class='ocr_par' dir='ltr' id='par_1_8' title="bbox 193 836 1800 914">
     <span class='ocr_line' id='line_1_8' title="bbox 193 836 1800 914; baseline -0.016 3"><span class='ocrx_word' id='word_1_41' title='bbox 193 860 320 904; x_wconf 54' lang='grc' dir='ltr'>πων</span> <span class='ocrx_word' id='word_1_42' title='bbox 377 843 446 900; x_wconf 64' lang='grc' dir='ltr'>ὡς</span> <span class='ocrx_word' id='word_1_43' title='bbox 488 837 654 911; x_wconf 44' lang='lat'>“3””-</span> <span class='ocrx_word' id='word_1_44' title='bbox 711 841 854 902; x_wconf 65' lang='grc' dir='ltr'>ζωὴν</span> <span class='ocrx_word' id='word_1_45' title='bbox 895 840 1144 914; x_wconf 70' lang='grc' dir='ltr'><strong>ὀνομάζει</strong></span> <span class='ocrx_word' id='word_1_46' title='bbox 1189 839 1310 912; x_wconf 72' lang='grc' dir='ltr'>(πᾶν</span> <span class='ocrx_word' id='word_1_47' title='bbox 1339 843 1440 914; x_wconf 71' lang='grc' dir='ltr'>γὰρ</span> <span class='ocrx_word' id='word_1_48' title='bbox 1499 843 1556 891; x_wconf 89' lang='grc' dir='ltr'><strong>τὸ</strong></span> <span class='ocrx_word' id='word_1_49' title='bbox 1589 836 1660 892; x_wconf 74' lang='grc' dir='ltr'>δι’</span> <span class='ocrx_word' id='word_1_50' title='bbox 1694 840 1800 892; x_wconf 85' lang='grc' dir='ltr'><strong>ἓτε-</strong></span> 
     </span>
    </p>
   </div>
   <div class='ocr_carea' id='block_1_9' title="bbox 196 926 1799 1003">
    <p class='ocr_par' dir='ltr' id='par_1_9' title="bbox 196 926 1799 1003">
     <span class='ocr_line' id='line_1_9' title="bbox 196 926 1799 1003; baseline -0.002 -21"><span class='ocrx_word' id='word_1_51' title='bbox 196 949 286 1003; x_wconf 84' lang='grc' dir='ltr'>ρον</span> <span class='ocrx_word' id='word_1_52' title='bbox 338 929 442 990; x_wconf 75' lang='grc' dir='ltr'>ζῶν</span> <span class='ocrx_word' id='word_1_53' title='bbox 493 929 726 990; x_wconf 70' lang='grc' dir='ltr'><strong>αὖτοζωη</strong></span> <span class='ocrx_word' id='word_1_54' title='bbox 796 927 926 982; x_wconf 85' lang='grc' dir='ltr'><strong>εἶναι</strong></span> <span class='ocrx_word' id='word_1_55' title='bbox 979 929 1037 984; x_wconf 74' lang='grc' dir='ltr'><strong>οὐ</strong></span> <span class='ocrx_word' id='word_1_56' title='bbox 1095 926 1338 999; x_wconf 79' lang='grc' dir='ltr'><strong>δύναται,</strong></span> <span class='ocrx_word' id='word_1_57' title='bbox 1363 930 1442 1002; x_wconf 57' lang='lat' dir='ltr'>in;</span> <span class='ocrx_word' id='word_1_58' title='bbox 1473 926 1596 982; x_wconf 69' lang='grc' dir='ltr'>οὐδὲ</span> <span class='ocrx_word' id='word_1_59' title='bbox 1626 932 1683 980; x_wconf 90' lang='lat'>1&#39;6</span> <span class='ocrx_word' id='word_1_60' title='bbox 1715 927 1799 1000; x_wconf 72' lang='grc' dir='ltr'>ὑφ’</span> 
     </span>
    </p>
   </div>
   <div class='ocr_carea' id='block_1_10' title="bbox 197 1015 1800 1096">
    <p class='ocr_par' dir='ltr' id='par_1_10' title="bbox 197 1015 1800 1096">
     <span class='ocr_line' id='line_1_10' title="bbox 197 1015 1800 1096; baseline -0.002 -25"><span class='ocrx_word' id='word_1_61' title='bbox 197 1017 366 1092; x_wconf 53' lang='grc' dir='ltr'><strong>ἐτροον</strong></span> <span class='ocrx_word' id='word_1_62' title='bbox 411 1020 682 1090; x_wconf 72' lang='grc' dir='ltr'>θερμανθὲν</span> <span class='ocrx_word' id='word_1_63' title='bbox 745 1019 1132 1096; x_wconf 71' lang='grc' dir='ltr'><strong>αὐτοθερμὸτης</strong></span> <span class='ocrx_word' id='word_1_64' title='bbox 1188 1017 1335 1070; x_wconf 80' lang='grc' dir='ltr'><strong>εἶναι·</strong></span> <span class='ocrx_word' id='word_1_65' title='bbox 1389 1019 1414 1070; x_wconf 87' lang='grc' dir='ltr'><strong><em>ὁ</em></strong></span> <span class='ocrx_word' id='word_1_66' title='bbox 1465 1015 1524 1070; x_wconf 84' lang='grc' dir='ltr'><strong>δε</strong></span> <span class='ocrx_word' id='word_1_67' title='bbox 1573 1021 1800 1092; x_wconf 69' lang='grc' dir='ltr'><strong>Χριστὸς</strong></span> 
     </span>
    </p>
   </div>
   <div class='ocr_carea' id='block_1_11' title="bbox 189 1105 1801 1183">
    <p class='ocr_par' dir='ltr' id='par_1_11' title="bbox 189 1105 1801 1183">
     <span class='ocr_line' id='line_1_11' title="bbox 189 1105 1801 1183; baseline -0.001 -23"><span class='ocrx_word' id='word_1_68' title='bbox 189 1112 280 1160; x_wconf 78' lang='grc' dir='ltr'>καὶ</span> <span class='ocrx_word' id='word_1_69' title='bbox 327 1111 460 1168; x_wconf 73' lang='grc' dir='ltr'><strong>Θεὸς</strong></span> <span class='ocrx_word' id='word_1_70' title='bbox 507 1109 652 1179; x_wconf 73' lang='grc' dir='ltr'><strong>ἡμῶν</strong></span> <span class='ocrx_word' id='word_1_71' title='bbox 711 1111 938 1183; x_wconf 79' lang='grc' dir='ltr'><strong>εἴρηκεν.</strong></span> <span class='ocrx_word' id='word_1_72' title='bbox 1004 1110 1135 1180; x_wconf 85' lang='grc' dir='ltr'>Ἐγὼ</span> <span class='ocrx_word' id='word_1_73' title='bbox 1203 1107 1310 1180; x_wconf 83' lang='grc' dir='ltr'><strong>εἰμι</strong></span> <span class='ocrx_word' id='word_1_74' title='bbox 1371 1112 1400 1165; x_wconf 84' lang='grc' dir='ltr'><em>ὴ</em></span> <span class='ocrx_word' id='word_1_75' title='bbox 1459 1107 1614 1172; x_wconf 79' lang='grc' dir='ltr'>ζωὴ),</span> <span class='ocrx_word' id='word_1_76' title='bbox 1675 1105 1801 1158; x_wconf 77' lang='grc' dir='ltr'><strong>ἀλλὰ</strong></span> 
     </span>
    </p>
   </div>
   <div class='ocr_carea' id='block_1_12' title="bbox 187 1195 1800 1271">
    <p class='ocr_par' dir='ltr' id='par_1_12' title="bbox 187 1195 1800 1271">
     <span class='ocr_line' id='line_1_12' title="bbox 187 1195 1800 1271; baseline 0 -25"><span class='ocrx_word' id='word_1_77' title='bbox 187 1197 326 1256; x_wconf 73' lang='grc' dir='ltr'>ζωὴν</span> <span class='ocrx_word' id='word_1_78' title='bbox 383 1197 586 1252; x_wconf 79' lang='grc' dir='ltr'><strong>ταύτην</strong></span> <span class='ocrx_word' id='word_1_79' title='bbox 635 1200 731 1255; x_wconf 74' lang='grc' dir='ltr'><strong>τήν</strong></span> <span class='ocrx_word' id='word_1_80' title='bbox 786 1195 834 1248; x_wconf 81' lang='grc' dir='ltr'>ἐν</span> <span class='ocrx_word' id='word_1_81' title='bbox 891 1201 1068 1271; x_wconf 74' lang='grc' dir='ltr'><strong>σαρκὶ,</strong></span> <span class='ocrx_word' id='word_1_82' title='bbox 1100 1201 1190 1250; x_wconf 82' lang='grc' dir='ltr'><strong>καὶ</strong></span> <span class='ocrx_word' id='word_1_83' title='bbox 1221 1195 1269 1248; x_wconf 83' lang='grc' dir='ltr'><strong>ἐν</strong></span> <span class='ocrx_word' id='word_1_84' title='bbox 1419 1201 1598 1269; x_wconf 78' lang='grc' dir='ltr'><strong>χρόνῳ</strong></span> <span class='ocrx_word' id='word_1_85' title='bbox 1635 1199 1800 1266; x_wconf 81' lang='grc' dir='ltr'><strong>τούτῳ</strong></span> 
     </span>
    </p>
   </div>
   <div class='ocr_carea' id='block_1_13' title="bbox 183 1283 1800 1360">
    <p class='ocr_par' dir='ltr' id='par_1_13' title="bbox 183 1283 1800 1360">
     <span class='ocr_line' id='line_1_13' title="bbox 183 1283 1800 1360; baseline -0.001 -23"><span class='ocrx_word' id='word_1_86' title='bbox 183 1289 550 1358; x_wconf 55' lang='grc' dir='ltr'><strong>γσχενημένην,</strong></span> <span class='ocrx_word' id='word_1_87' title='bbox 611 1285 672 1344; x_wconf 72' lang='grc' dir='ltr'><strong>ἦν</strong></span> <span class='ocrx_word' id='word_1_88' title='bbox 732 1286 892 1346; x_wconf 75' lang='grc' dir='ltr'><strong>ἔζησε</strong></span> <span class='ocrx_word' id='word_1_89' title='bbox 950 1283 1056 1348; x_wconf 61' lang='grc' dir='ltr'><strong>διὰ,</strong></span> <span class='ocrx_word' id='word_1_90' title='bbox 1097 1290 1182 1338; x_wconf 82' lang='grc' dir='ltr'><strong>τὸν</strong></span> <span class='ocrx_word' id='word_1_91' title='bbox 1241 1289 1468 1360; x_wconf 86' lang='grc' dir='ltr'><strong>Πατέρα.</strong></span> <span class='ocrx_word' id='word_1_92' title='bbox 1551 1283 1800 1342; x_wconf 80' lang='grc' dir='ltr'><strong>Βουλησει</strong></span> 
     </span>
    </p>
   </div>
   <div class='ocr_carea' id='block_1_14' title="bbox 183 1371 1800 1448">
    <p class='ocr_par' dir='ltr' id='par_1_14' title="bbox 183 1371 1800 1448">
     <span class='ocr_line' id='line_1_14' title="bbox 183 1371 1800 1448; baseline -0.001 -22"><span class='ocrx_word' id='word_1_93' title='bbox 183 1377 284 1448; x_wconf 73' lang='grc' dir='ltr'><strong>γὰρ</strong></span> <span class='ocrx_word' id='word_1_94' title='bbox 343 1371 510 1426; x_wconf 70' lang='grc' dir='ltr'>αὐτοῦ</span> <span class='ocrx_word' id='word_1_95' title='bbox 551 1371 916 1447; x_wconf 69' lang='grc' dir='ltr'>ἐπιδεδήμηκε</span> <span class='ocrx_word' id='word_1_96' title='bbox 969 1384 1040 1446; x_wconf 84' lang='grc' dir='ltr'><strong>τῷ</strong></span> <span class='ocrx_word' id='word_1_97' title='bbox 1087 1374 1189 1448; x_wconf 73' lang='grc' dir='ltr'>βίῳ</span> <span class='ocrx_word' id='word_1_98' title='bbox 1219 1383 1318 1428; x_wconf 83' lang='grc' dir='ltr'><strong>τῶν</strong></span> <span class='ocrx_word' id='word_1_99' title='bbox 1373 1374 1672 1448; x_wconf 75' lang='grc' dir='ltr'><strong>ἀνθρώπων·</strong></span> <span class='ocrx_word' id='word_1_100' title='bbox 1709 1378 1800 1425; x_wconf 85' lang='grc' dir='ltr'><strong>καὶ</strong></span> 
     </span>
    </p>
   </div>
   <div class='ocr_carea' id='block_1_15' title="bbox 187 1461 1800 1538">
    <p class='ocr_par' dir='ltr' id='par_1_15' title="bbox 187 1461 1800 1538">
     <span class='ocr_line' id='line_1_15' title="bbox 187 1461 1800 1538; baseline -0.001 -22"><span class='ocrx_word' id='word_1_101' title='bbox 187 1465 280 1517; x_wconf 66' lang='grc' dir='ltr'>οὐκ</span> <span class='ocrx_word' id='word_1_102' title='bbox 309 1462 468 1534; x_wconf 84' lang='grc' dir='ltr'><strong>εἶπεν,</strong></span> <span class='ocrx_word' id='word_1_103' title='bbox 525 1463 656 1535; x_wconf 81' lang='grc' dir='ltr'><strong>Ἐγὼ</strong></span> <span class='ocrx_word' id='word_1_104' title='bbox 703 1465 878 1524; x_wconf 80' lang='grc' dir='ltr'><strong><em>ἔζησα</em></strong></span> <span class='ocrx_word' id='word_1_105' title='bbox 924 1461 1018 1517; x_wconf 72' lang='lat'><strong>6:6:</strong></span> <span class='ocrx_word' id='word_1_106' title='bbox 1063 1468 1148 1516; x_wconf 83' lang='lat'>169</span> <span class='ocrx_word' id='word_1_107' title='bbox 1199 1468 1422 1538; x_wconf 79' lang='grc' dir='ltr'><strong>Πατέρα·</strong></span> <span class='ocrx_word' id='word_1_108' title='bbox 1477 1462 1606 1528; x_wconf 79' lang='grc' dir='ltr'><strong>αλλ’,</strong></span> <span class='ocrx_word' id='word_1_109' title='bbox 1669 1463 1800 1534; x_wconf 81' lang='grc' dir='ltr'>Ἐγὼ</span> 
     </span>
    </p>
   </div>
   <div class='ocr_carea' id='block_1_16' title="bbox 189 1549 1800 1628">
    <p class='ocr_par' dir='ltr' id='par_1_16' title="bbox 189 1549 1800 1628">
     <span class='ocr_line' id='line_1_16' title="bbox 189 1549 1800 1628; baseline -0.001 -24"><span class='ocrx_word' id='word_1_110' title='bbox 189 1555 260 1614; x_wconf 76' lang='grc' dir='ltr'>ζῶ</span> <span class='ocrx_word' id='word_1_111' title='bbox 289 1549 385 1606; x_wconf 72' lang='grc' dir='ltr'>διὰ</span> <span class='ocrx_word' id='word_1_112' title='bbox 433 1557 524 1604; x_wconf 78' lang='grc' dir='ltr'><strong>τὸν</strong></span> <span class='ocrx_word' id='word_1_113' title='bbox 575 1558 806 1628; x_wconf 84' lang='grc' dir='ltr'><strong>Πατέρα,</strong></span> <span class='ocrx_word' id='word_1_114' title='bbox 869 1563 1046 1625; x_wconf 69' lang='grc' dir='ltr'><strong>σαφῶς</strong></span> <span class='ocrx_word' id='word_1_115' title='bbox 1085 1558 1172 1606; x_wconf 86' lang='grc' dir='ltr'><strong>τὸν</strong></span> <span class='ocrx_word' id='word_1_116' title='bbox 1215 1559 1450 1628; x_wconf 78' lang='grc' dir='ltr'><strong>παρόντα</strong></span> <span class='ocrx_word' id='word_1_117' title='bbox 1501 1556 1800 1628; x_wconf 83' lang='grc' dir='ltr'><strong>προσημαί-</strong></span> 
     </span>
    </p>
   </div>
   <div class='ocr_carea' id='block_1_17' title="bbox 183 1638 1799 1718">
    <p class='ocr_par' dir='ltr' id='par_1_17' title="bbox 183 1638 1799 1718">
     <span class='ocr_line' id='line_1_17' title="bbox 183 1638 1799 1718; baseline 0 -24"><span class='ocrx_word' id='word_1_118' title='bbox 183 1663 278 1694; x_wconf 80' lang='grc' dir='ltr'><strong>νων</strong></span> <span class='ocrx_word' id='word_1_119' title='bbox 307 1647 528 1718; x_wconf 79' lang='grc' dir='ltr'><strong>χρόνον.</strong></span> <span class='ocrx_word' id='word_1_120' title='bbox 565 1645 789 1694; x_wconf 75' lang='grc' dir='ltr'><strong>Δύναται</strong></span> <span class='ocrx_word' id='word_1_121' title='bbox 815 1638 874 1695; x_wconf 71' lang='grc' dir='ltr'>δὲ</span> <span class='ocrx_word' id='word_1_122' title='bbox 903 1648 993 1694; x_wconf 83' lang='grc' dir='ltr'>καὶ</span> <span class='ocrx_word' id='word_1_123' title='bbox 1020 1644 1158 1704; x_wconf 75' lang='grc' dir='ltr'>ζωὴν</span> <span class='ocrx_word' id='word_1_124' title='bbox 1182 1642 1367 1714; x_wconf 80' lang='grc' dir='ltr'><strong>λέγειν,</strong></span> <span class='ocrx_word' id='word_1_125' title='bbox 1402 1642 1460 1700; x_wconf 73' lang='grc' dir='ltr'><strong>ἣν</strong></span> <span class='ocrx_word' id='word_1_126' title='bbox 1495 1642 1557 1714; x_wconf 73' lang='grc' dir='ltr'>ζῇ</span> <span class='ocrx_word' id='word_1_127' title='bbox 1593 1643 1617 1694; x_wconf 84' lang='grc' dir='ltr'><strong><em>ὁ</em></strong></span> <span class='ocrx_word' id='word_1_128' title='bbox 1665 1649 1799 1714; x_wconf 83' lang='grc' dir='ltr'><strong>Χρι-</strong></span> 
     </span>
    </p>
   </div>
   <div class='ocr_carea' id='block_1_18' title="bbox 185 1730 1872 1804">
    <p class='ocr_par' dir='ltr' id='par_1_18' title="bbox 185 1730 1872 1804">
     <span class='ocr_line' id='line_1_18' title="bbox 185 1730 1872 1804; baseline -0.002 -20"><span class='ocrx_word' id='word_1_129' title='bbox 185 1735 332 1797; x_wconf 69' lang='grc' dir='ltr'><strong>στὸς,</strong></span> <span class='ocrx_word' id='word_1_130' title='bbox 380 1735 474 1784; x_wconf 77' lang='grc' dir='ltr'><strong>τὸν</strong></span> <span class='ocrx_word' id='word_1_131' title='bbox 515 1737 688 1802; x_wconf 77' lang='grc' dir='ltr'><strong>Λόγον</strong></span> <span class='ocrx_word' id='word_1_132' title='bbox 746 1739 839 1784; x_wconf 82' lang='grc' dir='ltr'><strong>τοῦ</strong></span> <span class='ocrx_word' id='word_1_133' title='bbox 903 1739 1035 1785; x_wconf 79' lang='grc' dir='ltr'><strong>Θεοῦ</strong></span> <span class='ocrx_word' id='word_1_134' title='bbox 1089 1735 1225 1804; x_wconf 79' lang='grc' dir='ltr'><strong>ἔχων</strong></span> <span class='ocrx_word' id='word_1_135' title='bbox 1275 1730 1323 1782; x_wconf 73' lang='grc' dir='ltr'><strong>ἓν</strong></span> <span class='ocrx_word' id='word_1_136' title='bbox 1357 1731 1543 1802; x_wconf 81' lang='grc' dir='ltr'><strong>ἐαυτῷ.</strong></span> <span class='ocrx_word' id='word_1_137' title='bbox 1583 1735 1682 1784; x_wconf 81' lang='grc' dir='ltr'>Καὶ</span> <span class='ocrx_word' id='word_1_138' title='bbox 1721 1731 1800 1782; x_wconf 83' lang='grc' dir='ltr'><strong>ὅτι</strong></span> <span class='ocrx_word' id='word_1_139' title='bbox 1833 1743 1872 1796; x_wconf 84' lang='grc' dir='ltr'>Β</span> 
     </span>
    </p>
   </div>
   <div class='ocr_carea' id='block_1_19' title="bbox 181 1817 1801 1896">
    <p class='ocr_par' dir='ltr' id='par_1_19' title="bbox 181 1817 1801 1896">
     <span class='ocr_line' id='line_1_19' title="bbox 181 1817 1801 1896; baseline -0.001 -24"><span class='ocrx_word' id='word_1_140' title='bbox 181 1825 336 1874; x_wconf 77' lang='grc' dir='ltr'><strong>τοῦτο</strong></span> <span class='ocrx_word' id='word_1_141' title='bbox 367 1819 488 1873; x_wconf 83' lang='grc' dir='ltr'><strong>ἐστι</strong></span> <span class='ocrx_word' id='word_1_142' title='bbox 517 1825 574 1872; x_wconf 88' lang='grc' dir='ltr'><strong>τὸ</strong></span> <span class='ocrx_word' id='word_1_143' title='bbox 605 1817 943 1894; x_wconf 75' lang='grc' dir='ltr'><strong>δηλούμενον,</strong></span> <span class='ocrx_word' id='word_1_144' title='bbox 976 1821 1032 1873; x_wconf 84' lang='grc' dir='ltr'>ἐκ</span> <span class='ocrx_word' id='word_1_145' title='bbox 1084 1828 1178 1874; x_wconf 82' lang='grc' dir='ltr'><strong>τοῦ</strong></span> <span class='ocrx_word' id='word_1_146' title='bbox 1235 1821 1598 1896; x_wconf 66' lang='grc' dir='ltr'>ἐπιφερομένου</span> <span class='ocrx_word' id='word_1_147' title='bbox 1659 1819 1801 1872; x_wconf 84' lang='grc' dir='ltr'><strong>εἰσό-</strong></span> 
     </span>
    </p>
   </div>
   <div class='ocr_carea' id='block_1_20' title="bbox 181 1905 1798 1986">
    <p class='ocr_par' dir='ltr' id='par_1_20' title="bbox 181 1905 1798 1986">
     <span class='ocr_line' id='line_1_20' title="bbox 181 1905 1798 1986; baseline -0.001 -24"><span class='ocrx_word' id='word_1_148' title='bbox 181 1913 338 1984; x_wconf 71' lang='grc' dir='ltr'><strong>μεθα.</strong></span> <span class='ocrx_word' id='word_1_149' title='bbox 410 1915 518 1964; x_wconf 75' lang='grc' dir='ltr'>Καὶ</span> <span class='ocrx_word' id='word_1_150' title='bbox 573 1912 598 1961; x_wconf 83' lang='grc' dir='ltr'>ὁ</span> <span class='ocrx_word' id='word_1_151' title='bbox 655 1917 870 1986; x_wconf 74' lang='grc' dir='ltr'><strong>τρώγων</strong></span> <span class='ocrx_word' id='word_1_152' title='bbox 918 1930 999 1984; x_wconf 78' lang='grc' dir='ltr'>με,</span> <span class='ocrx_word' id='word_1_153' title='bbox 1062 1915 1215 1984; x_wconf 71' lang='grc' dir='ltr'><strong>φησὶ,</strong></span> <span class='ocrx_word' id='word_1_154' title='bbox 1278 1911 1498 1970; x_wconf 72' lang='grc' dir='ltr'><strong>ζήσεται</strong></span> <span class='ocrx_word' id='word_1_155' title='bbox 1552 1905 1626 1961; x_wconf 75' lang='grc' dir='ltr'>δι’</span> <span class='ocrx_word' id='word_1_156' title='bbox 1695 1907 1798 1980; x_wconf 72' lang='grc' dir='ltr'><strong>ἐμὲ.</strong></span> 
     </span>
    </p>
   </div>
   <div class='ocr_carea' id='block_1_21' title="bbox 179 1998 1802 2076">
    <p class='ocr_par' dir='ltr' id='par_1_21' title="bbox 179 1998 1802 2076">
     <span class='ocr_line' id='line_1_21' title="bbox 179 1998 1802 2076; baseline -0.002 -22"><span class='ocrx_word' id='word_1_157' title='bbox 179 2007 468 2072; x_wconf 72' lang='grc' dir='ltr'><strong>Τρώγοαεν</strong></span> <span class='ocrx_word' id='word_1_158' title='bbox 526 2003 630 2074; x_wconf 76' lang='grc' dir='ltr'><strong>γὰρ</strong></span> <span class='ocrx_word' id='word_1_159' title='bbox 679 1999 842 2052; x_wconf 71' lang='grc' dir='ltr'><strong>αὐτοῦ</strong></span> <span class='ocrx_word' id='word_1_160' title='bbox 893 2005 986 2058; x_wconf 82' lang='grc' dir='ltr'><strong>τὴν</strong></span> <span class='ocrx_word' id='word_1_161' title='bbox 1038 2003 1228 2076; x_wconf 75' lang='grc' dir='ltr'><strong>σάρκα,</strong></span> <span class='ocrx_word' id='word_1_162' title='bbox 1285 2003 1375 2050; x_wconf 83' lang='grc' dir='ltr'>καὶ</span> <span class='ocrx_word' id='word_1_163' title='bbox 1400 2004 1610 2071; x_wconf 84' lang='grc' dir='ltr'><strong>πίνομεν</strong></span> <span class='ocrx_word' id='word_1_164' title='bbox 1643 1998 1802 2050; x_wconf 74' lang='grc' dir='ltr'><strong>αὑτοῦ</strong></span> 
     </span>
    </p>
   </div>
   <div class='ocr_carea' id='block_1_22' title="bbox 183 2087 1803 2162">
    <p class='ocr_par' dir='ltr' id='par_1_22' title="bbox 183 2087 1803 2162">
     <span class='ocr_line' id='line_1_22' title="bbox 183 2087 1803 2162; baseline 0.002 -20"><span class='ocrx_word' id='word_1_165' title='bbox 183 2093 240 2142; x_wconf 81' lang='grc' dir='ltr'><strong>τὸ</strong></span> <span class='ocrx_word' id='word_1_166' title='bbox 303 2089 462 2162; x_wconf 67' lang='grc' dir='ltr'><strong>αζαα,</strong></span> <span class='ocrx_word' id='word_1_167' title='bbox 519 2095 756 2142; x_wconf 78' lang='grc' dir='ltr'><strong>κοινωνοὶ</strong></span> <span class='ocrx_word' id='word_1_168' title='bbox 803 2094 1061 2162; x_wconf 74' lang='grc' dir='ltr'>γινόμενοι</span> <span class='ocrx_word' id='word_1_169' title='bbox 1111 2087 1203 2142; x_wconf 74' lang='grc' dir='ltr'>διὰ</span> <span class='ocrx_word' id='word_1_170' title='bbox 1227 2097 1318 2150; x_wconf 83' lang='grc' dir='ltr'><strong>τῆς</strong></span> <span class='ocrx_word' id='word_1_171' title='bbox 1369 2088 1803 2162; x_wconf 76' lang='grc' dir='ltr'><strong>ἐνανθρωπήσεως</strong></span> 
     </span>
    </p>
   </div>
   <div class='ocr_carea' id='block_1_23' title="bbox 183 2179 1800 2252">
    <p class='ocr_par' dir='ltr' id='par_1_23' title="bbox 183 2179 1800 2252">
     <span class='ocr_line' id='line_1_23' title="bbox 183 2179 1800 2252; baseline 0.001 -22"><span class='ocrx_word' id='word_1_172' title='bbox 183 2185 272 2231; x_wconf 75' lang='grc' dir='ltr'>καὶ</span> <span class='ocrx_word' id='word_1_173' title='bbox 323 2187 426 2241; x_wconf 70' lang='grc' dir='ltr'><strong>τῆς</strong></span> <span class='ocrx_word' id='word_1_174' title='bbox 479 2179 738 2239; x_wconf 72' lang='grc' dir='ltr'>αἰσθητῆς</span> <span class='ocrx_word' id='word_1_175' title='bbox 799 2179 935 2239; x_wconf 79' lang='grc' dir='ltr'>ζωῆς</span> <span class='ocrx_word' id='word_1_176' title='bbox 991 2187 1081 2232; x_wconf 82' lang='grc' dir='ltr'><strong>τοῦ</strong></span> <span class='ocrx_word' id='word_1_177' title='bbox 1135 2183 1308 2252; x_wconf 85' lang='grc' dir='ltr'><strong>Λόγου</strong></span> <span class='ocrx_word' id='word_1_178' title='bbox 1340 2183 1562 2242; x_wconf 80' lang='grc' dir='ltr'><strong>καὶτῆς</strong></span> <span class='ocrx_word' id='word_1_179' title='bbox 1597 2182 1800 2250; x_wconf 75' lang='grc' dir='ltr'><strong>σοφίας.</strong></span> 
     </span>
    </p>
   </div>
   <div class='ocr_carea' id='block_1_24' title="bbox 185 2265 1806 2342">
    <p class='ocr_par' dir='ltr' id='par_1_24' title="bbox 185 2265 1806 2342">
     <span class='ocr_line' id='line_1_24' title="bbox 185 2265 1806 2342; baseline -0.002 -20"><span class='ocrx_word' id='word_1_180' title='bbox 185 2271 362 2342; x_wconf 73' lang='grc' dir='ltr'><strong>Σοίρκα</strong></span> <span class='ocrx_word' id='word_1_181' title='bbox 390 2271 499 2341; x_wconf 74' lang='grc' dir='ltr'><strong>γὰρ</strong></span> <span class='ocrx_word' id='word_1_182' title='bbox 533 2273 622 2319; x_wconf 84' lang='grc' dir='ltr'><strong>καί</strong></span> <span class='ocrx_word' id='word_1_183' title='bbox 657 2269 790 2342; x_wconf 83' lang='grc' dir='ltr'><strong>αἷμα</strong></span> <span class='ocrx_word' id='word_1_184' title='bbox 819 2275 992 2320; x_wconf 77' lang='grc' dir='ltr'><strong>πᾶσαν</strong></span> <span class='ocrx_word' id='word_1_185' title='bbox 1017 2268 1177 2320; x_wconf 73' lang='grc' dir='ltr'><strong>αὑτοῦ</strong></span> <span class='ocrx_word' id='word_1_186' title='bbox 1235 2271 1329 2326; x_wconf 78' lang='grc' dir='ltr'><strong>τὴν</strong></span> <span class='ocrx_word' id='word_1_187' title='bbox 1380 2271 1641 2339; x_wconf 79' lang='grc' dir='ltr'><strong>μυστικὴν</strong></span> <span class='ocrx_word' id='word_1_188' title='bbox 1699 2265 1806 2319; x_wconf 52' lang='grc' dir='ltr'><strong>ἐπιδ</strong></span> 
     </span>
    </p>
   </div>
   <div class='ocr_carea' id='block_1_25' title="bbox 189 2355 1804 2430">
    <p class='ocr_par' dir='ltr' id='par_1_25' title="bbox 189 2355 1804 2430">
     <span class='ocr_line' id='line_1_25' title="bbox 189 2355 1804 2430; baseline -0.002 -20"><span class='ocrx_word' id='word_1_189' title='bbox 189 2355 390 2430; x_wconf 70' lang='grc' dir='ltr'><strong>δεμίαν</strong></span> <span class='ocrx_word' id='word_1_190' title='bbox 445 2357 706 2429; x_wconf 73' lang='grc' dir='ltr'><strong>ὠνόμασε,</strong></span> <span class='ocrx_word' id='word_1_191' title='bbox 760 2362 852 2409; x_wconf 84' lang='grc' dir='ltr'>καὶ</span> <span class='ocrx_word' id='word_1_192' title='bbox 907 2362 996 2416; x_wconf 74' lang='grc' dir='ltr'><strong>τὴν</strong></span> <span class='ocrx_word' id='word_1_193' title='bbox 1046 2355 1100 2408; x_wconf 82' lang='grc' dir='ltr'><em>ἐκ</em></span> <span class='ocrx_word' id='word_1_194' title='bbox 1131 2365 1427 2430; x_wconf 79' lang='grc' dir='ltr'>πρακτικῆς</span> <span class='ocrx_word' id='word_1_195' title='bbox 1457 2361 1546 2407; x_wconf 86' lang='grc' dir='ltr'><strong>καὶ</strong></span> <span class='ocrx_word' id='word_1_196' title='bbox 1579 2364 1804 2428; x_wconf 74' lang='grc' dir='ltr'><strong>φυσικῆς</strong></span> 
     </span>
    </p>
   </div>
   <div class='ocr_carea' id='block_1_26' title="bbox 187 2441 1804 2518">
    <p class='ocr_par' dir='ltr' id='par_1_26' title="bbox 187 2441 1804 2518">
     <span class='ocr_line' id='line_1_26' title="bbox 187 2441 1804 2518; baseline -0.001 -20"><span class='ocrx_word' id='word_1_197' title='bbox 187 2451 278 2498; x_wconf 79' lang='grc' dir='ltr'>καὶ</span> <span class='ocrx_word' id='word_1_198' title='bbox 306 2446 613 2517; x_wconf 74' lang='grc' dir='ltr'><strong>θεολογικῆς</strong></span> <span class='ocrx_word' id='word_1_199' title='bbox 669 2454 1004 2498; x_wconf 81' lang='grc' dir='ltr'><strong>συνεστῶσαν</strong></span> <span class='ocrx_word' id='word_1_200' title='bbox 1045 2443 1402 2518; x_wconf 64' lang='grc' dir='ltr'><strong>διδασκαλίαν</strong></span> <span class='ocrx_word' id='word_1_201' title='bbox 1443 2441 1698 2512; x_wconf 70' lang='grc' dir='ltr'><strong>ἐδήλωσε,</strong></span> <span class='ocrx_word' id='word_1_202' title='bbox 1732 2441 1765 2496; x_wconf 74' lang='grc' dir='ltr'><em>δ</em></span> <span class='ocrx_word' id='word_1_203' title='bbox 1773 2445 1804 2496; x_wconf 85' lang='grc' dir='ltr'><strong>ι’</strong></span> 
     </span>
    </p>
   </div>
   <div class='ocr_carea' id='block_1_27' title="bbox 193 2533 1807 2610">
    <p class='ocr_par' dir='ltr' id='par_1_27' title="bbox 193 2533 1807 2610">
     <span class='ocr_line' id='line_1_27' title="bbox 193 2533 1807 2610; baseline 0.005 -33"><span class='ocrx_word' id='word_1_204' title='bbox 193 2533 250 2596; x_wconf 76' lang='grc' dir='ltr'><strong>ξς</strong></span> <span class='ocrx_word' id='word_1_205' title='bbox 297 2540 546 2608; x_wconf 58' lang='grc' dir='ltr'><strong>τρέφεται</strong></span> <span class='ocrx_word' id='word_1_206' title='bbox 605 2535 784 2606; x_wconf 65' lang='grc' dir='ltr'><strong>ψυχὴ,</strong></span> <span class='ocrx_word' id='word_1_207' title='bbox 849 2540 940 2587; x_wconf 80' lang='grc' dir='ltr'>καὶ</span> <span class='ocrx_word' id='word_1_208' title='bbox 995 2539 1124 2610; x_wconf 82' lang='grc' dir='ltr'><strong>πρὸς</strong></span> <span class='ocrx_word' id='word_1_209' title='bbox 1191 2540 1283 2592; x_wconf 80' lang='grc' dir='ltr'>την</span> <span class='ocrx_word' id='word_1_210' title='bbox 1347 2543 1446 2586; x_wconf 86' lang='grc' dir='ltr'><strong>τῶν</strong></span> <span class='ocrx_word' id='word_1_211' title='bbox 1487 2538 1656 2586; x_wconf 63' lang='grc' dir='ltr'><strong>’ὄντων</strong></span> <span class='ocrx_word' id='word_1_212' title='bbox 1683 2537 1807 2595; x_wconf 81' lang='grc' dir='ltr'><strong>τέως</strong></span> 
     </span>
    </p>
   </div>
   <div class='ocr_carea' id='block_1_28' title="bbox 193 2621 1805 2698">
    <p class='ocr_par' dir='ltr' id='par_1_28' title="bbox 193 2621 1805 2698">
     <span class='ocr_line' id='line_1_28' title="bbox 193 2621 1805 2698; baseline -0.003 -21"><span class='ocrx_word' id='word_1_213' title='bbox 193 2627 412 2698; x_wconf 75' lang='grc' dir='ltr'><strong>θεωρίαν</strong></span> <span class='ocrx_word' id='word_1_214' title='bbox 467 2623 951 2698; x_wconf 71' lang='grc' dir='ltr'><strong>παρασκευάζεται.</strong></span> <span class='ocrx_word' id='word_1_215' title='bbox 1019 2629 1116 2676; x_wconf 80' lang='grc' dir='ltr'><strong>Καὶ</strong></span> <span class='ocrx_word' id='word_1_216' title='bbox 1161 2627 1314 2675; x_wconf 83' lang='grc' dir='ltr'><strong>τοῦτό</strong></span> <span class='ocrx_word' id='word_1_217' title='bbox 1373 2622 1490 2675; x_wconf 85' lang='grc' dir='ltr'><strong>ἐστι</strong></span> <span class='ocrx_word' id='word_1_218' title='bbox 1544 2621 1684 2678; x_wconf 67' lang='grc' dir='ltr'>τὸέκ</span> <span class='ocrx_word' id='word_1_219' title='bbox 1713 2629 1805 2676; x_wconf 83' lang='grc' dir='ltr'><strong>τοῦ</strong></span> 
     </span>
    </p>
   </div>
   <div class='ocr_carea' id='block_1_29' title="bbox 187 2709 895 2790">
    <p class='ocr_par' dir='ltr' id='par_1_29' title="bbox 187 2709 895 2790">
     <span class='ocr_line' id='line_1_29' title="bbox 187 2709 895 2790; baseline 0 -24"><span class='ocrx_word' id='word_1_220' title='bbox 187 2715 356 2790; x_wconf 66' lang='grc' dir='ltr'><strong>ῥητοῦ</strong></span> <span class='ocrx_word' id='word_1_221' title='bbox 389 2717 522 2774; x_wconf 82' lang='grc' dir='ltr'><strong>ἴσως</strong></span> <span class='ocrx_word' id='word_1_222' title='bbox 557 2709 895 2785; x_wconf 69' lang='grc' dir='ltr'><strong>δηλούμενον.</strong></span> 
     </span>
    </p>
   </div>
   <div class='ocr_carea' id='block_1_30' title="bbox 267 2799 1806 2874">
    <p class='ocr_par' dir='ltr' id='par_1_30' title="bbox 267 2799 1806 2874">
     <span class='ocr_line' id='line_1_30' title="bbox 267 2799 1806 2874; baseline -0.005 -17"><span class='ocrx_word' id='word_1_223' title='bbox 267 2809 316 2860; x_wconf 78' lang='lat'>5.</span> <span class='ocrx_word' id='word_1_224' title='bbox 367 2807 476 2856; x_wconf 71' lang='grc' dir='ltr'>Καὶ</span> <span class='ocrx_word' id='word_1_225' title='bbox 547 2802 720 2854; x_wconf 71' lang='grc' dir='ltr'><strong>πάλιν·</strong></span> <span class='ocrx_word' id='word_1_226' title='bbox 775 2801 832 2854; x_wconf 88' lang='grc' dir='ltr'>Ὀ</span> <span class='ocrx_word' id='word_1_227' title='bbox 882 2805 1063 2874; x_wconf 79' lang='grc' dir='ltr'><strong>Πατὴρ</strong></span> <span class='ocrx_word' id='word_1_228' title='bbox 1119 2820 1221 2874; x_wconf 89' lang='grc' dir='ltr'>μου</span> <span class='ocrx_word' id='word_1_229' title='bbox 1279 2801 1470 2874; x_wconf 79' lang='grc' dir='ltr'><strong>μείζων</strong></span> <span class='ocrx_word' id='word_1_230' title='bbox 1517 2819 1618 2874; x_wconf 88' lang='grc' dir='ltr'>μου</span> <span class='ocrx_word' id='word_1_231' title='bbox 1672 2799 1806 2856; x_wconf 78' lang='grc' dir='ltr'><strong>ἐστι.</strong></span> 
     </span>
    </p>
   </div>
   <div class='ocr_carea' id='block_1_31' title="bbox 199 2887 1810 2966">
    <p class='ocr_par' dir='ltr' id='par_1_31' title="bbox 199 2887 1810 2966">
     <span class='ocr_line' id='line_1_31' title="bbox 199 2887 1810 2966; baseline -0.004 -20"><span class='ocrx_word' id='word_1_232' title='bbox 199 2899 482 2966; x_wconf 71' lang='grc' dir='ltr'><strong>Κέχρηται</strong></span> <span class='ocrx_word' id='word_1_233' title='bbox 539 2892 654 2962; x_wconf 83' lang='lat'>(67)</span> <span class='ocrx_word' id='word_1_234' title='bbox 697 2893 798 2964; x_wconf 81' lang='grc' dir='ltr'><strong>γὰρ</strong></span> <span class='ocrx_word' id='word_1_235' title='bbox 847 2896 937 2942; x_wconf 79' lang='grc' dir='ltr'>καὶ</span> <span class='ocrx_word' id='word_1_236' title='bbox 967 2893 1132 2962; x_wconf 84' lang='grc' dir='ltr'><strong>τούτῳ</strong></span> <span class='ocrx_word' id='word_1_237' title='bbox 1162 2899 1234 2960; x_wconf 84' lang='grc' dir='ltr'><strong>τῷ</strong></span> <span class='ocrx_word' id='word_1_238' title='bbox 1265 2891 1408 2964; x_wconf 77' lang='grc' dir='ltr'><strong>ῥητῷ</strong></span> <span class='ocrx_word' id='word_1_239' title='bbox 1438 2892 1502 2940; x_wconf 77' lang='grc' dir='ltr'><strong>τὰ</strong></span> <span class='ocrx_word' id='word_1_240' title='bbox 1534 2887 1810 2962; x_wconf 79' lang='grc' dir='ltr'><strong>ἁχοὲρίστα</strong></span> 
     </span>
    </p>
   </div>
   <div class='ocr_carea' id='block_1_32' title="bbox 195 2973 1810 3054">
    <p class='ocr_par' dir='ltr' id='par_1_32' title="bbox 195 2973 1810 3054">
     <span class='ocr_line' id='line_1_32' title="bbox 195 2973 1810 3054; baseline -0.003 -21"><span class='ocrx_word' id='word_1_241' title='bbox 195 2987 490 3054; x_wconf 76' lang='grc' dir='ltr'><strong>κτίσματα,</strong></span> <span class='ocrx_word' id='word_1_242' title='bbox 561 2983 626 3032; x_wconf 78' lang='grc' dir='ltr'>τα</span> <span class='ocrx_word' id='word_1_243' title='bbox 669 2987 760 3032; x_wconf 83' lang='grc' dir='ltr'><strong>τοῦ</strong></span> <span class='ocrx_word' id='word_1_244' title='bbox 803 2987 1034 3054; x_wconf 81' lang='grc' dir='ltr'><strong>πονηροῦ</strong></span> <span class='ocrx_word' id='word_1_245' title='bbox 1090 2984 1406 3052; x_wconf 76' lang='grc' dir='ltr'><strong>γεννήματα.</strong></span> <span class='ocrx_word' id='word_1_246' title='bbox 1461 2979 1587 3049; x_wconf 86' lang='grc' dir='ltr'><strong>Ἐγώ</strong></span> <span class='ocrx_word' id='word_1_247' title='bbox 1632 2973 1689 3029; x_wconf 70' lang='grc' dir='ltr'>δὲ</span> <span class='ocrx_word' id='word_1_248' title='bbox 1721 2981 1810 3028; x_wconf 81' lang='grc' dir='ltr'><strong>καὶ</strong></span> 
     </span>
    </p>
   </div>
   <div class='ocr_carea' id='block_1_33' title="bbox 201 3066 1881 3156">
    <p class='ocr_par' dir='ltr' id='par_1_33' title="bbox 201 3066 1881 3156">
     <span class='ocr_line' id='line_1_33' title="bbox 201 3066 1881 3156; baseline -0.003 -35"><span class='ocrx_word' id='word_1_249' title='bbox 201 3070 252 3121; x_wconf 81' lang='grc' dir='ltr'>ἐκ</span> <span class='ocrx_word' id='word_1_250' title='bbox 297 3073 492 3130; x_wconf 73' lang='grc' dir='ltr'><strong>ταύτης</strong></span> <span class='ocrx_word' id='word_1_251' title='bbox 555 3078 646 3128; x_wconf 79' lang='grc' dir='ltr'><strong>τῆς</strong></span> <span class='ocrx_word' id='word_1_252' title='bbox 700 3078 868 3142; x_wconf 67' lang='grc' dir='ltr'><strong>φωνῆς</strong></span> <span class='ocrx_word' id='word_1_253' title='bbox 917 3071 976 3120; x_wconf 88' lang='grc' dir='ltr'><strong>τὸ</strong></span> <span class='ocrx_word' id='word_1_254' title='bbox 1021 3071 1298 3140; x_wconf 84' lang='grc' dir='ltr'><strong>ὸμοούσιον</strong></span> <span class='ocrx_word' id='word_1_255' title='bbox 1357 3066 1486 3120; x_wconf 81' lang='grc' dir='ltr'><strong>εἶναι</strong></span> <span class='ocrx_word' id='word_1_256' title='bbox 1533 3071 1617 3119; x_wconf 85' lang='grc' dir='ltr'><strong>τόν</strong></span> <span class='ocrx_word' id='word_1_257' title='bbox 1687 3067 1808 3118; x_wconf 82' lang='grc' dir='ltr'>Υὶὸν</span> <span class='ocrx_word' id='word_1_258' title='bbox 1841 3100 1881 3156; x_wconf 78' lang='lat' dir='ltr'>C</span> 
     </span>
    </p>
   </div>
   <div class='ocr_carea' id='block_1_34' title="bbox 193 3154 1808 3232">
    <p class='ocr_par' dir='ltr' id='par_1_34' title="bbox 193 3154 1808 3232">
     <span class='ocr_line' id='line_1_34' title="bbox 193 3154 1808 3232; baseline -0.002 -22"><span class='ocrx_word' id='word_1_259' title='bbox 193 3157 264 3232; x_wconf 66' lang='grc' dir='ltr'>τῷ</span> <span class='ocrx_word' id='word_1_260' title='bbox 291 3165 468 3232; x_wconf 77' lang='grc' dir='ltr'><strong>Πατρὶ</strong></span> <span class='ocrx_word' id='word_1_261' title='bbox 507 3154 804 3215; x_wconf 68' lang='grc' dir='ltr'><strong>δηλοῦσθαι</strong></span> <span class='ocrx_word' id='word_1_262' title='bbox 851 3163 1193 3212; x_wconf 76' lang='grc' dir='ltr'><strong>πεπίστευκα.</strong></span> <span class='ocrx_word' id='word_1_263' title='bbox 1249 3159 1354 3218; x_wconf 81' lang='grc' dir='ltr'>Τὰς</span> <span class='ocrx_word' id='word_1_264' title='bbox 1409 3160 1510 3230; x_wconf 78' lang='grc' dir='ltr'><strong>γὰρ</strong></span> <span class='ocrx_word' id='word_1_265' title='bbox 1583 3159 1808 3228; x_wconf 80' lang='grc' dir='ltr'><strong>συγκρί-</strong></span> 
     </span>
    </p>
   </div>
   <div class='ocr_carea' id='block_1_35' title="bbox 197 3245 1810 3321">
    <p class='ocr_par' dir='ltr' id='par_1_35' title="bbox 197 3245 1810 3321">
     <span class='ocr_line' id='line_1_35' title="bbox 197 3245 1810 3321; baseline -0.004 -20"><span class='ocrx_word' id='word_1_266' title='bbox 197 3268 306 3312; x_wconf 81' lang='grc' dir='ltr'><strong>σεις</strong></span> <span class='ocrx_word' id='word_1_267' title='bbox 357 3245 488 3301; x_wconf 78' lang='grc' dir='ltr'><strong>οἶδα</strong></span> <span class='ocrx_word' id='word_1_268' title='bbox 539 3253 730 3321; x_wconf 81' lang='grc' dir='ltr'><strong>κυρίως</strong></span> <span class='ocrx_word' id='word_1_269' title='bbox 777 3245 860 3299; x_wconf 84' lang='grc' dir='ltr'>ἐπὶ</span> <span class='ocrx_word' id='word_1_270' title='bbox 917 3256 1015 3298; x_wconf 86' lang='grc' dir='ltr'><strong>τῶν</strong></span> <span class='ocrx_word' id='word_1_271' title='bbox 1041 3255 1132 3308; x_wconf 84' lang='grc' dir='ltr'><strong>τῆς</strong></span> <span class='ocrx_word' id='word_1_272' title='bbox 1166 3247 1330 3308; x_wconf 70' lang='grc' dir='ltr'><strong>αὐτῆς</strong></span> <span class='ocrx_word' id='word_1_273' title='bbox 1359 3249 1560 3318; x_wconf 77' lang='grc' dir='ltr'><strong>φύσεως</strong></span> <span class='ocrx_word' id='word_1_274' title='bbox 1608 3249 1810 3318; x_wconf 77' lang='grc' dir='ltr'><strong>γινομέ-</strong></span> 
     </span>
    </p>
   </div>
   <div class='ocr_carea' id='block_1_36' title="bbox 193 3331 1811 3410">
    <p class='ocr_par' dir='ltr' id='par_1_36' title="bbox 193 3331 1811 3410">
     <span class='ocr_line' id='line_1_36' title="bbox 193 3331 1811 3410; baseline -0.002 -22"><span class='ocrx_word' id='word_1_275' title='bbox 193 3359 304 3400; x_wconf 69' lang='grc' dir='ltr'><strong>νας.</strong></span> <span class='ocrx_word' id='word_1_276' title='bbox 369 3335 626 3408; x_wconf 72' lang='grc' dir='ltr'><strong>Ἄγγελον</strong></span> <span class='ocrx_word' id='word_1_277' title='bbox 696 3339 798 3410; x_wconf 77' lang='grc' dir='ltr'><strong>γὰρ</strong></span> <span class='ocrx_word' id='word_1_278' title='bbox 859 3334 1078 3406; x_wconf 77' lang='grc' dir='ltr'><strong>ἀγγέλου</strong></span> <span class='ocrx_word' id='word_1_279' title='bbox 1135 3335 1345 3408; x_wconf 81' lang='grc' dir='ltr'><strong>λέγομεν</strong></span> <span class='ocrx_word' id='word_1_280' title='bbox 1407 3335 1650 3406; x_wconf 75' lang='grc' dir='ltr'><strong>μείζονα,</strong></span> <span class='ocrx_word' id='word_1_281' title='bbox 1719 3331 1811 3385; x_wconf 76' lang='grc' dir='ltr'>καὶ</span> 
     </span>
    </p>
   </div>
   <div class='ocr_carea' id='block_1_37' title="bbox 187 3421 1812 3502">
    <p class='ocr_par' dir='ltr' id='par_1_37' title="bbox 187 3421 1812 3502">
     <span class='ocr_line' id='line_1_37' title="bbox 187 3421 1812 3502; baseline -0.003 -23"><span class='ocrx_word' id='word_1_282' title='bbox 187 3429 471 3502; x_wconf 71' lang='grc' dir='ltr'><strong>ἄνθρωπον</strong></span> <span class='ocrx_word' id='word_1_283' title='bbox 509 3423 785 3499; x_wconf 74' lang='grc' dir='ltr'><strong>ἀνθρώπου</strong></span> <span class='ocrx_word' id='word_1_284' title='bbox 831 3421 1175 3499; x_wconf 77' lang='grc' dir='ltr'><strong>δικαιότερον,</strong></span> <span class='ocrx_word' id='word_1_285' title='bbox 1214 3429 1304 3476; x_wconf 83' lang='grc' dir='ltr'><strong>καὶ</strong></span> <span class='ocrx_word' id='word_1_286' title='bbox 1353 3425 1546 3481; x_wconf 82' lang='grc' dir='ltr'><strong>πτηνὸν</strong></span> <span class='ocrx_word' id='word_1_287' title='bbox 1611 3431 1812 3480; x_wconf 78' lang='grc' dir='ltr'><strong><em>πτηνοῦ</em></strong></span> 
     </span>
    </p>
   </div>
   <div class='ocr_carea' id='block_1_38' title="bbox 185 3507 1812 3590">
    <p class='ocr_par' dir='ltr' id='par_1_38' title="bbox 185 3507 1812 3590">
     <span class='ocr_line' id='line_1_38' title="bbox 185 3507 1812 3590; baseline -0.002 -23"><span class='ocrx_word' id='word_1_288' title='bbox 185 3521 512 3590; x_wconf 74' lang='grc' dir='ltr'><strong>ταχύτερον.</strong></span> <span class='ocrx_word' id='word_1_289' title='bbox 570 3514 630 3567; x_wconf 83' lang='grc' dir='ltr'>Εἰ</span> <span class='ocrx_word' id='word_1_290' title='bbox 677 3517 848 3566; x_wconf 83' lang='grc' dir='ltr'><strong>τοίνυν</strong></span> <span class='ocrx_word' id='word_1_291' title='bbox 901 3515 954 3564; x_wconf 84' lang='grc' dir='ltr'>αἱ</span> <span class='ocrx_word' id='word_1_292' title='bbox 981 3517 1282 3586; x_wconf 79' lang='grc' dir='ltr'><strong>συγκρίσεις</strong></span> <span class='ocrx_word' id='word_1_293' title='bbox 1307 3511 1390 3564; x_wconf 77' lang='grc' dir='ltr'>ἐπὶ</span> <span class='ocrx_word' id='word_1_294' title='bbox 1417 3519 1517 3564; x_wconf 84' lang='grc' dir='ltr'><strong>τῶν</strong></span> <span class='ocrx_word' id='word_1_295' title='bbox 1552 3507 1812 3584; x_wconf 77' lang='grc' dir='ltr'>ὁμοειδῶν</span> 
     </span>
    </p>
   </div>
   <div class='ocr_carea' id='block_1_39' title="bbox 147 3600 1812 3678">
    <p class='ocr_par' dir='ltr' id='par_1_39' title="bbox 147 3600 1812 3678">
     <span class='ocr_line' id='line_1_39' title="bbox 147 3600 1812 3678; baseline -0.004 -20"><span class='ocrx_word' id='word_1_296' title='bbox 147 3607 453 3678; x_wconf 50' lang='grc' dir='ltr'><strong>θγίνονται,</strong></span> <span class='ocrx_word' id='word_1_297' title='bbox 485 3603 678 3676; x_wconf 79' lang='grc' dir='ltr'><strong>μείζων</strong></span> <span class='ocrx_word' id='word_1_298' title='bbox 707 3600 767 3655; x_wconf 68' lang='grc' dir='ltr'>δὲ</span> <span class='ocrx_word' id='word_1_299' title='bbox 813 3605 950 3654; x_wconf 81' lang='grc' dir='ltr'><strong>κατὰ</strong></span> <span class='ocrx_word' id='word_1_300' title='bbox 989 3604 1268 3678; x_wconf 78' lang='grc' dir='ltr'><strong>σύγκρισιν</strong></span> <span class='ocrx_word' id='word_1_301' title='bbox 1309 3603 1512 3676; x_wconf 85' lang='grc' dir='ltr'><strong>εἴρηται</strong></span> <span class='ocrx_word' id='word_1_302' title='bbox 1566 3601 1592 3653; x_wconf 89' lang='grc' dir='ltr'><strong><em>ὀ</em></strong></span> <span class='ocrx_word' id='word_1_303' title='bbox 1633 3605 1812 3674; x_wconf 79' lang='grc' dir='ltr'><strong>Πατὴρ</strong></span> 
     </span>
    </p>
   </div>
   <div class='ocr_carea' id='block_1_40' title="bbox 187 3687 1816 3766">
    <p class='ocr_par' dir='ltr' id='par_1_40' title="bbox 187 3687 1816 3766">
     <span class='ocr_line' id='line_1_40' title="bbox 187 3687 1816 3766; baseline -0.004 -19"><span class='ocrx_word' id='word_1_304' title='bbox 187 3701 292 3747; x_wconf 76' lang='grc' dir='ltr'><strong>τοῦ</strong></span> <span class='ocrx_word' id='word_1_305' title='bbox 359 3696 503 3746; x_wconf 75' lang='grc' dir='ltr'><strong>Υἰοῦ·</strong></span> <span class='ocrx_word' id='word_1_306' title='bbox 569 3694 846 3766; x_wconf 74' lang='grc' dir='ltr'><strong>ὁμοούσιος</strong></span> <span class='ocrx_word' id='word_1_307' title='bbox 897 3699 969 3761; x_wconf 79' lang='grc' dir='ltr'><strong>τῷ</strong></span> <span class='ocrx_word' id='word_1_308' title='bbox 1027 3693 1245 3764; x_wconf 85' lang='grc' dir='ltr'><strong>Πατρὶὸ</strong></span> <span class='ocrx_word' id='word_1_309' title='bbox 1277 3694 1415 3752; x_wconf 83' lang='grc' dir='ltr'><strong>Υἱὸς.</strong></span> <span class='ocrx_word' id='word_1_310' title='bbox 1449 3691 1602 3744; x_wconf 82' lang='grc' dir='ltr'><strong>Ἔστι</strong></span> <span class='ocrx_word' id='word_1_311' title='bbox 1638 3687 1697 3742; x_wconf 74' lang='grc' dir='ltr'>δέ</span> <span class='ocrx_word' id='word_1_312' title='bbox 1734 3710 1816 3751; x_wconf 85' lang='grc' dir='ltr'>τις</span> 
     </span>
    </p>
   </div>
   <div class='ocr_carea' id='block_1_41' title="bbox 185 3779 1814 3852">
    <p class='ocr_par' dir='ltr' id='par_1_41' title="bbox 185 3779 1814 3852">
     <span class='ocr_line' id='line_1_41' title="bbox 185 3779 1814 3852; baseline -0.004 -17"><span class='ocrx_word' id='word_1_313' title='bbox 185 3791 284 3835; x_wconf 78' lang='grc' dir='ltr'><strong>καὶ</strong></span> <span class='ocrx_word' id='word_1_314' title='bbox 309 3782 436 3839; x_wconf 64' lang='grc' dir='ltr'><strong>εἶλλε</strong></span> <span class='ocrx_word' id='word_1_315' title='bbox 471 3784 640 3833; x_wconf 84' lang='grc' dir='ltr'><strong>ἔννοια</strong></span> <span class='ocrx_word' id='word_1_316' title='bbox 663 3779 1026 3852; x_wconf 63' lang='grc' dir='ltr'><strong>ἐναποκειμέδη</strong></span> <span class='ocrx_word' id='word_1_317' title='bbox 1058 3788 1131 3850; x_wconf 83' lang='grc' dir='ltr'><strong>τῷ</strong></span> <span class='ocrx_word' id='word_1_318' title='bbox 1185 3779 1350 3852; x_wconf 82' lang='grc' dir='ltr'><strong>ῥητῷ.</strong></span> <span class='ocrx_word' id='word_1_319' title='bbox 1398 3784 1460 3832; x_wconf 85' lang='grc' dir='ltr'><strong>Τί</strong></span> <span class='ocrx_word' id='word_1_320' title='bbox 1525 3781 1628 3852; x_wconf 79' lang='grc' dir='ltr'><strong>γὰρ</strong></span> <span class='ocrx_word' id='word_1_321' title='bbox 1680 3780 1814 3830; x_wconf 87' lang='grc' dir='ltr'><strong>θαυ-</strong></span> 
     </span>
    </p>
   </div>
   <div class='ocr_carea' id='block_1_42' title="bbox 183 3867 1810 3946">
    <p class='ocr_par' dir='ltr' id='par_1_42' title="bbox 183 3867 1810 3946">
     <span class='ocr_line' id='line_1_42' title="bbox 183 3867 1810 3946; baseline -0.004 -22"><span class='ocrx_word' id='word_1_322' title='bbox 183 3875 419 3946; x_wconf 79' lang='grc' dir='ltr'><strong>μαστὸν,</strong></span> <span class='ocrx_word' id='word_1_323' title='bbox 469 3871 512 3922; x_wconf 89' lang='grc' dir='ltr'>εἰ</span> <span class='ocrx_word' id='word_1_324' title='bbox 557 3873 774 3942; x_wconf 78' lang='grc' dir='ltr'><strong>μείζονα</strong></span> <span class='ocrx_word' id='word_1_325' title='bbox 829 3869 1014 3921; x_wconf 76' lang='grc' dir='ltr'><strong>ἑαυτοῦ</strong></span> <span class='ocrx_word' id='word_1_326' title='bbox 1068 3871 1154 3920; x_wconf 84' lang='grc' dir='ltr'><strong>τὸν</strong></span> <span class='ocrx_word' id='word_1_327' title='bbox 1209 3871 1414 3942; x_wconf 78' lang='grc' dir='ltr'><strong>Πατέρα</strong></span> <span class='ocrx_word' id='word_1_328' title='bbox 1479 3867 1810 3940; x_wconf 81' lang='grc' dir='ltr'><strong>ὡμολόγησε,</strong></span> 
     </span>
    </p>
   </div>
   <div class='ocr_carea' id='block_1_43' title="bbox 185 3955 1813 4034">
    <p class='ocr_par' dir='ltr' id='par_1_43' title="bbox 185 3955 1813 4034">
     <span class='ocr_line' id='line_1_43' title="bbox 185 3955 1813 4034; baseline -0.006 -18"><span class='ocrx_word' id='word_1_329' title='bbox 185 3969 367 4034; x_wconf 70' lang='lat' dir='ltr'>Atr/6;</span> <span class='ocrx_word' id='word_1_330' title='bbox 421 3965 490 4010; x_wconf 75' lang='grc' dir='ltr'><strong>ὧν</strong></span> <span class='ocrx_word' id='word_1_331' title='bbox 545 3965 632 4012; x_wconf 80' lang='grc' dir='ltr'><strong>καὶ</strong></span> <span class='ocrx_word' id='word_1_332' title='bbox 693 3957 830 4034; x_wconf 81' lang='grc' dir='ltr'><strong>σὰρξ</strong></span> <span class='ocrx_word' id='word_1_333' title='bbox 877 3963 1120 4030; x_wconf 78' lang='grc' dir='ltr'><strong>γεγονὼς,</strong></span> <span class='ocrx_word' id='word_1_334' title='bbox 1177 3959 1368 4010; x_wconf 81' lang='grc' dir='ltr'><strong>ὁπόταν</strong></span> <span class='ocrx_word' id='word_1_335' title='bbox 1433 3962 1524 4009; x_wconf 83' lang='grc' dir='ltr'>καὶ</span> <span class='ocrx_word' id='word_1_336' title='bbox 1583 3955 1813 4028; x_wconf 81' lang='grc' dir='ltr'><strong>ἀγγέλων</strong></span> 
     </span>
    </p>
   </div>
   <div class='ocr_carea' id='block_1_44' title="bbox 185 4043 1815 4124">
    <p class='ocr_par' dir='ltr' id='par_1_44' title="bbox 185 4043 1815 4124">
     <span class='ocr_line' id='line_1_44' title="bbox 185 4043 1815 4124; baseline -0.004 -21"><span class='ocrx_word' id='word_1_337' title='bbox 185 4053 342 4124; x_wconf 62' lang='grc' dir='ltr'><strong>ὡςιθη</strong></span> <span class='ocrx_word' id='word_1_338' title='bbox 405 4051 544 4101; x_wconf 78' lang='grc' dir='ltr'>κατὰ</span> <span class='ocrx_word' id='word_1_339' title='bbox 599 4051 692 4105; x_wconf 70' lang='grc' dir='ltr'>τήν</span> <span class='ocrx_word' id='word_1_340' title='bbox 747 4043 904 4110; x_wconf 78' lang='grc' dir='ltr'><strong>δόξαν</strong></span> <span class='ocrx_word' id='word_1_341' title='bbox 959 4045 1196 4117; x_wconf 76' lang='grc' dir='ltr'><strong>ἐλάττων,</strong></span> <span class='ocrx_word' id='word_1_342' title='bbox 1259 4049 1346 4098; x_wconf 82' lang='grc' dir='ltr'><strong>καὶ</strong></span> <span class='ocrx_word' id='word_1_343' title='bbox 1373 4043 1652 4119; x_wconf 80' lang='grc' dir='ltr'><strong>ἀνθρώπων</strong></span> <span class='ocrx_word' id='word_1_344' title='bbox 1680 4047 1815 4096; x_wconf 81' lang='grc' dir='ltr'>κατά</span> 
     </span>
    </p>
   </div>
   <div class='ocr_carea' id='block_1_45' title="bbox 185 4131 1816 4213">
    <p class='ocr_par' dir='ltr' id='par_1_45' title="bbox 185 4131 1816 4213">
     <span class='ocr_line' id='line_1_45' title="bbox 185 4131 1816 4213; baseline -0.006 -18"><span class='ocrx_word' id='word_1_345' title='bbox 185 4149 246 4195; x_wconf 82' lang='lat'>76</span> <span class='ocrx_word' id='word_1_346' title='bbox 307 4131 500 4208; x_wconf 60' lang='grc' dir='ltr'><strong>εἰᾶοςς</strong></span> <span class='ocrx_word' id='word_1_347' title='bbox 552 4139 888 4200; x_wconf 73' lang='grc' dir='ltr'><strong>Ἠλείττωσας</strong></span> <span class='ocrx_word' id='word_1_348' title='bbox 939 4136 1036 4213; x_wconf 72' lang='grc' dir='ltr'><strong>γὰρ</strong></span> <span class='ocrx_word' id='word_1_349' title='bbox 1093 4136 1263 4204; x_wconf 65' lang='grc' dir='ltr'><strong>αὐτὸν,</strong></span> <span class='ocrx_word' id='word_1_350' title='bbox 1326 4142 1477 4209; x_wconf 69' lang='grc' dir='ltr'><strong>φησὶ,</strong></span> <span class='ocrx_word' id='word_1_351' title='bbox 1528 4135 1712 4211; x_wconf 81' lang='grc' dir='ltr'><strong>βραχύ</strong></span> <span class='ocrx_word' id='word_1_352' title='bbox 1761 4142 1816 4187; x_wconf 84' lang='grc' dir='ltr'><strong>τι</strong></span> 
     </span>
    </p>
   </div>
   <div class='ocr_carea' id='block_1_46' title="bbox 185 4223 1814 4307">
    <p class='ocr_par' dir='ltr' id='par_1_46' title="bbox 185 4223 1814 4307">
     <span class='ocr_line' id='line_1_46' title="bbox 185 4223 1814 4307; baseline -0.006 -22"><span class='ocrx_word' id='word_1_353' title='bbox 185 4231 316 4307; x_wconf 70' lang='grc' dir='ltr'><strong>παρ’</strong></span> <span class='ocrx_word' id='word_1_354' title='bbox 377 4229 656 4302; x_wconf 59' lang='grc' dir='ltr'><strong>ἀγγέλους</strong></span> <span class='ocrx_word' id='word_1_355' title='bbox 701 4233 791 4280; x_wconf 83' lang='grc' dir='ltr'>καὶ</span> <span class='ocrx_word' id='word_1_356' title='bbox 845 4227 1018 4280; x_wconf 73' lang='grc' dir='ltr'><strong>πάλινο</strong></span> <span class='ocrx_word' id='word_1_357' title='bbox 1077 4231 1174 4280; x_wconf 86' lang='lat' dir='ltr'><strong>T69</strong></span> <span class='ocrx_word' id='word_1_358' title='bbox 1235 4223 1293 4279; x_wconf 72' lang='grc' dir='ltr'>δὲ</span> <span class='ocrx_word' id='word_1_359' title='bbox 1352 4225 1538 4300; x_wconf 79' lang='grc' dir='ltr'><strong>βραχὺ</strong></span> <span class='ocrx_word' id='word_1_360' title='bbox 1592 4246 1642 4277; x_wconf 88' lang='grc' dir='ltr'>τι</span> <span class='ocrx_word' id='word_1_361' title='bbox 1690 4225 1814 4300; x_wconf 83' lang='grc' dir='ltr'><strong>παρ’</strong></span> 
     </span>
    </p>
   </div>
   <div class='ocr_carea' id='block_1_47' title="bbox 185 4311 1813 4394">
    <p class='ocr_par' dir='ltr' id='par_1_47' title="bbox 185 4311 1813 4394">
     <span class='ocr_line' id='line_1_47' title="bbox 185 4311 1813 4394; baseline -0.004 -22"><span class='ocrx_word' id='word_1_362' title='bbox 185 4321 454 4394; x_wconf 67' lang='grc' dir='ltr'><strong>ἀγγέλους</strong></span> <span class='ocrx_word' id='word_1_363' title='bbox 523 4319 904 4390; x_wconf 74' lang='grc' dir='ltr'><strong>ἠλαττωμένον,</strong></span> <span class='ocrx_word' id='word_1_364' title='bbox 988 4322 1077 4369; x_wconf 81' lang='grc' dir='ltr'>καὶ</span> <span class='ocrx_word' id='word_1_365' title='bbox 1161 4319 1242 4380; x_wconf 86' lang='grc' dir='ltr'><strong>τὸ,</strong></span> <span class='ocrx_word' id='word_1_366' title='bbox 1319 4311 1544 4388; x_wconf 72' lang='grc' dir='ltr'><strong>Εἷδομεν</strong></span> <span class='ocrx_word' id='word_1_367' title='bbox 1639 4314 1813 4382; x_wconf 69' lang='grc' dir='ltr'><strong>αὐτὸν,</strong></span> 
     </span>
    </p>
   </div>
   <div class='ocr_carea' id='block_1_48' title="bbox 187 4401 1817 4479">
    <p class='ocr_par' dir='ltr' id='par_1_48' title="bbox 187 4401 1817 4479">
     <span class='ocr_line' id='line_1_48' title="bbox 187 4401 1817 4479; baseline -0.004 -17"><span class='ocrx_word' id='word_1_368' title='bbox 187 4418 282 4464; x_wconf 72' lang='grc' dir='ltr'>καὶ</span> <span class='ocrx_word' id='word_1_369' title='bbox 339 4411 440 4462; x_wconf 66' lang='grc' dir='ltr'>οὐκ</span> <span class='ocrx_word' id='word_1_370' title='bbox 505 4407 644 4479; x_wconf 80' lang='grc' dir='ltr'><strong>εἶχεν</strong></span> <span class='ocrx_word' id='word_1_371' title='bbox 704 4404 868 4473; x_wconf 76' lang='grc' dir='ltr'><strong>εὶὸος,</strong></span> <span class='ocrx_word' id='word_1_372' title='bbox 924 4403 1046 4459; x_wconf 68' lang='grc' dir='ltr'>οὐδὲ</span> <span class='ocrx_word' id='word_1_373' title='bbox 1103 4405 1304 4466; x_wconf 69' lang='grc' dir='ltr'><strong>καλλος·</strong></span> <span class='ocrx_word' id='word_1_374' title='bbox 1369 4404 1506 4456; x_wconf 74' lang='grc' dir='ltr'><strong>ἀλλὰ</strong></span> <span class='ocrx_word' id='word_1_375' title='bbox 1561 4407 1620 4456; x_wconf 84' lang='grc' dir='ltr'><strong>τὸ</strong></span> <span class='ocrx_word' id='word_1_376' title='bbox 1678 4401 1817 4466; x_wconf 76' lang='grc' dir='ltr'><strong>εἶδος</strong></span> 
     </span>
    </p>
   </div>
   <div class='ocr_carea' id='block_1_49' title="bbox 191 4493 1816 4569">
    <p class='ocr_par' dir='ltr' id='par_1_49' title="bbox 191 4493 1816 4569">
     <span class='ocr_line' id='line_1_49' title="bbox 191 4493 1816 4569; baseline -0.004 -17"><span class='ocrx_word' id='word_1_377' title='bbox 191 4503 356 4552; x_wconf 62' lang='grc' dir='ltr'><strong>αὑτοῦ</strong></span> <span class='ocrx_word' id='word_1_378' title='bbox 449 4497 678 4550; x_wconf 59' lang='grc' dir='ltr'><strong>ἐλλεῖπον</strong></span> <span class='ocrx_word' id='word_1_379' title='bbox 765 4499 909 4569; x_wconf 75' lang='grc' dir='ltr'><strong>παρὰ</strong></span> <span class='ocrx_word' id='word_1_380' title='bbox 989 4497 1188 4557; x_wconf 74' lang='grc' dir='ltr'><strong>πάντας</strong></span> <span class='ocrx_word' id='word_1_381' title='bbox 1292 4499 1408 4555; x_wconf 75' lang='grc' dir='ltr'><strong>τοὺς</strong></span> <span class='ocrx_word' id='word_1_382' title='bbox 1489 4493 1816 4566; x_wconf 72' lang='grc' dir='ltr'><strong>ἀνθρώπους.</strong></span> 
     </span>
    </p>
   </div>
   <div class='ocr_carea' id='block_1_50' title="bbox 185 4581 1819 4656">
    <p class='ocr_par' dir='ltr' id='par_1_50' title="bbox 185 4581 1819 4656">
     <span class='ocr_line' id='line_1_50' title="bbox 185 4581 1819 4656; baseline -0.006 -12"><span class='ocrx_word' id='word_1_383' title='bbox 185 4595 404 4644; x_wconf 66' lang='grc' dir='ltr'><strong>Τούτων</strong></span> <span class='ocrx_word' id='word_1_384' title='bbox 461 4585 522 4640; x_wconf 73' lang='grc' dir='ltr'><strong>δε</strong></span> <span class='ocrx_word' id='word_1_385' title='bbox 575 4588 776 4639; x_wconf 69' lang='grc' dir='ltr'><strong>πάντων</strong></span> <span class='ocrx_word' id='word_1_386' title='bbox 833 4585 1088 4656; x_wconf 76' lang='grc' dir='ltr'><strong>ἠνέσχετο</strong></span> <span class='ocrx_word' id='word_1_387' title='bbox 1141 4581 1236 4637; x_wconf 76' lang='grc' dir='ltr'>διὰ</span> <span class='ocrx_word' id='word_1_388' title='bbox 1287 4590 1380 4644; x_wconf 77' lang='grc' dir='ltr'><strong>τὴν</strong></span> <span class='ocrx_word' id='word_1_389' title='bbox 1435 4583 1628 4642; x_wconf 75' lang='grc' dir='ltr'><strong>πολλὴν</strong></span> <span class='ocrx_word' id='word_1_390' title='bbox 1660 4587 1819 4635; x_wconf 71' lang='grc' dir='ltr'><strong>αὑτοῦ</strong></span> 
     </span>
    </p>
   </div>
   <div class='ocr_carea' id='block_1_51' title="bbox 189 4671 1821 4752">
    <p class='ocr_par' dir='ltr' id='par_1_51' title="bbox 189 4671 1821 4752">
     <span class='ocr_line' id='line_1_51' title="bbox 189 4671 1821 4752; baseline -0.003 -22"><span class='ocrx_word' id='word_1_391' title='bbox 189 4687 308 4752; x_wconf 68' lang='grc' dir='ltr'><strong>περὶ</strong></span> <span class='ocrx_word' id='word_1_392' title='bbox 351 4683 416 4731; x_wconf 81' lang='lat'>76</span> <span class='ocrx_word' id='word_1_393' title='bbox 449 4677 671 4748; x_wconf 65' lang='grc' dir='ltr'><strong>πλάσμα</strong></span> <span class='ocrx_word' id='word_1_394' title='bbox 701 4675 1106 4747; x_wconf 71' lang='grc' dir='ltr'><strong>φιλανθρωπίαν,</strong></span> <span class='ocrx_word' id='word_1_395' title='bbox 1145 4675 1228 4725; x_wconf 81' lang='grc' dir='ltr'><strong>ἵνα</strong></span> <span class='ocrx_word' id='word_1_396' title='bbox 1277 4677 1334 4725; x_wconf 86' lang='grc' dir='ltr'><strong>τὸ</strong></span> <span class='ocrx_word' id='word_1_397' title='bbox 1379 4671 1642 4734; x_wconf 78' lang='grc' dir='ltr'><strong>ἀπολωλὸς</strong></span> <span class='ocrx_word' id='word_1_398' title='bbox 1699 4693 1821 4748; x_wconf 87' lang='grc' dir='ltr'><strong>προ-</strong></span> 
     </span>
    </p>
   </div>
   <div class='ocr_carea' id='block_1_52' title="bbox 193 4761 1821 4832">
    <p class='ocr_par' dir='ltr' id='par_1_52' title="bbox 193 4761 1821 4832">
     <span class='ocr_line' id='line_1_52' title="bbox 193 4761 1821 4832; baseline -0.006 -11"><span class='ocrx_word' id='word_1_399' title='bbox 193 4769 352 4821; x_wconf 68' lang='grc' dir='ltr'><strong>εατον</strong></span> <span class='ocrx_word' id='word_1_400' title='bbox 383 4767 736 4822; x_wconf 66' lang='grc' dir='ltr'><strong>ἀνασώσηται</strong></span> <span class='ocrx_word' id='word_1_401' title='bbox 761 4763 895 4830; x_wconf 83' lang='grc'>(68),</span> <span class='ocrx_word' id='word_1_402' title='bbox 921 4765 1010 4814; x_wconf 83' lang='grc' dir='ltr'>καὶ</span> <span class='ocrx_word' id='word_1_403' title='bbox 1058 4766 1118 4814; x_wconf 84' lang='grc' dir='ltr'><strong>τὸ</strong></span> <span class='ocrx_word' id='word_1_404' title='bbox 1181 4763 1343 4814; x_wconf 75' lang='grc' dir='ltr'><strong>σωθὲν</strong></span> <span class='ocrx_word' id='word_1_405' title='bbox 1405 4761 1690 4832; x_wconf 78' lang='grc' dir='ltr'><strong>καταμίξη,</strong></span> <span class='ocrx_word' id='word_1_406' title='bbox 1732 4777 1821 4824; x_wconf 70' lang='grc' dir='ltr'><strong>καὶ</strong></span> 
     </span>
    </p>
   </div>
   <div class='ocr_carea' id='block_1_53' title="bbox 189 4846 1822 4926">
    <p class='ocr_par' dir='ltr' id='par_1_53' title="bbox 189 4846 1822 4926">
     <span class='ocr_line' id='line_1_53' title="bbox 189 4846 1822 4926; baseline -0.006 -16"><span class='ocrx_word' id='word_1_407' title='bbox 189 4865 278 4910; x_wconf 74' lang='grc' dir='ltr'>τον</span> <span class='ocrx_word' id='word_1_408' title='bbox 299 4856 628 4909; x_wconf 73' lang='grc' dir='ltr'><strong>κατελθόντα</strong></span> <span class='ocrx_word' id='word_1_409' title='bbox 657 4852 760 4904; x_wconf 79' lang='grc' dir='ltr'>ἀπὸ</span> <span class='ocrx_word' id='word_1_410' title='bbox 805 4850 1144 4924; x_wconf 79' lang='grc' dir='ltr'><strong>Ἰερουσαλὴμ</strong></span> <span class='ocrx_word' id='word_1_411' title='bbox 1173 4851 1242 4911; x_wconf 82' lang='grc' dir='ltr'>εἰς</span> <span class='ocrx_word' id='word_1_412' title='bbox 1298 4851 1524 4926; x_wconf 67' lang='grc' dir='ltr'><strong>Ἰεριχώ,</strong></span> <span class='ocrx_word' id='word_1_413' title='bbox 1581 4854 1670 4902; x_wconf 80' lang='grc' dir='ltr'><strong>καὶ</strong></span> <span class='ocrx_word' id='word_1_414' title='bbox 1729 4846 1822 4901; x_wconf 79' lang='grc' dir='ltr'>διὰ</span> 
     </span>
    </p>
   </div>
   <div class='ocr_carea' id='block_1_54' title="bbox 191 4939 1824 5020">
    <p class='ocr_par' dir='ltr' id='par_1_54' title="bbox 191 4939 1824 5020">
     <span class='ocr_line' id='line_1_54' title="bbox 191 4939 1824 5020; baseline -0.005 -22"><span class='ocrx_word' id='word_1_415' title='bbox 191 4955 346 5000; x_wconf 70' lang='grc' dir='ltr'><strong>τοῦτο</strong></span> <span class='ocrx_word' id='word_1_416' title='bbox 371 4947 731 5020; x_wconf 62' lang='grc' dir='ltr'><strong>περιπεσόντα</strong></span> <span class='ocrx_word' id='word_1_417' title='bbox 751 4941 993 5014; x_wconf 74' lang='grc' dir='ltr'><strong>λῃσταῖς,</strong></span> <span class='ocrx_word' id='word_1_418' title='bbox 1025 4939 1090 5001; x_wconf 84' lang='grc' dir='ltr'>εἰς</span> <span class='ocrx_word' id='word_1_419' title='bbox 1129 4945 1222 4998; x_wconf 78' lang='grc' dir='ltr'><strong>τὴν</strong></span> <span class='ocrx_word' id='word_1_420' title='bbox 1253 4939 1446 4992; x_wconf 80' lang='grc' dir='ltr'><strong>οἰκείαν</strong></span> <span class='ocrx_word' id='word_1_421' title='bbox 1508 4941 1824 5010; x_wconf 73' lang='grc' dir='ltr'><strong>ὑγιαίνοντα</strong></span> 
     </span>
    </p>
   </div>
   <div class='ocr_carea' id='block_1_55' title="bbox 197 5027 1818 5106">
    <p class='ocr_par' dir='ltr' id='par_1_55' title="bbox 197 5027 1818 5106">
     <span class='ocr_line' id='line_1_55' title="bbox 197 5027 1818 5106; baseline -0.006 -17"><span class='ocrx_word' id='word_1_422' title='bbox 197 5039 350 5089; x_wconf 64' lang='grc' dir='ltr'><strong>πάλιν</strong></span> <span class='ocrx_word' id='word_1_423' title='bbox 405 5035 714 5106; x_wconf 69' lang='grc' dir='ltr'><strong>ἐπαναγάγη</strong></span> <span class='ocrx_word' id='word_1_424' title='bbox 769 5027 1024 5106; x_wconf 73' lang='grc' dir='ltr'><strong>πατρίδα.</strong></span> <span class='ocrx_word' id='word_1_425' title='bbox 1071 5029 1136 5082; x_wconf 79' lang='grc'><strong>⁶11</strong></span> <span class='ocrx_word' id='word_1_426' title='bbox 1186 5033 1276 5082; x_wconf 79' lang='grc' dir='ltr'>καὶ</span> <span class='ocrx_word' id='word_1_427' title='bbox 1314 5033 1410 5088; x_wconf 78' lang='grc' dir='ltr'><strong>τὴν</strong></span> <span class='ocrx_word' id='word_1_428' title='bbox 1458 5030 1652 5100; x_wconf 71' lang='grc' dir='ltr'><strong>φάτνην</strong></span> <span class='ocrx_word' id='word_1_429' title='bbox 1679 5027 1818 5098; x_wconf 70' lang='grc' dir='ltr'><strong>αὐτῷ</strong></span> 
     </span>
    </p>
   </div>
   <div class='ocr_carea' id='block_1_56' title="bbox 269 5207 1854 5280">
    <p class='ocr_par' dir='ltr' id='par_1_56' title="bbox 269 5207 1854 5280">
     <span class='ocr_line' id='line_1_56' title="bbox 269 5207 1854 5280; baseline -0.005 -10"><span class='ocrx_word' id='word_1_430' title='bbox 269 5217 514 5270; x_wconf 68' lang='lat' dir='ltr'>&quot;toan.</span> <span class='ocrx_word' id='word_1_431' title='bbox 545 5227 622 5280; x_wconf 75' lang='lat' dir='ltr'>vi,</span> <span class='ocrx_word' id='word_1_432' title='bbox 653 5211 740 5266; x_wconf 83' lang='lat'>58.</span> <span class='ocrx_word' id='word_1_433' title='bbox 825 5209 874 5244; x_wconf 81' lang='grc'>⁵³</span> <span class='ocrx_word' id='word_1_434' title='bbox 899 5207 1072 5264; x_wconf 85' lang='lat' dir='ltr'>Joan.</span> <span class='ocrx_word' id='word_1_435' title='bbox 1099 5221 1174 5276; x_wconf 77' lang='grc' dir='ltr'>ιι,</span> <span class='ocrx_word' id='word_1_436' title='bbox 1203 5211 1293 5263; x_wconf 67' lang='lat' dir='ltr'>2P5.</span> <span class='ocrx_word' id='word_1_437' title='bbox 1369 5207 1418 5243; x_wconf 77' lang='lat'><strong>“</strong></span> <span class='ocrx_word' id='word_1_438' title='bbox 1449 5207 1622 5262; x_wconf 89' lang='lat' dir='ltr'>Joan.</span> <span class='ocrx_word' id='word_1_439' title='bbox 1659 5221 1732 5271; x_wconf 74' lang='grc' dir='ltr'>ιι,</span> <span class='ocrx_word' id='word_1_440' title='bbox 1765 5208 1854 5262; x_wconf 84' lang='lat'>58.</span> 
     </span>
    </p>
   </div>
   <div class='ocr_carea' id='block_1_57' title="bbox 203 5281 1220 5349">
    <p class='ocr_par' dir='ltr' id='par_1_57' title="bbox 203 5281 1220 5349">
     <span class='ocr_line' id='line_1_57' title="bbox 203 5281 1220 5349; baseline -0.007 -8"><span class='ocrx_word' id='word_1_441' title='bbox 203 5286 244 5320; x_wconf 69' lang='grc'><strong>³⁷</strong></span> <span class='ocrx_word' id='word_1_442' title='bbox 275 5286 452 5342; x_wconf 82' lang='lat' dir='ltr'>Hebr.</span> <span class='ocrx_word' id='word_1_443' title='bbox 479 5300 544 5348; x_wconf 78' lang='grc' dir='ltr'>ιι,</span> <span class='ocrx_word' id='word_1_444' title='bbox 571 5289 630 5340; x_wconf 87' lang='lat'>9.</span> <span class='ocrx_word' id='word_1_445' title='bbox 707 5283 755 5317; x_wconf 75' lang='grc'>⁵⁸</span> <span class='ocrx_word' id='word_1_446' title='bbox 784 5281 900 5337; x_wconf 90' lang='lat' dir='ltr'>Isa.</span> <span class='ocrx_word' id='word_1_447' title='bbox 937 5295 1052 5347; x_wconf 79' lang='lat' dir='ltr'>Lm,</span> <span class='ocrx_word' id='word_1_448' title='bbox 1079 5283 1134 5349; x_wconf 85' lang='lat'>2,</span> <span class='ocrx_word' id='word_1_449' title='bbox 1169 5283 1220 5335; x_wconf 90' lang='lat'>3.</span> 
     </span>
    </p>
   </div>
   <div class='ocr_carea' id='block_1_58' title="bbox 271 5403 1816 5472">
    <p class='ocr_par' dir='ltr' id='par_1_58' title="bbox 271 5403 1816 5472">
     <span class='ocr_line' id='line_1_58' title="bbox 271 5403 1816 5472; baseline -0.006 -4"><span class='ocrx_word' id='word_1_450' title='bbox 271 5415 384 5472; x_wconf 75' lang='grc'>1661</span> <span class='ocrx_word' id='word_1_451' title='bbox 443 5409 701 5472; x_wconf 77' lang='grc' dir='ltr'><strong>’Δσιϐῶς.</strong></span> <span class='ocrx_word' id='word_1_452' title='bbox 751 5407 850 5464; x_wconf 87' lang='lat' dir='ltr'>Sic</span> <span class='ocrx_word' id='word_1_453' title='bbox 907 5423 1056 5462; x_wconf 88' lang='lat' dir='ltr'>mss.</span> <span class='ocrx_word' id='word_1_454' title='bbox 1103 5405 1251 5460; x_wconf 89' lang='lat' dir='ltr'>Editi</span> <span class='ocrx_word' id='word_1_455' title='bbox 1307 5403 1524 5460; x_wconf 80' lang='grc' dir='ltr'><strong>ἀσεϐῶν.</strong></span> <span class='ocrx_word' id='word_1_456' title='bbox 1585 5403 1816 5458; x_wconf 82' lang='lat' dir='ltr'>Habent</span> 
     </span>
    </p>
   </div>
   <div class='ocr_carea' id='block_1_59' title="bbox 205 5473 1808 5552">
    <p class='ocr_par' dir='ltr' id='par_1_59' title="bbox 205 5473 1808 5552">
     <span class='ocr_line' id='line_1_59' title="bbox 205 5473 1808 5552; baseline -0.007 -16"><span class='ocrx_word' id='word_1_457' title='bbox 205 5473 382 5540; x_wconf 71' lang='lat' dir='ltr'>iidem</span> <span class='ocrx_word' id='word_1_458' title='bbox 429 5481 677 5540; x_wconf 76' lang='lat' dir='ltr'>codices</span> <span class='ocrx_word' id='word_1_459' title='bbox 727 5481 790 5532; x_wconf 70' lang='grc' dir='ltr'><strong>οὐ</strong></span> <span class='ocrx_word' id='word_1_460' title='bbox 847 5483 941 5536; x_wconf 72' lang='grc' dir='ltr'><strong>τὴν</strong></span> <span class='ocrx_word' id='word_1_461' title='bbox 997 5483 1332 5552; x_wconf 66' lang='grc' dir='ltr'><strong>προαιὼνιον.</strong></span> <span class='ocrx_word' id='word_1_462' title='bbox 1383 5475 1555 5552; x_wconf 85' lang='lat' dir='ltr'>Ed_iti_</span> <span class='ocrx_word' id='word_1_463' title='bbox 1593 5475 1686 5527; x_wconf 76' lang='grc' dir='ltr'>οὐκ</span> <span class='ocrx_word' id='word_1_464' title='bbox 1718 5475 1808 5552; x_wconf 63' lang='lat'>«9’-</span> 
     </span>
    </p>
   </div>
   <div class='ocr_carea' id='block_1_60' title="bbox 209 5545 1809 5626">
    <p class='ocr_par' dir='ltr' id='par_1_60' title="bbox 209 5545 1809 5626">
     <span class='ocr_line' id='line_1_60' title="bbox 209 5545 1809 5626; baseline -0.008 -16"><span class='ocrx_word' id='word_1_465' title='bbox 209 5561 448 5616; x_wconf 52' lang='grc' dir='ltr'><strong>τέλειε.</strong></span> <span class='ocrx_word' id='word_1_466' title='bbox 479 5553 664 5611; x_wconf 82' lang='lat' dir='ltr'>Paulo</span> <span class='ocrx_word' id='word_1_467' title='bbox 694 5557 836 5626; x_wconf 88' lang='lat' dir='ltr'>post</span> <span class='ocrx_word' id='word_1_468' title='bbox 867 5566 1010 5606; x_wconf 86' lang='lat' dir='ltr'>mss.</span> <span class='ocrx_word' id='word_1_469' title='bbox 1035 5545 1162 5622; x_wconf 73' lang='lat' dir='ltr'>&#39;pro</span> <span class='ocrx_word' id='word_1_470' title='bbox 1189 5548 1426 5608; x_wconf 73' lang='grc' dir='ltr'><strong>αὑτοζωή</strong></span> <span class='ocrx_word' id='word_1_471' title='bbox 1459 5546 1685 5604; x_wconf 80' lang='lat' dir='ltr'>habent</span> <span class='ocrx_word' id='word_1_472' title='bbox 1714 5545 1809 5598; x_wconf 72' lang='grc' dir='ltr'>αὐ-</span> 
     </span>
    </p>
   </div>
   <div class='ocr_carea' id='block_1_61' title="bbox 213 5627 386 5686">
    <p class='ocr_par' dir='ltr' id='par_1_61' title="bbox 213 5627 386 5686">
     <span class='ocr_line' id='line_1_61' title="bbox 213 5627 386 5686; baseline -0.006 -8"><span class='ocrx_word' id='word_1_473' title='bbox 213 5627 386 5686; x_wconf 71' lang='grc' dir='ltr'><strong>τοξῶυ,</strong></span> 
     </span>
    </p>
   </div>
   <div class='ocr_carea' id='block_1_62' title="bbox 1223 265 2545 326">
    <p class='ocr_par' dir='ltr' id='par_1_62' title="bbox 1223 265 2545 326">
     <span class='ocr_line' id='line_1_62' title="bbox 1223 265 2545 326; baseline 0 -2"><span class='ocrx_word' id='word_1_474' title='bbox 1223 267 1716 326; x_wconf 76' lang='lat' dir='ltr'>EPISTOLARUM</span> <span class='ocrx_word' id='word_1_475' title='bbox 1751 265 2038 326; x_wconf 78' lang='lat' dir='ltr'>CLASSIS</span> <span class='ocrx_word' id='word_1_476' title='bbox 2077 269 2118 320; x_wconf 88' lang='grc'><strong>1.</strong></span> <span class='ocrx_word' id='word_1_477' title='bbox 2147 267 2362 324; x_wconf 83' lang='lat' dir='ltr'>EPIST.</span> <span class='ocrx_word' id='word_1_478' title='bbox 2404 269 2545 324; x_wconf 83' lang='lat' dir='ltr'>Vlll.</span> 
     </span>
    </p>
   </div>
   <div class='ocr_carea' id='block_1_63' title="bbox 3463 271 3572 328">
    <p class='ocr_par' dir='ltr' id='par_1_63' title="bbox 3463 271 3572 328">
     <span class='ocr_line' id='line_1_63' title="bbox 3463 271 3572 328; baseline -0.018 0"><span class='ocrx_word' id='word_1_479' title='bbox 3463 271 3572 328; x_wconf 66' lang='lat'>254</span> 
     </span>
    </p>
   </div>
   <div class='ocr_carea' id='block_1_64' title="bbox 1467 390 3570 467">
    <p class='ocr_par' dir='ltr' id='par_1_64' title="bbox 1467 390 3570 467">
     <span class='ocr_line' id='line_1_64' title="bbox 1467 390 3570 467; baseline 0.002 -19"><span class='ocrx_word' id='word_1_480' title='bbox 1467 393 1634 448; x_wconf 72' lang='grc' dir='ltr'><strong>αὐτῶν</strong></span> <span class='ocrx_word' id='word_1_481' title='bbox 1701 397 1795 452; x_wconf 76' lang='grc' dir='ltr'><strong>τὴν</strong></span> <span class='ocrx_word' id='word_1_482' title='bbox 1826 395 1875 448; x_wconf 77' lang='grc' dir='ltr'>Α</span> <span class='ocrx_word' id='word_1_483' title='bbox 1915 407 2024 466; x_wconf 89' lang='lat' dir='ltr'>pro</span> <span class='ocrx_word' id='word_1_484' title='bbox 2055 390 2282 448; x_wconf 88' lang='lat' dir='ltr'>viribus</span> <span class='ocrx_word' id='word_1_485' title='bbox 2309 392 2700 464; x_wconf 83' lang='lat' dir='ltr'>explicantes.</span> <span class='ocrx_word' id='word_1_486' title='bbox 2731 395 2811 449; x_wconf 88' lang='lat' dir='ltr'>Ac</span> <span class='ocrx_word' id='word_1_487' title='bbox 2831 393 3095 466; x_wconf 88' lang='lat' dir='ltr'>primum</span> <span class='ocrx_word' id='word_1_488' title='bbox 3145 393 3323 450; x_wconf 86' lang='lat' dir='ltr'>nobis</span> <span class='ocrx_word' id='word_1_489' title='bbox 3349 409 3570 467; x_wconf 86' lang='lat' dir='ltr'>propo—</span> 
     </span>
    </p>
   </div>
   <div class='ocr_carea' id='block_1_65' title="bbox 1911 481 3570 552">
    <p class='ocr_par' dir='ltr' id='par_1_65' title="bbox 1911 481 3570 552">
     <span class='ocr_line' id='line_1_65' title="bbox 1911 481 3570 552; baseline 0.001 -13"><span class='ocrx_word' id='word_1_490' title='bbox 1911 481 2248 540; x_wconf 89' lang='lat' dir='ltr'>naturillud</span> <span class='ocrx_word' id='word_1_491' title='bbox 2282 499 2294 535; x_wconf 93' lang='lat'><strong>:</strong></span> <span class='ocrx_word' id='word_1_492' title='bbox 2323 483 2451 552; x_wconf 85' lang='lat' dir='ltr'>Ego</span> <span class='ocrx_word' id='word_1_493' title='bbox 2491 484 2622 540; x_wconf 84' lang='lat' dir='ltr'>vivo</span> <span class='ocrx_word' id='word_1_494' title='bbox 2638 490 2888 552; x_wconf 76' lang='lat' dir='ltr'>propter</span> <span class='ocrx_word' id='word_1_495' title='bbox 2909 485 3148 541; x_wconf 83' lang='lat' dir='ltr'>Patrem</span> <span class='ocrx_word' id='word_1_496' title='bbox 3171 485 3240 539; x_wconf 75' lang='grc'>⁵³.</span> <span class='ocrx_word' id='word_1_497' title='bbox 3272 484 3394 540; x_wconf 86' lang='lat' dir='ltr'>lloc</span> <span class='ocrx_word' id='word_1_498' title='bbox 3409 483 3570 540; x_wconf 90' lang='lat' dir='ltr'>enim</span> 
     </span>
    </p>
   </div>
   <div class='ocr_carea' id='block_1_66' title="bbox 1911 571 3572 642">
    <p class='ocr_par' dir='ltr' id='par_1_66' title="bbox 1911 571 3572 642">
     <span class='ocr_line' id='line_1_66' title="bbox 1911 571 3572 642; baseline 0.002 -16"><span class='ocrx_word' id='word_1_499' title='bbox 1911 587 2102 626; x_wconf 90' lang='lat' dir='ltr'>unum</span> <span class='ocrx_word' id='word_1_500' title='bbox 2134 575 2310 626; x_wconf 85' lang='lat' dir='ltr'>estex</span> <span class='ocrx_word' id='word_1_501' title='bbox 2335 571 2573 642; x_wconf 84' lang='lat' dir='ltr'>jaculis,</span> <span class='ocrx_word' id='word_1_502' title='bbox 2602 571 2815 642; x_wconf 79' lang='lat' dir='ltr'>quaein</span> <span class='ocrx_word' id='word_1_503' title='bbox 2862 572 3080 630; x_wconf 76' lang='lat' dir='ltr'>cretum</span> <span class='ocrx_word' id='word_1_504' title='bbox 3125 573 3440 630; x_wconf 82' lang='lat' dir='ltr'>vibrantur</span> <span class='ocrx_word' id='word_1_505' title='bbox 3492 573 3572 629; x_wconf 88' lang='lat' dir='ltr'>ab</span> 
     </span>
    </p>
   </div>
   <div class='ocr_carea' id='block_1_67' title="bbox 1909 658 3572 732">
    <p class='ocr_par' dir='ltr' id='par_1_67' title="bbox 1909 658 3572 732">
     <span class='ocr_line' id='line_1_67' title="bbox 1909 658 3572 732; baseline 0.002 -18"><span class='ocrx_word' id='word_1_506' title='bbox 1909 659 2028 726; x_wconf 87' lang='lat' dir='ltr'>his,</span> <span class='ocrx_word' id='word_1_507' title='bbox 2062 658 2168 731; x_wconf 86' lang='lat' dir='ltr'>qui</span> <span class='ocrx_word' id='word_1_508' title='bbox 2198 675 2266 714; x_wconf 92' lang='lat' dir='ltr'>eo</span> <span class='ocrx_word' id='word_1_509' title='bbox 2292 659 2478 732; x_wconf 89' lang='lat' dir='ltr'>impie</span> <span class='ocrx_word' id='word_1_510' title='bbox 2519 665 2784 716; x_wconf 88' lang='lat' dir='ltr'>utuntur.</span> <span class='ocrx_word' id='word_1_511' title='bbox 2817 659 2966 716; x_wconf 83' lang='lat' dir='ltr'>[llud</span> <span class='ocrx_word' id='word_1_512' title='bbox 2987 667 3189 716; x_wconf 87' lang='lat' dir='ltr'>autem</span> <span class='ocrx_word' id='word_1_513' title='bbox 3211 662 3438 718; x_wconf 89' lang='lat' dir='ltr'>dictum</span> <span class='ocrx_word' id='word_1_514' title='bbox 3455 661 3572 718; x_wconf 92' lang='lat' dir='ltr'>hoc</span> 
     </span>
    </p>
   </div>
   <div class='ocr_carea' id='block_1_68' title="bbox 1909 747 3568 821">
    <p class='ocr_par' dir='ltr' id='par_1_68' title="bbox 1909 747 3568 821">
     <span class='ocr_line' id='line_1_68' title="bbox 1909 747 3568 821; baseline 0.001 -17"><span class='ocrx_word' id='word_1_515' title='bbox 1909 747 2044 804; x_wconf 89' lang='lat' dir='ltr'>loco</span> <span class='ocrx_word' id='word_1_516' title='bbox 2074 763 2194 802; x_wconf 90' lang='lat' dir='ltr'>non</span> <span class='ocrx_word' id='word_1_517' title='bbox 2221 747 2416 820; x_wconf 84' lang='lat' dir='ltr'>ipsam</span> <span class='ocrx_word' id='word_1_518' title='bbox 2441 751 2578 804; x_wconf 83' lang='lat' dir='ltr'>ante</span> <span class='ocrx_word' id='word_1_519' title='bbox 2609 748 2856 818; x_wconf 69' lang='lat' dir='ltr'>saecula,</span> <span class='ocrx_word' id='word_1_520' title='bbox 2887 754 2952 804; x_wconf 93' lang='lat' dir='ltr'>ut</span> <span class='ocrx_word' id='word_1_521' title='bbox 2981 749 3450 821; x_wconf 85' lang='lat' dir='ltr'>arbitror,vitam</span> <span class='ocrx_word' id='word_1_522' title='bbox 3471 751 3568 806; x_wconf 90' lang='lat' dir='ltr'>de-</span> 
     </span>
    </p>
   </div>
   <div class='ocr_carea' id='block_1_69' title="bbox 1913 836 3574 910">
    <p class='ocr_par' dir='ltr' id='par_1_69' title="bbox 1913 836 3574 910">
     <span class='ocr_line' id='line_1_69' title="bbox 1913 836 3574 910; baseline 0.004 -20"><span class='ocrx_word' id='word_1_523' title='bbox 1913 837 2113 906; x_wconf 84' lang='lat' dir='ltr'>signat</span> <span class='ocrx_word' id='word_1_524' title='bbox 2146 836 2465 910; x_wconf 89' lang='lat' dir='ltr'>(quidquid</span> <span class='ocrx_word' id='word_1_525' title='bbox 2493 836 2655 894; x_wconf 90' lang='lat' dir='ltr'>enim</span> <span class='ocrx_word' id='word_1_526' title='bbox 2685 841 2930 910; x_wconf 86' lang='lat' dir='ltr'>propter</span> <span class='ocrx_word' id='word_1_527' title='bbox 2959 837 3214 894; x_wconf 87' lang='lat' dir='ltr'>alterum</span> <span class='ocrx_word' id='word_1_528' title='bbox 3256 839 3416 909; x_wconf 83' lang='lat' dir='ltr'>vivit,</span> <span class='ocrx_word' id='word_1_529' title='bbox 3451 839 3574 896; x_wconf 88' lang='lat' dir='ltr'>vita</span> 
     </span>
    </p>
   </div>
   <div class='ocr_carea' id='block_1_70' title="bbox 1911 925 3572 998">
    <p class='ocr_par' dir='ltr' id='par_1_70' title="bbox 1911 925 3572 998">
     <span class='ocr_line' id='line_1_70' title="bbox 1911 925 3572 998; baseline 0.002 -18"><span class='ocrx_word' id='word_1_530' title='bbox 1911 925 2048 998; x_wconf 85' lang='lat' dir='ltr'>ipsa</span> <span class='ocrx_word' id='word_1_531' title='bbox 2073 940 2204 981; x_wconf 82' lang='lat' dir='ltr'>esse</span> <span class='ocrx_word' id='word_1_532' title='bbox 2231 926 2474 998; x_wconf 84' lang='lat' dir='ltr'>nequit;</span> <span class='ocrx_word' id='word_1_533' title='bbox 2506 925 3030 998; x_wconf 86' lang='lat' dir='ltr'>quemadmodum</span> <span class='ocrx_word' id='word_1_534' title='bbox 3059 941 3256 998; x_wconf 90' lang='lat' dir='ltr'>neque</span> <span class='ocrx_word' id='word_1_535' title='bbox 3295 927 3462 998; x_wconf 88' lang='lat' dir='ltr'>quod</span> <span class='ocrx_word' id='word_1_536' title='bbox 3493 926 3572 984; x_wconf 88' lang='lat' dir='ltr'>ab</span> 
     </span>
    </p>
   </div>
   <div class='ocr_carea' id='block_1_71' title="bbox 1912 1014 3570 1087">
    <p class='ocr_par' dir='ltr' id='par_1_71' title="bbox 1912 1014 3570 1087">
     <span class='ocr_line' id='line_1_71' title="bbox 1912 1014 3570 1087; baseline 0.002 -17"><span class='ocrx_word' id='word_1_537' title='bbox 1912 1014 2031 1070; x_wconf 87' lang='lat' dir='ltr'>alio</span> <span class='ocrx_word' id='word_1_538' title='bbox 2062 1014 2422 1070; x_wconf 83' lang='lat' dir='ltr'>calefactum</span> <span class='ocrx_word' id='word_1_539' title='bbox 2447 1020 2556 1084; x_wconf 91' lang='lat' dir='ltr'>est,</span> <span class='ocrx_word' id='word_1_540' title='bbox 2589 1014 2752 1071; x_wconf 90' lang='lat' dir='ltr'>calor</span> <span class='ocrx_word' id='word_1_541' title='bbox 2781 1016 2912 1086; x_wconf 91' lang='lat' dir='ltr'>ipse</span> <span class='ocrx_word' id='word_1_542' title='bbox 2939 1031 3069 1070; x_wconf 92' lang='lat' dir='ltr'>esse</span> <span class='ocrx_word' id='word_1_543' title='bbox 3129 1020 3326 1087; x_wconf 78' lang='lat' dir='ltr'>potest</span> <span class='ocrx_word' id='word_1_544' title='bbox 3355 1033 3366 1070; x_wconf 92' lang='lat'>:</span> <span class='ocrx_word' id='word_1_545' title='bbox 3411 1016 3570 1074; x_wconf 85' lang='lat' dir='ltr'>Chri-</span> 
     </span>
    </p>
   </div>
   <div class='ocr_carea' id='block_1_72' title="bbox 1913 1104 3573 1174">
    <p class='ocr_par' dir='ltr' id='par_1_72' title="bbox 1913 1104 3573 1174">
     <span class='ocr_line' id='line_1_72' title="bbox 1913 1104 3573 1174; baseline 0.001 -16"><span class='ocrx_word' id='word_1_546' title='bbox 1913 1108 2036 1158; x_wconf 88' lang='lat' dir='ltr'>stus</span> <span class='ocrx_word' id='word_1_547' title='bbox 2064 1109 2262 1160; x_wconf 90' lang='lat' dir='ltr'>autem</span> <span class='ocrx_word' id='word_1_548' title='bbox 2288 1109 2344 1158; x_wconf 84' lang='lat' dir='ltr'>et</span> <span class='ocrx_word' id='word_1_549' title='bbox 2367 1106 2520 1159; x_wconf 90' lang='lat' dir='ltr'>Deus</span> <span class='ocrx_word' id='word_1_550' title='bbox 2544 1111 2750 1160; x_wconf 88' lang='lat' dir='ltr'>noster</span> <span class='ocrx_word' id='word_1_551' title='bbox 2779 1104 2926 1160; x_wconf 80' lang='lat' dir='ltr'>dixit</span> <span class='ocrx_word' id='word_1_552' title='bbox 2955 1123 2966 1157; x_wconf 94' lang='lat'>:</span> <span class='ocrx_word' id='word_1_553' title='bbox 2997 1105 3125 1174; x_wconf 85' lang='lat' dir='ltr'>Ego</span> <span class='ocrx_word' id='word_1_554' title='bbox 3153 1120 3284 1159; x_wconf 84' lang='lat' dir='ltr'>sum</span> <span class='ocrx_word' id='word_1_555' title='bbox 3331 1105 3456 1160; x_wconf 88' lang='lat' dir='ltr'>vita</span> <span class='ocrx_word' id='word_1_556' title='bbox 3482 1106 3573 1174; x_wconf 79' lang='grc'><strong>⁵³),</strong></span> 
     </span>
    </p>
   </div>
   <div class='ocr_carea' id='block_1_73' title="bbox 1912 1193 3570 1264">
    <p class='ocr_par' dir='ltr' id='par_1_73' title="bbox 1912 1193 3570 1264">
     <span class='ocr_line' id='line_1_73' title="bbox 1912 1193 3570 1264; baseline 0.002 -18"><span class='ocrx_word' id='word_1_557' title='bbox 1912 1193 2022 1248; x_wconf 90' lang='lat' dir='ltr'>sed</span> <span class='ocrx_word' id='word_1_558' title='bbox 2061 1193 2246 1248; x_wconf 83' lang='lat' dir='ltr'>vitam</span> <span class='ocrx_word' id='word_1_559' title='bbox 2291 1193 2450 1249; x_wconf 90' lang='lat' dir='ltr'>hanc</span> <span class='ocrx_word' id='word_1_560' title='bbox 2503 1193 2566 1248; x_wconf 89' lang='lat' dir='ltr'>in</span> <span class='ocrx_word' id='word_1_561' title='bbox 2625 1209 2826 1257; x_wconf 86' lang='lat' dir='ltr'>carne,</span> <span class='ocrx_word' id='word_1_562' title='bbox 2865 1193 3006 1248; x_wconf 84' lang='lat' dir='ltr'>etin</span> <span class='ocrx_word' id='word_1_563' title='bbox 3039 1193 3156 1248; x_wconf 88' lang='lat' dir='ltr'>hoc</span> <span class='ocrx_word' id='word_1_564' title='bbox 3187 1198 3456 1264; x_wconf 89' lang='lat' dir='ltr'>tempore</span> <span class='ocrx_word' id='word_1_565' title='bbox 3485 1193 3570 1250; x_wconf 85' lang='lat' dir='ltr'>fa-</span> 
     </span>
    </p>
   </div>
   <div class='ocr_carea' id='block_1_74' title="bbox 1912 1281 3576 1354">
    <p class='ocr_par' dir='ltr' id='par_1_74' title="bbox 1912 1281 3576 1354">
     <span class='ocr_line' id='line_1_74' title="bbox 1912 1281 3576 1354; baseline 0.001 -18"><span class='ocrx_word' id='word_1_566' title='bbox 1912 1286 2090 1352; x_wconf 87' lang='lat' dir='ltr'>ctam,</span> <span class='ocrx_word' id='word_1_567' title='bbox 2117 1297 2302 1354; x_wconf 88' lang='lat' dir='ltr'>quam</span> <span class='ocrx_word' id='word_1_568' title='bbox 2334 1285 2576 1353; x_wconf 87' lang='lat' dir='ltr'>propter</span> <span class='ocrx_word' id='word_1_569' title='bbox 2593 1282 2828 1338; x_wconf 87' lang='lat' dir='ltr'>Patrem</span> <span class='ocrx_word' id='word_1_570' title='bbox 2845 1281 3006 1337; x_wconf 76' lang='lat' dir='ltr'>vixit.</span> <span class='ocrx_word' id='word_1_571' title='bbox 3033 1281 3331 1353; x_wconf 88' lang='lat' dir='ltr'>Namipso</span> <span class='ocrx_word' id='word_1_572' title='bbox 3345 1281 3576 1339; x_wconf 88' lang='lat' dir='ltr'>volente</span> 
     </span>
    </p>
   </div>
   <div class='ocr_carea' id='block_1_75' title="bbox 1909 1369 3574 1442">
    <p class='ocr_par' dir='ltr' id='par_1_75' title="bbox 1909 1369 3574 1442">
     <span class='ocr_line' id='line_1_75' title="bbox 1909 1369 3574 1442; baseline 0.001 -18"><span class='ocrx_word' id='word_1_573' title='bbox 1909 1371 1972 1426; x_wconf 91' lang='lat' dir='ltr'>in</span> <span class='ocrx_word' id='word_1_574' title='bbox 2003 1371 2190 1425; x_wconf 84' lang='lat' dir='ltr'>vitam</span> <span class='ocrx_word' id='word_1_575' title='bbox 2221 1370 2538 1426; x_wconf 82' lang='lat' dir='ltr'>hominum</span> <span class='ocrx_word' id='word_1_576' title='bbox 2565 1370 2846 1426; x_wconf 83' lang='lat' dir='ltr'>advenit:</span> <span class='ocrx_word' id='word_1_577' title='bbox 2881 1385 3077 1442; x_wconf 90' lang='lat' dir='ltr'>neque</span> <span class='ocrx_word' id='word_1_578' title='bbox 3103 1369 3272 1438; x_wconf 82' lang='lat' dir='ltr'>dixit,</span> <span class='ocrx_word' id='word_1_579' title='bbox 3299 1373 3423 1440; x_wconf 85' lang='lat' dir='ltr'>Ego</span> <span class='ocrx_word' id='word_1_580' title='bbox 3454 1371 3574 1428; x_wconf 83' lang='lat' dir='ltr'>vixi</span> 
     </span>
    </p>
   </div>
   <div class='ocr_carea' id='block_1_76' title="bbox 1909 1459 3573 1533">
    <p class='ocr_par' dir='ltr' id='par_1_76' title="bbox 1909 1459 3573 1533">
     <span class='ocr_line' id='line_1_76' title="bbox 1909 1459 3573 1533; baseline 0.001 -19"><span class='ocrx_word' id='word_1_581' title='bbox 1909 1464 2154 1533; x_wconf 80' lang='lat' dir='ltr'>propter</span> <span class='ocrx_word' id='word_1_582' title='bbox 2177 1461 2412 1515; x_wconf 78' lang='lat' dir='ltr'>Patrem</span> <span class='ocrx_word' id='word_1_583' title='bbox 2439 1477 2452 1528; x_wconf 91' lang='lat'><strong>;</strong></span> <span class='ocrx_word' id='word_1_584' title='bbox 2479 1459 2604 1525; x_wconf 89' lang='lat' dir='ltr'>sed,</span> <span class='ocrx_word' id='word_1_585' title='bbox 2648 1461 2782 1530; x_wconf 86' lang='lat' dir='ltr'>Ego</span> <span class='ocrx_word' id='word_1_586' title='bbox 2807 1461 2938 1516; x_wconf 81' lang='lat' dir='ltr'>vivo</span> <span class='ocrx_word' id='word_1_587' title='bbox 2983 1465 3236 1528; x_wconf 80' lang='lat' dir='ltr'>propter</span> <span class='ocrx_word' id='word_1_588' title='bbox 3291 1461 3573 1530; x_wconf 81' lang='lat' dir='ltr'>Patrem,</span> 
     </span>
    </p>
   </div>
   <div class='ocr_carea' id='block_1_77' title="bbox 1912 1547 3566 1620">
    <p class='ocr_par' dir='ltr' id='par_1_77' title="bbox 1912 1547 3566 1620">
     <span class='ocr_line' id='line_1_77' title="bbox 1912 1547 3566 1620; baseline 0 -16"><span class='ocrx_word' id='word_1_589' title='bbox 1912 1553 2116 1620; x_wconf 85' lang='lat' dir='ltr'>aperte</span> <span class='ocrx_word' id='word_1_590' title='bbox 2141 1564 2406 1620; x_wconf 69' lang='lat' dir='ltr'>praesens</span> <span class='ocrx_word' id='word_1_591' title='bbox 2439 1552 2677 1620; x_wconf 86' lang='lat' dir='ltr'>tempus</span> <span class='ocrx_word' id='word_1_592' title='bbox 2712 1547 3092 1618; x_wconf 79' lang='lat' dir='ltr'>significans.</span> <span class='ocrx_word' id='word_1_593' title='bbox 3131 1550 3330 1604; x_wconf 89' lang='lat' dir='ltr'>Potest</span> <span class='ocrx_word' id='word_1_594' title='bbox 3361 1553 3566 1604; x_wconf 87' lang='lat' dir='ltr'>autem</span> 
     </span>
    </p>
   </div>
   <div class='ocr_carea' id='block_1_78' title="bbox 1913 1638 3572 1710">
    <p class='ocr_par' dir='ltr' id='par_1_78' title="bbox 1913 1638 3572 1710">
     <span class='ocr_line' id='line_1_78' title="bbox 1913 1638 3572 1710; baseline 0 -15"><span class='ocrx_word' id='word_1_595' title='bbox 1913 1645 1968 1695; x_wconf 90' lang='lat' dir='ltr'>et</span> <span class='ocrx_word' id='word_1_596' title='bbox 1990 1640 2176 1696; x_wconf 88' lang='lat' dir='ltr'>vitam</span> <span class='ocrx_word' id='word_1_597' title='bbox 2204 1638 2421 1706; x_wconf 90' lang='lat' dir='ltr'>dicere,</span> <span class='ocrx_word' id='word_1_598' title='bbox 2462 1656 2652 1710; x_wconf 84' lang='lat' dir='ltr'>quam</span> <span class='ocrx_word' id='word_1_599' title='bbox 2679 1640 2824 1694; x_wconf 84' lang='lat' dir='ltr'>vivit</span> <span class='ocrx_word' id='word_1_600' title='bbox 2873 1638 3424 1710; x_wconf 83' lang='lat' dir='ltr'>Christus,Verbum</span> <span class='ocrx_word' id='word_1_601' title='bbox 3473 1639 3572 1695; x_wconf 92' lang='lat' dir='ltr'>Dei</span> 
     </span>
    </p>
   </div>
   <div class='ocr_carea' id='block_1_79' title="bbox 1913 1727 3570 1800">
    <p class='ocr_par' dir='ltr' id='par_1_79' title="bbox 1913 1727 3570 1800">
     <span class='ocr_line' id='line_1_79' title="bbox 1913 1727 3570 1800; baseline -0.001 -16"><span class='ocrx_word' id='word_1_602' title='bbox 1913 1728 2147 1784; x_wconf 85' lang='lat' dir='ltr'>habens</span> <span class='ocrx_word' id='word_1_603' title='bbox 2177 1727 2238 1783; x_wconf 91' lang='lat' dir='ltr'>in</span> <span class='ocrx_word' id='word_1_604' title='bbox 2270 1727 2487 1798; x_wconf 90' lang='lat' dir='ltr'>seipso.</span> <span class='ocrx_word' id='word_1_605' title='bbox 2517 1733 2708 1799; x_wconf 84' lang='lat' dir='ltr'>Atque</span> <span class='ocrx_word' id='word_1_606' title='bbox 2740 1727 2800 1782; x_wconf 88' lang='lat' dir='ltr'>id</span> <span class='ocrx_word' id='word_1_607' title='bbox 2831 1727 3036 1800; x_wconf 90' lang='lat' dir='ltr'>ipsum</span> <span class='ocrx_word' id='word_1_608' title='bbox 3083 1743 3230 1797; x_wconf 89' lang='lat' dir='ltr'>esse,</span> <span class='ocrx_word' id='word_1_609' title='bbox 3287 1727 3456 1799; x_wconf 90' lang='lat' dir='ltr'>quod</span> <span class='ocrx_word' id='word_1_610' title='bbox 3497 1727 3570 1783; x_wconf 91' lang='lat' dir='ltr'>si-</span> 
     </span>
    </p>
   </div>
   <div class='ocr_carea' id='block_1_80' title="bbox 1911 1805 3576 1888">
    <p class='ocr_par' dir='ltr' id='par_1_80' title="bbox 1911 1805 3576 1888">
     <span class='ocr_line' id='line_1_80' title="bbox 1911 1805 3576 1888; baseline 0.001 -17"><span class='ocrx_word' id='word_1_611' title='bbox 1911 1816 2252 1888; x_wconf 84' lang='lat' dir='ltr'>gniﬁcatur,</span> <span class='ocrx_word' id='word_1_612' title='bbox 2279 1832 2349 1872; x_wconf 84' lang='lat' dir='ltr'>ex</span> <span class='ocrx_word' id='word_1_613' title='bbox 2375 1815 2467 1872; x_wconf 89' lang='lat' dir='ltr'>his</span> <span class='ocrx_word' id='word_1_614' title='bbox 2512 1832 2648 1888; x_wconf 73' lang='lat' dir='ltr'>quae</span> <span class='ocrx_word' id='word_1_615' title='bbox 2699 1805 3033 1887; x_wconf 78' lang='lat' dir='ltr'>sequuntur</span> <span class='ocrx_word' id='word_1_616' title='bbox 3069 1815 3435 1877; x_wconf 81' lang='lat' dir='ltr'>videbimus.</span> <span class='ocrx_word' id='word_1_617' title='bbox 3493 1817 3576 1873; x_wconf 84' lang='lat' dir='ltr'>Et</span> 
     </span>
    </p>
   </div>
   <div class='ocr_carea' id='block_1_81' title="bbox 1913 1904 3560 1980">
    <p class='ocr_par' dir='ltr' id='par_1_81' title="bbox 1913 1904 3560 1980">
     <span class='ocr_line' id='line_1_81' title="bbox 1913 1904 3560 1980; baseline 0 -20"><span class='ocrx_word' id='word_1_618' title='bbox 1913 1905 2495 1980; x_wconf 54' lang='lat' dir='ltr'>quiﬁﬁmanducal</span> <span class='ocrx_word' id='word_1_619' title='bbox 2521 1920 2634 1974; x_wconf 86' lang='lat' dir='ltr'>me,</span> <span class='ocrx_word' id='word_1_620' title='bbox 2656 1904 2870 1980; x_wconf 88' lang='lat' dir='ltr'>inquit,</span> <span class='ocrx_word' id='word_1_621' title='bbox 2900 1907 3043 1960; x_wconf 87' lang='lat' dir='ltr'>vivit</span> <span class='ocrx_word' id='word_1_622' title='bbox 3071 1912 3325 1974; x_wconf 81' lang='lat' dir='ltr'>propter</span> <span class='ocrx_word' id='word_1_623' title='bbox 3373 1921 3466 1962; x_wconf 88' lang='lat' dir='ltr'>me</span> <span class='ocrx_word' id='word_1_624' title='bbox 3486 1907 3560 1960; x_wconf 64' lang='grc' dir='ltr'>δι.</span> 
     </span>
    </p>
   </div>
   <div class='ocr_carea' id='block_1_82' title="bbox 1915 1993 3571 2066">
    <p class='ocr_par' dir='ltr' id='par_1_82' title="bbox 1915 1993 3571 2066">
     <span class='ocr_line' id='line_1_82' title="bbox 1915 1993 3571 2066; baseline -0.002 -15"><span class='ocrx_word' id='word_1_625' title='bbox 1915 1995 2160 2052; x_wconf 85' lang='lat' dir='ltr'>Edimus</span> <span class='ocrx_word' id='word_1_626' title='bbox 2203 1994 2362 2050; x_wconf 87' lang='lat' dir='ltr'>enim</span> <span class='ocrx_word' id='word_1_627' title='bbox 2411 1995 2602 2066; x_wconf 86' lang='lat' dir='ltr'>ipsius</span> <span class='ocrx_word' id='word_1_628' title='bbox 2643 2009 2909 2060; x_wconf 88' lang='lat' dir='ltr'>carnem,</span> <span class='ocrx_word' id='word_1_629' title='bbox 2957 1998 3014 2049; x_wconf 91' lang='lat' dir='ltr'>et</span> <span class='ocrx_word' id='word_1_630' title='bbox 3053 1993 3321 2050; x_wconf 88' lang='lat' dir='ltr'>bibimus</span> <span class='ocrx_word' id='word_1_631' title='bbox 3373 1993 3571 2066; x_wconf 86' lang='lat' dir='ltr'>ipsius</span> 
     </span>
    </p>
   </div>
   <div class='ocr_carea' id='block_1_83' title="bbox 1916 2081 3574 2156">
    <p class='ocr_par' dir='ltr' id='par_1_83' title="bbox 1916 2081 3574 2156">
     <span class='ocr_line' id='line_1_83' title="bbox 1916 2081 3574 2156; baseline -0.001 -18"><span class='ocrx_word' id='word_1_632' title='bbox 1916 2085 2297 2154; x_wconf 86' lang='lat' dir='ltr'>sanguinem,</span> <span class='ocrx_word' id='word_1_633' title='bbox 2332 2083 2651 2156; x_wconf 83' lang='lat' dir='ltr'>participes</span> <span class='ocrx_word' id='word_1_634' title='bbox 2679 2081 2840 2150; x_wconf 86' lang='lat' dir='ltr'>facti,</span> <span class='ocrx_word' id='word_1_635' title='bbox 2869 2097 2973 2154; x_wconf 91' lang='lat' dir='ltr'>per</span> <span class='ocrx_word' id='word_1_636' title='bbox 3003 2082 3484 2138; x_wconf 88' lang='lat' dir='ltr'>incarnationem</span> <span class='ocrx_word' id='word_1_637' title='bbox 3517 2086 3574 2138; x_wconf 91' lang='lat' dir='ltr'>et</span> 
     </span>
    </p>
   </div>
   <div class='ocr_carea' id='block_1_84' title="bbox 1915 2170 3572 2243">
    <p class='ocr_par' dir='ltr' id='par_1_84' title="bbox 1915 2170 3572 2243">
     <span class='ocr_line' id='line_1_84' title="bbox 1915 2170 3572 2243; baseline -0.001 -15"><span class='ocrx_word' id='word_1_638' title='bbox 1915 2171 2259 2228; x_wconf 89' lang='lat' dir='ltr'>sensibilem</span> <span class='ocrx_word' id='word_1_639' title='bbox 2291 2173 2496 2238; x_wconf 88' lang='lat' dir='ltr'>vitam,</span> <span class='ocrx_word' id='word_1_640' title='bbox 2531 2171 2700 2227; x_wconf 84' lang='lat' dir='ltr'>Verbi</span> <span class='ocrx_word' id='word_1_641' title='bbox 2725 2171 3129 2243; x_wconf 71' lang='lat' dir='ltr'>etsapientias.</span> <span class='ocrx_word' id='word_1_642' title='bbox 3145 2171 3396 2228; x_wconf 85' lang='lat' dir='ltr'>Carnem</span> <span class='ocrx_word' id='word_1_643' title='bbox 3409 2170 3572 2226; x_wconf 89' lang='lat' dir='ltr'>enim</span> 
     </span>
    </p>
   </div>
   <div class='ocr_carea' id='block_1_85' title="bbox 1914 2260 3572 2333">
    <p class='ocr_par' dir='ltr' id='par_1_85' title="bbox 1914 2260 3572 2333">
     <span class='ocr_line' id='line_1_85' title="bbox 1914 2260 3572 2333; baseline -0.002 -16"><span class='ocrx_word' id='word_1_644' title='bbox 1914 2269 1968 2317; x_wconf 88' lang='lat' dir='ltr'>et</span> <span class='ocrx_word' id='word_1_645' title='bbox 2000 2261 2358 2333; x_wconf 84' lang='lat' dir='ltr'>sanguinem</span> <span class='ocrx_word' id='word_1_646' title='bbox 2383 2265 2569 2318; x_wconf 84' lang='lat' dir='ltr'>totam</span> <span class='ocrx_word' id='word_1_647' title='bbox 2593 2277 2770 2316; x_wconf 89' lang='lat' dir='ltr'>suam</span> <span class='ocrx_word' id='word_1_648' title='bbox 2802 2260 3196 2331; x_wconf 84' lang='lat' dir='ltr'>mysticamin</span> <span class='ocrx_word' id='word_1_649' title='bbox 3226 2275 3406 2316; x_wconf 88' lang='lat' dir='ltr'>carne</span> <span class='ocrx_word' id='word_1_650' title='bbox 3429 2275 3572 2314; x_wconf 91' lang='lat' dir='ltr'>con-</span> 
     </span>
    </p>
   </div>
   <div class='ocr_carea' id='block_1_86' title="bbox 1915 2348 3578 2422">
    <p class='ocr_par' dir='ltr' id='par_1_86' title="bbox 1915 2348 3578 2422">
     <span class='ocr_line' id='line_1_86' title="bbox 1915 2348 3578 2422; baseline -0.001 -16"><span class='ocrx_word' id='word_1_651' title='bbox 1915 2351 2311 2407; x_wconf 80' lang='lat' dir='ltr'>versationem</span> <span class='ocrx_word' id='word_1_652' title='bbox 2340 2350 2596 2420; x_wconf 87' lang='lat' dir='ltr'>vocavit,</span> <span class='ocrx_word' id='word_1_653' title='bbox 2639 2355 2696 2406; x_wconf 92' lang='lat' dir='ltr'>et</span> <span class='ocrx_word' id='word_1_654' title='bbox 2724 2348 3062 2405; x_wconf 85' lang='lat' dir='ltr'>doctrinam</span> <span class='ocrx_word' id='word_1_655' title='bbox 3098 2365 3166 2404; x_wconf 85' lang='lat' dir='ltr'>ex</span> <span class='ocrx_word' id='word_1_656' title='bbox 3219 2349 3482 2422; x_wconf 87' lang='lat' dir='ltr'>practica</span> <span class='ocrx_word' id='word_1_657' title='bbox 3519 2351 3578 2404; x_wconf 92' lang='lat' dir='ltr'>et</span> 
     </span>
    </p>
   </div>
   <div class='ocr_carea' id='block_1_87' title="bbox 1915 2437 3576 2510">
    <p class='ocr_par' dir='ltr' id='par_1_87' title="bbox 1915 2437 3576 2510">
     <span class='ocr_line' id='line_1_87' title="bbox 1915 2437 3576 2510; baseline -0.001 -14"><span class='ocrx_word' id='word_1_658' title='bbox 1915 2440 2173 2496; x_wconf 86' lang='lat' dir='ltr'>naturali</span> <span class='ocrx_word' id='word_1_659' title='bbox 2205 2445 2262 2496; x_wconf 92' lang='lat' dir='ltr'>et</span> <span class='ocrx_word' id='word_1_660' title='bbox 2293 2439 2882 2510; x_wconf 84' lang='lat' dir='ltr'>theologicanotione</span> <span class='ocrx_word' id='word_1_661' title='bbox 2905 2442 3286 2494; x_wconf 88' lang='lat' dir='ltr'>constantem</span> <span class='ocrx_word' id='word_1_662' title='bbox 3312 2437 3576 2494; x_wconf 87' lang='lat' dir='ltr'>declara-</span> 
     </span>
    </p>
   </div>
   <div class='ocr_carea' id='block_1_88' title="bbox 1916 2527 3572 2602">
    <p class='ocr_par' dir='ltr' id='par_1_88' title="bbox 1916 2527 3572 2602">
     <span class='ocr_line' id='line_1_88' title="bbox 1916 2527 3572 2602; baseline -0.001 -18"><span class='ocrx_word' id='word_1_663' title='bbox 1916 2529 2001 2585; x_wconf 89' lang='lat' dir='ltr'>vit</span> <span class='ocrx_word' id='word_1_664' title='bbox 2027 2550 2038 2589; x_wconf 89' lang='lat'>:</span> <span class='ocrx_word' id='word_1_665' title='bbox 2073 2545 2178 2601; x_wconf 88' lang='lat' dir='ltr'>per</span> <span class='ocrx_word' id='word_1_666' title='bbox 2201 2546 2388 2602; x_wconf 90' lang='lat' dir='ltr'>quam</span> <span class='ocrx_word' id='word_1_667' title='bbox 2416 2534 2474 2586; x_wconf 83' lang='lat' dir='ltr'>et</span> <span class='ocrx_word' id='word_1_668' title='bbox 2500 2529 2756 2584; x_wconf 88' lang='lat' dir='ltr'>nutritur</span> <span class='ocrx_word' id='word_1_669' title='bbox 2779 2527 3070 2594; x_wconf 87' lang='lat' dir='ltr'>anima,et</span> <span class='ocrx_word' id='word_1_670' title='bbox 3093 2527 3172 2582; x_wconf 86' lang='lat' dir='ltr'>ad</span> <span class='ocrx_word' id='word_1_671' title='bbox 3195 2543 3405 2582; x_wconf 85' lang='lat' dir='ltr'>eorum</span> <span class='ocrx_word' id='word_1_672' title='bbox 3436 2543 3572 2598; x_wconf 70' lang='lat' dir='ltr'>quae</span> 
     </span>
    </p>
   </div>
   <div class='ocr_carea' id='block_1_89' title="bbox 1919 2617 3571 2689">
    <p class='ocr_par' dir='ltr' id='par_1_89' title="bbox 1919 2617 3571 2689">
     <span class='ocr_line' id='line_1_89' title="bbox 1919 2617 3571 2689; baseline -0.001 -15"><span class='ocrx_word' id='word_1_673' title='bbox 1919 2623 2058 2674; x_wconf 88' lang='lat' dir='ltr'>sunt</span> <span class='ocrx_word' id='word_1_674' title='bbox 2080 2619 2652 2689; x_wconf 88' lang='lat' dir='ltr'>contemplationem</span> <span class='ocrx_word' id='word_1_675' title='bbox 2683 2617 2920 2672; x_wconf 84' lang='lat' dir='ltr'>interim</span> <span class='ocrx_word' id='word_1_676' title='bbox 2951 2619 3418 2688; x_wconf 82' lang='lat' dir='ltr'>praeparatur.Et</span> <span class='ocrx_word' id='word_1_677' title='bbox 3443 2617 3571 2672; x_wconf 65' lang='lat' dir='ltr'>hinc</span> 
     </span>
    </p>
   </div>
   <div class='ocr_carea' id='block_1_90' title="bbox 1917 2705 2978 2762">
    <p class='ocr_par' dir='ltr' id='par_1_90' title="bbox 1917 2705 2978 2762">
     <span class='ocr_line' id='line_1_90' title="bbox 1917 2705 2978 2762; baseline -0.003 0"><span class='ocrx_word' id='word_1_678' title='bbox 1917 2712 2005 2762; x_wconf 91' lang='lat' dir='ltr'>est</span> <span class='ocrx_word' id='word_1_679' title='bbox 2037 2705 2288 2762; x_wconf 83' lang='lat' dir='ltr'>fortasse</span> <span class='ocrx_word' id='word_1_680' title='bbox 2321 2706 2478 2762; x_wconf 77' lang='lat' dir='ltr'>illitis</span> <span class='ocrx_word' id='word_1_681' title='bbox 2499 2705 2639 2762; x_wconf 86' lang='lat' dir='ltr'>dicti</span> <span class='ocrx_word' id='word_1_682' title='bbox 2662 2705 2978 2762; x_wconf 84' lang='lat' dir='ltr'>sententia.</span> 
     </span>
    </p>
   </div>
   <div class='ocr_carea' id='block_1_91' title="bbox 1988 2795 3580 2864">
    <p class='ocr_par' dir='ltr' id='par_1_91' title="bbox 1988 2795 3580 2864">
     <span class='ocr_line' id='line_1_91' title="bbox 1988 2795 3580 2864; baseline 0 -13"><span class='ocrx_word' id='word_1_683' title='bbox 1988 2802 2038 2851; x_wconf 82' lang='lat'>5.</span> <span class='ocrx_word' id='word_1_684' title='bbox 2073 2803 2152 2852; x_wconf 78' lang='lat' dir='ltr'>Ac</span> <span class='ocrx_word' id='word_1_685' title='bbox 2183 2811 2416 2861; x_wconf 86' lang='lat' dir='ltr'>rursus,</span> <span class='ocrx_word' id='word_1_686' title='bbox 2455 2798 2642 2852; x_wconf 89' lang='lat' dir='ltr'>Pater</span> <span class='ocrx_word' id='word_1_687' title='bbox 2666 2811 2833 2851; x_wconf 84' lang='lat' dir='ltr'>meus</span> <span class='ocrx_word' id='word_1_688' title='bbox 2869 2797 3074 2864; x_wconf 85' lang='lat' dir='ltr'>major</span> <span class='ocrx_word' id='word_1_689' title='bbox 3100 2809 3192 2851; x_wconf 90' lang='lat' dir='ltr'>me</span> <span class='ocrx_word' id='word_1_690' title='bbox 3213 2801 3298 2850; x_wconf 81' lang='lat' dir='ltr'>est</span> <span class='ocrx_word' id='word_1_691' title='bbox 3325 2795 3580 2851; x_wconf 73' lang='lat' dir='ltr'>“.Utun-</span> 
     </span>
    </p>
   </div>
   <div class='ocr_carea' id='block_1_92' title="bbox 1918 2881 3576 2954">
    <p class='ocr_par' dir='ltr' id='par_1_92' title="bbox 1918 2881 3576 2954">
     <span class='ocr_line' id='line_1_92' title="bbox 1918 2881 3576 2954; baseline -0.002 -13"><span class='ocrx_word' id='word_1_692' title='bbox 1918 2891 2014 2942; x_wconf 93' lang='lat' dir='ltr'>tur</span> <span class='ocrx_word' id='word_1_693' title='bbox 2039 2886 2200 2940; x_wconf 92' lang='lat' dir='ltr'>enim</span> <span class='ocrx_word' id='word_1_694' title='bbox 2231 2890 2288 2940; x_wconf 90' lang='lat' dir='ltr'>et</span> <span class='ocrx_word' id='word_1_695' title='bbox 2313 2885 2429 2940; x_wconf 90' lang='lat' dir='ltr'>hoc</span> <span class='ocrx_word' id='word_1_696' title='bbox 2456 2885 2614 2940; x_wconf 89' lang='lat' dir='ltr'>dicto</span> <span class='ocrx_word' id='word_1_697' title='bbox 2647 2887 2896 2954; x_wconf 69' lang='lat' dir='ltr'>ingratas</span> <span class='ocrx_word' id='word_1_698' title='bbox 2928 2889 3238 2950; x_wconf 59' lang='lat' dir='ltr'>creaturae,</span> <span class='ocrx_word' id='word_1_699' title='bbox 3270 2881 3413 2938; x_wconf 86' lang='lat' dir='ltr'>mali</span> <span class='ocrx_word' id='word_1_700' title='bbox 3441 2899 3576 2954; x_wconf 87' lang='lat' dir='ltr'>pro—</span> 
     </span>
    </p>
   </div>
   <div class='ocr_carea' id='block_1_93' title="bbox 1919 2967 3578 3044">
    <p class='ocr_par' dir='ltr' id='par_1_93' title="bbox 1919 2967 3578 3044">
     <span class='ocr_line' id='line_1_93' title="bbox 1919 2967 3578 3044; baseline -0.004 -16"><span class='ocrx_word' id='word_1_701' title='bbox 1919 2973 2145 3044; x_wconf 83' lang='lat' dir='ltr'>genies.</span> <span class='ocrx_word' id='word_1_702' title='bbox 2169 2971 2293 3042; x_wconf 87' lang='lat' dir='ltr'>Ego</span> <span class='ocrx_word' id='word_1_703' title='bbox 2319 2989 2463 3028; x_wconf 85' lang='lat' dir='ltr'>vero</span> <span class='ocrx_word' id='word_1_704' title='bbox 2490 2989 2561 3028; x_wconf 83' lang='lat' dir='ltr'>ex</span> <span class='ocrx_word' id='word_1_705' title='bbox 2582 2974 2694 3028; x_wconf 90' lang='lat' dir='ltr'>hac</span> <span class='ocrx_word' id='word_1_706' title='bbox 2718 2973 2898 3027; x_wconf 87' lang='lat' dir='ltr'>etiam</span> <span class='ocrx_word' id='word_1_707' title='bbox 2925 2987 3072 3026; x_wconf 84' lang='lat' dir='ltr'>voce</span> <span class='ocrx_word' id='word_1_708' title='bbox 3094 2967 3578 3025; x_wconf 87' lang='lat' dir='ltr'>consubstantia-</span> 
     </span>
    </p>
   </div>
   <div class='ocr_carea' id='block_1_94' title="bbox 1917 3059 3576 3128">
    <p class='ocr_par' dir='ltr' id='par_1_94' title="bbox 1917 3059 3576 3128">
     <span class='ocr_line' id='line_1_94' title="bbox 1917 3059 3576 3128; baseline -0.004 -10"><span class='ocrx_word' id='word_1_709' title='bbox 1917 3062 2038 3118; x_wconf 89' lang='lat' dir='ltr'>lem</span> <span class='ocrx_word' id='word_1_710' title='bbox 2072 3078 2203 3118; x_wconf 81' lang='lat' dir='ltr'>esse</span> <span class='ocrx_word' id='word_1_711' title='bbox 2235 3061 2450 3117; x_wconf 88' lang='lat' dir='ltr'>Filium</span> <span class='ocrx_word' id='word_1_712' title='bbox 2479 3062 2632 3118; x_wconf 85' lang='lat' dir='ltr'>Patri</span> <span class='ocrx_word' id='word_1_713' title='bbox 2655 3059 2833 3116; x_wconf 86' lang='lat' dir='ltr'>credo</span> <span class='ocrx_word' id='word_1_714' title='bbox 2865 3059 3291 3116; x_wconf 90' lang='lat' dir='ltr'>demonstrari.</span> <span class='ocrx_word' id='word_1_715' title='bbox 3325 3059 3576 3128; x_wconf 82' lang='lat' dir='ltr'>Compa-</span> 
     </span>
    </p>
   </div>
   <div class='ocr_carea' id='block_1_95' title="bbox 1919 3145 3576 3223">
    <p class='ocr_par' dir='ltr' id='par_1_95' title="bbox 1919 3145 3576 3223">
     <span class='ocr_line' id='line_1_95' title="bbox 1919 3145 3576 3223; baseline -0.005 -16"><span class='ocrx_word' id='word_1_716' title='bbox 1919 3153 2182 3208; x_wconf 87' lang='lat' dir='ltr'>rationes</span> <span class='ocrx_word' id='word_1_717' title='bbox 2213 3151 2370 3206; x_wconf 89' lang='lat' dir='ltr'>enim</span> <span class='ocrx_word' id='word_1_718' title='bbox 2399 3151 2521 3206; x_wconf 85' lang='lat' dir='ltr'>scio</span> <span class='ocrx_word' id='word_1_719' title='bbox 2553 3151 2791 3223; x_wconf 88' lang='lat' dir='ltr'>proprie</span> <span class='ocrx_word' id='word_1_720' title='bbox 2816 3149 2970 3204; x_wconf 91' lang='lat' dir='ltr'>inter</span> <span class='ocrx_word' id='word_1_721' title='bbox 3000 3164 3072 3204; x_wconf 89' lang='lat' dir='ltr'>ea</span> <span class='ocrx_word' id='word_1_722' title='bbox 3101 3163 3239 3222; x_wconf 64' lang='lat' dir='ltr'>quas</span> <span class='ocrx_word' id='word_1_723' title='bbox 3300 3145 3576 3218; x_wconf 89' lang='lat' dir='ltr'>ejusdem</span> 
     </span>
    </p>
   </div>
   <div class='ocr_carea' id='block_1_96' title="bbox 1917 3233 3575 3310">
    <p class='ocr_par' dir='ltr' id='par_1_96' title="bbox 1917 3233 3575 3310">
     <span class='ocr_line' id='line_1_96' title="bbox 1917 3233 3575 3310; baseline -0.004 -14"><span class='ocrx_word' id='word_1_724' title='bbox 1917 3245 2144 3296; x_wconf 84' lang='lat' dir='ltr'>naturae</span> <span class='ocrx_word' id='word_1_725' title='bbox 2177 3245 2316 3294; x_wconf 90' lang='lat' dir='ltr'>sunt</span> <span class='ocrx_word' id='word_1_726' title='bbox 2350 3239 2498 3294; x_wconf 80' lang='lat' dir='ltr'>ﬁeri.</span> <span class='ocrx_word' id='word_1_727' title='bbox 2535 3238 2828 3308; x_wconf 81' lang='lat' dir='ltr'>Angelum</span> <span class='ocrx_word' id='word_1_728' title='bbox 2859 3253 3127 3310; x_wconf 89' lang='lat' dir='ltr'>namque</span> <span class='ocrx_word' id='word_1_729' title='bbox 3156 3235 3372 3306; x_wconf 85' lang='lat' dir='ltr'>angelo</span> <span class='ocrx_word' id='word_1_730' title='bbox 3425 3233 3575 3290; x_wconf 88' lang='lat' dir='ltr'>dici-</span> 
     </span>
    </p>
   </div>
   <div class='ocr_carea' id='block_1_97' title="bbox 1921 3325 3580 3401">
    <p class='ocr_par' dir='ltr' id='par_1_97' title="bbox 1921 3325 3580 3401">
     <span class='ocr_line' id='line_1_97' title="bbox 1921 3325 3580 3401; baseline -0.004 -15"><span class='ocrx_word' id='word_1_731' title='bbox 1921 3346 2059 3386; x_wconf 91' lang='lat' dir='ltr'>mus</span> <span class='ocrx_word' id='word_1_732' title='bbox 2088 3331 2405 3401; x_wconf 88' lang='lat' dir='ltr'>majorem,</span> <span class='ocrx_word' id='word_1_733' title='bbox 2437 3335 2492 3384; x_wconf 92' lang='lat' dir='ltr'>et</span> <span class='ocrx_word' id='word_1_734' title='bbox 2521 3328 2830 3384; x_wconf 89' lang='lat' dir='ltr'>hominem</span> <span class='ocrx_word' id='word_1_735' title='bbox 2860 3327 3106 3383; x_wconf 85' lang='lat' dir='ltr'>homine</span> <span class='ocrx_word' id='word_1_736' title='bbox 3151 3325 3489 3397; x_wconf 75' lang='lat' dir='ltr'>justiorem,</span> <span class='ocrx_word' id='word_1_737' title='bbox 3521 3329 3580 3380; x_wconf 88' lang='lat' dir='ltr'>et</span> 
     </span>
    </p>
   </div>
   <div class='ocr_carea' id='block_1_98' title="bbox 1919 3413 3576 3488">
    <p class='ocr_par' dir='ltr' id='par_1_98' title="bbox 1919 3413 3576 3488">
     <span class='ocr_line' id='line_1_98' title="bbox 1919 3413 3576 3488; baseline -0.003 -14"><span class='ocrx_word' id='word_1_738' title='bbox 1919 3417 2231 3474; x_wconf 84' lang='lat' dir='ltr'>volucrem</span> <span class='ocrx_word' id='word_1_739' title='bbox 2245 3416 2474 3472; x_wconf 87' lang='lat' dir='ltr'>volucri</span> <span class='ocrx_word' id='word_1_740' title='bbox 2500 3417 2874 3472; x_wconf 88' lang='lat' dir='ltr'>velociorem.</span> <span class='ocrx_word' id='word_1_741' title='bbox 2895 3418 3102 3488; x_wconf 90' lang='lat' dir='ltr'>Itaque</span> <span class='ocrx_word' id='word_1_742' title='bbox 3117 3416 3164 3470; x_wconf 92' lang='lat' dir='ltr'>si</span> <span class='ocrx_word' id='word_1_743' title='bbox 3178 3413 3576 3486; x_wconf 89' lang='lat' dir='ltr'>comparatio-</span> 
     </span>
    </p>
   </div>
   <div class='ocr_carea' id='block_1_99' title="bbox 1919 3503 3580 3578">
    <p class='ocr_par' dir='ltr' id='par_1_99' title="bbox 1919 3503 3580 3578">
     <span class='ocr_line' id='line_1_99' title="bbox 1919 3503 3580 3578; baseline -0.004 -16"><span class='ocrx_word' id='word_1_744' title='bbox 1919 3521 2025 3562; x_wconf 91' lang='lat' dir='ltr'>nes</span> <span class='ocrx_word' id='word_1_745' title='bbox 2049 3505 2290 3562; x_wconf 87' lang='lat' dir='ltr'>interea</span> <span class='ocrx_word' id='word_1_746' title='bbox 2330 3521 2467 3578; x_wconf 64' lang='lat' dir='ltr'>quas</span> <span class='ocrx_word' id='word_1_747' title='bbox 2497 3503 2771 3576; x_wconf 89' lang='lat' dir='ltr'>ejusdem</span> <span class='ocrx_word' id='word_1_748' title='bbox 2806 3503 3028 3576; x_wconf 88' lang='lat' dir='ltr'>speciei</span> <span class='ocrx_word' id='word_1_749' title='bbox 3071 3508 3232 3562; x_wconf 90' lang='lat' dir='ltr'>sunt.</span> <span class='ocrx_word' id='word_1_750' title='bbox 3261 3503 3580 3559; x_wconf 85' lang='lat' dir='ltr'>instituun-</span> 
     </span>
    </p>
   </div>
   <div class='ocr_carea' id='block_1_100' title="bbox 1921 3591 3577 3665">
    <p class='ocr_par' dir='ltr' id='par_1_100' title="bbox 1921 3591 3577 3665">
     <span class='ocr_line' id='line_1_100' title="bbox 1921 3591 3577 3665; baseline -0.003 -15"><span class='ocrx_word' id='word_1_751' title='bbox 1921 3599 2016 3651; x_wconf 91' lang='lat' dir='ltr'>tur</span> <span class='ocrx_word' id='word_1_752' title='bbox 2044 3612 2056 3660; x_wconf 94' lang='lat'><strong>;</strong></span> <span class='ocrx_word' id='word_1_753' title='bbox 2078 3597 2248 3650; x_wconf 90' lang='lat' dir='ltr'>Pater</span> <span class='ocrx_word' id='word_1_754' title='bbox 2260 3599 2463 3650; x_wconf 84' lang='lat' dir='ltr'>autem</span> <span class='ocrx_word' id='word_1_755' title='bbox 2487 3593 2821 3649; x_wconf 90' lang='lat' dir='ltr'>secundum</span> <span class='ocrx_word' id='word_1_756' title='bbox 2843 3593 3360 3665; x_wconf 87' lang='lat' dir='ltr'>comparationem</span> <span class='ocrx_word' id='word_1_757' title='bbox 3383 3591 3577 3646; x_wconf 91' lang='lat' dir='ltr'>dictus</span> 
     </span>
    </p>
   </div>
   <div class='ocr_carea' id='block_1_101' title="bbox 1921 3679 3579 3754">
    <p class='ocr_par' dir='ltr' id='par_1_101' title="bbox 1921 3679 3579 3754">
     <span class='ocr_line' id='line_1_101' title="bbox 1921 3679 3579 3754; baseline -0.003 -15"><span class='ocrx_word' id='word_1_758' title='bbox 1921 3689 2010 3740; x_wconf 88' lang='lat' dir='ltr'>est</span> <span class='ocrx_word' id='word_1_759' title='bbox 2038 3683 2176 3738; x_wconf 87' lang='lat' dir='ltr'>Filio</span> <span class='ocrx_word' id='word_1_760' title='bbox 2208 3683 2406 3754; x_wconf 86' lang='lat' dir='ltr'>major</span> <span class='ocrx_word' id='word_1_761' title='bbox 2433 3701 2445 3750; x_wconf 89' lang='lat'><strong>;</strong></span> <span class='ocrx_word' id='word_1_762' title='bbox 2469 3681 3004 3738; x_wconf 89' lang='lat' dir='ltr'>consubstantialis</span> <span class='ocrx_word' id='word_1_763' title='bbox 3032 3681 3186 3736; x_wconf 88' lang='lat' dir='ltr'>Patri</span> <span class='ocrx_word' id='word_1_764' title='bbox 3220 3679 3579 3736; x_wconf 74' lang='lat' dir='ltr'>Filiuanest</span> 
     </span>
    </p>
   </div>
   <div class='ocr_carea' id='block_1_102' title="bbox 1921 3767 3574 3836">
    <p class='ocr_par' dir='ltr' id='par_1_102' title="bbox 1921 3767 3574 3836">
     <span class='ocr_line' id='line_1_102' title="bbox 1921 3767 3574 3836; baseline -0.004 -8"><span class='ocrx_word' id='word_1_765' title='bbox 1921 3777 2126 3828; x_wconf 86' lang='lat' dir='ltr'>autem</span> <span class='ocrx_word' id='word_1_766' title='bbox 2157 3777 2214 3828; x_wconf 93' lang='lat' dir='ltr'>et</span> <span class='ocrx_word' id='word_1_767' title='bbox 2243 3771 2360 3827; x_wconf 87' lang='lat' dir='ltr'>alia</span> <span class='ocrx_word' id='word_1_768' title='bbox 2389 3772 2548 3828; x_wconf 85' lang='lat' dir='ltr'>notio</span> <span class='ocrx_word' id='word_1_769' title='bbox 2575 3771 2668 3826; x_wconf 87' lang='lat' dir='ltr'>his</span> <span class='ocrx_word' id='word_1_770' title='bbox 2699 3770 2918 3826; x_wconf 79' lang='lat' dir='ltr'>verbis.</span> <span class='ocrx_word' id='word_1_771' title='bbox 2954 3769 3107 3836; x_wconf 88' lang='lat' dir='ltr'>Quid</span> <span class='ocrx_word' id='word_1_772' title='bbox 3141 3768 3302 3824; x_wconf 90' lang='lat' dir='ltr'>enim</span> <span class='ocrx_word' id='word_1_773' title='bbox 3334 3767 3574 3832; x_wconf 89' lang='lat' dir='ltr'>mirum,</span> 
     </span>
    </p>
   </div>
   <div class='ocr_carea' id='block_1_103' title="bbox 1923 3857 3579 3933">
    <p class='ocr_par' dir='ltr' id='par_1_103' title="bbox 1923 3857 3579 3933">
     <span class='ocr_line' id='line_1_103' title="bbox 1923 3857 3579 3933; baseline -0.002 -17"><span class='ocrx_word' id='word_1_774' title='bbox 1923 3862 1969 3917; x_wconf 92' lang='lat' dir='ltr'>si</span> <span class='ocrx_word' id='word_1_775' title='bbox 2011 3861 2308 3932; x_wconf 89' lang='lat' dir='ltr'>majorem</span> <span class='ocrx_word' id='word_1_776' title='bbox 2341 3862 2539 3933; x_wconf 90' lang='lat' dir='ltr'>seipso</span> <span class='ocrx_word' id='word_1_777' title='bbox 2571 3863 2802 3916; x_wconf 86' lang='lat' dir='ltr'>Patrem</span> <span class='ocrx_word' id='word_1_778' title='bbox 2830 3859 3144 3916; x_wconf 83' lang='lat' dir='ltr'>confessus</span> <span class='ocrx_word' id='word_1_779' title='bbox 3173 3862 3281 3928; x_wconf 83' lang='lat' dir='ltr'>est,</span> <span class='ocrx_word' id='word_1_780' title='bbox 3306 3857 3410 3930; x_wconf 90' lang='lat' dir='ltr'>qui</span> <span class='ocrx_word' id='word_1_781' title='bbox 3439 3859 3579 3912; x_wconf 80' lang='lat' dir='ltr'>Ver-</span> 
     </span>
    </p>
   </div>
   <div class='ocr_carea' id='block_1_104' title="bbox 1921 3945 3578 4018">
    <p class='ocr_par' dir='ltr' id='par_1_104' title="bbox 1921 3945 3578 4018">
     <span class='ocr_line' id='line_1_104' title="bbox 1921 3945 3578 4018; baseline -0.004 -11"><span class='ocrx_word' id='word_1_782' title='bbox 1921 3949 2070 4007; x_wconf 91' lang='lat' dir='ltr'>bum</span> <span class='ocrx_word' id='word_1_783' title='bbox 2093 3955 2183 4006; x_wconf 91' lang='lat' dir='ltr'>est</span> <span class='ocrx_word' id='word_1_784' title='bbox 2210 3955 2265 4006; x_wconf 90' lang='lat' dir='ltr'>et</span> <span class='ocrx_word' id='word_1_785' title='bbox 2287 3965 2428 4006; x_wconf 85' lang='lat' dir='ltr'>caro</span> <span class='ocrx_word' id='word_1_786' title='bbox 2450 3949 2644 4007; x_wconf 84' lang='lat' dir='ltr'>factus</span> <span class='ocrx_word' id='word_1_787' title='bbox 2667 3954 2754 4006; x_wconf 92' lang='lat' dir='ltr'>est</span> <span class='ocrx_word' id='word_1_788' title='bbox 2775 3949 2846 3984; x_wconf 81' lang='grc'>⁵⁵·</span> <span class='ocrx_word' id='word_1_789' title='bbox 2870 3965 2882 4004; x_wconf 93' lang='lat'>:</span> <span class='ocrx_word' id='word_1_790' title='bbox 2912 3964 3049 4004; x_wconf 91' lang='lat' dir='ltr'>cum</span> <span class='ocrx_word' id='word_1_791' title='bbox 3073 3952 3130 4004; x_wconf 91' lang='lat' dir='ltr'>et</span> <span class='ocrx_word' id='word_1_792' title='bbox 3155 3946 3385 4018; x_wconf 86' lang='lat' dir='ltr'>angelis</span> <span class='ocrx_word' id='word_1_793' title='bbox 3407 3945 3578 4002; x_wconf 89' lang='lat' dir='ltr'>visus</span> 
     </span>
    </p>
   </div>
   <div class='ocr_carea' id='block_1_105' title="bbox 1925 4035 3580 4109">
    <p class='ocr_par' dir='ltr' id='par_1_105' title="bbox 1925 4035 3580 4109">
     <span class='ocr_line' id='line_1_105' title="bbox 1925 4035 3580 4109; baseline -0.002 -15"><span class='ocrx_word' id='word_1_794' title='bbox 1925 4041 2003 4096; x_wconf 92' lang='lat' dir='ltr'>sit</span> <span class='ocrx_word' id='word_1_795' title='bbox 2027 4039 2361 4095; x_wconf 88' lang='lat' dir='ltr'>secundum</span> <span class='ocrx_word' id='word_1_796' title='bbox 2388 4038 2640 4109; x_wconf 83' lang='lat' dir='ltr'>gloriam</span> <span class='ocrx_word' id='word_1_797' title='bbox 2673 4037 2889 4106; x_wconf 90' lang='lat' dir='ltr'>minor,</span> <span class='ocrx_word' id='word_1_798' title='bbox 2920 4041 2976 4092; x_wconf 91' lang='lat' dir='ltr'>et</span> <span class='ocrx_word' id='word_1_799' title='bbox 2995 4035 3348 4092; x_wconf 86' lang='lat' dir='ltr'>hominibus</span> <span class='ocrx_word' id='word_1_800' title='bbox 3371 4050 3580 4090; x_wconf 90' lang='lat' dir='ltr'>secun-</span> 
     </span>
    </p>
   </div>
   <div class='ocr_carea' id='block_1_106' title="bbox 1923 4125 3585 4198">
    <p class='ocr_par' dir='ltr' id='par_1_106' title="bbox 1923 4125 3585 4198">
     <span class='ocr_line' id='line_1_106' title="bbox 1923 4125 3585 4198; baseline -0.004 -13"><span class='ocrx_word' id='word_1_801' title='bbox 1923 4129 2070 4185; x_wconf 90' lang='lat' dir='ltr'>dum</span> <span class='ocrx_word' id='word_1_802' title='bbox 2093 4127 2850 4196; x_wconf 72' lang='lat' dir='ltr'>speciem?Minuistieni°n</span> <span class='ocrx_word' id='word_1_803' title='bbox 2867 4143 3021 4190; x_wconf 88' lang='lat' dir='ltr'>eum,</span> <span class='ocrx_word' id='word_1_804' title='bbox 3048 4125 3454 4198; x_wconf 78' lang='lat' dir='ltr'>inquit,paulo</span> <span class='ocrx_word' id='word_1_805' title='bbox 3479 4125 3585 4179; x_wconf 82' lang='lat' dir='ltr'>mi-</span> 
     </span>
    </p>
   </div>
   <div class='ocr_carea' id='block_1_107' title="bbox 1923 4215 3592 4287">
    <p class='ocr_par' dir='ltr' id='par_1_107' title="bbox 1923 4215 3592 4287">
     <span class='ocr_line' id='line_1_107' title="bbox 1923 4215 3592 4287; baseline -0.003 -13"><span class='ocrx_word' id='word_1_806' title='bbox 1923 4233 2038 4274; x_wconf 82' lang='lat' dir='ltr'>nus</span> <span class='ocrx_word' id='word_1_807' title='bbox 2066 4217 2142 4274; x_wconf 80' lang='lat' dir='ltr'>ab</span> <span class='ocrx_word' id='word_1_808' title='bbox 2163 4219 2390 4287; x_wconf 72' lang='lat' dir='ltr'>angelis</span> <span class='ocrx_word' id='word_1_809' title='bbox 2413 4217 2459 4252; x_wconf 67' lang='lat'><strong>55</strong></span> <span class='ocrx_word' id='word_1_810' title='bbox 2479 4235 2490 4284; x_wconf 93' lang='lat'><strong>;</strong></span> <span class='ocrx_word' id='word_1_811' title='bbox 2509 4221 2565 4272; x_wconf 90' lang='lat' dir='ltr'><strong>et</strong></span> <span class='ocrx_word' id='word_1_812' title='bbox 2589 4215 2808 4271; x_wconf 88' lang='lat' dir='ltr'>iterum</span> <span class='ocrx_word' id='word_1_813' title='bbox 2840 4233 2852 4270; x_wconf 89' lang='lat'><strong>:</strong></span> <span class='ocrx_word' id='word_1_814' title='bbox 2884 4216 3040 4270; x_wconf 86' lang='lat' dir='ltr'>Eum</span> <span class='ocrx_word' id='word_1_815' title='bbox 3063 4220 3263 4270; x_wconf 87' lang='lat' dir='ltr'>autem</span> <span class='ocrx_word' id='word_1_816' title='bbox 3319 4215 3424 4284; x_wconf 80' lang='lat' dir='ltr'>qui</span> <span class='ocrx_word' id='word_1_817' title='bbox 3472 4229 3592 4269; x_wconf 80' lang='lat' dir='ltr'>mo-</span> 
     </span>
    </p>
   </div>
   <div class='ocr_carea' id='block_1_108' title="bbox 1924 4302 3588 4378">
    <p class='ocr_par' dir='ltr' id='par_1_108' title="bbox 1924 4302 3588 4378">
     <span class='ocr_line' id='line_1_108' title="bbox 1924 4302 3588 4378; baseline -0.004 -14"><span class='ocrx_word' id='word_1_818' title='bbox 1924 4309 2056 4364; x_wconf 81' lang='lat' dir='ltr'>dico</span> <span class='ocrx_word' id='word_1_819' title='bbox 2081 4323 2262 4378; x_wconf 88' lang='lat' dir='ltr'>quam</span> <span class='ocrx_word' id='word_1_820' title='bbox 2285 4308 2490 4377; x_wconf 78' lang='lat' dir='ltr'>angeli</span> <span class='ocrx_word' id='word_1_821' title='bbox 2518 4308 2848 4362; x_wconf 86' lang='lat' dir='ltr'>minoratus</span> <span class='ocrx_word' id='word_1_822' title='bbox 2876 4306 3016 4360; x_wconf 65' lang='lat' dir='ltr'>est“</span> <span class='ocrx_word' id='word_1_823' title='bbox 3047 4323 3060 4372; x_wconf 94' lang='lat'><strong>;</strong></span> <span class='ocrx_word' id='word_1_824' title='bbox 3093 4303 3258 4368; x_wconf 88' lang='lat' dir='ltr'>item,</span> <span class='ocrx_word' id='word_1_825' title='bbox 3323 4302 3588 4358; x_wconf 83' lang='lat' dir='ltr'>Vidimus</span> 
     </span>
    </p>
   </div>
   <div class='ocr_carea' id='block_1_109' title="bbox 1925 4391 3593 4464">
    <p class='ocr_par' dir='ltr' id='par_1_109' title="bbox 1925 4391 3593 4464">
     <span class='ocr_line' id='line_1_109' title="bbox 1925 4391 3593 4464; baseline -0.004 -11"><span class='ocrx_word' id='word_1_826' title='bbox 1925 4412 2080 4460; x_wconf 87' lang='lat' dir='ltr'>eum,</span> <span class='ocrx_word' id='word_1_827' title='bbox 2109 4401 2164 4452; x_wconf 89' lang='lat' dir='ltr'>et</span> <span class='ocrx_word' id='word_1_828' title='bbox 2187 4411 2304 4451; x_wconf 85' lang='lat' dir='ltr'>non</span> <span class='ocrx_word' id='word_1_829' title='bbox 2330 4395 2582 4451; x_wconf 85' lang='lat' dir='ltr'>habebat</span> <span class='ocrx_word' id='word_1_830' title='bbox 2615 4395 2887 4464; x_wconf 85' lang='lat' dir='ltr'>speciem,</span> <span class='ocrx_word' id='word_1_831' title='bbox 2915 4407 3106 4464; x_wconf 86' lang='lat' dir='ltr'>neque</span> <span class='ocrx_word' id='word_1_832' title='bbox 3135 4392 3404 4448; x_wconf 87' lang='lat' dir='ltr'>decorem</span> <span class='ocrx_word' id='word_1_833' title='bbox 3441 4408 3453 4445; x_wconf 91' lang='lat'><strong>:</strong></span> <span class='ocrx_word' id='word_1_834' title='bbox 3487 4391 3593 4448; x_wconf 86' lang='lat' dir='ltr'>sed</span> 
     </span>
    </p>
   </div>
   <div class='ocr_carea' id='block_1_110' title="bbox 1925 4481 3591 4558">
    <p class='ocr_par' dir='ltr' id='par_1_110' title="bbox 1925 4481 3591 4558">
     <span class='ocr_line' id='line_1_110' title="bbox 1925 4481 3591 4558; baseline -0.004 -16"><span class='ocrx_word' id='word_1_835' title='bbox 1925 4487 2145 4558; x_wconf 82' lang='lat' dir='ltr'>species</span> <span class='ocrx_word' id='word_1_836' title='bbox 2159 4487 2286 4555; x_wconf 86' lang='lat' dir='ltr'>ejus</span> <span class='ocrx_word' id='word_1_837' title='bbox 2300 4484 2576 4553; x_wconf 82' lang='lat' dir='ltr'>deﬁciens</span> <span class='ocrx_word' id='word_1_838' title='bbox 2595 4499 2724 4552; x_wconf 74' lang='lat' dir='ltr'>pra:</span> <span class='ocrx_word' id='word_1_839' title='bbox 2737 4482 3006 4538; x_wconf 78' lang='lat' dir='ltr'>omnibus</span> <span class='ocrx_word' id='word_1_840' title='bbox 3023 4481 3436 4538; x_wconf 68' lang='lat' dir='ltr'>hominibus“.</span> <span class='ocrx_word' id='word_1_841' title='bbox 3455 4483 3591 4536; x_wconf 65' lang='lat' dir='ltr'>Haec</span> 
     </span>
    </p>
   </div>
   <div class='ocr_carea' id='block_1_111' title="bbox 1927 4559 3592 4644">
    <p class='ocr_par' dir='ltr' id='par_1_111' title="bbox 1927 4559 3592 4644">
     <span class='ocr_line' id='line_1_111' title="bbox 1927 4559 3592 4644; baseline -0.005 -12"><span class='ocrx_word' id='word_1_842' title='bbox 1927 4559 2128 4632; x_wconf 85' lang='lat' dir='ltr'>autem</span> <span class='ocrx_word' id='word_1_843' title='bbox 2161 4576 2368 4630; x_wconf 90' lang='lat' dir='ltr'>omnia</span> <span class='ocrx_word' id='word_1_844' title='bbox 2395 4573 2678 4630; x_wconf 88' lang='lat' dir='ltr'>sustinuit</span> <span class='ocrx_word' id='word_1_845' title='bbox 2703 4577 2950 4644; x_wconf 90' lang='lat' dir='ltr'>propter</span> <span class='ocrx_word' id='word_1_846' title='bbox 3006 4570 3259 4627; x_wconf 87' lang='lat' dir='ltr'>multam</span> <span class='ocrx_word' id='word_1_847' title='bbox 3311 4587 3490 4626; x_wconf 86' lang='lat' dir='ltr'>suam</span> <span class='ocrx_word' id='word_1_848' title='bbox 3530 4571 3592 4625; x_wconf 89' lang='lat' dir='ltr'>in</span> 
     </span>
    </p>
   </div>
   <div class='ocr_carea' id='block_1_112' title="bbox 1928 4659 3586 4738">
    <p class='ocr_par' dir='ltr' id='par_1_112' title="bbox 1928 4659 3586 4738">
     <span class='ocr_line' id='line_1_112' title="bbox 1928 4659 3586 4738; baseline -0.005 -16"><span class='ocrx_word' id='word_1_849' title='bbox 1928 4681 2084 4738; x_wconf 91' lang='lat' dir='ltr'>opus</span> <span class='ocrx_word' id='word_1_850' title='bbox 2114 4680 2294 4720; x_wconf 89' lang='lat' dir='ltr'>suum</span> <span class='ocrx_word' id='word_1_851' title='bbox 2322 4663 2781 4733; x_wconf 84' lang='lat' dir='ltr'>benignitatem,</span> <span class='ocrx_word' id='word_1_852' title='bbox 2808 4665 2874 4718; x_wconf 90' lang='lat' dir='ltr'>ut</span> <span class='ocrx_word' id='word_1_853' title='bbox 2895 4659 3197 4733; x_wconf 89' lang='lat' dir='ltr'>perditam</span> <span class='ocrx_word' id='word_1_854' title='bbox 3219 4677 3396 4716; x_wconf 85' lang='lat' dir='ltr'>ovem</span> <span class='ocrx_word' id='word_1_855' title='bbox 3419 4676 3586 4716; x_wconf 85' lang='lat' dir='ltr'>recu-</span> 
     </span>
    </p>
   </div>
   <div class='ocr_carea' id='block_1_113' title="bbox 1929 4749 3589 4828">
    <p class='ocr_par' dir='ltr' id='par_1_113' title="bbox 1929 4749 3589 4828">
     <span class='ocr_line' id='line_1_113' title="bbox 1929 4749 3589 4828; baseline -0.005 -16"><span class='ocrx_word' id='word_1_856' title='bbox 1929 4758 2186 4828; x_wconf 85' lang='lat' dir='ltr'>peraret,</span> <span class='ocrx_word' id='word_1_857' title='bbox 2219 4758 2276 4809; x_wconf 91' lang='lat' dir='ltr'>et</span> <span class='ocrx_word' id='word_1_858' title='bbox 2314 4753 2720 4808; x_wconf 89' lang='lat' dir='ltr'>introduceret</span> <span class='ocrx_word' id='word_1_859' title='bbox 2751 4755 3082 4819; x_wconf 87' lang='lat' dir='ltr'>servatam,</span> <span class='ocrx_word' id='word_1_860' title='bbox 3119 4755 3178 4806; x_wconf 90' lang='lat' dir='ltr'>et</span> <span class='ocrx_word' id='word_1_861' title='bbox 3205 4749 3481 4822; x_wconf 87' lang='lat' dir='ltr'>eum,qui</span> <span class='ocrx_word' id='word_1_862' title='bbox 3509 4749 3589 4806; x_wconf 86' lang='lat' dir='ltr'>ab</span> 
     </span>
    </p>
   </div>
   <div class='ocr_carea' id='block_1_114' title="bbox 1927 4840 3589 4916">
    <p class='ocr_par' dir='ltr' id='par_1_114' title="bbox 1927 4840 3589 4916">
     <span class='ocr_line' id='line_1_114' title="bbox 1927 4840 3589 4916; baseline -0.002 -18"><span class='ocrx_word' id='word_1_863' title='bbox 1927 4843 2317 4916; x_wconf 81' lang='lat' dir='ltr'>Jerosolymis</span> <span class='ocrx_word' id='word_1_864' title='bbox 2351 4841 2695 4898; x_wconf 85' lang='lat' dir='ltr'>Jerichunta</span> <span class='ocrx_word' id='word_1_865' title='bbox 2726 4841 3136 4908; x_wconf 89' lang='lat' dir='ltr'>descenderat,</span> <span class='ocrx_word' id='word_1_866' title='bbox 3175 4840 3255 4895; x_wconf 91' lang='lat' dir='ltr'>ob</span> <span class='ocrx_word' id='word_1_867' title='bbox 3284 4840 3467 4913; x_wconf 89' lang='lat' dir='ltr'>idque</span> <span class='ocrx_word' id='word_1_868' title='bbox 3499 4841 3589 4895; x_wconf 90' lang='lat' dir='ltr'>in-</span> 
     </span>
    </p>
   </div>
   <div class='ocr_carea' id='block_1_115' title="bbox 1929 4931 3590 5004">
    <p class='ocr_par' dir='ltr' id='par_1_115' title="bbox 1929 4931 3590 5004">
     <span class='ocr_line' id='line_1_115' title="bbox 1929 4931 3590 5004; baseline -0.003 -13"><span class='ocrx_word' id='word_1_869' title='bbox 1929 4935 2153 4991; x_wconf 85' lang='lat' dir='ltr'>ciderat</span> <span class='ocrx_word' id='word_1_870' title='bbox 2183 4935 2242 4988; x_wconf 90' lang='lat' dir='ltr'>in</span> <span class='ocrx_word' id='word_1_871' title='bbox 2265 4933 2552 4996; x_wconf 86' lang='lat' dir='ltr'>latrones,</span> <span class='ocrx_word' id='word_1_872' title='bbox 2588 4931 2666 4988; x_wconf 88' lang='lat' dir='ltr'>ad</span> <span class='ocrx_word' id='word_1_873' title='bbox 2694 4931 3004 5004; x_wconf 89' lang='lat' dir='ltr'>propriam</span> <span class='ocrx_word' id='word_1_874' title='bbox 3071 4947 3279 4986; x_wconf 89' lang='lat' dir='ltr'>rursus</span> <span class='ocrx_word' id='word_1_875' title='bbox 3330 4931 3590 5002; x_wconf 88' lang='lat' dir='ltr'>patriam</span> 
     </span>
    </p>
   </div>
   <div class='ocr_carea' id='block_1_116' title="bbox 1927 5020 3592 5094">
    <p class='ocr_par' dir='ltr' id='par_1_116' title="bbox 1927 5020 3592 5094">
     <span class='ocr_line' id='line_1_116' title="bbox 1927 5020 3592 5094; baseline -0.004 -12"><span class='ocrx_word' id='word_1_876' title='bbox 1927 5041 2144 5082; x_wconf 87' lang='lat' dir='ltr'>sanum</span> <span class='ocrx_word' id='word_1_877' title='bbox 2160 5023 2648 5094; x_wconf 83' lang='lat' dir='ltr'>incolumemque</span> <span class='ocrx_word' id='word_1_878' title='bbox 2665 5021 3095 5078; x_wconf 85' lang='lat' dir='ltr'>reduceret.An</span> <span class='ocrx_word' id='word_1_879' title='bbox 3109 5020 3293 5076; x_wconf 86' lang='lat' dir='ltr'>etiam</span> <span class='ocrx_word' id='word_1_880' title='bbox 3315 5035 3592 5092; x_wconf 70' lang='lat' dir='ltr'>praesepe</span> 
     </span>
    </p>
   </div>
   <div class='ocr_carea' id='block_1_117' title="bbox 3087 5195 3591 5264">
    <p class='ocr_par' dir='ltr' id='par_1_117' title="bbox 3087 5195 3591 5264">
     <span class='ocr_line' id='line_1_117' title="bbox 3087 5195 3591 5264; baseline 0.008 -14"><span class='ocrx_word' id='word_1_881' title='bbox 3087 5199 3134 5234; x_wconf 81' lang='grc'><strong><em>⁶⁶</em></strong></span> <span class='ocrx_word' id='word_1_882' title='bbox 3169 5195 3325 5253; x_wconf 85' lang='lat' dir='ltr'>Psal.</span> <span class='ocrx_word' id='word_1_883' title='bbox 3361 5211 3480 5264; x_wconf 79' lang='lat' dir='ltr'>vui,</span> <span class='ocrx_word' id='word_1_884' title='bbox 3536 5201 3591 5254; x_wconf 84' lang='lat'><strong>6.</strong></span> 
     </span>
    </p>
   </div>
   <div class='ocr_carea' id='block_1_118' title="bbox 1933 5199 3007 5272">
    <p class='ocr_par' dir='ltr' id='par_1_118' title="bbox 1933 5199 3007 5272">
     <span class='ocr_line' id='line_1_118' title="bbox 1933 5199 3007 5272; baseline 0.003 -17"><span class='ocrx_word' id='word_1_885' title='bbox 1933 5204 1978 5240; x_wconf 70' lang='grc'>⁵⁵</span> <span class='ocrx_word' id='word_1_886' title='bbox 2009 5204 2182 5260; x_wconf 88' lang='lat' dir='ltr'>Joan.</span> <span class='ocrx_word' id='word_1_887' title='bbox 2217 5217 2333 5272; x_wconf 75' lang='lat' dir='ltr'>xw,</span> <span class='ocrx_word' id='word_1_888' title='bbox 2367 5205 2454 5258; x_wconf 82' lang='lat'>28.</span> <span class='ocrx_word' id='word_1_889' title='bbox 2535 5201 2607 5236; x_wconf 67' lang='grc' dir='ltr'>π’</span> <span class='ocrx_word' id='word_1_890' title='bbox 2635 5199 2810 5258; x_wconf 88' lang='lat' dir='ltr'>Joan.</span> <span class='ocrx_word' id='word_1_891' title='bbox 2853 5217 2887 5270; x_wconf 81' lang='grc' dir='ltr'>ι,</span> <span class='ocrx_word' id='word_1_892' title='bbox 2923 5203 3007 5255; x_wconf 78' lang='grc'>14.</span> 
     </span>
    </p>
   </div>
   <div class='ocr_carea' id='block_1_119' title="bbox 1999 5395 3297 5475">
    <p class='ocr_par' dir='ltr' id='par_1_119' title="bbox 1999 5395 3297 5475">
     <span class='ocr_line' id='line_1_119' title="bbox 1999 5395 3297 5475; baseline -0.01 -19"><span class='ocrx_word' id='word_1_893' title='bbox 1999 5401 2112 5471; x_wconf 81' lang='grc'>(67)</span> <span class='ocrx_word' id='word_1_894' title='bbox 2153 5405 2450 5475; x_wconf 62' lang='grc' dir='ltr'><strong>ῐςέχρηται.</strong></span> <span class='ocrx_word' id='word_1_895' title='bbox 2493 5399 2585 5454; x_wconf 86' lang='lat' dir='ltr'>Sic</span> <span class='ocrx_word' id='word_1_896' title='bbox 2615 5395 2947 5475; x_wconf 68' lang='lat' dir='ltr'>m_ss._l_i_di_ti</span> <span class='ocrx_word' id='word_1_897' title='bbox 2987 5399 3297 5475; x_wconf 59' lang='grc' dir='ltr'><strong>κέχρηνται.</strong></span> 
     </span>
    </p>
   </div>
   <div class='ocr_carea' id='block_1_120' title="bbox 1996 5463 3596 5542">
    <p class='ocr_par' dir='ltr' id='par_1_120' title="bbox 1996 5463 3596 5542">
     <span class='ocr_line' id='line_1_120' title="bbox 1996 5463 3596 5542; baseline -0.005 -15"><span class='ocrx_word' id='word_1_898' title='bbox 1996 5463 2116 5542; x_wconf 68' lang='grc'>(68)</span> <span class='ocrx_word' id='word_1_899' title='bbox 2173 5463 2565 5530; x_wconf 56' lang='grc' dir='ltr'><strong>’Ᾰῦασὼσηταμ</strong></span> <span class='ocrx_word' id='word_1_900' title='bbox 2620 5471 2722 5542; x_wconf 78' lang='lat' dir='ltr'>Sic</span> <span class='ocrx_word' id='word_1_901' title='bbox 2775 5468 2914 5524; x_wconf 88' lang='lat' dir='ltr'>libri</span> <span class='ocrx_word' id='word_1_902' title='bbox 2955 5463 3213 5542; x_wconf 48' lang='lat' dir='ltr'>veteres.</span> <span class='ocrx_word' id='word_1_903' title='bbox 3269 5463 3442 5542; x_wconf 52' lang='lat' dir='ltr'>Editi</span> <span class='ocrx_word' id='word_1_904' title='bbox 3477 5465 3596 5519; x_wconf 78' lang='grc' dir='ltr'><strong>ἀνα-</strong></span> 
     </span>
    </p>
   </div>
   <div class='ocr_carea' id='block_1_121' title="bbox 1922 5535 3594 5626">
    <p class='ocr_par' dir='ltr' id='par_1_121' title="bbox 1922 5535 3594 5626">
     <span class='ocr_line' id='line_1_121' title="bbox 1922 5535 3594 5626; baseline -0.001 -32"><span class='ocrx_word' id='word_1_905' title='bbox 1922 5535 2110 5626; x_wconf 51' lang='grc' dir='ltr'><strong>τόση(</strong></span> <span class='ocrx_word' id='word_1_906' title='bbox 2137 5543 2318 5626; x_wconf 78' lang='lat' dir='ltr'>Paulo</span> <span class='ocrx_word' id='word_1_907' title='bbox 2341 5546 2479 5626; x_wconf 75' lang='lat' dir='ltr'>post</span> <span class='ocrx_word' id='word_1_908' title='bbox 2499 5559 2569 5598; x_wconf 82' lang='lat' dir='ltr'>ex</span> <span class='ocrx_word' id='word_1_909' title='bbox 2593 5541 2806 5626; x_wconf 80' lang='lat' dir='ltr'>iisdem</span> <span class='ocrx_word' id='word_1_910' title='bbox 2831 5552 2976 5594; x_wconf 88' lang='lat' dir='ltr'>mss.</span> <span class='ocrx_word' id='word_1_911' title='bbox 3001 5535 3314 5592; x_wconf 88' lang='lat' dir='ltr'>codicibus</span> <span class='ocrx_word' id='word_1_912' title='bbox 3329 5536 3594 5610; x_wconf 83' lang='lat' dir='ltr'>legimus</span> 
     </span>
    </p>
   </div>
   <div class='ocr_carea' id='block_1_122' title="bbox 1921 5613 2746 5690">
    <p class='ocr_par' dir='ltr' id='par_1_122' title="bbox 1921 5613 2746 5690">
     <span class='ocr_line' id='line_1_122' title="bbox 1921 5613 2746 5690; baseline 0 -22"><span class='ocrx_word' id='word_1_913' title='bbox 1921 5613 2233 5690; x_wconf 73' lang='grc' dir='ltr'><strong>ἀπαναγάγῃ</strong></span> <span class='ocrx_word' id='word_1_914' title='bbox 2269 5613 2380 5688; x_wconf 76' lang='lat' dir='ltr'>prb</span> <span class='ocrx_word' id='word_1_915' title='bbox 2403 5613 2720 5687; x_wconf 75' lang='grc' dir='ltr'><strong>ὶπεισαγάγῃ</strong></span> <span class='ocrx_word' id='word_1_916' title='bbox 2733 5653 2746 5668; x_wconf 89' lang='grc'>.</span> 
     </span>
    </p>
   </div>
  </div>
