4070 6194
518 272 623 328 255

1894 284 1950 338 S.
1985 281 2238 340 BASILII
2277 286 2499 342 HAGNI

3768 291 3884 348 256

520 396 574 452 ei
604 397 992 469 exprobrabit
1010 400 1337 470 haereticus,
1366 419 1472 476 per
1500 405 1665 478 quod
1697 422 1836 462 cum
1869 414 2024 462 esset
2078 423 2165 464 ra-

2288 406 2527 462 ὄνειδίσει
2571 412 2852 485 αἰρετικός,
2904 408 2976 464 δι’
3036 409 3099 474 ἧς
3147 412 3329 486 ἄλογος
3380 415 3446 466 ὦν
3501 417 3690 489 ετράφη
3774 417 3882 469 ὑπὸ

522 487 679 541 tione
705 487 1044 559 destitutus,
1079 507 1112 546 a
1141 492 1339 548 Verbo
1366 496 1624 549 nutritus
1660 497 1785 552 est?
1806 512 1882 552 an
1929 496 2171 568 objiciet

521 581 958 647 paupertatem,
986 581 1151 651 quod
1182 582 1434 637 lectulus
1462 583 1649 640 defuit
1672 585 1821 642 fabri
1853 585 2015 642 ﬁlio?
2040 589 2172 642 Pro-

520 669 726 736 pterea
745 670 914 724 Patre
943 670 1137 726 minor
1170 672 1364 742 Filius,
1405 674 1572 745 quod
1595 680 1696 730 tua
1746 692 1932 732 causa
1976 676 2169 732 factus

520 760 608 810 est
629 763 924 825 mortuus,
950 763 1014 814 ut
1044 765 1099 815 te
1123 777 1159 816 a
1184 763 1540 819 mortalitate
1586 764 1887 833 liberaret,
1946 772 2003 823 et
2059 782 2171 822 cce-

519 843 678 900 lestis
704 847 1058 920 participem
1080 849 1210 906 vitae
1231 851 1469 911 faceret.
1502 854 1669 910 Velut
1698 855 1745 910 si
1775 856 1909 928 quis
1953 859 2008 911 et
2051 871 2172 911 me-

519 933 722 990 dicum
753 941 1015 1007 accuset,
1046 940 1211 1011 quod
1235 942 1552 999 demittens
1579 961 1640 1000 se
1662 945 1739 1001 ad
1761 946 2171 1019 morbos,par-

519 1022 702 1095 ticeps
728 1023 930 1081 fetoris
959 1027 1083 1099 ﬁat,
1117 1034 1182 1086 ut
1207 1036 1376 1088 sanet
1405 1038 1794 1102 aegrotantes.

591 1205 643 1256 6.
675 1203 918 1274 Propter
947 1209 1002 1260 te
1025 1211 1079 1262 et
1102 1207 1316 1266 horam
1357 1215 1414 1267 et
1443 1213 1604 1268 diem
1645 1213 1856 1284 judicii
1905 1214 2164 1283 ignorat,

519 1306 872 1363 quanquam
915 1294 1063 1350 nihil
1107 1298 1466 1370 sapientiam
1506 1317 1712 1357 veram
1743 1303 1887 1359 latet
1919 1321 1930 1359 :
1963 1304 2170 1360 omnia

519 1380 677 1434 enim
699 1397 805 1452 per
820 1381 1015 1452 ipsam
1031 1383 1188 1442 facta
1203 1395 1344 1445 sunt
1357 1391 1424 1445 ⁵9.
1437 1393 1757 1447 Hominum
1773 1399 1974 1449 autem
1990 1409 2170 1450 nemo

519 1483 789 1542 unquam
816 1473 982 1544 quod
1001 1474 1411 1546 fecitignorat.
1435 1483 1650 1537 Verum
1693 1483 1754 1537 id
1800 1484 1879 1540 ita
1927 1484 2170 1557 dispen-

520 1564 609 1615 sat
638 1565 717 1616 ob
740 1565 905 1618 tuam
935 1564 1364 1639 inﬁrmitatem,
1402 1575 1465 1626 ut
1493 1587 1690 1644 neque
1725 1573 1764 1628 ii
1807 1575 1910 1646 qui
1959 1585 2168 1646 pecca-

518 1652 750 1714 verunt,
773 1649 851 1705 ob
874 1651 1148 1722 praeﬁniti
1172 1658 1453 1729 temporis
1481 1663 1824 1729 angustiam
1850 1664 1908 1718 in
1956 1664 2170 1736 despe-

2279 506 2370 549 τοῦ
2401 502 2576 570 Λόγου
2608 502 2718 568 (69)
2753 518 2766 567 ;
2795 506 2884 553 καὶ
2931 507 3025 560 τὴν
3061 508 3236 554 πενίαν
3279 509 3537 579 προοίσει,
3591 507 3671 557 ὅτι
3716 505 3887 558 κλινι-

2281 583 2398 638 δίου
2448 588 2541 639 ουκ
2583 589 2877 664 ηὐπόρησεν
2923 593 2948 643 ό
3004 599 3095 644 τοῦ
3143 597 3374 654 τέκτονος
3420 597 3527 656 υἱός
3559 612 3571 663 ;
3602 600 3695 648 Διά
3722 605 3883 650 τοῦτο

2282 680 2486 751 Πατρός
2537 677 2752 731 ἐλάττων
2806 681 2831 731 ό
2888 683 3023 748 Υἱός,
3053 683 3129 734 ὅτι
3161 679 3253 734 διὰ
3285 686 3341 736 σέ
3365 689 3542 756 γέγονε
3566 691 3758 760 νεκρὸς,
3789 690 3883 739 ἶνα

2282 783 2338 817 σε
2394 775 2487 827 τῆς
2561 772 2866 843 νεκρότητος
2941 769 3234 844 ἀπαλλάξῃ,
3293 778 3382 825 καὶ
3453 777 3585 837 ζωῆς
3645 780 3880 847 μέτοχον

2279 853 2584 928 ἐπουρανίου
2643 863 2863 930 ποιήσῃ.
2915 856 3115 934 Ὠσπερ
3177 859 3258 927 ἂν,
3309 865 3354 913 εἴ
3406 882 3480 923 τις
3535 869 3622 916 καὶ
3678 869 3762 916 τόν
3797 865 3880 917 ἰαι-

2275 947 2394 1016 τρόν
2446 946 2559 1006 (70)
2609 946 2835 1017 αἰτιῷτο,
2886 948 2966 1000 ὅτι
3004 953 3315 1020 συγκύπτων
3369 950 3451 1004 ἐπὶ
3480 956 3546 1005 τὰ
3575 957 3739 1025 πάθη,
3780 965 3881 1018 τῆς

2279 1029 2554 1095 δυσωδίας
2585 1037 2941 1110 συναπολαύῂ,
2976 1040 3058 1091 ἶνα
3089 1043 3208 1103 τοὺς
3231 1045 3550 1106 πεπονθότας
3589 1047 3724 1115 (71),
3790 1046 3879 1100 ἰὰ-

2281 1141 2436 1181 σηται
2447 1165 2459 1177 .

2350 1217 2400 1268 6.
2435 1214 2529 1264 Διὰ
2561 1215 2617 1265 σε
2642 1219 2730 1266 καὶ
2761 1219 2854 1273 τὴν
2904 1218 3040 1291 ὦραν
3065 1223 3155 1270 καὶ
3202 1224 3295 1277 τὴν
3363 1224 3557 1298 ἡμέραν
3611 1234 3706 1288 τῆς
3762 1232 3882 1302 κρί-

2281 1321 2409 1362 σεως
2461 1300 2651 1373 ἀγνοεῖ·
2703 1308 2875 1356 καίτοι
2934 1302 3084 1357 οὐδὲν
3125 1306 3361 1360 λανθάνει
3418 1316 3512 1368 τήν
3567 1316 3724 1376 ὄντως
3778 1335 3880 1368 σο-

2279 1398 2416 1466 φίαν·
2450 1395 2620 1444 πάντα
2647 1395 2747 1469 γὰρ
2777 1391 2850 1446 δι’
2875 1395 3035 1457 αὐτῆς
3071 1395 3280 1468 ἐγένετο.
3340 1397 3530 1464 Οὐδεὶς
3569 1399 3629 1456 δὲ
3684 1403 3888 1481 ἀνθρὼ-

2278 1501 2384 1533 πων
2420 1487 2627 1533 πώποτε
2681 1481 2705 1532 ὃ
2763 1488 3040 1540 πεποίηκεν
3092 1484 3280 1556 ἀγνοεῖ·
3325 1488 3479 1542 Ἀλλά
3543 1499 3696 1546 τοῦτο
3745 1496 3888 1549 οἰκο-

2278 1578 2424 1643 νομεῖ
2469 1568 2560 1624 διὰ
2612 1576 2706 1630 τὴν
2753 1578 2845 1631 σὴν
2877 1573 3165 1642 ἀσθένειαν,
3214 1580 3294 1629 ἱνα
3337 1586 3470 1651 μήτε
3500 1590 3570 1653 τῷ
3598 1595 3756 1656 στενῷ
3784 1596 3886 1650 τῆς

2278 1663 2599 1733 προθεσμίας
2646 1665 2694 1713 οἱ
2743 1662 3136 1738 ἁμαρτήσαντες
3186 1675 3247 1740 τῇ
3304 1667 3504 1744 ἀθυμίᾳ
3572 1681 3881 1728 καταπίσωο

522 1737 815 1794 rationem
846 1740 1250 1813 adducantur,
1278 1747 1453 1818 quasi
1477 1764 1600 1803 non
1626 1749 1896 1807 relictum
1922 1753 1995 1808 sit
2047 1769 2169 1825 pm-

2288 1770 2383 1816 σιν,
2416 1753 2483 1813 ὡς
2515 1751 2618 1823 οὐχ
2658 1751 3084 1826 ὑπολελειμμένου
3112 1766 3296 1830 καιροῦ
3327 1767 3615 1831 μετανοίαςο
3646 1762 3778 1836 μηδ’
3813 1765 3880 1818 αὖ

522 1826 782 1883 nitentia!
823 1836 1058 1903 tempus
1095 1850 1107 1886 :
1139 1850 1334 1908 neque
1379 1853 1590 1893 rursus
1635 1841 1673 1895 ii
1723 1843 1827 1913 qui
1882 1844 1984 1898 diu
2029 1861 2168 1899 cum

521 1917 868 1976 adversaria
896 1927 1192 1992 potestate
1218 1933 1512 1998 pugnant,
1537 1929 1614 1984 ob
1631 1933 1920 2004 temporis
1945 1935 2171 1989 diutur-

521 2006 767 2063 nitatem
791 2011 983 2066 aciem
1011 2012 1307 2070 deserant.
1343 2021 1545 2091 Itaque
1595 2021 1850 2076 consulit
1908 2023 2171 2096 utrisque

521 2096 638 2168 85
681 2114 789 2169 per
838 2099 1276 2169 ignorationem
1321 2123 1509 2178 quam
1548 2125 1671 2181 prae
1725 2126 1788 2165 se
1820 2112 1931 2168 fert
1964 2132 1975 2179 ;
2006 2098 2175 2169 alteri

519 2185 764 2256 quidem
780 2187 858 2244 ob
873 2191 1229 2260 przeclarum
1244 2201 1547 2253 certamen
1559 2204 1801 2271 tempus
1811 2203 2176 2259 contrahens

521 2275 686 2330 alteri
744 2293 883 2332 vero
933 2288 1177 2352 propter
1201 2290 1449 2355 peccata
1491 2289 1854 2359 paenitentiae
1931 2297 2174 2364 tempus

521 2370 1239 2442 reservans.0uanquam
1265 2389 1401 2429 cum
1431 2391 1494 2430 se
1548 2377 1674 2449 ipse
1722 2379 1782 2433 in
1838 2381 2173 2450 Evangeliis

521 2452 673 2509 inter
709 2471 812 2511 eos
870 2459 971 2529 qui
1029 2459 1331 2532 ignorant,
1385 2464 1463 2520 ob
1521 2467 1873 2538 multorum,
1909 2471 1992 2524 uti
2025 2471 2171 2538 dixi,

519 2542 949 2614 inﬁrmitatem,
983 2552 1324 2608 numeravit
1346 2555 1430 2620 60;
1464 2554 1525 2610 in
1567 2557 1725 2611 Actis
1755 2559 2172 2630 apostolorum

518 2631 680 2688 velut
717 2635 1015 2706 perfectos
1060 2653 1330 2696 seorsum
1373 2643 1687 2716 alloquens
1737 2663 1859 2702 non
1908 2647 2034 2702 sine
2081 2649 2172 2703 sui

453 2717 462 2722 ’
517 2719 707 2791 ipsius
729 2725 1076 2796 exceptione
1102 2727 1280 2784 dicit:
1310 2731 1446 2787 Non
1480 2739 1562 2788 est
1587 2741 1817 2791 vetrum
1848 2752 2018 2792 nosse
2039 2744 2174 2793 lem-

514 2825 667 2878 pora
698 2813 792 2867 vel
823 2823 1140 2888 momenta,
1169 2835 1299 2889 qua:
1343 2821 1530 2877 Pater
1563 2827 1763 2890 posm’t
1801 2827 1864 2879 in
1909 2842 2018 2882 sua
2073 2843 2173 2896 po-

523 2903 821 2956 testate".
864 2908 1054 2976 Atque
1098 2906 1227 2962 haec
1267 2909 1513 2980 quidem
1559 2913 1754 2984 prima
1783 2916 2172 2986 aggressione

517 2986 678 3044 dicta
719 2990 836 3047 sint
865 2992 1096 3052 rudius.
1120 2995 1234 3051 Sed
1275 2998 1399 3068 jam
1446 3001 1808 3072 inquirenda
1857 3005 2172 3061 sublimior

2278 1840 2429 1892 πάλιν
2461 1843 2508 1892 οἱ
2545 1841 2882 1914 πολεμοῦντες
2927 1848 3132 1916 μακρὰν
3171 1855 3232 1918 τῇ
3295 1847 3610 1923 ἀντικειμένη
3653 1850 3881 1928 δυνάμει

2282 1926 2374 1982 διὰ
2407 1933 2464 1981 τὸ
2498 1939 2665 2002 μῆκος
2691 1939 2783 1982 τοῦ
2816 1937 3012 2005 χρόνου
3044 1934 3545 1996 λειποτακτησωσιν.
3575 1941 3882 2017 Ἐκατέρόυς

2282 2024 2451 2071 τοίνυν
2493 2018 2586 2072 διὰ
2638 2027 2728 2081 τῆς
2788 2032 3147 2094 προσποιητῆς
3190 2026 3301 2096 (72)
3345 2026 3558 2098 ἀγνοίας
3594 2032 3874 2106 οιίκονομεί⁹

2282 2117 2353 2179 τῷ
2404 2113 2494 2180 μὲν
2540 2107 2633 2161 διὰ
2681 2113 2767 2161 τόν
2823 2111 2977 2163 καλὸν
3009 2111 3181 2183 ἀγῶνα
3222 2121 3510 2189 συντέμνων
3542 2124 3628 2172 τὸν
3658 2129 3876 2196 χρόνον,

2282 2206 2353 2267 τῷ
2382 2195 2440 2250 δὲ
2481 2195 2572 2249 διὰ
2619 2202 2713 2259 τὰς
2755 2200 3009 2274 ἁμαρτίας
3054 2207 3234 2278 καιρὸν
3278 2213 3546 2277 μετανοίας
3570 2218 3882 2286 ταμιευόμε-

2281 2307 2381 2348 νος.
2418 2293 2600 2340 Καίτοι
2632 2287 2680 2339 ἓν
2711 2296 2817 2350 τοῖς
2848 2290 3177 2362 Εὑαγγελίοις
3221 2294 3402 2348 ἑαυτὸν
3444 2305 3878 2376 συγκαταριθμή-

2285 2395 2375 2435 σας
2406 2384 2510 2436 τοῖς
2538 2375 2786 2448 ἀγνοοῦσι
2817 2374 2909 2430 διὰ
2940 2385 3034 2438 τὴν
3065 2390 3162 2432 τῶν
3189 2383 3404 2450 πολλῶν,
3447 2389 3516 2448 ὡς
3545 2389 3690 2459 ista,
3714 2389 3878 2442 ἀσθέ-

2281 2481 2437 2517 νειαν·
2487 2465 2535 2517 ἐν
2580 2473 2690 2526 ταῖς
2731 2467 2962 2541 Πράξεσι
3018 2478 3116 2521 τῶν
3169 2469 3468 2526 ἀποστόλων
3535 2480 3604 2537 ὡς
3668 2479 3880 2540 τελείοις

2281 2553 2393 2604 κατ’
2448 2551 2588 2606 ἰδίαν
2664 2552 3048 2629 διαλεγόμενος,
3125 2561 3244 2611 καθ’
3313 2563 3642 2637 ὑπεξαίρεσιν
3691 2565 3880 2620 ἑαυτοῦ

2283 2659 2460 2714 φησιν’
2512 2644 2632 2716 Οὐχ
2689 2646 2831 2717 ὑμῶν
2897 2645 3013 2698 ἔστι
3072 2657 3263 2719 γνῶναι
3309 2656 3532 2724 χρόνους
3574 2655 3603 2712 ἦ
3637 2661 3877 2731 καιροὺς,

2281 2731 2370 2793 οὓς
2427 2734 2451 2784 ὁ
2502 2739 2681 2807 Πατὴρ
2719 2737 2859 2786 ἔθετο
2921 2734 2968 2787 ἐν
3016 2745 3077 2808 τῇ
3139 2735 3249 2790 ἰδία
3287 2739 3515 2813 ἐξουσίᾳ.
3562 2749 3661 2796 Καὶ
3708 2753 3881 2798 ταῦτα

2281 2825 2370 2893 μὲν
2427 2823 2563 2874 κατὰ
2601 2827 2692 2880 τὴν
2739 2829 2990 2898 προτέραν
3052 2825 3292 2885 ἐπιϐολὴν
3347 2830 3572 2902 εἰρήσθω
3628 2832 3741 2903 (73)
3767 2854 3876 2886 πα-

2279 2915 2521 2984 χύτερον.
2546 2909 2687 2970 ἰιὸη
2723 2909 2781 2966 δὲ
2811 2913 3102 2976 ἐξεταστέον
3137 2918 3453 2994 ὑψηλότερον
3493 2926 3585 2980 τὴν
3636 2919 3876 2975 διάνοιαν

2279 3008 2369 3052 τοῦ
2395 3001 2576 3075 ῥητοῦ,
2604 3009 2693 3054 καὶ
2733 3009 3011 3078 κρουστέον
3037 3012 3129 3064 τήν
3163 3009 3322 3080 θύραν
3370 3018 3460 3070 τῆς
3507 3031 3764 3082 γνωσεως,
3832 3016 3879 3066 εἰ

517 3076 659 3134 dicti
687 3079 1095 3151 intelligentia,
1129 3090 1184 3140 et
1221 3087 1535 3158 pulsanda
1581 3091 1736 3146 fores
1782 3094 2062 3156 scientiae,
2119 3096 2166 3151 si

2288 3109 2382 3150 ’τως
2440 3094 2552 3161 (74)
2601 3089 2880 3152 δυνηθείην
2927 3094 3180 3171 έξνκείραι
3231 3101 3315 3149 τὸν
3349 3096 3752 3169 οἰκοδεσπότην,
3789 3107 3879 3154 τὸν

517 3182 640 3238 quo
695 3169 880 3225 modo
927 3175 1156 3244 possim
1201 3179 1699 3248 patremfamilias
1753 3184 2030 3255 excitare,
2063 3185 2168 3258 qui

518 3257 854 3346 spirituales
875 3277 1065 3332 panes
1091 3266 1432 3335 petentibus
1451 3285 1513 3324 se
1538 3270 1808 3341 largitur'
1831 3292 1843 3338 ;
1872 3257 2166 3346 :quando-

519 3344 768 3415 quidem
801 3349 979 3404 amici
1011 3357 1152 3407 sunt
1178 3355 1463 3411 etfratres
1485 3374 1642 3430 quos
1680 3344 1956 3418 convivio
2002 3364 2165 3419 exci-

518 3447 659 3504 pere
689 3449 990 3506 cupimus.

590 3527 643 3576 7.
692 3525 891 3580 Sancti
948 3527 1228 3600 discipuli
1272 3532 1600 3590 Salvatoris
1652 3538 1864 3609 nostri,
1923 3557 2060 3596 cum
2089 3540 2167 3596 ad

521 3628 827 3670 summum
878 3619 1422 3692 contemplationis,
1473 3631 1769 3696 quantum
1817 3631 2168 3687 hominibus

521 3701 612 3756 fas
657 3706 765 3772 est,
813 3708 1242 3776 pervenissent,
1285 3715 1340 3766 et
1395 3711 1924 3791 Christisermone
1947 3734 2167 3791 expur-

521 3791 644 3859 gati
691 3792 961 3860 fuissent,
1016 3796 1199 3853 ﬁnem
1248 3807 1546 3872 quaerunt,
1615 3789 1671 3859 et
1739 3789 2170 3864 beatitudinem

521 3885 852 3938 extremam
883 3900 1059 3940 nosse
1085 3884 1433 3944 desiderant
1460 3907 1473 3955 ;
1498 3891 1557 3944 id
1578 3892 1746 3963 quod
1772 3899 1827 3949 et
1858 3913 1892 3949 a
1923 3896 2046 3951 suis
2070 3912 2172 3952 an-

522 3969 670 4036 gelis
702 3975 759 4025 et
786 3987 822 4026 a
848 3975 1053 4044 seipso
1099 3977 1358 4044 ignorari
1394 3980 1680 4035 Dominus
1739 3985 2169 4053 pronuntiavit,

522 4057 684 4113 diem
706 4060 1019 4132 appellans
1050 4070 1397 4121 accuratam
1420 4083 1664 4124 omnem
1691 4087 2065 4144 eorum,quae
2097 4074 2172 4129 de

525 4149 1014 4219 Deocogitantur,
1040 4155 1650 4224 comprehensionem
1692 4179 1705 4228 ;
1766 4161 1980 4217 horam
2032 4179 2172 4219 vero

593 4334 638 4369 "
670 4335 841 4392 Joan.
876 4353 914 4408 ι,
946 4341 996 4394 3.
1077 4340 1125 4374 ⁶⁰
1158 4343 1328 4396 Marc.
1355 4359 1472 4408 xm,
1498 4347 1586 4407 32,
1666 4347 1709 4381 ⁶¹
1744 4351 1868 4403 Act.
1903 4365 1940 4416 ι,
1965 4349 2024 4404 7.

590 4534 700 4603 (69)
763 4533 1021 4617 'Aloyo;__
1058 4538 1126 4588 ὧν
1194 4537 1570 4617 ξράρηᾘύπό
1653 4551 1743 4617 τοῦ
1802 4550 1996 4617 Λόγου.
2077 4548 2168 4605 Sic

521 4604 644 4660 duo
685 4622 831 4688 mss.
877 4604 1152 4688 codices.
1200 4604 1349 4688 [Editi
1369 4611 1517 4688 ἄλλος
1549 4617 1614 4664 ὧν
1669 4614 1859 4688 ἐτράφη
1887 4604 1900 4617 ’
1927 4620 2026 4670 ὑπὸ
2075 4604 2166 4671 τοῦ

524 4682 717 4762 Λόγου.
756 4679 915 4747 Legit
964 4681 1434 4762 Qombeﬁsiusno'
1485 4679 1762 4762 Λόγος-ὦν
1800 4679 2008 4762 ’ἐτράφη
2067 4693 2166 4743 ὑπὸ

520 4756 612 4801 τοῦ
627 4747 846 4832 ῥιλόγου,
866 4751 1225 4832 ‘ac‘ltegiiim
1258 4753 1526 4832 codicem
1551 4747 1635 4832 sic
1659 4747 1879 4832 habere
1898 4747 2164 4828 testatur,

520 4819 681 4875 unde
712 4821 1014 4896 concludit
1042 4819 1124 4878 sic
1146 4841 1272 4880 esse
1298 4825 1678 4884 reddendam
1714 4847 1725 4883 :
1755 4829 1868 4896 Qui
1917 4819 2166 4889 Verbum

519 4898 686 4958 esset,
714 4905 750 4947 a
783 4892 960 4948 bruta
980 4897 1243 4951 nutritus
1263 4898 1571 4954 animante
1598 4892 1828 4956 est.Sed
1841 4902 1930 4958 vir
1955 4904 2166 4960 doctis—

521 4965 708 5039 simus
732 4964 967 5039 videtur
986 4967 1387 5036 negligentius
1412 4969 1641 5039 legisse.
1668 4975 1814 5028 Nam
1837 4975 2050 5030 eodem
2075 4993 2166 5032 co-

519 5035 649 5090 dice
689 5035 781 5089 usi
829 5052 1059 5102 sumus,
1089 5035 1198 5093 nec
1225 5045 1426 5095 tamen
1457 5035 1613 5097 lianc
1645 5043 1962 5100 lectionem
2011 5047 2070 5101 in
2098 5064 2167 5103 eo

518 5107 884 5188 invenimus.
899 5108 1607 5188 Qonﬁrmaturscriptura
1625 5130 1810 5186 quam
1835 5118 2167 5188 sequimur,

521 5179 860 5257 testimonio
892 5179 1544 5257 GregoriiNazianzeni,
1569 5179 1670 5257 qu'i
1701 5194 1852 5242 orat.
1890 5179 1955 5244 3S
2010 5179 2168 5244 Basil

518 5250 579 5305 lii
608 5250 1296 5331 vestigiis‘sic‘loquitur
1331 5261 1471 5331 :_Ka_t
1527 5250 1619 5314 rei:
1687 5261 1878 5328 φάτνην
1933 5264 2168 5331 προσκύ-

519 5341 698 5383 νησον,
747 5320 818 5375 δι’
874 5322 933 5380 ἢν
985 5320 1171 5396 ἄλογός
1220 5326 1286 5376 ὧν
1340 5326 1558 5401 ἐτράφης
1599 5320 1703 5380 ὑπό
1731 5339 1821 5381 του
1854 5320 2058 5401 Λόγουε
2093 5333 2170 5388 Εἰ

513 5395 1034 5472 ῃνεεερρεηαιίρνα,
1051 5395 1304 5472 propter
1333 5395 1512 5470 quod,
1535 5415 1668 5454 cum
1687 5395 2171 5472 rationis'expers

519 5480 684 5535 esses,
716 5482 752 5521 α
785 5467 965 5540 Verbo
979 5470 1244 5540 nutritus
1275 5467 1499 5540 εεξρειε.
1530 5475 1652 5526 623.
1702 5467 2046 5528 Combeﬁsii
2076 5476 2171 5530 iu-

518 5538 1005 5615 terpretatiohoc
1027 5538 1378 5615 etiammvitio‘
1417 5541 1674 5615 laborat,
1721 5543 1886 5615 quod
1955 5545 2174 5602 nitatur

517 5608 750 5676 vulgari
773 5609 1143 5682 opinionede
1172 5611 1403 5667 Christo
1448 5614 1600 5670 inter
1624 5608 1844 5673 bov'em
1861 5620 1917 5672 et
1935 5617 2173 5674 asinum

2276 3184 2396 3241 τοὺς
2425 3187 2802 3253 πνευματικοὺς
2825 3190 3017 3258 ἄρτους
3061 3183 3284 3252 διδόντα
3334 3195 3445 3249 τοῖς
3493 3188 3730 3242 αἰτοῦσιν
3785 3193 3882 3243 ait}.

2276 3272 2382 3336 τὸν,
2445 3267 2623 3329 ἐπειδὴ
2676 3271 2814 3343 φίλοι
2856 3278 2939 3326 κοί
3001 3271 3215 3347 ἀδελφοί
3272 3277 3425 3345 εἰσιν,
3479 3277 3569 3341 οὓς
3631 3279 3881 3332 ἑστιᾶσαι

2280 3357 2673 3433 σπουδάζομεν,

2348 3543 2404 3595 7.
2436 3541 2502 3590 Oi
2562 3540 2704 3610 οἶγιοι
2755 3542 2988 3613 μαθηταὶ
3051 3550 3142 3594 τοῦ
3191 3551 3422 3619 Σωτῆρος
3469 3547 3613 3618 ἡμῶν
3644 3547 3887 3602 ἐπέκεινα

2281 3628 2516 3701 θεωρίας,
2576 3630 2645 3688 ὡς
2693 3631 2765 3680 ἔνι
2823 3627 3132 3702 ἀνθρώποις,
3188 3631 3428 3700 ἐλθόντες,
3515 3640 3603 3686 καὶ
3681 3639 3882 3713 καθαρ-

2283 3717 2443 3775 θέντες
2470 3714 2569 3767 ἀπό
2599 3725 2690 3768 τοῦ
2722 3717 2876 3789 λόγου
2909 3721 3034 3790 (75),
3086 3724 3142 3772 τὸ
3203 3722 3338 3783 τέλος
3395 3722 3727 3790 ἐπιζητοῦσι,
3787 3733 3882 3779 καὶ

2280 3810 2372 3862 την
2421 3805 2656 3878 ἐσχάτην
2731 3814 3094 3882 μακαριότητα
3147 3820 3338 3882 γνῶναι
3402 3816 3677 3880 ποθοῦσιν,
3749 3817 3881 3892 ὅπερ

2283 3893 2476 3966 ἀγνοεῖν
2534 3902 2622 3948 καὶ
2670 3903 2784 3957 τοὺς
2829 3897 3076 3968 ἀγγέλους
3129 3901 3293 3971 αὐτοῦ,
3348 3903 3661 3955 καὶαυτὸνό
3691 3907 3886 3977 Κύριος

2283 3985 2426 4055 ἡμῶν
2487 3983 2798 4057 ἀπεφήνατοο
2845 3990 3040 4061 ἡμέραν
3082 3989 3198 4056 (76)
3249 3994 3340 4062 μεν
3397 3991 3554 4062 λέγων
3585 3998 3758 4044 πᾶσαν
3790 3998 3884 4052 τὴν

2283 4074 2470 4147 ἀκριϐῆ
2525 4076 2820 4147 κατάληψιν
2868 4088 2966 4130 τῶν
3013 4079 3246 4131 ἐπινοιῶν
3289 4079 3380 4132 τοῦ
3439 4089 3594 4134 Θεοῡο
3647 4085 3786 4154 ὤραν
3821 4081 3888 4137 δί

2284 4169 2376 4223 τὴν
2407 4162 2590 4227 ἐνάδος
2617 4170 2702 4218 καὶ
2727 4164 2956 4238 μονάδος
2988 4170 3223 4243 θεωρίαν,
3251 4171 3318 4220 ὧν
3363 4175 3456 4230 τὴν
3484 4168 3690 4229 εἴδησιν
3735 4178 3888 4244 μόνῳ

3879 4271 3904 4285 Ο

2279 4553 2440 4624 nota,
2473 4563 2608 4620 quae
2635 4549 2909 4624 nondum
2941 4549 3160 4624 saeculo
3190 4556 3402 4623 quarto
3433 4551 3760 4624 prodierat.
3818 4560 3893 4612 ut

2277 4620 3063 4676 demonstrat'l‘illemontius
3076 4620 3361 4677 adversus
3377 4620 3590 4679 Baroni
3602 4629 3887 4690 um,tom.

2279 4697 2320 4749 Ι.
2351 4708 2413 4749 n.
2455 4695 2577 4745 447.

2307 4738 2320 4760 ’
2611 4764 2802 4835 ἰατρόν.
2837 4764 3060 4837 Eodem
3101 4766 3376 4837 exemplo
3402 4781 3471 4820 ac
3502 4765 3717 4821 iisdem
3760 4783 3894 4822 ver-

2278 4835 2369 4890 bis
2398 4835 2604 4890 refellit
2624 4836 2942 4903 Gregorius
2964 4835 3367 4892 Nazianzenus
3388 4838 3661 4892 inimicos
3687 4842 3897 4894 lncar-

2278 4907 2538 4962 nationis
2569 4908 2628 4960 in
2660 4909 2930 4961 oratione
2962 4908 3144 4962 modo
3167 4911 3348 4964 citata
3370 4924 3432 4979 p.
3467 4913 3563 4963 621

2350 4979 2464 5048 (71)
2525 4981 2865 5060 Πεπονθόταςὶ.
2927 4981 3018 5036 Sic
3296 4981 3445 5060 Eillll
3522 4984 3894 5060 πεπτωκότας,

2283 5049 2461 5120 Paulo
2486 5055 2621 5119 post
2647 5065 2715 5103 ex
2748 5050 2960 5104 iisdem
2994 5051 3304 5105 codicibus
3331 5051 3586 5120 legimus
3641 5049 3897 5106 λανθάνει

2281 5127 2336 5175 et
2363 5117 2437 5172 δι’
2487 5117 2670 5181 αὐτῆς.
2722 5121 2867 5174 Ediit
2899 5120 3135 5174 ἐλάνθανε
3175 5129 3230 5176 et
3262 5119 3334 5174 δι’
3396 5117 3572 5174 αὐτοῦ.

2354 5195 2471 5262 (72)
2514 5199 2899 5270 Ιῐροσποιητῆς.
2924 5193 3016 5270 Sic
3049 5194 3382 5270 [ηεξ-Διξάἱῇ
3432 5203 3900 5270 προσποιητικῆς,

2355 5268 2468 5339 (73)
2511 5265 2777 5339 ΕίρῖόσθωΣ
2820 5265 2930 5318 Sic.
2965 5267 3102 5333 Reg.
3140 5265 3580 5339 Editi_cipﬁaOm.

2354 5335 2462 5403 (74‘
2511 5335 2725 5394 E17770);
2763 5336 2904 5401 Reg.
2948 5339 2992 5386 εἴ
3019 5356 3138 5390 που.
3177 5336 3329 5390 Harl.
3360 5335 3409 5388 ἐἶ
3439 5355 3533 5393 πη,

2355 5406 2465 5473 (75)
2505 5404 2632 5456 Ἀπὸ
2661 5412 2750 5455 τοῦ
2772 5404 2946 5475 λόγου.
2983 5408 3234 5478 Respicit
3287 5408 3363 5462 ad
3409 5406 3620 5461 Christi
3672 5406 3897 5477 verba,

2281 5475 2451 5530 Joan.
2479 5492 2578 5532 xv.
2611 5480 2640 5529 3
2667 5492 2679 5528 :
2711 5479 2846 5531 Jnm
2871 5493 2969 5532 vos
3001 5475 3213 5532 mundi
3239 5481 3376 5534 estis
3399 5487 3644 5548 propter
3666 5475 3906 5536 sermo;

2282 5563 2414 5602 nem
2445 5562 2614 5618 quem
2639 5549 2868 5603 locutus
2896 5565 3022 5604 sum
3057 5551 3237 5605 vobis.

2359 5621 2475 5691 (76)
2512 5618 2757 5692 Ἡμέραν.
2801 5620 2892 5676 Sic
2920 5637 3061 5675 mss.
3098 5621 3247 5677 Ediil
3277 5623 3492 5696 ἡμέρας.
