  <div class='ocr_page' id='page_1' title='image "/cluster/home/n/w/nwhite01/storage/ocr_20150623/32/hvd.32044048207401/135.png"; bbox 0 0 4102 6194; ppageno 0'>
   <div class='ocr_carea' id='block_1_1' title="bbox 473 299 579 357">
    <p class='ocr_par' dir='ltr' id='par_1_1' title="bbox 473 299 579 357">
     <span class='ocr_line' id='line_1_1' title="bbox 473 299 579 357; baseline -0.019 0"><span class='ocrx_word' id='word_1_1' title='bbox 473 299 579 357; x_wconf 83' lang='grc'>259</span> 
     </span>
    </p>
   </div>
   <div class='ocr_carea' id='block_1_2' title="bbox 1846 284 2447 353">
    <p class='ocr_par' dir='ltr' id='par_1_2' title="bbox 1846 284 2447 353">
     <span class='ocr_line' id='line_1_2' title="bbox 1846 284 2447 353; baseline -0.002 -2"><span class='ocrx_word' id='word_1_2' title='bbox 1846 294 1902 351; x_wconf 82' lang='grc'>8.</span> <span class='ocrx_word' id='word_1_3' title='bbox 1947 294 2198 351; x_wconf 77' lang='lat' dir='ltr'>BASlLlI</span> <span class='ocrx_word' id='word_1_4' title='bbox 2216 284 2447 353; x_wconf 39' lang='lat' dir='ltr'>&#39;MAGNI</span> 
     </span>
    </p>
   </div>
   <div class='ocr_carea' id='block_1_3' title="bbox 3739 296 3848 350">
    <p class='ocr_par' dir='ltr' id='par_1_3' title="bbox 3739 296 3848 350">
     <span class='ocr_line' id='line_1_3' title="bbox 3739 296 3848 350; baseline 0 0"><span class='ocrx_word' id='word_1_5' title='bbox 3739 296 3848 350; x_wconf 82' lang='lat'>260</span> 
     </span>
    </p>
   </div>
   <div class='ocr_carea' id='block_1_4' title="bbox 474 410 2141 491">
    <p class='ocr_par' dir='ltr' id='par_1_4' title="bbox 474 410 2133 481">
     <span class='ocr_line' id='line_1_4' title="bbox 474 410 2133 481; baseline -0.005 0"><span class='ocrx_word' id='word_1_6' title='bbox 474 424 708 481; x_wconf 90' lang='lat' dir='ltr'>nudam</span> <span class='ocrx_word' id='word_1_7' title='bbox 737 421 1111 479; x_wconf 84' lang='lat' dir='ltr'>divinitatem</span> <span class='ocrx_word' id='word_1_8' title='bbox 1158 421 1466 479; x_wconf 83' lang='lat' dir='ltr'>accedere.</span> <span class='ocrx_word' id='word_1_9' title='bbox 1508 423 1570 476; x_wconf 87' lang='lat' dir='ltr'>In</span> <span class='ocrx_word' id='word_1_10' title='bbox 1620 418 1901 475; x_wconf 85' lang='lat' dir='ltr'>eamdem</span> <span class='ocrx_word' id='word_1_11' title='bbox 1932 410 2133 475; x_wconf 89' lang='lat' dir='ltr'>autem</span> 
     </span>
    </p>
   </div>
   <div class='ocr_carea' id='block_1_5' title="bbox 2256 410 3849 491">
    <p class='ocr_par' dir='ltr' id='par_1_5' title="bbox 2256 411 3849 491">
     <span class='ocr_line' id='line_1_5' title="bbox 2256 411 3849 491; baseline 0 -19"><span class='ocrx_word' id='word_1_12' title='bbox 2256 420 2354 472; x_wconf 66' lang='grc' dir='ltr'>Οὐκ</span> <span class='ocrx_word' id='word_1_13' title='bbox 2421 423 2565 472; x_wconf 82' lang='grc' dir='ltr'>ἔστιν</span> <span class='ocrx_word' id='word_1_14' title='bbox 2622 417 2742 490; x_wconf 79' lang='grc' dir='ltr'>έμόν</span> <span class='ocrx_word' id='word_1_15' title='bbox 2797 411 3001 487; x_wconf 81' lang='grc' dir='ltr'>δοῦναι,</span> <span class='ocrx_word' id='word_1_16' title='bbox 3066 415 3171 469; x_wconf 80' lang='grc' dir='ltr'>ἀλλ’</span> <span class='ocrx_word' id='word_1_17' title='bbox 3243 418 3315 478; x_wconf 82' lang='grc' dir='ltr'>οἷς</span> <span class='ocrx_word' id='word_1_18' title='bbox 3376 419 3697 491; x_wconf 74' lang='grc' dir='ltr'>ἡτοίμασται</span> <span class='ocrx_word' id='word_1_19' title='bbox 3746 421 3849 472; x_wconf 81' lang='grc' dir='ltr'>ὑπὸ</span> 
     </span>
    </p>
   </div>
   <div class='ocr_carea' id='block_1_6' title="bbox 475 507 2137 570">
    <p class='ocr_par' dir='ltr' id='par_1_6' title="bbox 475 507 2137 570">
     <span class='ocr_line' id='line_1_6' title="bbox 475 507 2137 570; baseline -0.004 -1"><span class='ocrx_word' id='word_1_20' title='bbox 475 513 735 570; x_wconf 80' lang='lat' dir='ltr'>arbitror</span> <span class='ocrx_word' id='word_1_21' title='bbox 760 512 1115 568; x_wconf 89' lang='lat' dir='ltr'>sententiam</span> <span class='ocrx_word' id='word_1_22' title='bbox 1164 511 1389 565; x_wconf 91' lang='lat' dir='ltr'>dictum</span> <span class='ocrx_word' id='word_1_23' title='bbox 1422 509 1604 565; x_wconf 90' lang='lat' dir='ltr'>fuisse</span> <span class='ocrx_word' id='word_1_24' title='bbox 1631 512 1688 564; x_wconf 89' lang='lat' dir='ltr'>et</span> <span class='ocrx_word' id='word_1_25' title='bbox 1715 507 1862 563; x_wconf 89' lang='lat' dir='ltr'>illud</span> <span class='ocrx_word' id='word_1_26' title='bbox 1895 525 1907 562; x_wconf 90' lang='lat'><strong>:</strong></span> <span class='ocrx_word' id='word_1_27' title='bbox 1949 508 2137 565; x_wconf 84' lang='lat' dir='ltr'>Pater</span> 
     </span>
    </p>
   </div>
   <div class='ocr_carea' id='block_1_7' title="bbox 473 598 2133 672">
    <p class='ocr_par' dir='ltr' id='par_1_7' title="bbox 473 598 2133 672">
     <span class='ocr_line' id='line_1_7' title="bbox 473 598 2133 672; baseline -0.003 -14"><span class='ocrx_word' id='word_1_28' title='bbox 473 604 673 672; x_wconf 87' lang='lat' dir='ltr'>major</span> <span class='ocrx_word' id='word_1_29' title='bbox 708 616 799 657; x_wconf 87' lang='lat' dir='ltr'>me</span> <span class='ocrx_word' id='word_1_30' title='bbox 816 608 899 657; x_wconf 87' lang='lat' dir='ltr'>est</span> <span class='ocrx_word' id='word_1_31' title='bbox 925 603 972 636; x_wconf 78' lang='grc'>⁸⁵</span> <span class='ocrx_word' id='word_1_32' title='bbox 999 619 1011 656; x_wconf 90' lang='lat'><strong>:</strong></span> <span class='ocrx_word' id='word_1_33' title='bbox 1035 600 1183 655; x_wconf 90' lang='lat' dir='ltr'>illud</span> <span class='ocrx_word' id='word_1_34' title='bbox 1209 599 1434 665; x_wconf 89' lang='lat' dir='ltr'>itidem,</span> <span class='ocrx_word' id='word_1_35' title='bbox 1462 600 1599 655; x_wconf 91' lang='lat' dir='ltr'>Non</span> <span class='ocrx_word' id='word_1_36' title='bbox 1637 604 1719 654; x_wconf 87' lang='lat' dir='ltr'>est</span> <span class='ocrx_word' id='word_1_37' title='bbox 1745 613 1937 653; x_wconf 89' lang='lat' dir='ltr'>meum</span> <span class='ocrx_word' id='word_1_38' title='bbox 1966 598 2133 665; x_wconf 81' lang='lat' dir='ltr'>dare,</span> 
     </span>
    </p>
   </div>
   <div class='ocr_carea' id='block_1_8' title="bbox 473 685 2138 760">
    <p class='ocr_par' dir='ltr' id='par_1_8' title="bbox 473 685 2138 760">
     <span class='ocr_line' id='line_1_8' title="bbox 473 685 2138 760; baseline -0.004 -13"><span class='ocrx_word' id='word_1_39' title='bbox 473 691 577 747; x_wconf 82' lang='lat' dir='ltr'>sed</span> <span class='ocrx_word' id='word_1_40' title='bbox 603 690 816 760; x_wconf 84' lang='lat' dir='ltr'>quibus</span> <span class='ocrx_word' id='word_1_41' title='bbox 847 696 1138 759; x_wconf 79' lang='lat' dir='ltr'>paratum</span> <span class='ocrx_word' id='word_1_42' title='bbox 1185 694 1269 744; x_wconf 86' lang='lat' dir='ltr'>est</span> <span class='ocrx_word' id='word_1_43' title='bbox 1300 704 1337 744; x_wconf 90' lang='lat' dir='ltr'>a</span> <span class='ocrx_word' id='word_1_44' title='bbox 1390 690 1574 743; x_wconf 81' lang='lat' dir='ltr'>Patre</span> <span class='ocrx_word' id='word_1_45' title='bbox 1600 688 1667 741; x_wconf 71' lang='grc' dir='ltr'>σε.</span> <span class='ocrx_word' id='word_1_46' title='bbox 1706 689 1823 741; x_wconf 84' lang='lat' dir='ltr'>Hoc</span> <span class='ocrx_word' id='word_1_47' title='bbox 1856 685 2016 740; x_wconf 89' lang='lat' dir='ltr'>enim</span> <span class='ocrx_word' id='word_1_48' title='bbox 2050 690 2138 741; x_wconf 90' lang='lat' dir='ltr'>est</span> 
     </span>
    </p>
   </div>
   <div class='ocr_carea' id='block_1_9' title="bbox 472 775 2137 852">
    <p class='ocr_par' dir='ltr' id='par_1_9' title="bbox 472 775 2137 852">
     <span class='ocr_line' id='line_1_9' title="bbox 472 775 2137 852; baseline -0.003 -17"><span class='ocrx_word' id='word_1_49' title='bbox 472 778 640 852; x_wconf 89' lang='lat' dir='ltr'>quod</span> <span class='ocrx_word' id='word_1_50' title='bbox 671 786 725 834; x_wconf 89' lang='lat' dir='ltr'>et</span> <span class='ocrx_word' id='word_1_51' title='bbox 750 779 1017 834; x_wconf 89' lang='lat' dir='ltr'>Christus</span> <span class='ocrx_word' id='word_1_52' title='bbox 1064 793 1319 847; x_wconf 80' lang='lat' dir='ltr'>regnum</span> <span class='ocrx_word' id='word_1_53' title='bbox 1368 776 1600 831; x_wconf 79' lang='lat' dir='ltr'>tradere</span> <span class='ocrx_word' id='word_1_54' title='bbox 1651 775 1869 830; x_wconf 90' lang='lat' dir='ltr'>dicitur</span> <span class='ocrx_word' id='word_1_55' title='bbox 1916 777 2034 829; x_wconf 90' lang='lat' dir='ltr'>Deo</span> <span class='ocrx_word' id='word_1_56' title='bbox 2083 779 2137 830; x_wconf 84' lang='lat' dir='ltr'>et</span> 
     </span>
    </p>
   </div>
   <div class='ocr_carea' id='block_1_10' title="bbox 480 863 2136 938">
    <p class='ocr_par' dir='ltr' id='par_1_10' title="bbox 480 863 2136 938">
     <span class='ocr_line' id='line_1_10' title="bbox 480 863 2136 938; baseline -0.003 -16"><span class='ocrx_word' id='word_1_57' title='bbox 480 868 634 925; x_wconf 82' lang='lat' dir='ltr'>Patri</span> <span class='ocrx_word' id='word_1_58' title='bbox 660 869 704 903; x_wconf 78' lang='grc'>⁸⁷</span> <span class='ocrx_word' id='word_1_59' title='bbox 734 886 746 935; x_wconf 91' lang='grc'>;</span> <span class='ocrx_word' id='word_1_60' title='bbox 780 883 918 922; x_wconf 90' lang='lat' dir='ltr'>cum</span> <span class='ocrx_word' id='word_1_61' title='bbox 950 866 1248 938; x_wconf 67' lang='lat' dir='ltr'>primitim,</span> <span class='ocrx_word' id='word_1_62' title='bbox 1290 881 1417 921; x_wconf 90' lang='lat' dir='ltr'>non</span> <span class='ocrx_word' id='word_1_63' title='bbox 1465 864 1604 919; x_wconf 88' lang='lat' dir='ltr'>finis</span> <span class='ocrx_word' id='word_1_64' title='bbox 1655 864 1746 932; x_wconf 89' lang='lat' dir='ltr'>sit,</span> <span class='ocrx_word' id='word_1_65' title='bbox 1797 863 2136 918; x_wconf 91' lang='lat' dir='ltr'>secundum</span> 
     </span>
    </p>
   </div>
   <div class='ocr_carea' id='block_1_11' title="bbox 474 950 2136 1023">
    <p class='ocr_par' dir='ltr' id='par_1_11' title="bbox 474 950 2136 1023">
     <span class='ocr_line' id='line_1_11' title="bbox 474 950 2136 1023; baseline -0.004 -10"><span class='ocrx_word' id='word_1_66' title='bbox 474 958 801 1017; x_wconf 89' lang='lat' dir='ltr'>rudiorem,</span> <span class='ocrx_word' id='word_1_67' title='bbox 859 960 923 1010; x_wconf 92' lang='lat' dir='ltr'>ut</span> <span class='ocrx_word' id='word_1_68' title='bbox 972 954 1117 1019; x_wconf 81' lang='lat' dir='ltr'>dixi,</span> <span class='ocrx_word' id='word_1_69' title='bbox 1180 954 1543 1019; x_wconf 83' lang='lat' dir='ltr'>doctrinam,</span> <span class='ocrx_word' id='word_1_70' title='bbox 1598 968 1735 1023; x_wconf 79' lang='lat' dir='ltr'>quae</span> <span class='ocrx_word' id='word_1_71' title='bbox 1786 950 1975 1006; x_wconf 84' lang='lat' dir='ltr'>nostri</span> <span class='ocrx_word' id='word_1_72' title='bbox 2014 966 2136 1007; x_wconf 90' lang='lat' dir='ltr'>nou</span> 
     </span>
    </p>
   </div>
   <div class='ocr_carea' id='block_1_12' title="bbox 474 1040 2138 1117">
    <p class='ocr_par' dir='ltr' id='par_1_12' title="bbox 474 1040 2138 1117">
     <span class='ocr_line' id='line_1_12' title="bbox 474 1040 2138 1117; baseline -0.004 -16"><span class='ocrx_word' id='word_1_73' title='bbox 474 1046 663 1117; x_wconf 90' lang='lat' dir='ltr'>ipsius</span> <span class='ocrx_word' id='word_1_74' title='bbox 700 1045 826 1100; x_wconf 89' lang='lat' dir='ltr'>Filii</span> <span class='ocrx_word' id='word_1_75' title='bbox 859 1049 1138 1117; x_wconf 86' lang='lat' dir='ltr'>respectu</span> <span class='ocrx_word' id='word_1_76' title='bbox 1160 1043 1530 1112; x_wconf 87' lang='lat' dir='ltr'>intelligitur.</span> <span class='ocrx_word' id='word_1_77' title='bbox 1563 1041 1732 1107; x_wconf 88' lang='lat' dir='ltr'>Quod</span> <span class='ocrx_word' id='word_1_78' title='bbox 1767 1045 1968 1096; x_wconf 90' lang='lat' dir='ltr'>autem</span> <span class='ocrx_word' id='word_1_79' title='bbox 2006 1040 2138 1096; x_wconf 68' lang='lat' dir='ltr'>haec</span> 
     </span>
    </p>
   </div>
   <div class='ocr_carea' id='block_1_13' title="bbox 473 1129 2134 1203">
    <p class='ocr_par' dir='ltr' id='par_1_13' title="bbox 473 1129 2134 1203">
     <span class='ocr_line' id='line_1_13' title="bbox 473 1129 2134 1203; baseline -0.004 -12"><span class='ocrx_word' id='word_1_80' title='bbox 473 1136 557 1191; x_wconf 90' lang='lat' dir='ltr'>ita</span> <span class='ocrx_word' id='word_1_81' title='bbox 588 1152 650 1191; x_wconf 91' lang='lat' dir='ltr'>se</span> <span class='ocrx_word' id='word_1_82' title='bbox 676 1134 923 1203; x_wconf 85' lang='lat' dir='ltr'>habent,</span> <span class='ocrx_word' id='word_1_83' title='bbox 956 1150 1163 1189; x_wconf 83' lang='lat' dir='ltr'>rursus</span> <span class='ocrx_word' id='word_1_84' title='bbox 1204 1130 1518 1203; x_wconf 82' lang='lat' dir='ltr'>discipulis</span> <span class='ocrx_word' id='word_1_85' title='bbox 1545 1132 1605 1186; x_wconf 91' lang='lat' dir='ltr'>in</span> <span class='ocrx_word' id='word_1_86' title='bbox 1637 1129 1793 1186; x_wconf 83' lang='lat' dir='ltr'>Actis</span> <span class='ocrx_word' id='word_1_87' title='bbox 1830 1129 2134 1203; x_wconf 87' lang='lat' dir='ltr'>apostolo-</span> 
     </span>
    </p>
   </div>
   <div class='ocr_carea' id='block_1_14' title="bbox 472 1220 2135 1292">
    <p class='ocr_par' dir='ltr' id='par_1_14' title="bbox 472 1220 2135 1292">
     <span class='ocr_line' id='line_1_14' title="bbox 472 1220 2135 1292; baseline -0.004 -12"><span class='ocrx_word' id='word_1_88' title='bbox 472 1240 609 1281; x_wconf 91' lang='lat' dir='ltr'>rum</span> <span class='ocrx_word' id='word_1_89' title='bbox 670 1222 1199 1292; x_wconf 82' lang='lat' dir='ltr'>interrogantibus.</span> <span class='ocrx_word' id='word_1_90' title='bbox 1260 1220 1510 1288; x_wconf 79' lang='lat' dir='ltr'>Quando</span> <span class='ocrx_word' id='word_1_91' title='bbox 1556 1221 1832 1275; x_wconf 78' lang='lat' dir='ltr'>restitues</span> <span class='ocrx_word' id='word_1_92' title='bbox 1884 1235 2135 1289; x_wconf 84' lang='lat' dir='ltr'>regnum</span> 
     </span>
    </p>
   </div>
   <div class='ocr_carea' id='block_1_15' title="bbox 475 1311 2137 1384">
    <p class='ocr_par' dir='ltr' id='par_1_15' title="bbox 475 1311 2137 1384">
     <span class='ocr_line' id='line_1_15' title="bbox 475 1311 2137 1384; baseline -0.003 -16"><span class='ocrx_word' id='word_1_93' title='bbox 475 1314 691 1380; x_wconf 82' lang='lat' dir='ltr'>Israel,</span> <span class='ocrx_word' id='word_1_94' title='bbox 719 1311 1053 1384; x_wconf 89' lang='lat' dir='ltr'>respondit,</span> <span class='ocrx_word' id='word_1_95' title='bbox 1084 1312 1217 1365; x_wconf 88' lang='lat' dir='ltr'>Non</span> <span class='ocrx_word' id='word_1_96' title='bbox 1250 1314 1333 1365; x_wconf 83' lang='lat' dir='ltr'>est</span> <span class='ocrx_word' id='word_1_97' title='bbox 1364 1314 1625 1365; x_wconf 87' lang='lat' dir='ltr'>vestrum</span> <span class='ocrx_word' id='word_1_98' title='bbox 1657 1324 1828 1364; x_wconf 87' lang='lat' dir='ltr'>nosse</span> <span class='ocrx_word' id='word_1_99' title='bbox 1867 1315 2137 1377; x_wconf 87' lang='lat' dir='ltr'>tempora</span> 
     </span>
    </p>
   </div>
   <div class='ocr_carea' id='block_1_16' title="bbox 474 1397 2136 1469">
    <p class='ocr_par' dir='ltr' id='par_1_16' title="bbox 474 1397 2136 1469">
     <span class='ocr_line' id='line_1_16' title="bbox 474 1397 2136 1469; baseline -0.003 -12"><span class='ocrx_word' id='word_1_100' title='bbox 474 1402 570 1457; x_wconf 83' lang='lat' dir='ltr'>vel</span> <span class='ocrx_word' id='word_1_101' title='bbox 593 1406 911 1465; x_wconf 89' lang='lat' dir='ltr'>momenta,</span> <span class='ocrx_word' id='word_1_102' title='bbox 942 1414 1073 1469; x_wconf 67' lang='lat' dir='ltr'>quae</span> <span class='ocrx_word' id='word_1_103' title='bbox 1100 1400 1286 1454; x_wconf 66' lang='lat' dir='ltr'>Pater</span> <span class='ocrx_word' id='word_1_104' title='bbox 1328 1399 1527 1466; x_wconf 82' lang='lat' dir='ltr'>posuit</span> <span class='ocrx_word' id='word_1_105' title='bbox 1570 1399 1633 1452; x_wconf 84' lang='lat' dir='ltr'>in</span> <span class='ocrx_word' id='word_1_106' title='bbox 1681 1397 1939 1466; x_wconf 81' lang='lat' dir='ltr'>propria</span> <span class='ocrx_word' id='word_1_107' title='bbox 1968 1402 2136 1465; x_wconf 83' lang='lat' dir='ltr'>pote-</span> 
     </span>
    </p>
   </div>
   <div class='ocr_carea' id='block_1_17' title="bbox 473 1486 2138 1558">
    <p class='ocr_par' dir='ltr' id='par_1_17' title="bbox 473 1486 2138 1558">
     <span class='ocr_line' id='line_1_17' title="bbox 473 1486 2138 1558; baseline -0.003 -13"><span class='ocrx_word' id='word_1_108' title='bbox 473 1489 716 1546; x_wconf 74' lang='lat' dir='ltr'>state”.</span> <span class='ocrx_word' id='word_1_109' title='bbox 775 1491 895 1543; x_wconf 85' lang='lat' dir='ltr'>Hoc</span> <span class='ocrx_word' id='word_1_110' title='bbox 944 1494 1053 1555; x_wconf 89' lang='lat' dir='ltr'>est,</span> <span class='ocrx_word' id='word_1_111' title='bbox 1108 1503 1229 1542; x_wconf 91' lang='lat' dir='ltr'>non</span> <span class='ocrx_word' id='word_1_112' title='bbox 1285 1502 1493 1541; x_wconf 92' lang='lat' dir='ltr'>eorum</span> <span class='ocrx_word' id='word_1_113' title='bbox 1543 1491 1655 1557; x_wconf 86' lang='lat' dir='ltr'>est,</span> <span class='ocrx_word' id='word_1_114' title='bbox 1714 1486 1819 1558; x_wconf 86' lang='lat' dir='ltr'>qui</span> <span class='ocrx_word' id='word_1_115' title='bbox 1867 1486 2035 1540; x_wconf 89' lang='lat' dir='ltr'>carni</span> <span class='ocrx_word' id='word_1_116' title='bbox 2079 1488 2138 1540; x_wconf 86' lang='lat' dir='ltr'>et</span> 
     </span>
    </p>
   </div>
   <div class='ocr_carea' id='block_1_18' title="bbox 472 1573 2136 1646">
    <p class='ocr_par' dir='ltr' id='par_1_18' title="bbox 472 1573 2136 1646">
     <span class='ocr_line' id='line_1_18' title="bbox 472 1573 2136 1646; baseline -0.004 -13"><span class='ocrx_word' id='word_1_117' title='bbox 472 1578 752 1646; x_wconf 79' lang='lat' dir='ltr'>sanguini</span> <span class='ocrx_word' id='word_1_118' title='bbox 800 1576 1011 1646; x_wconf 83' lang='lat' dir='ltr'>illigati</span> <span class='ocrx_word' id='word_1_119' title='bbox 1042 1580 1198 1644; x_wconf 80' lang='lat' dir='ltr'>sunt,</span> <span class='ocrx_word' id='word_1_120' title='bbox 1248 1575 1383 1631; x_wconf 89' lang='lat' dir='ltr'>talis</span> <span class='ocrx_word' id='word_1_121' title='bbox 1413 1576 1582 1645; x_wconf 83' lang='lat' dir='ltr'>regni</span> <span class='ocrx_word' id='word_1_122' title='bbox 1615 1574 1898 1644; x_wconf 86' lang='lat' dir='ltr'>cognitio.</span> <span class='ocrx_word' id='word_1_123' title='bbox 1934 1573 2136 1629; x_wconf 87' lang='lat' dir='ltr'>Posuit</span> 
     </span>
    </p>
   </div>
   <div class='ocr_carea' id='block_1_19' title="bbox 473 1662 2140 1737">
    <p class='ocr_par' dir='ltr' id='par_1_19' title="bbox 473 1662 2140 1737">
     <span class='ocr_line' id='line_1_19' title="bbox 473 1662 2140 1737; baseline -0.004 -14"><span class='ocrx_word' id='word_1_124' title='bbox 473 1668 635 1723; x_wconf 91' lang='lat' dir='ltr'>enim</span> <span class='ocrx_word' id='word_1_125' title='bbox 696 1670 867 1721; x_wconf 88' lang='lat' dir='ltr'>Pater</span> <span class='ocrx_word' id='word_1_126' title='bbox 912 1664 1485 1737; x_wconf 84' lang='lat' dir='ltr'>contemplationem</span> <span class='ocrx_word' id='word_1_127' title='bbox 1540 1665 1719 1719; x_wconf 90' lang='lat' dir='ltr'>istam</span> <span class='ocrx_word' id='word_1_128' title='bbox 1770 1664 1829 1718; x_wconf 91' lang='lat' dir='ltr'>in</span> <span class='ocrx_word' id='word_1_129' title='bbox 1889 1662 2140 1735; x_wconf 90' lang='lat' dir='ltr'>propria</span> 
     </span>
    </p>
   </div>
   <div class='ocr_carea' id='block_1_20' title="bbox 471 1763 820 1831">
    <p class='ocr_par' dir='ltr' id='par_1_20' title="bbox 471 1763 820 1831">
     <span class='ocr_line' id='line_1_20' title="bbox 471 1763 820 1831; baseline -0.009 -16"><span class='ocrx_word' id='word_1_130' title='bbox 471 1763 769 1831; x_wconf 83' lang='lat' dir='ltr'>potestate</span> <span class='ocrx_word' id='word_1_131' title='bbox 808 1773 820 1812; x_wconf 90' lang='lat'><strong>:</strong></span> 
     </span>
    </p>
   </div>
   <div class='ocr_carea' id='block_1_21' title="bbox 476 1845 2138 1919">
    <p class='ocr_par' dir='ltr' id='par_1_21' title="bbox 476 1845 2138 1919">
     <span class='ocr_line' id='line_1_21' title="bbox 476 1845 2138 1919; baseline -0.003 -16"><span class='ocrx_word' id='word_1_132' title='bbox 476 1852 616 1903; x_wconf 85' lang='lat' dir='ltr'>sunt</span> <span class='ocrx_word' id='word_1_133' title='bbox 673 1850 1009 1919; x_wconf 85' lang='lat' dir='ltr'>potestate;</span> <span class='ocrx_word' id='word_1_134' title='bbox 1070 1845 1350 1917; x_wconf 89' lang='lat' dir='ltr'>proprios</span> <span class='ocrx_word' id='word_1_135' title='bbox 1400 1861 1542 1900; x_wconf 91' lang='lat' dir='ltr'>vero</span> <span class='ocrx_word' id='word_1_136' title='bbox 1573 1860 1696 1907; x_wconf 91' lang='lat' dir='ltr'>eos,</span> <span class='ocrx_word' id='word_1_137' title='bbox 1729 1860 1884 1916; x_wconf 90' lang='lat' dir='ltr'>quos</span> <span class='ocrx_word' id='word_1_138' title='bbox 1936 1859 2138 1898; x_wconf 91' lang='lat' dir='ltr'>rerum</span> 
     </span>
    </p>
   </div>
   <div class='ocr_carea' id='block_1_22' title="bbox 472 1932 2145 2004">
    <p class='ocr_par' dir='ltr' id='par_1_22' title="bbox 472 1932 2145 2004">
     <span class='ocr_line' id='line_1_22' title="bbox 472 1932 2145 2004; baseline -0.002 -13"><span class='ocrx_word' id='word_1_139' title='bbox 472 1936 825 1992; x_wconf 86' lang='lat' dir='ltr'>inferiorum</span> <span class='ocrx_word' id='word_1_140' title='bbox 870 1935 1170 2004; x_wconf 88' lang='lat' dir='ltr'>ignoratio</span> <span class='ocrx_word' id='word_1_141' title='bbox 1222 1950 1344 1989; x_wconf 91' lang='lat' dir='ltr'>non</span> <span class='ocrx_word' id='word_1_142' title='bbox 1386 1938 1562 1989; x_wconf 84' lang='lat' dir='ltr'>tenet.</span> <span class='ocrx_word' id='word_1_143' title='bbox 1596 1932 1787 1988; x_wconf 87' lang='lat' dir='ltr'>Nolim</span> <span class='ocrx_word' id='word_1_144' title='bbox 1818 1936 2021 1988; x_wconf 91' lang='lat' dir='ltr'>autem</span> <span class='ocrx_word' id='word_1_145' title='bbox 2058 1933 2145 1987; x_wconf 87' lang='lat' dir='ltr'>in-</span> 
     </span>
    </p>
   </div>
   <div class='ocr_carea' id='block_1_23' title="bbox 475 2022 2145 2097">
    <p class='ocr_par' dir='ltr' id='par_1_23' title="bbox 475 2022 2145 2097">
     <span class='ocr_line' id='line_1_23' title="bbox 475 2022 2145 2097; baseline -0.003 -16"><span class='ocrx_word' id='word_1_146' title='bbox 475 2026 707 2096; x_wconf 88' lang='lat' dir='ltr'>telligas</span> <span class='ocrx_word' id='word_1_147' title='bbox 737 2030 1011 2097; x_wconf 92' lang='lat' dir='ltr'>tempora</span> <span class='ocrx_word' id='word_1_148' title='bbox 1043 2031 1097 2079; x_wconf 91' lang='lat' dir='ltr'>et</span> <span class='ocrx_word' id='word_1_149' title='bbox 1121 2030 1432 2079; x_wconf 90' lang='lat' dir='ltr'>momenta</span> <span class='ocrx_word' id='word_1_150' title='bbox 1460 2022 1787 2089; x_wconf 89' lang='lat' dir='ltr'>sensibilia,</span> <span class='ocrx_word' id='word_1_151' title='bbox 1830 2023 1935 2077; x_wconf 91' lang='lat' dir='ltr'>sed</span> <span class='ocrx_word' id='word_1_152' title='bbox 1981 2039 2145 2094; x_wconf 69' lang='lat' dir='ltr'>quaa-</span> 
     </span>
    </p>
   </div>
   <div class='ocr_carea' id='block_1_24' title="bbox 475 2111 2141 2183">
    <p class='ocr_par' dir='ltr' id='par_1_24' title="bbox 475 2111 2141 2183">
     <span class='ocr_line' id='line_1_24' title="bbox 475 2111 2141 2183; baseline -0.003 -12"><span class='ocrx_word' id='word_1_153' title='bbox 475 2114 621 2171; x_wconf 90' lang='lat' dir='ltr'>dam</span> <span class='ocrx_word' id='word_1_154' title='bbox 644 2114 1004 2183; x_wconf 88' lang='lat' dir='ltr'>cognitionis</span> <span class='ocrx_word' id='word_1_155' title='bbox 1036 2112 1350 2169; x_wconf 88' lang='lat' dir='ltr'>intervalla</span> <span class='ocrx_word' id='word_1_156' title='bbox 1378 2128 1413 2166; x_wconf 90' lang='lat' dir='ltr'>a</span> <span class='ocrx_word' id='word_1_157' title='bbox 1440 2111 1561 2166; x_wconf 90' lang='lat' dir='ltr'>sole</span> <span class='ocrx_word' id='word_1_158' title='bbox 1582 2111 1919 2181; x_wconf 86' lang='lat' dir='ltr'>intelligibit</span> <span class='ocrx_word' id='word_1_159' title='bbox 1958 2111 2141 2166; x_wconf 88' lang='lat' dir='ltr'>facta.</span> 
     </span>
    </p>
   </div>
   <div class='ocr_carea' id='block_1_25' title="bbox 475 2201 2138 2276">
    <p class='ocr_par' dir='ltr' id='par_1_25' title="bbox 475 2201 2138 2276">
     <span class='ocr_line' id='line_1_25' title="bbox 475 2201 2138 2276; baseline -0.004 -15"><span class='ocrx_word' id='word_1_160' title='bbox 475 2206 721 2276; x_wconf 89' lang='lat' dir='ltr'>Oportet</span> <span class='ocrx_word' id='word_1_161' title='bbox 759 2203 920 2258; x_wconf 89' lang='lat' dir='ltr'>enim</span> <span class='ocrx_word' id='word_1_162' title='bbox 980 2202 1157 2257; x_wconf 86' lang='lat' dir='ltr'>istam</span> <span class='ocrx_word' id='word_1_163' title='bbox 1201 2201 1433 2257; x_wconf 89' lang='lat' dir='ltr'>Domini</span> <span class='ocrx_word' id='word_1_164' title='bbox 1478 2201 1668 2257; x_wconf 81' lang='lat' dir='ltr'>nostri</span> <span class='ocrx_word' id='word_1_165' title='bbox 1726 2203 2138 2273; x_wconf 86' lang='lat' dir='ltr'>precationem</span> 
     </span>
    </p>
   </div>
   <div class='ocr_carea' id='block_1_26' title="bbox 477 2289 2139 2363">
    <p class='ocr_par' dir='ltr' id='par_1_26' title="bbox 477 2289 2139 2363">
     <span class='ocr_line' id='line_1_26' title="bbox 477 2289 2139 2363; baseline -0.002 -16"><span class='ocrx_word' id='word_1_166' title='bbox 477 2292 555 2347; x_wconf 89' lang='lat' dir='ltr'>ad</span> <span class='ocrx_word' id='word_1_167' title='bbox 585 2293 769 2347; x_wconf 84' lang='lat' dir='ltr'>finem</span> <span class='ocrx_word' id='word_1_168' title='bbox 810 2292 1059 2363; x_wconf 89' lang='lat' dir='ltr'>perduci</span> <span class='ocrx_word' id='word_1_169' title='bbox 1091 2306 1161 2345; x_wconf 88' lang='lat' dir='ltr'>ac</span> <span class='ocrx_word' id='word_1_170' title='bbox 1194 2290 1451 2362; x_wconf 86' lang='lat' dir='ltr'>impleri.</span> <span class='ocrx_word' id='word_1_171' title='bbox 1489 2292 1658 2345; x_wconf 88' lang='lat' dir='ltr'>Jesus</span> <span class='ocrx_word' id='word_1_172' title='bbox 1704 2290 1865 2345; x_wconf 89' lang='lat' dir='ltr'>enim</span> <span class='ocrx_word' id='word_1_173' title='bbox 1896 2296 1984 2345; x_wconf 92' lang='lat' dir='ltr'>est</span> <span class='ocrx_word' id='word_1_174' title='bbox 2034 2289 2139 2362; x_wconf 86' lang='lat' dir='ltr'>qui</span> 
     </span>
    </p>
   </div>
   <div class='ocr_carea' id='block_1_27' title="bbox 473 2380 2118 2453">
    <p class='ocr_par' dir='ltr' id='par_1_27' title="bbox 473 2380 2118 2453">
     <span class='ocr_line' id='line_1_27' title="bbox 473 2380 2118 2453; baseline -0.001 -18"><span class='ocrx_word' id='word_1_175' title='bbox 473 2384 755 2453; x_wconf 87' lang='lat' dir='ltr'>precatus</span> <span class='ocrx_word' id='word_1_176' title='bbox 787 2384 905 2435; x_wconf 87' lang='lat' dir='ltr'>est:</span> <span class='ocrx_word' id='word_1_177' title='bbox 938 2381 1029 2434; x_wconf 90' lang='lat' dir='ltr'>Da</span> <span class='ocrx_word' id='word_1_178' title='bbox 1049 2380 1154 2445; x_wconf 78' lang='lat' dir='ltr'>eis,</span> <span class='ocrx_word' id='word_1_179' title='bbox 1188 2386 1253 2434; x_wconf 90' lang='lat' dir='ltr'>ut</span> <span class='ocrx_word' id='word_1_180' title='bbox 1280 2386 1336 2435; x_wconf 86' lang='lat' dir='ltr'>et</span> <span class='ocrx_word' id='word_1_181' title='bbox 1362 2380 1476 2447; x_wconf 80' lang='lat' dir='ltr'>ipsi</span> <span class='ocrx_word' id='word_1_182' title='bbox 1506 2380 1569 2434; x_wconf 84' lang='lat' dir='ltr'>in</span> <span class='ocrx_word' id='word_1_183' title='bbox 1596 2380 1763 2434; x_wconf 82' lang='lat' dir='ltr'>nobis</span> <span class='ocrx_word' id='word_1_184' title='bbox 1794 2396 1980 2434; x_wconf 89' lang='lat' dir='ltr'>unum</span> <span class='ocrx_word' id='word_1_185' title='bbox 1998 2380 2118 2434; x_wconf 84' lang='lat' dir='ltr'>sint</span> 
     </span>
    </p>
   </div>
   <div class='ocr_carea' id='block_1_28' title="bbox 471 2468 2146 2539">
    <p class='ocr_par' dir='ltr' id='par_1_28' title="bbox 471 2468 2146 2539">
     <span class='ocr_line' id='line_1_28' title="bbox 471 2468 2146 2539; baseline -0.001 -14"><span class='ocrx_word' id='word_1_186' title='bbox 471 2471 625 2525; x_wconf 83' lang='lat' dir='ltr'>sicut</span> <span class='ocrx_word' id='word_1_187' title='bbox 654 2485 760 2539; x_wconf 86' lang='lat' dir='ltr'>ego</span> <span class='ocrx_word' id='word_1_188' title='bbox 790 2474 843 2525; x_wconf 90' lang='lat' dir='ltr'>et</span> <span class='ocrx_word' id='word_1_189' title='bbox 877 2474 962 2536; x_wconf 86' lang='lat' dir='ltr'>tu,</span> <span class='ocrx_word' id='word_1_190' title='bbox 999 2470 1201 2534; x_wconf 86' lang='lat' dir='ltr'>Pater,</span> <span class='ocrx_word' id='word_1_191' title='bbox 1236 2484 1422 2523; x_wconf 90' lang='lat' dir='ltr'>unum</span> <span class='ocrx_word' id='word_1_192' title='bbox 1448 2484 1652 2523; x_wconf 86' lang='lat' dir='ltr'>sumus</span> <span class='ocrx_word' id='word_1_193' title='bbox 1676 2470 1742 2523; x_wconf 71' lang='grc' dir='ltr'>θ’.</span> <span class='ocrx_word' id='word_1_194' title='bbox 1793 2470 1947 2523; x_wconf 91' lang='lat' dir='ltr'>Deus</span> <span class='ocrx_word' id='word_1_195' title='bbox 1986 2468 2146 2523; x_wconf 90' lang='lat' dir='ltr'>enim</span> 
     </span>
    </p>
   </div>
   <div class='ocr_carea' id='block_1_29' title="bbox 478 2557 2140 2627">
    <p class='ocr_par' dir='ltr' id='par_1_29' title="bbox 478 2557 2140 2627">
     <span class='ocr_line' id='line_1_29' title="bbox 478 2557 2140 2627; baseline -0.002 -13"><span class='ocrx_word' id='word_1_196' title='bbox 478 2575 618 2614; x_wconf 89' lang='lat' dir='ltr'>cum</span> <span class='ocrx_word' id='word_1_197' title='bbox 652 2573 810 2613; x_wconf 91' lang='lat' dir='ltr'>unus</span> <span class='ocrx_word' id='word_1_198' title='bbox 860 2558 953 2625; x_wconf 90' lang='lat' dir='ltr'>sit,</span> <span class='ocrx_word' id='word_1_199' title='bbox 987 2558 1035 2611; x_wconf 91' lang='lat' dir='ltr'>si</span> <span class='ocrx_word' id='word_1_200' title='bbox 1084 2558 1145 2612; x_wconf 91' lang='lat' dir='ltr'>in</span> <span class='ocrx_word' id='word_1_201' title='bbox 1179 2557 1430 2627; x_wconf 79' lang='lat' dir='ltr'>singulis</span> <span class='ocrx_word' id='word_1_202' title='bbox 1465 2557 1661 2625; x_wconf 91' lang='lat' dir='ltr'>fuerit,</span> <span class='ocrx_word' id='word_1_203' title='bbox 1706 2573 1918 2612; x_wconf 91' lang='lat' dir='ltr'>omnes</span> <span class='ocrx_word' id='word_1_204' title='bbox 1952 2573 2140 2612; x_wconf 90' lang='lat' dir='ltr'>unum</span> 
     </span>
    </p>
   </div>
   <div class='ocr_carea' id='block_1_30' title="bbox 475 2647 2151 2720">
    <p class='ocr_par' dir='ltr' id='par_1_30' title="bbox 475 2647 2151 2720">
     <span class='ocr_line' id='line_1_30' title="bbox 475 2647 2151 2720; baseline -0.001 -18"><span class='ocrx_word' id='word_1_205' title='bbox 475 2647 656 2703; x_wconf 80' lang='lat' dir='ltr'>efﬁcit</span> <span class='ocrx_word' id='word_1_206' title='bbox 682 2666 694 2715; x_wconf 94' lang='lat'>;</span> <span class='ocrx_word' id='word_1_207' title='bbox 723 2653 779 2703; x_wconf 90' lang='lat' dir='ltr'>et</span> <span class='ocrx_word' id='word_1_208' title='bbox 805 2648 1127 2703; x_wconf 86' lang='lat' dir='ltr'>accedente</span> <span class='ocrx_word' id='word_1_209' title='bbox 1155 2647 1402 2714; x_wconf 90' lang='lat' dir='ltr'>unitate,</span> <span class='ocrx_word' id='word_1_210' title='bbox 1436 2647 1588 2719; x_wconf 89' lang='lat' dir='ltr'>perit</span> <span class='ocrx_word' id='word_1_211' title='bbox 1620 2662 1930 2701; x_wconf 90' lang='lat' dir='ltr'>numerus.</span> <span class='ocrx_word' id='word_1_212' title='bbox 1957 2650 2151 2720; x_wconf 82' lang='lat' dir='ltr'>Atque</span> 
     </span>
    </p>
   </div>
   <div class='ocr_carea' id='block_1_31' title="bbox 475 2735 2150 2808">
    <p class='ocr_par' dir='ltr' id='par_1_31' title="bbox 475 2735 2150 2808">
     <span class='ocr_line' id='line_1_31' title="bbox 475 2735 2150 2808; baseline -0.001 -16"><span class='ocrx_word' id='word_1_213' title='bbox 475 2736 759 2808; x_wconf 87' lang='lat' dir='ltr'>equidem</span> <span class='ocrx_word' id='word_1_214' title='bbox 808 2737 891 2791; x_wconf 90' lang='lat' dir='ltr'>sic</span> <span class='ocrx_word' id='word_1_215' title='bbox 932 2752 1256 2805; x_wconf 84' lang='lat' dir='ltr'>aggressus</span> <span class='ocrx_word' id='word_1_216' title='bbox 1308 2752 1441 2790; x_wconf 91' lang='lat' dir='ltr'>sum</span> <span class='ocrx_word' id='word_1_217' title='bbox 1477 2736 1593 2790; x_wconf 88' lang='lat' dir='ltr'>hoc</span> <span class='ocrx_word' id='word_1_218' title='bbox 1622 2735 1850 2791; x_wconf 88' lang='lat' dir='ltr'>dictum</span> <span class='ocrx_word' id='word_1_219' title='bbox 1885 2737 2150 2791; x_wconf 86' lang='lat' dir='ltr'>secundo</span> 
     </span>
    </p>
   </div>
   <div class='ocr_carea' id='block_1_32' title="bbox 478 2824 2151 2895">
    <p class='ocr_par' dir='ltr' id='par_1_32' title="bbox 478 2824 2151 2895">
     <span class='ocr_line' id='line_1_32' title="bbox 478 2824 2151 2895; baseline -0.001 -14"><span class='ocrx_word' id='word_1_220' title='bbox 478 2826 835 2881; x_wconf 88' lang='lat' dir='ltr'>tentamine.</span> <span class='ocrx_word' id='word_1_221' title='bbox 871 2825 1043 2889; x_wconf 88' lang='lat' dir='ltr'>Quod</span> <span class='ocrx_word' id='word_1_222' title='bbox 1073 2825 1119 2879; x_wconf 88' lang='lat' dir='ltr'>si</span> <span class='ocrx_word' id='word_1_223' title='bbox 1146 2826 1281 2895; x_wconf 87' lang='lat' dir='ltr'>quis</span> <span class='ocrx_word' id='word_1_224' title='bbox 1322 2824 1570 2879; x_wconf 75' lang='lat' dir='ltr'>meliora</span> <span class='ocrx_word' id='word_1_225' title='bbox 1596 2825 1776 2889; x_wconf 86' lang='lat' dir='ltr'>dicat,</span> <span class='ocrx_word' id='word_1_226' title='bbox 1809 2831 1913 2880; x_wconf 90' lang='lat' dir='ltr'>aut</span> <span class='ocrx_word' id='word_1_227' title='bbox 1941 2830 2151 2880; x_wconf 88' lang='lat' dir='ltr'>nostra</span> 
     </span>
    </p>
   </div>
   <div class='ocr_carea' id='block_1_33' title="bbox 488 2914 2146 2987">
    <p class='ocr_par' dir='ltr' id='par_1_33' title="bbox 488 2914 2146 2987">
     <span class='ocr_line' id='line_1_33' title="bbox 488 2914 2146 2987; baseline 0.001 -18"><span class='ocrx_word' id='word_1_228' title='bbox 488 2916 583 2987; x_wconf 86' lang='lat' dir='ltr'>pie</span> <span class='ocrx_word' id='word_1_229' title='bbox 615 2914 923 2981; x_wconf 89' lang='lat' dir='ltr'>emendet;</span> <span class='ocrx_word' id='word_1_230' title='bbox 971 2920 1027 2969; x_wconf 88' lang='lat' dir='ltr'>et</span> <span class='ocrx_word' id='word_1_231' title='bbox 1075 2914 1256 2979; x_wconf 89' lang='lat' dir='ltr'>dicat,</span> <span class='ocrx_word' id='word_1_232' title='bbox 1309 2919 1365 2969; x_wconf 88' lang='lat' dir='ltr'>et</span> <span class='ocrx_word' id='word_1_233' title='bbox 1402 2914 1701 2981; x_wconf 88' lang='lat' dir='ltr'>emendet,</span> <span class='ocrx_word' id='word_1_234' title='bbox 1742 2920 1798 2969; x_wconf 91' lang='lat' dir='ltr'>et</span> <span class='ocrx_word' id='word_1_235' title='bbox 1847 2931 1987 2969; x_wconf 89' lang='lat' dir='ltr'>eum</span> <span class='ocrx_word' id='word_1_236' title='bbox 2037 2930 2146 2986; x_wconf 91' lang='lat' dir='ltr'>pro</span> 
     </span>
    </p>
   </div>
   <div class='ocr_carea' id='block_1_34' title="bbox 486 3003 2147 3075">
    <p class='ocr_par' dir='ltr' id='par_1_34' title="bbox 486 3003 2147 3075">
     <span class='ocr_line' id='line_1_34' title="bbox 486 3003 2147 3075; baseline -0.001 -15"><span class='ocrx_word' id='word_1_237' title='bbox 486 3003 664 3060; x_wconf 86' lang='lat' dir='ltr'>nobis</span> <span class='ocrx_word' id='word_1_238' title='bbox 692 3003 1108 3059; x_wconf 88' lang='lat' dir='ltr'>remunerabit</span> <span class='ocrx_word' id='word_1_239' title='bbox 1131 3004 1440 3060; x_wconf 88' lang='lat' dir='ltr'>Dominus.</span> <span class='ocrx_word' id='word_1_240' title='bbox 1459 3003 1629 3059; x_wconf 79' lang='lat' dir='ltr'>Nulla</span> <span class='ocrx_word' id='word_1_241' title='bbox 1649 3005 1808 3059; x_wconf 88' lang='lat' dir='ltr'>enim</span> <span class='ocrx_word' id='word_1_242' title='bbox 1841 3004 2004 3075; x_wconf 89' lang='lat' dir='ltr'>apud</span> <span class='ocrx_word' id='word_1_243' title='bbox 2036 3020 2147 3059; x_wconf 92' lang='lat' dir='ltr'>nos</span> 
     </span>
    </p>
   </div>
   <div class='ocr_carea' id='block_1_35' title="bbox 881 1754 2212 1829">
    <p class='ocr_par' dir='ltr' id='par_1_35' title="bbox 881 1754 2212 1829">
     <span class='ocr_line' id='line_1_35' title="bbox 881 1754 2212 1829; baseline -0.002 -17"><span class='ocrx_word' id='word_1_244' title='bbox 881 1761 1238 1829; x_wconf 88' lang='lat' dir='ltr'>potestatem</span> <span class='ocrx_word' id='word_1_245' title='bbox 1291 1756 1497 1811; x_wconf 92' lang='lat' dir='ltr'>dicens</span> <span class='ocrx_word' id='word_1_246' title='bbox 1528 1772 1653 1822; x_wconf 91' lang='lat' dir='ltr'>eos,</span> <span class='ocrx_word' id='word_1_247' title='bbox 1685 1756 1789 1827; x_wconf 93' lang='lat' dir='ltr'>qui</span> <span class='ocrx_word' id='word_1_248' title='bbox 1817 1754 1929 1809; x_wconf 86' lang='lat' dir='ltr'>sub</span> <span class='ocrx_word' id='word_1_249' title='bbox 1956 1754 2145 1826; x_wconf 90' lang='lat' dir='ltr'>ipsius</span> <span class='ocrx_word' id='word_1_250' title='bbox 2172 1771 2212 1824; x_wconf 79' lang='grc' dir='ltr'>Β</span> 
     </span>
    </p>
   </div>
   <div class='ocr_carea' id='block_1_36' title="bbox 2243 505 3851 584">
    <p class='ocr_par' dir='ltr' id='par_1_36' title="bbox 2243 505 3851 584">
     <span class='ocr_line' id='line_1_36' title="bbox 2243 505 3851 584; baseline 0 -23"><span class='ocrx_word' id='word_1_251' title='bbox 2243 508 2334 562; x_wconf 82' lang='grc' dir='ltr'>τοῦ</span> <span class='ocrx_word' id='word_1_252' title='bbox 2377 513 2599 584; x_wconf 84' lang='grc' dir='ltr'>Πατρός.</span> <span class='ocrx_word' id='word_1_253' title='bbox 2628 514 2793 560; x_wconf 82' lang='grc' dir='ltr'>Τοῦτο</span> <span class='ocrx_word' id='word_1_254' title='bbox 2830 508 2932 582; x_wconf 79' lang='grc' dir='ltr'>γὰρ</span> <span class='ocrx_word' id='word_1_255' title='bbox 2988 506 3105 560; x_wconf 71' lang='grc' dir='ltr'>ἔστι</span> <span class='ocrx_word' id='word_1_256' title='bbox 3130 513 3219 560; x_wconf 89' lang='lat' dir='ltr'>xui</span> <span class='ocrx_word' id='word_1_257' title='bbox 3276 510 3335 560; x_wconf 84' lang='grc' dir='ltr'>τό</span> <span class='ocrx_word' id='word_1_258' title='bbox 3374 505 3707 580; x_wconf 85' lang='grc' dir='ltr'>παραδοῦναι</span> <span class='ocrx_word' id='word_1_259' title='bbox 3755 514 3851 568; x_wconf 74' lang='grc' dir='ltr'>τὴν</span> 
     </span>
    </p>
   </div>
   <div class='ocr_carea' id='block_1_37' title="bbox 2246 596 3851 671">
    <p class='ocr_par' dir='ltr' id='par_1_37' title="bbox 2246 596 3851 671">
     <span class='ocr_line' id='line_1_37' title="bbox 2246 596 3851 671; baseline -0.001 -20"><span class='ocrx_word' id='word_1_260' title='bbox 2246 598 2518 671; x_wconf 82' lang='grc' dir='ltr'>βασιλείαν</span> <span class='ocrx_word' id='word_1_261' title='bbox 2550 600 2634 649; x_wconf 89' lang='grc' dir='ltr'>τόν</span> <span class='ocrx_word' id='word_1_262' title='bbox 2668 599 2895 670; x_wconf 88' lang='grc' dir='ltr'>Χριστόν</span> <span class='ocrx_word' id='word_1_263' title='bbox 2948 598 3024 667; x_wconf 70' lang='grc' dir='ltr'>τῷ</span> <span class='ocrx_word' id='word_1_264' title='bbox 3052 604 3165 667; x_wconf 83' lang='grc' dir='ltr'>Θεῷ</span> <span class='ocrx_word' id='word_1_265' title='bbox 3214 601 3306 649; x_wconf 87' lang='lat' dir='ltr'>xui</span> <span class='ocrx_word' id='word_1_266' title='bbox 3355 601 3522 671; x_wconf 84' lang='grc' dir='ltr'>Πατρί</span> <span class='ocrx_word' id='word_1_267' title='bbox 3550 614 3562 625; x_wconf 85' lang='lat'><strong><em>°</em></strong></span> <span class='ocrx_word' id='word_1_268' title='bbox 3599 596 3851 670; x_wconf 77' lang='grc' dir='ltr'>ἀπαρχήν</span> 
     </span>
    </p>
   </div>
   <div class='ocr_carea' id='block_1_38' title="bbox 2246 685 3850 759">
    <p class='ocr_par' dir='ltr' id='par_1_38' title="bbox 2246 685 3850 759">
     <span class='ocr_line' id='line_1_38' title="bbox 2246 685 3850 759; baseline -0.001 -21"><span class='ocrx_word' id='word_1_269' title='bbox 2246 692 2367 738; x_wconf 83' lang='grc' dir='ltr'>ὄντα</span> <span class='ocrx_word' id='word_1_270' title='bbox 2422 691 2511 738; x_wconf 83' lang='grc' dir='ltr'>καὶ</span> <span class='ocrx_word' id='word_1_271' title='bbox 2551 685 2610 737; x_wconf 70' lang='grc' dir='ltr'>οὐ</span> <span class='ocrx_word' id='word_1_272' title='bbox 2660 685 2818 751; x_wconf 77' lang='grc' dir='ltr'>τέλος,</span> <span class='ocrx_word' id='word_1_273' title='bbox 2861 688 2992 737; x_wconf 86' lang='grc' dir='ltr'>κατὰ</span> <span class='ocrx_word' id='word_1_274' title='bbox 3053 691 3145 743; x_wconf 77' lang='grc' dir='ltr'>τὴν</span> <span class='ocrx_word' id='word_1_275' title='bbox 3194 690 3524 759; x_wconf 75' lang='grc' dir='ltr'>παχυτέραν,</span> <span class='ocrx_word' id='word_1_276' title='bbox 3580 689 3647 747; x_wconf 78' lang='grc' dir='ltr'>ὡς</span> <span class='ocrx_word' id='word_1_277' title='bbox 3703 689 3850 759; x_wconf 72' lang='grc' dir='ltr'>ἔφην,</span> 
     </span>
    </p>
   </div>
   <div class='ocr_carea' id='block_1_39' title="bbox 2247 772 3857 850">
    <p class='ocr_par' dir='ltr' id='par_1_39' title="bbox 2247 772 3857 850">
     <span class='ocr_line' id='line_1_39' title="bbox 2247 772 3857 850; baseline -0.001 -22"><span class='ocrx_word' id='word_1_278' title='bbox 2247 772 2623 841; x_wconf 77' lang='grc' dir='ltr'>διδασκαλίαν,</span> <span class='ocrx_word' id='word_1_279' title='bbox 2665 776 2779 836; x_wconf 74' lang='grc' dir='ltr'>ἣτις</span> <span class='ocrx_word' id='word_1_280' title='bbox 2818 777 2886 835; x_wconf 85' lang='grc' dir='ltr'>ὡς</span> <span class='ocrx_word' id='word_1_281' title='bbox 2914 778 3045 848; x_wconf 84' lang='grc' dir='ltr'>πρὸς</span> <span class='ocrx_word' id='word_1_282' title='bbox 3096 776 3256 846; x_wconf 80' lang='grc' dir='ltr'>ἡμᾶς,</span> <span class='ocrx_word' id='word_1_283' title='bbox 3297 780 3386 826; x_wconf 86' lang='grc' dir='ltr'>καὶ</span> <span class='ocrx_word' id='word_1_284' title='bbox 3444 775 3502 826; x_wconf 73' lang='grc' dir='ltr'>οι)</span> <span class='ocrx_word' id='word_1_285' title='bbox 3534 778 3665 850; x_wconf 89' lang='grc' dir='ltr'>πρὸς</span> <span class='ocrx_word' id='word_1_286' title='bbox 3695 775 3857 828; x_wconf 77' lang='grc' dir='ltr'>αὐτόν</span> 
     </span>
    </p>
   </div>
   <div class='ocr_carea' id='block_1_40' title="bbox 2245 859 3853 937">
    <p class='ocr_par' dir='ltr' id='par_1_40' title="bbox 2245 859 3853 937">
     <span class='ocr_line' id='line_1_40' title="bbox 2245 859 3853 937; baseline -0.001 -21"><span class='ocrx_word' id='word_1_287' title='bbox 2245 867 2331 916; x_wconf 83' lang='grc' dir='ltr'>τόν</span> <span class='ocrx_word' id='word_1_288' title='bbox 2376 866 2493 916; x_wconf 85' lang='grc' dir='ltr'>Υἰόν</span> <span class='ocrx_word' id='word_1_289' title='bbox 2550 866 2835 937; x_wconf 75' lang='grc' dir='ltr'>θεωρεῖται.</span> <span class='ocrx_word' id='word_1_290' title='bbox 2868 862 2987 914; x_wconf 80' lang='grc' dir='ltr'>Ὀτι</span> <span class='ocrx_word' id='word_1_291' title='bbox 3038 859 3096 915; x_wconf 74' lang='grc' dir='ltr'>δε</span> <span class='ocrx_word' id='word_1_292' title='bbox 3122 863 3270 916; x_wconf 83' lang='grc' dir='ltr'>ταῦθ’</span> <span class='ocrx_word' id='word_1_293' title='bbox 3317 863 3480 925; x_wconf 70' lang='grc' dir='ltr'>οὕτως</span> <span class='ocrx_word' id='word_1_294' title='bbox 3513 865 3645 935; x_wconf 78' lang='grc' dir='ltr'>ἔχει,</span> <span class='ocrx_word' id='word_1_295' title='bbox 3696 865 3853 916; x_wconf 89' lang='grc' dir='ltr'>πάλιν</span> 
     </span>
    </p>
   </div>
   <div class='ocr_carea' id='block_1_41' title="bbox 2247 951 3854 1027">
    <p class='ocr_par' dir='ltr' id='par_1_41' title="bbox 2247 951 3854 1027">
     <span class='ocr_line' id='line_1_41' title="bbox 2247 951 3854 1027; baseline 0 -22"><span class='ocrx_word' id='word_1_296' title='bbox 2247 952 2544 1027; x_wconf 80' lang='grc' dir='ltr'>έρωτὴσασι</span> <span class='ocrx_word' id='word_1_297' title='bbox 2593 960 2700 1015; x_wconf 87' lang='grc' dir='ltr'>τοῖς</span> <span class='ocrx_word' id='word_1_298' title='bbox 2728 954 2993 1025; x_wconf 80' lang='grc' dir='ltr'>μαθηταῖς</span> <span class='ocrx_word' id='word_1_299' title='bbox 3026 951 3074 1003; x_wconf 79' lang='grc' dir='ltr'>ἐν</span> <span class='ocrx_word' id='word_1_300' title='bbox 3103 959 3220 1013; x_wconf 88' lang='grc' dir='ltr'>ταῖς</span> <span class='ocrx_word' id='word_1_301' title='bbox 3278 951 3506 1027; x_wconf 78' lang='grc' dir='ltr'>Πράξεσι</span> <span class='ocrx_word' id='word_1_302' title='bbox 3554 960 3652 1005; x_wconf 87' lang='grc' dir='ltr'>τῶν</span> <span class='ocrx_word' id='word_1_303' title='bbox 3712 951 3854 1005; x_wconf 78' lang='grc' dir='ltr'>ἀπο-</span> 
     </span>
    </p>
   </div>
   <div class='ocr_carea' id='block_1_42' title="bbox 3576 1040 3854 1114">
    <p class='ocr_par' dir='ltr' id='par_1_42' title="bbox 3576 1040 3854 1114">
     <span class='ocr_line' id='line_1_42' title="bbox 3576 1040 3854 1114; baseline 0.011 -21"><span class='ocrx_word' id='word_1_304' title='bbox 3576 1040 3854 1114; x_wconf 87' lang='grc' dir='ltr'>βασιλείαν</span> 
     </span>
    </p>
   </div>
   <div class='ocr_carea' id='block_1_43' title="bbox 2250 1041 3487 1103">
    <p class='ocr_par' dir='ltr' id='par_1_43' title="bbox 2250 1041 3487 1103">
     <span class='ocr_line' id='line_1_43' title="bbox 2250 1041 3487 1103; baseline -0.001 -9"><span class='ocrx_word' id='word_1_305' title='bbox 2250 1042 2444 1095; x_wconf 84' lang='grc' dir='ltr'>στόλων</span> <span class='ocrx_word' id='word_1_306' title='bbox 2510 1046 2569 1094; x_wconf 92' lang='grc' dir='ltr'>τό</span> <span class='ocrx_word' id='word_1_307' title='bbox 2602 1060 2613 1071; x_wconf 89' lang='grc'><strong>·</strong></span> <span class='ocrx_word' id='word_1_308' title='bbox 2682 1047 2813 1095; x_wconf 86' lang='grc' dir='ltr'>Πότε</span> <span class='ocrx_word' id='word_1_309' title='bbox 2892 1041 3329 1103; x_wconf 76' lang='grc' dir='ltr'>ἁποκαθιστανεῖς</span> <span class='ocrx_word' id='word_1_310' title='bbox 3402 1047 3487 1100; x_wconf 79' lang='grc' dir='ltr'>τήν</span> 
     </span>
    </p>
   </div>
   <div class='ocr_carea' id='block_1_44' title="bbox 2246 1129 3853 1207">
    <p class='ocr_par' dir='ltr' id='par_1_44' title="bbox 2246 1129 3853 1207">
     <span class='ocr_line' id='line_1_44' title="bbox 2246 1129 3853 1207; baseline 0.001 -24"><span class='ocrx_word' id='word_1_311' title='bbox 2246 1139 2318 1201; x_wconf 83' lang='grc' dir='ltr'>τῷ</span> <span class='ocrx_word' id='word_1_312' title='bbox 2373 1131 2608 1207; x_wconf 81' lang='grc' dir='ltr'>Ἰσραὴλ,</span> <span class='ocrx_word' id='word_1_313' title='bbox 2664 1137 2822 1204; x_wconf 74' lang='grc' dir='ltr'>φησίν</span> <span class='ocrx_word' id='word_1_314' title='bbox 2858 1154 2870 1165; x_wconf 80' lang='grc' dir='ltr'><strong><em>ο</em></strong></span> <span class='ocrx_word' id='word_1_315' title='bbox 2914 1133 3036 1204; x_wconf 71' lang='grc' dir='ltr'>Οὐχ</span> <span class='ocrx_word' id='word_1_316' title='bbox 3088 1133 3233 1204; x_wconf 72' lang='grc' dir='ltr'>ἡμῶν</span> <span class='ocrx_word' id='word_1_317' title='bbox 3293 1134 3405 1184; x_wconf 81' lang='grc' dir='ltr'>ἔστι</span> <span class='ocrx_word' id='word_1_318' title='bbox 3461 1129 3652 1203; x_wconf 75' lang='grc' dir='ltr'>γνῶναι</span> <span class='ocrx_word' id='word_1_319' title='bbox 3718 1136 3853 1207; x_wconf 85' lang='grc' dir='ltr'>χρό-</span> 
     </span>
    </p>
   </div>
   <div class='ocr_carea' id='block_1_45' title="bbox 2245 1220 3853 1295">
    <p class='ocr_par' dir='ltr' id='par_1_45' title="bbox 2245 1220 3853 1295">
     <span class='ocr_line' id='line_1_45' title="bbox 2245 1220 3853 1295; baseline 0.001 -24"><span class='ocrx_word' id='word_1_320' title='bbox 2245 1240 2359 1281; x_wconf 89' lang='grc' dir='ltr'>νους</span> <span class='ocrx_word' id='word_1_321' title='bbox 2416 1222 2445 1279; x_wconf 78' lang='grc' dir='ltr'>ᾖ</span> <span class='ocrx_word' id='word_1_322' title='bbox 2515 1225 2731 1295; x_wconf 72' lang='grc' dir='ltr'>καιροὺς</span> <span class='ocrx_word' id='word_1_323' title='bbox 2788 1224 2919 1292; x_wconf 82' lang='lat'>(82),</span> <span class='ocrx_word' id='word_1_324' title='bbox 2978 1220 3069 1283; x_wconf 78' lang='grc' dir='ltr'>οὓς</span> <span class='ocrx_word' id='word_1_325' title='bbox 3125 1224 3149 1272; x_wconf 99' lang='lat'>6</span> <span class='ocrx_word' id='word_1_326' title='bbox 3206 1226 3386 1293; x_wconf 72' lang='grc' dir='ltr'>Πασήρ</span> <span class='ocrx_word' id='word_1_327' title='bbox 3448 1223 3585 1272; x_wconf 81' lang='grc' dir='ltr'>ἔθετο</span> <span class='ocrx_word' id='word_1_328' title='bbox 3661 1220 3710 1273; x_wconf 80' lang='grc' dir='ltr'>έν</span> <span class='ocrx_word' id='word_1_329' title='bbox 3788 1230 3853 1294; x_wconf 72' lang='grc' dir='ltr'>τῇ</span> 
     </span>
    </p>
   </div>
   <div class='ocr_carea' id='block_1_46' title="bbox 2249 1306 3860 1383">
    <p class='ocr_par' dir='ltr' id='par_1_46' title="bbox 2249 1306 3860 1383">
     <span class='ocr_line' id='line_1_46' title="bbox 2249 1306 3860 1383; baseline 0.001 -22"><span class='ocrx_word' id='word_1_330' title='bbox 2249 1307 2362 1381; x_wconf 82' lang='grc' dir='ltr'>ἰδίᾳ</span> <span class='ocrx_word' id='word_1_331' title='bbox 2410 1308 2642 1382; x_wconf 80' lang='grc' dir='ltr'>ἐξουσίᾳ.</span> <span class='ocrx_word' id='word_1_332' title='bbox 2671 1314 2975 1378; x_wconf 87' lang='grc' dir='ltr'>Τουτέστιν,</span> <span class='ocrx_word' id='word_1_333' title='bbox 3009 1310 3067 1362; x_wconf 73' lang='grc' dir='ltr'>οὐ</span> <span class='ocrx_word' id='word_1_334' title='bbox 3098 1319 3197 1361; x_wconf 70' lang='grc' dir='ltr'>τῶν</span> <span class='ocrx_word' id='word_1_335' title='bbox 3258 1306 3643 1382; x_wconf 70' lang='grc' dir='ltr'>συνδεδεμένων</span> <span class='ocrx_word' id='word_1_336' title='bbox 3696 1316 3860 1383; x_wconf 85' lang='grc' dir='ltr'>σαρκὶ</span> 
     </span>
    </p>
   </div>
   <div class='ocr_carea' id='block_1_47' title="bbox 2246 1396 3859 1471">
    <p class='ocr_par' dir='ltr' id='par_1_47' title="bbox 2246 1396 3859 1471">
     <span class='ocr_line' id='line_1_47' title="bbox 2246 1396 3859 1471; baseline 0.001 -22"><span class='ocrx_word' id='word_1_337' title='bbox 2246 1396 2335 1449; x_wconf 66' lang='lat' dir='ltr'>xui</span> <span class='ocrx_word' id='word_1_338' title='bbox 2370 1400 2553 1470; x_wconf 83' lang='grc' dir='ltr'>αἵματι</span> <span class='ocrx_word' id='word_1_339' title='bbox 2579 1406 2674 1459; x_wconf 82' lang='grc' dir='ltr'>τῆς</span> <span class='ocrx_word' id='word_1_340' title='bbox 2726 1403 2974 1461; x_wconf 74' lang='grc' dir='ltr'>τοιαύτης</span> <span class='ocrx_word' id='word_1_341' title='bbox 3005 1397 3281 1471; x_wconf 81' lang='grc' dir='ltr'>βασιλείας</span> <span class='ocrx_word' id='word_1_342' title='bbox 3327 1401 3356 1455; x_wconf 80' lang='grc' dir='ltr'><strong>ἠ</strong></span> <span class='ocrx_word' id='word_1_343' title='bbox 3391 1407 3600 1469; x_wconf 90' lang='grc' dir='ltr'>γνῶσις.</span> <span class='ocrx_word' id='word_1_344' title='bbox 3650 1403 3859 1457; x_wconf 80' lang='grc' dir='ltr'>Ταύτην</span> 
     </span>
    </p>
   </div>
   <div class='ocr_carea' id='block_1_48' title="bbox 2246 1484 3855 1562">
    <p class='ocr_par' dir='ltr' id='par_1_48' title="bbox 2246 1484 3855 1562">
     <span class='ocr_line' id='line_1_48' title="bbox 2246 1484 3855 1562; baseline 0.001 -24"><span class='ocrx_word' id='word_1_345' title='bbox 2246 1488 2347 1559; x_wconf 80' lang='grc' dir='ltr'>γὰρ</span> <span class='ocrx_word' id='word_1_346' title='bbox 2379 1491 2472 1544; x_wconf 74' lang='grc' dir='ltr'>τὴν</span> <span class='ocrx_word' id='word_1_347' title='bbox 2498 1488 2712 1562; x_wconf 80' lang='grc' dir='ltr'>θεωρίαν</span> <span class='ocrx_word' id='word_1_348' title='bbox 2745 1488 2769 1539; x_wconf 88' lang='grc' dir='ltr'>ό</span> <span class='ocrx_word' id='word_1_349' title='bbox 2813 1492 2993 1560; x_wconf 78' lang='grc' dir='ltr'>Πατὴρ</span> <span class='ocrx_word' id='word_1_350' title='bbox 3024 1487 3293 1539; x_wconf 77' lang='grc' dir='ltr'>ἐναπέθετο</span> <span class='ocrx_word' id='word_1_351' title='bbox 3334 1494 3395 1558; x_wconf 76' lang='grc' dir='ltr'>τῇ</span> <span class='ocrx_word' id='word_1_352' title='bbox 3450 1484 3564 1558; x_wconf 81' lang='grc' dir='ltr'>ἰδίᾳ</span> <span class='ocrx_word' id='word_1_353' title='bbox 3595 1486 3809 1559; x_wconf 77' lang='grc' dir='ltr'>ἐξουσίᾳ</span> <span class='ocrx_word' id='word_1_354' title='bbox 3841 1509 3855 1521; x_wconf 89' lang='grc'><strong>·</strong></span> 
     </span>
    </p>
   </div>
   <div class='ocr_carea' id='block_1_49' title="bbox 2249 1573 3863 1648">
    <p class='ocr_par' dir='ltr' id='par_1_49' title="bbox 2249 1573 3863 1648">
     <span class='ocr_line' id='line_1_49' title="bbox 2249 1573 3863 1648; baseline 0.001 -21"><span class='ocrx_word' id='word_1_355' title='bbox 2249 1574 2488 1638; x_wconf 77' lang='grc' dir='ltr'>ἐξουσίαν</span> <span class='ocrx_word' id='word_1_356' title='bbox 2527 1576 2686 1647; x_wconf 86' lang='grc' dir='ltr'>λέγων</span> <span class='ocrx_word' id='word_1_357' title='bbox 2736 1580 2853 1637; x_wconf 83' lang='grc' dir='ltr'>τοὺς</span> <span class='ocrx_word' id='word_1_358' title='bbox 2902 1575 3387 1648; x_wconf 76' lang='grc' dir='ltr'>ἑξουσιαζομένους,</span> <span class='ocrx_word' id='word_1_359' title='bbox 3446 1573 3612 1636; x_wconf 80' lang='grc' dir='ltr'>ἰδίους</span> <span class='ocrx_word' id='word_1_360' title='bbox 3653 1574 3731 1642; x_wconf 69' lang='grc' dir='ltr'>δὲ,</span> <span class='ocrx_word' id='word_1_361' title='bbox 3772 1576 3863 1639; x_wconf 77' lang='grc' dir='ltr'>οὒς</span> 
     </span>
    </p>
   </div>
   <div class='ocr_carea' id='block_1_50' title="bbox 2248 1665 3855 1740">
    <p class='ocr_par' dir='ltr' id='par_1_50' title="bbox 2248 1665 3855 1740">
     <span class='ocr_line' id='line_1_50' title="bbox 2248 1665 3855 1740; baseline 0.001 -24"><span class='ocrx_word' id='word_1_362' title='bbox 2248 1669 2320 1737; x_wconf 81' lang='grc' dir='ltr'>μὴ</span> <span class='ocrx_word' id='word_1_363' title='bbox 2374 1669 2587 1737; x_wconf 77' lang='grc' dir='ltr'>κατέχει</span> <span class='ocrx_word' id='word_1_364' title='bbox 2644 1665 2758 1736; x_wconf 88' lang='lat'>(83)</span> <span class='ocrx_word' id='word_1_365' title='bbox 2800 1667 2987 1737; x_wconf 80' lang='grc' dir='ltr'>ἄγνοια</span> <span class='ocrx_word' id='word_1_366' title='bbox 3038 1674 3138 1717; x_wconf 79' lang='grc' dir='ltr'>τῶν</span> <span class='ocrx_word' id='word_1_367' title='bbox 3194 1668 3469 1740; x_wconf 72' lang='grc' dir='ltr'>κατωτέρω</span> <span class='ocrx_word' id='word_1_368' title='bbox 3514 1668 3855 1739; x_wconf 70' lang='grc' dir='ltr'>πραγμάτων,</span> 
     </span>
    </p>
   </div>
   <div class='ocr_carea' id='block_1_51' title="bbox 2252 1751 3866 1827">
    <p class='ocr_par' dir='ltr' id='par_1_51' title="bbox 2252 1751 3866 1827">
     <span class='ocr_line' id='line_1_51' title="bbox 2252 1751 3866 1827; baseline 0.001 -20"><span class='ocrx_word' id='word_1_369' title='bbox 2252 1759 2482 1827; x_wconf 86' lang='grc' dir='ltr'>Χρόνους</span> <span class='ocrx_word' id='word_1_370' title='bbox 2515 1751 2573 1805; x_wconf 75' lang='grc' dir='ltr'>δὲ</span> <span class='ocrx_word' id='word_1_371' title='bbox 2603 1759 2691 1806; x_wconf 84' lang='grc' dir='ltr'>καὶ</span> <span class='ocrx_word' id='word_1_372' title='bbox 2746 1758 2961 1826; x_wconf 80' lang='grc' dir='ltr'>καιροὺς</span> <span class='ocrx_word' id='word_1_373' title='bbox 2987 1761 3057 1826; x_wconf 83' lang='grc' dir='ltr'><em>μή</em></span> <span class='ocrx_word' id='word_1_374' title='bbox 3093 1756 3182 1827; x_wconf 84' lang='grc' dir='ltr'>μοι</span> <span class='ocrx_word' id='word_1_375' title='bbox 3233 1759 3338 1807; x_wconf 88' lang='grc' dir='ltr'>νόει</span> <span class='ocrx_word' id='word_1_376' title='bbox 3380 1755 3682 1822; x_wconf 75' lang='grc' dir='ltr'>αἰσθητοὺς,</span> <span class='ocrx_word' id='word_1_377' title='bbox 3730 1754 3866 1808; x_wconf 72' lang='grc' dir='ltr'>ἀλλὰ</span> 
     </span>
    </p>
   </div>
   <div class='ocr_carea' id='block_1_52' title="bbox 2254 1839 3866 1915">
    <p class='ocr_par' dir='ltr' id='par_1_52' title="bbox 2254 1839 3866 1915">
     <span class='ocr_line' id='line_1_52' title="bbox 2254 1839 3866 1915; baseline 0.001 -21"><span class='ocrx_word' id='word_1_378' title='bbox 2254 1839 2593 1914; x_wconf 77' lang='grc' dir='ltr'>διαστήματα</span> <span class='ocrx_word' id='word_1_379' title='bbox 2632 1862 2748 1893; x_wconf 92' lang='grc' dir='ltr'>τινα</span> <span class='ocrx_word' id='word_1_380' title='bbox 2784 1849 3019 1914; x_wconf 78' lang='grc' dir='ltr'>γνώσεως</span> <span class='ocrx_word' id='word_1_381' title='bbox 3058 1845 3159 1895; x_wconf 81' lang='grc' dir='ltr'>ὑπὸ</span> <span class='ocrx_word' id='word_1_382' title='bbox 3193 1851 3283 1895; x_wconf 86' lang='grc' dir='ltr'>τοῦ</span> <span class='ocrx_word' id='word_1_383' title='bbox 3323 1844 3507 1900; x_wconf 72' lang='grc' dir='ltr'>νοητοῦ</span> <span class='ocrx_word' id='word_1_384' title='bbox 3532 1843 3681 1900; x_wconf 77' lang='grc' dir='ltr'>ἡλίου</span> <span class='ocrx_word' id='word_1_385' title='bbox 3711 1850 3866 1915; x_wconf 87' lang='grc' dir='ltr'>γινό-</span> 
     </span>
    </p>
   </div>
   <div class='ocr_carea' id='block_1_53' title="bbox 2253 1933 3867 2006">
    <p class='ocr_par' dir='ltr' id='par_1_53' title="bbox 2253 1933 3867 2006">
     <span class='ocr_line' id='line_1_53' title="bbox 2253 1933 3867 2006; baseline 0.001 -23"><span class='ocrx_word' id='word_1_386' title='bbox 2253 1951 2398 2004; x_wconf 90' lang='grc' dir='ltr'>μενα.</span> <span class='ocrx_word' id='word_1_387' title='bbox 2443 1938 2528 1984; x_wconf 86' lang='grc' dir='ltr'>Δεῖ</span> <span class='ocrx_word' id='word_1_388' title='bbox 2552 1934 2652 2006; x_wconf 78' lang='grc' dir='ltr'>γὰρ</span> <span class='ocrx_word' id='word_1_389' title='bbox 2685 1938 2777 1989; x_wconf 79' lang='grc' dir='ltr'>τὴν</span> <span class='ocrx_word' id='word_1_390' title='bbox 2811 1936 3120 2005; x_wconf 78' lang='grc' dir='ltr'>προσευχὴν</span> <span class='ocrx_word' id='word_1_391' title='bbox 3150 1935 3346 1991; x_wconf 74' lang='grc' dir='ltr'>ἐκείνην</span> <span class='ocrx_word' id='word_1_392' title='bbox 3368 1933 3451 1985; x_wconf 77' lang='grc' dir='ltr'>ἐπὶ</span> <span class='ocrx_word' id='word_1_393' title='bbox 3476 1937 3636 2006; x_wconf 88' lang='grc' dir='ltr'>πέρας</span> <span class='ocrx_word' id='word_1_394' title='bbox 3688 1936 3867 2005; x_wconf 83' lang='grc' dir='ltr'>ἀχθῆ-</span> 
     </span>
    </p>
   </div>
   <div class='ocr_carea' id='block_1_54' title="bbox 2253 2022 3869 2099">
    <p class='ocr_par' dir='ltr' id='par_1_54' title="bbox 2253 2022 3869 2099">
     <span class='ocr_line' id='line_1_54' title="bbox 2253 2022 3869 2099; baseline 0.002 -27"><span class='ocrx_word' id='word_1_395' title='bbox 2253 2042 2337 2072; x_wconf 87' lang='grc' dir='ltr'>ναι</span> <span class='ocrx_word' id='word_1_396' title='bbox 2362 2029 2452 2073; x_wconf 76' lang='grc' dir='ltr'>τοῦ</span> <span class='ocrx_word' id='word_1_397' title='bbox 2503 2028 2767 2075; x_wconf 90' lang='grc' dir='ltr'>Δεσπότου</span> <span class='ocrx_word' id='word_1_398' title='bbox 2808 2024 2973 2095; x_wconf 78' lang='grc' dir='ltr'>ἡμῶν,</span> <span class='ocrx_word' id='word_1_399' title='bbox 3016 2023 3217 2083; x_wconf 83' lang='grc' dir='ltr'>Ἰησοῦς</span> <span class='ocrx_word' id='word_1_400' title='bbox 3242 2026 3344 2098; x_wconf 90' lang='grc' dir='ltr'>γάρ</span> <span class='ocrx_word' id='word_1_401' title='bbox 3405 2022 3545 2076; x_wconf 71' lang='grc' dir='ltr'>ἔστιν</span> <span class='ocrx_word' id='word_1_402' title='bbox 3584 2025 3609 2074; x_wconf 88' lang='grc' dir='ltr'>ό</span> <span class='ocrx_word' id='word_1_403' title='bbox 3637 2044 3869 2099; x_wconf 78' lang='grc' dir='ltr'>προσευ-</span> 
     </span>
    </p>
   </div>
   <div class='ocr_carea' id='block_1_55' title="bbox 2255 2110 2523 2183">
    <p class='ocr_par' dir='ltr' id='par_1_55' title="bbox 2255 2110 2523 2183">
     <span class='ocr_line' id='line_1_55' title="bbox 2255 2110 2523 2183; baseline 0 -21"><span class='ocrx_word' id='word_1_404' title='bbox 2255 2110 2468 2183; x_wconf 78' lang='grc' dir='ltr'>ξάμενος</span> <span class='ocrx_word' id='word_1_405' title='bbox 2512 2133 2523 2143; x_wconf 82' lang='grc'><em>’</em></span> 
     </span>
    </p>
   </div>
   <div class='ocr_carea' id='block_1_56' title="bbox 2255 2194 3862 2276">
    <p class='ocr_par' dir='ltr' id='par_1_56' title="bbox 2255 2194 3862 2276">
     <span class='ocr_line' id='line_1_56' title="bbox 2255 2194 3862 2276; baseline 0.002 -25"><span class='ocrx_word' id='word_1_406' title='bbox 2255 2198 2373 2266; x_wconf 84' lang='grc' dir='ltr'>ὦσι,</span> <span class='ocrx_word' id='word_1_407' title='bbox 2417 2202 2589 2260; x_wconf 84' lang='grc' dir='ltr'>καθὼς</span> <span class='ocrx_word' id='word_1_408' title='bbox 2652 2194 2889 2271; x_wconf 73' lang='grc' dir='ltr'>ἒγὼ’καὶ</span> <span class='ocrx_word' id='word_1_409' title='bbox 2947 2204 3011 2251; x_wconf 80' lang='grc' dir='ltr'>σὺ</span> <span class='ocrx_word' id='word_1_410' title='bbox 3070 2202 3119 2252; x_wconf 81' lang='grc' dir='ltr'>ἔν</span> <span class='ocrx_word' id='word_1_411' title='bbox 3178 2199 3349 2273; x_wconf 75' lang='grc' dir='ltr'>ἐσμεν,</span> <span class='ocrx_word' id='word_1_412' title='bbox 3400 2203 3591 2274; x_wconf 88' lang='grc' dir='ltr'>Πάτερ.</span> <span class='ocrx_word' id='word_1_413' title='bbox 3633 2204 3721 2262; x_wconf 78' lang='grc' dir='ltr'>Εἷς</span> <span class='ocrx_word' id='word_1_414' title='bbox 3758 2204 3862 2276; x_wconf 80' lang='grc' dir='ltr'>γὰρ</span> 
     </span>
    </p>
   </div>
   <div class='ocr_carea' id='block_1_57' title="bbox 2604 2112 3869 2185">
    <p class='ocr_par' dir='ltr' id='par_1_57' title="bbox 2604 2112 3869 2185">
     <span class='ocr_line' id='line_1_57' title="bbox 2604 2112 3869 2185; baseline 0.002 -23"><span class='ocrx_word' id='word_1_415' title='bbox 2604 2114 2698 2173; x_wconf 87' lang='grc' dir='ltr'>Δός</span> <span class='ocrx_word' id='word_1_416' title='bbox 2765 2112 2958 2179; x_wconf 74' lang='grc' dir='ltr'>αὐτοῖς,</span> <span class='ocrx_word' id='word_1_417' title='bbox 3016 2114 3098 2163; x_wconf 84' lang='grc' dir='ltr'>ἶνα</span> <span class='ocrx_word' id='word_1_418' title='bbox 3172 2117 3260 2164; x_wconf 75' lang='grc' dir='ltr'>καὶ</span> <span class='ocrx_word' id='word_1_419' title='bbox 3309 2112 3459 2165; x_wconf 76' lang='grc' dir='ltr'>αὐτοὶ</span> <span class='ocrx_word' id='word_1_420' title='bbox 3516 2112 3565 2164; x_wconf 75' lang='grc' dir='ltr'>ἔν</span> <span class='ocrx_word' id='word_1_421' title='bbox 3636 2115 3761 2185; x_wconf 77' lang='grc' dir='ltr'>ἡμῖν</span> <span class='ocrx_word' id='word_1_422' title='bbox 3815 2115 3869 2166; x_wconf 80' lang='grc' dir='ltr'>ἕν</span> 
     </span>
    </p>
   </div>
   <div class='ocr_carea' id='block_1_58' title="bbox 2255 2288 3867 2361">
    <p class='ocr_par' dir='ltr' id='par_1_58' title="bbox 2255 2288 3867 2361">
     <span class='ocr_line' id='line_1_58' title="bbox 2255 2288 3867 2361; baseline 0.002 -22"><span class='ocrx_word' id='word_1_423' title='bbox 2255 2290 2321 2339; x_wconf 82' lang='grc' dir='ltr'>ὢν</span> <span class='ocrx_word' id='word_1_424' title='bbox 2364 2290 2390 2340; x_wconf 91' lang='grc' dir='ltr'>ό</span> <span class='ocrx_word' id='word_1_425' title='bbox 2431 2292 2580 2355; x_wconf 83' lang='grc' dir='ltr'>Θεὸς,</span> <span class='ocrx_word' id='word_1_426' title='bbox 2615 2288 2665 2341; x_wconf 78' lang='grc' dir='ltr'>ἕν</span> <span class='ocrx_word' id='word_1_427' title='bbox 2725 2289 2927 2360; x_wconf 81' lang='grc' dir='ltr'>ἑκάστῳ</span> <span class='ocrx_word' id='word_1_428' title='bbox 2966 2293 3252 2361; x_wconf 73' lang='grc' dir='ltr'>γινόμενος,</span> <span class='ocrx_word' id='word_1_429' title='bbox 3310 2290 3413 2342; x_wconf 82' lang='grc' dir='ltr'>ένοῖ</span> <span class='ocrx_word' id='word_1_430' title='bbox 3456 2296 3570 2351; x_wconf 80' lang='grc' dir='ltr'>τους</span> <span class='ocrx_word' id='word_1_431' title='bbox 3617 2293 3817 2352; x_wconf 79' lang='grc' dir='ltr'>πάντας</span> <span class='ocrx_word' id='word_1_432' title='bbox 3849 2312 3867 2325; x_wconf 87' lang='grc'><strong>·</strong></span> 
     </span>
    </p>
   </div>
   <div class='ocr_carea' id='block_1_59' title="bbox 2255 2376 3865 2452">
    <p class='ocr_par' dir='ltr' id='par_1_59' title="bbox 2255 2376 3865 2452">
     <span class='ocr_line' id='line_1_59' title="bbox 2255 2376 3865 2452; baseline 0.002 -23"><span class='ocrx_word' id='word_1_433' title='bbox 2255 2384 2344 2430; x_wconf 86' lang='grc' dir='ltr'>καὶ</span> <span class='ocrx_word' id='word_1_434' title='bbox 2389 2377 2669 2429; x_wconf 82' lang='grc' dir='ltr'>ἀπόλλυται</span> <span class='ocrx_word' id='word_1_435' title='bbox 2718 2380 2743 2429; x_wconf 93' lang='grc' dir='ltr'>ό</span> <span class='ocrx_word' id='word_1_436' title='bbox 2792 2376 3008 2452; x_wconf 79' lang='grc' dir='ltr'>ἀριθμός</span> <span class='ocrx_word' id='word_1_437' title='bbox 3063 2386 3124 2451; x_wconf 72' lang='grc' dir='ltr'>τῇ</span> <span class='ocrx_word' id='word_1_438' title='bbox 3167 2387 3261 2440; x_wconf 84' lang='grc' dir='ltr'>τῆς</span> <span class='ocrx_word' id='word_1_439' title='bbox 3314 2376 3541 2451; x_wconf 85' lang='grc' dir='ltr'>μονάδος</span> <span class='ocrx_word' id='word_1_440' title='bbox 3584 2376 3865 2452; x_wconf 71' lang='grc' dir='ltr'>ἐπιδημίᾳ.</span> 
     </span>
    </p>
   </div>
   <div class='ocr_carea' id='block_1_60' title="bbox 2260 2466 3870 2542">
    <p class='ocr_par' dir='ltr' id='par_1_60' title="bbox 2260 2466 3870 2542">
     <span class='ocr_line' id='line_1_60' title="bbox 2260 2466 3870 2542; baseline -0.001 -19"><span class='ocrx_word' id='word_1_441' title='bbox 2260 2467 2416 2540; x_wconf 82' lang='grc' dir='ltr'>Κόιγὼ</span> <span class='ocrx_word' id='word_1_442' title='bbox 2474 2472 2563 2541; x_wconf 74' lang='grc' dir='ltr'>μὲν</span> <span class='ocrx_word' id='word_1_443' title='bbox 2617 2468 2781 2528; x_wconf 76' lang='grc' dir='ltr'>οὕτως</span> <span class='ocrx_word' id='word_1_444' title='bbox 2829 2466 3071 2520; x_wconf 73' lang='grc' dir='ltr'>ἐπέϐαλον</span> <span class='ocrx_word' id='word_1_445' title='bbox 3138 2477 3210 2539; x_wconf 82' lang='grc' dir='ltr'>τῷ</span> <span class='ocrx_word' id='word_1_446' title='bbox 3247 2470 3387 2542; x_wconf 81' lang='grc' dir='ltr'>ῥητῷ</span> <span class='ocrx_word' id='word_1_447' title='bbox 3433 2472 3541 2542; x_wconf 59' lang='grc' dir='ltr'>(κάρ)</span> <span class='ocrx_word' id='word_1_448' title='bbox 3594 2473 3729 2523; x_wconf 80' lang='grc' dir='ltr'>κατὰ</span> <span class='ocrx_word' id='word_1_449' title='bbox 3770 2473 3870 2527; x_wconf 77' lang='grc' dir='ltr'>τήν</span> 
     </span>
    </p>
   </div>
   <div class='ocr_carea' id='block_1_61' title="bbox 2261 2554 3872 2633">
    <p class='ocr_par' dir='ltr' id='par_1_61' title="bbox 2261 2554 3872 2633">
     <span class='ocr_line' id='line_1_61' title="bbox 2261 2554 3872 2633; baseline 0.001 -24"><span class='ocrx_word' id='word_1_450' title='bbox 2261 2554 2506 2630; x_wconf 79' lang='grc' dir='ltr'>δευτέραν</span> <span class='ocrx_word' id='word_1_451' title='bbox 2535 2557 2889 2629; x_wconf 79' lang='grc' dir='ltr'>ἐπιχείρησιν.</span> <span class='ocrx_word' id='word_1_452' title='bbox 2916 2557 2975 2610; x_wconf 81' lang='grc' dir='ltr'><strong>Εἰ</strong></span> <span class='ocrx_word' id='word_1_453' title='bbox 3005 2554 3065 2609; x_wconf 85' lang='grc' dir='ltr'>δέ</span> <span class='ocrx_word' id='word_1_454' title='bbox 3091 2576 3172 2619; x_wconf 87' lang='grc' dir='ltr'>τις</span> <span class='ocrx_word' id='word_1_455' title='bbox 3214 2556 3416 2630; x_wconf 80' lang='grc' dir='ltr'>βέλτιον</span> <span class='ocrx_word' id='word_1_456' title='bbox 3464 2558 3625 2630; x_wconf 89' lang='grc' dir='ltr'>λέγοι,</span> <span class='ocrx_word' id='word_1_457' title='bbox 3654 2560 3684 2617; x_wconf 74' lang='grc' dir='ltr'><em>ἢ</em></span> <span class='ocrx_word' id='word_1_458' title='bbox 3721 2555 3872 2633; x_wconf 86' lang='grc' dir='ltr'>διορ-</span> 
     </span>
    </p>
   </div>
   <div class='ocr_carea' id='block_1_62' title="bbox 2263 2644 3869 2722">
    <p class='ocr_par' dir='ltr' id='par_1_62' title="bbox 2263 2644 3869 2722">
     <span class='ocr_line' id='line_1_62' title="bbox 2263 2644 3869 2722; baseline 0.001 -24"><span class='ocrx_word' id='word_1_459' title='bbox 2263 2649 2376 2703; x_wconf 80' lang='grc' dir='ltr'>θοίη</span> <span class='ocrx_word' id='word_1_460' title='bbox 2412 2645 2629 2705; x_wconf 71' lang='grc' dir='ltr'>εὐσεϐῶς</span> <span class='ocrx_word' id='word_1_461' title='bbox 2661 2648 2727 2697; x_wconf 80' lang='grc' dir='ltr'>τὰ</span> <span class='ocrx_word' id='word_1_462' title='bbox 2753 2648 2995 2721; x_wconf 76' lang='grc' dir='ltr'>ἡμέτερα,</span> <span class='ocrx_word' id='word_1_463' title='bbox 3034 2651 3123 2697; x_wconf 89' lang='lat' dir='ltr'>xui</span> <span class='ocrx_word' id='word_1_464' title='bbox 3166 2646 3353 2717; x_wconf 87' lang='grc' dir='ltr'>λεγέτω</span> <span class='ocrx_word' id='word_1_465' title='bbox 3391 2652 3481 2699; x_wconf 88' lang='lat' dir='ltr'>xui</span> <span class='ocrx_word' id='word_1_466' title='bbox 3514 2644 3869 2722; x_wconf 79' lang='grc' dir='ltr'>διορθούσθω,</span> 
     </span>
    </p>
   </div>
   <div class='ocr_carea' id='block_1_63' title="bbox 2260 2731 3873 2809">
    <p class='ocr_par' dir='ltr' id='par_1_63' title="bbox 2260 2731 3873 2809">
     <span class='ocr_line' id='line_1_63' title="bbox 2260 2731 3873 2809; baseline 0.001 -22"><span class='ocrx_word' id='word_1_467' title='bbox 2260 2741 2349 2787; x_wconf 86' lang='grc' dir='ltr'>καὶ</span> <span class='ocrx_word' id='word_1_468' title='bbox 2406 2738 2430 2787; x_wconf 90' lang='lat'>6</span> <span class='ocrx_word' id='word_1_469' title='bbox 2493 2739 2681 2807; x_wconf 82' lang='grc' dir='ltr'>Κύριος</span> <span class='ocrx_word' id='word_1_470' title='bbox 2720 2731 3085 2786; x_wconf 76' lang='grc' dir='ltr'>ἀνταποδῶσει</span> <span class='ocrx_word' id='word_1_471' title='bbox 3124 2737 3249 2809; x_wconf 73' lang='grc' dir='ltr'>ὑπερ</span> <span class='ocrx_word' id='word_1_472' title='bbox 3310 2738 3472 2807; x_wconf 81' lang='grc' dir='ltr'>ἡμῶν.</span> <span class='ocrx_word' id='word_1_473' title='bbox 3536 2733 3722 2797; x_wconf 73' lang='grc' dir='ltr'>Οὐδεὶς</span> <span class='ocrx_word' id='word_1_474' title='bbox 3765 2740 3873 2809; x_wconf 74' lang='grc' dir='ltr'>γὰρ</span> 
     </span>
    </p>
   </div>
   <div class='ocr_carea' id='block_1_64' title="bbox 2260 2823 3876 2897">
    <p class='ocr_par' dir='ltr' id='par_1_64' title="bbox 2260 2823 3876 2897">
     <span class='ocr_line' id='line_1_64' title="bbox 2260 2823 3876 2897; baseline 0 -20"><span class='ocrx_word' id='word_1_475' title='bbox 2260 2824 2382 2897; x_wconf 82' lang='grc' dir='ltr'>παρ’</span> <span class='ocrx_word' id='word_1_476' title='bbox 2438 2827 2560 2897; x_wconf 79' lang='grc' dir='ltr'>ἡμῖν</span> <span class='ocrx_word' id='word_1_477' title='bbox 2612 2824 2880 2883; x_wconf 67' lang='grc' dir='ltr'>αὐλίζεται</span> <span class='ocrx_word' id='word_1_478' title='bbox 2947 2826 3149 2895; x_wconf 62' lang='grc' dir='ltr'>φθόνος,</span> <span class='ocrx_word' id='word_1_479' title='bbox 3220 2827 3299 2876; x_wconf 86' lang='grc' dir='ltr'>ὅτι</span> <span class='ocrx_word' id='word_1_480' title='bbox 3345 2823 3484 2896; x_wconf 77' lang='grc' dir='ltr'>μὴδε</span> <span class='ocrx_word' id='word_1_481' title='bbox 3560 2826 3876 2897; x_wconf 60' lang='grc' dir='ltr'>φιλονείκίας</span> 
     </span>
    </p>
   </div>
   <div class='ocr_carea' id='block_1_65' title="bbox 2261 2910 3875 2983">
    <p class='ocr_par' dir='ltr' id='par_1_65' title="bbox 2261 2910 3875 2983">
     <span class='ocr_line' id='line_1_65' title="bbox 2261 2910 3875 2983; baseline 0 -17"><span class='ocrx_word' id='word_1_482' title='bbox 2261 2915 2418 2966; x_wconf 78' lang='grc' dir='ltr'>ἕνεκεν</span> <span class='ocrx_word' id='word_1_483' title='bbox 2475 2916 2503 2972; x_wconf 77' lang='grc' dir='ltr'>ἡ</span> <span class='ocrx_word' id='word_1_484' title='bbox 2539 2910 2836 2975; x_wconf 81' lang='grc' dir='ltr'>κενοδοξίας</span> <span class='ocrx_word' id='word_1_485' title='bbox 2878 2914 2990 2983; x_wconf 83' lang='lat'>(85)</span> <span class='ocrx_word' id='word_1_486' title='bbox 3042 2913 3123 2965; x_wconf 76' lang='grc' dir='ltr'>ἐπὶ</span> <span class='ocrx_word' id='word_1_487' title='bbox 3156 2910 3314 2971; x_wconf 84' lang='grc' dir='ltr'>τήνδε</span> <span class='ocrx_word' id='word_1_488' title='bbox 3358 2920 3451 2972; x_wconf 81' lang='grc' dir='ltr'>τὴν</span> <span class='ocrx_word' id='word_1_489' title='bbox 3479 2914 3709 2978; x_wconf 76' lang='grc' dir='ltr'>ἐξέτασιν</span> <span class='ocrx_word' id='word_1_490' title='bbox 3768 2924 3875 2966; x_wconf 83' lang='grc' dir='ltr'>τῶν</span> 
     </span>
    </p>
   </div>
   <div class='ocr_carea' id='block_1_66' title="bbox 2258 3001 3876 3078">
    <p class='ocr_par' dir='ltr' id='par_1_66' title="bbox 2258 3001 3876 3078">
     <span class='ocr_line' id='line_1_66' title="bbox 2258 3001 3876 3078; baseline 0.001 -25"><span class='ocrx_word' id='word_1_491' title='bbox 2258 3005 2505 3078; x_wconf 62' lang='grc' dir='ltr'>ῥημάτων</span> <span class='ocrx_word' id='word_1_492' title='bbox 2567 3008 2944 3077; x_wconf 79' lang='grc' dir='ltr'>κεχωρήκαμεν</span> <span class='ocrx_word' id='word_1_493' title='bbox 2978 3017 2992 3031; x_wconf 86' lang='grc'><strong>⁸</strong></span> <span class='ocrx_word' id='word_1_494' title='bbox 3058 3001 3202 3054; x_wconf 77' lang='grc' dir='ltr'>ἀλλὰ’</span> <span class='ocrx_word' id='word_1_495' title='bbox 3254 3004 3491 3075; x_wconf 74' lang='grc' dir='ltr'>ὠφελείας</span> <span class='ocrx_word' id='word_1_496' title='bbox 3552 3006 3711 3057; x_wconf 76' lang='grc' dir='ltr'>ἕνεκεν</span> <span class='ocrx_word' id='word_1_497' title='bbox 3771 3013 3876 3055; x_wconf 81' lang='grc' dir='ltr'>τῶν</span> 
     </span>
    </p>
   </div>
   <div class='ocr_carea' id='block_1_67' title="bbox 473 3089 2141 3178">
    <p class='ocr_par' dir='ltr' id='par_1_67' title="bbox 473 3093 2141 3165">
     <span class='ocr_line' id='line_1_67' title="bbox 473 3093 2141 3165; baseline -0.001 -16"><span class='ocrx_word' id='word_1_498' title='bbox 473 3094 772 3149; x_wconf 85' lang='lat' dir='ltr'>habitavit</span> <span class='ocrx_word' id='word_1_499' title='bbox 790 3093 1109 3161; x_wconf 88' lang='lat' dir='ltr'>invidia,ut</span> <span class='ocrx_word' id='word_1_500' title='bbox 1127 3093 1231 3165; x_wconf 90' lang='lat' dir='ltr'>qui</span> <span class='ocrx_word' id='word_1_501' title='bbox 1258 3109 1367 3148; x_wconf 90' lang='lat' dir='ltr'>nec</span> <span class='ocrx_word' id='word_1_502' title='bbox 1388 3094 1923 3158; x_wconf 85' lang='lat' dir='ltr'>contentionis,nec</span> <span class='ocrx_word' id='word_1_503' title='bbox 1944 3095 2141 3149; x_wconf 88' lang='lat' dir='ltr'>inanis</span> 
     </span>
    </p>
   </div>
   <div class='ocr_carea' id='block_1_68' title="bbox 2256 3089 3878 3178">
    <p class='ocr_par' dir='ltr' id='par_1_68' title="bbox 2261 3089 3878 3168">
     <span class='ocr_line' id='line_1_68' title="bbox 2261 3089 3878 3168; baseline 0.001 -24"><span class='ocrx_word' id='word_1_504' title='bbox 2261 3090 2512 3164; x_wconf 77' lang='grc' dir='ltr'>ἀδελφῶν,</span> <span class='ocrx_word' id='word_1_505' title='bbox 2574 3093 2699 3165; x_wconf 66' lang='grc' dir='ltr'>ὑπὲρ</span> <span class='ocrx_word' id='word_1_506' title='bbox 2771 3100 2860 3143; x_wconf 78' lang='grc' dir='ltr'>τοῦ</span> <span class='ocrx_word' id='word_1_507' title='bbox 2918 3096 2988 3164; x_wconf 81' lang='grc' dir='ltr'>μὴ</span> <span class='ocrx_word' id='word_1_508' title='bbox 3069 3089 3241 3143; x_wconf 77' lang='grc' dir='ltr'>δοκεῖν</span> <span class='ocrx_word' id='word_1_509' title='bbox 3301 3095 3729 3168; x_wconf 76' lang='grc' dir='ltr'>παρακρούεσθαι</span> <span class='ocrx_word' id='word_1_510' title='bbox 3808 3096 3878 3145; x_wconf 80' lang='grc' dir='ltr'>τὰ</span> 
     </span>
    </p>
   </div>
   <div class='ocr_carea' id='block_1_69' title="bbox 481 3182 2141 3252">
    <p class='ocr_par' dir='ltr' id='par_1_69' title="bbox 481 3182 2141 3252">
     <span class='ocr_line' id='line_1_69' title="bbox 481 3182 2141 3252; baseline 0.001 -15"><span class='ocrx_word' id='word_1_511' title='bbox 481 3182 685 3252; x_wconf 67' lang='lat' dir='ltr'>glorias</span> <span class='ocrx_word' id='word_1_512' title='bbox 712 3182 910 3237; x_wconf 91' lang='lat' dir='ltr'>studio</span> <span class='ocrx_word' id='word_1_513' title='bbox 952 3182 1030 3236; x_wconf 90' lang='lat' dir='ltr'>ad</span> <span class='ocrx_word' id='word_1_514' title='bbox 1059 3182 1219 3236; x_wconf 82' lang='lat' dir='ltr'>hanc</span> <span class='ocrx_word' id='word_1_515' title='bbox 1244 3182 1567 3237; x_wconf 89' lang='lat' dir='ltr'>verborum</span> <span class='ocrx_word' id='word_1_516' title='bbox 1616 3183 2141 3251; x_wconf 88' lang='lat' dir='ltr'>investigationem</span> 
     </span>
    </p>
   </div>
   <div class='ocr_carea' id='block_1_70' title="bbox 471 3270 2145 3342">
    <p class='ocr_par' dir='ltr' id='par_1_70' title="bbox 471 3270 2145 3342">
     <span class='ocr_line' id='line_1_70' title="bbox 471 3270 2145 3342; baseline -0.001 -15"><span class='ocrx_word' id='word_1_517' title='bbox 471 3271 905 3327; x_wconf 90' lang='lat' dir='ltr'>accesserimus</span> <span class='ocrx_word' id='word_1_518' title='bbox 939 3288 951 3336; x_wconf 91' lang='lat'>;</span> <span class='ocrx_word' id='word_1_519' title='bbox 1001 3271 1109 3325; x_wconf 90' lang='lat' dir='ltr'>sed</span> <span class='ocrx_word' id='word_1_520' title='bbox 1136 3277 1384 3342; x_wconf 90' lang='lat' dir='ltr'>propter</span> <span class='ocrx_word' id='word_1_521' title='bbox 1406 3270 1660 3327; x_wconf 88' lang='lat' dir='ltr'>fratrum</span> <span class='ocrx_word' id='word_1_522' title='bbox 1684 3272 2020 3339; x_wconf 84' lang='lat' dir='ltr'>utilitatem,</span> <span class='ocrx_word' id='word_1_523' title='bbox 2066 3288 2145 3328; x_wconf 92' lang='lat' dir='ltr'>ne</span> 
     </span>
    </p>
   </div>
   <div class='ocr_carea' id='block_1_71' title="bbox 470 3359 2149 3417">
    <p class='ocr_par' dir='ltr' id='par_1_71' title="bbox 470 3359 2149 3417">
     <span class='ocr_line' id='line_1_71' title="bbox 470 3359 2149 3417; baseline 0.002 -3"><span class='ocrx_word' id='word_1_524' title='bbox 470 3364 733 3415; x_wconf 89' lang='lat' dir='ltr'>testacea</span> <span class='ocrx_word' id='word_1_525' title='bbox 764 3376 910 3415; x_wconf 82' lang='lat' dir='ltr'>vasa</span> <span class='ocrx_word' id='word_1_526' title='bbox 938 3360 1296 3414; x_wconf 86' lang='lat' dir='ltr'>thesaurum</span> <span class='ocrx_word' id='word_1_527' title='bbox 1322 3359 1421 3415; x_wconf 91' lang='lat' dir='ltr'>Dei</span> <span class='ocrx_word' id='word_1_528' title='bbox 1444 3360 1730 3415; x_wconf 88' lang='lat' dir='ltr'>habentia</span> <span class='ocrx_word' id='word_1_529' title='bbox 1759 3360 1833 3417; x_wconf 82' lang='lat' dir='ltr'>ab</span> <span class='ocrx_word' id='word_1_530' title='bbox 1878 3361 2149 3417; x_wconf 87' lang='lat' dir='ltr'>homini—</span> 
     </span>
    </p>
   </div>
   <div class='ocr_carea' id='block_1_72' title="bbox 2262 3182 3870 3255">
    <p class='ocr_par' dir='ltr' id='par_1_72' title="bbox 2262 3182 3870 3255">
     <span class='ocr_line' id='line_1_72' title="bbox 2262 3182 3870 3255; baseline 0.001 -22"><span class='ocrx_word' id='word_1_531' title='bbox 2262 3182 2543 3254; x_wconf 84' lang='grc' dir='ltr'>ὀστράκινα</span> <span class='ocrx_word' id='word_1_532' title='bbox 2576 3184 2757 3238; x_wconf 74' lang='grc' dir='ltr'>σκεύη·</span> <span class='ocrx_word' id='word_1_533' title='bbox 2804 3183 2869 3231; x_wconf 83' lang='grc' dir='ltr'>τὰ</span> <span class='ocrx_word' id='word_1_534' title='bbox 2921 3184 3007 3231; x_wconf 84' lang='grc' dir='ltr'>τόν</span> <span class='ocrx_word' id='word_1_535' title='bbox 3050 3183 3314 3255; x_wconf 85' lang='grc' dir='ltr'>θησαυρὸν</span> <span class='ocrx_word' id='word_1_536' title='bbox 3354 3184 3547 3253; x_wconf 75' lang='grc' dir='ltr'>ἔχοντα</span> <span class='ocrx_word' id='word_1_537' title='bbox 3593 3189 3685 3234; x_wconf 82' lang='grc' dir='ltr'>τοῦ</span> <span class='ocrx_word' id='word_1_538' title='bbox 3715 3186 3870 3253; x_wconf 84' lang='grc' dir='ltr'>Θεοῦ,</span> 
     </span>
    </p>
   </div>
   <div class='ocr_carea' id='block_1_73' title="bbox 2260 3266 3871 3346">
    <p class='ocr_par' dir='ltr' id='par_1_73' title="bbox 2260 3266 3871 3346">
     <span class='ocr_line' id='line_1_73' title="bbox 2260 3266 3871 3346; baseline -0.002 -22"><span class='ocrx_word' id='word_1_539' title='bbox 2260 3275 2358 3323; x_wconf 80' lang='grc' dir='ltr'>ὑπό</span> <span class='ocrx_word' id='word_1_540' title='bbox 2408 3278 2505 3322; x_wconf 87' lang='grc' dir='ltr'>τῶν</span> <span class='ocrx_word' id='word_1_541' title='bbox 2568 3266 2918 3343; x_wconf 84' lang='grc' dir='ltr'>λιθοκαρδίων</span> <span class='ocrx_word' id='word_1_542' title='bbox 2975 3276 3065 3322; x_wconf 90' lang='lat' dir='ltr'>xui</span> <span class='ocrx_word' id='word_1_543' title='bbox 3133 3269 3497 3344; x_wconf 78' lang='grc' dir='ltr'>ἀπεριτμήτων</span> <span class='ocrx_word' id='word_1_544' title='bbox 3564 3270 3871 3346; x_wconf 79' lang='grc' dir='ltr'>ἀνθρώπων,</span> 
     </span>
    </p>
   </div>
   <div class='ocr_carea' id='block_1_74' title="bbox 2260 3359 3365 3435">
    <p class='ocr_par' dir='ltr' id='par_1_74' title="bbox 2260 3359 3365 3435">
     <span class='ocr_line' id='line_1_74' title="bbox 2260 3359 3365 3435; baseline -0.002 -22"><span class='ocrx_word' id='word_1_545' title='bbox 2260 3371 2359 3415; x_wconf 90' lang='grc' dir='ltr'>τῶν</span> <span class='ocrx_word' id='word_1_546' title='bbox 2394 3361 2448 3413; x_wconf 82' lang='grc' dir='ltr'>ἐκ</span> <span class='ocrx_word' id='word_1_547' title='bbox 2475 3370 2565 3420; x_wconf 79' lang='grc' dir='ltr'>τῆς</span> <span class='ocrx_word' id='word_1_548' title='bbox 2587 3366 2761 3435; x_wconf 85' lang='grc' dir='ltr'>μωρᾱς</span> <span class='ocrx_word' id='word_1_549' title='bbox 2793 3359 3129 3431; x_wconf 83' lang='grc' dir='ltr'>ὡπλισμένων</span> <span class='ocrx_word' id='word_1_550' title='bbox 3163 3366 3365 3432; x_wconf 69' lang='grc' dir='ltr'>σοφίας.</span> 
     </span>
    </p>
   </div>
   <div class='ocr_carea' id='block_1_75' title="bbox 471 3448 3873 3527">
    <p class='ocr_par' dir='ltr' id='par_1_75' title="bbox 471 3448 3873 3527">
     <span class='ocr_line' id='line_1_75' title="bbox 471 3448 3873 3527; baseline 0.001 -23"><span class='ocrx_word' id='word_1_551' title='bbox 471 3448 591 3504; x_wconf 91' lang='lat' dir='ltr'>bus</span> <span class='ocrx_word' id='word_1_552' title='bbox 622 3464 805 3503; x_wconf 82' lang='lat' dir='ltr'>saxeo</span> <span class='ocrx_word' id='word_1_553' title='bbox 832 3448 1012 3504; x_wconf 90' lang='lat' dir='ltr'>corde</span> <span class='ocrx_word' id='word_1_554' title='bbox 1062 3448 1325 3519; x_wconf 82' lang='lat' dir='ltr'>praeditis</span> <span class='ocrx_word' id='word_1_555' title='bbox 1354 3454 1411 3503; x_wconf 89' lang='lat' dir='ltr'>et</span> <span class='ocrx_word' id='word_1_556' title='bbox 1461 3448 1915 3517; x_wconf 87' lang='lat' dir='ltr'>incircumcisis,</span> <span class='ocrx_word' id='word_1_557' title='bbox 1975 3452 2080 3523; x_wconf 89' lang='lat' dir='ltr'>qui</span> <span class='ocrx_word' id='word_1_558' title='bbox 2132 3469 2203 3512; x_wconf 83' lang='lat' dir='ltr'>ex</span> <span class='ocrx_word' id='word_1_559' title='bbox 2255 3450 2437 3508; x_wconf 89' lang='lat' dir='ltr'>stulta</span> <span class='ocrx_word' id='word_1_560' title='bbox 2487 3448 2776 3521; x_wconf 84' lang='lat' dir='ltr'>sapientia</span> <span class='ocrx_word' id='word_1_561' title='bbox 2838 3449 3055 3527; x_wconf 83' lang='lat' dir='ltr'>armati</span> <span class='ocrx_word' id='word_1_562' title='bbox 3089 3454 3250 3518; x_wconf 91' lang='lat' dir='ltr'>sunt,</span> <span class='ocrx_word' id='word_1_563' title='bbox 3311 3449 3727 3506; x_wconf 85' lang='lat' dir='ltr'>circumveniri</span> <span class='ocrx_word' id='word_1_564' title='bbox 3773 3451 3873 3506; x_wconf 79' lang='lat' dir='ltr'>vi-</span> 
     </span>
    </p>
   </div>
   <div class='ocr_carea' id='block_1_76' title="bbox 472 3537 761 3593">
    <p class='ocr_par' dir='ltr' id='par_1_76' title="bbox 472 3537 761 3593">
     <span class='ocr_line' id='line_1_76' title="bbox 472 3537 761 3593; baseline 0 0"><span class='ocrx_word' id='word_1_565' title='bbox 472 3537 761 3593; x_wconf 87' lang='lat' dir='ltr'>deantur.</span> 
     </span>
    </p>
   </div>
   <div class='ocr_carea' id='block_1_77' title="bbox 547 3625 2151 3706">
    <p class='ocr_par' dir='ltr' id='par_1_77' title="bbox 547 3625 2151 3706">
     <span class='ocr_line' id='line_1_77' title="bbox 547 3625 2151 3706; baseline 0.002 -23"><span class='ocrx_word' id='word_1_566' title='bbox 547 3632 602 3683; x_wconf 91' lang='lat'>8.</span> <span class='ocrx_word' id='word_1_567' title='bbox 637 3629 864 3682; x_wconf 81' lang='lat' dir='ltr'>Rursus</span> <span class='ocrx_word' id='word_1_568' title='bbox 896 3642 1005 3699; x_wconf 91' lang='lat' dir='ltr'>per</span> <span class='ocrx_word' id='word_1_569' title='bbox 1056 3625 1398 3698; x_wconf 85' lang='lat' dir='ltr'>sapientem</span> <span class='ocrx_word' id='word_1_570' title='bbox 1455 3625 1841 3682; x_wconf 88' lang='lat' dir='ltr'>Salomonem</span> <span class='ocrx_word' id='word_1_571' title='bbox 1901 3628 1962 3683; x_wconf 90' lang='lat' dir='ltr'>in</span> <span class='ocrx_word' id='word_1_572' title='bbox 2009 3632 2151 3706; x_wconf 85' lang='lat' dir='ltr'>Pro_</span> 
     </span>
    </p>
   </div>
   <div class='ocr_carea' id='block_1_78' title="bbox 468 3715 2148 3792">
    <p class='ocr_par' dir='ltr' id='par_1_78' title="bbox 468 3715 2148 3792">
     <span class='ocr_line' id='line_1_78' title="bbox 468 3715 2148 3792; baseline 0.002 -20"><span class='ocrx_word' id='word_1_573' title='bbox 468 3715 690 3772; x_wconf 86' lang='lat' dir='ltr'>verbiis</span> <span class='ocrx_word' id='word_1_574' title='bbox 730 3721 965 3772; x_wconf 88' lang='lat' dir='ltr'>creatus</span> <span class='ocrx_word' id='word_1_575' title='bbox 995 3720 1105 3771; x_wconf 92' lang='lat' dir='ltr'>est.</span> <span class='ocrx_word' id='word_1_576' title='bbox 1140 3717 1427 3771; x_wconf 78' lang='lat' dir='ltr'>Dominus</span> <span class='ocrx_word' id='word_1_577' title='bbox 1459 3718 1637 3786; x_wconf 80' lang='lat' dir='ltr'>enim,</span> <span class='ocrx_word' id='word_1_578' title='bbox 1671 3717 1885 3789; x_wconf 89' lang='lat' dir='ltr'>inquit,</span> <span class='ocrx_word' id='word_1_579' title='bbox 1910 3721 2148 3792; x_wconf 58' lang='lat' dir='ltr'>creavit</span> 
     </span>
    </p>
   </div>
   <div class='ocr_carea' id='block_1_79' title="bbox 468 3804 2138 3873">
    <p class='ocr_par' dir='ltr' id='par_1_79' title="bbox 468 3804 2138 3873">
     <span class='ocr_line' id='line_1_79' title="bbox 468 3804 2138 3873; baseline 0.002 -12"><span class='ocrx_word' id='word_1_580' title='bbox 468 3807 643 3862; x_wconf 69' lang='lat' dir='ltr'>me”.</span> <span class='ocrx_word' id='word_1_581' title='bbox 675 3807 743 3860; x_wconf 87' lang='lat' dir='ltr'>Et</span> <span class='ocrx_word' id='word_1_582' title='bbox 771 3805 1008 3860; x_wconf 89' lang='lat' dir='ltr'>initium</span> <span class='ocrx_word' id='word_1_583' title='bbox 1040 3804 1280 3859; x_wconf 89' lang='lat' dir='ltr'>viarum</span> <span class='ocrx_word' id='word_1_584' title='bbox 1326 3804 1815 3873; x_wconf 87' lang='lat' dir='ltr'>evangelicarum</span> <span class='ocrx_word' id='word_1_585' title='bbox 1858 3808 2138 3865; x_wconf 87' lang='lat' dir='ltr'>nomina-</span> 
     </span>
    </p>
   </div>
   <div class='ocr_carea' id='block_1_80' title="bbox 465 3892 2146 3967">
    <p class='ocr_par' dir='ltr' id='par_1_80' title="bbox 465 3892 2146 3967">
     <span class='ocr_line' id='line_1_80' title="bbox 465 3892 2146 3967; baseline 0.001 -16"><span class='ocrx_word' id='word_1_586' title='bbox 465 3900 583 3963; x_wconf 89' lang='lat' dir='ltr'>tur,</span> <span class='ocrx_word' id='word_1_587' title='bbox 613 3910 747 3967; x_wconf 75' lang='lat' dir='ltr'>quae</span> <span class='ocrx_word' id='word_1_588' title='bbox 794 3910 907 3950; x_wconf 90' lang='lat' dir='ltr'>nos</span> <span class='ocrx_word' id='word_1_589' title='bbox 936 3893 1015 3949; x_wconf 88' lang='lat' dir='ltr'>ad</span> <span class='ocrx_word' id='word_1_590' title='bbox 1064 3909 1319 3963; x_wconf 88' lang='lat' dir='ltr'>regnum</span> <span class='ocrx_word' id='word_1_591' title='bbox 1378 3892 1671 3949; x_wconf 68' lang='lat' dir='ltr'>cmlorum</span> <span class='ocrx_word' id='word_1_592' title='bbox 1704 3894 1936 3951; x_wconf 90' lang='lat' dir='ltr'>ducunt</span> <span class='ocrx_word' id='word_1_593' title='bbox 1967 3913 1980 3961; x_wconf 90' lang='lat'>;</span> <span class='ocrx_word' id='word_1_594' title='bbox 2022 3913 2146 3953; x_wconf 92' lang='lat' dir='ltr'>non</span> 
     </span>
    </p>
   </div>
   <div class='ocr_carea' id='block_1_81' title="bbox 478 3983 2147 4044">
    <p class='ocr_par' dir='ltr' id='par_1_81' title="bbox 478 3983 2147 4044">
     <span class='ocr_line' id='line_1_81' title="bbox 478 3983 2147 4044; baseline 0 -5"><span class='ocrx_word' id='word_1_595' title='bbox 478 3983 816 4039; x_wconf 87' lang='lat' dir='ltr'>secundum</span> <span class='ocrx_word' id='word_1_596' title='bbox 850 3984 1174 4037; x_wconf 88' lang='lat' dir='ltr'>essentiam</span> <span class='ocrx_word' id='word_1_597' title='bbox 1208 3986 1501 4044; x_wconf 87' lang='lat' dir='ltr'>creatura,</span> <span class='ocrx_word' id='word_1_598' title='bbox 1529 3983 1633 4038; x_wconf 88' lang='lat' dir='ltr'>sed</span> <span class='ocrx_word' id='word_1_599' title='bbox 1665 3983 2001 4039; x_wconf 88' lang='lat' dir='ltr'>secundum</span> <span class='ocrx_word' id='word_1_600' title='bbox 2029 3984 2147 4039; x_wconf 91' lang='lat' dir='ltr'>dis-</span> 
     </span>
    </p>
   </div>
   <div class='ocr_carea' id='block_1_82' title="bbox 475 4069 2148 4144">
    <p class='ocr_par' dir='ltr' id='par_1_82' title="bbox 475 4069 2148 4144">
     <span class='ocr_line' id='line_1_82' title="bbox 475 4069 2148 4144; baseline 0.002 -18"><span class='ocrx_word' id='word_1_601' title='bbox 475 4070 904 4144; x_wconf 87' lang='lat' dir='ltr'>pensationem</span> <span class='ocrx_word' id='word_1_602' title='bbox 926 4069 1119 4125; x_wconf 86' lang='lat' dir='ltr'>factus</span> <span class='ocrx_word' id='word_1_603' title='bbox 1142 4070 1259 4125; x_wconf 89' lang='lat' dir='ltr'>via.</span> <span class='ocrx_word' id='word_1_604' title='bbox 1293 4074 1439 4126; x_wconf 87' lang='lat' dir='ltr'>Nam</span> <span class='ocrx_word' id='word_1_605' title='bbox 1468 4072 1699 4139; x_wconf 73' lang='lat' dir='ltr'>factum</span> <span class='ocrx_word' id='word_1_606' title='bbox 1726 4086 1867 4137; x_wconf 89' lang='lat' dir='ltr'>esse,</span> <span class='ocrx_word' id='word_1_607' title='bbox 1897 4078 1952 4127; x_wconf 91' lang='lat' dir='ltr'>et</span> <span class='ocrx_word' id='word_1_608' title='bbox 1982 4088 2148 4130; x_wconf 82' lang='lat' dir='ltr'>crea-</span> 
     </span>
    </p>
   </div>
   <div class='ocr_carea' id='block_1_83' title="bbox 481 4158 2145 4233">
    <p class='ocr_par' dir='ltr' id='par_1_83' title="bbox 481 4158 2145 4233">
     <span class='ocr_line' id='line_1_83' title="bbox 481 4158 2145 4233; baseline 0.002 -18"><span class='ocrx_word' id='word_1_609' title='bbox 481 4168 607 4216; x_wconf 88' lang='lat' dir='ltr'>tum</span> <span class='ocrx_word' id='word_1_610' title='bbox 638 4174 778 4224; x_wconf 86' lang='lat' dir='ltr'>esse,</span> <span class='ocrx_word' id='word_1_611' title='bbox 807 4158 967 4213; x_wconf 91' lang='lat' dir='ltr'>idem</span> <span class='ocrx_word' id='word_1_612' title='bbox 992 4158 1348 4227; x_wconf 85' lang='lat' dir='ltr'>signiﬁcant.</span> <span class='ocrx_word' id='word_1_613' title='bbox 1377 4162 1587 4215; x_wconf 85' lang='lat' dir='ltr'>Factus</span> <span class='ocrx_word' id='word_1_614' title='bbox 1617 4164 1706 4214; x_wconf 88' lang='lat' dir='ltr'>est</span> <span class='ocrx_word' id='word_1_615' title='bbox 1744 4159 1903 4215; x_wconf 90' lang='lat' dir='ltr'>enim</span> <span class='ocrx_word' id='word_1_616' title='bbox 1933 4166 2145 4233; x_wconf 89' lang='lat' dir='ltr'>quate-</span> 
     </span>
    </p>
   </div>
   <div class='ocr_carea' id='block_1_84' title="bbox 483 4248 2143 4321">
    <p class='ocr_par' dir='ltr' id='par_1_84' title="bbox 483 4248 2143 4321">
     <span class='ocr_line' id='line_1_84' title="bbox 483 4248 2143 4321; baseline 0.001 -16"><span class='ocrx_word' id='word_1_617' title='bbox 483 4264 599 4305; x_wconf 91' lang='lat' dir='ltr'>nus</span> <span class='ocrx_word' id='word_1_618' title='bbox 630 4248 727 4303; x_wconf 89' lang='lat' dir='ltr'>via</span> <span class='ocrx_word' id='word_1_619' title='bbox 752 4252 809 4303; x_wconf 91' lang='lat' dir='ltr'>et</span> <span class='ocrx_word' id='word_1_620' title='bbox 833 4248 1025 4317; x_wconf 87' lang='lat' dir='ltr'>janua</span> <span class='ocrx_word' id='word_1_621' title='bbox 1079 4252 1135 4303; x_wconf 88' lang='lat' dir='ltr'>et</span> <span class='ocrx_word' id='word_1_622' title='bbox 1182 4252 1392 4319; x_wconf 90' lang='lat' dir='ltr'>pastor</span> <span class='ocrx_word' id='word_1_623' title='bbox 1422 4253 1477 4303; x_wconf 92' lang='lat' dir='ltr'>et</span> <span class='ocrx_word' id='word_1_624' title='bbox 1502 4249 1749 4303; x_wconf 89' lang='lat' dir='ltr'>nuntius</span> <span class='ocrx_word' id='word_1_625' title='bbox 1794 4254 1850 4303; x_wconf 94' lang='lat' dir='ltr'>et</span> <span class='ocrx_word' id='word_1_626' title='bbox 1879 4250 2031 4321; x_wconf 89' lang='lat' dir='ltr'>ovis,</span> <span class='ocrx_word' id='word_1_627' title='bbox 2073 4266 2143 4306; x_wconf 90' lang='lat' dir='ltr'>ac</span> 
     </span>
    </p>
   </div>
   <div class='ocr_carea' id='block_1_85' title="bbox 471 4336 2144 4410">
    <p class='ocr_par' dir='ltr' id='par_1_85' title="bbox 471 4336 2144 4410">
     <span class='ocr_line' id='line_1_85' title="bbox 471 4336 2144 4410; baseline 0.001 -16"><span class='ocrx_word' id='word_1_628' title='bbox 471 4353 681 4395; x_wconf 90' lang='lat' dir='ltr'>rursus</span> <span class='ocrx_word' id='word_1_629' title='bbox 745 4336 1014 4409; x_wconf 81' lang='lat' dir='ltr'>pontifex</span> <span class='ocrx_word' id='word_1_630' title='bbox 1069 4341 1127 4392; x_wconf 92' lang='lat' dir='ltr'>et</span> <span class='ocrx_word' id='word_1_631' title='bbox 1180 4336 1528 4410; x_wconf 86' lang='lat' dir='ltr'>apostolus;</span> <span class='ocrx_word' id='word_1_632' title='bbox 1596 4337 1947 4393; x_wconf 89' lang='lat' dir='ltr'>nominibus</span> <span class='ocrx_word' id='word_1_633' title='bbox 2014 4340 2144 4396; x_wconf 89' lang='lat' dir='ltr'>aliis</span> 
     </span>
    </p>
   </div>
   <div class='ocr_carea' id='block_1_86' title="bbox 466 4422 2145 4500">
    <p class='ocr_par' dir='ltr' id='par_1_86' title="bbox 466 4422 2145 4500">
     <span class='ocr_line' id='line_1_86' title="bbox 466 4422 2145 4500; baseline 0.004 -23"><span class='ocrx_word' id='word_1_634' title='bbox 466 4438 578 4495; x_wconf 90' lang='lat' dir='ltr'>pro</span> <span class='ocrx_word' id='word_1_635' title='bbox 609 4422 728 4478; x_wconf 90' lang='lat' dir='ltr'>alia</span> <span class='ocrx_word' id='word_1_636' title='bbox 759 4423 1192 4479; x_wconf 89' lang='lat' dir='ltr'>considerandi</span> <span class='ocrx_word' id='word_1_637' title='bbox 1222 4425 1453 4481; x_wconf 88' lang='lat' dir='ltr'>ratione</span> <span class='ocrx_word' id='word_1_638' title='bbox 1485 4425 1716 4496; x_wconf 88' lang='lat' dir='ltr'>positis.</span> <span class='ocrx_word' id='word_1_639' title='bbox 1748 4428 1972 4482; x_wconf 85' lang='lat' dir='ltr'>Rursus</span> <span class='ocrx_word' id='word_1_640' title='bbox 1996 4428 2145 4500; x_wconf 92' lang='lat' dir='ltr'>quid</span> 
     </span>
    </p>
   </div>
   <div class='ocr_carea' id='block_1_87' title="bbox 466 4511 2141 4588">
    <p class='ocr_par' dir='ltr' id='par_1_87' title="bbox 466 4511 2141 4588">
     <span class='ocr_line' id='line_1_87' title="bbox 466 4511 2141 4588; baseline 0.004 -21"><span class='ocrx_word' id='word_1_641' title='bbox 466 4511 635 4567; x_wconf 89' lang='lat' dir='ltr'>dicat</span> <span class='ocrx_word' id='word_1_642' title='bbox 659 4512 975 4568; x_wconf 65' lang='lat' dir='ltr'>haereticus</span> <span class='ocrx_word' id='word_1_643' title='bbox 1007 4513 1119 4583; x_wconf 79' lang='lat'>87</span> <span class='ocrx_word' id='word_1_644' title='bbox 1158 4513 1233 4569; x_wconf 92' lang='lat' dir='ltr'>de</span> <span class='ocrx_word' id='word_1_645' title='bbox 1264 4529 1387 4569; x_wconf 91' lang='lat' dir='ltr'>non</span> <span class='ocrx_word' id='word_1_646' title='bbox 1419 4513 1695 4584; x_wconf 90' lang='lat' dir='ltr'>subjecto</span> <span class='ocrx_word' id='word_1_647' title='bbox 1728 4517 1867 4585; x_wconf 89' lang='lat' dir='ltr'>Deo,</span> <span class='ocrx_word' id='word_1_648' title='bbox 1896 4521 1953 4571; x_wconf 88' lang='lat' dir='ltr'>et</span> <span class='ocrx_word' id='word_1_649' title='bbox 2002 4532 2141 4588; x_wconf 89' lang='lat' dir='ltr'>pro-</span> 
     </span>
    </p>
   </div>
   <div class='ocr_carea' id='block_1_88' title="bbox 468 4599 2139 4675">
    <p class='ocr_par' dir='ltr' id='par_1_88' title="bbox 468 4599 2139 4675">
     <span class='ocr_line' id='line_1_88' title="bbox 468 4599 2139 4675; baseline 0.004 -20"><span class='ocrx_word' id='word_1_650' title='bbox 468 4605 600 4672; x_wconf 91' lang='lat' dir='ltr'>pter</span> <span class='ocrx_word' id='word_1_651' title='bbox 629 4616 741 4656; x_wconf 93' lang='lat' dir='ltr'>nos</span> <span class='ocrx_word' id='word_1_652' title='bbox 784 4599 943 4657; x_wconf 86' lang='lat' dir='ltr'>facto</span> <span class='ocrx_word' id='word_1_653' title='bbox 995 4603 1294 4673; x_wconf 85' lang='lat' dir='ltr'>peccato?</span> <span class='ocrx_word' id='word_1_654' title='bbox 1328 4602 1627 4673; x_wconf 90' lang='lat' dir='ltr'>Scriptum</span> <span class='ocrx_word' id='word_1_655' title='bbox 1674 4619 1944 4675; x_wconf 88' lang='lat' dir='ltr'>namque</span> <span class='ocrx_word' id='word_1_656' title='bbox 1998 4611 2086 4661; x_wconf 88' lang='lat' dir='ltr'>est</span> <span class='ocrx_word' id='word_1_657' title='bbox 2126 4623 2139 4661; x_wconf 89' lang='lat'><strong>:</strong></span> 
     </span>
    </p>
   </div>
   <div class='ocr_carea' id='block_1_89' title="bbox 2328 3623 3870 3702">
    <p class='ocr_par' dir='ltr' id='par_1_89' title="bbox 2328 3623 3870 3702">
     <span class='ocr_line' id='line_1_89' title="bbox 2328 3623 3870 3702; baseline -0.002 -20"><span class='ocrx_word' id='word_1_658' title='bbox 2328 3631 2382 3687; x_wconf 92' lang='lat'>8.</span> <span class='ocrx_word' id='word_1_659' title='bbox 2420 3628 2579 3681; x_wconf 87' lang='grc' dir='ltr'>Πάλιν</span> <span class='ocrx_word' id='word_1_660' title='bbox 2608 3623 2703 3678; x_wconf 84' lang='grc' dir='ltr'>διὰ</span> <span class='ocrx_word' id='word_1_661' title='bbox 2740 3632 2831 3677; x_wconf 83' lang='grc' dir='ltr'>τοῦ</span> <span class='ocrx_word' id='word_1_662' title='bbox 2875 3634 3035 3698; x_wconf 64' lang='grc' dir='ltr'>σοφοῦ</span> <span class='ocrx_word' id='word_1_663' title='bbox 3089 3626 3411 3699; x_wconf 82' lang='grc' dir='ltr'>Σολομῶντος</span> <span class='ocrx_word' id='word_1_664' title='bbox 3460 3626 3509 3679; x_wconf 84' lang='grc' dir='ltr'>έν</span> <span class='ocrx_word' id='word_1_665' title='bbox 3549 3633 3870 3702; x_wconf 86' lang='grc' dir='ltr'>Παροιμίαις</span> 
     </span>
    </p>
   </div>
   <div class='ocr_carea' id='block_1_90' title="bbox 2260 3716 3868 3791">
    <p class='ocr_par' dir='ltr' id='par_1_90' title="bbox 2260 3716 3868 3791">
     <span class='ocr_line' id='line_1_90' title="bbox 2260 3716 3868 3791; baseline -0.001 -22"><span class='ocrx_word' id='word_1_666' title='bbox 2260 3720 2518 3770; x_wconf 77' lang='grc' dir='ltr'>ἔκτισται.</span> <span class='ocrx_word' id='word_1_667' title='bbox 2569 3719 2749 3791; x_wconf 79' lang='grc' dir='ltr'>Σύριος</span> <span class='ocrx_word' id='word_1_668' title='bbox 2800 3718 2921 3789; x_wconf 81' lang='grc' dir='ltr'>γὰρ,</span> <span class='ocrx_word' id='word_1_669' title='bbox 2979 3721 3155 3787; x_wconf 78' lang='grc' dir='ltr'>φησὶν,</span> <span class='ocrx_word' id='word_1_670' title='bbox 3196 3718 3370 3768; x_wconf 80' lang='grc' dir='ltr'>ἔκτισέ</span> <span class='ocrx_word' id='word_1_671' title='bbox 3434 3736 3517 3789; x_wconf 76' lang='grc' dir='ltr'>με.</span> <span class='ocrx_word' id='word_1_672' title='bbox 3580 3722 3677 3770; x_wconf 77' lang='grc' dir='ltr'>Καὶ</span> <span class='ocrx_word' id='word_1_673' title='bbox 3718 3716 3868 3791; x_wconf 75' lang='grc' dir='ltr'>ἀρχή</span> 
     </span>
    </p>
   </div>
   <div class='ocr_carea' id='block_1_91' title="bbox 2257 3804 3871 3879">
    <p class='ocr_par' dir='ltr' id='par_1_91' title="bbox 2257 3804 3871 3879">
     <span class='ocr_line' id='line_1_91' title="bbox 2257 3804 3871 3879; baseline -0.002 -20"><span class='ocrx_word' id='word_1_674' title='bbox 2257 3804 2393 3859; x_wconf 84' lang='grc' dir='ltr'>όδῶν</span> <span class='ocrx_word' id='word_1_675' title='bbox 2425 3805 2769 3877; x_wconf 79' lang='grc' dir='ltr'>εὐαγγελικῶν</span> <span class='ocrx_word' id='word_1_676' title='bbox 2793 3804 3125 3877; x_wconf 80' lang='grc' dir='ltr'>ὀνομάζεται,</span> <span class='ocrx_word' id='word_1_677' title='bbox 3180 3804 3422 3877; x_wconf 78' lang='grc' dir='ltr'>ἀγουσῶν</span> <span class='ocrx_word' id='word_1_678' title='bbox 3452 3809 3592 3878; x_wconf 81' lang='grc' dir='ltr'>ἡμᾶς</span> <span class='ocrx_word' id='word_1_679' title='bbox 3616 3810 3744 3879; x_wconf 86' lang='grc' dir='ltr'>πρὸς</span> <span class='ocrx_word' id='word_1_680' title='bbox 3771 3810 3871 3864; x_wconf 71' lang='grc' dir='ltr'>τήν</span> 
     </span>
    </p>
   </div>
   <div class='ocr_carea' id='block_1_92' title="bbox 2258 3893 3916 3968">
    <p class='ocr_par' dir='ltr' id='par_1_92' title="bbox 2258 3893 3916 3968">
     <span class='ocr_line' id='line_1_92' title="bbox 2258 3893 3916 3968; baseline -0.001 -20"><span class='ocrx_word' id='word_1_681' title='bbox 2258 3894 2532 3968; x_wconf 86' lang='grc' dir='ltr'>βασιλείαν</span> <span class='ocrx_word' id='word_1_682' title='bbox 2564 3903 2662 3945; x_wconf 90' lang='grc' dir='ltr'>τῶν</span> <span class='ocrx_word' id='word_1_683' title='bbox 2708 3894 2955 3966; x_wconf 71' lang='grc' dir='ltr'>οὐρανῶν,</span> <span class='ocrx_word' id='word_1_684' title='bbox 3006 3894 3065 3945; x_wconf 80' lang='grc' dir='ltr'>οὒ</span> <span class='ocrx_word' id='word_1_685' title='bbox 3115 3895 3229 3946; x_wconf 83' lang='grc' dir='ltr'>κατ’</span> <span class='ocrx_word' id='word_1_686' title='bbox 3263 3893 3447 3946; x_wconf 80' lang='grc' dir='ltr'>οὐσίαν</span> <span class='ocrx_word' id='word_1_687' title='bbox 3498 3900 3693 3962; x_wconf 83' lang='grc' dir='ltr'>κτίσις,</span> <span class='ocrx_word' id='word_1_688' title='bbox 3739 3893 3916 3961; x_wconf 62' lang='grc' dir='ltr'>ἀλλὰ]</span> 
     </span>
    </p>
   </div>
   <div class='ocr_carea' id='block_1_93' title="bbox 2254 3979 3869 4058">
    <p class='ocr_par' dir='ltr' id='par_1_93' title="bbox 2254 3979 3869 4058">
     <span class='ocr_line' id='line_1_93' title="bbox 2254 3979 3869 4058; baseline 0 -22"><span class='ocrx_word' id='word_1_689' title='bbox 2254 3988 2390 4036; x_wconf 78' lang='grc' dir='ltr'>κατὰ</span> <span class='ocrx_word' id='word_1_690' title='bbox 2442 3989 2537 4043; x_wconf 80' lang='grc' dir='ltr'>τὴν</span> <span class='ocrx_word' id='word_1_691' title='bbox 2580 3983 2876 4055; x_wconf 83' lang='grc' dir='ltr'>οἰκονομίαν</span> <span class='ocrx_word' id='word_1_692' title='bbox 2927 3979 3050 4044; x_wconf 87' lang='grc' dir='ltr'>ὁδός</span> <span class='ocrx_word' id='word_1_693' title='bbox 3096 3989 3340 4055; x_wconf 88' lang='grc' dir='ltr'>γεγονώς.</span> <span class='ocrx_word' id='word_1_694' title='bbox 3396 3988 3465 4037; x_wconf 83' lang='grc' dir='ltr'>Τό</span> <span class='ocrx_word' id='word_1_695' title='bbox 3518 3986 3618 4058; x_wconf 79' lang='grc' dir='ltr'>γὰρ</span> <span class='ocrx_word' id='word_1_696' title='bbox 3656 3988 3869 4055; x_wconf 84' lang='grc' dir='ltr'>γεγονέ-</span> 
     </span>
    </p>
   </div>
   <div class='ocr_carea' id='block_1_94' title="bbox 2253 4070 3873 4145">
    <p class='ocr_par' dir='ltr' id='par_1_94' title="bbox 2253 4070 3873 4145">
     <span class='ocr_line' id='line_1_94' title="bbox 2253 4070 3873 4145; baseline 0 -20"><span class='ocrx_word' id='word_1_697' title='bbox 2253 4094 2357 4141; x_wconf 88' lang='grc' dir='ltr'>ναι,</span> <span class='ocrx_word' id='word_1_698' title='bbox 2419 4078 2508 4125; x_wconf 88' lang='lat' dir='ltr'>xui</span> <span class='ocrx_word' id='word_1_699' title='bbox 2556 4078 2611 4125; x_wconf 89' lang='grc' dir='ltr'><strong>τό</strong></span> <span class='ocrx_word' id='word_1_700' title='bbox 2678 4073 2938 4143; x_wconf 74' lang='grc' dir='ltr'>ἐκτίσθαι,</span> <span class='ocrx_word' id='word_1_701' title='bbox 2989 4077 3177 4125; x_wconf 81' lang='grc' dir='ltr'>ταυτὸν</span> <span class='ocrx_word' id='word_1_702' title='bbox 3229 4070 3407 4131; x_wconf 85' lang='grc' dir='ltr'>δηλοῖ.</span> <span class='ocrx_word' id='word_1_703' title='bbox 3456 4072 3541 4134; x_wconf 84' lang='grc' dir='ltr'>Ὠς</span> <span class='ocrx_word' id='word_1_704' title='bbox 3597 4076 3695 4145; x_wconf 78' lang='grc' dir='ltr'>γὰρ</span> <span class='ocrx_word' id='word_1_705' title='bbox 3743 4070 3873 4134; x_wconf 84' lang='grc' dir='ltr'>ὁδὸς</span> 
     </span>
    </p>
   </div>
   <div class='ocr_carea' id='block_1_95' title="bbox 2250 4162 3867 4237">
    <p class='ocr_par' dir='ltr' id='par_1_95' title="bbox 2250 4162 3867 4237">
     <span class='ocr_line' id='line_1_95' title="bbox 2250 4162 3867 4237; baseline 0 -23"><span class='ocrx_word' id='word_1_706' title='bbox 2250 4167 2446 4233; x_wconf 86' lang='grc' dir='ltr'>γέγονε,</span> <span class='ocrx_word' id='word_1_707' title='bbox 2477 4168 2568 4214; x_wconf 84' lang='grc' dir='ltr'>καὶ</span> <span class='ocrx_word' id='word_1_708' title='bbox 2599 4165 2749 4237; x_wconf 77' lang='grc' dir='ltr'>θύρα,</span> <span class='ocrx_word' id='word_1_709' title='bbox 2784 4167 2873 4214; x_wconf 89' lang='lat' dir='ltr'>xui</span> <span class='ocrx_word' id='word_1_710' title='bbox 2911 4167 3129 4233; x_wconf 80' lang='grc' dir='ltr'>ποιμὴν,</span> <span class='ocrx_word' id='word_1_711' title='bbox 3162 4168 3250 4214; x_wconf 88' lang='lat' dir='ltr'>xui</span> <span class='ocrx_word' id='word_1_712' title='bbox 3290 4162 3528 4234; x_wconf 77' lang='grc' dir='ltr'>ἄγγελος,</span> <span class='ocrx_word' id='word_1_713' title='bbox 3588 4167 3679 4214; x_wconf 84' lang='grc' dir='ltr'>καὶ</span> <span class='ocrx_word' id='word_1_714' title='bbox 3728 4168 3867 4235; x_wconf 85' lang='grc' dir='ltr'>πρό-</span> 
     </span>
    </p>
   </div>
   <div class='ocr_carea' id='block_1_96' title="bbox 2252 4249 3867 4324">
    <p class='ocr_par' dir='ltr' id='par_1_96' title="bbox 2252 4249 3867 4324">
     <span class='ocr_line' id='line_1_96' title="bbox 2252 4249 3867 4324; baseline 0.001 -22"><span class='ocrx_word' id='word_1_715' title='bbox 2252 4250 2428 4321; x_wconf 78' lang='grc' dir='ltr'>ϐατον,</span> <span class='ocrx_word' id='word_1_716' title='bbox 2498 4257 2587 4303; x_wconf 88' lang='lat' dir='ltr'>xui</span> <span class='ocrx_word' id='word_1_717' title='bbox 2652 4250 2804 4303; x_wconf 85' lang='grc' dir='ltr'>πάλιν</span> <span class='ocrx_word' id='word_1_718' title='bbox 2874 4249 3149 4324; x_wconf 76' lang='grc' dir='ltr'>ἀρχιερεὺς</span> <span class='ocrx_word' id='word_1_719' title='bbox 3200 4257 3289 4303; x_wconf 91' lang='lat' dir='ltr'>xui</span> <span class='ocrx_word' id='word_1_720' title='bbox 3357 4250 3643 4313; x_wconf 78' lang='grc' dir='ltr'>ἀπόστολος</span> <span class='ocrx_word' id='word_1_721' title='bbox 3686 4269 3698 4281; x_wconf 79' lang='grc'><strong>⁸</strong></span> <span class='ocrx_word' id='word_1_722' title='bbox 3776 4252 3867 4303; x_wconf 77' lang='grc' dir='ltr'>ἄλο</span> 
     </span>
    </p>
   </div>
   <div class='ocr_carea' id='block_1_97' title="bbox 2250 4339 3865 4413">
    <p class='ocr_par' dir='ltr' id='par_1_97' title="bbox 2250 4339 3865 4413">
     <span class='ocr_line' id='line_1_97' title="bbox 2250 4339 3865 4413; baseline 0.001 -22"><span class='ocrx_word' id='word_1_723' title='bbox 2250 4339 2347 4391; x_wconf 85' lang='grc' dir='ltr'>λων</span> <span class='ocrx_word' id='word_1_724' title='bbox 2391 4340 2501 4413; x_wconf 85' lang='grc'>(86)</span> <span class='ocrx_word' id='word_1_725' title='bbox 2556 4340 2672 4393; x_wconf 88' lang='grc' dir='ltr'>κατ’</span> <span class='ocrx_word' id='word_1_726' title='bbox 2730 4339 2890 4397; x_wconf 64' lang='grc' dir='ltr'>οῦιλην</span> <span class='ocrx_word' id='word_1_727' title='bbox 2941 4340 3169 4392; x_wconf 79' lang='grc' dir='ltr'>ἐπίνοιαν</span> <span class='ocrx_word' id='word_1_728' title='bbox 3223 4349 3321 4391; x_wconf 88' lang='grc' dir='ltr'>τῶν</span> <span class='ocrx_word' id='word_1_729' title='bbox 3371 4340 3634 4413; x_wconf 80' lang='grc' dir='ltr'>ὀνομάτων</span> <span class='ocrx_word' id='word_1_730' title='bbox 3691 4360 3865 4413; x_wconf 71' lang='grc' dir='ltr'>κειμεο</span> 
     </span>
    </p>
   </div>
   <div class='ocr_carea' id='block_1_98' title="bbox 2248 4428 3865 4505">
    <p class='ocr_par' dir='ltr' id='par_1_98' title="bbox 2248 4428 3865 4505">
     <span class='ocr_line' id='line_1_98' title="bbox 2248 4428 3865 4505; baseline 0 -23"><span class='ocrx_word' id='word_1_731' title='bbox 2248 4450 2368 4489; x_wconf 86' lang='grc' dir='ltr'>νων,</span> <span class='ocrx_word' id='word_1_732' title='bbox 2416 4434 2476 4488; x_wconf 88' lang='grc' dir='ltr'>Τί</span> <span class='ocrx_word' id='word_1_733' title='bbox 2532 4430 2593 4482; x_wconf 86' lang='grc' dir='ltr'><strong>ἆν</strong></span> <span class='ocrx_word' id='word_1_734' title='bbox 2627 4434 2765 4483; x_wconf 88' lang='grc' dir='ltr'>εἰποι</span> <span class='ocrx_word' id='word_1_735' title='bbox 2801 4429 2955 4483; x_wconf 86' lang='grc' dir='ltr'>πάλιν</span> <span class='ocrx_word' id='word_1_736' title='bbox 3009 4432 3034 4481; x_wconf 93' lang='lat'>6</span> <span class='ocrx_word' id='word_1_737' title='bbox 3076 4432 3334 4504; x_wconf 85' lang='grc' dir='ltr'>αἰρετικός</span> <span class='ocrx_word' id='word_1_738' title='bbox 3372 4435 3490 4505; x_wconf 86' lang='grc' dir='ltr'>περὶ</span> <span class='ocrx_word' id='word_1_739' title='bbox 3527 4437 3619 4482; x_wconf 83' lang='grc' dir='ltr'>τοῦ</span> <span class='ocrx_word' id='word_1_740' title='bbox 3671 4428 3865 4482; x_wconf 73' lang='grc' dir='ltr'>ἀνυπο-</span> 
     </span>
    </p>
   </div>
   <div class='ocr_carea' id='block_1_99' title="bbox 2248 4515 3868 4591">
    <p class='ocr_par' dir='ltr' id='par_1_99' title="bbox 2248 4515 3868 4591">
     <span class='ocr_line' id='line_1_99' title="bbox 2248 4515 3868 4591; baseline -0.001 -20"><span class='ocrx_word' id='word_1_741' title='bbox 2248 4523 2441 4572; x_wconf 89' lang='grc' dir='ltr'>τάκτου</span> <span class='ocrx_word' id='word_1_742' title='bbox 2498 4528 2652 4587; x_wconf 81' lang='grc' dir='ltr'>Θεοῦ,</span> <span class='ocrx_word' id='word_1_743' title='bbox 2705 4524 2794 4571; x_wconf 86' lang='grc' dir='ltr'>καὶ</span> <span class='ocrx_word' id='word_1_744' title='bbox 2842 4526 2934 4571; x_wconf 83' lang='grc' dir='ltr'>τοῦ</span> <span class='ocrx_word' id='word_1_745' title='bbox 2985 4515 3058 4570; x_wconf 75' lang='grc' dir='ltr'>δι’</span> <span class='ocrx_word' id='word_1_746' title='bbox 3103 4520 3239 4590; x_wconf 79' lang='grc' dir='ltr'>ἡμᾶς</span> <span class='ocrx_word' id='word_1_747' title='bbox 3281 4518 3537 4591; x_wconf 83' lang='grc' dir='ltr'>ἁμαρτίαν</span> <span class='ocrx_word' id='word_1_748' title='bbox 3584 4522 3868 4591; x_wconf 74' lang='grc' dir='ltr'>γεγενημέ-</span> 
     </span>
    </p>
   </div>
   <div class='ocr_carea' id='block_1_100' title="bbox 2458 4605 3871 4681">
    <p class='ocr_par' dir='ltr' id='par_1_100' title="bbox 2458 4605 3871 4681">
     <span class='ocr_line' id='line_1_100' title="bbox 2458 4605 3871 4681; baseline 0 -21"><span class='ocrx_word' id='word_1_749' title='bbox 2458 4614 2756 4681; x_wconf 79' lang='grc' dir='ltr'>Γέγραπταῖ</span> <span class='ocrx_word' id='word_1_750' title='bbox 2820 4610 2920 4681; x_wconf 83' lang='grc' dir='ltr'>γάρ</span> <span class='ocrx_word' id='word_1_751' title='bbox 2956 4625 2970 4637; x_wconf 76' lang='grc'><strong><em>⁸</em></strong></span> <span class='ocrx_word' id='word_1_752' title='bbox 3037 4605 3199 4659; x_wconf 89' lang='grc' dir='ltr'>Ὀταν</span> <span class='ocrx_word' id='word_1_753' title='bbox 3274 4607 3507 4679; x_wconf 74' lang='grc' dir='ltr'>ὑποταγῇ</span> <span class='ocrx_word' id='word_1_754' title='bbox 3585 4607 3725 4677; x_wconf 75' lang='grc' dir='ltr'>αὐτῷ</span> <span class='ocrx_word' id='word_1_755' title='bbox 3798 4610 3871 4660; x_wconf 76' lang='grc' dir='ltr'>τὰ</span> 
     </span>
    </p>
   </div>
   <div class='ocr_carea' id='block_1_101' title="bbox 2251 4626 2377 4677">
    <p class='ocr_par' dir='ltr' id='par_1_101' title="bbox 2251 4626 2377 4677">
     <span class='ocr_line' id='line_1_101' title="bbox 2251 4626 2377 4677; baseline 0 -17"><span class='ocrx_word' id='word_1_756' title='bbox 2251 4629 2340 4661; x_wconf 89' lang='grc' dir='ltr'>νου</span> <span class='ocrx_word' id='word_1_757' title='bbox 2364 4626 2377 4677; x_wconf 86' lang='grc'><strong>;</strong></span> 
     </span>
    </p>
   </div>
   <div class='ocr_carea' id='block_1_102' title="bbox 470 4689 2141 4769">
    <p class='ocr_par' dir='ltr' id='par_1_102' title="bbox 470 4689 2141 4762">
     <span class='ocr_line' id='line_1_102' title="bbox 470 4689 2141 4762; baseline 0.001 -18"><span class='ocrx_word' id='word_1_758' title='bbox 470 4689 617 4744; x_wconf 85' lang='lat' dir='ltr'>Cum</span> <span class='ocrx_word' id='word_1_759' title='bbox 640 4689 909 4759; x_wconf 84' lang='lat' dir='ltr'>subjecta</span> <span class='ocrx_word' id='word_1_760' title='bbox 930 4690 1167 4759; x_wconf 81' lang='lat' dir='ltr'>fuerint</span> <span class='ocrx_word' id='word_1_761' title='bbox 1190 4691 1681 4752; x_wconf 83' lang='lat' dir='ltr'>illiomnia,tunc</span> <span class='ocrx_word' id='word_1_762' title='bbox 1711 4698 1764 4748; x_wconf 89' lang='lat' dir='ltr'>et</span> <span class='ocrx_word' id='word_1_763' title='bbox 1792 4695 1919 4762; x_wconf 86' lang='lat' dir='ltr'>ipse</span> <span class='ocrx_word' id='word_1_764' title='bbox 1944 4695 2141 4750; x_wconf 82' lang='lat' dir='ltr'>Filius</span> 
     </span>
    </p>
   </div>
   <div class='ocr_carea' id='block_1_103' title="bbox 2256 4689 3868 4769">
    <p class='ocr_par' dir='ltr' id='par_1_103' title="bbox 2256 4697 3868 4769">
     <span class='ocr_line' id='line_1_103' title="bbox 2256 4697 3868 4769; baseline 0.001 -21"><span class='ocrx_word' id='word_1_765' title='bbox 2256 4700 2436 4768; x_wconf 78' lang='grc' dir='ltr'>πάντα,</span> <span class='ocrx_word' id='word_1_766' title='bbox 2502 4702 2617 4750; x_wconf 91' lang='grc' dir='ltr'>τότε</span> <span class='ocrx_word' id='word_1_767' title='bbox 2686 4701 2777 4749; x_wconf 87' lang='lat' dir='ltr'>xui</span> <span class='ocrx_word' id='word_1_768' title='bbox 2846 4697 2995 4757; x_wconf 70' lang='grc' dir='ltr'>αὐτὸς</span> <span class='ocrx_word' id='word_1_769' title='bbox 3061 4699 3087 4749; x_wconf 94' lang='lat'>6</span> <span class='ocrx_word' id='word_1_770' title='bbox 3158 4698 3276 4758; x_wconf 79' lang='grc' dir='ltr'>Υἱός</span> <span class='ocrx_word' id='word_1_771' title='bbox 3336 4698 3733 4769; x_wconf 74' lang='grc' dir='ltr'>ὑποταγήσεται</span> <span class='ocrx_word' id='word_1_772' title='bbox 3790 4704 3868 4767; x_wconf 82' lang='grc' dir='ltr'>τῷ</span> 
     </span>
    </p>
   </div>
   <div class='ocr_carea' id='block_1_104' title="bbox 467 4780 2143 4850">
    <p class='ocr_par' dir='ltr' id='par_1_104' title="bbox 467 4780 2143 4850">
     <span class='ocr_line' id='line_1_104' title="bbox 467 4780 2143 4850; baseline 0.004 -16"><span class='ocrx_word' id='word_1_773' title='bbox 467 4780 778 4849; x_wconf 82' lang='lat' dir='ltr'>subjectus</span> <span class='ocrx_word' id='word_1_774' title='bbox 832 4782 945 4836; x_wconf 82' lang='lat' dir='ltr'>erit</span> <span class='ocrx_word' id='word_1_775' title='bbox 1004 4781 1074 4838; x_wconf 80' lang='lat' dir='ltr'>ei.</span> <span class='ocrx_word' id='word_1_776' title='bbox 1122 4782 1226 4850; x_wconf 78' lang='lat' dir='ltr'>qui</span> <span class='ocrx_word' id='word_1_777' title='bbox 1250 4780 1504 4849; x_wconf 83' lang='lat' dir='ltr'>subjecit</span> <span class='ocrx_word' id='word_1_778' title='bbox 1534 4782 1649 4837; x_wconf 84' lang='lat' dir='ltr'>sibi</span> <span class='ocrx_word' id='word_1_779' title='bbox 1677 4784 1972 4839; x_wconf 77' lang='lat' dir='ltr'>omnia“.</span> <span class='ocrx_word' id='word_1_780' title='bbox 2015 4787 2143 4840; x_wconf 88' lang='lat' dir='ltr'>Non</span> 
     </span>
    </p>
   </div>
   <div class='ocr_carea' id='block_1_105' title="bbox 467 4868 2144 4946">
    <p class='ocr_par' dir='ltr' id='par_1_105' title="bbox 467 4868 2144 4946">
     <span class='ocr_line' id='line_1_105' title="bbox 467 4868 2144 4946; baseline 0.004 -22"><span class='ocrx_word' id='word_1_781' title='bbox 467 4868 662 4940; x_wconf 86' lang='lat' dir='ltr'>times,</span> <span class='ocrx_word' id='word_1_782' title='bbox 689 4886 725 4926; x_wconf 96' lang='lat' dir='ltr'>o</span> <span class='ocrx_word' id='word_1_783' title='bbox 755 4871 965 4936; x_wconf 87' lang='lat' dir='ltr'>homo,</span> <span class='ocrx_word' id='word_1_784' title='bbox 1008 4886 1149 4925; x_wconf 89' lang='lat' dir='ltr'>cum</span> <span class='ocrx_word' id='word_1_785' title='bbox 1201 4872 1353 4925; x_wconf 92' lang='lat' dir='ltr'>Deus</span> <span class='ocrx_word' id='word_1_786' title='bbox 1380 4886 1503 4926; x_wconf 90' lang='lat' dir='ltr'>non</span> <span class='ocrx_word' id='word_1_787' title='bbox 1538 4871 1849 4942; x_wconf 86' lang='lat' dir='ltr'>subjectus</span> <span class='ocrx_word' id='word_1_788' title='bbox 1881 4874 2144 4946; x_wconf 80' lang='lat' dir='ltr'>appella°</span> 
     </span>
    </p>
   </div>
   <div class='ocr_carea' id='block_1_106' title="bbox 466 4954 2143 5031">
    <p class='ocr_par' dir='ltr' id='par_1_106' title="bbox 466 4954 2143 5031">
     <span class='ocr_line' id='line_1_106' title="bbox 466 4954 2143 5031; baseline 0.004 -17"><span class='ocrx_word' id='word_1_789' title='bbox 466 4954 607 5014; x_wconf 80' lang='lat' dir='ltr'>turi</span> <span class='ocrx_word' id='word_1_790' title='bbox 661 4961 811 5015; x_wconf 88' lang='lat' dir='ltr'>Tum</span> <span class='ocrx_word' id='word_1_791' title='bbox 864 4959 1027 5014; x_wconf 91' lang='lat' dir='ltr'>enim</span> <span class='ocrx_word' id='word_1_792' title='bbox 1084 4958 1553 5031; x_wconf 85' lang='lat' dir='ltr'>subjectionem,</span> <span class='ocrx_word' id='word_1_793' title='bbox 1612 4977 1787 5017; x_wconf 87' lang='lat' dir='ltr'>suam</span> <span class='ocrx_word' id='word_1_794' title='bbox 1845 4961 2026 5031; x_wconf 88' lang='lat' dir='ltr'>facit;</span> <span class='ocrx_word' id='word_1_795' title='bbox 2086 4969 2143 5021; x_wconf 92' lang='lat' dir='ltr'>et</span> 
     </span>
    </p>
   </div>
   <div class='ocr_carea' id='block_1_107' title="bbox 538 5082 1650 5151">
    <p class='ocr_par' dir='ltr' id='par_1_107' title="bbox 538 5082 1650 5151">
     <span class='ocr_line' id='line_1_107' title="bbox 538 5082 1650 5151; baseline 0.003 -14"><span class='ocrx_word' id='word_1_796' title='bbox 538 5085 585 5119; x_wconf 71' lang='grc'><em>⁵⁵</em></span> <span class='ocrx_word' id='word_1_797' title='bbox 614 5085 784 5139; x_wconf 80' lang='lat' dir='ltr'>Joan.</span> <span class='ocrx_word' id='word_1_798' title='bbox 814 5098 922 5149; x_wconf 78' lang='lat' dir='ltr'>xw,</span> <span class='ocrx_word' id='word_1_799' title='bbox 959 5085 1047 5138; x_wconf 87' lang='lat'>28.</span> <span class='ocrx_word' id='word_1_800' title='bbox 1126 5082 1174 5117; x_wconf 83' lang='grc'>⁶⁶</span> <span class='ocrx_word' id='word_1_801' title='bbox 1197 5082 1399 5139; x_wconf 78' lang='lat' dir='ltr'>Matth.</span> <span class='ocrx_word' id='word_1_802' title='bbox 1426 5100 1527 5151; x_wconf 84' lang='lat' dir='ltr'>xx,</span> <span class='ocrx_word' id='word_1_803' title='bbox 1562 5085 1650 5141; x_wconf 89' lang='grc'>30.</span> 
     </span>
    </p>
   </div>
   <div class='ocr_carea' id='block_1_108' title="bbox 468 5155 1151 5223">
    <p class='ocr_par' dir='ltr' id='par_1_108' title="bbox 468 5155 1151 5223">
     <span class='ocr_line' id='line_1_108' title="bbox 468 5155 1151 5223; baseline 0.004 -14"><span class='ocrx_word' id='word_1_804' title='bbox 468 5158 560 5211; x_wconf 82' lang='lat'>22.</span> <span class='ocrx_word' id='word_1_805' title='bbox 635 5156 681 5189; x_wconf 86' lang='lat'>&#39;”</span> <span class='ocrx_word' id='word_1_806' title='bbox 719 5155 739 5208; x_wconf 86' lang='grc' dir='ltr'>Ι</span> <span class='ocrx_word' id='word_1_807' title='bbox 772 5156 901 5210; x_wconf 89' lang='lat' dir='ltr'>Cor.</span> <span class='ocrx_word' id='word_1_808' title='bbox 926 5169 1027 5223; x_wconf 79' lang='lat' dir='ltr'>xv,</span> <span class='ocrx_word' id='word_1_809' title='bbox 1060 5156 1151 5212; x_wconf 85' lang='lat'>28.</span> 
     </span>
    </p>
   </div>
   <div class='ocr_carea' id='block_1_109' title="bbox 536 5276 1889 5356">
    <p class='ocr_par' dir='ltr' id='par_1_109' title="bbox 536 5276 1889 5356">
     <span class='ocr_line' id='line_1_109' title="bbox 536 5276 1889 5356; baseline -0.001 -22"><span class='ocrx_word' id='word_1_810' title='bbox 690 5276 1012 5356; x_wconf 34' lang='lat' dir='ltr'>‘H‘xutpoug.</span> <span class='ocrx_word' id='word_1_811' title='bbox 1048 5278 1162 5336; x_wconf 87' lang='lat' dir='ltr'>Sic.</span> <span class='ocrx_word' id='word_1_812' title='bbox 1188 5296 1335 5356; x_wconf 69' lang='lat' dir='ltr'>mss.</span> <span class='ocrx_word' id='word_1_813' title='bbox 1364 5279 1514 5356; x_wconf 58' lang='lat' dir='ltr'>Ediii</span> <span class='ocrx_word' id='word_1_814' title='bbox 1536 5285 1625 5332; x_wconf 83' lang='lat' dir='ltr'>xui</span> <span class='ocrx_word' id='word_1_815' title='bbox 1654 5284 1889 5356; x_wconf 80' lang='grc' dir='ltr'>καιρούς.</span> 
     </span>
    </p>
   </div>
   <div class='ocr_carea' id='block_1_110' title="bbox 540 5350 1780 5424">
    <p class='ocr_par' dir='ltr' id='par_1_110' title="bbox 540 5350 1780 5424">
     <span class='ocr_line' id='line_1_110' title="bbox 540 5350 1780 5424; baseline -0.003 -17"><span class='ocrx_word' id='word_1_816' title='bbox 540 5351 653 5421; x_wconf 85' lang='grc'>(83)</span> <span class='ocrx_word' id='word_1_817' title='bbox 692 5350 798 5424; x_wconf 74' lang='grc' dir='ltr'>Οὓς</span> <span class='ocrx_word' id='word_1_818' title='bbox 823 5350 897 5424; x_wconf 62' lang='grc' dir='ltr'>μὴ</span> <span class='ocrx_word' id='word_1_819' title='bbox 922 5356 1153 5423; x_wconf 81' lang='grc' dir='ltr'>κατέχει,</span> <span class='ocrx_word' id='word_1_820' title='bbox 1192 5354 1325 5424; x_wconf 49' lang='lat' dir='ltr'>MSS:</span> <span class='ocrx_word' id='word_1_821' title='bbox 1360 5352 1426 5424; x_wconf 83' lang='grc' dir='ltr'>ὧν</span> <span class='ocrx_word' id='word_1_822' title='bbox 1450 5357 1521 5424; x_wconf 80' lang='grc' dir='ltr'>μὴ</span> <span class='ocrx_word' id='word_1_823' title='bbox 1550 5350 1780 5424; x_wconf 71' lang='grc' dir='ltr'>μετέχει.</span> 
     </span>
    </p>
   </div>
   <div class='ocr_carea' id='block_1_111' title="bbox 534 5418 2137 5497">
    <p class='ocr_par' dir='ltr' id='par_1_111' title="bbox 534 5418 2137 5497">
     <span class='ocr_line' id='line_1_111' title="bbox 534 5418 2137 5497; baseline 0.003 -20"><span class='ocrx_word' id='word_1_824' title='bbox 534 5418 648 5492; x_wconf 61' lang='grc' dir='ltr'>(8ἱ)</span> <span class='ocrx_word' id='word_1_825' title='bbox 690 5418 963 5497; x_wconf 68' lang='grc' dir='ltr'>’ξέπέϐαλον</span> <span class='ocrx_word' id='word_1_826' title='bbox 1008 5418 1269 5497; x_wconf 77' lang='grc' dir='ltr'>ῥητῷ.</span> <span class='ocrx_word' id='word_1_827' title='bbox 1300 5418 1504 5478; x_wconf 62' lang='lat' dir='ltr'>Melior</span> <span class='ocrx_word' id='word_1_828' title='bbox 1534 5418 2137 5497; x_wconf 15' lang='lat' dir='ltr'>videturhzecivete-</span> 
     </span>
    </p>
   </div>
   <div class='ocr_carea' id='block_1_112' title="bbox 464 5493 2138 5577">
    <p class='ocr_par' dir='ltr' id='par_1_112' title="bbox 464 5493 2138 5577">
     <span class='ocr_line' id='line_1_112' title="bbox 464 5493 2138 5577; baseline 0.002 -30"><span class='ocrx_word' id='word_1_829' title='bbox 464 5507 600 5577; x_wconf 77' lang='lat' dir='ltr'>rum</span> <span class='ocrx_word' id='word_1_830' title='bbox 627 5493 907 5550; x_wconf 91' lang='lat' dir='ltr'>codicum</span> <span class='ocrx_word' id='word_1_831' title='bbox 932 5493 1233 5567; x_wconf 85' lang='lat' dir='ltr'>scriptura</span> <span class='ocrx_word' id='word_1_832' title='bbox 1257 5509 1444 5566; x_wconf 90' lang='lat' dir='ltr'>quam</span> <span class='ocrx_word' id='word_1_833' title='bbox 1489 5493 1737 5563; x_wconf 84' lang='lat' dir='ltr'>vulgata</span> <span class='ocrx_word' id='word_1_834' title='bbox 1777 5494 2030 5549; x_wconf 77' lang='grc' dir='ltr'>ἀπέλαϐον</span> <span class='ocrx_word' id='word_1_835' title='bbox 2081 5502 2138 5551; x_wconf 84' lang='grc' dir='ltr'>τό</span> 
     </span>
    </p>
   </div>
   <div class='ocr_carea' id='block_1_113' title="bbox 463 5582 645 5642">
    <p class='ocr_par' dir='ltr' id='par_1_113' title="bbox 463 5582 645 5642">
     <span class='ocr_line' id='line_1_113' title="bbox 463 5582 645 5642; baseline -0.005 -28"><span class='ocrx_word' id='word_1_836' title='bbox 463 5582 645 5642; x_wconf 80' lang='grc' dir='ltr'>ρητον,</span> 
     </span>
    </p>
   </div>
   <div class='ocr_carea' id='block_1_114' title="bbox 1728 5086 2227 5157">
    <p class='ocr_par' dir='ltr' id='par_1_114' title="bbox 1728 5086 2227 5157">
     <span class='ocr_line' id='line_1_114' title="bbox 1728 5086 2227 5157; baseline 0.01 -17"><span class='ocrx_word' id='word_1_837' title='bbox 1728 5087 1773 5121; x_wconf 75' lang='grc'>⁸⁷</span> <span class='ocrx_word' id='word_1_838' title='bbox 1805 5086 1979 5142; x_wconf 93' lang='lat' dir='ltr'>lCor.</span> <span class='ocrx_word' id='word_1_839' title='bbox 2008 5103 2104 5157; x_wconf 82' lang='lat' dir='ltr'>xv,</span> <span class='ocrx_word' id='word_1_840' title='bbox 2137 5092 2227 5145; x_wconf 79' lang='grc'>24.</span> 
     </span>
    </p>
   </div>
   <div class='ocr_carea' id='block_1_115' title="bbox 2247 4786 3869 4860">
    <p class='ocr_par' dir='ltr' id='par_1_115' title="bbox 2247 4786 3869 4860">
     <span class='ocr_line' id='line_1_115' title="bbox 2247 4786 3869 4860; baseline -0.001 -21"><span class='ocrx_word' id='word_1_841' title='bbox 2247 4786 2565 4848; x_wconf 82' lang='grc' dir='ltr'>ὑποτάξαντι</span> <span class='ocrx_word' id='word_1_842' title='bbox 2640 4786 2779 4857; x_wconf 79' lang='grc' dir='ltr'>αὐτῷ</span> <span class='ocrx_word' id='word_1_843' title='bbox 2844 4788 2909 4838; x_wconf 78' lang='grc' dir='ltr'>τὰ</span> <span class='ocrx_word' id='word_1_844' title='bbox 2970 4788 3158 4840; x_wconf 88' lang='grc' dir='ltr'>πάντα.</span> <span class='ocrx_word' id='word_1_845' title='bbox 3219 4786 3293 4839; x_wconf 76' lang='grc' dir='ltr'>Οὐ</span> <span class='ocrx_word' id='word_1_846' title='bbox 3370 4786 3527 4859; x_wconf 67' lang='grc' dir='ltr'>φοϐῇ,</span> <span class='ocrx_word' id='word_1_847' title='bbox 3605 4787 3869 4860; x_wconf 77' lang='grc' dir='ltr'>ἄνθρωπε,</span> 
     </span>
    </p>
   </div>
   <div class='ocr_carea' id='block_1_116' title="bbox 2246 4876 3870 4952">
    <p class='ocr_par' dir='ltr' id='par_1_116' title="bbox 2246 4876 3870 4952">
     <span class='ocr_line' id='line_1_116' title="bbox 2246 4876 3870 4952; baseline -0.002 -21"><span class='ocrx_word' id='word_1_848' title='bbox 2246 4881 2331 4931; x_wconf 87' lang='grc' dir='ltr'>τὸν</span> <span class='ocrx_word' id='word_1_849' title='bbox 2390 4881 2518 4930; x_wconf 88' lang='grc' dir='ltr'>Θεὸν</span> <span class='ocrx_word' id='word_1_850' title='bbox 2582 4876 2937 4929; x_wconf 78' lang='grc' dir='ltr'>ἀνυπότακτον</span> <span class='ocrx_word' id='word_1_851' title='bbox 2979 4876 3356 4949; x_wconf 79' lang='grc' dir='ltr'>ὀνομαζόμενον</span> <span class='ocrx_word' id='word_1_852' title='bbox 3392 4894 3405 4943; x_wconf 88' lang='grc'><strong>;</strong></span> <span class='ocrx_word' id='word_1_853' title='bbox 3446 4882 3551 4935; x_wconf 80' lang='grc' dir='ltr'>Τὴν</span> <span class='ocrx_word' id='word_1_854' title='bbox 3609 4879 3709 4952; x_wconf 79' lang='grc' dir='ltr'>γὰρ</span> <span class='ocrx_word' id='word_1_855' title='bbox 3766 4881 3870 4935; x_wconf 68' lang='grc' dir='ltr'>σὴν</span> 
     </span>
    </p>
   </div>
   <div class='ocr_carea' id='block_1_117' title="bbox 2248 4962 3872 5039">
    <p class='ocr_par' dir='ltr' id='par_1_117' title="bbox 2248 4962 3872 5039">
     <span class='ocr_line' id='line_1_117' title="bbox 2248 4962 3872 5039; baseline -0.001 -20"><span class='ocrx_word' id='word_1_856' title='bbox 2248 4969 2517 5038; x_wconf 79' lang='grc' dir='ltr'>ὑποταγὴν</span> <span class='ocrx_word' id='word_1_857' title='bbox 2552 4962 2691 5018; x_wconf 83' lang='grc' dir='ltr'>ἰδίαν</span> <span class='ocrx_word' id='word_1_858' title='bbox 2722 4973 2965 5036; x_wconf 87' lang='grc' dir='ltr'>ποιεῖται,</span> <span class='ocrx_word' id='word_1_859' title='bbox 3000 4971 3089 5017; x_wconf 90' lang='lat' dir='ltr'>xui</span> <span class='ocrx_word' id='word_1_860' title='bbox 3129 4964 3177 5017; x_wconf 73' lang='grc' dir='ltr'><strong>ἐν</strong></span> <span class='ocrx_word' id='word_1_861' title='bbox 3198 4973 3270 5036; x_wconf 86' lang='grc' dir='ltr'>τῷ</span> <span class='ocrx_word' id='word_1_862' title='bbox 3310 4964 3607 5019; x_wconf 82' lang='grc' dir='ltr'>ἀντιτείνειν</span> <span class='ocrx_word' id='word_1_863' title='bbox 3653 4984 3711 5018; x_wconf 88' lang='grc' dir='ltr'>σε</span> <span class='ocrx_word' id='word_1_864' title='bbox 3733 4968 3872 5039; x_wconf 85' lang='grc' dir='ltr'>πρὸς</span> 
     </span>
    </p>
   </div>
   <div class='ocr_carea' id='block_1_118' title="bbox 2306 5090 2733 5158">
    <p class='ocr_par' dir='ltr' id='par_1_118' title="bbox 2306 5090 2733 5158">
     <span class='ocr_line' id='line_1_118' title="bbox 2306 5090 2733 5158; baseline -0.002 -13"><span class='ocrx_word' id='word_1_865' title='bbox 2306 5090 2352 5126; x_wconf 76' lang='grc' dir='ltr'><strong><em>η</em></strong></span> <span class='ocrx_word' id='word_1_866' title='bbox 2376 5093 2502 5145; x_wconf 81' lang='lat' dir='ltr'>Act.</span> <span class='ocrx_word' id='word_1_867' title='bbox 2528 5106 2565 5157; x_wconf 84' lang='grc' dir='ltr'>ι,</span> <span class='ocrx_word' id='word_1_868' title='bbox 2593 5093 2646 5158; x_wconf 86' lang='grc'>6,</span> <span class='ocrx_word' id='word_1_869' title='bbox 2680 5094 2733 5144; x_wconf 90' lang='lat'>7.</span> 
     </span>
    </p>
   </div>
   <div class='ocr_carea' id='block_1_119' title="bbox 2812 5089 3869 5159">
    <p class='ocr_par' dir='ltr' id='par_1_119' title="bbox 2812 5089 3869 5159">
     <span class='ocr_line' id='line_1_119' title="bbox 2812 5089 3869 5159; baseline 0.001 -16"><span class='ocrx_word' id='word_1_870' title='bbox 2812 5091 2860 5125; x_wconf 72' lang='grc' dir='ltr'><strong><em>η</em></strong></span> <span class='ocrx_word' id='word_1_871' title='bbox 2887 5090 3067 5145; x_wconf 84' lang='lat' dir='ltr'>Joan.</span> <span class='ocrx_word' id='word_1_872' title='bbox 3092 5103 3230 5153; x_wconf 82' lang='lat' dir='ltr'>xvu,</span> <span class='ocrx_word' id='word_1_873' title='bbox 3259 5092 3350 5146; x_wconf 78' lang='lat'>2|.</span> <span class='ocrx_word' id='word_1_874' title='bbox 3427 5090 3477 5125; x_wconf 80' lang='grc' dir='ltr'>⁷ο</span> <span class='ocrx_word' id='word_1_875' title='bbox 3517 5089 3693 5146; x_wconf 85' lang='lat' dir='ltr'>Prov.</span> <span class='ocrx_word' id='word_1_876' title='bbox 3737 5104 3869 5159; x_wconf 84' lang='lat' dir='ltr'>mi,</span> 
     </span>
    </p>
   </div>
   <div class='ocr_carea' id='block_1_120' title="bbox 2324 5279 3879 5356">
    <p class='ocr_par' dir='ltr' id='par_1_120' title="bbox 2324 5279 3879 5356">
     <span class='ocr_line' id='line_1_120' title="bbox 2324 5279 3879 5356; baseline 0.001 -15"><span class='ocrx_word' id='word_1_877' title='bbox 2324 5287 2435 5356; x_wconf 83' lang='lat'>(85)</span> <span class='ocrx_word' id='word_1_878' title='bbox 2478 5282 2811 5348; x_wconf 81' lang='grc' dir='ltr'>Κενοδοξίας.</span> <span class='ocrx_word' id='word_1_879' title='bbox 2839 5284 2950 5356; x_wconf 71' lang='lat' dir='ltr'>Sic.</span> <span class='ocrx_word' id='word_1_880' title='bbox 2986 5300 3134 5341; x_wconf 85' lang='lat' dir='ltr'>mss.</span> <span class='ocrx_word' id='word_1_881' title='bbox 3168 5284 3327 5341; x_wconf 75' lang='lat' dir='ltr'>Editi</span> <span class='ocrx_word' id='word_1_882' title='bbox 3352 5279 3879 5356; x_wconf 57' lang='grc' dir='ltr'>φιλοδοξίαςΡαιιΙσ</span> 
     </span>
    </p>
   </div>
   <div class='ocr_carea' id='block_1_121' title="bbox 2251 5353 3494 5430">
    <p class='ocr_par' dir='ltr' id='par_1_121' title="bbox 2251 5353 3494 5430">
     <span class='ocr_line' id='line_1_121' title="bbox 2251 5353 3494 5430; baseline -0.002 -17"><span class='ocrx_word' id='word_1_883' title='bbox 2251 5353 2386 5429; x_wconf 60' lang='lat' dir='ltr'>poet</span> <span class='ocrx_word' id='word_1_884' title='bbox 2419 5356 2731 5430; x_wconf 62' lang='lat' dir='ltr'>cod.Reg.</span> <span class='ocrx_word' id='word_1_885' title='bbox 2855 5353 3034 5430; x_wconf 63' lang='grc' dir='ltr'>δοκεῖν</span> <span class='ocrx_word' id='word_1_886' title='bbox 3066 5353 3494 5430; x_wconf 44' lang='grc' dir='ltr'>περικρούεσ-θαι.</span> 
     </span>
    </p>
   </div>
   <div class='ocr_carea' id='block_1_122' title="bbox 2322 5424 3868 5497">
    <p class='ocr_par' dir='ltr' id='par_1_122' title="bbox 2322 5424 3868 5497">
     <span class='ocr_line' id='line_1_122' title="bbox 2322 5424 3868 5497; baseline 0.001 -14"><span class='ocrx_word' id='word_1_887' title='bbox 2322 5429 2434 5497; x_wconf 83' lang='grc'>(86)</span> <span class='ocrx_word' id='word_1_888' title='bbox 2464 5424 2701 5484; x_wconf 62' lang='grc' dir='ltr'>Ἄλλωνῖ</span> <span class='ocrx_word' id='word_1_889' title='bbox 2721 5424 2870 5483; x_wconf 78' lang='grc' dir='ltr'>Ε’ἀίιί</span> <span class='ocrx_word' id='word_1_890' title='bbox 2916 5424 3154 5483; x_wconf 81' lang='lat' dir='ltr'>addunt</span> <span class='ocrx_word' id='word_1_891' title='bbox 3182 5424 3260 5497; x_wconf 71' lang='grc' dir='ltr'>δί,</span> <span class='ocrx_word' id='word_1_892' title='bbox 3291 5428 3397 5485; x_wconf 85' lang='lat' dir='ltr'>sed</span> <span class='ocrx_word' id='word_1_893' title='bbox 3423 5428 3591 5485; x_wconf 89' lang='lat' dir='ltr'>deest</span> <span class='ocrx_word' id='word_1_894' title='bbox 3627 5427 3689 5484; x_wconf 90' lang='lat' dir='ltr'>in</span> <span class='ocrx_word' id='word_1_895' title='bbox 3716 5443 3868 5484; x_wconf 87' lang='lat' dir='ltr'>mss.</span> 
     </span>
    </p>
   </div>
   <div class='ocr_carea' id='block_1_123' title="bbox 2249 5471 3870 5627">
    <p class='ocr_par' dir='ltr' id='par_1_123' title="bbox 2249 5471 3870 5627">
     <span class='ocr_line' id='line_1_123' title="bbox 2249 5471 3870 5627; baseline -0.004 -72"><span class='ocrx_word' id='word_1_896' title='bbox 2249 5471 2435 5627; x_wconf 55' lang='lat' dir='ltr'>Pa‘ﬁfg</span> <span class='ocrx_word' id='word_1_897' title='bbox 2455 5471 3870 5627; x_wconf 53' lang='grc' dir='ltr'>ρξέῗᾶιὶαᾌξίοἵγῖἶσῖηῖὶὲἐοῖι⁷ἰεῖῖὀᾶἬέὶςῖζάῖἆῇὶ</span> 
     </span>
     <span class='ocr_line' id='line_1_124' title="bbox 2249 5587 2552 5627; baseline 0.01 -3"><span class='ocrx_word' id='word_1_898' title='bbox 2249 5589 2364 5627; x_wconf 85' lang='grc' dir='ltr'>τιας</span> <span class='ocrx_word' id='word_1_899' title='bbox 2441 5587 2508 5627; x_wconf 91' lang='lat' dir='ltr'>ar</span> <span class='ocrx_word' id='word_1_900' title='bbox 2535 5612 2552 5627; x_wconf 91' lang='lat'>.</span> 
     </span>
    </p>
   </div>
   <div class='ocr_carea' id='block_1_124' title="bbox 2247 5587 2552 5633">
    <p class='ocr_par' dir='ltr' id='par_1_124' title="bbox 2247 5587 2552 5633">
     <span class='ocr_line' id='line_1_125' title="bbox 2247 5587 2552 5633; baseline 0.013 -9"><span class='ocrx_word' id='word_1_901' title='bbox 2247 5589 2364 5633; x_wconf 85' lang='grc' dir='ltr'>τιας</span> <span class='ocrx_word' id='word_1_902' title='bbox 2395 5587 2552 5629; x_wconf 75' lang='lat' dir='ltr'>uari.</span> 
     </span>
    </p>
   </div>
  </div>
