4102 6194
194 253 290 306 261

196 378 284 433 τὴν
338 372 566 449 ἀρετὴν,
635 374 990 428 ἀνυπότακτον
1052 374 1233 429 ἑαυτὸν
1297 376 1571 449 ὀνομάζει.
1639 376 1791 429 Οὕτω
1830 390 1874 442 Α

192 466 311 515 ποτε
364 469 457 515 καὶ
504 463 687 516 ἑαυτὸν
743 467 834 537 ἔφη
894 461 1024 517 εἶναι
1077 468 1163 518 τὸν
1232 462 1566 537 διωκόμενον,
1635 465 1794 518 Σαῦλε

195 554 307 626 γὰρ.
366 558 519 624 φησι,
578 553 759 621 Σαῡλε,
812 573 864 605 τι
916 573 979 627 με
1036 551 1283 621 die}:qu
1342 557 1496 612 ἡνίκα
1552 555 1636 607 ἐπὶ
1689 562 1792 607 Δα-

196 645 393 713 μασκόν
433 643 616 716 ἔτρεχε
656 642 790 708 (8’7),
832 647 955 705 τοὺς
990 645 1233 717 μαθητὰς
1262 651 1352 695 τοῦ
1392 651 1627 717 Χριστοῦ
1669 664 1791 696 συν-

198 726 360 789 δῆσαι
407 728 747 802 βουλόμενος.
782 737 881 784 Καὶ
928 733 1082 785 πάλιν
1136 733 1316 785 ἑαυτὸν
1366 736 1559 805 γυμνόν
1609 732 1794 806 ὀνομά-

200 820 293 881 ζει,
349 820 451 879 ἑνός
488 840 620 881 τινος
672 829 773 872 τῶν
832 818 1063 895 ἀδελφῶν
1111 825 1539 894 γυμνητεύοντος.
1594 828 1794 895 Γυμνός

194 910 312 981 γὰρ,
354 914 536 980 φησιν,
568 914 729 981 ἤμην,
760 915 851 962 καὶ
896 911 1220 984 περιεϐάλετέ
1262 931 1345 985 με.
1388 918 1489 965 Καὶ
1531 912 1684 964 ἄλλου
1744 912 1791 964 ἐν

197 997 389 1069 ουλακῇ
453 1002 616 1065 ὄντος,
674 1000 853 1051 ἑαυτὸν
910 1003 1001 1072 ἔφη
1067 999 1193 1053 εἶναι
1259 1005 1346 1053 τὸν
1400 1003 1788 1075 καθειργμένον.

194 1088 354 1147 Αὐτός
394 1090 495 1161 γὰρ
547 1090 641 1149 τάς
689 1088 947 1163 ἁμαρτίας
993 1092 1135 1162 ἡμῶν
1184 1087 1295 1164 ἦρε,
1333 1097 1422 1143 καὶ
1466 1094 1555 1151 τὰς
1605 1096 1790 1153 νόσους

192 1174 471 1234 ἐϐάστασε,
520 1182 635 1230 Μία
672 1174 732 1230 δὲ
775 1186 875 1229 τῶν
921 1177 1192 1232 ἀσθενειῶν
1230 1179 1343 1231 ἐστι
1389 1184 1479 1232 καὶ
1509 1183 1538 1238 ἠ
1594 1178 1791 1232 ἀνυπο-

190 1264 379 1327 ταξία·
430 1272 521 1318 καὶ
578 1268 777 1323 ταύτην
827 1266 1106 1323 ἐϐάστασε.
1156 1273 1243 1321 Διό
1292 1274 1381 1321 καὶ
1437 1272 1503 1321 τὰ
1565 1268 1788 1341 συμϐαί-

189 1375 342 1407 νοντα
367 1358 492 1428 ἡμῖν
539 1360 887 1431 περιστατικά
937 1355 1271 1411 ἰδιοποιείται
1306 1361 1331 1410 ὁ
1368 1363 1575 1433 Κύριος,
1606 1359 1662 1411 ἐκ
1700 1367 1790 1420 τῆς

188 1449 318 1518 πρὸς
376 1449 513 1519 ἡμᾶς
579 1452 868 1517 κοινωνίας,
906 1451 972 1500 τὰ
1027 1450 1253 1523 ἡμτερα
1316 1452 1457 1507 πάθη
1522 1445 1788 1521 ἀναδεχό-

188 1554 357 1606 μενος.

256 1718 309 1769 9.
352 1712 508 1767 ’Λλλά
560 1720 651 1767 καὶ
702 1717 782 1782 τὸ,
842 1714 916 1767 Οὐ
964 1712 1189 1767 δύναται
1236 1717 1261 1767 ὁ
1317 1718 1432 1777 Υἱὸς
1490 1724 1651 1769 ποιεῖν
1703 1715 1786 1788 ἀφ’
1830 1739 1868 1791 Β

187 1804 375 1857 ἑαυτοῦ
430 1800 617 1868 οὐδὲν,
672 1803 1027 1876 λαμϐάνουσιν
1078 1807 1126 1857 οἱ
1182 1807 1436 1877 Θεομιὶχοι
1494 1806 1576 1858 ἐπὶ
1631 1827 1790 1858 κατα-

187 1901 383 1967 στροφῇ
430 1901 531 1943 τῶν
582 1892 894 1945 ἀκουόντων.
923 1893 1064 1966 Ἐμοὶ
1115 1891 1173 1946 δὲ
1223 1901 1311 1946 καὶ
1360 1902 1511 1947 τοῦτο
1549 1899 1607 1947 τὸ
1634 1896 1788 1970 ῥητόν

184 1983 421 2053 μάλιστα
450 1982 787 2053 καταγγελλει
824 1992 915 2043 τῆς
963 1983 1125 2044 αὐτῆς
1169 1986 1367 2055 φύσεως
1399 1982 1526 2036 εἶναι
1556 1990 1642 2037 τὸν
1672 1987 1788 2038 ria»

183 2079 253 2141 τῷ
295 2077 490 2143 Πατρί.
540 2071 603 2123 Εἰ
642 2074 745 2145 γὰρ
803 2074 1020 2124 ἕκαστον
1075 2081 1174 2124 τῶν
1226 2073 1442 2144 λογικῶν
1493 2076 1789 2147 κτισμάτων

183 2157 412 2212 δύναταί
459 2180 513 2211 τι
558 2170 722 2212 ποιεῖν
768 2159 854 2232 ἀφ’
904 2162 1109 2227 ἑαυτοῦ,
1146 2162 1479 2225 αὐτεξούσιον
1521 2167 1642 2235 ἔχον
1675 2165 1788 2235 (88)
1850 2154 1855 2157 ’

180 2255 274 2307 τὴν
326 2250 411 2302 ἐπὶ
450 2255 510 2301 τό
548 2256 727 2325 χεῖρόν
778 2270 831 2303 τε
870 2256 959 2303 καὶ
1014 2259 1244 2324 κρεῖττον
1281 2253 1468 2327 ῥοπὴν,
1510 2255 1534 2304 ὁ
1576 2250 1635 2305 δὲ
1672 2257 1793 2317 Υἱὸς

181 2338 239 2389 οὗ
282 2335 513 2390 δύναταί
542 2345 595 2390 τί
642 2347 805 2393 ποιεῖν
856 2339 937 2413 ἀφ’
978 2341 1162 2394 ἑαυτοῦ
1188 2365 1199 2376 ·
1235 2343 1293 2395 οὐ
1339 2350 1537 2417 κτίσμα
1575 2347 1600 2396 ό
1652 2349 1788 2407 Υἱός.

176 2428 237 2481 Εἰ
295 2425 358 2481 δέ
398 2433 472 2500 μὴ
523 2434 741 2501 κτίσμα⁵
780 2432 1058 2503 όμοούσιος
1104 2440 1174 2502 τῷ
1224 2439 1410 2506 Πατρί.
1468 2439 1567 2486 Καὶ
1614 2435 1787 2502 πάλιν,

175 2514 331 2569 οὗδέν
384 2528 487 2569 τῶν
525 2523 824 2591 κτισμάτων
871 2522 938 2572 τά
983 2522 1084 2573 ὅσα
1138 2520 1381 2594 βούλεται
1435 2519 1674 2578 δύναται.
1732 2526 1790 2577 Ὀ

176 2604 237 2658 δὲ
276 2609 404 2668 Υἱός
453 2607 503 2659 ἐν
551 2617 624 2678 τῷ
675 2609 876 2683 οὐρανῷ
924 2614 1012 2661 καὶ
1057 2610 1140 2662 ἐπὶ
1189 2620 1281 2673 τῆς
1332 2621 1431 2682 γῆς
1472 2616 1640 2664 πάντα
1690 2616 1792 2666 ὅσα

176 2696 473 2764 ἠθέλησεν,
536 2698 814 2754 ἐποίησενο
867 2699 958 2750 οὐκ
1009 2702 1114 2772 οἰρα
1166 2706 1367 2773 κτίσμα
1418 2703 1443 2752 ὁ
1498 2704 1636 2763 Υἱός.
1690 2708 1789 2755 Καὶ

175 2785 353 2851 πάλιν,
388 2788 563 2837 πάντα
612 2789 676 2838 τὰ
715 2792 983 2859 κτίσματα
1042 2790 1069 2846 ἦ
1128 2789 1182 2840 ἐκ
1226 2799 1324 2841 τῶν
1380 2792 1617 2842 ἐναντίων
1668 2812 1786 2843 συν-

176 2878 418 2941 έστηκεν,
474 2876 503 2933 ἦ
551 2884 652 2927 τῶν
712 2876 949 2929 ἐναντίων
1011 2878 1122 2930 ἐστὶ
1177 2875 1412 2934 δεκτικά.
1453 2880 1510 2931 Ὀ
1564 2877 1622 2932 δὲ
1668 2884 1788 2941 Υἱός

178 2960 655 3035 οιηᾶτοδικαιοσύνη3
687 2971 776 3016 καὶ
825 2966 977 3028 ἄυλος
1019 2965 1158 3019 ἐστιν
1190 2989 1201 3000 -
1245 2971 1337 3019 οὐκ
1382 2970 1484 3041 οἶρα
1530 2989 1731 3042 κτισμα
1761 2972 1785 3021 ό

178 3053 320 3111 Υἱὸς.
354 3053 415 3105 Εἰ
442 3049 504 3104 δὲ
532 3058 603 3124 μὴ
634 3062 808 3119 τοῦτο,
843 3056 1116 3124 όμοούσιος
1146 3064 1217 3106 τῶ
1249 3062 1437 3130 Πατρί.

249 3233 340 3284 l0.
383 3234 490 3282 Καὶ
542 3230 674 3288 αὕτη
723 3234 814 3302 μὲν
863 3231 1127 3306 αὐτάρκης
1175 3234 1301 3305 ἡμῖν
1349 3233 1601 3300 ἐξέτασις,
1652 3237 1786 3286 κατά

172 3323 268 3375 τῆν
321 3315 549 3391 δύναμιν
598 3324 692 3377 τὴν
722 3322 975 3392 ἡμετέραν
1013 3329 1111 3372 τῶν
1142 3323 1382 3374 τεθέντων
1412 3324 1605 3397 ῥητῶν.
1640 3322 1781 3383 Ἤδη

174 3404 233 3460 ο’”ε
264 3408 447 3460 λοιπόν
491 3429 582 3461 και
628 3412 753 3483 πρός
801 3414 924 3471 τους
963 3409 1365 3473 ἀντιπίπτοντας
1408 3421 1481 3483 τῷ
1522 3416 1793 3486 Πνεύματι·

169 3505 243 3567 τῷ
306 3499 445 3569 ἁγίῳ
494 3507 565 3569 τῷ
625 3498 763 3570 λόγῳ
820 3505 1150 3574 χωρήσωμεν
1207 3504 1356 3568 (89),
1416 3504 1783 3577 καθαιροῦντες

170 3586 350 3637 αὐτῶν
399 3594 502 3638 πᾶν
557 3587 755 3660 ὕψωμα
812 3583 1045 3649 διανοίας
1102 3588 1434 3663 ἐπαιρόμενον
1491 3595 1627 3644 κατά
1688 3602 1783 3655 τῆς

166 3680 413 3745 γνώσεως
470 3684 562 3727 τοῦ
613 3683 766 3731 Οεοῦ.
836 3682 1048 3749 κτίσμα
1104 3677 1269 3749 λέγεις
1326 3682 1385 3731 τὸ
1449 3686 1659 3753 Πνεῦμα
1723 3686 1780 3733 τὸ

165 3764 344 3834 ἅγιον.
388 3771 501 3817 Πᾶν
551 3761 611 3817 δέ
667 3771 870 3838 κτίσμα
918 3763 1102 3818 δοῦλόν
1156 3767 1266 3821 ἐστι
1320 3776 1411 3820 τοῦ
1468 3774 1776 3831 κτίσαντοςο

164 3856 242 3906 Τὰ
298 3857 405 3926 γὰρ
469 3857 770 3927 σύμπαντα,
815 3862 966 3928 φησὶ,
1021 3855 1186 3909 δοῦλα
1226 3860 1311 3911 σά.
1370 3858 1431 3911 Εἰ
1484 3855 1543 3911 δὲ
1596 3857 1779 3913 δοῦλόν

164 3942 301 4010 ἐστι,
347 3949 439 3995 καὶ
496 3944 770 4003 ἐπίκτητον
823 3948 938 4018 ἔχει
987 3952 1079 4005 τὴν
1132 3947 1428 4019 ἀγιότητα’
1484 3956 1584 4001 πᾶν
1638 3946 1697 4002 δὲ
1755 3952 1779 4003 ὃ

161 4033 451 4090 ἐπίκτητον
515 4036 630 4105 ἔχει
684 4040 778 4093 τὴν
836 4035 1115 4106 ἀγιότητα,
1158 4037 1251 4089 οὐκ
1290 4034 1625 4090 ἀνεπίδεκτόν
1665 4039 1779 4092 ἐστι

158 4129 387 4185 κακίας·
422 4126 487 4174 τὸ
527 4120 588 4175 δε
628 4131 835 4196 Πνεῦμα
873 4129 931 4176 τὸ
971 4125 1137 4197 ἅγιον,
1172 4127 1285 4178 κατ’
1312 4126 1496 4178 οὐσίαν
1528 4128 1581 4179 ὃν
1606 4128 1775 4200 ἅγιον.

159 4219 306 4283 πηγὴ
358 4213 633 4285 ἀγιασμοῦ
679 4219 1134 4289 προσηγόρευται·
1184 4215 1276 4267 οὐκ
1328 4214 1429 4289 ἀρα
1472 4222 1673 4289 κτίσμα
1719 4222 1778 4270 τό

159 4311 376 4376 Πνεῦμα
409 4307 475 4355 τὸ
506 4304 675 4375 ἅγιον.
718 4304 778 4357 Εἰ
831 4301 890 4357 δὲ
931 4310 1001 4377 μὴ
1058 4311 1278 4379 κτίσμα,
1332 4309 1613 4379 όμοούσιόν
1665 4309 1774 4361 ἐστι

154 4402 227 4463 τῷ
268 4401 414 4463 Θεῷ.
457 4400 573 4453 Πῶς
614 4390 672 4446 δέ
725 4390 909 4446 δοῦλον
940 4393 1232 4462 ἀποκαλεῖς,
1277 4396 1385 4448 εὶπέ
1415 4416 1526 4469 μοι,
1566 4401 1652 4449 τόν
1685 4395 1779 4451 διὰ

152 4492 245 4534 τοῦ
300 4482 687 4555 βαπτίσματος
741 4483 1104 4558 ἐλευθεροῦντα
1158 4503 1215 4537 σε
1268 4493 1358 4546 τῆς
1407 4481 1685 4554 δουλείας;
1718 4487 1776 4541 Ὁ

150 4576 250 4645 γὰρ
314 4576 503 4645 νόμος,
559 4577 717 4643 φησι,
764 4580 855 4624 τοῦ
914 4576 1213 4647 Πνεύματος
1273 4582 1364 4635 τῆς
1420 4575 1559 4636 ζωῆς
1619 4576 1774 4634 ἠλευ-

153 4663 355 4735 ᾶέρωσέ
428 4680 497 4733 με
558 4661 673 4733 (90)
742 4659 842 4713 ἀπό
908 4670 1000 4714 τοῦ
1080 4668 1240 4736 νόμου
1316 4672 1411 4726 τῆς
1478 4664 1764 4737 ἁμαρτίας,

150 4748 285 4803 Ἀλλ’
331 4747 463 4802 οὐδε
510 4755 736 4823 τρεπτὴν
790 4751 943 4803 οὐτοῦ
996 4772 1117 4805 ποτε
1144 4757 1239 4811 τὴν
1280 4753 1464 4805 οὐσίαν
1494 4754 1774 4826 τολμήσεις

150 4838 337 4905 εἰπεῖν,
380 4838 595 4911 ἀφορῶν
634 4838 703 4899 εἰς
755 4843 849 4898 τὴν
912 4843 1067 4912 φύσιν
1122 4850 1211 4902 τῆς
1268 4839 1621 4914 ἀντικειμένης
1676 4840 1771 4895 δυ-

215 4990 267 5025 ”
311 4995 445 5047 Act.
492 5006 573 5060 IX,
612 4993 669 5047 4.
745 4992 796 5026 ⁷⁸
833 4991 1034 5048 Matth.
1074 5007 1207 5060 xxv,
1247 4997 1337 5049 36.

153 5075 190 5129 ι,
227 5066 287 5117 4.
366 5063 419 5097 ⁷⁸
467 5063 644 5119 Rom.
685 5078 804 5130 vru,
844 5067 897 5118 2.

213 5213 325 5283 (87)
367 5212 623 5284 Ἐτρεχε.
658 5212 902 5269 Addunt
939 5213 1075 5269 editi
1118 5212 1321 5276 έκεῖνος.
1361 5214 1468 5270 sed
1507 5215 1673 5272 deest
1700 5216 1761 5271 in

151 5298 288 5359 mss.
326 5284 517 5359 Paqu
550 5290 691 5359 post
719 5284 861 5359 editi
906 5285 1293 5359 περιεϐοἴλλετεή
1327 5286 1495 5341 aliter
1522 5287 1583 5343 in
1612 5301 1759 5345 mss.

154 5301 288 5338 mss.
326 5301 517 5340 ramo
534 5301 691 5410 (post
719 5301 861 5339 eam
906 5301 1258 5359 περιεδαλλετε
1281 5304 1292 5317 ⁸
1327 5301 1495 5341 aliter
1522 5305 1535 5341 t

154 5355 418 5412 Subinde
437 5372 547 5431 _co_
585 5398 607 5431 .
634 5355 803 5431 llarl.
828 5354 1093 5419 ἀσθενείας
1124 5373 1234 5430 pro
1256 5358 1545 5431 λάμαρτίας.

218 5432 333 5497 [88)
372 5428 926 5502 A9?¢50*§0’¢0u_§x0v.
974 5428 1334 5502 Haec'verba
1380 5428 1437 5484 et
1478 5446 1615 5502 quae
1673 5446 1761 5502 se-

156 5507 415 5567 quuntur
450 5514 653 5573 usque
684 5498 763 5553 ad
788 5499 927 5573 ista,
960 5500 1018 5551 ου
1068 5498 1330 5573 κτίσμαό
1354 5498 1760 5573 ﬁda—addidi-

162 5584 280 5625 mus
310 5586 387 5628 ex
412 5570 578 5628 cod}
612 5573 753 5640 Reg.
784 5570 880 5627 cui
908 5570 1203 5629 consentit
1234 5571 1419 5643 Harl.,
1450 5574 1567 5630 nisi
1595 5573 1761 5646 quod

1213 244 1699 308 EPISTOLARUM
1739 250 2025 308 CLASSIS
2064 252 2105 304 l.
2148 248 2361 309 EPIST.
2401 254 2539 308 Vlll.

1825 3086 1867 3143 C

1423 4994 1472 5029 7‘
1508 4995 1680 5051 Joan.
1727 5010 1780 5064 ν,
1824 4997 1909 5051 19.

3453 254 3560 311 26‘2

1906 375 2071 447 quod
2090 379 2153 430 tu
2169 375 2479 433 reluctaris
2508 375 2802 433 adversus
2828 377 3133 446 virtutem,
3158 378 3428 452 seipsum
3442 397 3562 437 non

1904 463 2242 535 subjectum
2276 464 2569 520 nominat.
2592 466 2675 521 Ita
2706 466 3036 538 aliquando
3060 468 3398 540 etseipsum
3422 469 3564 527 dicit

1904 569 2039 608 esse
2101 553 2492 624 persecutioni
2535 555 2892 610 obnoxium.
2943 557 3032 611 Ait
3088 557 3245 612 enim
3292 576 3304 613 :
3354 560 3559 627 Saule,

1902 643 2099 708 Saule,
2134 643 2279 713 quid
2298 658 2390 698 me
2410 646 2780 714 persequeris
2802 644 2891 698 ττι
2922 662 3059 700 cum
3107 646 3383 702 videlicet
3442 650 3561 704 Da-

1903 747 2177 786 mascum
2201 736 2481 801 curreret,
2543 732 2755 787 Christi
2813 732 3143 803 discipulos
3208 736 3430 791 vincire
3462 752 3561 792 vo-

1900 819 2049 875 lens.
2112 823 2173 876 Et
2224 836 2436 875 rursus
2495 822 2764 893 seipsum
2812 821 3043 877 nudum
3092 828 3288 890 vocat,
3322 825 3374 879 si
3403 840 3560 880 unus

1902 908 2119 981 aliquis
2151 926 2218 965 ex
2252 909 2537 965 fratribus
2578 910 2779 965 nudus
2809 911 3112 966 exstiterit.
3147 912 3359 967 Nudus
3377 915 3556 981 enim,

1900 997 2112 1069 inquit,
2165 991 2351 1064 eram,
2403 1005 2457 1055 et
2527 1000 2916 1069 cooperuistis
2962 1015 3053 1055 me
3081 1000 3153 1057 73.
3205 1003 3370 1070 Item,
3420 1018 3559 1058 cum

1900 1086 2055 1142 alius
2088 1086 2148 1142 in
2192 1103 2431 1143 carcere
2469 1094 2765 1157 versatur,
2811 1089 3078 1161 seipsum
3100 1088 3405 1145 inclusum
3431 1106 3561 1146 esse

1899 1175 2062 1232 dicit.
2091 1176 2220 1247 Ipse
2240 1176 2397 1231 enim
2422 1182 2670 1249 peccata
2692 1183 2899 1233 nostra
2918 1177 3067 1245 tulit,
3088 1182 3143 1233 et
3167 1177 3412 1234 morbos
3428 1194 3564 1251 por-

1902 1266 2063 1320 tavit.
2092 1267 2216 1321 Una
2238 1272 2441 1321 autem
2468 1282 2541 1321 ex
2565 1266 3016 1322 infirmitatibus
3030 1272 3122 1321 est
3142 1267 3307 1338 quod
3326 1267 3563 1338 subjec-

1900 1354 1939 1409 ti
1967 1369 2089 1409 nou
2114 1353 2330 1420 simus;
2386 1360 2443 1410 et
2481 1354 2639 1409 hanc
2662 1355 2941 1426 portavit.
2986 1358 3364 1427 Quapropter
3383 1361 3439 1412 et
3461 1372 3558 1412 res

1899 1442 2208 1511 adversas,
2258 1459 2393 1515 quae
2414 1443 2590 1499 nobis
2610 1443 2913 1513 accidunt,
2938 1444 3217 1516 proprias
3245 1461 3388 1500 suas
3418 1445 3559 1501 facit

1899 1532 2190 1587 Dominus
2224 1551 2236 1587 :
2271 1532 2351 1587 ob
2376 1548 2511 1587 eam
2547 1548 2734 1605 quam
2782 1532 3106 1587 nobiscum
3158 1532 3340 1589 habet
3372 1534 3559 1590 socie-

1899 1626 2104 1691 tatem,
2140 1622 2557 1694 pcrpessiones
2588 1626 2825 1677 nostras
2858 1622 3214 1694 suscipiens.

1970 1713 2022 1764 9.
2069 1711 2179 1766 Sed
2214 1716 2269 1766 et
2296 1710 2466 1778 illud,
2496 1710 2634 1766 Non
2680 1717 2873 1780 potest
2917 1713 3110 1766 Filius
3153 1713 3362 1781 facere
3412 1728 3448 1768 a
3498 1728 3561 1769 se

1900 1799 2227 1870 quidquam
2258 1800 2327 1867 π,
2386 1806 2684 1870 usurpant
2713 1799 2815 1853 Dei
2844 1799 3047 1854 hostes
3077 1799 3156 1855 ad
3180 1800 3555 1857 audientium

1899 1888 2299 1944 eversionem.
2356 1889 2496 1943 Mihi
2551 1893 2752 1945 autem
2789 1892 2844 1945 et
2890 1890 3004 1944 hoc
3036 1889 3264 1945 dictum
3292 1891 3557 1946 maxime

1899 1978 2168 2033 declarat
2221 1977 2495 2047 ejusdem
2527 1984 2759 2032 naturae
2804 1994 2935 2033 esse
2967 1977 3175 2033 Filium
3209 1994 3277 2034 ac
3302 1982 3552 2035 Patrem.

1901 2066 2151 2135 Etenim,
2204 2066 2254 2120 si
2290 2082 2671 2138 unaquaeque
2728 2066 3110 2122 rationalium
3141 2072 3555 2123 creaturarum

1900 2155 2128 2227 aliquid
2178 2172 2213 2210 a
2256 2155 2459 2227 seipsa
2508 2156 2699 2211 facere
2754 2160 2969 2227 potest,
3028 2157 3212 2212 libere
3270 2158 3332 2213 in
3381 2159 3556 2229 pejus

1900 2245 2192 2299 meliusve
2239 2244 2560 2312 inclinans,
2609 2244 2789 2300 Filius
2839 2250 3039 2300 autem
3100 2261 3222 2301 non
3284 2251 3484 2319 potest
3522 2263 3559 2302 a

1902 2335 2222 2406 semetipso
2252 2334 2591 2406 quidquam
2632 2334 2865 2401 facere;
2922 2334 3098 2389 Filius
3131 2340 3405 2391 creatura
3434 2351 3559 2391 non

1902 2428 2007 2477 est.
2043 2422 2215 2487 Quod
2246 2422 2295 2476 si
2325 2426 2601 2477 creatura
2630 2436 2752 2477 non
2802 2426 2911 2489 est,
2963 2422 3119 2477 Patri
3168 2428 3258 2478 est
3304 2423 3562 2479 consub-

1901 2512 2213 2568 stantialis.
2245 2516 2326 2567 Ac
2347 2528 2580 2581 rursus,
2634 2511 2800 2567 nulla
2838 2516 3113 2567 creatura
3143 2512 3557 2585 quodcunque

1899 2601 2039 2665 vult,
2079 2605 2278 2671 potest
2320 2599 2595 2657 efﬁcere:
2632 2601 2813 2655 Filius
2868 2606 3070 2656 autem
3129 2602 3336 2658 omnia
3389 2618 3554 2675 quaa-

1900 2706 2137 2762 cunque
2189 2690 2393 2759 voluit,
2437 2690 2575 2745 fecit
2618 2690 2681 2745 in
2726 2690 2875 2746 coelo
2906 2696 2963 2745 et
2995 2692 3055 2745 in
3082 2696 3235 2747 terra
3269 2708 3281 2746 :
3316 2707 3438 2746 non
3471 2696 3559 2747 est

1896 2779 2077 2850 igitur
2108 2785 2379 2835 creatura
2406 2780 2605 2834 Filius.
2659 2782 2724 2834 Et
2753 2780 2991 2847 iterum,
3024 2784 3312 2835 creaturae
3343 2796 3555 2835 omnes

1897 2875 1998 2924 aut
2028 2874 2303 2924 constant
2356 2885 2426 2923 ex
2450 2869 2785 2934 contrariis,
2821 2872 2922 2924 aut
2946 2869 3383 2923 contrariorum
3416 2874 3555 2923 sunt

1896 2975 2170 3031 capaces.
2208 2958 2384 3012 Filius
2417 2974 2558 3013 vero
2591 2962 2679 3012 est
2703 2957 3105 3029 ipsajustitia,
3139 2962 3196 3011 et
3226 2973 3260 3011 a
3299 2958 3553 3013 materia

1897 3054 2159 3104 secretus
2192 3068 2202 3102 :
2237 3046 2489 3118 proinde
2524 3046 2699 3101 Filius
2753 3051 3025 3101 creatura
3068 3061 3192 3101 non
3224 3050 3330 3101 est.
3377 3046 3551 3111 Quod

1896 3141 1944 3195 si
1970 3146 2244 3196 creatura
2264 3154 2388 3193 non
2416 3143 2523 3205 est,
2549 3135 3082 3191 consubstantialis
3109 3141 3197 3191 est
3225 3136 3407 3193 Patri.

1970 3234 2053 3285 l0.
2094 3230 2206 3284 Sed
2260 3228 2387 3298 jam
2436 3227 2685 3298 quidem
2753 3225 2895 3281 satis
2952 3242 3060 3297 pro
3091 3225 3317 3281 viribus
3338 3242 3551 3298 propo-

1892 3320 2007 3375 sita
2036 3319 2195 3374 dicta
2224 3315 2706 3389 explanavimus.
2762 3317 2892 3370 iam
2943 3315 3230 3387 deinceps
3262 3316 3445 3371 etiam
3473 3316 3552 3372 ad

1892 3424 1994 3465 eos
2024 3408 2128 3481 qui
2162 3407 2446 3479 Spiritum
2479 3410 2758 3460 sanctum
2790 3410 3168 3477 oppugnant,
3204 3421 3551 3461 sermonem

1891 3502 2336 3566 convertamus,
2388 3499 2453 3550 ut
2500 3510 2745 3550 omnem
2799 3494 2986 3549 animi
3039 3509 3250 3549 eorum
3294 3494 3552 3550 altitudi-

1889 3601 2203 3659 nem,quae
2224 3601 2285 3641 se
2317 3590 2524 3641 contra
2553 3584 2655 3639 Dei
2687 3584 3092 3655 cognitionem
3124 3583 3292 3640 effert
3317 3584 3551 3655 ",deji-

1889 3677 2142 3733 ciamus.
2178 3674 2461 3747 Spiritum
2486 3677 2764 3729 sanctum
2795 3676 3130 3728 creaturam
3153 3672 3318 3728 dicis.
3342 3672 3550 3728 Omnis

1889 3770 2091 3822 autem
2113 3768 2389 3820 creatura
2413 3778 2587 3818 serva
2626 3767 2712 3817 est
2760 3762 3051 3817 Creatoris
3077 3778 3090 3815 :
3124 3762 3337 3817 Omnia
3366 3763 3544 3829 enim,

1886 3854 2102 3926 inquit,
2130 3859 2271 3909 sunt
2300 3867 2473 3907 serva
2501 3857 2604 3906 tua
2625 3852 2693 3901 τε.
2727 3850 2783 3906 Si
2801 3865 2942 3905 vero
2960 3865 3170 3905 servus
3193 3854 3305 3918 est,
3329 3848 3548 3905 adven-

1887 3943 2077 4000 titiam
2105 3956 2352 4014 quoque
2374 3939 2558 3995 habet
2589 3938 2965 3994 sanctitatem
2990 3956 3002 3993 :
3030 3937 3329 4010 quidquid
3343 3942 3544 3993 autem

1887 4031 2276 4089 adventitiam
2311 4029 2686 4084 sanctitatem
2707 4027 2911 4091 habet,
2940 4042 3137 4099 capax
3167 4026 3540 4082 estmalitiae:

1887 4127 1949 4178 at
2004 4120 2255 4192 Spiritus
2310 4122 2576 4185 sanctus,
2639 4134 2778 4172 cum
2833 4116 3170 4172 secundum
3220 4116 3545 4172 essentiam

1887 4216 2132 4268 sanctus
2159 4209 2252 4277 sit,
2280 4208 2414 4264 fons
2447 4207 2787 4279 appellatur
2811 4206 3146 4261 sanctitatis
3174 4207 3224 4240 ⁷⁷
3256 4224 3268 4261 :
3303 4221 3425 4261 non
3457 4209 3548 4261 est

1886 4302 2067 4373 igitur
2092 4303 2369 4356 creatura
2423 4297 2677 4364 Spiritus
2703 4301 2967 4352 sanctus.
3001 4295 3174 4361 Quod
3197 4295 3245 4350 si
3269 4301 3546 4351 creatura

1884 4409 2004 4450 non
2058 4395 2166 4458 est,
2214 4385 2745 4444 consubstantialis
2784 4390 2877 4441 est
2910 4387 3047 4440 Deo.
3097 4384 3414 4449 Quomodo
3442 4400 3546 4439 au-

1886 4489 2002 4541 tem
2058 4494 2300 4536 servum
2360 4492 2567 4543 vocas,
2609 4474 2707 4530 dic
2756 4474 2925 4545 mihi,
2972 4491 3134 4543 eum,
3191 4474 3295 4547 qui
3326 4477 3381 4530 te
3436 4488 3545 4546 per

1883 4569 2261 4643 baptismum
2293 4582 2323 4619 e
2360 4564 2641 4619 servitute
2686 4563 2929 4619 eximit?
2970 4564 3149 4624 Nam,
3195 4562 3410 4634 inquit,
3444 4563 3545 4619 (ex

1882 4662 2151 4731 Spiritus
2189 4658 2324 4713 vita:
2370 4654 2653 4710 liberavit
2697 4669 2789 4708 me
2825 4667 2862 4708 a
2912 4654 3039 4723 lege
3063 4655 3294 4722 peccati
3322 4653 3392 4705 ⁷⁸.
3426 4651 3542 4709 Sed

1880 4766 2079 4823 neque
2106 4744 2459 4803 mutabilem
2493 4742 2748 4798 audebis
2772 4758 3046 4814 unquam
3068 4743 3201 4812 ejus
3218 4742 3541 4798 essentiam

1882 4842 2114 4907 dicere;
2163 4836 2211 4891 si
2262 4834 2447 4890 modo
2502 4831 2581 4888 ad
2640 4831 2918 4904 potentiae
2952 4831 3221 4887 adversae
3254 4835 3537 4887 naturam

2574 4982 2817 5039 "Psal.
2860 4998 3052 5054 cxvm,
3097 4986 3185 5038 9t.
3261 4982 3307 5016 ⁷⁷
3352 4984 3533 5039 Rom.

1987 4992 2036 5026 ⁷⁵
2077 4991 2121 5046 ll
2158 4990 2289 5045 Cor.
2332 5002 2391 5055 x,
2434 4990 2485 5041 5.

1868 5214 2054 5272 habet
2101 5210 2433 5273 αὐτεξούσιον
2483 5212 2572 5261 καὶ
2628 5208 2751 5265 ἴσην
2804 5208 2926 5278 ἔχον
2976 5205 3059 5258 ἐπὶ
3111 5207 3169 5256 τὸ
3224 5209 3401 5278 χεῖρον
3446 5208 3538 5256 καὶ

1870 5294 2103 5361 κρεῖττον
2132 5285 2323 5357 ῥοπήν.

1942 5359 2054 5429 (89)
2098 5347 2608 5429 Χωρήσωμενκδὶίξ-
2626 5366 2775 5429 mss.
2809 5347 2971 5429 _E‘(_iiti
3021 5350 3355 5429 χωρ’ῥσομεν.
3404 5347 3534 5429 ΙἿΟΠ

1870 5408 2060 5512 multo
2104 5408 2250 5512 post;
2273 5408 2353 5481 ex.
2378 5423 2511 5510 cod.
2562 5421 2725 5508 Harl.
2745 5420 2959 5506 addita
2992 5408 3130 5474 siin't
3158 5408 3288 5473 haec
3321 5415 3530 5486 verba,

1869 5507 1970 5554 πᾶν
2005 5497 2063 5551 δὲ
2104 5492 2128 5549 ό
2161 5498 2437 5555 ἐπίκτητον
2469 5497 2583 5566 ἔχει
2614 5497 2706 5566 τήν
2734 5492 3008 5566 ἀγιότητα.

1943 5573 2053 5645 (90)
2090 5569 2437 5643 Ἠλευθίρωσί
2579 5568 2637 5617 Si
2666 5564 2728 5620 in
2759 5562 3002 5620 duobus
3032 5575 3185 5619 mss.
