4070 6194
509 174 612 271 έσδ

1881 208 1937 267 8.
1978 204 2237 267 BASILII
2277 208 2496 267 MAGNI

3762 206 3873 265 264

508 338 817 412 respicias,
850 353 984 410 quae
1012 336 1264 408 fulguris
1283 335 1342 391 in
1374 350 1602 391 morem
1632 351 1662 390 e
1693 334 1842 391 ecelo
1864 334 2037 407 lapsa
2050 339 2148 404 est,

2268 337 2482 408 νάμεως,
2535 336 2672 399 ἣτις,
2705 335 2769 393 ὧς
2824 331 3092 405 ἀστραπὴ,
3142 335 3402 385 πέπτωκεν
3449 330 3548 384 ἀπὸ
3593 340 3682 385 τοῦ
3714 333 3872 407 οὐρα-

509 434 567 485 et
595 445 739 483 vera
770 428 891 483 vita
921 426 1160 496 excidit,
1214 430 1531 498 propterea
1587 424 1752 496 quod
1782 424 2032 480 ascitam
2064 440 2160 480 ex-

509 525 866 588 ternamque
899 517 1277 572 sanctitatem
1302 514 1530 579 habuit,
1561 515 1851 569 successit
1873 530 1990 584 que
2023 530 2161 569 con-

510 608 640 663 silio
662 607 823 663 malo
852 606 1127 661 mutatio.
1170 606 1373 675 Itaque
1398 608 1797 675 posteaquam
1822 603 1941 673 88
1963 604 2162 658 etuni-

510 702 627 753 tate
678 696 916 753 excidit.
946 700 1002 749 et
1048 694 1383 763 angelicam
1436 692 1653 763 abjecit
1678 692 2052 762 dignitatem,
2089 710 2159 749 ex

509 785 782 841 moribus
829 783 1022 838 dictus
1073 790 1163 837 est
1228 780 1527 847 diabolus,
1597 782 1885 836 exstincto
1914 782 2159 853 quidem

509 876 707 948 priore
740 890 808 928 ac
838 873 1015 927 beato
1055 872 1287 938 habitu,
1320 872 1576 927 excitata
1607 888 1747 926 vero
1778 872 2036 927 adversa
2062 872 2161 927 illa

510 964 793 1037 potentia.
831 962 920 1016 Ad
952 962 1080 1016 haec
1098 962 1144 1015 si
1166 961 1450 1032 Spiritum
1483 960 2161 1017 sanctumdicitcreatu-

507 1070 659 1119 ram,
695 1051 1212 1120 circumscriptam
1238 1066 1309 1104 ac
1339 1049 1571 1105 ﬁnitam
1599 1049 1755 1104 illius
1772 1055 2051 1106 naturam
2076 1052 2160 1106 in-

508 1142 692 1198 ducit.
731 1138 1047 1205 Quomodo
1088 1155 1230 1208 ergo
1301 1138 1485 1194 stabit
1520 1138 1706 1194 illud:
1739 1140 2001 1208 Spiritus
2046 1142 2158 1197 Do-

506 1233 657 1288 mini
704 1233 953 1300 replevit
998 1230 1196 1285 orbem
1250 1231 1664 1285 terrarum”?
1711 1229 1859 1284 illud
1889 1246 2154 1302 quoque,

509 1323 634 1389 Quo
652 1322 745 1376 ibo
768 1338 803 1376 a
834 1320 1060 1391 Spiritu
1094 1327 1193 1374 tuo
1226 1320 1312 1374 l3°?
1345 1319 1456 1375 Sed
1489 1334 1684 1390 neque
1710 1319 1908 1390 ipsum
1941 1327 2159 1376 natura

506 1411 866 1482 simplicem,
920 1414 983 1463 ut
1011 1413 1281 1479 apparet,
1329 1408 1665 1463 confitetur.
1700 1408 1843 1463 Dicit
1872 1410 2029 1464 enim
2063 1411 2157 1482 ip-

506 1516 642 1554 sum
696 1514 951 1553 numero
1003 1512 1212 1552 unum.
1271 1497 1574 1568 Quidquid
1596 1502 1796 1552 autem
1838 1514 2027 1553 unum
2051 1516 2160 1556 nu-

505 1604 673 1644 mero
701 1592 807 1653 est,
849 1587 931 1655 id,
978 1592 1043 1641 ut
1080 1586 1223 1651 dixi,
1280 1585 1535 1657 simplex
1584 1602 1707 1641 non
1750 1594 1858 1641 est.
1911 1589 1966 1643 Si
2015 1606 2158 1645 vero

2267 432 2375 489 νοῦ,
2429 428 2515 475 καὶ
2570 424 2771 485 ἐξέπεσε
2820 431 2913 483 τῆς
2961 426 3114 484 ὅντως
3162 422 3321 490 ζωῆς,
3356 417 3448 473 δια
3485 426 3542 474 τὸ
3595 422 3873 480 ἐπίκτητον

2269 512 2552 583 ἐσχηκέναι
2613 518 2705 569 τὴν
2765 512 3049 582 ἁγιότητα,
3118 516 3205 563 καὶ
3272 511 3741 569 ἐπηκολουθηκέναι
3801 520 3867 584 τῇ

2267 610 2401 673 κακῇ
2448 601 2611 673 βουλῇ
2669 606 2761 659 τὴν
2821 600 3112 654 ἀλλοίωσιν.
3164 607 3451 673 Τοιγαροῦν
3500 606 3589 652 καὶ
3636 601 3871 653 ἐκπεσὼν

2267 699 2363 752 τῆς
2409 687 2655 762 μονάδος,
2708 696 2797 740 καὶ
2847 694 2903 741 τὸ
2954 688 3224 761 ἀγγελικὸν
3283 688 3575 763 ἀπορρίψας
3636 688 3867 762 ἀξίωμα,

2270 778 2370 831 ἀπὸ
2416 788 2506 831 τοῦ
2552 785 2743 854 τρόπου
2793 781 3071 851 ὠνομάσθη
3126 775 3399 838 διάϐολοςο
3446 777 3871 839 ἀποσϐεσθείσης

2267 872 2357 940 μεν
2400 869 2557 920 αὑτοῦ
2610 878 2703 929 τῆς
2746 873 2999 942 προτέρας
3038 873 3126 919 καὶ
3174 872 3433 941 μακαρίας
3480 868 3646 930 ἕξεως,
3680 877 3775 929 τῆς
3808 865 3871 920 δε

2269 956 2617 1029 ἀντικειμένης
2676 960 2867 1019 ταύτης
2936 954 3203 1028 δυναμεως
3272 956 3607 1028 ἀναφθείσης.
3682 957 3868 1009 ’Ἐπει-

2267 1066 2331 1097 τα
2370 1048 2412 1099 εἰ
2463 1052 2663 1118 κτίσμα
2708 1046 2840 1117 λέγει
2884 1050 2939 1097 τὸ
2991 1054 3197 1117 Πνεῦμα
3246 1049 3301 1096 τὸ
3345 1045 3515 1117 ἅγιον,
3566 1065 3868 1118 πεπερατω-

2264 1141 2419 1208 μένην
2450 1141 2540 1193 τὴν
2574 1140 2727 1207 φύσιν
2772 1136 2930 1187 αὑτοῦ
2986 1136 3203 1205 εἰσάγει.
3240 1142 3356 1195 Πῶς
3403 1130 3489 1186 οὖν
3537 1137 3869 1192 σταθήσεται

2265 1230 2363 1293 τὸ,
2438 1233 2645 1297 Πνεῦμα
2712 1230 2905 1297 Κυρίου
2977 1223 3279 1298 πεπλήρωκε
3344 1228 3437 1281 την
3503 1224 3863 1297 οἰκουμένην;

2264 1320 2353 1366 καὶ
2408 1318 2502 1378 τὸ,
2572 1322 2675 1366 Ποῦ
2737 1316 2973 1387 πορευθῶ
3040 1310 3140 1363 ἀπὸ
3206 1320 3297 1364 τοῦ
3363 1316 3655 1385 Πνεῦματος
3716 1331 3863 1379 acu;

2264 1403 2395 1456 Ἀλλ’
2447 1400 2561 1455 οὐδ’
2608 1402 2800 1454 ἁπλοῦν
2859 1403 2984 1454 αὐτὸ
3038 1411 3098 1473 τῇ
3159 1405 3330 1474 φύσει,
3383 1405 3445 1462 ὡς
3511 1405 3688 1468 ἔοικεν,
3740 1405 3866 1475 ὁμου

2262 1492 2419 1565 λογεῐ.
2466 1493 2695 1566 Ἀριομῷ
2752 1496 2850 1565 γὰρ
2901 1492 2947 1544 ἓν
2998 1492 3124 1544 αὐτὸ
3175 1492 3436 1564 ὀνομάζει.
3481 1499 3586 1544 Πᾶν
3638 1490 3696 1544 δὲ
3744 1493 3767 1543 ὃ
3813 1493 3861 1544 ἓν

2265 1582 2493 1655 ἀριθμῷ,
2538 1590 2687 1634 τοῦτο
2738 1582 2842 1653 οὐχ
2893 1581 3107 1646 ἁπλοῦν,
3158 1584 3222 1641 ὡς
3280 1584 3423 1653 ἔφην,
3471 1584 3630 1634 ἔστιν.
3684 1581 3743 1632 Εἰ
3803 1578 3863 1633 δὲ

506 1674 761 1745 simplex
794 1690 917 1729 non
956 1679 1043 1729 est
1093 1675 1342 1745 Spiritus
1379 1680 1643 1743 sanctus,
1702 1692 1773 1730 ex
1821 1680 2080 1733 essentia
2101 1684 2148 1734 et

2263 1677 2333 1744 μὴ
2388 1672 2579 1723 ἁπἏΟῦν
2624 1672 2734 1722 ἐστι
2781 1675 2839 1722 τὸ
2896 1678 3105 1743 Πνεῦμα
3150 1675 3206 1722 τὸ
3246 1670 3415 1740 ἅγιόν,
3449 1670 3501 1732 ἐξ
3547 1670 3733 1731 οὐσίας
3768 1676 3863 1722 καὶ

506 1764 1104 1820 sanctitate‘constat
1157 1783 1167 1815 :
1225 1764 1389 1836 quod
1442 1769 1644 1820 autem
1697 1773 1786 1821 est
1831 1767 2152 1837 ejusmodi,

506 1854 909 1926 compositum
936 1858 1049 1909 est.
1079 1854 1191 1908 Sed
1224 1854 1359 1925 quis
1400 1853 1551 1909 adeo
1589 1854 1840 1910 demens
1870 1856 2065 1925 fuerit,
2090 1863 2155 1914 ut

507 1944 787 2015 Spiritum
816 1947 1091 1999 sanctum
1123 1942 1283 1998 dicat
1308 1944 1733 2014 compositum,
1765 1962 1835 2001 ac
1862 1962 1985 2003 non
2017 1948 2152 2003 sim-

502 2032 741 2103 plicem,
774 2037 830 2087 et
855 2032 1009 2087 Patri
1041 2037 1097 2087 et
1143 2032 1288 2087 Filio
1328 2033 1901 2091 consubstantialem
1945 2052 2152 2092 secun-

501 2121 649 2176 dum
690 2120 1083 2192 simplicitatis
1112 2121 1404 2177 rationem
1423 2122 1449 2176 7

2263 1761 2531 1832 ἁγιασμοῦ
2578 1763 2895 1817 συνέστηκε·
2938 1763 2993 1810 τὸ
3041 1756 3099 1811 δε
3142 1767 3395 1828 τοιοῦτον,
3446 1760 3709 1814 σύνθετον.
3756 1763 3861 1810 Καὶ

2262 1854 2343 1909 τίς
2391 1850 2548 1909 οὕτως
2607 1847 2841 1916 ἀνόητος,
2884 1852 2948 1908 ὡς
2996 1850 3236 1900 σύνθετον
3269 1854 3424 1899 εἰπεῖν
3463 1851 3520 1899 τὸ
3555 1854 3762 1919 Πνεῦμα
3803 1851 3862 1898 τὸ

2262 1939 2429 2010 ἅγιον,
2480 1944 2569 1990 καὶ
2619 1943 2689 2009 μὴ
2744 1937 2957 2007 ἁπλοῦν,
2991 1942 3080 1989 καὶ
3132 1940 3267 1989 κατὰ
3310 1940 3395 1988 τὸν
3431 1944 3526 1997 τῆς
3564 1935 3863 1997 ἁπλότητος

2259 2028 2409 2101 λόγον
2437 2030 2715 2100 ὀμοοῦσιον
2747 2032 2914 2100 Πατρὶ
2945 2031 3031 2078 καὶ
3059 2028 3160 2097 Υἱῷ
3186 2045 3199 2090 ;

2334 2212 2419 2263 Η.
2460 2206 2519 2259 Εἰ
2550 2203 2607 2258 δε
2641 2202 2724 2257 δεῖ
2744 2204 3002 2279 προϐῆναι
3038 2206 3149 2273 (91)
3182 2212 3252 2273 τῷ
3300 2203 3455 2276 λογῳ,
3488 2208 3579 2255 καὶ
3610 2203 3859 2255 ἐποπτεῦ-

576 2215 660 2265 11.
707 2210 877 2277 Quod
926 2212 973 2265 si
1027 2226 1305 2266 sermone
1353 2211 1862 2282 progrediendum
1890 2220 1996 2283 est,
2026 2231 2149 2272 ma-

2260 2316 2348 2348 σαι
2391 2298 2456 2346 τὰ
2503 2296 2735 2367 μείζονα,
2770 2294 2823 2346 ἐκ
2867 2298 3052 2345 τούτου
3105 2294 3339 2366 μάὶιστα
3386 2298 3477 2353 την
3539 2294 3710 2350 θείκην
3761 2289 3861 2343 δύο

492 2300 752 2370 joraque
779 2299 1177 2370 inspicienda,
1207 2300 1347 2354 hinc
1368 2300 1633 2356 maxime
1664 2302 1933 2358 divinam
1957 2305 2145 2360 sancti

501 2388 755 2459 Spiritus
811 2388 1141 2459 potentiam
1191 2389 1694 2461 contemplemur.
1744 2392 1875 2447 Tria
1903 2396 2147 2449 creatio-

497 2493 645 2532 num
670 2492 894 2546 genera
932 2476 992 2531 in
1043 2476 1344 2548 Scriptura
1400 2479 1713 2535 nominata
1756 2481 2095 2537 invenimus
2128 2501 2143 2539 :

498 2581 690 2621 unum
740 2565 989 2638 quidem
1047 2583 1115 2621 ac
1164 2566 1451 2637 primum,
1493 2584 1564 2623 ex
1596 2569 1779 2625 nihilo
1807 2572 2147 2641 productio-

496 2670 672 2723 nem;
734 2654 1068 2710 secundum
1118 2672 1282 2724 vero,
1338 2672 1409 2711 ex
1462 2658 1665 2729 pejore
1696 2659 1754 2714 in
1797 2661 2011 2715 melius
2039 2662 2147 2719 im-

498 2743 927 2810 mutationem;
985 2744 1247 2803 tertium,
1338 2746 1834 2802 resurrectionem
1884 2754 2146 2805 mortuo-

495 2848 652 2888 rum.
701 2833 762 2886 In
795 2832 886 2886 his
916 2833 1173 2903 reperies
1233 2833 1515 2904 Spiritum
1546 2841 1821 2891 sanctum
1856 2854 1978 2894 una
2007 2856 2147 2896 cum

450 2925 461 2965 Ι
495 2922 665 2976 Patre
722 2925 779 2975 et
836 2921 978 2976 Filio
1032 2928 1403 2992 operantem.
1432 2923 1571 2978 lei
1604 2926 1763 2980 enim
1804 2928 2149 2998 producun-

494 3015 609 3067 tur.
654 3008 807 3074 Quid
837 3010 965 3079 jam
1014 3010 1155 3065 dicit
1206 3011 1436 3065 David?
1492 3014 1675 3069 Verbo
1727 3016 1971 3072 Domini
2016 3020 2148 3073 cali

2260 3016 2359 3062 Kut
2411 3014 2461 3060 τί
2502 3011 2712 3081 φησινὸ
2758 3005 2956 3073 Δαϐίδ;
3004 3015 3086 3077 Τῷ
3142 3012 3275 3078 λόγῳ
3324 3012 3516 3081 Κυρίου
3559 3009 3605 3057 οἱ
3644 3007 3859 3079 οὐρανοὶ

490 3100 722 3169 ﬁrmati
773 3105 934 3162 sunt,
992 3104 1045 3153 et
1089 3101 1307 3167 spiritu
1359 3102 1480 3155 oris
1535 3105 1660 3171 ejus
1712 3107 1902 3161 omnis
1956 3114 2147 3162 virtus

2257 3098 2682 3171 ἐστερεώθησαν,
2766 3103 2854 3149 καὶ
2938 3106 3010 3168 τῷ
3078 3100 3335 3168 πνεύματι
3413 3104 3505 3147 τοῦ
3593 3100 3860 3166 στὸματος

492 3202 697 3242 eorum
725 3188 800 3243 ⁸¹.
840 3190 1065 3242 Rursus
1098 3193 1335 3243 creatur
1372 3188 1558 3245 homo
1581 3207 1687 3262 per
1706 3191 2035 3264 baptisma.
2078 3197 2149 3252 Si

490 3290 611 3345 qua
652 3276 807 3330 enim
840 3279 900 3330 in
936 3276 1176 3332 Christo
1226 3293 1380 3332 nova
1414 3283 1695 3335 creatura
1728 3283 1795 3337 ⁸³.
1840 3285 1969 3338 lam
1998 3284 2140 3356 quid

489 3362 631 3418 dicit
685 3363 995 3434 discipulis
1045 3364 1357 3419 Salvator?
1406 3367 1635 3423 Eunles
1689 3370 1889 3426 docete
1946 3388 2144 3429 omnes

487 3460 711 3523 gentes,
765 3455 1131 3523 baptizantes
1178 3470 1270 3509 eos
1316 3457 1377 3510 in
1419 3460 1657 3513 nomine
1685 3460 1891 3516 Patris
1917 3469 1971 3517 et
1995 3464 2145 3519 Filii

489 3549 543 3598 et
572 3542 838 3612 Spiritus
870 3544 1068 3598 sancti
1092 3544 1157 3596 ⁸³.
1192 3542 1371 3598 Vides
1412 3549 1465 3598 et
1491 3545 1587 3601 hic
1619 3562 1739 3602 una
1759 3548 1973 3603 adesse
2004 3567 2142 3608 cum

490 3633 657 3687 Patre
689 3636 744 3686 et
770 3631 907 3687 Filio
938 3632 1222 3704 Spiritum
1253 3640 1549 3688 sanctum.
1573 3635 1723 3699 Quid
1752 3642 1948 3691 autem
1977 3638 2140 3693 dices

489 3725 547 3776 et
574 3720 648 3776 de
696 3722 1129 3776 resurrectione
1162 3728 1563 3791 mortuorum,
1624 3731 1950 3797 postquam
1980 3727 2141 3785 defe-

488 3812 768 3873 cerimus,
825 3815 882 3866 et
922 3810 983 3865 in
1033 3816 1309 3866 nostrum
1349 3812 1661 3883 pulverem
1707 3816 1929 3871 reversi
1958 3816 2140 3873 fueri-

487 3914 625 3953 mus
648 3899 675 3952 ?
705 3901 881 3953 Terra
932 3900 1091 3953 enim
1135 3916 1373 3964 sumus,
1401 3900 1539 3955 etin
1565 3906 1784 3959 terram
1806 3904 2053 3969 ibimus,
2087 3912 2145 3963 et

486 3986 678 4042 mittet
732 3986 1018 4057 Spiritum
1069 3992 1370 4055 sanctum,
1422 3994 1479 4045 et
1508 3990 1736 4046 creabit
1793 4009 1927 4061 nos,
1961 4000 2018 4050 et
2044 4012 2141 4051 re-

485 4074 733 4130 novabit
758 4074 971 4130 faciem
1004 4078 1254 4130 terrm“.
1278 4080 1423 4133 Nam
1456 4079 1620 4150 quod
1648 4086 1894 4137 sanctus
1918 4084 2141 4140 Paulus

484 4164 986 4218 resurrectionem
1018 4163 1188 4231 dixit,
1232 4165 1293 4219 id
1329 4167 1514 4222 David
1544 4170 1997 4227 renovationem
2036 4190 2140 4245 ap-

484 4251 745 4323 pellavit.
794 4255 1021 4308 Rursus
1075 4260 1275 4309 autem
1337 4256 1659 4313 audiamus
1712 4275 1873 4329 eum,
1924 4262 2029 4334 qui
2060 4263 2140 4319 ad

485 4342 724 4398 tertium
764 4359 956 4415 usque
1011 4343 1230 4399 caelum
1299 4351 1511 4417 raptus
1585 4352 1690 4404 est.
1754 4336 1900 4416 Quid
1955 4352 2138 4409 dicit?

2257 4346 2417 4404 Δαϐίὸ
2485 4348 2858 4419 ἀνακαινισμὸν
2922 4352 3339 4421 προσηγόρευσε.
3401 4346 3731 4417 ’Δκοῦσωμεν
3794 4341 3863 4397 δὲ

485 4431 792 4499 Templum
824 4434 960 4488 estis
984 4434 1250 4502 Spiritus
1281 4440 1476 4491 sancti
1504 4438 1563 4493 in
1598 4439 1758 4493 vobis
1789 4441 2138 4498 inhabitan-

2257 4439 2400 4491 πάλιν
2449 4440 2562 4508 (92)
2619 4445 2709 4511 τοῦ
2757 4437 3074 4511 ἀρπαγέντος
3123 4438 3217 4497 ἕως
3263 4441 3441 4509 τρίτου
3498 4435 3739 4507 οὐρανοῦ.
3789 4440 3864 4487 Τί

481 4520 556 4573 tis
584 4520 653 4576 ³⁵.
683 4520 996 4592 Templum
1028 4527 1227 4577 autem
1276 4539 1475 4591 omne,
1529 4526 1631 4581 Dei
1690 4528 1983 4600 templum
2029 4536 2136 4588 est.

2257 4544 2443 4601 pnaw;
2509 4527 2630 4578 ’Ότι
2694 4530 2813 4587 ναὸς
2880 4534 2971 4577 τοῦ
3038 4526 3083 4577 ἐν
3144 4526 3264 4597 ὑμῖν
3330 4522 3483 4595 ἁγίου
3552 4527 3864 4595 Πνεῦματὸς

480 4608 652 4672 Quod
677 4609 723 4663 si
750 4610 1040 4681 templum
1071 4627 1279 4666 sumus
1314 4614 1564 4685 Spiritus
1617 4617 1836 4685 sancti;
1884 4619 2135 4690 Spiritus

2257 4619 2381 4674 ἕστε,
2426 4624 2535 4678 Πᾶς
2582 4614 2641 4668 δὲ
2682 4620 2799 4677 ναὸς
2856 4619 2981 4667 Θεοῦ
3030 4620 3164 4674 ναὸς.
3200 4614 3258 4667 Εἰ
3303 4612 3361 4666 δὲ
3392 4620 3512 4674 ναός
3559 4614 3706 4685 ἐσμεν
3758 4622 3862 4664 τοῦ

480 4704 724 4753 sanctus
747 4700 901 4754 Deus
932 4706 1042 4755 est.
1101 4701 1321 4756 Dicitur
1367 4708 1568 4759 autem
1600 4712 1656 4761 et
1704 4708 1995 4779 templum
2031 4712 2134 4766 Sa-

2257 4712 2542 4780 [Ινεῦματος
2597 4714 2687 4757 τοῦ
2742 4705 2915 4776 ἁγίου,
2980 4708 3104 4763 Θεὸς
3166 4708 3222 4755 τὸ
3293 4710 3503 4775 Πνεῦμα
3563 4708 3621 4754 τὸ
3678 4702 3860 4774 ἅγιον.

476 4784 777 4855 lomonis;
835 4805 1049 4844 verum
1110 4795 1398 4863 tanquam
1463 4793 1593 4863 ejus
1651 4796 1754 4867 qui
1823 4799 2131 4854 exstruxit.

2257 4802 2466 4868 Λέγεται
2531 4793 2588 4847 di
2654 4800 2736 4847 καὶ
2804 4797 2925 4855 ναὸς
2992 4793 3333 4865 Σολομῶντος,
3394 4791 3501 4843 ἀλλ’
3564 4794 3631 4851 ὡς
3691 4810 3869 4843 κατα-

478 4877 651 4942 Quod
711 4877 759 4931 si
791 4878 875 4932 sic
908 4895 1119 4933 sumus
1170 4881 1457 4953 templum
1488 4884 1739 4954 Spiritus
1767 4888 1979 4957 sancti,
2009 4889 2129 4960 Spio

475 4966 624 5021 ritus
685 4972 930 5021 sanctus
980 4968 1136 5023 Deus
1188 4975 1274 5024 est
1308 4986 1320 5023 :
1357 4970 1473 5037 Qui
1494 4972 1654 5028 enim
1706 4978 1908 5032 omnia
1940 4978 2132 5033 condi-

474 5055 585 5123 dit,
614 5057 772 5112 Deus
803 5063 886 5113 est
918 5058 997 5128 35;
1034 5057 1081 5112 si
1116 5074 1257 5113 vero
1284 5066 1578 5132 tanquam
1610 5064 1761 5134 ejus,
1789 5066 1893 5136 qui
1917 5068 2130 5124 adora-

2255 2405 2406 2457 ναμιν
2460 2392 2549 2436 τοῦ
2606 2384 2761 2455 ἁγίου
2819 2386 3112 2455 Πνεῦματος
3153 2384 3508 2454 θεωρήσωμεν.
3541 2389 3689 2456 Τρεῖς
3740 2386 3856 2432 κτί-

2258 2494 2361 2534 σεις
2419 2475 2703 2547 εὑρήκαμεν
2773 2472 3150 2544 ὀνομαζομένας
3212 2474 3259 2522 ἐν
3317 2478 3377 2542 τῇ
3452 2477 3665 2545 Γραφῇο
3725 2474 3853 2540 μίαν

2255 2566 2344 2635 μὲν
2388 2568 2476 2615 καὶ
2528 2569 2735 2637 πρώτην
2772 2567 2863 2619 τὴν
2906 2560 3005 2613 ἀπὸ
3047 2569 3136 2612 τοῦ
3185 2565 3254 2633 μὴ
3308 2564 3448 2621 ὄντος
3492 2560 3561 2621 εἰς
3600 2563 3657 2610 τὸ
3722 2555 3855 2610 εἶναι

2256 2657 2608 2727 παραγωγήν·
2664 2648 2907 2725 δευτέραν
2958 2646 3015 2701 δὲ
3064 2655 3157 2707 τὴν
3208 2648 3308 2701 ἀπὸ
3353 2657 3444 2700 τοῦ
3494 2654 3732 2720 χείρονος
3782 2648 3856 2710 εἰς

2256 2746 2313 2793 τὸ
2362 2749 2593 2815 κρεῖττον
2643 2739 2952 2792 ἀλλοίωσιν·
3006 2744 3180 2813 τρίτην
3249 2735 3305 2790 δὲ
3360 2743 3448 2795 την
3508 2737 3855 2799 ἐξανάστασιν

2257 2840 2354 2883 τῶν
2411 2840 2615 2904 νεκρῶν.
2670 2832 2749 2882 Ἐν
2808 2833 3024 2891 ταύταις
3082 2832 3319 2904 εὑρήσεις
3379 2833 3624 2901 συνεργὸν
3685 2833 3883 2900 Πατρὶι

2256 2925 2345 2971 καὶ
2392 2924 2496 2989 Υἱῷ
2544 2923 2601 2971 τὸ
2649 2920 2796 2990 ἅγιον
2852 2926 3078 2990 Πνεῦμα.
3127 2918 3369 2991 Οῦρανῶν
3414 2920 3515 2990 γὰρ
3566 2917 3848 2977 οῦσίωσις.

2256 3188 2415 3239 αὐτοῦ
2490 3194 2637 3239 πᾶσα
2705 3189 2730 3244 ὂ
2803 3182 3026 3257 δύναμις
3093 3186 3282 3240 αὐτῶν.
3360 3185 3520 3237 Πάλιν
3587 3186 3859 3259 ἄνθρωπος

2256 3274 2348 3330 διὰ
2402 3275 2735 3349 βαπτίματος
2790 3280 3061 3338 κτίζεται·
3122 3278 3182 3328 Εἰ
3235 3295 3313 3335 τις
3372 3278 3473 3347 γὰρ
3532 3274 3579 3326 ἐν
3636 3282 3860 3345 Χριστῷ

2254 3373 2403 3425 καινὴ
2452 3372 2641 3427 κτίσις.
2677 3372 2777 3419 Καὶ
2825 3386 2876 3417 τι
2908 3385 3038 3437 φησι
3083 3373 3191 3425 τοῖς
3241 3367 3504 3437 μαθηταῖς
3548 3366 3572 3414 ὸ
3631 3368 3855 3437 Σωτηρς

2255 3457 2627 3525 Ἀπελθόντες,
2694 3458 3056 3528 μαθητεύσατε
3140 3456 3306 3507 πάντα
3370 3457 3438 3506 τὰ
3508 3456 3672 3522 ἔθνη,
3742 3452 3858 3525 βα-

2252 3547 2520 3606 πτίζοντες
2588 3546 2776 3605 αὐτοὺς
2853 3553 2918 3605 εἰς
2982 3547 3037 3596 τὸ
3106 3548 3266 3617 ὄνομα
3339 3551 3428 3595 τοῦ
3496 3546 3699 3617 Πατρός
3762 3548 3858 3595 καὶ

2251 3642 2342 3686 τοῦ
2405 3638 2527 3687 Υίοῦ
2594 3640 2683 3686 καὶ
2748 3642 2836 3687 τοῦ
2902 3634 3054 3705 ἁγίου
3124 3636 3443 3705 Πνεῦματος.
3517 3632 3669 3706 Ὀρᾲς
3730 3631 3860 3683 κᾶν.

2251 3726 2419 3776 ταῦθα
2473 3728 2745 3796 συμπαρὸν
2798 3728 2964 3797 Παρτί
3022 3728 3111 3774 καὶ
3158 3726 3261 3794 Υἱῷ
3308 3726 3363 3774 τὸ
3417 3723 3564 3792 ἀγίον
3618 3728 3855 3793 Πνεῦμα.

2248 3817 2313 3865 Τί
2353 3810 2425 3864 δι’
2452 3811 2511 3863 ἆν
2538 3817 2699 3873 εἴποις
2739 3818 2828 3863 καὶ
2858 3817 2975 3885 περὶ
3004 3821 3098 3873 τῆς
3140 3810 3473 3872 ἀναστάσεως
3511 3819 3608 3861 τῶν
3638 3819 3856 3883 νεκρῶν,

2252 3904 2372 3953 ὅταν
2420 3901 2750 3973 ἐκλείψωμεν,
2802 3906 2891 3953 καὶ
2950 3901 3019 3962 εἰς
3067 3904 3151 3953 τὸν
3205 3908 3340 3971 χοῦν
3398 3903 3541 3971 ἡμῶν
3608 3899 3861 3971 ἐπιστρέ-

2250 3992 2464 4063 aliqua;
2517 3997 2585 4049 Γῆ
2638 3993 2738 4063 γάρ
2785 3991 2955 4063 ἐσμεν,
3002 3995 3091 4041 καὶ
3142 3990 3210 4050 εἰς
3260 3995 3353 4048 τὴν
3408 3997 3507 4060 γῆν
3565 3988 3861 4041 ἀπελευσό-

2250 4083 2403 4155 μεθα,
2443 4086 2531 4133 καὶ
2578 4080 2849 4133 αποστελεί
2889 4084 2945 4130 τὸ
2999 4087 3207 4151 Πνεῦμα
3253 4083 3310 4131 τὸ
3354 4078 3521 4151 ἅγιον,
3555 4084 3645 4130 καὶ
3679 4083 3863 4129 κτίσει

2251 4175 2411 4243 ἡμᾶς,
2458 4176 2545 4223 καὶ
2602 4170 2924 4222 ἀνακαινίσει
2980 4174 3037 4220 τὸ
3093 4173 3371 4241 πρόσωπον
3428 4176 3522 4228 τῆς
3586 4176 3699 4239 γῆς.
3758 4168 3862 4219 ’Ἢν

2249 4265 2349 4335 γὰρ
2417 4259 2617 4320 Παῦλος
2673 4261 2698 4310 ὸ
2769 4258 2918 4329 ἅγιος
2977 4258 3321 4319 ἐξανάστασιν
3385 4260 3593 4330 εἶρηκε,
3654 4260 3861 4313 ταύτην

2246 4891 2625 4947 σκευάσαντος.
2693 4885 2753 4936 Εἰ
2820 4881 2878 4935 δὲ
2940 4884 3095 4943 οὕτως
3156 4883 3306 4954 ἐσμεν
3362 4886 3479 4942 ναὸς
3540 4889 3629 4933 τοῦ
3694 4880 3867 4953 ἁγίου

2243 4981 2579 5049 Πνεῦματος,
2640 4977 2767 5034 Θεὸς
2820 4976 2877 5024 τὸ
2930 4974 3078 5044 ἅγιον
3141 4979 3368 5044 Πνεῦμα.
3427 4972 3484 5023 Ὀ
3529 4974 3631 5045 γὰρ
3679 4974 3871 5025 πάντα

2240 5068 2642 5125 κατασκευάσας
2700 5067 2865 5124 Θεὸς·
2918 5062 2991 5123 εἰς
3050 5058 3107 5114 δὲ
3153 5064 3222 5123 ὡς
3272 5064 3715 5133 ποσκυνουμενου,
3764 5081 3872 5153 καὶ

543 5252 589 5289 τ’
621 5254 759 5327 Sap.
795 5271 831 5318 ι,
861 5260 919 5309 7.
984 5254 1031 5289 ⁸ο
1067 5255 1213 5312 Psal.
1268 5273 1535 5327 cxxxvm,
1565 5265 1618 5315 7.
1676 5262 1718 5296 ⁸¹
1756 5263 1911 5319 Psal.
1961 5280 2148 5331 xxxu,
2182 5271 2233 5323 6.
2292 5268 2337 5302 ⁸³
2369 5266 2419 5320 ll
2440 5265 2573 5319 Cor.
2608 5279 2665 5318 v.
2704 5266 2788 5316 t7.
2840 5261 2887 5296 ⁸³
2921 5260 3133 5317 Matth.
3195 5274 3397 5326 xxvui,
3436 5261 3523 5315 t9.
3587 5259 3635 5293 “
3686 5259 3868 5315 Psal.

462 5359 582 5411 'cm,
608 5345 701 5400 30.
768 5345 815 5379 ⁸³
849 5344 891 5401 Ι.
920 5344 1053 5400 Cor.
1084 5360 1159 5417 v1,
1196 5350 1281 5401 i9.
1334 5348 1381 5382 ⁸⁸
1419 5349 1590 5404 Hebr.
1624 5367 1700 5419 ιιι,
1730 5356 1781 5405 4.

3512 5346 3525 5353 ν

538 5550 651 5620 (91)
687 5551 970 5625 Προεῆναι.
1004 5555 1134 5610 Mss.
1163 5552 1479 5626 προσϐῆναι.

2303 5561 2415 5637 (92)
2460 5560 2641 5618 Πάλιν.
2676 5559 2839 5618 Hane
2867 5572 3077 5619 vocem
3110 5552 3466 5617 addidimus
3496 5570 3760 5618 extimss.
