  <div class='ocr_page' id='page_1' title='image "/cluster/home/n/w/nwhite01/storage/ocr_20150623/32/hvd.32044048207401/138.png"; bbox 0 0 4102 6194; ppageno 0'>
   <div class='ocr_carea' id='block_1_1' title="bbox 214 254 309 306">
    <p class='ocr_par' dir='ltr' id='par_1_1' title="bbox 214 254 309 306">
     <span class='ocr_line' id='line_1_1' title="bbox 214 254 309 306; baseline 0.011 -1"><span class='ocrx_word' id='word_1_1' title='bbox 214 254 309 306; x_wconf 83' lang='grc'>265</span> 
     </span>
    </p>
   </div>
   <div class='ocr_carea' id='block_1_2' title="bbox 219 465 1805 539">
    <p class='ocr_par' dir='ltr' id='par_1_2' title="bbox 219 465 1805 539">
     <span class='ocr_line' id='line_1_2' title="bbox 219 465 1805 539; baseline 0 -24"><span class='ocrx_word' id='word_1_2' title='bbox 219 468 377 537; x_wconf 79' lang='grc' dir='ltr'>Κυρίῳ</span> <span class='ocrx_word' id='word_1_3' title='bbox 403 466 505 538; x_wconf 74' lang='grc' dir='ltr'>γὰρ</span> <span class='ocrx_word' id='word_1_4' title='bbox 538 472 610 535; x_wconf 80' lang='grc' dir='ltr'>τῷ</span> <span class='ocrx_word' id='word_1_5' title='bbox 637 471 752 534; x_wconf 82' lang='grc' dir='ltr'>Θεῴ</span> <span class='ocrx_word' id='word_1_6' title='bbox 786 484 880 515; x_wconf 91' lang='grc' dir='ltr'>σου</span> <span class='ocrx_word' id='word_1_7' title='bbox 919 471 1323 539; x_wconf 74' lang='grc' dir='ltr'>προσκυνήσεις,</span> <span class='ocrx_word' id='word_1_8' title='bbox 1367 471 1455 517; x_wconf 84' lang='grc' dir='ltr'>καὶ</span> <span class='ocrx_word' id='word_1_9' title='bbox 1485 465 1624 536; x_wconf 80' lang='grc' dir='ltr'>αύτῷ</span> <span class='ocrx_word' id='word_1_10' title='bbox 1666 470 1805 538; x_wconf 83' lang='grc' dir='ltr'>μόνῳ</span> 
     </span>
    </p>
   </div>
   <div class='ocr_carea' id='block_1_3' title="bbox 217 549 1804 628">
    <p class='ocr_par' dir='ltr' id='par_1_3' title="bbox 217 549 1804 628">
     <span class='ocr_line' id='line_1_3' title="bbox 217 549 1804 628; baseline 0.001 -24"><span class='ocrx_word' id='word_1_11' title='bbox 217 552 521 628; x_wconf 74' lang='grc' dir='ltr'>λατρεύσεις.</span> <span class='ocrx_word' id='word_1_12' title='bbox 550 553 611 606; x_wconf 88' lang='lat' dir='ltr'>Ei</span> <span class='ocrx_word' id='word_1_13' title='bbox 641 549 700 605; x_wconf 77' lang='grc' dir='ltr'>δε</span> <span class='ocrx_word' id='word_1_14' title='bbox 726 557 820 611; x_wconf 73' lang='grc' dir='ltr'>τὴν</span> <span class='ocrx_word' id='word_1_15' title='bbox 852 558 981 616; x_wconf 79' lang='grc' dir='ltr'>Θεὸς</span> <span class='ocrx_word' id='word_1_16' title='bbox 1012 559 1182 626; x_wconf 71' lang='grc' dir='ltr'>φωνὴν</span> <span class='ocrx_word' id='word_1_17' title='bbox 1208 563 1567 628; x_wconf 84' lang='grc' dir='ltr'>παραιτοίντο,</span> <span class='ocrx_word' id='word_1_18' title='bbox 1600 556 1804 627; x_wconf 84' lang='grc' dir='ltr'>μανθα-</span> 
     </span>
    </p>
   </div>
   <div class='ocr_carea' id='block_1_4' title="bbox 219 640 1807 715">
    <p class='ocr_par' dir='ltr' id='par_1_4' title="bbox 219 640 1807 715">
     <span class='ocr_line' id='line_1_4' title="bbox 219 640 1807 715; baseline -0.001 -24"><span class='ocrx_word' id='word_1_19' title='bbox 219 646 425 694; x_wconf 83' lang='grc' dir='ltr'>νέτωσαν</span> <span class='ocrx_word' id='word_1_20' title='bbox 455 647 595 703; x_wconf 85' lang='grc' dir='ltr'>τίνος</span> <span class='ocrx_word' id='word_1_21' title='bbox 634 640 748 693; x_wconf 77' lang='grc' dir='ltr'>ἐστὶ</span> <span class='ocrx_word' id='word_1_22' title='bbox 780 648 1100 714; x_wconf 80' lang='grc' dir='ltr'>σημαντικόν</span> <span class='ocrx_word' id='word_1_23' title='bbox 1150 647 1205 696; x_wconf 87' lang='grc' dir='ltr'>τό</span> <span class='ocrx_word' id='word_1_24' title='bbox 1250 648 1412 715; x_wconf 76' lang='grc' dir='ltr'>ὄνομα</span> <span class='ocrx_word' id='word_1_25' title='bbox 1450 649 1622 696; x_wconf 88' lang='grc' dir='ltr'>τοῦτο,</span> <span class='ocrx_word' id='word_1_26' title='bbox 1656 642 1807 713; x_wconf 86' lang='grc' dir='ltr'>Παρά</span> 
     </span>
    </p>
   </div>
   <div class='ocr_carea' id='block_1_5' title="bbox 219 732 1805 804">
    <p class='ocr_par' dir='ltr' id='par_1_5' title="bbox 219 732 1805 804">
     <span class='ocr_line' id='line_1_5' title="bbox 219 732 1805 804; baseline -0.001 -22"><span class='ocrx_word' id='word_1_27' title='bbox 219 734 309 804; x_wconf 74' lang='grc' dir='ltr'>γὰρ</span> <span class='ocrx_word' id='word_1_28' title='bbox 340 735 393 782; x_wconf 76' lang='grc' dir='ltr'>τὸ</span> <span class='ocrx_word' id='word_1_29' title='bbox 422 733 700 783; x_wconf 77' lang='grc' dir='ltr'>τεθεικέναι</span> <span class='ocrx_word' id='word_1_30' title='bbox 727 734 792 782; x_wconf 79' lang='grc' dir='ltr'>τα</span> <span class='ocrx_word' id='word_1_31' title='bbox 822 734 992 783; x_wconf 81' lang='grc' dir='ltr'>πάντα</span> <span class='ocrx_word' id='word_1_32' title='bbox 1020 733 1049 791; x_wconf 73' lang='grc' dir='ltr'><em>ἦ</em></span> <span class='ocrx_word' id='word_1_33' title='bbox 1087 735 1305 786; x_wconf 78' lang='grc' dir='ltr'>θεᾶσθαι</span> <span class='ocrx_word' id='word_1_34' title='bbox 1334 735 1401 783; x_wconf 82' lang='grc' dir='ltr'>τὰ</span> <span class='ocrx_word' id='word_1_35' title='bbox 1425 735 1595 784; x_wconf 86' lang='grc' dir='ltr'>πάντα</span> <span class='ocrx_word' id='word_1_36' title='bbox 1624 732 1649 781; x_wconf 89' lang='lat'>6</span> <span class='ocrx_word' id='word_1_37' title='bbox 1676 733 1805 789; x_wconf 82' lang='grc' dir='ltr'>Θεὸς</span> 
     </span>
    </p>
   </div>
   <div class='ocr_carea' id='block_1_6' title="bbox 221 820 1804 896">
    <p class='ocr_par' dir='ltr' id='par_1_6' title="bbox 221 820 1804 896">
     <span class='ocr_line' id='line_1_6' title="bbox 221 820 1804 896; baseline -0.001 -24"><span class='ocrx_word' id='word_1_38' title='bbox 221 821 512 893; x_wconf 75' lang='grc' dir='ltr'>ὀνομάζεται</span> <span class='ocrx_word' id='word_1_39' title='bbox 564 820 698 890; x_wconf 88' lang='grc'><strong>(93).</strong></span> <span class='ocrx_word' id='word_1_40' title='bbox 762 821 821 873; x_wconf 81' lang='grc' dir='ltr'>Εἰ</span> <span class='ocrx_word' id='word_1_41' title='bbox 874 827 1043 873; x_wconf 87' lang='grc' dir='ltr'>τοίνυν</span> <span class='ocrx_word' id='word_1_42' title='bbox 1099 825 1229 884; x_wconf 80' lang='grc' dir='ltr'>Θεὸς</span> <span class='ocrx_word' id='word_1_43' title='bbox 1299 826 1502 896; x_wconf 80' lang='grc' dir='ltr'>εἴρηται</span> <span class='ocrx_word' id='word_1_44' title='bbox 1548 823 1690 893; x_wconf 74' lang='grc' dir='ltr'>παρὰ</span> <span class='ocrx_word' id='word_1_45' title='bbox 1746 823 1804 871; x_wconf 87' lang='grc' dir='ltr'>τό</span> 
     </span>
    </p>
   </div>
   <div class='ocr_carea' id='block_1_7' title="bbox 220 909 1806 983">
    <p class='ocr_par' dir='ltr' id='par_1_7' title="bbox 220 909 1806 983">
     <span class='ocr_line' id='line_1_7' title="bbox 220 909 1806 983; baseline -0.001 -21"><span class='ocrx_word' id='word_1_46' title='bbox 220 914 480 964; x_wconf 75' lang='grc' dir='ltr'>τεθεικέναι</span> <span class='ocrx_word' id='word_1_47' title='bbox 522 911 550 969; x_wconf 74' lang='grc' dir='ltr'><em>ἦ</em></span> <span class='ocrx_word' id='word_1_48' title='bbox 606 913 827 963; x_wconf 80' lang='grc' dir='ltr'>θεᾶσθαι</span> <span class='ocrx_word' id='word_1_49' title='bbox 878 914 944 963; x_wconf 75' lang='grc' dir='ltr'>τὰ</span> <span class='ocrx_word' id='word_1_50' title='bbox 973 914 1160 979; x_wconf 87' lang='grc' dir='ltr'>πάντα,</span> <span class='ocrx_word' id='word_1_51' title='bbox 1193 916 1252 965; x_wconf 89' lang='grc' dir='ltr'>τὸ</span> <span class='ocrx_word' id='word_1_52' title='bbox 1284 909 1343 965; x_wconf 75' lang='grc' dir='ltr'>δε</span> <span class='ocrx_word' id='word_1_53' title='bbox 1392 918 1601 983; x_wconf 78' lang='grc' dir='ltr'>Πνεῦμα</span> <span class='ocrx_word' id='word_1_54' title='bbox 1636 911 1806 962; x_wconf 85' lang='grc' dir='ltr'>πάντα</span> 
     </span>
    </p>
   </div>
   <div class='ocr_carea' id='block_1_8' title="bbox 219 999 1807 1074">
    <p class='ocr_par' dir='ltr' id='par_1_8' title="bbox 219 999 1807 1074">
     <span class='ocr_line' id='line_1_8' title="bbox 219 999 1807 1074; baseline 0 -24"><span class='ocrx_word' id='word_1_55' title='bbox 219 1007 449 1072; x_wconf 67' lang='grc' dir='ltr'>γινώσκει</span> <span class='ocrx_word' id='word_1_56' title='bbox 479 1003 543 1053; x_wconf 79' lang='grc' dir='ltr'>τὰ</span> <span class='ocrx_word' id='word_1_57' title='bbox 588 1008 681 1052; x_wconf 85' lang='grc' dir='ltr'>τοῦ</span> <span class='ocrx_word' id='word_1_58' title='bbox 712 1008 866 1067; x_wconf 84' lang='grc' dir='ltr'>Θεοῦ,</span> <span class='ocrx_word' id='word_1_59' title='bbox 900 1004 969 1063; x_wconf 83' lang='grc' dir='ltr'>ὠς</span> <span class='ocrx_word' id='word_1_60' title='bbox 1013 1005 1069 1053; x_wconf 85' lang='grc' dir='ltr'>τό</span> <span class='ocrx_word' id='word_1_61' title='bbox 1118 1010 1321 1074; x_wconf 87' lang='grc' dir='ltr'>πνεῦμα</span> <span class='ocrx_word' id='word_1_62' title='bbox 1372 1005 1429 1053; x_wconf 84' lang='grc' dir='ltr'>τό</span> <span class='ocrx_word' id='word_1_63' title='bbox 1488 999 1535 1052; x_wconf 83' lang='grc' dir='ltr'>ἐν</span> <span class='ocrx_word' id='word_1_64' title='bbox 1563 1001 1688 1072; x_wconf 76' lang='grc' dir='ltr'>ἡμῖν</span> <span class='ocrx_word' id='word_1_65' title='bbox 1741 1000 1807 1051; x_wconf 84' lang='grc' dir='ltr'>τὰ</span> 
     </span>
    </p>
   </div>
   <div class='ocr_carea' id='block_1_9' title="bbox 219 1085 1807 1163">
    <p class='ocr_par' dir='ltr' id='par_1_9' title="bbox 219 1085 1807 1163">
     <span class='ocr_line' id='line_1_9' title="bbox 219 1085 1807 1163; baseline -0.002 -21"><span class='ocrx_word' id='word_1_66' title='bbox 219 1092 464 1163; x_wconf 75' lang='grc' dir='ltr'>ἡμέτερα⁶</span> <span class='ocrx_word' id='word_1_67' title='bbox 500 1094 631 1151; x_wconf 82' lang='grc' dir='ltr'>Θεὸς</span> <span class='ocrx_word' id='word_1_68' title='bbox 660 1085 747 1141; x_wconf 80' lang='grc' dir='ltr'>οὖν</span> <span class='ocrx_word' id='word_1_69' title='bbox 788 1094 846 1141; x_wconf 90' lang='grc' dir='ltr'>τὸ</span> <span class='ocrx_word' id='word_1_70' title='bbox 882 1097 1088 1162; x_wconf 85' lang='grc' dir='ltr'>Πνεῦμα</span> <span class='ocrx_word' id='word_1_71' title='bbox 1118 1094 1177 1143; x_wconf 84' lang='grc' dir='ltr'>τό</span> <span class='ocrx_word' id='word_1_72' title='bbox 1208 1092 1379 1161; x_wconf 71' lang='grc' dir='ltr'>οἶγιον.</span> <span class='ocrx_word' id='word_1_73' title='bbox 1414 1094 1514 1143; x_wconf 80' lang='grc' dir='ltr'>Καὶ</span> <span class='ocrx_word' id='word_1_74' title='bbox 1556 1088 1729 1153; x_wconf 81' lang='grc' dir='ltr'>πάλιν,</span> <span class='ocrx_word' id='word_1_75' title='bbox 1764 1086 1807 1139; x_wconf 85' lang='grc' dir='ltr'>εἰ</span> 
     </span>
    </p>
   </div>
   <div class='ocr_carea' id='block_1_10' title="bbox 218 1178 1805 1254">
    <p class='ocr_par' dir='ltr' id='par_1_10' title="bbox 218 1178 1805 1254">
     <span class='ocr_line' id='line_1_10' title="bbox 218 1178 1805 1254; baseline -0.001 -24"><span class='ocrx_word' id='word_1_76' title='bbox 218 1182 244 1238; x_wconf 68' lang='grc' dir='ltr'>ἡ</span> <span class='ocrx_word' id='word_1_77' title='bbox 282 1183 526 1254; x_wconf 74' lang='grc' dir='ltr'>μάχαιρα</span> <span class='ocrx_word' id='word_1_78' title='bbox 553 1188 644 1231; x_wconf 89' lang='grc' dir='ltr'>τοῦ</span> <span class='ocrx_word' id='word_1_79' title='bbox 676 1183 976 1252; x_wconf 74' lang='grc' dir='ltr'>Πνεῦματος</span> <span class='ocrx_word' id='word_1_80' title='bbox 1021 1181 1165 1253; x_wconf 77' lang='grc' dir='ltr'>ῥῆμά</span> <span class='ocrx_word' id='word_1_81' title='bbox 1214 1178 1324 1232; x_wconf 87' lang='grc' dir='ltr'>ἐστι</span> <span class='ocrx_word' id='word_1_82' title='bbox 1372 1186 1527 1248; x_wconf 87' lang='grc' dir='ltr'>Θεοῦ,</span> <span class='ocrx_word' id='word_1_83' title='bbox 1576 1182 1695 1237; x_wconf 82' lang='grc' dir='ltr'>Θεὸς</span> <span class='ocrx_word' id='word_1_84' title='bbox 1746 1180 1805 1228; x_wconf 88' lang='grc' dir='ltr'>τὸ</span> 
     </span>
    </p>
   </div>
   <div class='ocr_carea' id='block_1_11' title="bbox 220 1266 1808 1343">
    <p class='ocr_par' dir='ltr' id='par_1_11' title="bbox 220 1266 1808 1343">
     <span class='ocr_line' id='line_1_11' title="bbox 220 1266 1808 1343; baseline -0.003 -21"><span class='ocrx_word' id='word_1_85' title='bbox 220 1276 416 1340; x_wconf 85' lang='grc' dir='ltr'>Πνεῦμα</span> <span class='ocrx_word' id='word_1_86' title='bbox 446 1272 503 1321; x_wconf 86' lang='grc' dir='ltr'>τὸ</span> <span class='ocrx_word' id='word_1_87' title='bbox 534 1268 701 1339; x_wconf 71' lang='grc' dir='ltr'>ἅγιον.</span> <span class='ocrx_word' id='word_1_88' title='bbox 730 1274 951 1321; x_wconf 80' lang='grc' dir='ltr'>Ἐκείνου</span> <span class='ocrx_word' id='word_1_89' title='bbox 985 1272 1085 1343; x_wconf 74' lang='grc' dir='ltr'>γὰρ</span> <span class='ocrx_word' id='word_1_90' title='bbox 1126 1268 1312 1326; x_wconf 82' lang='grc' dir='ltr'>ἐστινὴ</span> <span class='ocrx_word' id='word_1_91' title='bbox 1334 1270 1599 1343; x_wconf 80' lang='grc' dir='ltr'>μάχαιρα,</span> <span class='ocrx_word' id='word_1_92' title='bbox 1633 1266 1693 1320; x_wconf 82' lang='grc' dir='ltr'>οῦ</span> <span class='ocrx_word' id='word_1_93' title='bbox 1717 1271 1808 1318; x_wconf 83' lang='grc' dir='ltr'>καὶ</span> 
     </span>
    </p>
   </div>
   <div class='ocr_carea' id='block_1_12' title="bbox 217 1354 1807 1433">
    <p class='ocr_par' dir='ltr' id='par_1_12' title="bbox 217 1354 1807 1433">
     <span class='ocr_line' id='line_1_12' title="bbox 217 1354 1807 1433; baseline 0 -25"><span class='ocrx_word' id='word_1_94' title='bbox 217 1359 354 1433; x_wconf 75' lang='grc' dir='ltr'>ῥῆμα</span> <span class='ocrx_word' id='word_1_95' title='bbox 373 1357 627 1413; x_wconf 80' lang='grc' dir='ltr'>καλεῖται.</span> <span class='ocrx_word' id='word_1_96' title='bbox 665 1362 765 1410; x_wconf 82' lang='grc' dir='ltr'>Καὶ</span> <span class='ocrx_word' id='word_1_97' title='bbox 796 1358 839 1409; x_wconf 82' lang='grc' dir='ltr'>εἰ</span> <span class='ocrx_word' id='word_1_98' title='bbox 868 1362 953 1409; x_wconf 75' lang='grc' dir='ltr'>καὶ</span> <span class='ocrx_word' id='word_1_99' title='bbox 1001 1354 1149 1420; x_wconf 74' lang='grc' dir='ltr'>δεξιὰ</span> <span class='ocrx_word' id='word_1_100' title='bbox 1192 1360 1302 1427; x_wconf 71' lang='grc'>(94)</span> <span class='ocrx_word' id='word_1_101' title='bbox 1343 1365 1434 1409; x_wconf 90' lang='grc' dir='ltr'>τοῦ</span> <span class='ocrx_word' id='word_1_102' title='bbox 1468 1359 1667 1429; x_wconf 84' lang='grc' dir='ltr'>Πατρός</span> <span class='ocrx_word' id='word_1_103' title='bbox 1697 1355 1807 1408; x_wconf 81' lang='grc' dir='ltr'>ὀνο-</span> 
     </span>
    </p>
   </div>
   <div class='ocr_carea' id='block_1_13' title="bbox 220 1443 1806 1520">
    <p class='ocr_par' dir='ltr' id='par_1_13' title="bbox 220 1443 1806 1520">
     <span class='ocr_line' id='line_1_13' title="bbox 220 1443 1806 1520; baseline -0.001 -21"><span class='ocrx_word' id='word_1_104' title='bbox 220 1450 431 1520; x_wconf 78' lang='grc' dir='ltr'>μάζεται</span> <span class='ocrx_word' id='word_1_105' title='bbox 460 1447 633 1519; x_wconf 81' lang='grc' dir='ltr'>(Δεξιὰ</span> <span class='ocrx_word' id='word_1_106' title='bbox 670 1450 771 1519; x_wconf 72' lang='grc' dir='ltr'>γὰρ</span> <span class='ocrx_word' id='word_1_107' title='bbox 827 1452 1019 1519; x_wconf 77' lang='grc' dir='ltr'>Κυρίου</span> <span class='ocrx_word' id='word_1_108' title='bbox 1053 1446 1263 1505; x_wconf 85' lang='grc' dir='ltr'>ἐποίησε</span> <span class='ocrx_word' id='word_1_109' title='bbox 1294 1443 1516 1518; x_wconf 79' lang='grc' dir='ltr'>δύναμιν</span> <span class='ocrx_word' id='word_1_110' title='bbox 1543 1463 1555 1476; x_wconf 83' lang='lat'><strong><em>‘</em></strong></span> <span class='ocrx_word' id='word_1_111' title='bbox 1607 1450 1717 1511; x_wconf 79' lang='grc' dir='ltr'>καὶ,</span> <span class='ocrx_word' id='word_1_112' title='bbox 1747 1444 1806 1497; x_wconf 75' lang='grc' dir='ltr'>Ἠ</span> 
     </span>
    </p>
   </div>
   <div class='ocr_carea' id='block_1_14' title="bbox 221 1531 1807 1610">
    <p class='ocr_par' dir='ltr' id='par_1_14' title="bbox 221 1531 1807 1610">
     <span class='ocr_line' id='line_1_14' title="bbox 221 1531 1807 1610; baseline -0.002 -21"><span class='ocrx_word' id='word_1_113' title='bbox 221 1534 358 1599; x_wconf 77' lang='grc' dir='ltr'>δεξιά</span> <span class='ocrx_word' id='word_1_114' title='bbox 387 1556 502 1603; x_wconf 79' lang='grc' dir='ltr'>σου,</span> <span class='ocrx_word' id='word_1_115' title='bbox 543 1540 718 1610; x_wconf 79' lang='grc' dir='ltr'>Κύριε,</span> <span class='ocrx_word' id='word_1_116' title='bbox 740 1538 988 1608; x_wconf 75' lang='grc' dir='ltr'>ἔθραυσεν</span> <span class='ocrx_word' id='word_1_117' title='bbox 1010 1537 1232 1610; x_wconf 81' lang='grc' dir='ltr'>ἐχθρούς</span> <span class='ocrx_word' id='word_1_118' title='bbox 1254 1551 1268 1565; x_wconf 84' lang='grc'><em>’</em></span> <span class='ocrx_word' id='word_1_119' title='bbox 1301 1532 1552 1595; x_wconf 71' lang='grc' dir='ltr'>δάκτυλος</span> <span class='ocrx_word' id='word_1_120' title='bbox 1584 1531 1643 1587; x_wconf 65' lang='grc' dir='ltr'>δὲ</span> <span class='ocrx_word' id='word_1_121' title='bbox 1673 1542 1807 1587; x_wconf 88' lang='grc' dir='ltr'>Θεοῦ</span> 
     </span>
    </p>
   </div>
   <div class='ocr_carea' id='block_1_15' title="bbox 217 1622 1806 1700">
    <p class='ocr_par' dir='ltr' id='par_1_15' title="bbox 217 1622 1806 1700">
     <span class='ocr_line' id='line_1_15' title="bbox 217 1622 1806 1700; baseline -0.002 -23"><span class='ocrx_word' id='word_1_122' title='bbox 217 1631 269 1678; x_wconf 83' lang='grc' dir='ltr'>τό</span> <span class='ocrx_word' id='word_1_123' title='bbox 296 1634 502 1698; x_wconf 83' lang='grc' dir='ltr'>Πνεῦμα</span> <span class='ocrx_word' id='word_1_124' title='bbox 550 1630 607 1678; x_wconf 85' lang='grc' dir='ltr'>τὸ</span> <span class='ocrx_word' id='word_1_125' title='bbox 654 1626 821 1696; x_wconf 76' lang='grc' dir='ltr'>ἅγιον,</span> <span class='ocrx_word' id='word_1_126' title='bbox 873 1628 1007 1678; x_wconf 86' lang='grc' dir='ltr'>κατά</span> <span class='ocrx_word' id='word_1_127' title='bbox 1063 1630 1119 1678; x_wconf 88' lang='grc' dir='ltr'>τὸ</span> <span class='ocrx_word' id='word_1_128' title='bbox 1166 1627 1358 1700; x_wconf 79' lang='grc' dir='ltr'>ῥητόν·</span> <span class='ocrx_word' id='word_1_129' title='bbox 1406 1628 1487 1686; x_wconf 79' lang='grc' dir='ltr'>τό,</span> <span class='ocrx_word' id='word_1_130' title='bbox 1525 1624 1585 1677; x_wconf 83' lang='grc' dir='ltr'>Εἰ</span> <span class='ocrx_word' id='word_1_131' title='bbox 1623 1623 1719 1696; x_wconf 71' lang='grc' dir='ltr'>ἐγὼ</span> <span class='ocrx_word' id='word_1_132' title='bbox 1759 1622 1806 1675; x_wconf 77' lang='grc' dir='ltr'>ἐν</span> 
     </span>
    </p>
   </div>
   <div class='ocr_carea' id='block_1_16' title="bbox 1206 248 2540 313">
    <p class='ocr_par' dir='ltr' id='par_1_16' title="bbox 1206 248 2540 313">
     <span class='ocr_line' id='line_1_16' title="bbox 1206 248 2540 313; baseline 0.001 -6"><span class='ocrx_word' id='word_1_133' title='bbox 1206 250 1693 308; x_wconf 80' lang='lat' dir='ltr'>EPIS&#39;I‘OLARUM</span> <span class='ocrx_word' id='word_1_134' title='bbox 1732 248 2020 308; x_wconf 85' lang='lat' dir='ltr'>CLASSIS</span> <span class='ocrx_word' id='word_1_135' title='bbox 2048 253 2089 308; x_wconf 83' lang='grc' dir='ltr'>Ι.</span> <span class='ocrx_word' id='word_1_136' title='bbox 2134 255 2349 313; x_wconf 84' lang='lat' dir='ltr'>EPIST.</span> <span class='ocrx_word' id='word_1_137' title='bbox 2397 256 2540 310; x_wconf 88' lang='lat' dir='ltr'><strong>VIII.</strong></span> 
     </span>
    </p>
   </div>
   <div class='ocr_carea' id='block_1_17' title="bbox 235 371 1821 454">
    <p class='ocr_par' dir='ltr' id='par_1_17' title="bbox 235 371 1802 449">
     <span class='ocr_line' id='line_1_17' title="bbox 235 371 1802 449; baseline 0.002 -25"><span class='ocrx_word' id='word_1_138' title='bbox 235 381 512 434; x_wconf 82' lang='grc' dir='ltr'>νοικοῦντος</span> <span class='ocrx_word' id='word_1_139' title='bbox 558 372 608 425; x_wconf 79' lang='grc' dir='ltr'>ἓν</span> <span class='ocrx_word' id='word_1_140' title='bbox 657 376 803 445; x_wconf 78' lang='grc' dir='ltr'>ἡμῖν,</span> <span class='ocrx_word' id='word_1_141' title='bbox 852 374 1257 449; x_wconf 75' lang='grc' dir='ltr'>ὁμολογήσωμεν</span> <span class='ocrx_word' id='word_1_142' title='bbox 1324 376 1447 428; x_wconf 85' lang='grc' dir='ltr'>αύτό</span> <span class='ocrx_word' id='word_1_143' title='bbox 1490 371 1620 427; x_wconf 87' lang='grc' dir='ltr'>εἶναι</span> <span class='ocrx_word' id='word_1_144' title='bbox 1652 378 1802 427; x_wconf 86' lang='grc' dir='ltr'>Θεόν.</span> 
     </span>
    </p>
   </div>
   <div class='ocr_carea' id='block_1_18' title="bbox 1929 371 3568 454">
    <p class='ocr_par' dir='ltr' id='par_1_18' title="bbox 1929 376 3568 454">
     <span class='ocr_line' id='line_1_18' title="bbox 1929 376 3568 454; baseline 0.007 -24"><span class='ocrx_word' id='word_1_145' title='bbox 1929 391 2027 443; x_wconf 79' lang='lat' dir='ltr'>;ur,</span> <span class='ocrx_word' id='word_1_146' title='bbox 2056 381 2112 433; x_wconf 93' lang='lat' dir='ltr'>et</span> <span class='ocrx_word' id='word_1_147' title='bbox 2139 376 2433 435; x_wconf 83' lang='lat' dir='ltr'>inhabitat</span> <span class='ocrx_word' id='word_1_148' title='bbox 2458 379 2522 435; x_wconf 92' lang='lat' dir='ltr'>in</span> <span class='ocrx_word' id='word_1_149' title='bbox 2552 378 2751 447; x_wconf 88' lang='lat' dir='ltr'>nobis,</span> <span class='ocrx_word' id='word_1_150' title='bbox 2779 380 3180 437; x_wconf 85' lang='lat' dir='ltr'>conﬁteamur</span> <span class='ocrx_word' id='word_1_151' title='bbox 3204 382 3408 454; x_wconf 80' lang='lat' dir='ltr'>ipsum</span> <span class='ocrx_word' id='word_1_152' title='bbox 3438 400 3568 442; x_wconf 89' lang='lat' dir='ltr'>esse</span> 
     </span>
    </p>
   </div>
   <div class='ocr_carea' id='block_1_19' title="bbox 3463 265 3567 317">
    <p class='ocr_par' dir='ltr' id='par_1_19' title="bbox 3463 265 3567 317">
     <span class='ocr_line' id='line_1_19' title="bbox 3463 265 3567 317; baseline 0 0"><span class='ocrx_word' id='word_1_153' title='bbox 3463 265 3567 317; x_wconf 87' lang='lat'>266</span> 
     </span>
    </p>
   </div>
   <div class='ocr_carea' id='block_1_20' title="bbox 1914 466 3568 543">
    <p class='ocr_par' dir='ltr' id='par_1_20' title="bbox 1914 466 3568 543">
     <span class='ocr_line' id='line_1_20' title="bbox 1914 466 3568 543; baseline 0.008 -25"><span class='ocrx_word' id='word_1_154' title='bbox 1914 466 2123 521; x_wconf 92' lang='lat' dir='ltr'>Deum.</span> <span class='ocrx_word' id='word_1_155' title='bbox 2152 469 2452 524; x_wconf 83' lang='lat' dir='ltr'>Adorabis</span> <span class='ocrx_word' id='word_1_156' title='bbox 2490 484 2750 539; x_wconf 85' lang='lat' dir='ltr'>namque</span> <span class='ocrx_word' id='word_1_157' title='bbox 2774 470 3097 527; x_wconf 85' lang='lat' dir='ltr'>Dominum</span> <span class='ocrx_word' id='word_1_158' title='bbox 3135 474 3321 528; x_wconf 53' lang='lat' dir='ltr'>Deum</span> <span class='ocrx_word' id='word_1_159' title='bbox 3379 480 3568 543; x_wconf 85' lang='lat' dir='ltr'>tuum,</span> 
     </span>
    </p>
   </div>
   <div class='ocr_carea' id='block_1_21' title="bbox 1913 554 3562 635">
    <p class='ocr_par' dir='ltr' id='par_1_21' title="bbox 1913 554 3562 635">
     <span class='ocr_line' id='line_1_21' title="bbox 1913 554 3562 635; baseline 0.006 -26"><span class='ocrx_word' id='word_1_160' title='bbox 1913 563 1966 609; x_wconf 88' lang='lat' dir='ltr'>et</span> <span class='ocrx_word' id='word_1_161' title='bbox 1996 554 2091 610; x_wconf 82' lang='lat' dir='ltr'>illi</span> <span class='ocrx_word' id='word_1_162' title='bbox 2115 558 2230 611; x_wconf 85' lang='lat' dir='ltr'>soli</span> <span class='ocrx_word' id='word_1_163' title='bbox 2267 559 2567 613; x_wconf 61' lang='lat' dir='ltr'>servies“.</span> <span class='ocrx_word' id='word_1_164' title='bbox 2620 558 2794 623; x_wconf 87' lang='lat' dir='ltr'>Quod</span> <span class='ocrx_word' id='word_1_165' title='bbox 2848 559 2899 613; x_wconf 89' lang='lat' dir='ltr'>si</span> <span class='ocrx_word' id='word_1_166' title='bbox 2949 558 3032 613; x_wconf 91' lang='lat' dir='ltr'>eis</span> <span class='ocrx_word' id='word_1_167' title='bbox 3083 577 3198 616; x_wconf 87' lang='lat' dir='ltr'>vox</span> <span class='ocrx_word' id='word_1_168' title='bbox 3235 562 3355 627; x_wconf 90' lang='lat' dir='ltr'>illa,</span> <span class='ocrx_word' id='word_1_169' title='bbox 3386 565 3562 635; x_wconf 84' lang='lat' dir='ltr'><em>Deus,</em></span> 
     </span>
    </p>
   </div>
   <div class='ocr_carea' id='block_1_22' title="bbox 1912 642 3569 721">
    <p class='ocr_par' dir='ltr' id='par_1_22' title="bbox 1912 642 3569 721">
     <span class='ocr_line' id='line_1_22' title="bbox 1912 642 3569 721; baseline 0.005 -23"><span class='ocrx_word' id='word_1_170' title='bbox 1912 642 2211 716; x_wconf 86' lang='lat' dir='ltr'>displicet,</span> <span class='ocrx_word' id='word_1_171' title='bbox 2257 646 2494 702; x_wconf 76' lang='lat' dir='ltr'>discant</span> <span class='ocrx_word' id='word_1_172' title='bbox 2527 647 2672 719; x_wconf 88' lang='lat' dir='ltr'>quid</span> <span class='ocrx_word' id='word_1_173' title='bbox 2714 647 2829 702; x_wconf 91' lang='lat' dir='ltr'>hoc</span> <span class='ocrx_word' id='word_1_174' title='bbox 2872 663 3096 703; x_wconf 87' lang='lat' dir='ltr'>nomen</span> <span class='ocrx_word' id='word_1_175' title='bbox 3128 650 3443 721; x_wconf 84' lang='lat' dir='ltr'>signiﬁcet.</span> <span class='ocrx_word' id='word_1_176' title='bbox 3476 656 3569 709; x_wconf 85' lang='lat' dir='ltr'>Ni-</span> 
     </span>
    </p>
   </div>
   <div class='ocr_carea' id='block_1_23' title="bbox 1912 732 3569 812">
    <p class='ocr_par' dir='ltr' id='par_1_23' title="bbox 1912 732 3569 812">
     <span class='ocr_line' id='line_1_23' title="bbox 1912 732 3569 812; baseline 0.007 -26"><span class='ocrx_word' id='word_1_177' title='bbox 1912 732 2134 789; x_wconf 81' lang='lat' dir='ltr'><strong>mirum</strong></span> <span class='ocrx_word' id='word_1_178' title='bbox 2160 751 2233 790; x_wconf 85' lang='lat' dir='ltr'>ex</span> <span class='ocrx_word' id='word_1_179' title='bbox 2278 751 2348 791; x_wconf 93' lang='lat' dir='ltr'>eo</span> <span class='ocrx_word' id='word_1_180' title='bbox 2387 735 2554 807; x_wconf 91' lang='lat' dir='ltr'>quod</span> <span class='ocrx_word' id='word_1_181' title='bbox 2604 736 2873 807; x_wconf 84' lang='lat' dir='ltr'>posuerit</span> <span class='ocrx_word' id='word_1_182' title='bbox 2916 738 3143 801; x_wconf 85' lang='lat' dir='ltr'>omnia,</span> <span class='ocrx_word' id='word_1_183' title='bbox 3192 739 3286 794; x_wconf 81' lang='lat' dir='ltr'>Vel</span> <span class='ocrx_word' id='word_1_184' title='bbox 3344 747 3569 812; x_wconf 86' lang='lat' dir='ltr'>spectet</span> 
     </span>
    </p>
   </div>
   <div class='ocr_carea' id='block_1_24' title="bbox 1912 822 3567 899">
    <p class='ocr_par' dir='ltr' id='par_1_24' title="bbox 1912 822 3567 899">
     <span class='ocr_line' id='line_1_24' title="bbox 1912 822 3567 899; baseline 0.007 -23"><span class='ocrx_word' id='word_1_185' title='bbox 1912 822 2139 893; x_wconf 89' lang='lat' dir='ltr'>omnia,</span> <span class='ocrx_word' id='word_1_186' title='bbox 2165 827 2321 879; x_wconf 88' lang='lat' dir='ltr'>Deus</span> <span class='ocrx_word' id='word_1_187' title='bbox 2349 826 2717 881; x_wconf 76' lang='lat' dir='ltr'>nominatur.</span> <span class='ocrx_word' id='word_1_188' title='bbox 2750 826 2805 881; x_wconf 92' lang='lat' dir='ltr'>Si</span> <span class='ocrx_word' id='word_1_189' title='bbox 2838 826 3016 895; x_wconf 82' lang='lat' dir='ltr'>igitur</span> <span class='ocrx_word' id='word_1_190' title='bbox 3053 828 3206 882; x_wconf 89' lang='lat' dir='ltr'>Deus</span> <span class='ocrx_word' id='word_1_191' title='bbox 3237 828 3471 899; x_wconf 90' lang='lat' dir='ltr'>dicitur,</span> <span class='ocrx_word' id='word_1_192' title='bbox 3495 848 3567 887; x_wconf 89' lang='lat' dir='ltr'>eo</span> 
     </span>
    </p>
   </div>
   <div class='ocr_carea' id='block_1_25' title="bbox 1911 913 3563 987">
    <p class='ocr_par' dir='ltr' id='par_1_25' title="bbox 1911 913 3563 987">
     <span class='ocr_line' id='line_1_25' title="bbox 1911 913 3563 987; baseline 0.006 -22"><span class='ocrx_word' id='word_1_193' title='bbox 1911 913 2079 983; x_wconf 91' lang='lat' dir='ltr'>quod</span> <span class='ocrx_word' id='word_1_194' title='bbox 2100 914 2369 984; x_wconf 81' lang='lat' dir='ltr'>posuerit</span> <span class='ocrx_word' id='word_1_195' title='bbox 2412 914 2503 969; x_wconf 90' lang='lat' dir='ltr'>vel</span> <span class='ocrx_word' id='word_1_196' title='bbox 2550 919 2777 986; x_wconf 90' lang='lat' dir='ltr'>spectet</span> <span class='ocrx_word' id='word_1_197' title='bbox 2814 915 3049 981; x_wconf 87' lang='lat' dir='ltr'>omnia;</span> <span class='ocrx_word' id='word_1_198' title='bbox 3084 916 3335 987; x_wconf 83' lang='lat' dir='ltr'>Spiritus</span> <span class='ocrx_word' id='word_1_199' title='bbox 3364 925 3563 975; x_wconf 89' lang='lat' dir='ltr'>autem</span> 
     </span>
    </p>
   </div>
   <div class='ocr_carea' id='block_1_26' title="bbox 1912 1002 3568 1079">
    <p class='ocr_par' dir='ltr' id='par_1_26' title="bbox 1912 1002 3568 1079">
     <span class='ocr_line' id='line_1_26' title="bbox 1912 1002 3568 1079; baseline 0.005 -24"><span class='ocrx_word' id='word_1_200' title='bbox 1912 1002 2221 1071; x_wconf 80' lang='lat' dir='ltr'>cognoscit</span> <span class='ocrx_word' id='word_1_201' title='bbox 2245 1005 2451 1060; x_wconf 85' lang='lat' dir='ltr'>omnia</span> <span class='ocrx_word' id='word_1_202' title='bbox 2482 1020 2617 1076; x_wconf 59' lang='lat' dir='ltr'>quas</span> <span class='ocrx_word' id='word_1_203' title='bbox 2666 1004 2765 1059; x_wconf 92' lang='lat' dir='ltr'>Dei</span> <span class='ocrx_word' id='word_1_204' title='bbox 2810 1007 2969 1070; x_wconf 88' lang='lat' dir='ltr'>sunt,</span> <span class='ocrx_word' id='word_1_205' title='bbox 3002 1004 3439 1077; x_wconf 84' lang='lat' dir='ltr'>velutspiritus,</span> <span class='ocrx_word' id='word_1_206' title='bbox 3464 1009 3568 1079; x_wconf 90' lang='lat' dir='ltr'>qui</span> 
     </span>
    </p>
   </div>
   <div class='ocr_carea' id='block_1_27' title="bbox 1910 1088 3569 1168">
    <p class='ocr_par' dir='ltr' id='par_1_27' title="bbox 1910 1088 3569 1168">
     <span class='ocr_line' id='line_1_27' title="bbox 1910 1088 3569 1168; baseline 0.005 -24"><span class='ocrx_word' id='word_1_207' title='bbox 1910 1088 1971 1145; x_wconf 90' lang='lat' dir='ltr'>in</span> <span class='ocrx_word' id='word_1_208' title='bbox 2000 1090 2173 1145; x_wconf 90' lang='lat' dir='ltr'>nobis</span> <span class='ocrx_word' id='word_1_209' title='bbox 2202 1097 2307 1159; x_wconf 85' lang='lat' dir='ltr'>est,</span> <span class='ocrx_word' id='word_1_210' title='bbox 2343 1093 2507 1148; x_wconf 89' lang='lat' dir='ltr'>novit</span> <span class='ocrx_word' id='word_1_211' title='bbox 2544 1109 2679 1164; x_wconf 66' lang='lat' dir='ltr'>qua:</span> <span class='ocrx_word' id='word_1_212' title='bbox 2713 1098 2922 1148; x_wconf 87' lang='lat' dir='ltr'>nostra</span> <span class='ocrx_word' id='word_1_213' title='bbox 2955 1095 3156 1149; x_wconf 75' lang='lat' dir='ltr'>sunt88</span> <span class='ocrx_word' id='word_1_214' title='bbox 3188 1112 3200 1151; x_wconf 90' lang='lat'><strong>:</strong></span> <span class='ocrx_word' id='word_1_215' title='bbox 3234 1095 3413 1164; x_wconf 84' lang='lat' dir='ltr'>igitur</span> <span class='ocrx_word' id='word_1_216' title='bbox 3445 1098 3569 1168; x_wconf 90' lang='lat' dir='ltr'>Spi-</span> 
     </span>
    </p>
   </div>
   <div class='ocr_carea' id='block_1_28' title="bbox 1911 1179 3570 1257">
    <p class='ocr_par' dir='ltr' id='par_1_28' title="bbox 1911 1179 3570 1257">
     <span class='ocr_line' id='line_1_28' title="bbox 1911 1179 3570 1257; baseline 0.005 -24"><span class='ocrx_word' id='word_1_217' title='bbox 1911 1179 2060 1234; x_wconf 90' lang='lat' dir='ltr'>ritus</span> <span class='ocrx_word' id='word_1_218' title='bbox 2090 1185 2337 1235; x_wconf 88' lang='lat' dir='ltr'>sanctus</span> <span class='ocrx_word' id='word_1_219' title='bbox 2372 1184 2526 1237; x_wconf 86' lang='lat' dir='ltr'>Deus</span> <span class='ocrx_word' id='word_1_220' title='bbox 2556 1187 2663 1235; x_wconf 90' lang='lat' dir='ltr'>est.</span> <span class='ocrx_word' id='word_1_221' title='bbox 2700 1185 2764 1236; x_wconf 83' lang='lat' dir='ltr'>Et</span> <span class='ocrx_word' id='word_1_222' title='bbox 2792 1198 3022 1252; x_wconf 84' lang='lat' dir='ltr'>rursus,</span> <span class='ocrx_word' id='word_1_223' title='bbox 3060 1183 3110 1237; x_wconf 90' lang='lat' dir='ltr'>si</span> <span class='ocrx_word' id='word_1_224' title='bbox 3157 1183 3396 1253; x_wconf 78' lang='lat' dir='ltr'>gladius</span> <span class='ocrx_word' id='word_1_225' title='bbox 3444 1186 3570 1257; x_wconf 85' lang='lat' dir='ltr'>Spi-</span> 
     </span>
    </p>
   </div>
   <div class='ocr_carea' id='block_1_29' title="bbox 1911 1267 3564 1341">
    <p class='ocr_par' dir='ltr' id='par_1_29' title="bbox 1911 1267 3564 1341">
     <span class='ocr_line' id='line_1_29' title="bbox 1911 1267 3564 1341; baseline 0.003 -18"><span class='ocrx_word' id='word_1_226' title='bbox 1911 1267 2057 1323; x_wconf 88' lang='lat' dir='ltr'>ritus</span> <span class='ocrx_word' id='word_1_227' title='bbox 2089 1268 2338 1324; x_wconf 80' lang='lat' dir='ltr'>verbum</span> <span class='ocrx_word' id='word_1_228' title='bbox 2364 1275 2451 1326; x_wconf 91' lang='lat' dir='ltr'>est</span> <span class='ocrx_word' id='word_1_229' title='bbox 2476 1270 2655 1338; x_wconf 66' lang='lat' dir='ltr'>Dei“,</span> <span class='ocrx_word' id='word_1_230' title='bbox 2692 1274 2845 1325; x_wconf 90' lang='lat' dir='ltr'>Deus</span> <span class='ocrx_word' id='word_1_231' title='bbox 2878 1277 2968 1325; x_wconf 90' lang='lat' dir='ltr'>est</span> <span class='ocrx_word' id='word_1_232' title='bbox 3012 1272 3263 1341; x_wconf 87' lang='lat' dir='ltr'>Spiritus</span> <span class='ocrx_word' id='word_1_233' title='bbox 3295 1280 3564 1330; x_wconf 88' lang='lat' dir='ltr'>sanctus.</span> 
     </span>
    </p>
   </div>
   <div class='ocr_carea' id='block_1_30' title="bbox 1913 1356 3567 1429">
    <p class='ocr_par' dir='ltr' id='par_1_30' title="bbox 1913 1356 3567 1429">
     <span class='ocr_line' id='line_1_30' title="bbox 1913 1356 3567 1429; baseline 0.005 -18"><span class='ocrx_word' id='word_1_234' title='bbox 1913 1356 2073 1411; x_wconf 87' lang='lat' dir='ltr'>Illius</span> <span class='ocrx_word' id='word_1_235' title='bbox 2104 1362 2192 1413; x_wconf 90' lang='lat' dir='ltr'>est</span> <span class='ocrx_word' id='word_1_236' title='bbox 2221 1359 2379 1414; x_wconf 90' lang='lat' dir='ltr'>enim</span> <span class='ocrx_word' id='word_1_237' title='bbox 2415 1359 2675 1429; x_wconf 83' lang='lat' dir='ltr'>gladius,</span> <span class='ocrx_word' id='word_1_238' title='bbox 2700 1360 2875 1429; x_wconf 89' lang='lat' dir='ltr'>cujus</span> <span class='ocrx_word' id='word_1_239' title='bbox 2906 1360 3086 1416; x_wconf 89' lang='lat' dir='ltr'>etiam</span> <span class='ocrx_word' id='word_1_240' title='bbox 3109 1361 3358 1417; x_wconf 87' lang='lat' dir='ltr'>verbum</span> <span class='ocrx_word' id='word_1_241' title='bbox 3390 1380 3567 1419; x_wconf 88' lang='lat' dir='ltr'>voca-</span> 
     </span>
    </p>
   </div>
   <div class='ocr_carea' id='block_1_31' title="bbox 1915 1447 3568 1518">
    <p class='ocr_par' dir='ltr' id='par_1_31' title="bbox 1915 1447 3568 1518">
     <span class='ocr_line' id='line_1_31' title="bbox 1915 1447 3568 1518; baseline 0.004 -17"><span class='ocrx_word' id='word_1_242' title='bbox 1915 1450 2027 1501; x_wconf 90' lang='lat' dir='ltr'>tur.</span> <span class='ocrx_word' id='word_1_243' title='bbox 2062 1447 2234 1511; x_wconf 87' lang='lat' dir='ltr'>Quod</span> <span class='ocrx_word' id='word_1_244' title='bbox 2277 1448 2395 1518; x_wconf 82' lang='lat'>89</span> <span class='ocrx_word' id='word_1_245' title='bbox 2436 1448 2483 1502; x_wconf 92' lang='lat' dir='ltr'>si</span> <span class='ocrx_word' id='word_1_246' title='bbox 2516 1448 2696 1502; x_wconf 88' lang='lat' dir='ltr'>etiam</span> <span class='ocrx_word' id='word_1_247' title='bbox 2724 1448 3075 1503; x_wconf 86' lang='lat' dir='ltr'>nominatur</span> <span class='ocrx_word' id='word_1_248' title='bbox 3104 1450 3290 1505; x_wconf 83' lang='lat' dir='ltr'>Patris</span> <span class='ocrx_word' id='word_1_249' title='bbox 3321 1452 3568 1508; x_wconf 79' lang='lat' dir='ltr'>dextera</span> 
     </span>
    </p>
   </div>
   <div class='ocr_carea' id='block_1_32' title="bbox 1915 1537 3632 1606">
    <p class='ocr_par' dir='ltr' id='par_1_32' title="bbox 1915 1537 3632 1606">
     <span class='ocr_line' id='line_1_32' title="bbox 1915 1537 3632 1606; baseline 0.006 -18"><span class='ocrx_word' id='word_1_250' title='bbox 1915 1537 2198 1604; x_wconf 72' lang='lat' dir='ltr'>(Dextera</span> <span class='ocrx_word' id='word_1_251' title='bbox 2235 1538 2391 1592; x_wconf 89' lang='lat' dir='ltr'>enim</span> <span class='ocrx_word' id='word_1_252' title='bbox 2425 1538 2665 1592; x_wconf 81' lang='lat' dir='ltr'>Domini</span> <span class='ocrx_word' id='word_1_253' title='bbox 2696 1538 2841 1605; x_wconf 83' lang='lat' dir='ltr'>fecit</span> <span class='ocrx_word' id='word_1_254' title='bbox 2876 1539 3221 1593; x_wconf 78' lang='lat' dir='ltr'>virtutem90</span> <span class='ocrx_word' id='word_1_255' title='bbox 3247 1558 3258 1606; x_wconf 94' lang='lat'>;</span> <span class='ocrx_word' id='word_1_256' title='bbox 3284 1545 3340 1595; x_wconf 92' lang='lat' dir='ltr'>et</span> <span class='ocrx_word' id='word_1_257' title='bbox 3375 1558 3386 1594; x_wconf 75' lang='grc' dir='ltr'>ε</span> <span class='ocrx_word' id='word_1_258' title='bbox 3420 1543 3569 1598; x_wconf 74' lang='lat' dir='ltr'>Dex-</span> <span class='ocrx_word' id='word_1_259' title='bbox 3628 1561 3632 1569; x_wconf 89' lang='grc'><strong>·</strong></span> 
     </span>
    </p>
   </div>
   <div class='ocr_carea' id='block_1_33' title="bbox 1915 1628 3567 1696">
    <p class='ocr_par' dir='ltr' id='par_1_33' title="bbox 1915 1628 3567 1696">
     <span class='ocr_line' id='line_1_33' title="bbox 1915 1628 3567 1696; baseline 0.005 -17"><span class='ocrx_word' id='word_1_260' title='bbox 1915 1631 2043 1681; x_wconf 83' lang='lat' dir='ltr'>tera</span> <span class='ocrx_word' id='word_1_261' title='bbox 2074 1631 2200 1693; x_wconf 87' lang='lat' dir='ltr'>tua,</span> <span class='ocrx_word' id='word_1_262' title='bbox 2230 1628 2491 1693; x_wconf 82' lang='lat' dir='ltr'>Domine,</span> <span class='ocrx_word' id='word_1_263' title='bbox 2517 1628 2812 1696; x_wconf 79' lang='lat' dir='ltr'>percussit</span> <span class='ocrx_word' id='word_1_264' title='bbox 2838 1628 3163 1683; x_wconf 49' lang='lat' dir='ltr'>inimicos?H</span> <span class='ocrx_word' id='word_1_265' title='bbox 3196 1647 3208 1696; x_wconf 90' lang='lat'><strong>;</strong></span> <span class='ocrx_word' id='word_1_266' title='bbox 3242 1630 3339 1684; x_wconf 92' lang='lat' dir='ltr'>Dei</span> <span class='ocrx_word' id='word_1_267' title='bbox 3365 1634 3567 1687; x_wconf 89' lang='lat' dir='ltr'>autem</span> 
     </span>
    </p>
   </div>
   <div class='ocr_carea' id='block_1_34' title="bbox 217 1711 1821 1787">
    <p class='ocr_par' dir='ltr' id='par_1_34' title="bbox 217 1711 1808 1787">
     <span class='ocr_line' id='line_1_34' title="bbox 217 1711 1808 1787; baseline -0.003 -18"><span class='ocrx_word' id='word_1_268' title='bbox 217 1712 451 1787; x_wconf 76' lang='grc' dir='ltr'>δακτύλῳ</span> <span class='ocrx_word' id='word_1_269' title='bbox 481 1722 616 1768; x_wconf 86' lang='grc' dir='ltr'>Θεοῦ</span> <span class='ocrx_word' id='word_1_270' title='bbox 669 1714 895 1767; x_wconf 65' lang='grc' dir='ltr'>ἐκϐάλλω</span> <span class='ocrx_word' id='word_1_271' title='bbox 944 1718 1008 1766; x_wconf 77' lang='grc' dir='ltr'>τὰ</span> <span class='ocrx_word' id='word_1_272' title='bbox 1056 1711 1341 1787; x_wconf 75' lang='grc' dir='ltr'>δαιμόνιαο</span> <span class='ocrx_word' id='word_1_273' title='bbox 1390 1716 1510 1786; x_wconf 84' lang='grc' dir='ltr'>ὅπερ</span> <span class='ocrx_word' id='word_1_274' title='bbox 1560 1712 1608 1765; x_wconf 82' lang='grc' dir='ltr'>ἐν</span> <span class='ocrx_word' id='word_1_275' title='bbox 1656 1711 1808 1786; x_wconf 75' lang='grc' dir='ltr'>ἑτέρῳ</span> 
     </span>
    </p>
   </div>
   <div class='ocr_carea' id='block_1_35' title="bbox 1929 1711 3571 1787">
    <p class='ocr_par' dir='ltr' id='par_1_35' title="bbox 1929 1712 3571 1784">
     <span class='ocr_line' id='line_1_35' title="bbox 1929 1712 3571 1784; baseline 0.005 -17"><span class='ocrx_word' id='word_1_276' title='bbox 1929 1712 2134 1783; x_wconf 78' lang='lat' dir='ltr'>ligitus</span> <span class='ocrx_word' id='word_1_277' title='bbox 2162 1714 2412 1784; x_wconf 89' lang='lat' dir='ltr'>Spiritus</span> <span class='ocrx_word' id='word_1_278' title='bbox 2452 1720 2697 1770; x_wconf 89' lang='lat' dir='ltr'>sanctus</span> <span class='ocrx_word' id='word_1_279' title='bbox 2739 1718 2847 1783; x_wconf 89' lang='lat' dir='ltr'>est,</span> <span class='ocrx_word' id='word_1_280' title='bbox 2900 1716 3231 1772; x_wconf 89' lang='lat' dir='ltr'>secundum</span> <span class='ocrx_word' id='word_1_281' title='bbox 3276 1718 3426 1773; x_wconf 91' lang='lat' dir='ltr'>illud</span> <span class='ocrx_word' id='word_1_282' title='bbox 3458 1737 3470 1774; x_wconf 90' lang='lat'>:</span> <span class='ocrx_word' id='word_1_283' title='bbox 3501 1721 3571 1776; x_wconf 87' lang='lat' dir='ltr'>Si</span> 
     </span>
    </p>
   </div>
   <div class='ocr_carea' id='block_1_36' title="bbox 216 1802 1808 1879">
    <p class='ocr_par' dir='ltr' id='par_1_36' title="bbox 216 1802 1808 1879">
     <span class='ocr_line' id='line_1_36' title="bbox 216 1802 1808 1879; baseline -0.003 -21"><span class='ocrx_word' id='word_1_284' title='bbox 216 1805 507 1877; x_wconf 69' lang='grc' dir='ltr'>Εύαγγελίῳ</span> <span class='ocrx_word' id='word_1_285' title='bbox 541 1809 853 1879; x_wconf 70' lang='grc' dir='ltr'>γέγραπται,</span> <span class='ocrx_word' id='word_1_286' title='bbox 885 1809 966 1870; x_wconf 87' lang='grc' dir='ltr'>τὸ,</span> <span class='ocrx_word' id='word_1_287' title='bbox 1017 1805 1077 1858; x_wconf 81' lang='grc' dir='ltr'><strong>Εἰ</strong></span> <span class='ocrx_word' id='word_1_288' title='bbox 1129 1804 1227 1876; x_wconf 78' lang='grc' dir='ltr'>ἐγὼ</span> <span class='ocrx_word' id='word_1_289' title='bbox 1276 1802 1324 1856; x_wconf 84' lang='grc' dir='ltr'>ἐν</span> <span class='ocrx_word' id='word_1_290' title='bbox 1374 1807 1635 1876; x_wconf 88' lang='grc' dir='ltr'>Πνεύματι</span> <span class='ocrx_word' id='word_1_291' title='bbox 1676 1810 1808 1856; x_wconf 83' lang='grc' dir='ltr'>Θεοῦ</span> 
     </span>
    </p>
   </div>
   <div class='ocr_carea' id='block_1_37' title="bbox 214 1893 1811 1969">
    <p class='ocr_par' dir='ltr' id='par_1_37' title="bbox 214 1893 1811 1969">
     <span class='ocr_line' id='line_1_37' title="bbox 214 1893 1811 1969; baseline -0.002 -21"><span class='ocrx_word' id='word_1_292' title='bbox 214 1896 438 1948; x_wconf 76' lang='grc' dir='ltr'>ἐκϐάλλω</span> <span class='ocrx_word' id='word_1_293' title='bbox 458 1898 524 1947; x_wconf 79' lang='grc' dir='ltr'>τὰ</span> <span class='ocrx_word' id='word_1_294' title='bbox 551 1893 823 1968; x_wconf 78' lang='grc' dir='ltr'>δαιμόνια)</span> <span class='ocrx_word' id='word_1_295' title='bbox 849 1910 861 1923; x_wconf 88' lang='grc'><strong>·</strong></span> <span class='ocrx_word' id='word_1_296' title='bbox 892 1903 988 1957; x_wconf 82' lang='grc' dir='ltr'>τῆς</span> <span class='ocrx_word' id='word_1_297' title='bbox 1009 1895 1167 1955; x_wconf 70' lang='grc' dir='ltr'>αὐτῆς</span> <span class='ocrx_word' id='word_1_298' title='bbox 1198 1897 1395 1967; x_wconf 74' lang='grc' dir='ltr'>φύσεως</span> <span class='ocrx_word' id='word_1_299' title='bbox 1427 1902 1498 1965; x_wconf 81' lang='grc' dir='ltr'>τῷ</span> <span class='ocrx_word' id='word_1_300' title='bbox 1532 1899 1697 1969; x_wconf 83' lang='grc' dir='ltr'>Πατρὶ</span> <span class='ocrx_word' id='word_1_301' title='bbox 1721 1897 1811 1945; x_wconf 77' lang='grc' dir='ltr'>καὶ</span> 
     </span>
    </p>
   </div>
   <div class='ocr_carea' id='block_1_38' title="bbox 215 1984 925 2056">
    <p class='ocr_par' dir='ltr' id='par_1_38' title="bbox 215 1984 925 2056">
     <span class='ocr_line' id='line_1_38' title="bbox 215 1984 925 2056; baseline -0.001 -17"><span class='ocrx_word' id='word_1_302' title='bbox 345 1990 401 2038; x_wconf 86' lang='grc' dir='ltr'>τό</span> <span class='ocrx_word' id='word_1_303' title='bbox 425 1992 636 2053; x_wconf 84' lang='grc' dir='ltr'>Πνεῦμα</span> <span class='ocrx_word' id='word_1_304' title='bbox 664 1988 722 2037; x_wconf 88' lang='grc' dir='ltr'>τό</span> <span class='ocrx_word' id='word_1_305' title='bbox 753 1984 925 2055; x_wconf 74' lang='grc' dir='ltr'>οἷγιον.</span> 
     </span>
    </p>
   </div>
   <div class='ocr_carea' id='block_1_39' title="bbox 287 2160 1810 2237">
    <p class='ocr_par' dir='ltr' id='par_1_39' title="bbox 287 2160 1810 2237">
     <span class='ocr_line' id='line_1_39' title="bbox 287 2160 1810 2237; baseline -0.005 -18"><span class='ocrx_word' id='word_1_306' title='bbox 287 2170 371 2220; x_wconf 78' lang='grc'><strong>12.</strong></span> <span class='ocrx_word' id='word_1_307' title='bbox 416 2168 519 2217; x_wconf 74' lang='grc' dir='ltr'>Καὶ</span> <span class='ocrx_word' id='word_1_308' title='bbox 550 2167 668 2237; x_wconf 86' lang='grc' dir='ltr'>περὶ</span> <span class='ocrx_word' id='word_1_309' title='bbox 706 2166 797 2235; x_wconf 73' lang='grc' dir='ltr'>μεν</span> <span class='ocrx_word' id='word_1_310' title='bbox 827 2172 924 2224; x_wconf 78' lang='grc' dir='ltr'>τῆς</span> <span class='ocrx_word' id='word_1_311' title='bbox 959 2170 1325 2237; x_wconf 75' lang='grc' dir='ltr'>πρεσκυνητῆς</span> <span class='ocrx_word' id='word_1_312' title='bbox 1355 2165 1444 2213; x_wconf 83' lang='grc' dir='ltr'>καὶ</span> <span class='ocrx_word' id='word_1_313' title='bbox 1473 2160 1625 2232; x_wconf 70' lang='grc' dir='ltr'>ἁγίας</span> <span class='ocrx_word' id='word_1_314' title='bbox 1653 2162 1810 2233; x_wconf 86' lang='grc' dir='ltr'>Τριά-</span> 
     </span>
    </p>
   </div>
   <div class='ocr_carea' id='block_1_40' title="bbox 216 2251 1804 2325">
    <p class='ocr_par' dir='ltr' id='par_1_40' title="bbox 216 2251 1804 2325">
     <span class='ocr_line' id='line_1_40' title="bbox 216 2251 1804 2325; baseline -0.005 -17"><span class='ocrx_word' id='word_1_315' title='bbox 216 2252 310 2319; x_wconf 85' lang='grc' dir='ltr'>δος</span> <span class='ocrx_word' id='word_1_316' title='bbox 334 2262 572 2307; x_wconf 81' lang='grc' dir='ltr'>τοσαῦτα</span> <span class='ocrx_word' id='word_1_317' title='bbox 600 2256 709 2325; x_wconf 82' lang='grc'>(95)</span> <span class='ocrx_word' id='word_1_318' title='bbox 737 2255 863 2324; x_wconf 76' lang='grc' dir='ltr'>ἡμῖν</span> <span class='ocrx_word' id='word_1_319' title='bbox 888 2251 971 2305; x_wconf 75' lang='grc' dir='ltr'>ἐπὶ</span> <span class='ocrx_word' id='word_1_320' title='bbox 996 2259 1085 2303; x_wconf 90' lang='grc' dir='ltr'>τοῦ</span> <span class='ocrx_word' id='word_1_321' title='bbox 1118 2256 1368 2324; x_wconf 82' lang='grc' dir='ltr'>παρόντος</span> <span class='ocrx_word' id='word_1_322' title='bbox 1408 2251 1515 2325; x_wconf 81' lang='grc' dir='ltr'>εἰρή</span> <span class='ocrx_word' id='word_1_323' title='bbox 1528 2252 1636 2303; x_wconf 91' lang='grc' dir='ltr'>σθω</span> <span class='ocrx_word' id='word_1_324' title='bbox 1662 2254 1804 2321; x_wconf 83' lang='lat'>(96).</span> 
     </span>
    </p>
   </div>
   <div class='ocr_carea' id='block_1_41' title="bbox 216 2338 1815 2418">
    <p class='ocr_par' dir='ltr' id='par_1_41' title="bbox 216 2338 1815 2418">
     <span class='ocr_line' id='line_1_41' title="bbox 216 2338 1815 2418; baseline -0.004 -21"><span class='ocrx_word' id='word_1_325' title='bbox 216 2344 290 2398; x_wconf 77' lang='grc' dir='ltr'>Ού</span> <span class='ocrx_word' id='word_1_326' title='bbox 343 2347 447 2418; x_wconf 69' lang='grc' dir='ltr'>γὰρ</span> <span class='ocrx_word' id='word_1_327' title='bbox 495 2350 583 2394; x_wconf 87' lang='grc' dir='ltr'>νῦν</span> <span class='ocrx_word' id='word_1_328' title='bbox 643 2338 865 2394; x_wconf 81' lang='grc' dir='ltr'>δυνατὸν</span> <span class='ocrx_word' id='word_1_329' title='bbox 918 2341 1230 2414; x_wconf 72' lang='grc' dir='ltr'>πλατύτερον</span> <span class='ocrx_word' id='word_1_330' title='bbox 1278 2338 1519 2402; x_wconf 80' lang='grc' dir='ltr'>ἐξετάσαι</span> <span class='ocrx_word' id='word_1_331' title='bbox 1564 2343 1650 2391; x_wconf 88' lang='grc' dir='ltr'>τὸν</span> <span class='ocrx_word' id='word_1_332' title='bbox 1697 2343 1815 2412; x_wconf 81' lang='grc' dir='ltr'>περὶ</span> 
     </span>
    </p>
   </div>
   <div class='ocr_carea' id='block_1_42' title="bbox 216 2427 1814 2504">
    <p class='ocr_par' dir='ltr' id='par_1_42' title="bbox 216 2427 1814 2504">
     <span class='ocr_line' id='line_1_42' title="bbox 216 2427 1814 2504; baseline -0.004 -19"><span class='ocrx_word' id='word_1_333' title='bbox 216 2434 379 2495; x_wconf 72' lang='grc' dir='ltr'>αὐτῆς</span> <span class='ocrx_word' id='word_1_334' title='bbox 423 2432 598 2504; x_wconf 76' lang='grc' dir='ltr'>λόγον.</span> <span class='ocrx_word' id='word_1_335' title='bbox 626 2429 792 2503; x_wconf 84' lang='grc' dir='ltr'>’Υμεῖς</span> <span class='ocrx_word' id='word_1_336' title='bbox 843 2427 920 2497; x_wconf 64' lang='grc' dir='ltr'>δε,</span> <span class='ocrx_word' id='word_1_337' title='bbox 954 2428 1191 2491; x_wconf 78' lang='grc' dir='ltr'>λαϐόντες</span> <span class='ocrx_word' id='word_1_338' title='bbox 1236 2431 1378 2503; x_wconf 82' lang='grc' dir='ltr'>παρὰ</span> <span class='ocrx_word' id='word_1_339' title='bbox 1425 2436 1519 2490; x_wconf 83' lang='grc' dir='ltr'>τῆς</span> <span class='ocrx_word' id='word_1_340' title='bbox 1568 2430 1814 2502; x_wconf 78' lang='grc' dir='ltr'>ἡμετέρας</span> 
     </span>
    </p>
   </div>
   <div class='ocr_carea' id='block_1_43' title="bbox 216 2518 1815 2595">
    <p class='ocr_par' dir='ltr' id='par_1_43' title="bbox 216 2518 1815 2595">
     <span class='ocr_line' id='line_1_43' title="bbox 216 2518 1815 2595; baseline -0.004 -20"><span class='ocrx_word' id='word_1_341' title='bbox 216 2529 579 2582; x_wconf 81' lang='grc' dir='ltr'>ταπεινώσεως</span> <span class='ocrx_word' id='word_1_342' title='bbox 620 2526 913 2595; x_wconf 82' lang='grc' dir='ltr'>σπέρματα,</span> <span class='ocrx_word' id='word_1_343' title='bbox 950 2522 1156 2591; x_wconf 79' lang='grc' dir='ltr'>στάχυν</span> <span class='ocrx_word' id='word_1_344' title='bbox 1186 2522 1378 2592; x_wconf 81' lang='grc' dir='ltr'>ὦριμον</span> <span class='ocrx_word' id='word_1_345' title='bbox 1423 2518 1621 2578; x_wconf 83' lang='grc' dir='ltr'>ἑαυτοῖς</span> <span class='ocrx_word' id='word_1_346' title='bbox 1648 2537 1815 2592; x_wconf 75' lang='grc' dir='ltr'>γεωρ-</span> 
     </span>
    </p>
   </div>
   <div class='ocr_carea' id='block_1_44' title="bbox 212 2610 1817 2684">
    <p class='ocr_par' dir='ltr' id='par_1_44' title="bbox 212 2610 1817 2684">
     <span class='ocr_line' id='line_1_44' title="bbox 212 2610 1817 2684; baseline -0.004 -19"><span class='ocrx_word' id='word_1_347' title='bbox 212 2618 433 2684; x_wconf 67' lang='grc' dir='ltr'>γήσατε,</span> <span class='ocrx_word' id='word_1_348' title='bbox 466 2610 575 2663; x_wconf 78' lang='grc' dir='ltr'>ἐπεὶ</span> <span class='ocrx_word' id='word_1_349' title='bbox 601 2615 688 2662; x_wconf 84' lang='grc' dir='ltr'>καὶ</span> <span class='ocrx_word' id='word_1_350' title='bbox 716 2615 921 2671; x_wconf 79' lang='grc' dir='ltr'>τόκους,</span> <span class='ocrx_word' id='word_1_351' title='bbox 950 2612 1019 2668; x_wconf 81' lang='grc' dir='ltr'>ὡς</span> <span class='ocrx_word' id='word_1_352' title='bbox 1055 2612 1184 2676; x_wconf 83' lang='grc' dir='ltr'>ῖστε,</span> <span class='ocrx_word' id='word_1_353' title='bbox 1211 2616 1309 2659; x_wconf 90' lang='grc' dir='ltr'>τῶν</span> <span class='ocrx_word' id='word_1_354' title='bbox 1340 2610 1585 2660; x_wconf 76' lang='grc' dir='ltr'>τοιούτων</span> <span class='ocrx_word' id='word_1_355' title='bbox 1610 2626 1817 2681; x_wconf 86' lang='grc' dir='ltr'>προσα-</span> 
     </span>
    </p>
   </div>
   <div class='ocr_carea' id='block_1_45' title="bbox 213 2696 1819 2774">
    <p class='ocr_par' dir='ltr' id='par_1_45' title="bbox 213 2696 1819 2774">
     <span class='ocr_line' id='line_1_45' title="bbox 213 2696 1819 2774; baseline -0.004 -20"><span class='ocrx_word' id='word_1_356' title='bbox 213 2703 567 2774; x_wconf 76' lang='grc' dir='ltr'>παιτούμεθα.</span> <span class='ocrx_word' id='word_1_357' title='bbox 597 2702 836 2752; x_wconf 75' lang='grc' dir='ltr'>Πιστεύω</span> <span class='ocrx_word' id='word_1_358' title='bbox 888 2696 948 2752; x_wconf 71' lang='grc' dir='ltr'>δε</span> <span class='ocrx_word' id='word_1_359' title='bbox 997 2706 1068 2768; x_wconf 82' lang='grc' dir='ltr'>τῷ</span> <span class='ocrx_word' id='word_1_360' title='bbox 1111 2706 1244 2768; x_wconf 85' lang='grc' dir='ltr'>Θεῷ,</span> <span class='ocrx_word' id='word_1_361' title='bbox 1276 2698 1354 2749; x_wconf 85' lang='grc' dir='ltr'>ὅτι</span> <span class='ocrx_word' id='word_1_362' title='bbox 1395 2702 1819 2772; x_wconf 71' lang='grc' dir='ltr'>καρποφορήσετε</span> 
     </span>
    </p>
   </div>
   <div class='ocr_carea' id='block_1_46' title="bbox 211 2782 1818 2866">
    <p class='ocr_par' dir='ltr' id='par_1_46' title="bbox 211 2782 1818 2866">
     <span class='ocr_line' id='line_1_46' title="bbox 211 2782 1818 2866; baseline -0.004 -23"><span class='ocrx_word' id='word_1_363' title='bbox 211 2797 303 2843; x_wconf 78' lang='grc' dir='ltr'>καὶ</span> <span class='ocrx_word' id='word_1_364' title='bbox 361 2794 667 2866; x_wconf 78' lang='grc' dir='ltr'>τριάκοντα,</span> <span class='ocrx_word' id='word_1_365' title='bbox 738 2794 827 2840; x_wconf 85' lang='grc' dir='ltr'>καὶ</span> <span class='ocrx_word' id='word_1_366' title='bbox 882 2788 1129 2850; x_wconf 69' lang='grc' dir='ltr'>ἐξήκοντα</span> <span class='ocrx_word' id='word_1_367' title='bbox 1183 2791 1273 2838; x_wconf 86' lang='grc' dir='ltr'>καὶ</span> <span class='ocrx_word' id='word_1_368' title='bbox 1327 2785 1524 2846; x_wconf 74' lang='grc' dir='ltr'>ἑκατόν,</span> <span class='ocrx_word' id='word_1_369' title='bbox 1582 2782 1675 2837; x_wconf 79' lang='grc' dir='ltr'>διὰ</span> <span class='ocrx_word' id='word_1_370' title='bbox 1725 2790 1818 2843; x_wconf 82' lang='grc' dir='ltr'>τὴν</span> 
     </span>
    </p>
   </div>
   <div class='ocr_carea' id='block_1_47' title="bbox 210 2875 1816 2955">
    <p class='ocr_par' dir='ltr' id='par_1_47' title="bbox 210 2875 1816 2955">
     <span class='ocr_line' id='line_1_47' title="bbox 210 2875 1816 2955; baseline -0.005 -22"><span class='ocrx_word' id='word_1_371' title='bbox 210 2884 552 2955; x_wconf 71' lang='grc' dir='ltr'>καθαρότητα</span> <span class='ocrx_word' id='word_1_372' title='bbox 577 2886 668 2931; x_wconf 86' lang='grc' dir='ltr'>τοῦ</span> <span class='ocrx_word' id='word_1_373' title='bbox 703 2877 828 2950; x_wconf 79' lang='grc' dir='ltr'>βίου</span> <span class='ocrx_word' id='word_1_374' title='bbox 860 2878 1021 2950; x_wconf 67' lang='grc' dir='ltr'>ὑμῶν’</span> <span class='ocrx_word' id='word_1_375' title='bbox 1050 2878 1317 2950; x_wconf 76' lang='grc' dir='ltr'>Μακάριοι</span> <span class='ocrx_word' id='word_1_376' title='bbox 1341 2878 1463 2949; x_wconf 70' lang='grc' dir='ltr'>γὰρ,</span> <span class='ocrx_word' id='word_1_377' title='bbox 1499 2879 1655 2946; x_wconf 78' lang='grc' dir='ltr'>φησὶν</span> <span class='ocrx_word' id='word_1_378' title='bbox 1681 2875 1816 2945; x_wconf 83' lang='lat'>(97),</span> 
     </span>
    </p>
   </div>
   <div class='ocr_carea' id='block_1_48' title="bbox 212 2963 1821 3043">
    <p class='ocr_par' dir='ltr' id='par_1_48' title="bbox 212 2963 1821 3043">
     <span class='ocr_line' id='line_1_48' title="bbox 212 2963 1821 3043; baseline -0.005 -21"><span class='ocrx_word' id='word_1_379' title='bbox 212 2973 261 3023; x_wconf 85' lang='grc' dir='ltr'>οἱ</span> <span class='ocrx_word' id='word_1_380' title='bbox 288 2972 517 3043; x_wconf 84' lang='grc' dir='ltr'>καθαροὶ</span> <span class='ocrx_word' id='word_1_381' title='bbox 638 2964 857 3041; x_wconf 75' lang='grc' dir='ltr'>καρδίᾳ,</span> <span class='ocrx_word' id='word_1_382' title='bbox 892 2968 972 3018; x_wconf 86' lang='grc' dir='ltr'>ὅτι</span> <span class='ocrx_word' id='word_1_383' title='bbox 999 2965 1147 3018; x_wconf 84' lang='grc' dir='ltr'>αύτοὶ</span> <span class='ocrx_word' id='word_1_384' title='bbox 1180 2968 1265 3017; x_wconf 85' lang='grc' dir='ltr'>τόν</span> <span class='ocrx_word' id='word_1_385' title='bbox 1293 2968 1419 3018; x_wconf 84' lang='grc' dir='ltr'>Θεὸν</span> <span class='ocrx_word' id='word_1_386' title='bbox 1451 2963 1686 3035; x_wconf 62' lang='grc' dir='ltr'>ὄψονται.</span> <span class='ocrx_word' id='word_1_387' title='bbox 1722 2967 1821 3016; x_wconf 84' lang='grc' dir='ltr'>Καὶ</span> 
     </span>
    </p>
   </div>
   <div class='ocr_carea' id='block_1_49' title="bbox 1914 1804 3566 1879">
    <p class='ocr_par' dir='ltr' id='par_1_49' title="bbox 1914 1804 3566 1879">
     <span class='ocr_line' id='line_1_49' title="bbox 1914 1804 3566 1879; baseline 0.004 -21"><span class='ocrx_word' id='word_1_388' title='bbox 1914 1816 2019 1872; x_wconf 90' lang='lat' dir='ltr'>ego</span> <span class='ocrx_word' id='word_1_389' title='bbox 2068 1804 2130 1857; x_wconf 90' lang='lat' dir='ltr'>in</span> <span class='ocrx_word' id='word_1_390' title='bbox 2164 1804 2353 1873; x_wconf 76' lang='lat' dir='ltr'>digito</span> <span class='ocrx_word' id='word_1_391' title='bbox 2384 1804 2496 1858; x_wconf 88' lang='lat' dir='ltr'>Dei</span> <span class='ocrx_word' id='word_1_392' title='bbox 2535 1804 2708 1872; x_wconf 83' lang='lat' dir='ltr'>ejicio</span> <span class='ocrx_word' id='word_1_393' title='bbox 2757 1804 3150 1873; x_wconf 63' lang='lat' dir='ltr'>daemonia“;</span> <span class='ocrx_word' id='word_1_394' title='bbox 3202 1806 3263 1861; x_wconf 92' lang='lat' dir='ltr'>id</span> <span class='ocrx_word' id='word_1_395' title='bbox 3311 1808 3475 1879; x_wconf 89' lang='lat' dir='ltr'>quod</span> <span class='ocrx_word' id='word_1_396' title='bbox 3506 1809 3566 1864; x_wconf 88' lang='lat' dir='ltr'>in</span> 
     </span>
    </p>
   </div>
   <div class='ocr_carea' id='block_1_50' title="bbox 1914 1891 3573 1964">
    <p class='ocr_par' dir='ltr' id='par_1_50' title="bbox 1914 1891 3573 1964">
     <span class='ocr_line' id='line_1_50' title="bbox 1914 1891 3573 1964; baseline 0.004 -18"><span class='ocrx_word' id='word_1_397' title='bbox 1914 1891 2031 1947; x_wconf 91' lang='lat' dir='ltr'>alio</span> <span class='ocrx_word' id='word_1_398' title='bbox 2060 1891 2379 1961; x_wconf 86' lang='lat' dir='ltr'>Evangelio</span> <span class='ocrx_word' id='word_1_399' title='bbox 2410 1892 2701 1963; x_wconf 86' lang='lat' dir='ltr'>scriptum</span> <span class='ocrx_word' id='word_1_400' title='bbox 2733 1896 2820 1947; x_wconf 90' lang='lat' dir='ltr'>est</span> <span class='ocrx_word' id='word_1_401' title='bbox 2848 1911 2859 1947; x_wconf 73' lang='grc' dir='ltr'>ε</span> <span class='ocrx_word' id='word_1_402' title='bbox 2889 1894 2958 1948; x_wconf 82' lang='lat' dir='ltr'>Si</span> <span class='ocrx_word' id='word_1_403' title='bbox 2981 1909 3085 1962; x_wconf 88' lang='lat' dir='ltr'>ego</span> <span class='ocrx_word' id='word_1_404' title='bbox 3114 1895 3176 1949; x_wconf 86' lang='lat' dir='ltr'>in</span> <span class='ocrx_word' id='word_1_405' title='bbox 3202 1895 3436 1964; x_wconf 82' lang='lat' dir='ltr'>Spiritu</span> <span class='ocrx_word' id='word_1_406' title='bbox 3464 1898 3573 1953; x_wconf 86' lang='lat' dir='ltr'>Dei</span> 
     </span>
    </p>
   </div>
   <div class='ocr_carea' id='block_1_51' title="bbox 1915 1980 3563 2055">
    <p class='ocr_par' dir='ltr' id='par_1_51' title="bbox 1915 1980 3563 2055">
     <span class='ocr_line' id='line_1_51' title="bbox 1915 1980 3563 2055; baseline 0.003 -19"><span class='ocrx_word' id='word_1_407' title='bbox 1915 1982 2086 2051; x_wconf 84' lang='lat' dir='ltr'>ejicio</span> <span class='ocrx_word' id='word_1_408' title='bbox 2115 1981 2491 2050; x_wconf 67' lang='lat' dir='ltr'>daemonia”)</span> <span class='ocrx_word' id='word_1_409' title='bbox 2527 1998 2538 2031; x_wconf 89' lang='lat'>:</span> <span class='ocrx_word' id='word_1_410' title='bbox 2576 1980 2826 2052; x_wconf 83' lang='lat' dir='ltr'>Spiritus</span> <span class='ocrx_word' id='word_1_411' title='bbox 2866 1986 3112 2039; x_wconf 86' lang='lat' dir='ltr'>sanctus</span> <span class='ocrx_word' id='word_1_412' title='bbox 3144 1985 3417 2055; x_wconf 85' lang='lat' dir='ltr'>ejusdem</span> <span class='ocrx_word' id='word_1_413' title='bbox 3456 2000 3563 2041; x_wconf 85' lang='lat' dir='ltr'>na-</span> 
     </span>
    </p>
   </div>
   <div class='ocr_carea' id='block_1_52' title="bbox 1917 2069 2662 2126">
    <p class='ocr_par' dir='ltr' id='par_1_52' title="bbox 1917 2069 2662 2126">
     <span class='ocr_line' id='line_1_52' title="bbox 1917 2069 2662 2126; baseline -0.001 -1"><span class='ocrx_word' id='word_1_414' title='bbox 1917 2074 2062 2126; x_wconf 72' lang='lat' dir='ltr'>turae</span> <span class='ocrx_word' id='word_1_415' title='bbox 2093 2085 2163 2125; x_wconf 90' lang='lat' dir='ltr'>ac</span> <span class='ocrx_word' id='word_1_416' title='bbox 2190 2073 2357 2125; x_wconf 90' lang='lat' dir='ltr'>Pater</span> <span class='ocrx_word' id='word_1_417' title='bbox 2386 2074 2442 2125; x_wconf 91' lang='lat' dir='ltr'>et</span> <span class='ocrx_word' id='word_1_418' title='bbox 2461 2069 2662 2125; x_wconf 78' lang='lat' dir='ltr'>Filius.</span> 
     </span>
    </p>
   </div>
   <div class='ocr_carea' id='block_1_53' title="bbox 1992 2158 3566 2231">
    <p class='ocr_par' dir='ltr' id='par_1_53' title="bbox 1992 2158 3566 2231">
     <span class='ocr_line' id='line_1_53' title="bbox 1992 2158 3566 2231; baseline 0.004 -17"><span class='ocrx_word' id='word_1_419' title='bbox 1992 2164 2075 2214; x_wconf 81' lang='lat' dir='ltr'>l2.</span> <span class='ocrx_word' id='word_1_420' title='bbox 2120 2163 2310 2231; x_wconf 86' lang='lat' dir='ltr'>Atque</span> <span class='ocrx_word' id='word_1_421' title='bbox 2366 2158 2479 2214; x_wconf 88' lang='lat' dir='ltr'>ista</span> <span class='ocrx_word' id='word_1_422' title='bbox 2526 2158 2773 2230; x_wconf 87' lang='lat' dir='ltr'>quidem</span> <span class='ocrx_word' id='word_1_423' title='bbox 2817 2159 2994 2216; x_wconf 91' lang='lat' dir='ltr'>nobis</span> <span class='ocrx_word' id='word_1_424' title='bbox 3032 2161 3107 2217; x_wconf 91' lang='lat' dir='ltr'>de</span> <span class='ocrx_word' id='word_1_425' title='bbox 3162 2162 3478 2220; x_wconf 87' lang='lat' dir='ltr'>adoranda</span> <span class='ocrx_word' id='word_1_426' title='bbox 3507 2168 3566 2221; x_wconf 90' lang='lat' dir='ltr'>et</span> 
     </span>
    </p>
   </div>
   <div class='ocr_carea' id='block_1_54' title="bbox 1918 2247 3566 2319">
    <p class='ocr_par' dir='ltr' id='par_1_54' title="bbox 1918 2247 3566 2319">
     <span class='ocr_line' id='line_1_54' title="bbox 1918 2247 3566 2319; baseline 0.004 -16"><span class='ocrx_word' id='word_1_427' title='bbox 1918 2252 2126 2304; x_wconf 84' lang='lat' dir='ltr'>sancta</span> <span class='ocrx_word' id='word_1_428' title='bbox 2145 2248 2421 2304; x_wconf 87' lang='lat' dir='ltr'>&#39;l‘rinitate</span> <span class='ocrx_word' id='word_1_429' title='bbox 2449 2247 2511 2303; x_wconf 91' lang='lat' dir='ltr'>in</span> <span class='ocrx_word' id='word_1_430' title='bbox 2542 2248 2821 2319; x_wconf 64' lang='lat' dir='ltr'>praesenti</span> <span class='ocrx_word' id='word_1_431' title='bbox 2851 2248 3011 2305; x_wconf 84' lang='lat' dir='ltr'>dicta</span> <span class='ocrx_word' id='word_1_432' title='bbox 3037 2251 3179 2306; x_wconf 85' lang='lat' dir='ltr'>sint.</span> <span class='ocrx_word' id='word_1_433' title='bbox 3210 2256 3376 2308; x_wconf 83' lang='lat' dir='ltr'>Nunc</span> <span class='ocrx_word' id='word_1_434' title='bbox 3405 2255 3566 2311; x_wconf 90' lang='lat' dir='ltr'>enim</span> 
     </span>
    </p>
   </div>
   <div class='ocr_carea' id='block_1_55' title="bbox 1917 2337 3567 2413">
    <p class='ocr_par' dir='ltr' id='par_1_55' title="bbox 1917 2337 3567 2413">
     <span class='ocr_line' id='line_1_55' title="bbox 1917 2337 3567 2413; baseline 0.004 -20"><span class='ocrx_word' id='word_1_435' title='bbox 1917 2338 2037 2393; x_wconf 83' lang='lat' dir='ltr'>ﬁeri</span> <span class='ocrx_word' id='word_1_436' title='bbox 2063 2337 2288 2409; x_wconf 91' lang='lat' dir='ltr'>nequit,</span> <span class='ocrx_word' id='word_1_437' title='bbox 2314 2341 2376 2392; x_wconf 92' lang='lat' dir='ltr'>ut</span> <span class='ocrx_word' id='word_1_438' title='bbox 2404 2337 2581 2392; x_wconf 88' lang='lat' dir='ltr'>latius</span> <span class='ocrx_word' id='word_1_439' title='bbox 2611 2337 2906 2393; x_wconf 89' lang='lat' dir='ltr'>rationem</span> <span class='ocrx_word' id='word_1_440' title='bbox 2953 2338 3109 2394; x_wconf 90' lang='lat' dir='ltr'>illius</span> <span class='ocrx_word' id='word_1_441' title='bbox 3158 2342 3567 2413; x_wconf 85' lang='lat' dir='ltr'>exquiramus.</span> 
     </span>
    </p>
   </div>
   <div class='ocr_carea' id='block_1_56' title="bbox 1924 2427 3570 2501">
    <p class='ocr_par' dir='ltr' id='par_1_56' title="bbox 1924 2427 3570 2501">
     <span class='ocr_line' id='line_1_56' title="bbox 1924 2427 3570 2501; baseline 0.003 -17"><span class='ocrx_word' id='word_1_442' title='bbox 1924 2431 2035 2484; x_wconf 92' lang='lat' dir='ltr'>Vos</span> <span class='ocrx_word' id='word_1_443' title='bbox 2058 2444 2215 2498; x_wconf 90' lang='lat' dir='ltr'>vero,</span> <span class='ocrx_word' id='word_1_444' title='bbox 2252 2427 2511 2499; x_wconf 84' lang='lat' dir='ltr'>acceptis</span> <span class='ocrx_word' id='word_1_445' title='bbox 2544 2442 2580 2483; x_wconf 88' lang='lat' dir='ltr'>a</span> <span class='ocrx_word' id='word_1_446' title='bbox 2609 2433 2816 2484; x_wconf 88' lang='lat' dir='ltr'>nostra</span> <span class='ocrx_word' id='word_1_447' title='bbox 2845 2427 3178 2486; x_wconf 89' lang='lat' dir='ltr'>humilitate</span> <span class='ocrx_word' id='word_1_448' title='bbox 3218 2432 3570 2501; x_wconf 84' lang='lat' dir='ltr'>seminibus,</span> 
     </span>
    </p>
   </div>
   <div class='ocr_carea' id='block_1_57' title="bbox 1922 2516 3576 2593">
    <p class='ocr_par' dir='ltr' id='par_1_57' title="bbox 1922 2516 3576 2593">
     <span class='ocr_line' id='line_1_57' title="bbox 1922 2516 3576 2593; baseline 0.002 -19"><span class='ocrx_word' id='word_1_449' title='bbox 1922 2524 2226 2574; x_wconf 88' lang='lat' dir='ltr'>maturam</span> <span class='ocrx_word' id='word_1_450' title='bbox 2258 2516 2490 2588; x_wconf 87' lang='lat' dir='ltr'>spicam</span> <span class='ocrx_word' id='word_1_451' title='bbox 2520 2516 2844 2588; x_wconf 89' lang='lat' dir='ltr'>vobisipsis</span> <span class='ocrx_word' id='word_1_452' title='bbox 2874 2518 3145 2585; x_wconf 83' lang='lat' dir='ltr'>excolite,</span> <span class='ocrx_word' id='word_1_453' title='bbox 3187 2521 3487 2593; x_wconf 80' lang='lat' dir='ltr'>siquidem</span> <span class='ocrx_word' id='word_1_454' title='bbox 3518 2526 3576 2578; x_wconf 87' lang='lat' dir='ltr'>et</span> 
     </span>
    </p>
   </div>
   <div class='ocr_carea' id='block_1_58' title="bbox 1924 2605 3576 2675">
    <p class='ocr_par' dir='ltr' id='par_1_58' title="bbox 1924 2605 3576 2675">
     <span class='ocr_line' id='line_1_58' title="bbox 1924 2605 3576 2675; baseline 0.002 -12"><span class='ocrx_word' id='word_1_455' title='bbox 1924 2623 1960 2663; x_wconf 88' lang='lat' dir='ltr'>a</span> <span class='ocrx_word' id='word_1_456' title='bbox 1986 2606 2185 2672; x_wconf 89' lang='lat' dir='ltr'>nobis,</span> <span class='ocrx_word' id='word_1_457' title='bbox 2218 2611 2280 2662; x_wconf 92' lang='lat' dir='ltr'>ut</span> <span class='ocrx_word' id='word_1_458' title='bbox 2319 2605 2530 2673; x_wconf 90' lang='lat' dir='ltr'>nostis,</span> <span class='ocrx_word' id='word_1_459' title='bbox 2560 2606 2813 2675; x_wconf 84' lang='lat' dir='ltr'>exigitur</span> <span class='ocrx_word' id='word_1_460' title='bbox 2844 2606 3051 2663; x_wconf 89' lang='lat' dir='ltr'>talium</span> <span class='ocrx_word' id='word_1_461' title='bbox 3091 2624 3296 2665; x_wconf 88' lang='lat' dir='ltr'>usura.</span> <span class='ocrx_word' id='word_1_462' title='bbox 3326 2611 3576 2667; x_wconf 84' lang='lat' dir='ltr'>Conﬁdo</span> 
     </span>
    </p>
   </div>
   <div class='ocr_carea' id='block_1_59' title="bbox 1925 2695 3577 2772">
    <p class='ocr_par' dir='ltr' id='par_1_59' title="bbox 1925 2695 3577 2772">
     <span class='ocr_line' id='line_1_59' title="bbox 1925 2695 3577 2772; baseline 0.002 -19"><span class='ocrx_word' id='word_1_463' title='bbox 1925 2702 2127 2753; x_wconf 89' lang='lat' dir='ltr'>autem</span> <span class='ocrx_word' id='word_1_464' title='bbox 2157 2699 2292 2766; x_wconf 90' lang='lat' dir='ltr'>Deo,</span> <span class='ocrx_word' id='word_1_465' title='bbox 2328 2695 2588 2750; x_wconf 80' lang='lat' dir='ltr'>fructum</span> <span class='ocrx_word' id='word_1_466' title='bbox 2615 2695 2900 2751; x_wconf 86' lang='lat' dir='ltr'>allaturos</span> <span class='ocrx_word' id='word_1_467' title='bbox 2943 2712 3051 2752; x_wconf 90' lang='lat' dir='ltr'>vos</span> <span class='ocrx_word' id='word_1_468' title='bbox 3091 2702 3147 2752; x_wconf 91' lang='lat' dir='ltr'>et</span> <span class='ocrx_word' id='word_1_469' title='bbox 3176 2700 3577 2772; x_wconf 89' lang='lat' dir='ltr'>trigecuplum</span> 
     </span>
    </p>
   </div>
   <div class='ocr_carea' id='block_1_60' title="bbox 1926 2783 3579 2856">
    <p class='ocr_par' dir='ltr' id='par_1_60' title="bbox 1926 2783 3579 2856">
     <span class='ocr_line' id='line_1_60' title="bbox 1926 2783 3579 2856; baseline 0.002 -14"><span class='ocrx_word' id='word_1_470' title='bbox 1926 2790 1983 2843; x_wconf 91' lang='lat' dir='ltr'>et</span> <span class='ocrx_word' id='word_1_471' title='bbox 2007 2783 2496 2856; x_wconf 86' lang='lat' dir='ltr'>sexagecuplum,</span> <span class='ocrx_word' id='word_1_472' title='bbox 2532 2789 2589 2839; x_wconf 89' lang='lat' dir='ltr'>et</span> <span class='ocrx_word' id='word_1_473' title='bbox 2632 2784 3003 2856; x_wconf 87' lang='lat' dir='ltr'>centuplum,</span> <span class='ocrx_word' id='word_1_474' title='bbox 3053 2786 3133 2842; x_wconf 90' lang='lat' dir='ltr'>ob</span> <span class='ocrx_word' id='word_1_475' title='bbox 3180 2795 3394 2844; x_wconf 74' lang='lat' dir='ltr'>vestrae</span> <span class='ocrx_word' id='word_1_476' title='bbox 3445 2790 3579 2846; x_wconf 66' lang='lat' dir='ltr'>vitae</span> 
     </span>
    </p>
   </div>
   <div class='ocr_carea' id='block_1_61' title="bbox 1927 2874 3585 2949">
    <p class='ocr_par' dir='ltr' id='par_1_61' title="bbox 1927 2874 3585 2949">
     <span class='ocr_line' id='line_1_61' title="bbox 1927 2874 3585 2949; baseline 0.001 -17"><span class='ocrx_word' id='word_1_477' title='bbox 1927 2878 2275 2949; x_wconf 82' lang='lat' dir='ltr'>puritatem.</span> <span class='ocrx_word' id='word_1_478' title='bbox 2305 2877 2450 2929; x_wconf 81' lang='lat' dir='ltr'>Nam</span> <span class='ocrx_word' id='word_1_479' title='bbox 2485 2874 2642 2930; x_wconf 85' lang='lat' dir='ltr'>beati</span> <span class='ocrx_word' id='word_1_480' title='bbox 2670 2875 2892 2930; x_wconf 86' lang='lat' dir='ltr'>mundo</span> <span class='ocrx_word' id='word_1_481' title='bbox 2927 2877 3119 2943; x_wconf 85' lang='lat' dir='ltr'>corde,</span> <span class='ocrx_word' id='word_1_482' title='bbox 3153 2880 3434 2946; x_wconf 77' lang='lat' dir='ltr'>quoniam</span> <span class='ocrx_word' id='word_1_483' title='bbox 3466 2878 3585 2948; x_wconf 73' lang='lat' dir='ltr'>ipsi</span> 
     </span>
    </p>
   </div>
   <div class='ocr_carea' id='block_1_62' title="bbox 1928 2961 3583 3033">
    <p class='ocr_par' dir='ltr' id='par_1_62' title="bbox 1928 2961 3583 3033">
     <span class='ocr_line' id='line_1_62' title="bbox 1928 2961 3583 3033; baseline 0.002 -15"><span class='ocrx_word' id='word_1_484' title='bbox 1928 2966 2114 3020; x_wconf 87' lang='lat' dir='ltr'>Deum</span> <span class='ocrx_word' id='word_1_485' title='bbox 2160 2961 2526 3018; x_wconf 65' lang='lat' dir='ltr'>videbunt“.</span> <span class='ocrx_word' id='word_1_486' title='bbox 2576 2964 2776 3033; x_wconf 84' lang='lat' dir='ltr'>Neque</span> <span class='ocrx_word' id='word_1_487' title='bbox 2823 2977 2966 3017; x_wconf 90' lang='lat' dir='ltr'>vero</span> <span class='ocrx_word' id='word_1_488' title='bbox 3005 2978 3259 3032; x_wconf 87' lang='lat' dir='ltr'>regnum</span> <span class='ocrx_word' id='word_1_489' title='bbox 3292 2965 3583 3021; x_wconf 66' lang='lat' dir='ltr'>caelorum</span> 
     </span>
    </p>
   </div>
   <div class='ocr_carea' id='block_1_63' title="bbox 212 3050 1821 3141">
    <p class='ocr_par' dir='ltr' id='par_1_63' title="bbox 212 3052 1821 3133">
     <span class='ocr_line' id='line_1_63' title="bbox 212 3052 1821 3133; baseline -0.006 -21"><span class='ocrx_word' id='word_1_490' title='bbox 212 3056 352 3133; x_wconf 69' lang='grc' dir='ltr'>μηδὲ</span> <span class='ocrx_word' id='word_1_491' title='bbox 399 3058 528 3110; x_wconf 75' lang='grc' dir='ltr'>ἄλλο</span> <span class='ocrx_word' id='word_1_492' title='bbox 581 3076 653 3123; x_wconf 85' lang='grc' dir='ltr'>τι,</span> <span class='ocrx_word' id='word_1_493' title='bbox 700 3052 936 3127; x_wconf 64' lang='grc' dir='ltr'>ἀδελφοὶ,</span> <span class='ocrx_word' id='word_1_494' title='bbox 986 3060 1079 3113; x_wconf 73' lang='grc' dir='ltr'>τὴν</span> <span class='ocrx_word' id='word_1_495' title='bbox 1129 3053 1401 3127; x_wconf 82' lang='grc' dir='ltr'>βασιλείαν</span> <span class='ocrx_word' id='word_1_496' title='bbox 1451 3061 1550 3104; x_wconf 89' lang='grc' dir='ltr'>τῶν</span> <span class='ocrx_word' id='word_1_497' title='bbox 1594 3052 1821 3125; x_wconf 87' lang='grc' dir='ltr'>ούρανῶν</span> 
     </span>
    </p>
   </div>
   <div class='ocr_carea' id='block_1_64' title="bbox 1929 3050 3584 3141">
    <p class='ocr_par' dir='ltr' id='par_1_64' title="bbox 1932 3050 3584 3124">
     <span class='ocr_line' id='line_1_64' title="bbox 1932 3050 3584 3124; baseline 0.001 -16"><span class='ocrx_word' id='word_1_498' title='bbox 1932 3052 2095 3109; x_wconf 89' lang='lat' dir='ltr'>aliud</span> <span class='ocrx_word' id='word_1_499' title='bbox 2147 3050 2487 3124; x_wconf 88' lang='lat' dir='ltr'>quidquam</span> <span class='ocrx_word' id='word_1_500' title='bbox 2539 3050 2780 3121; x_wconf 87' lang='lat' dir='ltr'>putetis,</span> <span class='ocrx_word' id='word_1_501' title='bbox 2830 3050 3064 3119; x_wconf 81' lang='lat' dir='ltr'>fratres,</span> <span class='ocrx_word' id='word_1_502' title='bbox 3119 3068 3306 3124; x_wconf 90' lang='lat' dir='ltr'>quam</span> <span class='ocrx_word' id='word_1_503' title='bbox 3373 3069 3584 3109; x_wconf 86' lang='lat' dir='ltr'>eorum</span> 
     </span>
    </p>
   </div>
   <div class='ocr_carea' id='block_1_65' title="bbox 211 3142 1822 3221">
    <p class='ocr_par' dir='ltr' id='par_1_65' title="bbox 211 3142 1822 3221">
     <span class='ocr_line' id='line_1_65' title="bbox 211 3142 1822 3221; baseline -0.006 -20"><span class='ocrx_word' id='word_1_504' title='bbox 211 3153 469 3221; x_wconf 72' lang='grc' dir='ltr'>νομίσητε</span> <span class='ocrx_word' id='word_1_505' title='bbox 499 3149 613 3217; x_wconf 84' lang='grc'>(98)</span> <span class='ocrx_word' id='word_1_506' title='bbox 642 3147 671 3205; x_wconf 76' lang='grc' dir='ltr'><em>ἦ</em></span> <span class='ocrx_word' id='word_1_507' title='bbox 716 3150 810 3203; x_wconf 73' lang='grc' dir='ltr'>τὴν</span> <span class='ocrx_word' id='word_1_508' title='bbox 838 3152 937 3196; x_wconf 88' lang='grc' dir='ltr'>τῶν</span> <span class='ocrx_word' id='word_1_509' title='bbox 977 3149 1129 3196; x_wconf 83' lang='grc' dir='ltr'>ὄντων</span> <span class='ocrx_word' id='word_1_510' title='bbox 1175 3142 1338 3203; x_wconf 80' lang='grc' dir='ltr'>ἀληθῆ</span> <span class='ocrx_word' id='word_1_511' title='bbox 1391 3146 1727 3213; x_wconf 69' lang='grc' dir='ltr'>κατανόησιν,</span> <span class='ocrx_word' id='word_1_512' title='bbox 1764 3142 1822 3198; x_wconf 72' lang='grc' dir='ltr'>ἦν</span> 
     </span>
    </p>
   </div>
   <div class='ocr_carea' id='block_1_66' title="bbox 212 3231 1825 3310">
    <p class='ocr_par' dir='ltr' id='par_1_66' title="bbox 212 3231 1825 3310">
     <span class='ocr_line' id='line_1_66' title="bbox 212 3231 1825 3310; baseline -0.004 -21"><span class='ocrx_word' id='word_1_513' title='bbox 212 3243 301 3289; x_wconf 74' lang='grc' dir='ltr'>καὶ</span> <span class='ocrx_word' id='word_1_514' title='bbox 340 3240 716 3310; x_wconf 79' lang='grc' dir='ltr'>μακαριότητα</span> <span class='ocrx_word' id='word_1_515' title='bbox 744 3234 1093 3306; x_wconf 71' lang='grc' dir='ltr'>ὀνομάζουσιν</span> <span class='ocrx_word' id='word_1_516' title='bbox 1126 3235 1179 3284; x_wconf 86' lang='grc' dir='ltr'>αἱ</span> <span class='ocrx_word' id='word_1_517' title='bbox 1212 3234 1344 3285; x_wconf 84' lang='grc' dir='ltr'>θεῖαι</span> <span class='ocrx_word' id='word_1_518' title='bbox 1376 3237 1599 3306; x_wconf 71' lang='grc' dir='ltr'>Γραφαί.</span> <span class='ocrx_word' id='word_1_519' title='bbox 1637 3231 1693 3283; x_wconf 82' lang='grc' dir='ltr'>ἹΙ</span> <span class='ocrx_word' id='word_1_520' title='bbox 1726 3232 1825 3304; x_wconf 75' lang='grc' dir='ltr'>γὰρ</span> 
     </span>
    </p>
   </div>
   <div class='ocr_carea' id='block_1_67' title="bbox 215 3317 1825 3399">
    <p class='ocr_par' dir='ltr' id='par_1_67' title="bbox 215 3317 1825 3399">
     <span class='ocr_line' id='line_1_67' title="bbox 215 3317 1825 3399; baseline -0.004 -22"><span class='ocrx_word' id='word_1_521' title='bbox 215 3326 471 3399; x_wconf 75' lang='grc' dir='ltr'>βασιλεία</span> <span class='ocrx_word' id='word_1_522' title='bbox 521 3333 623 3377; x_wconf 87' lang='grc' dir='ltr'>τῶν</span> <span class='ocrx_word' id='word_1_523' title='bbox 663 3324 892 3398; x_wconf 68' lang='grc' dir='ltr'>οὐρανῶν</span> <span class='ocrx_word' id='word_1_524' title='bbox 941 3321 1078 3382; x_wconf 72' lang='grc' dir='ltr'>ἐντός</span> <span class='ocrx_word' id='word_1_525' title='bbox 1113 3324 1253 3393; x_wconf 73' lang='grc' dir='ltr'>ὑμῶν</span> <span class='ocrx_word' id='word_1_526' title='bbox 1286 3320 1416 3375; x_wconf 84' lang='grc' dir='ltr'>ἐστι.</span> <span class='ocrx_word' id='word_1_527' title='bbox 1471 3326 1595 3396; x_wconf 85' lang='grc' dir='ltr'>Περὶ</span> <span class='ocrx_word' id='word_1_528' title='bbox 1645 3317 1703 3372; x_wconf 74' lang='grc' dir='ltr'>δε</span> <span class='ocrx_word' id='word_1_529' title='bbox 1742 3322 1825 3371; x_wconf 86' lang='grc' dir='ltr'>τόν</span> 
     </span>
    </p>
   </div>
   <div class='ocr_carea' id='block_1_68' title="bbox 214 3409 1825 3490">
    <p class='ocr_par' dir='ltr' id='par_1_68' title="bbox 214 3409 1825 3490">
     <span class='ocr_line' id='line_1_68' title="bbox 214 3409 1825 3490; baseline -0.003 -22"><span class='ocrx_word' id='word_1_530' title='bbox 214 3417 355 3477; x_wconf 79' lang='grc' dir='ltr'>ἐντος</span> <span class='ocrx_word' id='word_1_531' title='bbox 404 3417 680 3490; x_wconf 75' lang='grc' dir='ltr'>ἄνθρωπον</span> <span class='ocrx_word' id='word_1_532' title='bbox 738 3409 890 3465; x_wconf 68' lang='grc' dir='ltr'>οὐδὲν</span> <span class='ocrx_word' id='word_1_533' title='bbox 944 3413 1112 3485; x_wconf 77' lang='grc' dir='ltr'>ἕτερον</span> <span class='ocrx_word' id='word_1_534' title='bbox 1163 3412 1190 3470; x_wconf 79' lang='grc' dir='ltr'>ἡ</span> <span class='ocrx_word' id='word_1_535' title='bbox 1256 3413 1447 3486; x_wconf 80' lang='grc' dir='ltr'>Θεωρία</span> <span class='ocrx_word' id='word_1_536' title='bbox 1497 3414 1825 3463; x_wconf 85' lang='grc' dir='ltr'>συνίσταται.</span> 
     </span>
    </p>
   </div>
   <div class='ocr_carea' id='block_1_69' title="bbox 214 3499 1829 3578">
    <p class='ocr_par' dir='ltr' id='par_1_69' title="bbox 214 3499 1829 3578">
     <span class='ocr_line' id='line_1_69' title="bbox 214 3499 1829 3578; baseline -0.005 -21"><span class='ocrx_word' id='word_1_537' title='bbox 214 3510 427 3578; x_wconf 80' lang='grc' dir='ltr'>Θεωρία</span> <span class='ocrx_word' id='word_1_538' title='bbox 459 3504 519 3555; x_wconf 80' lang='grc' dir='ltr'>ἂν</span> <span class='ocrx_word' id='word_1_539' title='bbox 550 3507 627 3561; x_wconf 81' lang='grc' dir='ltr'>εἰη</span> <span class='ocrx_word' id='word_1_540' title='bbox 651 3502 828 3554; x_wconf 86' lang='grc' dir='ltr'>λοιπον</span> <span class='ocrx_word' id='word_1_541' title='bbox 851 3503 880 3559; x_wconf 83' lang='grc' dir='ltr'><strong>ἠ</strong></span> <span class='ocrx_word' id='word_1_542' title='bbox 917 3500 1165 3574; x_wconf 72' lang='grc' dir='ltr'>βασιλεία</span> <span class='ocrx_word' id='word_1_543' title='bbox 1192 3508 1293 3552; x_wconf 88' lang='grc' dir='ltr'>τῶν</span> <span class='ocrx_word' id='word_1_544' title='bbox 1325 3499 1571 3573; x_wconf 84' lang='grc' dir='ltr'>ούρανῶν.</span> <span class='ocrx_word' id='word_1_545' title='bbox 1602 3500 1696 3551; x_wconf 80' lang='grc' dir='ltr'>Ὧν</span> <span class='ocrx_word' id='word_1_546' title='bbox 1727 3501 1829 3573; x_wconf 73' lang='grc' dir='ltr'>’γὰρ</span> 
     </span>
    </p>
   </div>
   <div class='ocr_carea' id='block_1_70' title="bbox 210 3591 1831 3677">
    <p class='ocr_par' dir='ltr' id='par_1_70' title="bbox 210 3591 1831 3677">
     <span class='ocr_line' id='line_1_70' title="bbox 210 3591 1831 3677; baseline -0.004 -32"><span class='ocrx_word' id='word_1_547' title='bbox 210 3602 303 3645; x_wconf 76' lang='grc' dir='ltr'>νῦν</span> <span class='ocrx_word' id='word_1_548' title='bbox 326 3596 440 3663; x_wconf 83' lang='lat'>(99)</span> <span class='ocrx_word' id='word_1_549' title='bbox 462 3597 558 3655; x_wconf 82' lang='grc' dir='ltr'>τὰς</span> <span class='ocrx_word' id='word_1_550' title='bbox 591 3594 739 3653; x_wconf 79' lang='grc' dir='ltr'>σκιὰς</span> <span class='ocrx_word' id='word_1_551' title='bbox 766 3592 1021 3665; x_wconf 83' lang='grc' dir='ltr'>καθορνμε</span> <span class='ocrx_word' id='word_1_552' title='bbox 1050 3594 1113 3677; x_wconf 33' lang='grc' dir='ltr'>ωχς</span> <span class='ocrx_word' id='word_1_553' title='bbox 1140 3592 1187 3644; x_wconf 80' lang='grc' dir='ltr'>ἐν</span> <span class='ocrx_word' id='word_1_554' title='bbox 1246 3593 1571 3664; x_wconf 75' lang='grc' dir='ltr'>κατόπτρων,</span> <span class='ocrx_word' id='word_1_555' title='bbox 1595 3591 1831 3665; x_wconf 79' lang='grc' dir='ltr'>ὕστερον,</span> 
     </span>
    </p>
   </div>
   <div class='ocr_carea' id='block_1_71' title="bbox 217 3679 1834 3755">
    <p class='ocr_par' dir='ltr' id='par_1_71' title="bbox 217 3679 1834 3755">
     <span class='ocr_line' id='line_1_71' title="bbox 217 3679 1834 3755; baseline -0.002 -21"><span class='ocrx_word' id='word_1_556' title='bbox 217 3682 602 3755; x_wconf 67' lang='grc' dir='ltr'>ἀπαλλαγέντες</span> <span class='ocrx_word' id='word_1_557' title='bbox 682 3689 774 3734; x_wconf 90' lang='grc' dir='ltr'>τοῦ</span> <span class='ocrx_word' id='word_1_558' title='bbox 838 3679 1072 3754; x_wconf 68' lang='grc' dir='ltr'>γεώδους</span> <span class='ocrx_word' id='word_1_559' title='bbox 1140 3688 1379 3755; x_wconf 82' lang='grc' dir='ltr'>σώματος</span> <span class='ocrx_word' id='word_1_560' title='bbox 1443 3684 1673 3747; x_wconf 86' lang='grc' dir='ltr'>τούτου,</span> <span class='ocrx_word' id='word_1_561' title='bbox 1743 3696 1834 3743; x_wconf 71' lang='grc' dir='ltr'>καὶ</span> 
     </span>
    </p>
   </div>
   <div class='ocr_carea' id='block_1_72' title="bbox 215 3769 1835 3849">
    <p class='ocr_par' dir='ltr' id='par_1_72' title="bbox 215 3769 1835 3849">
     <span class='ocr_line' id='line_1_72' title="bbox 215 3769 1835 3849; baseline -0.002 -24"><span class='ocrx_word' id='word_1_562' title='bbox 215 3777 485 3849; x_wconf 60' lang='grc' dir='ltr'>ἄρθαρτον</span> <span class='ocrx_word' id='word_1_563' title='bbox 546 3769 954 3843; x_wconf 72' lang='grc' dir='ltr'>ἐπενδυσάμενοι</span> <span class='ocrx_word' id='word_1_564' title='bbox 1012 3776 1101 3824; x_wconf 83' lang='grc' dir='ltr'>καὶ</span> <span class='ocrx_word' id='word_1_565' title='bbox 1167 3770 1459 3838; x_wconf 79' lang='grc' dir='ltr'>ἀθάνατον,</span> <span class='ocrx_word' id='word_1_566' title='bbox 1524 3772 1716 3822; x_wconf 88' lang='grc' dir='ltr'>τούτων</span> <span class='ocrx_word' id='word_1_567' title='bbox 1770 3772 1835 3822; x_wconf 82' lang='grc' dir='ltr'>τὰ</span> 
     </span>
    </p>
   </div>
   <div class='ocr_carea' id='block_1_73' title="bbox 213 3857 1832 3939">
    <p class='ocr_par' dir='ltr' id='par_1_73' title="bbox 213 3857 1832 3939">
     <span class='ocr_line' id='line_1_73' title="bbox 213 3857 1832 3939; baseline -0.006 -21"><span class='ocrx_word' id='word_1_568' title='bbox 213 3865 504 3939; x_wconf 70' lang='grc' dir='ltr'>ἀρχέτυπα</span> <span class='ocrx_word' id='word_1_569' title='bbox 534 3861 893 3934; x_wconf 56' lang='grc' dir='ltr'>κατοψόμεθα.</span> <span class='ocrx_word' id='word_1_570' title='bbox 922 3860 1194 3933; x_wconf 65' lang='grc' dir='ltr'>Ὀψόμεθα</span> <span class='ocrx_word' id='word_1_571' title='bbox 1226 3857 1303 3928; x_wconf 75' lang='grc' dir='ltr'>ὃζε,</span> <span class='ocrx_word' id='word_1_572' title='bbox 1335 3862 1379 3912; x_wconf 82' lang='grc' dir='ltr'>εἴ</span> <span class='ocrx_word' id='word_1_573' title='bbox 1419 3878 1478 3931; x_wconf 73' lang='grc' dir='ltr'>γε</span> <span class='ocrx_word' id='word_1_574' title='bbox 1526 3879 1611 3912; x_wconf 91' lang='grc' dir='ltr'>τον</span> <span class='ocrx_word' id='word_1_575' title='bbox 1640 3858 1832 3912; x_wconf 80' lang='grc' dir='ltr'>ἑαυτῶν</span> 
     </span>
    </p>
   </div>
   <div class='ocr_carea' id='block_1_74' title="bbox 212 3947 1834 4027">
    <p class='ocr_par' dir='ltr' id='par_1_74' title="bbox 212 3947 1834 4027">
     <span class='ocr_line' id='line_1_74' title="bbox 212 3947 1834 4027; baseline -0.005 -20"><span class='ocrx_word' id='word_1_576' title='bbox 212 3954 337 4027; x_wconf 73' lang='grc' dir='ltr'>βίον</span> <span class='ocrx_word' id='word_1_577' title='bbox 368 3973 505 4027; x_wconf 83' lang='grc' dir='ltr'>προς</span> <span class='ocrx_word' id='word_1_578' title='bbox 558 3971 618 4003; x_wconf 91' lang='grc' dir='ltr'>το</span> <span class='ocrx_word' id='word_1_579' title='bbox 666 3951 810 4011; x_wconf 72' lang='grc' dir='ltr'>εύθὲς</span> <span class='ocrx_word' id='word_1_580' title='bbox 857 3948 1246 4025; x_wconf 67' lang='grc' dir='ltr'>κυϐερνοίημεν,</span> <span class='ocrx_word' id='word_1_581' title='bbox 1274 3954 1362 4000; x_wconf 77' lang='grc' dir='ltr'>καὶ</span> <span class='ocrx_word' id='word_1_582' title='bbox 1400 3957 1497 4009; x_wconf 80' lang='grc' dir='ltr'>τῆς</span> <span class='ocrx_word' id='word_1_583' title='bbox 1526 3947 1684 4021; x_wconf 78' lang='grc' dir='ltr'>ὀρθῆς</span> <span class='ocrx_word' id='word_1_584' title='bbox 1712 3953 1834 4000; x_wconf 84' lang='grc' dir='ltr'>πίσ-</span> 
     </span>
    </p>
   </div>
   <div class='ocr_carea' id='block_1_75' title="bbox 213 4032 1832 4115">
    <p class='ocr_par' dir='ltr' id='par_1_75' title="bbox 213 4032 1832 4115">
     <span class='ocr_line' id='line_1_75' title="bbox 213 4032 1832 4115; baseline -0.004 -20"><span class='ocrx_word' id='word_1_585' title='bbox 213 4064 347 4105; x_wconf 85' lang='grc' dir='ltr'>τεως</span> <span class='ocrx_word' id='word_1_586' title='bbox 380 4042 669 4115; x_wconf 78' lang='grc' dir='ltr'>ποιοίμεθα</span> <span class='ocrx_word' id='word_1_587' title='bbox 712 4032 974 4112; x_wconf 78' lang='grc' dir='ltr'>πρόνοιαν,</span> <span class='ocrx_word' id='word_1_588' title='bbox 1004 4036 1071 4089; x_wconf 83' lang='grc' dir='ltr'>ὧν</span> <span class='ocrx_word' id='word_1_589' title='bbox 1112 4042 1276 4112; x_wconf 82' lang='grc' dir='ltr'>χωρὶς</span> <span class='ocrx_word' id='word_1_590' title='bbox 1318 4034 1495 4099; x_wconf 70' lang='grc' dir='ltr'>οὐδεὶς</span> <span class='ocrx_word' id='word_1_591' title='bbox 1523 4036 1705 4108; x_wconf 63' lang='grc' dir='ltr'>ὄψεται</span> <span class='ocrx_word' id='word_1_592' title='bbox 1748 4057 1832 4089; x_wconf 92' lang='grc' dir='ltr'>τον</span> 
     </span>
    </p>
   </div>
   <div class='ocr_carea' id='block_1_76' title="bbox 211 4127 1833 4208">
    <p class='ocr_par' dir='ltr' id='par_1_76' title="bbox 211 4127 1833 4208">
     <span class='ocr_line' id='line_1_76' title="bbox 211 4127 1833 4208; baseline -0.004 -21"><span class='ocrx_word' id='word_1_593' title='bbox 211 4138 441 4208; x_wconf 71' lang='grc' dir='ltr'>Κύριον.</span> <span class='ocrx_word' id='word_1_594' title='bbox 490 4132 577 4192; x_wconf 81' lang='grc' dir='ltr'>Εἰς</span> <span class='ocrx_word' id='word_1_595' title='bbox 607 4133 707 4204; x_wconf 73' lang='grc' dir='ltr'>γὰρ</span> <span class='ocrx_word' id='word_1_596' title='bbox 739 4134 1055 4201; x_wconf 82' lang='grc' dir='ltr'>κακότεχνον</span> <span class='ocrx_word' id='word_1_597' title='bbox 1085 4128 1292 4200; x_wconf 68' lang='grc' dir='ltr'>ψυχὴν,</span> <span class='ocrx_word' id='word_1_598' title='bbox 1335 4133 1512 4200; x_wconf 71' lang='grc' dir='ltr'>φησὶν,</span> <span class='ocrx_word' id='word_1_599' title='bbox 1560 4128 1653 4180; x_wconf 85' lang='grc' dir='ltr'>ούκ</span> <span class='ocrx_word' id='word_1_600' title='bbox 1696 4127 1833 4181; x_wconf 85' lang='grc' dir='ltr'>εἰσε-</span> 
     </span>
    </p>
   </div>
   <div class='ocr_carea' id='block_1_77' title="bbox 208 4215 1833 4291">
    <p class='ocr_par' dir='ltr' id='par_1_77' title="bbox 208 4215 1833 4291">
     <span class='ocr_line' id='line_1_77' title="bbox 208 4215 1833 4291; baseline -0.005 -15"><span class='ocrx_word' id='word_1_601' title='bbox 208 4224 468 4276; x_wconf 80' lang='grc' dir='ltr'>λεύσεται</span> <span class='ocrx_word' id='word_1_602' title='bbox 498 4225 679 4291; x_wconf 65' lang='grc' dir='ltr'>σοφία,</span> <span class='ocrx_word' id='word_1_603' title='bbox 712 4215 836 4271; x_wconf 71' lang='grc' dir='ltr'>οῦδὲ</span> <span class='ocrx_word' id='word_1_604' title='bbox 884 4223 1189 4276; x_wconf 72' lang='grc' dir='ltr'>κατοικήσει</span> <span class='ocrx_word' id='word_1_605' title='bbox 1236 4216 1284 4269; x_wconf 84' lang='grc' dir='ltr'>ἐν</span> <span class='ocrx_word' id='word_1_606' title='bbox 1326 4222 1530 4291; x_wconf 87' lang='grc' dir='ltr'>σώματι</span> <span class='ocrx_word' id='word_1_607' title='bbox 1554 4221 1833 4289; x_wconf 78' lang='grc' dir='ltr'>καταχρέῳ</span> 
     </span>
    </p>
   </div>
   <div class='ocr_carea' id='block_1_78' title="bbox 212 4304 1835 4386">
    <p class='ocr_par' dir='ltr' id='par_1_78' title="bbox 212 4304 1835 4386">
     <span class='ocr_line' id='line_1_78' title="bbox 212 4304 1835 4386; baseline -0.003 -23"><span class='ocrx_word' id='word_1_608' title='bbox 212 4313 512 4386; x_wconf 73' lang='grc' dir='ltr'>ἁμαρτίας.</span> <span class='ocrx_word' id='word_1_609' title='bbox 572 4314 673 4362; x_wconf 81' lang='grc' dir='ltr'>Καὶ</span> <span class='ocrx_word' id='word_1_610' title='bbox 711 4304 897 4381; x_wconf 72' lang='grc' dir='ltr'>μηδεὶς</span> <span class='ocrx_word' id='word_1_611' title='bbox 943 4309 1270 4379; x_wconf 83' lang='grc' dir='ltr'>ύποκρουέτω</span> <span class='ocrx_word' id='word_1_612' title='bbox 1313 4306 1488 4377; x_wconf 73' lang='grc' dir='ltr'>λέγων,</span> <span class='ocrx_word' id='word_1_613' title='bbox 1532 4308 1631 4361; x_wconf 85' lang='grc' dir='ltr'>ὅτι.</span> <span class='ocrx_word' id='word_1_614' title='bbox 1662 4309 1739 4359; x_wconf 78' lang='grc' dir='ltr'>Τὰ</span> <span class='ocrx_word' id='word_1_615' title='bbox 1784 4306 1835 4358; x_wconf 83' lang='grc' dir='ltr'>ἐν</span> 
     </span>
    </p>
   </div>
   <div class='ocr_carea' id='block_1_79' title="bbox 1932 3136 3584 3213">
    <p class='ocr_par' dir='ltr' id='par_1_79' title="bbox 1932 3136 3584 3213">
     <span class='ocr_line' id='line_1_79' title="bbox 1932 3136 3584 3213; baseline 0.001 -17"><span class='ocrx_word' id='word_1_616' title='bbox 1932 3156 2069 3213; x_wconf 63' lang='lat' dir='ltr'>quas</span> <span class='ocrx_word' id='word_1_617' title='bbox 2119 3144 2257 3195; x_wconf 90' lang='lat' dir='ltr'>sunt</span> <span class='ocrx_word' id='word_1_618' title='bbox 2301 3136 2894 3210; x_wconf 86' lang='lat' dir='ltr'>contemplationem,</span> <span class='ocrx_word' id='word_1_619' title='bbox 2930 3154 3116 3210; x_wconf 87' lang='lat' dir='ltr'>quam</span> <span class='ocrx_word' id='word_1_620' title='bbox 3158 3140 3337 3196; x_wconf 88' lang='lat' dir='ltr'>etiam</span> <span class='ocrx_word' id='word_1_621' title='bbox 3367 3142 3584 3197; x_wconf 66' lang='lat' dir='ltr'>divinas</span> 
     </span>
    </p>
   </div>
   <div class='ocr_carea' id='block_1_80' title="bbox 1936 3227 3586 3300">
    <p class='ocr_par' dir='ltr' id='par_1_80' title="bbox 1936 3227 3586 3300">
     <span class='ocr_line' id='line_1_80' title="bbox 1936 3227 3586 3300; baseline 0.001 -15"><span class='ocrx_word' id='word_1_622' title='bbox 1936 3231 2251 3300; x_wconf 74' lang='lat' dir='ltr'>SCI‘lthI‘tB</span> <span class='ocrx_word' id='word_1_623' title='bbox 2306 3232 2525 3283; x_wconf 85' lang='lat' dir='ltr'>vocant</span> <span class='ocrx_word' id='word_1_624' title='bbox 2581 3227 3040 3283; x_wconf 84' lang='lat' dir='ltr'>beatitudinem.</span> <span class='ocrx_word' id='word_1_625' title='bbox 3097 3231 3365 3300; x_wconf 80' lang='lat' dir='ltr'>Regnum</span> <span class='ocrx_word' id='word_1_626' title='bbox 3431 3234 3586 3288; x_wconf 83' lang='lat' dir='ltr'>enim</span> 
     </span>
    </p>
   </div>
   <div class='ocr_carea' id='block_1_81' title="bbox 1936 3315 3587 3376">
    <p class='ocr_par' dir='ltr' id='par_1_81' title="bbox 1936 3315 3587 3376">
     <span class='ocr_line' id='line_1_81' title="bbox 1936 3315 3587 3376; baseline 0.001 -2"><span class='ocrx_word' id='word_1_627' title='bbox 1936 3319 2222 3374; x_wconf 68' lang='lat' dir='ltr'>caelorum</span> <span class='ocrx_word' id='word_1_628' title='bbox 2267 3317 2433 3372; x_wconf 76' lang='lat' dir='ltr'>intra</span> <span class='ocrx_word' id='word_1_629' title='bbox 2471 3330 2571 3370; x_wconf 86' lang='lat' dir='ltr'>vos</span> <span class='ocrx_word' id='word_1_630' title='bbox 2608 3316 2774 3371; x_wconf 65' lang='lat' dir='ltr'>est”.</span> <span class='ocrx_word' id='word_1_631' title='bbox 2825 3315 2992 3371; x_wconf 87' lang='lat' dir='ltr'>Circa</span> <span class='ocrx_word' id='word_1_632' title='bbox 3036 3316 3338 3373; x_wconf 88' lang='lat' dir='ltr'>internum</span> <span class='ocrx_word' id='word_1_633' title='bbox 3387 3324 3587 3376; x_wconf 87' lang='lat' dir='ltr'>autem</span> 
     </span>
    </p>
   </div>
   <div class='ocr_carea' id='block_1_82' title="bbox 1937 3404 3590 3478">
    <p class='ocr_par' dir='ltr' id='par_1_82' title="bbox 1937 3404 3590 3478">
     <span class='ocr_line' id='line_1_82' title="bbox 1937 3404 3590 3478; baseline 0.001 -15"><span class='ocrx_word' id='word_1_634' title='bbox 1937 3407 2248 3464; x_wconf 88' lang='lat' dir='ltr'>hominem</span> <span class='ocrx_word' id='word_1_635' title='bbox 2272 3405 2422 3461; x_wconf 88' lang='lat' dir='ltr'>nihil</span> <span class='ocrx_word' id='word_1_636' title='bbox 2450 3404 2614 3461; x_wconf 89' lang='lat' dir='ltr'>aliud</span> <span class='ocrx_word' id='word_1_637' title='bbox 2641 3420 2827 3476; x_wconf 89' lang='lat' dir='ltr'>quam</span> <span class='ocrx_word' id='word_1_638' title='bbox 2855 3407 3281 3478; x_wconf 89' lang='lat' dir='ltr'>contemplatio</span> <span class='ocrx_word' id='word_1_639' title='bbox 3302 3409 3590 3465; x_wconf 88' lang='lat' dir='ltr'>consistit.</span> 
     </span>
    </p>
   </div>
   <div class='ocr_carea' id='block_1_83' title="bbox 1942 3493 3593 3569">
    <p class='ocr_par' dir='ltr' id='par_1_83' title="bbox 1942 3493 3593 3569">
     <span class='ocr_line' id='line_1_83' title="bbox 1942 3493 3593 3569; baseline 0.001 -17"><span class='ocrx_word' id='word_1_640' title='bbox 1942 3497 2257 3569; x_wconf 79' lang='lat' dir='ltr'>Reliquum</span> <span class='ocrx_word' id='word_1_641' title='bbox 2303 3499 2394 3550; x_wconf 89' lang='lat' dir='ltr'>est</span> <span class='ocrx_word' id='word_1_642' title='bbox 2422 3493 2620 3563; x_wconf 87' lang='lat' dir='ltr'>igitur,</span> <span class='ocrx_word' id='word_1_643' title='bbox 2654 3498 2719 3549; x_wconf 84' lang='lat' dir='ltr'>ut</span> <span class='ocrx_word' id='word_1_644' title='bbox 2762 3495 3189 3567; x_wconf 86' lang='lat' dir='ltr'>contemplatio</span> <span class='ocrx_word' id='word_1_645' title='bbox 3219 3514 3474 3567; x_wconf 86' lang='lat' dir='ltr'>regnum</span> <span class='ocrx_word' id='word_1_646' title='bbox 3517 3499 3593 3555; x_wconf 91' lang='lat' dir='ltr'>sit</span> 
     </span>
    </p>
   </div>
   <div class='ocr_carea' id='block_1_84' title="bbox 1944 3584 3592 3650">
    <p class='ocr_par' dir='ltr' id='par_1_84' title="bbox 1944 3584 3592 3650">
     <span class='ocr_line' id='line_1_84' title="bbox 1944 3584 3592 3650; baseline 0.001 -7"><span class='ocrx_word' id='word_1_647' title='bbox 1944 3588 2255 3644; x_wconf 68' lang='lat' dir='ltr'>caelorum.</span> <span class='ocrx_word' id='word_1_648' title='bbox 2302 3587 2569 3650; x_wconf 85' lang='lat' dir='ltr'>Quorum</span> <span class='ocrx_word' id='word_1_649' title='bbox 2613 3584 2772 3639; x_wconf 90' lang='lat' dir='ltr'>enim</span> <span class='ocrx_word' id='word_1_650' title='bbox 2813 3599 2975 3640; x_wconf 92' lang='lat' dir='ltr'>nunc</span> <span class='ocrx_word' id='word_1_651' title='bbox 3020 3586 3268 3642; x_wconf 86' lang='lat' dir='ltr'>umbras</span> <span class='ocrx_word' id='word_1_652' title='bbox 3317 3588 3592 3644; x_wconf 89' lang='lat' dir='ltr'>videmus</span> 
     </span>
    </p>
   </div>
   <div class='ocr_carea' id='block_1_85' title="bbox 1942 3673 3593 3750">
    <p class='ocr_par' dir='ltr' id='par_1_85' title="bbox 1942 3673 3593 3750">
     <span class='ocr_line' id='line_1_85' title="bbox 1942 3673 3593 3750; baseline 0.001 -18"><span class='ocrx_word' id='word_1_653' title='bbox 1942 3677 2118 3750; x_wconf 90' lang='lat' dir='ltr'>quasi</span> <span class='ocrx_word' id='word_1_654' title='bbox 2146 3676 2206 3730; x_wconf 88' lang='lat' dir='ltr'>in</span> <span class='ocrx_word' id='word_1_655' title='bbox 2238 3673 2502 3747; x_wconf 87' lang='lat' dir='ltr'>speculo,</span> <span class='ocrx_word' id='word_1_656' title='bbox 2528 3673 2920 3745; x_wconf 89' lang='lat' dir='ltr'>postmodum</span> <span class='ocrx_word' id='word_1_657' title='bbox 2948 3678 3180 3730; x_wconf 91' lang='lat' dir='ltr'>terreno</span> <span class='ocrx_word' id='word_1_658' title='bbox 3206 3676 3322 3731; x_wconf 86' lang='lat' dir='ltr'>hoc</span> <span class='ocrx_word' id='word_1_659' title='bbox 3343 3692 3593 3748; x_wconf 88' lang='lat' dir='ltr'>corpore</span> 
     </span>
    </p>
   </div>
   <div class='ocr_carea' id='block_1_86' title="bbox 1941 3761 3592 3835">
    <p class='ocr_par' dir='ltr' id='par_1_86' title="bbox 1941 3761 3592 3835">
     <span class='ocr_line' id='line_1_86' title="bbox 1941 3761 3592 3835; baseline -0.001 -13"><span class='ocrx_word' id='word_1_660' title='bbox 1941 3766 2196 3832; x_wconf 89' lang='lat' dir='ltr'>liberati,</span> <span class='ocrx_word' id='word_1_661' title='bbox 2220 3769 2275 3820; x_wconf 90' lang='lat' dir='ltr'>et</span> <span class='ocrx_word' id='word_1_662' title='bbox 2301 3763 2649 3834; x_wconf 89' lang='lat' dir='ltr'>incorrupto</span> <span class='ocrx_word' id='word_1_663' title='bbox 2679 3778 2748 3817; x_wconf 88' lang='lat' dir='ltr'>ac</span> <span class='ocrx_word' id='word_1_664' title='bbox 2780 3761 3102 3818; x_wconf 89' lang='lat' dir='ltr'>immortali</span> <span class='ocrx_word' id='word_1_665' title='bbox 3129 3763 3343 3835; x_wconf 90' lang='lat' dir='ltr'>induti,</span> <span class='ocrx_word' id='word_1_666' title='bbox 3373 3765 3592 3821; x_wconf 89' lang='lat' dir='ltr'>horum</span> 
     </span>
    </p>
   </div>
   <div class='ocr_carea' id='block_1_87' title="bbox 1943 3852 3593 3927">
    <p class='ocr_par' dir='ltr' id='par_1_87' title="bbox 1943 3852 3593 3927">
     <span class='ocr_line' id='line_1_87' title="bbox 1943 3852 3593 3927; baseline -0.001 -15"><span class='ocrx_word' id='word_1_667' title='bbox 1943 3855 2275 3927; x_wconf 84' lang='lat' dir='ltr'>archetypa</span> <span class='ocrx_word' id='word_1_668' title='bbox 2311 3852 2678 3908; x_wconf 83' lang='lat' dir='ltr'>videbimus.</span> <span class='ocrx_word' id='word_1_669' title='bbox 2709 3854 3033 3907; x_wconf 87' lang='lat' dir='ltr'>Cernemus</span> <span class='ocrx_word' id='word_1_670' title='bbox 3066 3857 3291 3920; x_wconf 89' lang='lat' dir='ltr'>autem,</span> <span class='ocrx_word' id='word_1_671' title='bbox 3332 3854 3380 3909; x_wconf 91' lang='lat' dir='ltr'>si</span> <span class='ocrx_word' id='word_1_672' title='bbox 3409 3854 3593 3911; x_wconf 89' lang='lat' dir='ltr'>modo</span> 
     </span>
    </p>
   </div>
   <div class='ocr_carea' id='block_1_88' title="bbox 1942 3938 3595 4013">
    <p class='ocr_par' dir='ltr' id='par_1_88' title="bbox 1942 3938 3595 4013">
     <span class='ocr_line' id='line_1_88' title="bbox 1942 3938 3595 4013; baseline -0.001 -14"><span class='ocrx_word' id='word_1_673' title='bbox 1942 3945 2126 3999; x_wconf 88' lang='lat' dir='ltr'>vitam</span> <span class='ocrx_word' id='word_1_674' title='bbox 2152 3945 2425 3998; x_wconf 90' lang='lat' dir='ltr'>nostram</span> <span class='ocrx_word' id='word_1_675' title='bbox 2475 3940 2555 3995; x_wconf 89' lang='lat' dir='ltr'>ad</span> <span class='ocrx_word' id='word_1_676' title='bbox 2600 3939 2660 3994; x_wconf 91' lang='lat' dir='ltr'>id</span> <span class='ocrx_word' id='word_1_677' title='bbox 2709 3938 2876 4011; x_wconf 90' lang='lat' dir='ltr'>quod</span> <span class='ocrx_word' id='word_1_678' title='bbox 2905 3944 3136 3995; x_wconf 90' lang='lat' dir='ltr'>rectum</span> <span class='ocrx_word' id='word_1_679' title='bbox 3170 3946 3276 4013; x_wconf 90' lang='lat' dir='ltr'>est,</span> <span class='ocrx_word' id='word_1_680' title='bbox 3307 3943 3595 3999; x_wconf 82' lang='lat' dir='ltr'>direxeri-</span> 
     </span>
    </p>
   </div>
   <div class='ocr_carea' id='block_1_89' title="bbox 1946 4028 3595 4104">
    <p class='ocr_par' dir='ltr' id='par_1_89' title="bbox 1946 4028 3595 4104">
     <span class='ocr_line' id='line_1_89' title="bbox 1946 4028 3595 4104; baseline -0.001 -15"><span class='ocrx_word' id='word_1_681' title='bbox 1946 4050 2098 4102; x_wconf 89' lang='lat' dir='ltr'>mus,</span> <span class='ocrx_word' id='word_1_682' title='bbox 2132 4037 2311 4104; x_wconf 88' lang='lat' dir='ltr'>atque</span> <span class='ocrx_word' id='word_1_683' title='bbox 2363 4034 2526 4086; x_wconf 89' lang='lat' dir='ltr'>recta</span> <span class='ocrx_word' id='word_1_684' title='bbox 2572 4028 2725 4083; x_wconf 85' lang='lat' dir='ltr'>ﬁdes</span> <span class='ocrx_word' id='word_1_685' title='bbox 2777 4044 2937 4083; x_wconf 70' lang='lat' dir='ltr'>curae</span> <span class='ocrx_word' id='word_1_686' title='bbox 2981 4029 3159 4084; x_wconf 87' lang='lat' dir='ltr'>nobis</span> <span class='ocrx_word' id='word_1_687' title='bbox 3210 4030 3404 4098; x_wconf 88' lang='lat' dir='ltr'>fuerit,</span> <span class='ocrx_word' id='word_1_688' title='bbox 3467 4032 3595 4088; x_wconf 90' lang='lat' dir='ltr'>sine</span> 
     </span>
    </p>
   </div>
   <div class='ocr_carea' id='block_1_90' title="bbox 1942 4116 3597 4195">
    <p class='ocr_par' dir='ltr' id='par_1_90' title="bbox 1942 4116 3597 4195">
     <span class='ocr_line' id='line_1_90' title="bbox 1942 4116 3597 4195; baseline 0 -18"><span class='ocrx_word' id='word_1_689' title='bbox 1942 4122 2164 4195; x_wconf 89' lang='lat' dir='ltr'>quibus</span> <span class='ocrx_word' id='word_1_690' title='bbox 2186 4136 2366 4175; x_wconf 83' lang='lat' dir='ltr'>nemo</span> <span class='ocrx_word' id='word_1_691' title='bbox 2390 4118 2710 4174; x_wconf 89' lang='lat' dir='ltr'>Dominum</span> <span class='ocrx_word' id='word_1_692' title='bbox 2734 4116 3150 4173; x_wconf 85' lang='lat' dir='ltr'>videbit.Num</span> <span class='ocrx_word' id='word_1_693' title='bbox 3179 4122 3238 4175; x_wconf 86' lang='lat' dir='ltr'>in</span> <span class='ocrx_word' id='word_1_694' title='bbox 3264 4123 3597 4191; x_wconf 82' lang='lat' dir='ltr'>malignam</span> 
     </span>
    </p>
   </div>
   <div class='ocr_carea' id='block_1_91' title="bbox 1942 4207 3598 4281">
    <p class='ocr_par' dir='ltr' id='par_1_91' title="bbox 1942 4207 3598 4281">
     <span class='ocr_line' id='line_1_91' title="bbox 1942 4207 3598 4281; baseline -0.002 -12"><span class='ocrx_word' id='word_1_695' title='bbox 1942 4215 2229 4276; x_wconf 88' lang='lat' dir='ltr'>animam,</span> <span class='ocrx_word' id='word_1_696' title='bbox 2249 4209 2464 4280; x_wconf 86' lang='lat' dir='ltr'>inquit,</span> <span class='ocrx_word' id='word_1_697' title='bbox 2496 4223 2615 4262; x_wconf 88' lang='lat' dir='ltr'>non</span> <span class='ocrx_word' id='word_1_698' title='bbox 2645 4207 2917 4262; x_wconf 84' lang='lat' dir='ltr'>introibit</span> <span class='ocrx_word' id='word_1_699' title='bbox 2947 4211 3265 4277; x_wconf 80' lang='lat' dir='ltr'>sapientia,</span> <span class='ocrx_word' id='word_1_700' title='bbox 3286 4227 3473 4281; x_wconf 79' lang='lat' dir='ltr'>neque</span> <span class='ocrx_word' id='word_1_701' title='bbox 3494 4212 3598 4267; x_wconf 74' lang='lat' dir='ltr'>lia-</span> 
     </span>
    </p>
   </div>
   <div class='ocr_carea' id='block_1_92' title="bbox 1945 4295 3597 4366">
    <p class='ocr_par' dir='ltr' id='par_1_92' title="bbox 1945 4295 3597 4366">
     <span class='ocr_line' id='line_1_92' title="bbox 1945 4295 3597 4366; baseline -0.001 -9"><span class='ocrx_word' id='word_1_702' title='bbox 1945 4302 2157 4357; x_wconf 79' lang='lat' dir='ltr'>bitabit</span> <span class='ocrx_word' id='word_1_703' title='bbox 2188 4301 2247 4353; x_wconf 87' lang='lat' dir='ltr'>in</span> <span class='ocrx_word' id='word_1_704' title='bbox 2276 4311 2522 4366; x_wconf 78' lang='lat' dir='ltr'>corpore</span> <span class='ocrx_word' id='word_1_705' title='bbox 2540 4295 2794 4351; x_wconf 70' lang='lat' dir='ltr'>obnoxio</span> <span class='ocrx_word' id='word_1_706' title='bbox 2818 4299 3146 4365; x_wconf 64' lang='lat' dir='ltr'>peccato“.</span> <span class='ocrx_word' id='word_1_707' title='bbox 3180 4301 3364 4354; x_wconf 73' lang='lat' dir='ltr'>Nemo</span> <span class='ocrx_word' id='word_1_708' title='bbox 3396 4304 3597 4355; x_wconf 88' lang='lat' dir='ltr'>autem</span> 
     </span>
    </p>
   </div>
   <div class='ocr_carea' id='block_1_93' title="bbox 210 4384 1821 4490">
    <p class='ocr_par' dir='ltr' id='par_1_93' title="bbox 210 4394 1821 4472">
     <span class='ocr_line' id='line_1_93' title="bbox 210 4394 1821 4472; baseline -0.005 -17"><span class='ocrx_word' id='word_1_709' title='bbox 210 4408 378 4455; x_wconf 79' lang='grc' dir='ltr'>ποσὶν</span> <span class='ocrx_word' id='word_1_710' title='bbox 410 4400 620 4472; x_wconf 70' lang='grc' dir='ltr'>ἀγνοῶν</span> <span class='ocrx_word' id='word_1_711' title='bbox 651 4403 767 4471; x_wconf 83' lang='grc' dir='ltr'>περὶ</span> <span class='ocrx_word' id='word_1_712' title='bbox 797 4405 892 4459; x_wconf 77' lang='grc' dir='ltr'>τῆς</span> <span class='ocrx_word' id='word_1_713' title='bbox 918 4395 1201 4469; x_wconf 80' lang='grc' dir='ltr'>ἀσωμάτου</span> <span class='ocrx_word' id='word_1_714' title='bbox 1232 4400 1319 4447; x_wconf 79' lang='grc' dir='ltr'>καὶ</span> <span class='ocrx_word' id='word_1_715' title='bbox 1362 4397 1527 4454; x_wconf 79' lang='grc' dir='ltr'>πάντη</span> <span class='ocrx_word' id='word_1_716' title='bbox 1554 4401 1618 4459; x_wconf 79' lang='lat' dir='ltr'>tl)</span> <span class='ocrx_word' id='word_1_717' title='bbox 1649 4394 1821 4448; x_wconf 74' lang='grc' dir='ltr'>ἁνύλοι</span> 
     </span>
    </p>
   </div>
   <div class='ocr_carea' id='block_1_94' title="bbox 1929 4384 3599 4490">
    <p class='ocr_par' dir='ltr' id='par_1_94' title="bbox 1943 4384 3599 4458">
     <span class='ocr_line' id='line_1_94' title="bbox 1943 4384 3599 4458; baseline -0.002 -11"><span class='ocrx_word' id='word_1_718' title='bbox 1943 4390 2245 4454; x_wconf 80' lang='lat' dir='ltr'>reclamet,</span> <span class='ocrx_word' id='word_1_719' title='bbox 2301 4385 2508 4441; x_wconf 88' lang='lat' dir='ltr'>dicens</span> <span class='ocrx_word' id='word_1_720' title='bbox 2565 4401 2576 4438; x_wconf 92' lang='lat'><strong>:</strong></span> <span class='ocrx_word' id='word_1_721' title='bbox 2637 4384 2744 4449; x_wconf 87' lang='lat' dir='ltr'>Qui</span> <span class='ocrx_word' id='word_1_722' title='bbox 2790 4400 2885 4440; x_wconf 88' lang='lat' dir='ltr'>res</span> <span class='ocrx_word' id='word_1_723' title='bbox 2942 4390 3080 4440; x_wconf 88' lang='lat' dir='ltr'>ante</span> <span class='ocrx_word' id='word_1_724' title='bbox 3134 4387 3318 4457; x_wconf 89' lang='lat' dir='ltr'>pedes</span> <span class='ocrx_word' id='word_1_725' title='bbox 3371 4389 3599 4458; x_wconf 86' lang='lat' dir='ltr'>positas</span> 
     </span>
    </p>
   </div>
   <div class='ocr_carea' id='block_1_95' title="bbox 210 4487 1836 4561">
    <p class='ocr_par' dir='ltr' id='par_1_95' title="bbox 210 4487 1836 4561">
     <span class='ocr_line' id='line_1_95' title="bbox 210 4487 1836 4561; baseline -0.004 -18"><span class='ocrx_word' id='word_1_726' title='bbox 210 4492 404 4551; x_wconf 66' lang='grc' dir='ltr'>οὐσίας</span> <span class='ocrx_word' id='word_1_727' title='bbox 440 4492 571 4561; x_wconf 68' lang='grc' dir='ltr'>ἡμῖν</span> <span class='ocrx_word' id='word_1_728' title='bbox 602 4487 914 4559; x_wconf 64' lang='grc' dir='ltr'>φιλοσοφεῖς.</span> <span class='ocrx_word' id='word_1_729' title='bbox 953 4492 1053 4538; x_wconf 81' lang='grc' dir='ltr'>Καὶ</span> <span class='ocrx_word' id='word_1_730' title='bbox 1076 4488 1177 4558; x_wconf 75' lang='grc' dir='ltr'>γὰρ</span> <span class='ocrx_word' id='word_1_731' title='bbox 1210 4487 1403 4537; x_wconf 81' lang='grc' dir='ltr'>άτοπον</span> <span class='ocrx_word' id='word_1_732' title='bbox 1432 4490 1589 4559; x_wconf 90' lang='grc' dir='ltr'>κρίνω</span> <span class='ocrx_word' id='word_1_733' title='bbox 1620 4488 1708 4546; x_wconf 88' lang='grc' dir='ltr'>τάς</span> <span class='ocrx_word' id='word_1_734' title='bbox 1747 4488 1836 4557; x_wconf 66' lang='grc' dir='ltr'>μὲν</span> 
     </span>
    </p>
   </div>
   <div class='ocr_carea' id='block_1_96' title="bbox 214 4570 1836 4648">
    <p class='ocr_par' dir='ltr' id='par_1_96' title="bbox 214 4570 1836 4648">
     <span class='ocr_line' id='line_1_96' title="bbox 214 4570 1836 4648; baseline -0.004 -17"><span class='ocrx_word' id='word_1_735' title='bbox 214 4581 513 4639; x_wconf 74' lang='grc' dir='ltr'>αἰσθήσεις</span> <span class='ocrx_word' id='word_1_736' title='bbox 542 4578 629 4648; x_wconf 78' lang='grc' dir='ltr'>ἐᾲν</span> <span class='ocrx_word' id='word_1_737' title='bbox 670 4575 945 4636; x_wconf 76' lang='grc' dir='ltr'>ἀκωλύτως</span> <span class='ocrx_word' id='word_1_738' title='bbox 983 4584 1081 4626; x_wconf 87' lang='grc' dir='ltr'>τῶν</span> <span class='ocrx_word' id='word_1_739' title='bbox 1124 4570 1271 4626; x_wconf 80' lang='grc' dir='ltr'>ἰδίων</span> <span class='ocrx_word' id='word_1_740' title='bbox 1300 4573 1657 4645; x_wconf 76' lang='grc' dir='ltr'>ἐμπίπλασθαι</span> <span class='ocrx_word' id='word_1_741' title='bbox 1683 4574 1836 4645; x_wconf 84' lang='grc' dir='ltr'>ύλῶν,</span> 
     </span>
    </p>
   </div>
   <div class='ocr_carea' id='block_1_97' title="bbox 214 4662 1839 4739">
    <p class='ocr_par' dir='ltr' id='par_1_97' title="bbox 214 4662 1839 4739">
     <span class='ocr_line' id='line_1_97' title="bbox 214 4662 1839 4739; baseline -0.003 -18"><span class='ocrx_word' id='word_1_742' title='bbox 214 4690 302 4721; x_wconf 84' lang='grc' dir='ltr'>του</span> <span class='ocrx_word' id='word_1_743' title='bbox 346 4666 411 4721; x_wconf 71' lang='grc' dir='ltr'>δὲ</span> <span class='ocrx_word' id='word_1_744' title='bbox 443 4674 569 4719; x_wconf 85' lang='grc' dir='ltr'>νοῦν</span> <span class='ocrx_word' id='word_1_745' title='bbox 605 4666 755 4737; x_wconf 84' lang='grc' dir='ltr'>μόνον</span> <span class='ocrx_word' id='word_1_746' title='bbox 788 4666 1050 4739; x_wconf 74' lang='grc' dir='ltr'>εἵργεσθαι</span> <span class='ocrx_word' id='word_1_747' title='bbox 1089 4672 1179 4723; x_wconf 84' lang='grc' dir='ltr'>τῆς</span> <span class='ocrx_word' id='word_1_748' title='bbox 1228 4663 1422 4725; x_wconf 86' lang='grc' dir='ltr'>οἰκείας</span> <span class='ocrx_word' id='word_1_749' title='bbox 1451 4662 1725 4737; x_wconf 77' lang='grc' dir='ltr'>ἐνεργείας.</span> <span class='ocrx_word' id='word_1_750' title='bbox 1752 4671 1839 4724; x_wconf 88' lang='grc' dir='ltr'>Ὠς</span> 
     </span>
    </p>
   </div>
   <div class='ocr_carea' id='block_1_98' title="bbox 212 4753 1839 4834">
    <p class='ocr_par' dir='ltr' id='par_1_98' title="bbox 212 4753 1839 4834">
     <span class='ocr_line' id='line_1_98' title="bbox 212 4753 1839 4834; baseline -0.004 -24"><span class='ocrx_word' id='word_1_751' title='bbox 212 4762 320 4834; x_wconf 62' lang='grc' dir='ltr'>γὰρ</span> <span class='ocrx_word' id='word_1_752' title='bbox 345 4760 376 4817; x_wconf 70' lang='lat'>1&#39;:</span> <span class='ocrx_word' id='word_1_753' title='bbox 406 4758 670 4817; x_wconf 79' lang='grc' dir='ltr'>αἴσθησις</span> <span class='ocrx_word' id='word_1_754' title='bbox 696 4763 795 4806; x_wconf 88' lang='grc' dir='ltr'>τῶν</span> <span class='ocrx_word' id='word_1_755' title='bbox 823 4754 1110 4816; x_wconf 77' lang='grc' dir='ltr'>αἰσθητῶν,</span> <span class='ocrx_word' id='word_1_756' title='bbox 1135 4753 1298 4814; x_wconf 70' lang='grc' dir='ltr'>οὕτως</span> <span class='ocrx_word' id='word_1_757' title='bbox 1329 4754 1354 4805; x_wconf 86' lang='grc' dir='ltr'><strong><em>ὁ</em></strong></span> <span class='ocrx_word' id='word_1_758' title='bbox 1379 4760 1492 4813; x_wconf 91' lang='grc' dir='ltr'>νοῦς</span> <span class='ocrx_word' id='word_1_759' title='bbox 1518 4761 1615 4805; x_wconf 90' lang='grc' dir='ltr'>τῶν</span> <span class='ocrx_word' id='word_1_760' title='bbox 1644 4761 1839 4811; x_wconf 79' lang='grc' dir='ltr'>νοητῶν</span> 
     </span>
    </p>
   </div>
   <div class='ocr_carea' id='block_1_99' title="bbox 290 4907 814 4965">
    <p class='ocr_par' dir='ltr' id='par_1_99' title="bbox 290 4907 814 4965">
     <span class='ocr_line' id='line_1_99' title="bbox 290 4907 814 4965; baseline -0.015 2"><span class='ocrx_word' id='word_1_761' title='bbox 290 4913 338 4945; x_wconf 71' lang='grc'>⁸⁷</span> <span class='ocrx_word' id='word_1_762' title='bbox 375 4907 591 4965; x_wconf 71' lang='lat' dir='ltr'>Matth.</span> <span class='ocrx_word' id='word_1_763' title='bbox 624 4923 698 4963; x_wconf 82' lang='lat' dir='ltr'>Iv.</span> <span class='ocrx_word' id='word_1_764' title='bbox 730 4911 814 4961; x_wconf 79' lang='lat' dir='ltr'>lO.</span> 
     </span>
    </p>
   </div>
   <div class='ocr_carea' id='block_1_100' title="bbox 217 4978 1030 5054">
    <p class='ocr_par' dir='ltr' id='par_1_100' title="bbox 217 4978 1030 5054">
     <span class='ocr_line' id='line_1_100' title="bbox 217 4978 1030 5054; baseline -0.007 -17"><span class='ocrx_word' id='word_1_765' title='bbox 217 4998 291 5054; x_wconf 80' lang='grc' dir='ltr'>ιι,</span> <span class='ocrx_word' id='word_1_766' title='bbox 324 4987 415 5038; x_wconf 83' lang='grc'><strong>20.</strong></span> <span class='ocrx_word' id='word_1_767' title='bbox 503 4982 553 5014; x_wconf 79' lang='grc'>’³</span> <span class='ocrx_word' id='word_1_768' title='bbox 582 4978 784 5035; x_wconf 75' lang='lat' dir='ltr'>Matth.</span> <span class='ocrx_word' id='word_1_769' title='bbox 812 4992 912 5038; x_wconf 78' lang='lat' dir='ltr'>xu,</span> <span class='ocrx_word' id='word_1_770' title='bbox 942 4980 1030 5031; x_wconf 85' lang='lat'>28.</span> 
     </span>
    </p>
   </div>
   <div class='ocr_carea' id='block_1_101' title="bbox 911 4905 1534 5031">
    <p class='ocr_par' dir='ltr' id='par_1_101' title="bbox 911 4905 1534 5031">
     <span class='ocr_line' id='line_1_101' title="bbox 911 4905 1492 4972; baseline 0.002 -13"><span class='ocrx_word' id='word_1_771' title='bbox 911 4906 955 4939; x_wconf 77' lang='grc'>⁸⁸</span> <span class='ocrx_word' id='word_1_772' title='bbox 991 4905 1009 4959; x_wconf 83' lang='grc' dir='ltr'>Ι</span> <span class='ocrx_word' id='word_1_773' title='bbox 1042 4907 1169 4960; x_wconf 89' lang='lat' dir='ltr'>Cor.</span> <span class='ocrx_word' id='word_1_774' title='bbox 1196 4920 1256 4972; x_wconf 87' lang='grc' dir='ltr'>ιι,</span> <span class='ocrx_word' id='word_1_775' title='bbox 1295 4905 1374 4971; x_wconf 80' lang='grc'>10,</span> <span class='ocrx_word' id='word_1_776' title='bbox 1408 4908 1492 4960; x_wconf 78' lang='lat' dir='ltr'>tl.</span> 
     </span>
     <span class='ocr_line' id='line_1_102' title="bbox 911 4976 1534 5031; baseline 0.002 -2"><span class='ocrx_word' id='word_1_777' title='bbox 911 5019 912 5028; x_wconf 32' lang='grc' dir='ltr'>χ</span> <span class='ocrx_word' id='word_1_778' title='bbox 942 4980 1030 5031; x_wconf 88' lang='grc'><strong>28.</strong></span> <span class='ocrx_word' id='word_1_779' title='bbox 1109 4978 1157 5011; x_wconf 77' lang='grc'><strong>⁹⁴</strong></span> <span class='ocrx_word' id='word_1_780' title='bbox 1187 4976 1388 5031; x_wconf 85' lang='lat' dir='ltr'>Matth.</span> <span class='ocrx_word' id='word_1_781' title='bbox 1421 4992 1476 5031; x_wconf 81' lang='lat' dir='ltr'>v.</span> <span class='ocrx_word' id='word_1_782' title='bbox 1504 4978 1534 5030; x_wconf 91' lang='grc'><strong>8</strong></span> 
     </span>
    </p>
   </div>
   <div class='ocr_carea' id='block_1_102' title="bbox 1242 4992 1557 5043">
    <p class='ocr_par' dir='ltr' id='par_1_102' title="bbox 1242 4992 1557 5043">
     <span class='ocr_line' id='line_1_103' title="bbox 1242 4992 1557 5043; baseline -0.006 -11"><span class='ocrx_word' id='word_1_783' title='bbox 1242 4992 1388 5033; x_wconf 84' lang='lat' dir='ltr'>aun.</span> <span class='ocrx_word' id='word_1_784' title='bbox 1421 4992 1476 5043; x_wconf 62' lang='grc' dir='ltr'>Υ,</span> <span class='ocrx_word' id='word_1_785' title='bbox 1504 4992 1557 5030; x_wconf 80' lang='grc' dir='ltr'>δ.</span> 
     </span>
    </p>
   </div>
   <div class='ocr_carea' id='block_1_103' title="bbox 293 5126 1851 5202">
    <p class='ocr_par' dir='ltr' id='par_1_103' title="bbox 293 5126 1851 5202">
     <span class='ocr_line' id='line_1_104' title="bbox 293 5126 1851 5202; baseline -0.001 -19"><span class='ocrx_word' id='word_1_786' title='bbox 293 5134 410 5202; x_wconf 80' lang='grc'>(93)</span> <span class='ocrx_word' id='word_1_787' title='bbox 443 5131 510 5183; x_wconf 76' lang='grc' dir='ltr'><strong>Ὀ</strong></span> <span class='ocrx_word' id='word_1_788' title='bbox 556 5139 685 5190; x_wconf 86' lang='grc' dir='ltr'>Θεος</span> <span class='ocrx_word' id='word_1_789' title='bbox 734 5126 1066 5202; x_wconf 72' lang='grc' dir='ltr'>ὀνομάζεται.</span> <span class='ocrx_word' id='word_1_790' title='bbox 1110 5128 1228 5202; x_wconf 64' lang='grc' dir='ltr'>Ηρς</span> <span class='ocrx_word' id='word_1_791' title='bbox 1268 5143 1447 5202; x_wconf 83' lang='lat' dir='ltr'>voces</span> <span class='ocrx_word' id='word_1_792' title='bbox 1491 5130 1546 5182; x_wconf 92' lang='lat' dir='ltr'>et</span> <span class='ocrx_word' id='word_1_793' title='bbox 1580 5142 1715 5197; x_wconf 66' lang='lat' dir='ltr'>quae</span> <span class='ocrx_word' id='word_1_794' title='bbox 1763 5141 1851 5181; x_wconf 86' lang='lat' dir='ltr'>se-</span> 
     </span>
    </p>
   </div>
   <div class='ocr_carea' id='block_1_104' title="bbox 310 5186 1847 5274">
    <p class='ocr_par' dir='ltr' id='par_1_104' title="bbox 310 5186 1847 5274">
     <span class='ocr_line' id='line_1_105' title="bbox 310 5186 1847 5274; baseline -0.007 -13"><span class='ocrx_word' id='word_1_795' title='bbox 310 5186 508 5261; x_wconf 41' lang='lat' dir='ltr'>un’tur</span> <span class='ocrx_word' id='word_1_796' title='bbox 532 5186 729 5274; x_wconf 80' lang='lat' dir='ltr'>usque</span> <span class='ocrx_word' id='word_1_797' title='bbox 752 5186 830 5256; x_wconf 79' lang='lat' dir='ltr'>ad</span> <span class='ocrx_word' id='word_1_798' title='bbox 860 5186 923 5251; x_wconf 68' lang='grc' dir='ltr'>τό</span> <span class='ocrx_word' id='word_1_799' title='bbox 950 5196 1008 5274; x_wconf 66' lang='grc' dir='ltr'>δὲ</span> <span class='ocrx_word' id='word_1_800' title='bbox 1048 5195 1272 5274; x_wconf 52' lang='lat' dir='ltr'>Insigni</span> <span class='ocrx_word' id='word_1_801' title='bbox 1287 5199 1569 5254; x_wconf 90' lang='lat' dir='ltr'>addimus</span> <span class='ocrx_word' id='word_1_802' title='bbox 1600 5186 1672 5274; x_wconf 77' lang='lat' dir='ltr'>ex</span> <span class='ocrx_word' id='word_1_803' title='bbox 1699 5214 1847 5252; x_wconf 90' lang='lat' dir='ltr'>mss.</span> 
     </span>
    </p>
   </div>
   <div class='ocr_carea' id='block_1_105' title="bbox 220 5220 1851 5340">
    <p class='ocr_par' dir='ltr' id='par_1_105' title="bbox 220 5220 1851 5340">
     <span class='ocr_line' id='line_1_106' title="bbox 310 5220 1847 5274; baseline -0.007 -12"><span class='ocrx_word' id='word_1_804' title='bbox 310 5220 508 5261; x_wconf 79' lang='lat' dir='ltr'>untur</span> <span class='ocrx_word' id='word_1_805' title='bbox 532 5220 729 5274; x_wconf 90' lang='lat' dir='ltr'>usque</span> <span class='ocrx_word' id='word_1_806' title='bbox 752 5220 827 5256; x_wconf 86' lang='lat' dir='ltr'>au</span> <span class='ocrx_word' id='word_1_807' title='bbox 860 5220 919 5251; x_wconf 89' lang='grc' dir='ltr'>το</span> <span class='ocrx_word' id='word_1_808' title='bbox 950 5220 1008 5251; x_wconf 85' lang='grc' dir='ltr'>σε</span> <span class='ocrx_word' id='word_1_809' title='bbox 1048 5220 1258 5270; x_wconf 85' lang='grc' dir='ltr'>ιινευμα</span> <span class='ocrx_word' id='word_1_810' title='bbox 1287 5220 1569 5254; x_wconf 71' lang='grc' dir='ltr'>δααιωιιε</span> <span class='ocrx_word' id='word_1_811' title='bbox 1600 5220 1672 5251; x_wconf 70' lang='lat' dir='ltr'>ex</span> <span class='ocrx_word' id='word_1_812' title='bbox 1699 5220 1847 5252; x_wconf 83' lang='lat' dir='ltr'>mss.</span> 
     </span>
     <span class='ocr_line' id='line_1_107' title="bbox 220 5220 1851 5340; baseline -0.006 -8"><span class='ocrx_word' id='word_1_813' title='bbox 220 5220 522 5340; x_wconf 54' lang='lat' dir='ltr'>gi‘splicet</span> <span class='ocrx_word' id='word_1_814' title='bbox 560 5281 768 5329; x_wconf 80' lang='lat' dir='ltr'>autem</span> <span class='ocrx_word' id='word_1_815' title='bbox 800 5270 1164 5327; x_wconf 84' lang='lat' dir='ltr'>Combctisio</span> <span class='ocrx_word' id='word_1_816' title='bbox 1194 5272 1490 5337; x_wconf 80' lang='grc' dir='ltr'>τεθεικέναι,</span> <span class='ocrx_word' id='word_1_817' title='bbox 1538 5284 1609 5325; x_wconf 88' lang='lat' dir='ltr'>ac</span> <span class='ocrx_word' id='word_1_818' title='bbox 1654 5268 1851 5340; x_wconf 86' lang='lat' dir='ltr'>legere</span> 
     </span>
    </p>
   </div>
   <div class='ocr_carea' id='block_1_106' title="bbox 225 5348 876 5404">
    <p class='ocr_par' dir='ltr' id='par_1_106' title="bbox 225 5348 876 5404">
     <span class='ocr_line' id='line_1_108' title="bbox 225 5348 876 5404; baseline -0.02 1"><span class='ocrx_word' id='word_1_819' title='bbox 225 5348 441 5404; x_wconf 78' lang='lat' dir='ltr'>mallet</span> <span class='ocrx_word' id='word_1_820' title='bbox 474 5348 876 5404; x_wconf 79' lang='grc' dir='ltr'>τεθεωρηκέναι,</span> 
     </span>
    </p>
   </div>
   <div class='ocr_carea' id='block_1_107' title="bbox 292 5397 1851 5489">
    <p class='ocr_par' dir='ltr' id='par_1_107' title="bbox 292 5397 1851 5489">
     <span class='ocr_line' id='line_1_109' title="bbox 292 5397 1851 5489; baseline -0.01 -13"><span class='ocrx_word' id='word_1_821' title='bbox 292 5422 412 5489; x_wconf 64' lang='grc' dir='ltr'>ιρι)</span> <span class='ocrx_word' id='word_1_822' title='bbox 461 5423 569 5471; x_wconf 78' lang='grc' dir='ltr'>Καὶ</span> <span class='ocrx_word' id='word_1_823' title='bbox 623 5397 679 5489; x_wconf 18' lang='grc' dir='ltr'>ἐξ,</span> <span class='ocrx_word' id='word_1_824' title='bbox 707 5420 818 5489; x_wconf 32' lang='grc' dir='ltr'>καὶ-</span> <span class='ocrx_word' id='word_1_825' title='bbox 846 5410 1171 5489; x_wconf 36' lang='grc' dir='ltr'>ςῖειξιά-ηειαΔ</span> <span class='ocrx_word' id='word_1_826' title='bbox 1198 5429 1338 5489; x_wconf 87' lang='lat' dir='ltr'>mss.</span> <span class='ocrx_word' id='word_1_827' title='bbox 1374 5410 1525 5467; x_wconf 87' lang='lat' dir='ltr'>Editi</span> <span class='ocrx_word' id='word_1_828' title='bbox 1565 5415 1655 5463; x_wconf 83' lang='grc' dir='ltr'>καὶ</span> <span class='ocrx_word' id='word_1_829' title='bbox 1684 5406 1851 5481; x_wconf 78' lang='grc' dir='ltr'>δεξιά,</span> 
     </span>
    </p>
   </div>
   <div class='ocr_carea' id='block_1_108' title="bbox 229 5485 1262 5555">
    <p class='ocr_par' dir='ltr' id='par_1_108' title="bbox 229 5485 1262 5555">
     <span class='ocr_line' id='line_1_110' title="bbox 229 5485 1262 5555; baseline -0.008 -9"><span class='ocrx_word' id='word_1_830' title='bbox 229 5485 485 5546; x_wconf 82' lang='lat' dir='ltr'>omissis</span> <span class='ocrx_word' id='word_1_831' title='bbox 516 5493 610 5541; x_wconf 78' lang='grc' dir='ltr'>καὶ</span> <span class='ocrx_word' id='word_1_832' title='bbox 642 5487 705 5541; x_wconf 88' lang='grc' dir='ltr'>εἰ.</span> <span class='ocrx_word' id='word_1_833' title='bbox 740 5485 901 5555; x_wconf 83' lang='lat' dir='ltr'>(Vide</span> <span class='ocrx_word' id='word_1_834' title='bbox 925 5485 1262 5555; x_wconf 83' lang='lat' dir='ltr'>Addenda.)</span> 
     </span>
    </p>
   </div>
   <div class='ocr_carea' id='block_1_109' title="bbox 303 5551 1861 5634">
    <p class='ocr_par' dir='ltr' id='par_1_109' title="bbox 303 5551 1861 5634">
     <span class='ocr_line' id='line_1_111' title="bbox 303 5551 1861 5634; baseline -0.007 -15"><span class='ocrx_word' id='word_1_835' title='bbox 303 5565 420 5634; x_wconf 76' lang='lat'>(95)</span> <span class='ocrx_word' id='word_1_836' title='bbox 452 5551 853 5616; x_wconf 24' lang='lat' dir='ltr'>Toaauraulta</span> <span class='ocrx_word' id='word_1_837' title='bbox 884 5574 1031 5612; x_wconf 88' lang='lat' dir='ltr'>mss.</span> <span class='ocrx_word' id='word_1_838' title='bbox 1069 5573 1180 5628; x_wconf 92' lang='lat' dir='ltr'>pro</span> <span class='ocrx_word' id='word_1_839' title='bbox 1206 5551 1276 5613; x_wconf 70' lang='lat' dir='ltr'>eo</span> <span class='ocrx_word' id='word_1_840' title='bbox 1307 5554 1473 5629; x_wconf 85' lang='lat' dir='ltr'>quod</span> <span class='ocrx_word' id='word_1_841' title='bbox 1500 5558 1627 5611; x_wconf 86' lang='lat' dir='ltr'>erat</span> <span class='ocrx_word' id='word_1_842' title='bbox 1656 5553 1718 5610; x_wconf 91' lang='lat' dir='ltr'>in</span> <span class='ocrx_word' id='word_1_843' title='bbox 1740 5551 1861 5609; x_wconf 87' lang='lat' dir='ltr'>edi-</span> 
     </span>
    </p>
   </div>
   <div class='ocr_carea' id='block_1_110' title="bbox 530 5647 1150 5709">
    <p class='ocr_par' dir='ltr' id='par_1_110' title="bbox 530 5647 1150 5709">
     <span class='ocr_line' id='line_1_112' title="bbox 530 5647 1150 5709; baseline -0.008 -2"><span class='ocrx_word' id='word_1_844' title='bbox 530 5652 790 5709; x_wconf 74' lang='grc' dir='ltr'>ΡΑτιιοι..</span> <span class='ocrx_word' id='word_1_845' title='bbox 822 5648 922 5703; x_wconf 78' lang='lat' dir='ltr'>Gn.</span> <span class='ocrx_word' id='word_1_846' title='bbox 954 5647 1128 5703; x_wconf 85' lang='lat' dir='ltr'><strong>XXXII</strong></span> <span class='ocrx_word' id='word_1_847' title='bbox 1137 5688 1150 5702; x_wconf 95' lang='lat'>.</span> 
     </span>
    </p>
   </div>
   <div class='ocr_carea' id='block_1_111' title="bbox 1591 4902 2108 4974">
    <p class='ocr_par' dir='ltr' id='par_1_111' title="bbox 1591 4902 2108 4974">
     <span class='ocr_line' id='line_1_113' title="bbox 1591 4902 2108 4974; baseline -0.006 -17"><span class='ocrx_word' id='word_1_848' title='bbox 1591 4903 1636 4938; x_wconf 72' lang='grc'>⁸9</span> <span class='ocrx_word' id='word_1_849' title='bbox 1674 4902 1890 4974; x_wconf 88' lang='lat' dir='ltr'>Ephes.</span> <span class='ocrx_word' id='word_1_850' title='bbox 1916 4918 1992 4962; x_wconf 83' lang='lat' dir='ltr'>vi,</span> <span class='ocrx_word' id='word_1_851' title='bbox 2026 4905 2108 4956; x_wconf 82' lang='lat' dir='ltr'>l7.</span> 
     </span>
    </p>
   </div>
   <div class='ocr_carea' id='block_1_112' title="bbox 1635 4975 2136 5043">
    <p class='ocr_par' dir='ltr' id='par_1_112' title="bbox 1635 4975 2136 5043">
     <span class='ocr_line' id='line_1_114' title="bbox 1635 4975 2136 5043; baseline -0.01 -13"><span class='ocrx_word' id='word_1_852' title='bbox 1635 4977 1682 5009; x_wconf 68' lang='grc'>9⁵</span> <span class='ocrx_word' id='word_1_853' title='bbox 1716 4977 1853 5030; x_wconf 87' lang='lat' dir='ltr'>Luc.</span> <span class='ocrx_word' id='word_1_854' title='bbox 1876 4989 2016 5043; x_wconf 82' lang='lat' dir='ltr'>xvu,</span> <span class='ocrx_word' id='word_1_855' title='bbox 2048 4975 2136 5027; x_wconf 84' lang='grc'>21.</span> 
     </span>
    </p>
   </div>
   <div class='ocr_carea' id='block_1_113' title="bbox 1943 4475 3603 4551">
    <p class='ocr_par' dir='ltr' id='par_1_113' title="bbox 1943 4475 3603 4551">
     <span class='ocr_line' id='line_1_115' title="bbox 1943 4475 3603 4551; baseline -0.002 -14"><span class='ocrx_word' id='word_1_856' title='bbox 1943 4482 2211 4551; x_wconf 89' lang='lat' dir='ltr'>ignoras,</span> <span class='ocrx_word' id='word_1_857' title='bbox 2260 4476 2334 4530; x_wconf 90' lang='lat' dir='ltr'>de</span> <span class='ocrx_word' id='word_1_858' title='bbox 2391 4475 2741 4545; x_wconf 79' lang='lat' dir='ltr'>incorporea</span> <span class='ocrx_word' id='word_1_859' title='bbox 2805 4478 2861 4529; x_wconf 90' lang='lat' dir='ltr'>et</span> <span class='ocrx_word' id='word_1_860' title='bbox 2915 4490 3165 4545; x_wconf 85' lang='lat' dir='ltr'>prorsus</span> <span class='ocrx_word' id='word_1_861' title='bbox 3220 4476 3603 4534; x_wconf 86' lang='lat' dir='ltr'>immateriali</span> 
     </span>
    </p>
   </div>
   <div class='ocr_carea' id='block_1_114' title="bbox 1947 4563 3601 4637">
    <p class='ocr_par' dir='ltr' id='par_1_114' title="bbox 1947 4563 3601 4637">
     <span class='ocr_line' id='line_1_116' title="bbox 1947 4563 3601 4637; baseline -0.001 -11"><span class='ocrx_word' id='word_1_862' title='bbox 1947 4569 2203 4627; x_wconf 87' lang='lat' dir='ltr'>essentia</span> <span class='ocrx_word' id='word_1_863' title='bbox 2227 4566 2399 4622; x_wconf 90' lang='lat' dir='ltr'>nobis</span> <span class='ocrx_word' id='word_1_864' title='bbox 2426 4563 2894 4637; x_wconf 86' lang='lat' dir='ltr'>philosopharis.</span> <span class='ocrx_word' id='word_1_865' title='bbox 2911 4563 3061 4619; x_wconf 90' lang='lat' dir='ltr'>Illud</span> <span class='ocrx_word' id='word_1_866' title='bbox 3083 4564 3240 4619; x_wconf 90' lang='lat' dir='ltr'>enim</span> <span class='ocrx_word' id='word_1_867' title='bbox 3264 4566 3601 4624; x_wconf 87' lang='lat' dir='ltr'>absurdum</span> 
     </span>
    </p>
   </div>
   <div class='ocr_carea' id='block_1_115' title="bbox 1941 4653 3597 4732">
    <p class='ocr_par' dir='ltr' id='par_1_115' title="bbox 1941 4653 3597 4732">
     <span class='ocr_line' id='line_1_117' title="bbox 1941 4653 3597 4732; baseline -0.001 -17"><span class='ocrx_word' id='word_1_868' title='bbox 1941 4659 2172 4732; x_wconf 87' lang='lat' dir='ltr'>judico,</span> <span class='ocrx_word' id='word_1_869' title='bbox 2199 4662 2264 4712; x_wconf 89' lang='lat' dir='ltr'>ut</span> <span class='ocrx_word' id='word_1_870' title='bbox 2294 4670 2512 4710; x_wconf 90' lang='lat' dir='ltr'>sensus</span> <span class='ocrx_word' id='word_1_871' title='bbox 2533 4653 2781 4725; x_wconf 89' lang='lat' dir='ltr'>quidem</span> <span class='ocrx_word' id='word_1_872' title='bbox 2813 4653 3084 4708; x_wconf 85' lang='lat' dir='ltr'>sinamus</span> <span class='ocrx_word' id='word_1_873' title='bbox 3112 4653 3295 4709; x_wconf 90' lang='lat' dir='ltr'>libere</span> <span class='ocrx_word' id='word_1_874' title='bbox 3330 4658 3452 4712; x_wconf 90' lang='lat' dir='ltr'>suis</span> <span class='ocrx_word' id='word_1_875' title='bbox 3481 4674 3597 4730; x_wconf 89' lang='lat' dir='ltr'>op-</span> 
     </span>
    </p>
   </div>
   <div class='ocr_carea' id='block_1_116' title="bbox 1949 4742 3601 4823">
    <p class='ocr_par' dir='ltr' id='par_1_116' title="bbox 1949 4742 3601 4823">
     <span class='ocr_line' id='line_1_118' title="bbox 1949 4742 3601 4823; baseline -0.001 -18"><span class='ocrx_word' id='word_1_876' title='bbox 1949 4748 2097 4823; x_wconf 85' lang='lat' dir='ltr'>pleri</span> <span class='ocrx_word' id='word_1_877' title='bbox 2127 4744 2413 4811; x_wconf 86' lang='lat' dir='ltr'>materiis,</span> <span class='ocrx_word' id='word_1_878' title='bbox 2466 4759 2638 4799; x_wconf 91' lang='lat' dir='ltr'>mens</span> <span class='ocrx_word' id='word_1_879' title='bbox 2670 4758 2810 4799; x_wconf 89' lang='lat' dir='ltr'>vero</span> <span class='ocrx_word' id='word_1_880' title='bbox 2861 4742 2991 4799; x_wconf 86' lang='lat' dir='ltr'>sola</span> <span class='ocrx_word' id='word_1_881' title='bbox 3023 4759 3059 4799; x_wconf 88' lang='lat' dir='ltr'>a</span> <span class='ocrx_word' id='word_1_882' title='bbox 3098 4746 3341 4817; x_wconf 88' lang='lat' dir='ltr'>propria</span> <span class='ocrx_word' id='word_1_883' title='bbox 3389 4763 3601 4818; x_wconf 87' lang='lat' dir='ltr'>opera-</span> 
     </span>
    </p>
   </div>
   <div class='ocr_carea' id='block_1_117' title="bbox 2188 4894 3603 4961">
    <p class='ocr_par' dir='ltr' id='par_1_117' title="bbox 2188 4894 3603 4961">
     <span class='ocr_line' id='line_1_119' title="bbox 2188 4894 3603 4961; baseline 0.004 -11"><span class='ocrx_word' id='word_1_884' title='bbox 2188 4898 2235 4932; x_wconf 78' lang='lat'>9°</span> <span class='ocrx_word' id='word_1_885' title='bbox 2268 4894 2426 4951; x_wconf 88' lang='lat' dir='ltr'>Psal.</span> <span class='ocrx_word' id='word_1_886' title='bbox 2460 4910 2632 4961; x_wconf 81' lang='lat' dir='ltr'>cxvu,</span> <span class='ocrx_word' id='word_1_887' title='bbox 2670 4897 2756 4952; x_wconf 83' lang='lat' dir='ltr'>l6.</span> <span class='ocrx_word' id='word_1_888' title='bbox 2847 4895 2889 4929; x_wconf 77' lang='lat'>9&#39;</span> <span class='ocrx_word' id='word_1_889' title='bbox 2923 4895 3109 4951; x_wconf 82' lang='lat' dir='ltr'>Exod.</span> <span class='ocrx_word' id='word_1_890' title='bbox 3135 4913 3230 4961; x_wconf 88' lang='lat' dir='ltr'>xv,</span> <span class='ocrx_word' id='word_1_891' title='bbox 3254 4902 3307 4953; x_wconf 88' lang='lat'>6.</span> <span class='ocrx_word' id='word_1_892' title='bbox 3384 4900 3431 4933; x_wconf 70' lang='lat'>9’</span> <span class='ocrx_word' id='word_1_893' title='bbox 3464 4901 3603 4956; x_wconf 87' lang='lat' dir='ltr'>Luc.</span> 
     </span>
    </p>
   </div>
   <div class='ocr_carea' id='block_1_118' title="bbox 2215 4968 2585 5040">
    <p class='ocr_par' dir='ltr' id='par_1_118' title="bbox 2215 4968 2585 5040">
     <span class='ocr_line' id='line_1_120' title="bbox 2215 4968 2585 5040; baseline 0 -19"><span class='ocrx_word' id='word_1_894' title='bbox 2215 4969 2263 5004; x_wconf 72' lang='grc'>³⁸</span> <span class='ocrx_word' id='word_1_895' title='bbox 2291 4968 2429 5040; x_wconf 90' lang='lat' dir='ltr'>Sap.</span> <span class='ocrx_word' id='word_1_896' title='bbox 2462 4984 2499 5036; x_wconf 92' lang='grc' dir='ltr'>ι,</span> <span class='ocrx_word' id='word_1_897' title='bbox 2526 4969 2585 5021; x_wconf 80' lang='grc'><strong>4.</strong></span> 
     </span>
    </p>
   </div>
   <div class='ocr_carea' id='block_1_119' title="bbox 2847 4895 3307 4967">
    <p class='ocr_par' dir='ltr' id='par_1_119' title="bbox 2847 4895 3307 4967">
     <span class='ocr_line' id='line_1_121' title="bbox 2847 4895 3307 4967; baseline 0.009 -18"><span class='ocrx_word' id='word_1_898' title='bbox 2847 4895 2889 4929; x_wconf 81' lang='grc'><strong>⁹¹</strong></span> <span class='ocrx_word' id='word_1_899' title='bbox 2923 4895 3109 4951; x_wconf 90' lang='lat' dir='ltr'>Exod.</span> <span class='ocrx_word' id='word_1_900' title='bbox 3135 4913 3230 4967; x_wconf 88' lang='lat' dir='ltr'>xv,</span> <span class='ocrx_word' id='word_1_901' title='bbox 3254 4902 3307 4953; x_wconf 88' lang='lat'><strong>6.</strong></span> 
     </span>
    </p>
   </div>
   <div class='ocr_carea' id='block_1_120' title="bbox 1960 5116 3607 5195">
    <p class='ocr_par' dir='ltr' id='par_1_120' title="bbox 1960 5116 3607 5195">
     <span class='ocr_line' id='line_1_122' title="bbox 1960 5116 3607 5195; baseline -0.001 -15"><span class='ocrx_word' id='word_1_902' title='bbox 1960 5123 2031 5180; x_wconf 87' lang='lat' dir='ltr'>tis</span> <span class='ocrx_word' id='word_1_903' title='bbox 2056 5140 2293 5175; x_wconf 84' lang='grc' dir='ltr'>τοιαυτα.</span> <span class='ocrx_word' id='word_1_904' title='bbox 2327 5122 2455 5176; x_wconf 86' lang='lat' dir='ltr'>Non</span> <span class='ocrx_word' id='word_1_905' title='bbox 2484 5116 2674 5173; x_wconf 89' lang='lat' dir='ltr'>multo</span> <span class='ocrx_word' id='word_1_906' title='bbox 2704 5121 2844 5190; x_wconf 91' lang='lat' dir='ltr'>post</span> <span class='ocrx_word' id='word_1_907' title='bbox 2868 5117 3010 5175; x_wconf 89' lang='lat' dir='ltr'>editi</span> <span class='ocrx_word' id='word_1_908' title='bbox 3034 5124 3258 5195; x_wconf 84' lang='grc' dir='ltr'>σπέρμα.</span> <span class='ocrx_word' id='word_1_909' title='bbox 3288 5124 3421 5178; x_wconf 76' lang='lat' dir='ltr'>MSS.</span> <span class='ocrx_word' id='word_1_910' title='bbox 3456 5124 3521 5177; x_wconf 90' lang='lat' dir='ltr'>ut</span> <span class='ocrx_word' id='word_1_911' title='bbox 3548 5121 3607 5179; x_wconf 88' lang='lat' dir='ltr'>in</span> 
     </span>
    </p>
   </div>
   <div class='ocr_carea' id='block_1_121' title="bbox 1960 5200 2148 5252">
    <p class='ocr_par' dir='ltr' id='par_1_121' title="bbox 1960 5200 2148 5252">
     <span class='ocr_line' id='line_1_123' title="bbox 1960 5200 2148 5252; baseline -0.016 0"><span class='ocrx_word' id='word_1_912' title='bbox 1960 5200 2119 5252; x_wconf 87' lang='lat' dir='ltr'>textu</span> <span class='ocrx_word' id='word_1_913' title='bbox 2134 5236 2148 5249; x_wconf 95' lang='lat'>.</span> 
     </span>
    </p>
   </div>
   <div class='ocr_carea' id='block_1_122' title="bbox 2028 5260 2709 5337">
    <p class='ocr_par' dir='ltr' id='par_1_122' title="bbox 2028 5260 2709 5337">
     <span class='ocr_line' id='line_1_124' title="bbox 2028 5260 2709 5337; baseline -0.003 -16"><span class='ocrx_word' id='word_1_914' title='bbox 2028 5270 2141 5337; x_wconf 85' lang='lat'>(96)</span> <span class='ocrx_word' id='word_1_915' title='bbox 2174 5262 2340 5333; x_wconf 88' lang='lat' dir='ltr'>(Vide</span> <span class='ocrx_word' id='word_1_916' title='bbox 2368 5260 2709 5337; x_wconf 72' lang='lat' dir='ltr'>Addenda.)</span> 
     </span>
    </p>
   </div>
   <div class='ocr_carea' id='block_1_123' title="bbox 2035 5333 3431 5407">
    <p class='ocr_par' dir='ltr' id='par_1_123' title="bbox 2035 5333 3431 5407">
     <span class='ocr_line' id='line_1_125' title="bbox 2035 5333 3431 5407; baseline -0.004 -12"><span class='ocrx_word' id='word_1_917' title='bbox 2035 5333 2146 5407; x_wconf 68' lang='lat'>(97)</span> <span class='ocrx_word' id='word_1_918' title='bbox 2182 5338 2307 5407; x_wconf 80' lang='grc' dir='ltr'>Γὰρ,</span> <span class='ocrx_word' id='word_1_919' title='bbox 2341 5338 2523 5405; x_wconf 79' lang='grc' dir='ltr'>φησίν.</span> <span class='ocrx_word' id='word_1_920' title='bbox 2568 5333 2785 5389; x_wconf 86' lang='lat' dir='ltr'>Ultima</span> <span class='ocrx_word' id='word_1_921' title='bbox 2813 5349 2931 5389; x_wconf 83' lang='lat' dir='ltr'>vox</span> <span class='ocrx_word' id='word_1_922' title='bbox 2956 5334 3163 5391; x_wconf 89' lang='lat' dir='ltr'>addita</span> <span class='ocrx_word' id='word_1_923' title='bbox 3194 5352 3264 5392; x_wconf 87' lang='lat' dir='ltr'>ex</span> <span class='ocrx_word' id='word_1_924' title='bbox 3288 5353 3431 5392; x_wconf 89' lang='lat' dir='ltr'>mss.</span> 
     </span>
    </p>
   </div>
   <div class='ocr_carea' id='block_1_124' title="bbox 2038 5404 3269 5478">
    <p class='ocr_par' dir='ltr' id='par_1_124' title="bbox 2038 5404 3269 5478">
     <span class='ocr_line' id='line_1_126' title="bbox 2038 5404 3269 5478; baseline 0.012 -28"><span class='ocrx_word' id='word_1_925' title='bbox 2038 5404 2149 5478; x_wconf 64' lang='lat'>(93&#39;;</span> <span class='ocrx_word' id='word_1_926' title='bbox 2179 5404 2467 5478; x_wconf 78' lang='grc' dir='ltr'>Νομίσητε.</span> <span class='ocrx_word' id='word_1_927' title='bbox 2500 5408 2583 5459; x_wconf 87' lang='lat' dir='ltr'>Ita</span> <span class='ocrx_word' id='word_1_928' title='bbox 2610 5421 2757 5478; x_wconf 84' lang='lat' dir='ltr'>mss.</span> <span class='ocrx_word' id='word_1_929' title='bbox 2796 5407 2943 5460; x_wconf 85' lang='lat' dir='ltr'>Editi</span> <span class='ocrx_word' id='word_1_930' title='bbox 2965 5412 3269 5478; x_wconf 72' lang='grc' dir='ltr'>νομίσηται.</span> 
     </span>
    </p>
   </div>
   <div class='ocr_carea' id='block_1_125' title="bbox 2042 5476 3541 5550">
    <p class='ocr_par' dir='ltr' id='par_1_125' title="bbox 2042 5476 3541 5550">
     <span class='ocr_line' id='line_1_127' title="bbox 2042 5476 3541 5550; baseline 0.001 -17"><span class='ocrx_word' id='word_1_931' title='bbox 2042 5476 2152 5550; x_wconf 73' lang='lat'>(99)</span> <span class='ocrx_word' id='word_1_932' title='bbox 2183 5476 2277 5530; x_wconf 68' lang='grc' dir='ltr'>Ὧν</span> <span class='ocrx_word' id='word_1_933' title='bbox 2305 5482 2403 5550; x_wconf 69' lang='grc' dir='ltr'>’γὰρ</span> <span class='ocrx_word' id='word_1_934' title='bbox 2435 5496 2540 5530; x_wconf 82' lang='grc' dir='ltr'>νυν.</span> <span class='ocrx_word' id='word_1_935' title='bbox 2576 5476 2789 5550; x_wconf 70' lang='lat' dir='ltr'>Ultima</span> <span class='ocrx_word' id='word_1_936' title='bbox 2813 5476 3029 5550; x_wconf 80' lang='lat' dir='ltr'>vocula</span> <span class='ocrx_word' id='word_1_937' title='bbox 3049 5494 3118 5533; x_wconf 85' lang='lat' dir='ltr'>ex</span> <span class='ocrx_word' id='word_1_938' title='bbox 3144 5496 3290 5533; x_wconf 87' lang='lat' dir='ltr'>mss.</span> <span class='ocrx_word' id='word_1_939' title='bbox 3316 5478 3541 5535; x_wconf 88' lang='lat' dir='ltr'>addita.</span> 
     </span>
    </p>
   </div>
   <div class='ocr_carea' id='block_1_126' title="bbox 2038 5546 3043 5618">
    <p class='ocr_par' dir='ltr' id='par_1_126' title="bbox 2038 5546 3043 5618">
     <span class='ocr_line' id='line_1_128' title="bbox 2038 5546 3043 5618; baseline -0.007 -12"><span class='ocrx_word' id='word_1_940' title='bbox 2038 5548 2116 5618; x_wconf 76' lang='grc'>(1)</span> <span class='ocrx_word' id='word_1_941' title='bbox 2137 5546 2345 5607; x_wconf 48' lang='grc' dir='ltr'>’Πάντῂ</span> <span class='ocrx_word' id='word_1_942' title='bbox 2375 5546 2465 5604; x_wconf 81' lang='lat' dir='ltr'>Ita</span> <span class='ocrx_word' id='word_1_943' title='bbox 2494 5563 2642 5603; x_wconf 89' lang='lat' dir='ltr'>mss.</span> <span class='ocrx_word' id='word_1_944' title='bbox 2675 5546 2826 5603; x_wconf 76' lang='lat' dir='ltr'>Editt</span> <span class='ocrx_word' id='word_1_945' title='bbox 2856 5549 3043 5599; x_wconf 81' lang='grc' dir='ltr'>πάντα.</span> 
     </span>
    </p>
   </div>
   <div class='ocr_carea' id='block_1_127' title="bbox 3319 5647 3349 5698">
    <p class='ocr_par' dir='ltr' id='par_1_127' title="bbox 3319 5647 3349 5698">
     <span class='ocr_line' id='line_1_129' title="bbox 3319 5647 3349 5698; baseline 0 0"><span class='ocrx_word' id='word_1_946' title='bbox 3319 5647 3349 5698; x_wconf 87' lang='grc'>9</span> 
     </span>
    </p>
   </div>
  </div>
