  <div class='ocr_page' id='page_1' title='image "/cluster/home/n/w/nwhite01/storage/ocr_20150623/32/hvd.32044048207401/139.png"; bbox 0 0 4070 6194; ppageno 0'>
   <div class='ocr_carea' id='block_1_1' title="bbox 482 246 3844 325">
    <p class='ocr_par' dir='ltr' id='par_1_1' title="bbox 482 246 3844 325">
     <span class='ocr_line' id='line_1_1' title="bbox 482 246 3844 325; baseline -0.004 -15"><span class='ocrx_word' id='word_1_1' title='bbox 482 267 586 325; x_wconf 68' lang='grc' dir='ltr'>εστ</span> <span class='ocrx_word' id='word_1_2' title='bbox 1865 249 1923 303; x_wconf 91' lang='lat' dir='ltr'>s.</span> <span class='ocrx_word' id='word_1_3' title='bbox 1964 246 2219 303; x_wconf 81' lang='lat' dir='ltr'>BASILII</span> <span class='ocrx_word' id='word_1_4' title='bbox 2256 246 2477 303; x_wconf 77' lang='lat' dir='ltr'>MAGNI</span> <span class='ocrx_word' id='word_1_5' title='bbox 3738 255 3844 309; x_wconf 57' lang='grc' dir='ltr'>ηδε</span> 
     </span>
    </p>
   </div>
   <div class='ocr_carea' id='block_1_2' title="bbox 482 366 2089 448">
    <p class='ocr_par' dir='ltr' id='par_1_2' title="bbox 482 370 2089 448">
     <span class='ocr_line' id='line_1_2' title="bbox 482 370 2089 448; baseline -0.014 1"><span class='ocrx_word' id='word_1_6' title='bbox 482 393 641 448; x_wconf 88' lang='lat' dir='ltr'>tione</span> <span class='ocrx_word' id='word_1_7' title='bbox 687 388 983 446; x_wconf 81' lang='lat' dir='ltr'>arceatur.</span> <span class='ocrx_word' id='word_1_8' title='bbox 1040 385 1113 440; x_wconf 89' lang='lat' dir='ltr'>Ut</span> <span class='ocrx_word' id='word_1_9' title='bbox 1161 380 1322 437; x_wconf 89' lang='lat' dir='ltr'>enim</span> <span class='ocrx_word' id='word_1_10' title='bbox 1381 394 1595 436; x_wconf 86' lang='lat' dir='ltr'>sensus</span> <span class='ocrx_word' id='word_1_11' title='bbox 1645 372 1955 432; x_wconf 86' lang='lat' dir='ltr'>sensibilia</span> <span class='ocrx_word' id='word_1_12' title='bbox 1984 415 1998 441; x_wconf 94' lang='lat'>,</span> <span class='ocrx_word' id='word_1_13' title='bbox 2058 370 2089 426; x_wconf 80' lang='lat' dir='ltr'>it</span> 
     </span>
    </p>
   </div>
   <div class='ocr_carea' id='block_1_3' title="bbox 2241 366 3848 448">
    <p class='ocr_par' dir='ltr' id='par_1_3' title="bbox 2250 366 3848 445">
     <span class='ocr_line' id='line_1_3' title="bbox 2250 366 3848 445; baseline 0.006 -23"><span class='ocrx_word' id='word_1_14' title='bbox 2250 369 2483 434; x_wconf 73' lang='grc' dir='ltr'>ἐπίϐολός</span> <span class='ocrx_word' id='word_1_15' title='bbox 2530 370 2691 425; x_wconf 74' lang='grc' dir='ltr'>ἔστιν.</span> <span class='ocrx_word' id='word_1_16' title='bbox 2738 370 2882 443; x_wconf 82' lang='grc' dir='ltr'>Ἀμα</span> <span class='ocrx_word' id='word_1_17' title='bbox 2927 366 2986 422; x_wconf 73' lang='grc' dir='ltr'>δε</span> <span class='ocrx_word' id='word_1_18' title='bbox 3049 373 3139 422; x_wconf 82' lang='grc' dir='ltr'>καὶ</span> <span class='ocrx_word' id='word_1_19' title='bbox 3185 377 3339 422; x_wconf 84' lang='grc' dir='ltr'>τοῦτο</span> <span class='ocrx_word' id='word_1_20' title='bbox 3388 369 3603 445; x_wconf 74' lang='grc' dir='ltr'>λεκτέον,</span> <span class='ocrx_word' id='word_1_21' title='bbox 3660 377 3738 428; x_wconf 88' lang='grc' dir='ltr'>ὅτι</span> <span class='ocrx_word' id='word_1_22' title='bbox 3780 382 3848 431; x_wconf 81' lang='grc' dir='ltr'>τὰ</span> 
     </span>
    </p>
   </div>
   <div class='ocr_carea' id='block_1_4' title="bbox 481 457 2088 543">
    <p class='ocr_par' dir='ltr' id='par_1_4' title="bbox 481 461 2088 543">
     <span class='ocr_line' id='line_1_4' title="bbox 481 461 2088 543; baseline -0.014 -6"><span class='ocrx_word' id='word_1_23' title='bbox 481 495 655 538; x_wconf 89' lang='lat' dir='ltr'>mens</span> <span class='ocrx_word' id='word_1_24' title='bbox 704 473 1101 543; x_wconf 88' lang='lat' dir='ltr'>intelligibilia</span> <span class='ocrx_word' id='word_1_25' title='bbox 1158 470 1415 538; x_wconf 87' lang='lat' dir='ltr'>attingit.</span> <span class='ocrx_word' id='word_1_26' title='bbox 1455 466 1642 524; x_wconf 86' lang='lat' dir='ltr'>Simul</span> <span class='ocrx_word' id='word_1_27' title='bbox 1695 470 1900 520; x_wconf 91' lang='lat' dir='ltr'>autem</span> <span class='ocrx_word' id='word_1_28' title='bbox 1940 468 1996 517; x_wconf 90' lang='lat' dir='ltr'>et</span> <span class='ocrx_word' id='word_1_29' title='bbox 2023 461 2088 516; x_wconf 82' lang='lat' dir='ltr'>hc</span> 
     </span>
    </p>
   </div>
   <div class='ocr_carea' id='block_1_5' title="bbox 2242 457 3849 543">
    <p class='ocr_par' dir='ltr' id='par_1_5' title="bbox 2250 457 3849 543">
     <span class='ocr_line' id='line_1_5' title="bbox 2250 457 3849 543; baseline 0.002 -30"><span class='ocrx_word' id='word_1_30' title='bbox 2250 464 2449 532; x_wconf 80' lang='grc' dir='ltr'>φυσικὰ</span> <span class='ocrx_word' id='word_1_31' title='bbox 2475 467 2725 536; x_wconf 75' lang='grc' dir='ltr'>κριτήρια</span> <span class='ocrx_word' id='word_1_32' title='bbox 2770 457 3041 513; x_wconf 81' lang='grc' dir='ltr'>ἀδίδακτα</span> <span class='ocrx_word' id='word_1_33' title='bbox 3085 464 3362 543; x_wconf 72' lang='grc' dir='ltr'>πεποίηκεν</span> <span class='ocrx_word' id='word_1_34' title='bbox 3408 463 3433 512; x_wconf 89' lang='grc' dir='ltr'>ό</span> <span class='ocrx_word' id='word_1_35' title='bbox 3481 468 3668 527; x_wconf 81' lang='grc' dir='ltr'>κτίσας</span> <span class='ocrx_word' id='word_1_36' title='bbox 3711 468 3849 539; x_wconf 77' lang='grc' dir='ltr'>ἡμᾶς</span> 
     </span>
    </p>
   </div>
   <div class='ocr_carea' id='block_1_6' title="bbox 482 546 2089 632">
    <p class='ocr_par' dir='ltr' id='par_1_6' title="bbox 482 550 2089 632">
     <span class='ocr_line' id='line_1_6' title="bbox 482 550 2089 632; baseline -0.013 -7"><span class='ocrx_word' id='word_1_37' title='bbox 482 566 831 632; x_wconf 90' lang='lat' dir='ltr'>dicendum,</span> <span class='ocrx_word' id='word_1_38' title='bbox 862 560 1160 618; x_wconf 77' lang='lat' dir='ltr'>naturalia</span> <span class='ocrx_word' id='word_1_39' title='bbox 1204 558 1435 630; x_wconf 88' lang='lat' dir='ltr'>judicia</span> <span class='ocrx_word' id='word_1_40' title='bbox 1482 553 1832 612; x_wconf 83' lang='lat' dir='ltr'>documenti</span> <span class='ocrx_word' id='word_1_41' title='bbox 1873 550 2089 622; x_wconf 75' lang='lat' dir='ltr'>experti</span> 
     </span>
    </p>
   </div>
   <div class='ocr_carea' id='block_1_7' title="bbox 2235 546 3842 632">
    <p class='ocr_par' dir='ltr' id='par_1_7' title="bbox 2251 546 3842 626">
     <span class='ocr_line' id='line_1_7' title="bbox 2251 546 3842 626; baseline 0.004 -24"><span class='ocrx_word' id='word_1_42' title='bbox 2251 554 2397 611; x_wconf 82' lang='grc' dir='ltr'>Θεὸς.</span> <span class='ocrx_word' id='word_1_43' title='bbox 2454 547 2641 611; x_wconf 83' lang='grc' dir='ltr'>Ούδεις</span> <span class='ocrx_word' id='word_1_44' title='bbox 2694 553 2793 625; x_wconf 81' lang='grc' dir='ltr'>γὰρ</span> <span class='ocrx_word' id='word_1_45' title='bbox 2853 546 3104 602; x_wconf 77' lang='grc' dir='ltr'>διδάσκει</span> <span class='ocrx_word' id='word_1_46' title='bbox 3157 552 3245 610; x_wconf 83' lang='grc' dir='ltr'>τὰς</span> <span class='ocrx_word' id='word_1_47' title='bbox 3294 549 3434 621; x_wconf 74' lang='grc' dir='ltr'>ὄψεις</span> <span class='ocrx_word' id='word_1_48' title='bbox 3488 556 3783 626; x_wconf 75' lang='grc' dir='ltr'>χρωμάτων</span> <span class='ocrx_word' id='word_1_49' title='bbox 3814 558 3842 616; x_wconf 69' lang='grc' dir='ltr'><em>ἦ</em></span> 
     </span>
    </p>
   </div>
   <div class='ocr_carea' id='block_1_8' title="bbox 482 635 2089 714">
    <p class='ocr_par' dir='ltr' id='par_1_8' title="bbox 482 638 2089 714">
     <span class='ocr_line' id='line_1_8' title="bbox 482 638 2089 714; baseline -0.014 1"><span class='ocrx_word' id='word_1_50' title='bbox 482 675 519 714; x_wconf 86' lang='lat' dir='ltr'>a</span> <span class='ocrx_word' id='word_1_51' title='bbox 548 657 856 714; x_wconf 85' lang='lat' dir='ltr'>conditore</span> <span class='ocrx_word' id='word_1_52' title='bbox 888 656 1093 708; x_wconf 86' lang='lat' dir='ltr'>nostro</span> <span class='ocrx_word' id='word_1_53' title='bbox 1122 653 1241 705; x_wconf 89' lang='lat' dir='ltr'>Deo</span> <span class='ocrx_word' id='word_1_54' title='bbox 1274 647 1467 703; x_wconf 91' lang='lat' dir='ltr'>indita</span> <span class='ocrx_word' id='word_1_55' title='bbox 1494 646 1702 700; x_wconf 89' lang='lat' dir='ltr'>fuisse.</span> <span class='ocrx_word' id='word_1_56' title='bbox 1736 644 1940 697; x_wconf 89' lang='lat' dir='ltr'>Visum</span> <span class='ocrx_word' id='word_1_57' title='bbox 1979 638 2089 694; x_wconf 71' lang='lat' dir='ltr'>enin</span> 
     </span>
    </p>
   </div>
   <div class='ocr_carea' id='block_1_9' title="bbox 2242 635 3849 714">
    <p class='ocr_par' dir='ltr' id='par_1_9' title="bbox 2253 635 3849 713">
     <span class='ocr_line' id='line_1_9' title="bbox 2253 635 3849 713; baseline 0.003 -23"><span class='ocrx_word' id='word_1_58' title='bbox 2253 643 2545 712; x_wconf 78' lang='grc' dir='ltr'>σχημάτων</span> <span class='ocrx_word' id='word_1_59' title='bbox 2573 638 3061 712; x_wconf 77' lang='grc' dir='ltr'>ἀντιλαμϐάνεσθαι,</span> <span class='ocrx_word' id='word_1_60' title='bbox 3109 635 3223 691; x_wconf 78' lang='grc' dir='ltr'>οὐδ’</span> <span class='ocrx_word' id='word_1_61' title='bbox 3253 638 3414 698; x_wconf 81' lang='grc' dir='ltr'>ἀκοὴν</span> <span class='ocrx_word' id='word_1_62' title='bbox 3446 639 3625 713; x_wconf 71' lang='grc' dir='ltr'>ψόφων</span> <span class='ocrx_word' id='word_1_63' title='bbox 3663 663 3718 696; x_wconf 92' lang='grc' dir='ltr'>τε</span> <span class='ocrx_word' id='word_1_64' title='bbox 3760 651 3849 698; x_wconf 81' lang='grc' dir='ltr'>καὶ</span> 
     </span>
    </p>
   </div>
   <div class='ocr_carea' id='block_1_10' title="bbox 481 724 2088 811">
    <p class='ocr_par' dir='ltr' id='par_1_10' title="bbox 481 731 2088 811">
     <span class='ocr_line' id='line_1_10' title="bbox 481 731 2088 811; baseline -0.014 -6"><span class='ocrx_word' id='word_1_65' title='bbox 481 764 664 805; x_wconf 87' lang='lat' dir='ltr'>nemo</span> <span class='ocrx_word' id='word_1_66' title='bbox 713 745 925 801; x_wconf 87' lang='lat' dir='ltr'>edocet</span> <span class='ocrx_word' id='word_1_67' title='bbox 975 746 1038 795; x_wconf 94' lang='lat' dir='ltr'>ut</span> <span class='ocrx_word' id='word_1_68' title='bbox 1095 737 1387 811; x_wconf 84' lang='lat' dir='ltr'>percipiat</span> <span class='ocrx_word' id='word_1_69' title='bbox 1443 736 1671 791; x_wconf 90' lang='lat' dir='ltr'>colores</span> <span class='ocrx_word' id='word_1_70' title='bbox 1730 737 1834 789; x_wconf 89' lang='lat' dir='ltr'>aut</span> <span class='ocrx_word' id='word_1_71' title='bbox 1870 731 2088 800; x_wconf 75' lang='lat' dir='ltr'>ﬁguras</span> 
     </span>
    </p>
   </div>
   <div class='ocr_carea' id='block_1_11' title="bbox 2238 724 3845 811">
    <p class='ocr_par' dir='ltr' id='par_1_11' title="bbox 2252 724 3845 802">
     <span class='ocr_line' id='line_1_11' title="bbox 2252 724 3845 802; baseline 0.004 -22"><span class='ocrx_word' id='word_1_72' title='bbox 2252 737 2447 799; x_wconf 90' lang='grc' dir='ltr'>φωνῶν,</span> <span class='ocrx_word' id='word_1_73' title='bbox 2471 726 2591 781; x_wconf 64' lang='grc' dir='ltr'>οὐδ’</span> <span class='ocrx_word' id='word_1_74' title='bbox 2617 733 2878 802; x_wconf 78' lang='grc' dir='ltr'>ὄσφρησιν</span> <span class='ocrx_word' id='word_1_75' title='bbox 2910 726 3083 799; x_wconf 78' lang='grc' dir='ltr'>ἀτμῶν</span> <span class='ocrx_word' id='word_1_76' title='bbox 3115 724 3320 780; x_wconf 71' lang='grc' dir='ltr'>εὐωδῶν</span> <span class='ocrx_word' id='word_1_77' title='bbox 3360 748 3415 781; x_wconf 85' lang='grc' dir='ltr'>τε</span> <span class='ocrx_word' id='word_1_78' title='bbox 3447 736 3537 782; x_wconf 84' lang='grc' dir='ltr'>καὶ</span> <span class='ocrx_word' id='word_1_79' title='bbox 3568 728 3845 799; x_wconf 73' lang='grc' dir='ltr'>δυσωδῶν,</span> 
     </span>
    </p>
   </div>
   <div class='ocr_carea' id='block_1_12' title="bbox 481 815 2088 909">
    <p class='ocr_par' dir='ltr' id='par_1_12' title="bbox 481 816 2088 909">
     <span class='ocr_line' id='line_1_12' title="bbox 481 816 2088 909; baseline -0.014 -16"><span class='ocrx_word' id='word_1_80' title='bbox 481 851 681 909; x_wconf 88' lang='lat' dir='ltr'>neque</span> <span class='ocrx_word' id='word_1_81' title='bbox 712 832 987 889; x_wconf 90' lang='lat' dir='ltr'>auditum</span> <span class='ocrx_word' id='word_1_82' title='bbox 1026 834 1090 884; x_wconf 89' lang='lat' dir='ltr'>ut</span> <span class='ocrx_word' id='word_1_83' title='bbox 1136 843 1321 883; x_wconf 88' lang='lat' dir='ltr'>sonos</span> <span class='ocrx_word' id='word_1_84' title='bbox 1365 831 1421 881; x_wconf 90' lang='lat' dir='ltr'>et</span> <span class='ocrx_word' id='word_1_85' title='bbox 1469 840 1686 891; x_wconf 91' lang='lat' dir='ltr'>voces;</span> <span class='ocrx_word' id='word_1_86' title='bbox 1746 835 1942 891; x_wconf 89' lang='lat' dir='ltr'>neque</span> <span class='ocrx_word' id='word_1_87' title='bbox 1996 816 2088 873; x_wconf 69' lang='lat' dir='ltr'>olf;</span> 
     </span>
    </p>
   </div>
   <div class='ocr_carea' id='block_1_13' title="bbox 2243 815 3850 909">
    <p class='ocr_par' dir='ltr' id='par_1_13' title="bbox 2251 815 3850 893">
     <span class='ocr_line' id='line_1_13' title="bbox 2251 815 3850 893; baseline 0.004 -23"><span class='ocrx_word' id='word_1_88' title='bbox 2251 815 2375 871; x_wconf 72' lang='grc' dir='ltr'>οὐδὲ</span> <span class='ocrx_word' id='word_1_89' title='bbox 2398 827 2578 889; x_wconf 78' lang='grc' dir='ltr'>γεῦσιν</span> <span class='ocrx_word' id='word_1_90' title='bbox 2608 826 2796 890; x_wconf 82' lang='grc' dir='ltr'>χυμῶν</span> <span class='ocrx_word' id='word_1_91' title='bbox 2835 822 2925 870; x_wconf 82' lang='grc' dir='ltr'>καὶ</span> <span class='ocrx_word' id='word_1_92' title='bbox 2953 816 3152 889; x_wconf 82' lang='grc' dir='ltr'>χυλῶν,</span> <span class='ocrx_word' id='word_1_93' title='bbox 3180 815 3297 871; x_wconf 72' lang='grc' dir='ltr'>οὐδ’</span> <span class='ocrx_word' id='word_1_94' title='bbox 3328 819 3461 891; x_wconf 79' lang='grc' dir='ltr'>ἁφὴν</span> <span class='ocrx_word' id='word_1_95' title='bbox 3491 821 3734 893; x_wconf 78' lang='grc' dir='ltr'>μαλακῶν</span> <span class='ocrx_word' id='word_1_96' title='bbox 3761 829 3850 878; x_wconf 78' lang='grc' dir='ltr'>καὶ</span> 
     </span>
    </p>
   </div>
   <div class='ocr_carea' id='block_1_14' title="bbox 484 905 2091 991">
    <p class='ocr_par' dir='ltr' id='par_1_14' title="bbox 484 905 2091 991">
     <span class='ocr_line' id='line_1_14' title="bbox 484 905 2091 991; baseline -0.013 -9"><span class='ocrx_word' id='word_1_97' title='bbox 484 905 669 991; x_wconf 83' lang='lat' dir='ltr'>ctum,</span> <span class='ocrx_word' id='word_1_98' title='bbox 706 928 767 977; x_wconf 91' lang='lat' dir='ltr'>ut</span> <span class='ocrx_word' id='word_1_99' title='bbox 811 922 965 976; x_wconf 88' lang='lat' dir='ltr'>bene</span> <span class='ocrx_word' id='word_1_100' title='bbox 999 923 1055 973; x_wconf 92' lang='lat' dir='ltr'>et</span> <span class='ocrx_word' id='word_1_101' title='bbox 1103 917 1259 973; x_wconf 91' lang='lat' dir='ltr'>male</span> <span class='ocrx_word' id='word_1_102' title='bbox 1300 915 1587 971; x_wconf 87' lang='lat' dir='ltr'>olentium</span> <span class='ocrx_word' id='word_1_103' title='bbox 1618 927 1820 967; x_wconf 90' lang='lat' dir='ltr'>rerum</span> <span class='ocrx_word' id='word_1_104' title='bbox 1853 923 2091 980; x_wconf 74' lang='lat' dir='ltr'>vapores</span> 
     </span>
    </p>
   </div>
   <div class='ocr_carea' id='block_1_15' title="bbox 2245 905 3852 991">
    <p class='ocr_par' dir='ltr' id='par_1_15' title="bbox 2255 905 3852 982">
     <span class='ocr_line' id='line_1_15' title="bbox 2255 905 3852 982; baseline 0.004 -23"><span class='ocrx_word' id='word_1_105' title='bbox 2255 907 2515 981; x_wconf 77' lang='grc' dir='ltr'>σκληρῶν,</span> <span class='ocrx_word' id='word_1_106' title='bbox 2560 908 2590 966; x_wconf 76' lang='grc' dir='ltr'><strong>ᾖ</strong></span> <span class='ocrx_word' id='word_1_107' title='bbox 2645 909 2843 982; x_wconf 84' lang='grc' dir='ltr'>θερμῶν</span> <span class='ocrx_word' id='word_1_108' title='bbox 2872 912 2963 959; x_wconf 84' lang='grc' dir='ltr'>καὶ</span> <span class='ocrx_word' id='word_1_109' title='bbox 3003 905 3250 980; x_wconf 78' lang='grc' dir='ltr'>ψυχρῶν.</span> <span class='ocrx_word' id='word_1_110' title='bbox 3284 905 3426 961; x_wconf 69' lang='grc' dir='ltr'>Ούδέ</span> <span class='ocrx_word' id='word_1_111' title='bbox 3463 928 3550 962; x_wconf 88' lang='grc' dir='ltr'>τον</span> <span class='ocrx_word' id='word_1_112' title='bbox 3592 919 3711 963; x_wconf 80' lang='grc' dir='ltr'>νοῦν</span> <span class='ocrx_word' id='word_1_113' title='bbox 3746 912 3852 965; x_wconf 77' lang='grc' dir='ltr'>ἐπι-</span> 
     </span>
    </p>
   </div>
   <div class='ocr_carea' id='block_1_16' title="bbox 481 992 2088 1087">
    <p class='ocr_par' dir='ltr' id='par_1_16' title="bbox 481 1002 2088 1087">
     <span class='ocr_line' id='line_1_16' title="bbox 481 1002 2088 1087; baseline -0.012 -16"><span class='ocrx_word' id='word_1_114' title='bbox 481 1030 681 1087; x_wconf 86' lang='lat' dir='ltr'>neque</span> <span class='ocrx_word' id='word_1_115' title='bbox 713 1015 984 1080; x_wconf 88' lang='lat' dir='ltr'>gustum,</span> <span class='ocrx_word' id='word_1_116' title='bbox 1010 1012 1077 1063; x_wconf 86' lang='lat' dir='ltr'>ut</span> <span class='ocrx_word' id='word_1_117' title='bbox 1116 1022 1369 1078; x_wconf 79' lang='lat' dir='ltr'>sapores</span> <span class='ocrx_word' id='word_1_118' title='bbox 1418 1020 1489 1060; x_wconf 92' lang='lat' dir='ltr'>ac</span> <span class='ocrx_word' id='word_1_119' title='bbox 1543 1016 1802 1066; x_wconf 87' lang='lat' dir='ltr'>succos;</span> <span class='ocrx_word' id='word_1_120' title='bbox 1834 1012 2032 1069; x_wconf 91' lang='lat' dir='ltr'>neque</span> <span class='ocrx_word' id='word_1_121' title='bbox 2062 1002 2088 1051; x_wconf 84' lang='lat' dir='ltr'>t</span> 
     </span>
    </p>
   </div>
   <div class='ocr_carea' id='block_1_17' title="bbox 2247 992 3854 1087">
    <p class='ocr_par' dir='ltr' id='par_1_17' title="bbox 2253 992 3854 1075">
     <span class='ocr_line' id='line_1_17' title="bbox 2253 992 3854 1075; baseline 0.004 -27"><span class='ocrx_word' id='word_1_122' title='bbox 2253 995 2451 1048; x_wconf 84' lang='grc' dir='ltr'>ϐάλλειν</span> <span class='ocrx_word' id='word_1_123' title='bbox 2480 1004 2584 1056; x_wconf 88' lang='grc' dir='ltr'>τοῖς</span> <span class='ocrx_word' id='word_1_124' title='bbox 2613 1004 2814 1057; x_wconf 79' lang='grc' dir='ltr'>νοητοῖς</span> <span class='ocrx_word' id='word_1_125' title='bbox 2860 992 3076 1058; x_wconf 84' lang='grc' dir='ltr'>διδάξοι</span> <span class='ocrx_word' id='word_1_126' title='bbox 3120 1015 3197 1056; x_wconf 87' lang='grc' dir='ltr'>τις</span> <span class='ocrx_word' id='word_1_127' title='bbox 3232 998 3311 1048; x_wconf 81' lang='grc' dir='ltr'>ἄν.</span> <span class='ocrx_word' id='word_1_128' title='bbox 3368 1003 3467 1050; x_wconf 80' lang='grc' dir='ltr'>Καὶ</span> <span class='ocrx_word' id='word_1_129' title='bbox 3521 1001 3693 1075; x_wconf 83' lang='grc' dir='ltr'>ὥσπερ</span> <span class='ocrx_word' id='word_1_130' title='bbox 3727 1005 3773 1053; x_wconf 86' lang='grc' dir='ltr'>εἷ</span> <span class='ocrx_word' id='word_1_131' title='bbox 3803 1022 3854 1055; x_wconf 92' lang='grc' dir='ltr'>τι</span> 
     </span>
    </p>
   </div>
   <div class='ocr_carea' id='block_1_18' title="bbox 483 1082 2090 1171">
    <p class='ocr_par' dir='ltr' id='par_1_18' title="bbox 483 1082 2090 1171">
     <span class='ocr_line' id='line_1_18' title="bbox 483 1082 2090 1171; baseline -0.014 -11"><span class='ocrx_word' id='word_1_132' title='bbox 483 1082 664 1171; x_wconf 78' lang='lat' dir='ltr'>ctum,</span> <span class='ocrx_word' id='word_1_133' title='bbox 698 1104 761 1155; x_wconf 88' lang='lat' dir='ltr'>ut</span> <span class='ocrx_word' id='word_1_134' title='bbox 812 1097 1021 1154; x_wconf 84' lang='lat' dir='ltr'>mollia</span> <span class='ocrx_word' id='word_1_135' title='bbox 1066 1101 1122 1152; x_wconf 90' lang='lat' dir='ltr'>et</span> <span class='ocrx_word' id='word_1_136' title='bbox 1179 1096 1353 1158; x_wconf 88' lang='lat' dir='ltr'>dura,</span> <span class='ocrx_word' id='word_1_137' title='bbox 1404 1098 1471 1148; x_wconf 91' lang='lat' dir='ltr'>ut</span> <span class='ocrx_word' id='word_1_138' title='bbox 1512 1089 1727 1159; x_wconf 69' lang='lat' dir='ltr'>calida}</span> <span class='ocrx_word' id='word_1_139' title='bbox 1756 1093 1861 1144; x_wconf 91' lang='lat' dir='ltr'>aut</span> <span class='ocrx_word' id='word_1_140' title='bbox 1904 1084 2090 1155; x_wconf 71' lang='lat' dir='ltr'>frigid;</span> 
     </span>
    </p>
   </div>
   <div class='ocr_carea' id='block_1_19' title="bbox 2247 1082 3854 1171">
    <p class='ocr_par' dir='ltr' id='par_1_19' title="bbox 2251 1082 3854 1161">
     <span class='ocr_line' id='line_1_19' title="bbox 2251 1082 3854 1161; baseline 0.003 -23"><span class='ocrx_word' id='word_1_141' title='bbox 2251 1088 2462 1138; x_wconf 87' lang='grc' dir='ltr'>πάθοιεν</span> <span class='ocrx_word' id='word_1_142' title='bbox 2493 1082 2669 1154; x_wconf 77' lang='grc' dir='ltr'>αὗται,</span> <span class='ocrx_word' id='word_1_143' title='bbox 2701 1086 2988 1158; x_wconf 81' lang='grc' dir='ltr'>ἐπιμελείας</span> <span class='ocrx_word' id='word_1_144' title='bbox 3023 1089 3176 1157; x_wconf 86' lang='grc' dir='ltr'>μόνον</span> <span class='ocrx_word' id='word_1_145' title='bbox 3222 1083 3593 1161; x_wconf 78' lang='grc' dir='ltr'>προσδέονται,</span> <span class='ocrx_word' id='word_1_146' title='bbox 3636 1096 3725 1143; x_wconf 80' lang='grc' dir='ltr'>καὶ</span> <span class='ocrx_word' id='word_1_147' title='bbox 3758 1096 3854 1151; x_wconf 79' lang='grc' dir='ltr'>τὴν</span> 
     </span>
    </p>
   </div>
   <div class='ocr_carea' id='block_1_20' title="bbox 485 1173 2092 1263">
    <p class='ocr_par' dir='ltr' id='par_1_20' title="bbox 485 1174 2092 1263">
     <span class='ocr_line' id='line_1_20' title="bbox 485 1174 2092 1263; baseline -0.012 -15"><span class='ocrx_word' id='word_1_148' title='bbox 485 1198 687 1263; x_wconf 83' lang='lat' dir='ltr'>Neque</span> <span class='ocrx_word' id='word_1_149' title='bbox 725 1203 870 1244; x_wconf 86' lang='lat' dir='ltr'>sane</span> <span class='ocrx_word' id='word_1_150' title='bbox 914 1186 1245 1258; x_wconf 87' lang='lat' dir='ltr'>quisquam</span> <span class='ocrx_word' id='word_1_151' title='bbox 1296 1186 1558 1238; x_wconf 87' lang='lat' dir='ltr'>mentem</span> <span class='ocrx_word' id='word_1_152' title='bbox 1591 1176 1833 1234; x_wconf 87' lang='lat' dir='ltr'>docebit</span> <span class='ocrx_word' id='word_1_153' title='bbox 1862 1174 2092 1242; x_wconf 80' lang='lat' dir='ltr'>intellig</span> 
     </span>
    </p>
   </div>
   <div class='ocr_carea' id='block_1_21' title="bbox 2249 1173 3856 1263">
    <p class='ocr_par' dir='ltr' id='par_1_21' title="bbox 2253 1173 3856 1249">
     <span class='ocr_line' id='line_1_21' title="bbox 2253 1173 3856 1249; baseline 0.004 -22"><span class='ocrx_word' id='word_1_154' title='bbox 2253 1174 2446 1227; x_wconf 82' lang='grc' dir='ltr'>οἰκείαν</span> <span class='ocrx_word' id='word_1_155' title='bbox 2477 1174 2730 1249; x_wconf 72' lang='grc' dir='ltr'>ἐνέργειαν</span> <span class='ocrx_word' id='word_1_156' title='bbox 2776 1174 2996 1236; x_wconf 84' lang='grc' dir='ltr'>εύκόλως</span> <span class='ocrx_word' id='word_1_157' title='bbox 3036 1173 3430 1249; x_wconf 79' lang='grc' dir='ltr'>ἀποπληροῦσιν</span> <span class='ocrx_word' id='word_1_158' title='bbox 3456 1199 3468 1211; x_wconf 93' lang='grc'><strong>·</strong></span> <span class='ocrx_word' id='word_1_159' title='bbox 3520 1179 3685 1242; x_wconf 79' lang='grc' dir='ltr'>οὕτως</span> <span class='ocrx_word' id='word_1_160' title='bbox 3713 1187 3808 1234; x_wconf 80' lang='grc' dir='ltr'>καὶ</span> <span class='ocrx_word' id='word_1_161' title='bbox 3833 1183 3856 1233; x_wconf 85' lang='grc' dir='ltr'><strong>ὁ</strong></span> 
     </span>
    </p>
   </div>
   <div class='ocr_carea' id='block_1_22' title="bbox 483 1260 2090 1348">
    <p class='ocr_par' dir='ltr' id='par_1_22' title="bbox 483 1263 2090 1348">
     <span class='ocr_line' id='line_1_22' title="bbox 483 1263 2090 1348; baseline -0.013 -11"><span class='ocrx_word' id='word_1_162' title='bbox 483 1282 629 1339; x_wconf 90' lang='lat' dir='ltr'>bilia</span> <span class='ocrx_word' id='word_1_163' title='bbox 654 1276 927 1348; x_wconf 88' lang='lat' dir='ltr'>assequi.</span> <span class='ocrx_word' id='word_1_164' title='bbox 964 1278 1029 1330; x_wconf 88' lang='lat' dir='ltr'>Et</span> <span class='ocrx_word' id='word_1_165' title='bbox 1068 1270 1590 1345; x_wconf 88' lang='lat' dir='ltr'>quemadmodum</span> <span class='ocrx_word' id='word_1_166' title='bbox 1641 1282 1876 1329; x_wconf 90' lang='lat' dir='ltr'>sensus,</span> <span class='ocrx_word' id='word_1_167' title='bbox 1922 1263 1968 1318; x_wconf 91' lang='lat' dir='ltr'>si</span> <span class='ocrx_word' id='word_1_168' title='bbox 1996 1263 2090 1335; x_wconf 81' lang='lat' dir='ltr'>qui</span> 
     </span>
    </p>
   </div>
   <div class='ocr_carea' id='block_1_23' title="bbox 2250 1260 3857 1348">
    <p class='ocr_par' dir='ltr' id='par_1_23' title="bbox 2252 1260 3857 1337">
     <span class='ocr_line' id='line_1_23' title="bbox 2252 1260 3857 1337; baseline 0.004 -22"><span class='ocrx_word' id='word_1_169' title='bbox 2252 1272 2386 1329; x_wconf 80' lang='grc' dir='ltr'>νοῦς,</span> <span class='ocrx_word' id='word_1_170' title='bbox 2419 1269 2575 1336; x_wconf 86' lang='grc' dir='ltr'>σαρκὶ</span> <span class='ocrx_word' id='word_1_171' title='bbox 2625 1260 2907 1328; x_wconf 82' lang='grc' dir='ltr'>συνδεθεὶς,</span> <span class='ocrx_word' id='word_1_172' title='bbox 2959 1268 3049 1315; x_wconf 85' lang='grc' dir='ltr'>καὶ</span> <span class='ocrx_word' id='word_1_173' title='bbox 3090 1272 3190 1315; x_wconf 86' lang='grc' dir='ltr'>τῶν</span> <span class='ocrx_word' id='word_1_174' title='bbox 3239 1262 3294 1315; x_wconf 77' lang='grc' dir='ltr'>ἐκ</span> <span class='ocrx_word' id='word_1_175' title='bbox 3336 1269 3528 1328; x_wconf 80' lang='grc' dir='ltr'>ταύτης</span> <span class='ocrx_word' id='word_1_176' title='bbox 3558 1278 3857 1337; x_wconf 81' lang='grc' dir='ltr'>φαντασιῶν</span> 
     </span>
    </p>
   </div>
   <div class='ocr_carea' id='block_1_24' title="bbox 484 1350 2091 1443">
    <p class='ocr_par' dir='ltr' id='par_1_24' title="bbox 484 1355 2091 1443">
     <span class='ocr_line' id='line_1_24' title="bbox 484 1355 2091 1443; baseline -0.013 -17"><span class='ocrx_word' id='word_1_177' title='bbox 484 1370 632 1443; x_wconf 88' lang='lat' dir='ltr'>ipsis</span> <span class='ocrx_word' id='word_1_178' title='bbox 689 1366 974 1423; x_wconf 86' lang='lat' dir='ltr'>acciderit</span> <span class='ocrx_word' id='word_1_179' title='bbox 1019 1360 1426 1425; x_wconf 84' lang='lat' dir='ltr'>incommodi,</span> <span class='ocrx_word' id='word_1_180' title='bbox 1478 1360 1658 1428; x_wconf 85' lang='lat' dir='ltr'>egent</span> <span class='ocrx_word' id='word_1_181' title='bbox 1717 1355 1917 1410; x_wconf 83' lang='lat' dir='ltr'>solum</span> <span class='ocrx_word' id='word_1_182' title='bbox 1979 1367 2091 1407; x_wconf 48' lang='lat' dir='ltr'>cur;</span> 
     </span>
    </p>
   </div>
   <div class='ocr_carea' id='block_1_25' title="bbox 2254 1350 3861 1443">
    <p class='ocr_par' dir='ltr' id='par_1_25' title="bbox 2254 1350 3861 1431">
     <span class='ocr_line' id='line_1_25' title="bbox 2254 1350 3861 1431; baseline 0.004 -26"><span class='ocrx_word' id='word_1_183' title='bbox 2254 1353 2560 1426; x_wconf 79' lang='grc' dir='ltr'>πληρωθεὶς,</span> <span class='ocrx_word' id='word_1_184' title='bbox 2588 1358 2812 1415; x_wconf 90' lang='grc' dir='ltr'>πίστεως</span> <span class='ocrx_word' id='word_1_185' title='bbox 2844 1350 3015 1404; x_wconf 85' lang='grc' dir='ltr'>δεῖται</span> <span class='ocrx_word' id='word_1_186' title='bbox 3044 1358 3133 1404; x_wconf 86' lang='grc' dir='ltr'>καὶ</span> <span class='ocrx_word' id='word_1_187' title='bbox 3171 1353 3430 1416; x_wconf 77' lang='grc' dir='ltr'>πολιτείας</span> <span class='ocrx_word' id='word_1_188' title='bbox 3460 1356 3641 1431; x_wconf 79' lang='grc' dir='ltr'>ὀρθῆς,</span> <span class='ocrx_word' id='word_1_189' title='bbox 3665 1361 3861 1420; x_wconf 79' lang='grc' dir='ltr'>αἵτινες</span> 
     </span>
    </p>
   </div>
   <div class='ocr_carea' id='block_1_26' title="bbox 485 1438 2092 1525">
    <p class='ocr_par' dir='ltr' id='par_1_26' title="bbox 485 1441 2092 1525">
     <span class='ocr_line' id='line_1_26' title="bbox 485 1441 2092 1525; baseline -0.012 -10"><span class='ocrx_word' id='word_1_190' title='bbox 485 1461 666 1523; x_wconf 87' lang='lat' dir='ltr'>tione,</span> <span class='ocrx_word' id='word_1_191' title='bbox 699 1462 754 1512; x_wconf 89' lang='lat' dir='ltr'>et</span> <span class='ocrx_word' id='word_1_192' title='bbox 801 1470 980 1510; x_wconf 90' lang='lat' dir='ltr'>suum</span> <span class='ocrx_word' id='word_1_193' title='bbox 1034 1454 1306 1525; x_wconf 89' lang='lat' dir='ltr'>ipsorum</span> <span class='ocrx_word' id='word_1_194' title='bbox 1358 1464 1583 1505; x_wconf 91' lang='lat' dir='ltr'>munus</span> <span class='ocrx_word' id='word_1_195' title='bbox 1637 1444 1881 1517; x_wconf 81' lang='lat' dir='ltr'>explent</span> <span class='ocrx_word' id='word_1_196' title='bbox 1928 1441 2092 1497; x_wconf 85' lang='lat' dir='ltr'>facile</span> 
     </span>
    </p>
   </div>
   <div class='ocr_carea' id='block_1_27' title="bbox 2252 1438 3859 1525">
    <p class='ocr_par' dir='ltr' id='par_1_27' title="bbox 2253 1438 3859 1517">
     <span class='ocr_line' id='line_1_27' title="bbox 2253 1438 3859 1517; baseline 0.005 -25"><span class='ocrx_word' id='word_1_197' title='bbox 2253 1442 2636 1516; x_wconf 76' lang='grc' dir='ltr'>καταρτίζουσι</span> <span class='ocrx_word' id='word_1_198' title='bbox 2666 1446 2786 1502; x_wconf 81' lang='grc' dir='ltr'>τοὺς</span> <span class='ocrx_word' id='word_1_199' title='bbox 2818 1438 2991 1503; x_wconf 92' lang='grc' dir='ltr'>πόδας</span> <span class='ocrx_word' id='word_1_200' title='bbox 3036 1441 3196 1493; x_wconf 78' lang='grc' dir='ltr'>αὐτοῦ</span> <span class='ocrx_word' id='word_1_201' title='bbox 3240 1444 3366 1495; x_wconf 87' lang='grc' dir='ltr'>ὡσεὶ</span> <span class='ocrx_word' id='word_1_202' title='bbox 3414 1442 3620 1517; x_wconf 76' lang='grc' dir='ltr'>ἐλάφου,</span> <span class='ocrx_word' id='word_1_203' title='bbox 3653 1447 3743 1499; x_wconf 84' lang='grc' dir='ltr'>καί</span> <span class='ocrx_word' id='word_1_204' title='bbox 3780 1446 3859 1500; x_wconf 74' lang='grc' dir='ltr'>ἐπὶ</span> 
     </span>
    </p>
   </div>
   <div class='ocr_carea' id='block_1_28' title="bbox 474 1530 2081 1613">
    <p class='ocr_par' dir='ltr' id='par_1_28' title="bbox 474 1531 2081 1613">
     <span class='ocr_line' id='line_1_28' title="bbox 474 1531 2081 1613; baseline -0.012 -10"><span class='ocrx_word' id='word_1_205' title='bbox 474 1548 569 1613; x_wconf 77' lang='lat' dir='ltr'>ita</span> <span class='ocrx_word' id='word_1_206' title='bbox 599 1552 655 1602; x_wconf 90' lang='lat' dir='ltr'>et</span> <span class='ocrx_word' id='word_1_207' title='bbox 681 1560 853 1600; x_wconf 88' lang='lat' dir='ltr'>mens</span> <span class='ocrx_word' id='word_1_208' title='bbox 879 1542 1047 1597; x_wconf 91' lang='lat' dir='ltr'>carni</span> <span class='ocrx_word' id='word_1_209' title='bbox 1076 1540 1325 1610; x_wconf 81' lang='lat' dir='ltr'>illigata,</span> <span class='ocrx_word' id='word_1_210' title='bbox 1355 1544 1409 1593; x_wconf 92' lang='lat' dir='ltr'>et</span> <span class='ocrx_word' id='word_1_211' title='bbox 1434 1537 1578 1593; x_wconf 89' lang='lat' dir='ltr'>ortis</span> <span class='ocrx_word' id='word_1_212' title='bbox 1600 1552 1670 1590; x_wconf 83' lang='lat' dir='ltr'><strong>ex</strong></span> <span class='ocrx_word' id='word_1_213' title='bbox 1712 1550 1784 1590; x_wconf 87' lang='lat' dir='ltr'>ea</span> <span class='ocrx_word' id='word_1_214' title='bbox 1812 1531 2081 1605; x_wconf 76' lang='lat' dir='ltr'>phantasi</span> 
     </span>
    </p>
   </div>
   <div class='ocr_carea' id='block_1_29' title="bbox 2255 1530 3862 1613">
    <p class='ocr_par' dir='ltr' id='par_1_29' title="bbox 2255 1530 3862 1609">
     <span class='ocr_line' id='line_1_29' title="bbox 2255 1530 3862 1609; baseline 0.004 -26"><span class='ocrx_word' id='word_1_215' title='bbox 2255 1534 2320 1583; x_wconf 82' lang='grc' dir='ltr'>τὰ</span> <span class='ocrx_word' id='word_1_216' title='bbox 2354 1530 2533 1601; x_wconf 73' lang='grc' dir='ltr'>ὑψηλὰ</span> <span class='ocrx_word' id='word_1_217' title='bbox 2576 1534 2792 1582; x_wconf 81' lang='grc' dir='ltr'>ἱστῶσιν</span> <span class='ocrx_word' id='word_1_218' title='bbox 2842 1530 3019 1588; x_wconf 73' lang='grc' dir='ltr'>αὐτόν.</span> <span class='ocrx_word' id='word_1_219' title='bbox 3049 1536 3214 1584; x_wconf 87' lang='grc' dir='ltr'>Τουτό</span> <span class='ocrx_word' id='word_1_220' title='bbox 3252 1551 3332 1584; x_wconf 90' lang='grc' dir='ltr'>τοι</span> <span class='ocrx_word' id='word_1_221' title='bbox 3370 1534 3495 1586; x_wconf 84' lang='grc' dir='ltr'>αύτο</span> <span class='ocrx_word' id='word_1_222' title='bbox 3525 1540 3614 1587; x_wconf 86' lang='grc' dir='ltr'>καὶ</span> <span class='ocrx_word' id='word_1_223' title='bbox 3643 1538 3669 1588; x_wconf 89' lang='grc' dir='ltr'>ό</span> <span class='ocrx_word' id='word_1_224' title='bbox 3701 1556 3862 1609; x_wconf 81' lang='grc' dir='ltr'>σοφός</span> 
     </span>
    </p>
   </div>
   <div class='ocr_carea' id='block_1_30' title="bbox 489 1620 2096 1710">
    <p class='ocr_par' dir='ltr' id='par_1_30' title="bbox 489 1620 2096 1710">
     <span class='ocr_line' id='line_1_30' title="bbox 489 1620 2096 1710; baseline -0.012 -17"><span class='ocrx_word' id='word_1_225' title='bbox 489 1636 753 1710; x_wconf 86' lang='lat' dir='ltr'>oppleta,</span> <span class='ocrx_word' id='word_1_226' title='bbox 805 1633 925 1688; x_wconf 86' lang='lat' dir='ltr'>ﬁde</span> <span class='ocrx_word' id='word_1_227' title='bbox 975 1631 1205 1700; x_wconf 82' lang='lat' dir='ltr'>indiget</span> <span class='ocrx_word' id='word_1_228' title='bbox 1258 1635 1310 1685; x_wconf 91' lang='lat' dir='ltr'>et</span> <span class='ocrx_word' id='word_1_229' title='bbox 1359 1633 1521 1684; x_wconf 89' lang='lat' dir='ltr'>recta</span> <span class='ocrx_word' id='word_1_230' title='bbox 1571 1627 1712 1693; x_wconf 89' lang='lat' dir='ltr'>vita,</span> <span class='ocrx_word' id='word_1_231' title='bbox 1770 1639 1907 1696; x_wconf 66' lang='lat' dir='ltr'>qua:</span> <span class='ocrx_word' id='word_1_232' title='bbox 1962 1620 2096 1693; x_wconf 70' lang='lat' dir='ltr'>pedi</span> 
     </span>
    </p>
   </div>
   <div class='ocr_carea' id='block_1_31' title="bbox 2251 1620 3858 1710">
    <p class='ocr_par' dir='ltr' id='par_1_31' title="bbox 2253 1620 3858 1710">
     <span class='ocr_line' id='line_1_31' title="bbox 2253 1620 3858 1710; baseline 0.004 -39"><span class='ocrx_word' id='word_1_233' title='bbox 2253 1626 2529 1710; x_wconf 82' lang='grc' dir='ltr'>παρεγγυᾴ</span> <span class='ocrx_word' id='word_1_234' title='bbox 2557 1620 2817 1710; x_wconf 78' lang='grc' dir='ltr'>Σολομῶν.-</span> <span class='ocrx_word' id='word_1_235' title='bbox 2848 1625 2936 1672; x_wconf 86' lang='grc' dir='ltr'>καὶ</span> <span class='ocrx_word' id='word_1_236' title='bbox 2962 1623 3085 1672; x_wconf 72' lang='grc' dir='ltr'>ποτε</span> <span class='ocrx_word' id='word_1_237' title='bbox 3115 1622 3205 1693; x_wconf 68' lang='grc' dir='ltr'>μὲν</span> <span class='ocrx_word' id='word_1_238' title='bbox 3237 1623 3361 1693; x_wconf 85' lang='grc' dir='ltr'>ἡμῖν</span> <span class='ocrx_word' id='word_1_239' title='bbox 3392 1628 3633 1699; x_wconf 77' lang='grc' dir='ltr'>προφέρει</span> <span class='ocrx_word' id='word_1_240' title='bbox 3774 1645 3858 1678; x_wconf 85' lang='grc' dir='ltr'>τον</span> 
     </span>
    </p>
   </div>
   <div class='ocr_carea' id='block_1_32' title="bbox 487 1707 2094 1799">
    <p class='ocr_par' dir='ltr' id='par_1_32' title="bbox 487 1707 2094 1799">
     <span class='ocr_line' id='line_1_32' title="bbox 487 1707 2094 1799; baseline -0.012 -16"><span class='ocrx_word' id='word_1_241' title='bbox 487 1707 677 1799; x_wconf 36' lang='lat' dir='ltr'>ips—ius</span> <span class='ocrx_word' id='word_1_242' title='bbox 704 1723 867 1779; x_wconf 87' lang='lat' dir='ltr'>velut</span> <span class='ocrx_word' id='word_1_243' title='bbox 887 1720 1047 1777; x_wconf 85' lang='lat' dir='ltr'>cervi</span> <span class='ocrx_word' id='word_1_244' title='bbox 1087 1719 1404 1790; x_wconf 88' lang='lat' dir='ltr'>cujusdam</span> <span class='ocrx_word' id='word_1_245' title='bbox 1440 1713 1866 1788; x_wconf 63' lang='lat' dir='ltr'>praeparant”,</span> <span class='ocrx_word' id='word_1_246' title='bbox 1890 1725 2094 1778; x_wconf 75' lang='lat' dir='ltr'>eamqt</span> 
     </span>
    </p>
   </div>
   <div class='ocr_carea' id='block_1_33' title="bbox 2251 1707 3858 1799">
    <p class='ocr_par' dir='ltr' id='par_1_33' title="bbox 2255 1707 3858 1783">
     <span class='ocr_line' id='line_1_33' title="bbox 2255 1707 3858 1783; baseline 0.003 -21"><span class='ocrx_word' id='word_1_247' title='bbox 2255 1708 2667 1780; x_wconf 78' lang='grc' dir='ltr'>ἀνεπαίσχυντον</span> <span class='ocrx_word' id='word_1_248' title='bbox 2710 1707 2929 1783; x_wconf 77' lang='grc' dir='ltr'>ἐργάτην</span> <span class='ocrx_word' id='word_1_249' title='bbox 2984 1728 3067 1761; x_wconf 89' lang='grc' dir='ltr'>τον</span> <span class='ocrx_word' id='word_1_250' title='bbox 3125 1713 3400 1782; x_wconf 75' lang='grc' dir='ltr'>μύρμηκα,</span> <span class='ocrx_word' id='word_1_251' title='bbox 3444 1717 3533 1764; x_wconf 79' lang='grc' dir='ltr'>καὶ</span> <span class='ocrx_word' id='word_1_252' title='bbox 3582 1709 3655 1765; x_wconf 84' lang='grc' dir='ltr'>δι’</span> <span class='ocrx_word' id='word_1_253' title='bbox 3696 1714 3858 1767; x_wconf 87' lang='grc' dir='ltr'>αύτου</span> 
     </span>
    </p>
   </div>
   <div class='ocr_carea' id='block_1_34' title="bbox 489 1795 2096 1880">
    <p class='ocr_par' dir='ltr' id='par_1_34' title="bbox 489 1795 2096 1880">
     <span class='ocr_line' id='line_1_34' title="bbox 489 1795 2096 1880; baseline -0.012 -10"><span class='ocrx_word' id='word_1_254' title='bbox 489 1795 565 1872; x_wconf 77' lang='lat' dir='ltr'>ad</span> <span class='ocrx_word' id='word_1_255' title='bbox 627 1813 747 1869; x_wconf 87' lang='lat' dir='ltr'>alta</span> <span class='ocrx_word' id='word_1_256' title='bbox 790 1811 1047 1880; x_wconf 87' lang='lat' dir='ltr'>erigunt.</span> <span class='ocrx_word' id='word_1_257' title='bbox 1100 1811 1219 1863; x_wconf 87' lang='lat' dir='ltr'>Hoc</span> <span class='ocrx_word' id='word_1_258' title='bbox 1274 1807 1477 1877; x_wconf 90' lang='lat' dir='ltr'>ipsum</span> <span class='ocrx_word' id='word_1_259' title='bbox 1529 1803 1707 1858; x_wconf 90' lang='lat' dir='ltr'>etiam</span> <span class='ocrx_word' id='word_1_260' title='bbox 1750 1799 1995 1872; x_wconf 88' lang='lat' dir='ltr'>sapiens</span> <span class='ocrx_word' id='word_1_261' title='bbox 2051 1798 2096 1852; x_wconf 88' lang='lat' dir='ltr'>il</span> 
     </span>
    </p>
   </div>
   <div class='ocr_carea' id='block_1_35' title="bbox 2251 1795 3858 1880">
    <p class='ocr_par' dir='ltr' id='par_1_35' title="bbox 2254 1795 3858 1872">
     <span class='ocr_line' id='line_1_35' title="bbox 2254 1795 3858 1872; baseline 0.004 -23"><span class='ocrx_word' id='word_1_262' title='bbox 2254 1803 2342 1857; x_wconf 80' lang='grc' dir='ltr'>τὴν</span> <span class='ocrx_word' id='word_1_263' title='bbox 2370 1802 2660 1871; x_wconf 78' lang='grc' dir='ltr'>πρακτικὴν</span> <span class='ocrx_word' id='word_1_264' title='bbox 2691 1800 2815 1869; x_wconf 76' lang='grc' dir='ltr'>ἡμῖν</span> <span class='ocrx_word' id='word_1_265' title='bbox 2860 1795 2982 1850; x_wconf 88' lang='grc' dir='ltr'>όδον</span> <span class='ocrx_word' id='word_1_266' title='bbox 3033 1799 3323 1872; x_wconf 73' lang='grc' dir='ltr'>ὑπογράφει</span> <span class='ocrx_word' id='word_1_267' title='bbox 3348 1821 3360 1833; x_wconf 93' lang='grc'><strong>·</strong></span> <span class='ocrx_word' id='word_1_268' title='bbox 3414 1803 3535 1854; x_wconf 77' lang='grc' dir='ltr'>ποτε</span> <span class='ocrx_word' id='word_1_269' title='bbox 3567 1798 3625 1854; x_wconf 76' lang='grc' dir='ltr'>δὲ</span> <span class='ocrx_word' id='word_1_270' title='bbox 3664 1822 3721 1854; x_wconf 83' lang='grc' dir='ltr'>το</span> <span class='ocrx_word' id='word_1_271' title='bbox 3763 1810 3858 1865; x_wconf 80' lang='grc' dir='ltr'>τῆς</span> 
     </span>
    </p>
   </div>
   <div class='ocr_carea' id='block_1_36' title="bbox 490 1886 2097 1965">
    <p class='ocr_par' dir='ltr' id='par_1_36' title="bbox 490 1887 2097 1965">
     <span class='ocr_line' id='line_1_36' title="bbox 490 1887 2097 1965; baseline -0.012 -5"><span class='ocrx_word' id='word_1_272' title='bbox 490 1904 774 1960; x_wconf 87' lang='lat' dir='ltr'>Salomon</span> <span class='ocrx_word' id='word_1_273' title='bbox 806 1900 1132 1964; x_wconf 89' lang='lat' dir='ltr'>admonet;</span> <span class='ocrx_word' id='word_1_274' title='bbox 1167 1912 1237 1951; x_wconf 90' lang='lat' dir='ltr'>ac</span> <span class='ocrx_word' id='word_1_275' title='bbox 1268 1910 1429 1951; x_wconf 89' lang='lat' dir='ltr'>nunc</span> <span class='ocrx_word' id='word_1_276' title='bbox 1469 1892 1714 1965; x_wconf 90' lang='lat' dir='ltr'>quidem</span> <span class='ocrx_word' id='word_1_277' title='bbox 1737 1889 1913 1945; x_wconf 89' lang='lat' dir='ltr'>nobis</span> <span class='ocrx_word' id='word_1_278' title='bbox 1943 1887 2097 1958; x_wconf 90' lang='lat' dir='ltr'>objic</span> 
     </span>
    </p>
   </div>
   <div class='ocr_carea' id='block_1_37' title="bbox 2251 1886 3858 1965">
    <p class='ocr_par' dir='ltr' id='par_1_37' title="bbox 2257 1886 3858 1961">
     <span class='ocr_line' id='line_1_37' title="bbox 2257 1886 3858 1961; baseline 0.003 -22"><span class='ocrx_word' id='word_1_279' title='bbox 2257 1895 2422 1959; x_wconf 83' lang='grc' dir='ltr'>σοφῆς</span> <span class='ocrx_word' id='word_1_280' title='bbox 2473 1886 2715 1959; x_wconf 82' lang='grc' dir='ltr'>μελίττης</span> <span class='ocrx_word' id='word_1_281' title='bbox 2757 1886 3119 1960; x_wconf 89' lang='grc' dir='ltr'>κηρόπλαστον</span> <span class='ocrx_word' id='word_1_282' title='bbox 3173 1892 3389 1961; x_wconf 81' lang='grc' dir='ltr'>ὄργανον</span> <span class='ocrx_word' id='word_1_283' title='bbox 3416 1910 3429 1923; x_wconf 88' lang='grc'><strong>·</strong></span> <span class='ocrx_word' id='word_1_284' title='bbox 3480 1896 3570 1943; x_wconf 81' lang='grc' dir='ltr'>καὶ</span> <span class='ocrx_word' id='word_1_285' title='bbox 3628 1888 3700 1944; x_wconf 87' lang='grc' dir='ltr'>δι’</span> <span class='ocrx_word' id='word_1_286' title='bbox 3756 1894 3858 1944; x_wconf 86' lang='grc' dir='ltr'>αύ-</span> 
     </span>
    </p>
   </div>
   <div class='ocr_carea' id='block_1_38' title="bbox 486 1976 2093 2057">
    <p class='ocr_par' dir='ltr' id='par_1_38' title="bbox 486 1980 2093 2057">
     <span class='ocr_line' id='line_1_38' title="bbox 486 1980 2093 2057; baseline -0.011 -9"><span class='ocrx_word' id='word_1_287' title='bbox 486 2008 612 2049; x_wconf 90' lang='lat' dir='ltr'>non</span> <span class='ocrx_word' id='word_1_288' title='bbox 641 1987 1158 2045; x_wconf 84' lang='lat' dir='ltr'>verecundantem</span> <span class='ocrx_word' id='word_1_289' title='bbox 1186 1984 1466 2057; x_wconf 82' lang='lat' dir='ltr'>opificem</span> <span class='ocrx_word' id='word_1_290' title='bbox 1498 1980 1901 2043; x_wconf 72' lang='lat' dir='ltr'>formicam”,</span> <span class='ocrx_word' id='word_1_291' title='bbox 1934 1994 2006 2033; x_wconf 91' lang='lat' dir='ltr'>ac</span> <span class='ocrx_word' id='word_1_292' title='bbox 2041 1993 2093 2049; x_wconf 65' lang='lat' dir='ltr'>p4</span> 
     </span>
    </p>
   </div>
   <div class='ocr_carea' id='block_1_39' title="bbox 2252 1976 3859 2057">
    <p class='ocr_par' dir='ltr' id='par_1_39' title="bbox 2254 1976 3859 2054">
     <span class='ocr_line' id='line_1_39' title="bbox 2254 1976 3859 2054; baseline 0.002 -25"><span class='ocrx_word' id='word_1_293' title='bbox 2254 1986 2345 2037; x_wconf 83' lang='grc' dir='ltr'>τῆς</span> <span class='ocrx_word' id='word_1_294' title='bbox 2366 1978 2435 2045; x_wconf 82' lang='lat'>(3)</span> <span class='ocrx_word' id='word_1_295' title='bbox 2464 1980 2690 2048; x_wconf 71' lang='grc' dir='ltr'>φυσικὴν</span> <span class='ocrx_word' id='word_1_296' title='bbox 2714 1978 2928 2051; x_wconf 84' lang='grc' dir='ltr'>θεωρίαν</span> <span class='ocrx_word' id='word_1_297' title='bbox 2968 1976 3273 2044; x_wconf 85' lang='grc' dir='ltr'>αἰνίττεται,</span> <span class='ocrx_word' id='word_1_298' title='bbox 3300 1976 3348 2029; x_wconf 75' lang='grc' dir='ltr'>ἐν</span> <span class='ocrx_word' id='word_1_299' title='bbox 3442 1984 3531 2031; x_wconf 82' lang='grc' dir='ltr'>καὶ</span> <span class='ocrx_word' id='word_1_300' title='bbox 3562 1982 3587 2031; x_wconf 88' lang='grc' dir='ltr'>ό</span> <span class='ocrx_word' id='word_1_301' title='bbox 3624 1985 3738 2054; x_wconf 86' lang='grc' dir='ltr'>περὶ</span> <span class='ocrx_word' id='word_1_302' title='bbox 3764 1990 3859 2043; x_wconf 79' lang='grc' dir='ltr'>τῆς</span> 
     </span>
    </p>
   </div>
   <div class='ocr_carea' id='block_1_40' title="bbox 488 2062 2095 2143">
    <p class='ocr_par' dir='ltr' id='par_1_40' title="bbox 488 2069 2095 2137">
     <span class='ocr_line' id='line_1_40' title="bbox 488 2069 2095 2137; baseline -0.011 -1"><span class='ocrx_word' id='word_1_303' title='bbox 488 2096 621 2137; x_wconf 88' lang='lat' dir='ltr'>eam</span> <span class='ocrx_word' id='word_1_304' title='bbox 655 2078 833 2134; x_wconf 90' lang='lat' dir='ltr'>nobis</span> <span class='ocrx_word' id='word_1_305' title='bbox 864 2081 1180 2132; x_wconf 86' lang='lat' dir='ltr'>actuosam</span> <span class='ocrx_word' id='word_1_306' title='bbox 1221 2074 1380 2128; x_wconf 80' lang='lat' dir='ltr'>viam</span> <span class='ocrx_word' id='word_1_307' title='bbox 1420 2069 1707 2126; x_wconf 90' lang='lat' dir='ltr'>describit</span> <span class='ocrx_word' id='word_1_308' title='bbox 1754 2086 1766 2123; x_wconf 92' lang='lat'>:</span> <span class='ocrx_word' id='word_1_309' title='bbox 1804 2082 1966 2122; x_wconf 87' lang='lat' dir='ltr'>nunc</span> <span class='ocrx_word' id='word_1_310' title='bbox 2003 2081 2095 2120; x_wconf 72' lang='grc' dir='ltr'>γει</span> 
     </span>
    </p>
   </div>
   <div class='ocr_carea' id='block_1_41' title="bbox 2254 2062 3861 2143">
    <p class='ocr_par' dir='ltr' id='par_1_41' title="bbox 2255 2062 3861 2143">
     <span class='ocr_line' id='line_1_41' title="bbox 2255 2062 3861 2143; baseline 0.004 -25"><span class='ocrx_word' id='word_1_311' title='bbox 2255 2067 2405 2138; x_wconf 84' lang='grc' dir='ltr'>ἁγίας</span> <span class='ocrx_word' id='word_1_312' title='bbox 2433 2062 2659 2141; x_wconf 88' lang='grc' dir='ltr'>Τριάδος</span> <span class='ocrx_word' id='word_1_313' title='bbox 2709 2066 3021 2141; x_wconf 73' lang='grc' dir='ltr'>ἐγκέκραται</span> <span class='ocrx_word' id='word_1_314' title='bbox 3072 2066 3260 2139; x_wconf 89' lang='grc' dir='ltr'>λόγος·</span> <span class='ocrx_word' id='word_1_315' title='bbox 3316 2070 3453 2143; x_wconf 81' lang='grc' dir='ltr'>εἴπερ</span> <span class='ocrx_word' id='word_1_316' title='bbox 3505 2068 3559 2121; x_wconf 77' lang='grc' dir='ltr'>ἐκ</span> <span class='ocrx_word' id='word_1_317' title='bbox 3605 2070 3861 2132; x_wconf 79' lang='grc' dir='ltr'>καλλονῆς</span> 
     </span>
    </p>
   </div>
   <div class='ocr_carea' id='block_1_42' title="bbox 489 2154 2096 2241">
    <p class='ocr_par' dir='ltr' id='par_1_42' title="bbox 489 2156 2096 2241">
     <span class='ocr_line' id='line_1_42' title="bbox 489 2156 2096 2241; baseline -0.01 -16"><span class='ocrx_word' id='word_1_318' title='bbox 489 2167 780 2241; x_wconf 85' lang='lat' dir='ltr'>sapientis</span> <span class='ocrx_word' id='word_1_319' title='bbox 811 2164 1065 2237; x_wconf 73' lang='lat' dir='ltr'>apiculae</span> <span class='ocrx_word' id='word_1_320' title='bbox 1095 2164 1155 2218; x_wconf 89' lang='lat' dir='ltr'>in</span> <span class='ocrx_word' id='word_1_321' title='bbox 1193 2161 1497 2231; x_wconf 86' lang='lat' dir='ltr'>ﬁngendis</span> <span class='ocrx_word' id='word_1_322' title='bbox 1541 2158 1693 2215; x_wconf 84' lang='lat' dir='ltr'>favis</span> <span class='ocrx_word' id='word_1_323' title='bbox 1733 2170 2031 2225; x_wconf 88' lang='lat' dir='ltr'>organum</span> <span class='ocrx_word' id='word_1_324' title='bbox 2056 2156 2096 2189; x_wconf 62' lang='lat'>9‘</span> 
     </span>
    </p>
   </div>
   <div class='ocr_carea' id='block_1_43' title="bbox 2253 2154 3860 2241">
    <p class='ocr_par' dir='ltr' id='par_1_43' title="bbox 2253 2154 3860 2231">
     <span class='ocr_line' id='line_1_43' title="bbox 2253 2154 3860 2231; baseline 0.003 -23"><span class='ocrx_word' id='word_1_325' title='bbox 2253 2160 2551 2227; x_wconf 81' lang='grc' dir='ltr'>κτισμάτων</span> <span class='ocrx_word' id='word_1_326' title='bbox 2595 2154 2854 2227; x_wconf 78' lang='grc' dir='ltr'>ἀναλόγως</span> <span class='ocrx_word' id='word_1_327' title='bbox 2907 2158 2933 2207; x_wconf 90' lang='grc' dir='ltr'>ό</span> <span class='ocrx_word' id='word_1_328' title='bbox 2977 2175 3338 2231; x_wconf 79' lang='grc' dir='ltr'>γενεσιουργος</span> <span class='ocrx_word' id='word_1_329' title='bbox 3394 2160 3681 2230; x_wconf 83' lang='grc' dir='ltr'>θεωρεῖται.</span> <span class='ocrx_word' id='word_1_330' title='bbox 3716 2160 3860 2213; x_wconf 85' lang='grc' dir='ltr'>Ἀλλ’</span> 
     </span>
    </p>
   </div>
   <div class='ocr_carea' id='block_1_44' title="bbox 487 2245 2094 2328">
    <p class='ocr_par' dir='ltr' id='par_1_44' title="bbox 487 2245 2094 2328">
     <span class='ocr_line' id='line_1_44' title="bbox 487 2245 2094 2328; baseline -0.011 -15"><span class='ocrx_word' id='word_1_331' title='bbox 487 2274 559 2314; x_wconf 88' lang='lat' dir='ltr'>ac</span> <span class='ocrx_word' id='word_1_332' title='bbox 615 2272 723 2328; x_wconf 90' lang='lat' dir='ltr'>per</span> <span class='ocrx_word' id='word_1_333' title='bbox 770 2270 906 2311; x_wconf 90' lang='lat' dir='ltr'>eam</span> <span class='ocrx_word' id='word_1_334' title='bbox 964 2251 1305 2309; x_wconf 87' lang='lat' dir='ltr'>naturalem</span> <span class='ocrx_word' id='word_1_335' title='bbox 1373 2245 1949 2319; x_wconf 88' lang='lat' dir='ltr'>contemplationem</span> <span class='ocrx_word' id='word_1_336' title='bbox 2006 2259 2094 2311; x_wconf 62' lang='lat' dir='ltr'>sui</span> 
     </span>
    </p>
   </div>
   <div class='ocr_carea' id='block_1_45' title="bbox 2256 2245 3863 2328">
    <p class='ocr_par' dir='ltr' id='par_1_45' title="bbox 2256 2245 3863 2320">
     <span class='ocr_line' id='line_1_45' title="bbox 2256 2245 3863 2320; baseline 0.003 -23"><span class='ocrx_word' id='word_1_337' title='bbox 2256 2245 2733 2318; x_wconf 71' lang='grc' dir='ltr'>εὐχαριστήσαντες</span> <span class='ocrx_word' id='word_1_338' title='bbox 2761 2245 2840 2316; x_wconf 74' lang='grc'>(4)</span> <span class='ocrx_word' id='word_1_339' title='bbox 2899 2250 3067 2319; x_wconf 85' lang='grc' dir='ltr'>Πατρὶ</span> <span class='ocrx_word' id='word_1_340' title='bbox 3106 2250 3196 2298; x_wconf 86' lang='grc' dir='ltr'>καὶ</span> <span class='ocrx_word' id='word_1_341' title='bbox 3247 2249 3351 2318; x_wconf 81' lang='grc' dir='ltr'>Υίῷ</span> <span class='ocrx_word' id='word_1_342' title='bbox 3397 2252 3487 2299; x_wconf 86' lang='grc' dir='ltr'>καὶ</span> <span class='ocrx_word' id='word_1_343' title='bbox 3530 2248 3660 2320; x_wconf 80' lang='grc' dir='ltr'>ἁγίῳ</span> <span class='ocrx_word' id='word_1_344' title='bbox 3702 2253 3863 2302; x_wconf 81' lang='grc' dir='ltr'>Πνεύ-</span> 
     </span>
    </p>
   </div>
   <div class='ocr_carea' id='block_1_46' title="bbox 488 2332 2095 2417">
    <p class='ocr_par' dir='ltr' id='par_1_46' title="bbox 488 2332 2095 2417">
     <span class='ocr_line' id='line_1_46' title="bbox 488 2332 2095 2417; baseline -0.011 -13"><span class='ocrx_word' id='word_1_345' title='bbox 488 2345 682 2417; x_wconf 79' lang='lat' dir='ltr'>gerit,</span> <span class='ocrx_word' id='word_1_346' title='bbox 746 2344 808 2398; x_wconf 89' lang='lat' dir='ltr'>in</span> <span class='ocrx_word' id='word_1_347' title='bbox 879 2357 1002 2413; x_wconf 90' lang='lat' dir='ltr'>qua</span> <span class='ocrx_word' id='word_1_348' title='bbox 1076 2340 1253 2395; x_wconf 88' lang='lat' dir='ltr'>etiam</span> <span class='ocrx_word' id='word_1_349' title='bbox 1310 2337 1385 2392; x_wconf 92' lang='lat' dir='ltr'>de</span> <span class='ocrx_word' id='word_1_350' title='bbox 1448 2340 1656 2392; x_wconf 89' lang='lat' dir='ltr'>sancta</span> <span class='ocrx_word' id='word_1_351' title='bbox 1705 2334 1981 2390; x_wconf 87' lang='lat' dir='ltr'>Trinitate</span> <span class='ocrx_word' id='word_1_352' title='bbox 2037 2332 2095 2387; x_wconf 79' lang='lat' dir='ltr'>dt</span> 
     </span>
    </p>
   </div>
   <div class='ocr_carea' id='block_1_47' title="bbox 2255 2332 3862 2417">
    <p class='ocr_par' dir='ltr' id='par_1_47' title="bbox 2255 2332 3862 2415">
     <span class='ocr_line' id='line_1_47' title="bbox 2255 2332 3862 2415; baseline 0.003 -30"><span class='ocrx_word' id='word_1_353' title='bbox 2255 2354 2400 2407; x_wconf 89' lang='grc' dir='ltr'>ματι,</span> <span class='ocrx_word' id='word_1_354' title='bbox 2434 2337 2589 2409; x_wconf 79' lang='grc' dir='ltr'>πέρας</span> <span class='ocrx_word' id='word_1_355' title='bbox 2614 2332 2868 2406; x_wconf 76' lang='grc' dir='ltr'>ἐπιθῶμεν</span> <span class='ocrx_word' id='word_1_356' title='bbox 2894 2343 2966 2405; x_wconf 81' lang='grc' dir='ltr'>τῷ</span> <span class='ocrx_word' id='word_1_357' title='bbox 2988 2337 3263 2409; x_wconf 88' lang='grc' dir='ltr'>γράμματι</span> <span class='ocrx_word' id='word_1_358' title='bbox 3284 2357 3296 2370; x_wconf 85' lang='grc'><strong>·</strong></span> <span class='ocrx_word' id='word_1_359' title='bbox 3331 2334 3512 2395; x_wconf 73' lang='grc' dir='ltr'>ἐπειδὴ</span> <span class='ocrx_word' id='word_1_360' title='bbox 3540 2344 3640 2390; x_wconf 81' lang='grc' dir='ltr'>πᾶν</span> <span class='ocrx_word' id='word_1_361' title='bbox 3670 2342 3862 2415; x_wconf 78' lang='grc' dir='ltr'>μέτρον</span> 
     </span>
    </p>
   </div>
   <div class='ocr_carea' id='block_1_48' title="bbox 489 2424 2096 2499">
    <p class='ocr_par' dir='ltr' id='par_1_48' title="bbox 489 2424 2096 2497">
     <span class='ocr_line' id='line_1_48' title="bbox 489 2424 2096 2497; baseline -0.01 -7"><span class='ocrx_word' id='word_1_362' title='bbox 489 2434 680 2490; x_wconf 87' lang='lat' dir='ltr'>ctrina</span> <span class='ocrx_word' id='word_1_363' title='bbox 730 2430 1135 2495; x_wconf 88' lang='lat' dir='ltr'>admiscetur;</span> <span class='ocrx_word' id='word_1_364' title='bbox 1193 2424 1496 2497; x_wconf 90' lang='lat' dir='ltr'>siquidem</span> <span class='ocrx_word' id='word_1_365' title='bbox 1551 2440 1624 2479; x_wconf 86' lang='lat' dir='ltr'><strong>ex</strong></span> <span class='ocrx_word' id='word_1_366' title='bbox 1678 2438 1880 2478; x_wconf 90' lang='lat' dir='ltr'>rerum</span> <span class='ocrx_word' id='word_1_367' title='bbox 1926 2424 2096 2476; x_wconf 70' lang='lat' dir='ltr'>creat;</span> 
     </span>
    </p>
   </div>
   <div class='ocr_carea' id='block_1_49' title="bbox 1562 2424 3169 2499">
    <p class='ocr_par' dir='ltr' id='par_1_49' title="bbox 1562 2424 3169 2499">
     <span class='ocr_line' id='line_1_49' title="bbox 1562 2424 3169 2499; baseline -0.002 -20"><span class='ocrx_word' id='word_1_368' title='bbox 1562 2440 1624 2479; x_wconf 75' lang='lat' dir='ltr'>ex</span> <span class='ocrx_word' id='word_1_369' title='bbox 1678 2438 1880 2478; x_wconf 88' lang='lat' dir='ltr'>rerum</span> <span class='ocrx_word' id='word_1_370' title='bbox 1926 2424 2149 2476; x_wconf 88' lang='lat' dir='ltr'>creata-</span> <span class='ocrx_word' id='word_1_371' title='bbox 2255 2425 2492 2499; x_wconf 82' lang='grc' dir='ltr'>ἄριστον,</span> <span class='ocrx_word' id='word_1_372' title='bbox 2526 2429 2613 2475; x_wconf 83' lang='grc' dir='ltr'>καὶ</span> <span class='ocrx_word' id='word_1_373' title='bbox 2642 2426 2671 2481; x_wconf 82' lang='grc' dir='ltr'>ἡ</span> <span class='ocrx_word' id='word_1_374' title='bbox 2702 2429 2963 2497; x_wconf 84' lang='grc' dir='ltr'>παροιμία</span> <span class='ocrx_word' id='word_1_375' title='bbox 2991 2429 3169 2497; x_wconf 88' lang='grc' dir='ltr'>φησίν.</span> 
     </span>
    </p>
   </div>
   <div class='ocr_carea' id='block_1_50' title="bbox 487 2513 2151 2593">
    <p class='ocr_par' dir='ltr' id='par_1_50' title="bbox 487 2513 2151 2593">
     <span class='ocr_line' id='line_1_50' title="bbox 487 2513 2151 2593; baseline -0.01 -13"><span class='ocrx_word' id='word_1_376' title='bbox 487 2539 623 2581; x_wconf 90' lang='lat' dir='ltr'>rum</span> <span class='ocrx_word' id='word_1_377' title='bbox 664 2517 1110 2593; x_wconf 89' lang='lat' dir='ltr'>pulchritudine</span> <span class='ocrx_word' id='word_1_378' title='bbox 1141 2516 1260 2587; x_wconf 84' lang='lat'>90</span> <span class='ocrx_word' id='word_1_379' title='bbox 1290 2513 1718 2570; x_wconf 87' lang='lat' dir='ltr'>convenienter</span> <span class='ocrx_word' id='word_1_380' title='bbox 1757 2514 1989 2566; x_wconf 89' lang='lat' dir='ltr'>creator</span> <span class='ocrx_word' id='word_1_381' title='bbox 2012 2524 2151 2565; x_wconf 90' lang='lat' dir='ltr'>con-</span> 
     </span>
    </p>
   </div>
   <div class='ocr_carea' id='block_1_51' title="bbox 487 2598 2149 2677">
    <p class='ocr_par' dir='ltr' id='par_1_51' title="bbox 487 2598 2149 2677">
     <span class='ocr_line' id='line_1_51' title="bbox 487 2598 2149 2677; baseline -0.008 -10"><span class='ocrx_word' id='word_1_382' title='bbox 487 2611 812 2669; x_wconf 88' lang='lat' dir='ltr'>sideratur.</span> <span class='ocrx_word' id='word_1_383' title='bbox 871 2608 985 2663; x_wconf 92' lang='lat' dir='ltr'>Sed</span> <span class='ocrx_word' id='word_1_384' title='bbox 1032 2606 1162 2677; x_wconf 86' lang='lat' dir='ltr'>jam</span> <span class='ocrx_word' id='word_1_385' title='bbox 1203 2604 1409 2674; x_wconf 88' lang='lat' dir='ltr'>gratiis</span> <span class='ocrx_word' id='word_1_386' title='bbox 1468 2602 1614 2658; x_wconf 86' lang='lat' dir='ltr'>actis</span> <span class='ocrx_word' id='word_1_387' title='bbox 1672 2600 1832 2658; x_wconf 86' lang='lat' dir='ltr'>Patri</span> <span class='ocrx_word' id='word_1_388' title='bbox 1894 2604 1953 2655; x_wconf 90' lang='lat' dir='ltr'>et</span> <span class='ocrx_word' id='word_1_389' title='bbox 2008 2598 2149 2655; x_wconf 90' lang='lat' dir='ltr'>Filio</span> 
     </span>
    </p>
   </div>
   <div class='ocr_carea' id='block_1_52' title="bbox 487 2689 3865 2774">
    <p class='ocr_par' dir='ltr' id='par_1_52' title="bbox 487 2689 3865 2774">
     <span class='ocr_line' id='line_1_52' title="bbox 487 2689 3865 2774; baseline -0.003 -13"><span class='ocrx_word' id='word_1_390' title='bbox 487 2709 546 2761; x_wconf 87' lang='lat' dir='ltr'>et</span> <span class='ocrx_word' id='word_1_391' title='bbox 587 2700 829 2774; x_wconf 87' lang='lat' dir='ltr'>Spiritui</span> <span class='ocrx_word' id='word_1_392' title='bbox 877 2701 1105 2760; x_wconf 89' lang='lat' dir='ltr'>sancto,</span> <span class='ocrx_word' id='word_1_393' title='bbox 1160 2696 1347 2751; x_wconf 86' lang='lat' dir='ltr'>ﬁnem</span> <span class='ocrx_word' id='word_1_394' title='bbox 1393 2695 1788 2766; x_wconf 87' lang='lat' dir='ltr'>imponamus</span> <span class='ocrx_word' id='word_1_395' title='bbox 1841 2690 2048 2747; x_wconf 87' lang='lat' dir='ltr'>litteris</span> <span class='ocrx_word' id='word_1_396' title='bbox 2093 2707 2105 2745; x_wconf 93' lang='lat'><strong>:</strong></span> <span class='ocrx_word' id='word_1_397' title='bbox 2146 2689 2447 2763; x_wconf 87' lang='lat' dir='ltr'>siquidem</span> <span class='ocrx_word' id='word_1_398' title='bbox 2497 2690 2717 2748; x_wconf 91' lang='lat' dir='ltr'>modus</span> <span class='ocrx_word' id='word_1_399' title='bbox 2755 2692 2976 2761; x_wconf 89' lang='lat' dir='ltr'>omnis,</span> <span class='ocrx_word' id='word_1_400' title='bbox 3026 2698 3091 2751; x_wconf 91' lang='lat' dir='ltr'>ut</span> <span class='ocrx_word' id='word_1_401' title='bbox 3139 2693 3323 2751; x_wconf 88' lang='lat' dir='ltr'>etiam</span> <span class='ocrx_word' id='word_1_402' title='bbox 3364 2696 3454 2752; x_wconf 88' lang='lat' dir='ltr'>est</span> <span class='ocrx_word' id='word_1_403' title='bbox 3496 2694 3559 2751; x_wconf 87' lang='lat' dir='ltr'>in</span> <span class='ocrx_word' id='word_1_404' title='bbox 3607 2709 3865 2767; x_wconf 82' lang='lat' dir='ltr'>prover-</span> 
     </span>
    </p>
   </div>
   <div class='ocr_carea' id='block_1_53' title="bbox 486 2790 1050 2863">
    <p class='ocr_par' dir='ltr' id='par_1_53' title="bbox 486 2790 1050 2863">
     <span class='ocr_line' id='line_1_53' title="bbox 486 2790 1050 2863; baseline -0.014 -13"><span class='ocrx_word' id='word_1_405' title='bbox 486 2792 611 2862; x_wconf 90' lang='lat' dir='ltr'>bio,</span> <span class='ocrx_word' id='word_1_406' title='bbox 638 2790 907 2863; x_wconf 88' lang='lat' dir='ltr'>optimus</span> <span class='ocrx_word' id='word_1_407' title='bbox 942 2791 1050 2843; x_wconf 87' lang='lat' dir='ltr'>est.</span> 
     </span>
    </p>
   </div>
   <div class='ocr_carea' id='block_1_54' title="bbox 990 2907 2597 2966">
    <p class='ocr_par' dir='ltr' id='par_1_54' title="bbox 990 2907 1493 2966">
     <span class='ocr_line' id='line_1_54' title="bbox 990 2907 1493 2966; baseline -0.008 -1"><span class='ocrx_word' id='word_1_408' title='bbox 990 2909 1327 2966; x_wconf 84' lang='lat' dir='ltr'>EPISTOLA</span> <span class='ocrx_word' id='word_1_409' title='bbox 1369 2907 1493 2962; x_wconf 72' lang='lat' dir='ltr'>IX‘.</span> 
     </span>
    </p>
   </div>
   <div class='ocr_carea' id='block_1_55' title="bbox 1713 2907 3320 2966">
    <p class='ocr_par' dir='ltr' id='par_1_55' title="bbox 2863 2908 3320 2964">
     <span class='ocr_line' id='line_1_55' title="bbox 2863 2908 3320 2964; baseline 0.009 -4"><span class='ocrx_word' id='word_1_410' title='bbox 2863 2913 3200 2962; x_wconf 83' lang='grc' dir='ltr'>ΕΠΙΣΤΟΛΙΙ</span> <span class='ocrx_word' id='word_1_411' title='bbox 3242 2908 3320 2964; x_wconf 80' lang='grc' dir='ltr'>ϐ’.</span> 
     </span>
    </p>
   </div>
   <div class='ocr_carea' id='block_1_56' title="bbox 486 3028 3873 3115">
    <p class='ocr_par' dir='ltr' id='par_1_56' title="bbox 486 3028 3873 3115">
     <span class='ocr_line' id='line_1_56' title="bbox 486 3028 3873 3115; baseline -0.002 -20"><span class='ocrx_word' id='word_1_412' title='bbox 486 3038 727 3115; x_wconf 63' lang='lat' dir='ltr'>Laudat</span> <span class='ocrx_word' id='word_1_413' title='bbox 756 3036 1113 3115; x_wconf 7' lang='lat' dir='ltr'>Basiliusqin</span> <span class='ocrx_word' id='word_1_414' title='bbox 1135 3030 2159 3115; x_wconf 34' lang='lat' dir='ltr'>Maximo.amorem&#39;primariornm</span> <span class='ocrx_word' id='word_1_415' title='bbox 2210 3028 2518 3115; x_wconf 53' lang='lat' dir='ltr'>bonorum,</span> <span class='ocrx_word' id='word_1_416' title='bbox 2556 3045 2731 3115; x_wconf 53' lang='lat' dir='ltr'>suain</span> <span class='ocrx_word' id='word_1_417' title='bbox 2768 3029 2842 3087; x_wconf 87' lang='lat' dir='ltr'>de</span> <span class='ocrx_word' id='word_1_418' title='bbox 2878 3032 3156 3103; x_wconf 79' lang='lat' dir='ltr'>Dionysii</span> <span class='ocrx_word' id='word_1_419' title='bbox 3182 3033 3598 3090; x_wconf 76' lang='lat' dir='ltr'>Alexandrini</span> <span class='ocrx_word' id='word_1_420' title='bbox 3617 3034 3873 3105; x_wconf 78' lang='lat' dir='ltr'>scriptis</span> 
     </span>
    </p>
   </div>
   <div class='ocr_carea' id='block_1_57' title="bbox 478 3102 3875 3182">
    <p class='ocr_par' dir='ltr' id='par_1_57' title="bbox 478 3102 3875 3182">
     <span class='ocr_line' id='line_1_57' title="bbox 478 3102 3875 3182; baseline -0.002 -16"><span class='ocrx_word' id='word_1_421' title='bbox 478 3113 782 3182; x_wconf 81' lang='lat' dir='ltr'>judicium</span> <span class='ocrx_word' id='word_1_422' title='bbox 806 3109 1153 3182; x_wconf 71' lang='lat' dir='ltr'>pro/“ert,_et</span> <span class='ocrx_word' id='word_1_423' title='bbox 1183 3105 1249 3182; x_wconf 68' lang='lat' dir='ltr'>de</span> <span class='ocrx_word' id='word_1_424' title='bbox 1276 3104 1465 3159; x_wconf 79' lang='lat' dir='ltr'>simili</span> <span class='ocrx_word' id='word_1_425' title='bbox 1487 3102 1813 3159; x_wconf 85' lang='lat' dir='ltr'>secundum</span> <span class='ocrx_word' id='word_1_426' title='bbox 1856 3104 2195 3182; x_wconf 66' lang='lat' dir='ltr'>essentiam.</span> <span class='ocrx_word' id='word_1_427' title='bbox 2238 3102 2573 3182; x_wconf 78' lang='lat' dir='ltr'>Invitat__ut</span> <span class='ocrx_word' id='word_1_428' title='bbox 2617 3102 2699 3156; x_wconf 91' lang='lat' dir='ltr'>ad</span> <span class='ocrx_word' id='word_1_429' title='bbox 2740 3117 2801 3182; x_wconf 63' lang='lat' dir='ltr'>se</span> <span class='ocrx_word' id='word_1_430' title='bbox 2849 3105 3051 3182; x_wconf 70' lang='lat' dir='ltr'>veniat</span> <span class='ocrx_word' id='word_1_431' title='bbox 3095 3104 3224 3163; x_wconf 85' lang='lat' dir='ltr'>(sibi</span> <span class='ocrx_word' id='word_1_432' title='bbox 3266 3105 3424 3162; x_wconf 85' lang='lat' dir='ltr'>enim</span> <span class='ocrx_word' id='word_1_433' title='bbox 3455 3102 3789 3176; x_wconf 69' lang='lat' dir='ltr'>zegrotanii</span> <span class='ocrx_word' id='word_1_434' title='bbox 3819 3112 3875 3163; x_wconf 79' lang='lat' dir='ltr'>et</span> 
     </span>
    </p>
   </div>
   <div class='ocr_carea' id='block_1_58' title="bbox 492 3172 2876 3247">
    <p class='ocr_par' dir='ltr' id='par_1_58' title="bbox 492 3172 2876 3247">
     <span class='ocr_line' id='line_1_58' title="bbox 492 3172 2876 3247; baseline -0.004 -8"><span class='ocrx_word' id='word_1_435' title='bbox 492 3172 713 3239; x_wconf 69' lang='lat' dir='ltr'>latenti</span> <span class='ocrx_word' id='word_1_436' title='bbox 740 3172 821 3236; x_wconf 60' lang='lat' dir='ltr'>in&#39;</span> <span class='ocrx_word' id='word_1_437' title='bbox 836 3172 1167 3235; x_wconf 80' lang='lat' dir='ltr'>solitudine</span> <span class='ocrx_word' id='word_1_438' title='bbox 1191 3178 1490 3247; x_wconf 82' lang='lat' dir='ltr'>integrum</span> <span class='ocrx_word' id='word_1_439' title='bbox 1522 3190 1641 3230; x_wconf 88' lang='lat' dir='ltr'>non</span> <span class='ocrx_word' id='word_1_440' title='bbox 1675 3187 1795 3230; x_wconf 88' lang='lat' dir='ltr'>esse</span> <span class='ocrx_word' id='word_1_441' title='bbox 1824 3172 1905 3228; x_wconf 86' lang='lat' dir='ltr'>ad</span> <span class='ocrx_word' id='word_1_442' title='bbox 1932 3188 2061 3227; x_wconf 87' lang='lat' dir='ltr'>eum</span> <span class='ocrx_word' id='word_1_443' title='bbox 2094 3173 2221 3242; x_wconf 86' lang='lat' dir='ltr'>ire),</span> <span class='ocrx_word' id='word_1_444' title='bbox 2253 3178 2358 3229; x_wconf 88' lang='lat' dir='ltr'>aut</span> <span class='ocrx_word' id='word_1_445' title='bbox 2388 3174 2600 3228; x_wconf 83' lang='lat' dir='ltr'>saltem</span> <span class='ocrx_word' id='word_1_446' title='bbox 2630 3173 2876 3230; x_wconf 82' lang='lat' dir='ltr'>scribat.</span> 
     </span>
    </p>
   </div>
   <div class='ocr_carea' id='block_1_59' title="bbox 975 3298 2582 3373">
    <p class='ocr_par' dir='ltr' id='par_1_59' title="bbox 975 3298 2223 3370">
     <span class='ocr_line' id='line_1_59' title="bbox 975 3298 2223 3370; baseline -0.003 -13"><span class='ocrx_word' id='word_1_447' title='bbox 975 3302 1245 3357; x_wconf 74' lang='lat' dir='ltr'>Maximo</span> <span class='ocrx_word' id='word_1_448' title='bbox 1273 3299 1658 3370; x_wconf 78' lang='lat' dir='ltr'>philosopho.</span> <span class='ocrx_word' id='word_1_449' title='bbox 2182 3298 2223 3353; x_wconf 90' lang='lat' dir='ltr'><strong><em>C</em></strong></span> 
     </span>
    </p>
   </div>
   <div class='ocr_carea' id='block_1_60' title="bbox 1737 3298 3344 3373">
    <p class='ocr_par' dir='ltr' id='par_1_60' title="bbox 2182 3298 3344 3373">
     <span class='ocr_line' id='line_1_60' title="bbox 2182 3298 3344 3373; baseline 0 -20"><span class='ocrx_word' id='word_1_450' title='bbox 2182 3298 2223 3353; x_wconf 88' lang='lat' dir='ltr'><strong><em>C</em></strong></span> <span class='ocrx_word' id='word_1_451' title='bbox 2794 3299 3018 3371; x_wconf 80' lang='grc' dir='ltr'>Μαίξμῳ</span> <span class='ocrx_word' id='word_1_452' title='bbox 3058 3298 3344 3373; x_wconf 85' lang='grc' dir='ltr'>φιλοσόφῳ.</span> 
     </span>
    </p>
   </div>
   <div class='ocr_carea' id='block_1_61' title="bbox 568 3422 2175 3499">
    <p class='ocr_par' dir='ltr' id='par_1_61' title="bbox 568 3425 2142 3498">
     <span class='ocr_line' id='line_1_61' title="bbox 568 3425 2142 3498; baseline -0.008 -11"><span class='ocrx_word' id='word_1_453' title='bbox 568 3437 616 3487; x_wconf 76' lang='grc'><strong>1.</strong></span> <span class='ocrx_word' id='word_1_454' title='bbox 668 3428 974 3498; x_wconf 87' lang='lat' dir='ltr'>Imagines</span> <span class='ocrx_word' id='word_1_455' title='bbox 1029 3441 1167 3481; x_wconf 91' lang='lat' dir='ltr'>vere</span> <span class='ocrx_word' id='word_1_456' title='bbox 1219 3425 1563 3480; x_wconf 88' lang='lat' dir='ltr'>animorum</span> <span class='ocrx_word' id='word_1_457' title='bbox 1615 3428 1757 3478; x_wconf 87' lang='lat' dir='ltr'>sunt</span> <span class='ocrx_word' id='word_1_458' title='bbox 1805 3437 2142 3477; x_wconf 89' lang='lat' dir='ltr'>sermones.</span> 
     </span>
    </p>
   </div>
   <div class='ocr_carea' id='block_1_62' title="bbox 2271 3422 3878 3499">
    <p class='ocr_par' dir='ltr' id='par_1_62' title="bbox 2341 3422 3878 3499">
     <span class='ocr_line' id='line_1_62' title="bbox 2341 3422 3878 3499; baseline 0.003 -22"><span class='ocrx_word' id='word_1_459' title='bbox 2341 3426 2387 3477; x_wconf 82' lang='grc'><strong>1.</strong></span> <span class='ocrx_word' id='word_1_460' title='bbox 2429 3422 2633 3484; x_wconf 80' lang='grc' dir='ltr'>Εἰκόνες</span> <span class='ocrx_word' id='word_1_461' title='bbox 2678 3426 2836 3485; x_wconf 85' lang='grc' dir='ltr'>ὅντως</span> <span class='ocrx_word' id='word_1_462' title='bbox 2873 3431 2973 3475; x_wconf 91' lang='grc' dir='ltr'>τῶν</span> <span class='ocrx_word' id='word_1_463' title='bbox 3026 3423 3217 3495; x_wconf 71' lang='grc' dir='ltr'>ψυχῶν</span> <span class='ocrx_word' id='word_1_464' title='bbox 3258 3424 3389 3477; x_wconf 81' lang='grc' dir='ltr'>εἰσιν</span> <span class='ocrx_word' id='word_1_465' title='bbox 3438 3429 3487 3478; x_wconf 85' lang='grc' dir='ltr'>οἱ</span> <span class='ocrx_word' id='word_1_466' title='bbox 3534 3426 3698 3499; x_wconf 85' lang='grc' dir='ltr'>λόγοι.</span> <span class='ocrx_word' id='word_1_467' title='bbox 3733 3435 3878 3481; x_wconf 78' lang='grc' dir='ltr'>Κατ·</span> 
     </span>
    </p>
   </div>
   <div class='ocr_carea' id='block_1_63' title="bbox 493 3511 2100 3594">
    <p class='ocr_par' dir='ltr' id='par_1_63' title="bbox 493 3512 2100 3594">
     <span class='ocr_line' id='line_1_63' title="bbox 493 3512 2100 3594; baseline -0.011 -13"><span class='ocrx_word' id='word_1_468' title='bbox 493 3520 900 3594; x_wconf 85' lang='lat' dir='ltr'>Cognovimus</span> <span class='ocrx_word' id='word_1_469' title='bbox 928 3518 1135 3588; x_wconf 88' lang='lat' dir='ltr'>itaque</span> <span class='ocrx_word' id='word_1_470' title='bbox 1166 3521 1221 3571; x_wconf 90' lang='lat' dir='ltr'>te</span> <span class='ocrx_word' id='word_1_471' title='bbox 1253 3531 1325 3569; x_wconf 81' lang='lat' dir='ltr'>ex</span> <span class='ocrx_word' id='word_1_472' title='bbox 1368 3514 1597 3579; x_wconf 88' lang='lat' dir='ltr'>litteris,</span> <span class='ocrx_word' id='word_1_473' title='bbox 1640 3516 1959 3584; x_wconf 88' lang='lat' dir='ltr'>quantum,</span> <span class='ocrx_word' id='word_1_474' title='bbox 1988 3512 2100 3566; x_wconf 79' lang='lat' dir='ltr'>aiui</span> 
     </span>
    </p>
   </div>
   <div class='ocr_carea' id='block_1_64' title="bbox 2275 3511 3882 3594">
    <p class='ocr_par' dir='ltr' id='par_1_64' title="bbox 2275 3511 3882 3591">
     <span class='ocr_line' id='line_1_64' title="bbox 2275 3511 3882 3591; baseline 0.006 -28"><span class='ocrx_word' id='word_1_475' title='bbox 2275 3515 2517 3585; x_wconf 81' lang='grc' dir='ltr'>ιμάθομεν</span> <span class='ocrx_word' id='word_1_476' title='bbox 2548 3511 2635 3565; x_wconf 79' lang='grc' dir='ltr'>οὖν</span> <span class='ocrx_word' id='word_1_477' title='bbox 2668 3534 2724 3566; x_wconf 85' lang='grc' dir='ltr'>σε</span> <span class='ocrx_word' id='word_1_478' title='bbox 2779 3511 2871 3566; x_wconf 84' lang='grc' dir='ltr'>διὰ</span> <span class='ocrx_word' id='word_1_479' title='bbox 2920 3522 3012 3566; x_wconf 80' lang='grc' dir='ltr'>τοῦ</span> <span class='ocrx_word' id='word_1_480' title='bbox 3045 3518 3375 3589; x_wconf 76' lang='grc' dir='ltr'>γράμματος,</span> <span class='ocrx_word' id='word_1_481' title='bbox 3417 3519 3560 3585; x_wconf 86' lang='grc' dir='ltr'>ὅσον,</span> <span class='ocrx_word' id='word_1_482' title='bbox 3613 3524 3802 3591; x_wconf 81' lang='grc' dir='ltr'>φασὶν,</span> <span class='ocrx_word' id='word_1_483' title='bbox 3830 3519 3882 3581; x_wconf 77' lang='grc' dir='ltr'>ἐξ</span> 
     </span>
    </p>
   </div>
   <div class='ocr_carea' id='block_1_65' title="bbox 493 3598 2100 3681">
    <p class='ocr_par' dir='ltr' id='par_1_65' title="bbox 493 3598 2100 3679">
     <span class='ocr_line' id='line_1_65' title="bbox 493 3598 2100 3679; baseline -0.01 -10"><span class='ocrx_word' id='word_1_484' title='bbox 493 3628 564 3669; x_wconf 79' lang='lat' dir='ltr'>ex</span> <span class='ocrx_word' id='word_1_485' title='bbox 591 3607 899 3679; x_wconf 89' lang='lat' dir='ltr'>unguibus</span> <span class='ocrx_word' id='word_1_486' title='bbox 936 3605 1171 3661; x_wconf 83' lang='lat' dir='ltr'>leonem</span> <span class='ocrx_word' id='word_1_487' title='bbox 1200 3620 1212 3658; x_wconf 94' lang='lat'>:</span> <span class='ocrx_word' id='word_1_488' title='bbox 1244 3602 1553 3672; x_wconf 89' lang='lat' dir='ltr'>gavisique</span> <span class='ocrx_word' id='word_1_489' title='bbox 1566 3603 1827 3671; x_wconf 46' lang='lat' dir='ltr'>5sumus,</span> <span class='ocrx_word' id='word_1_490' title='bbox 1854 3598 2021 3672; x_wconf 90' lang='lat' dir='ltr'>quod</span> <span class='ocrx_word' id='word_1_491' title='bbox 2070 3599 2100 3653; x_wconf 79' lang='lat' dir='ltr'>i1</span> 
     </span>
    </p>
   </div>
   <div class='ocr_carea' id='block_1_66' title="bbox 2274 3598 3881 3681">
    <p class='ocr_par' dir='ltr' id='par_1_66' title="bbox 2274 3602 3881 3681">
     <span class='ocr_line' id='line_1_66' title="bbox 2274 3602 3881 3681; baseline 0.006 -30"><span class='ocrx_word' id='word_1_492' title='bbox 2274 3603 2469 3672; x_wconf 77' lang='grc' dir='ltr'>ονύχων</span> <span class='ocrx_word' id='word_1_493' title='bbox 2508 3622 2593 3654; x_wconf 89' lang='grc' dir='ltr'>τον</span> <span class='ocrx_word' id='word_1_494' title='bbox 2648 3602 2861 3655; x_wconf 86' lang='grc' dir='ltr'>λέοντα·</span> <span class='ocrx_word' id='word_1_495' title='bbox 2922 3608 3013 3655; x_wconf 83' lang='grc' dir='ltr'>καὶ</span> <span class='ocrx_word' id='word_1_496' title='bbox 3067 3606 3321 3677; x_wconf 77' lang='grc' dir='ltr'>ἢσθημεν,</span> <span class='ocrx_word' id='word_1_497' title='bbox 3365 3607 3595 3681; x_wconf 76' lang='grc' dir='ltr'>εὑρόντες</span> <span class='ocrx_word' id='word_1_498' title='bbox 3643 3627 3769 3681; x_wconf 84' lang='grc' dir='ltr'>περι</span> <span class='ocrx_word' id='word_1_499' title='bbox 3818 3611 3881 3661; x_wconf 84' lang='grc' dir='ltr'>τὰ</span> 
     </span>
    </p>
   </div>
   <div class='ocr_carea' id='block_1_67' title="bbox 492 3688 2099 3770">
    <p class='ocr_par' dir='ltr' id='par_1_67' title="bbox 492 3688 2089 3761">
     <span class='ocr_line' id='line_1_67' title="bbox 492 3688 2089 3761; baseline -0.011 -2"><span class='ocrx_word' id='word_1_500' title='bbox 492 3699 844 3758; x_wconf 88' lang='lat' dir='ltr'>venerimus</span> <span class='ocrx_word' id='word_1_501' title='bbox 870 3701 923 3752; x_wconf 91' lang='lat' dir='ltr'>te</span> <span class='ocrx_word' id='word_1_502' title='bbox 955 3692 1122 3750; x_wconf 90' lang='lat' dir='ltr'>haud</span> <span class='ocrx_word' id='word_1_503' title='bbox 1151 3692 1415 3761; x_wconf 85' lang='lat' dir='ltr'>segniter</span> <span class='ocrx_word' id='word_1_504' title='bbox 1444 3690 1727 3745; x_wconf 76' lang='lat' dir='ltr'>affectum</span> <span class='ocrx_word' id='word_1_505' title='bbox 1763 3704 1909 3759; x_wconf 88' lang='lat' dir='ltr'>erga</span> <span class='ocrx_word' id='word_1_506' title='bbox 1939 3688 2089 3761; x_wconf 91' lang='lat' dir='ltr'>prim</span> 
     </span>
    </p>
   </div>
   <div class='ocr_carea' id='block_1_68' title="bbox 2273 3688 3880 3770">
    <p class='ocr_par' dir='ltr' id='par_1_68' title="bbox 2273 3692 3880 3770">
     <span class='ocr_line' id='line_1_68' title="bbox 2273 3692 3880 3770; baseline 0.007 -30"><span class='ocrx_word' id='word_1_507' title='bbox 2273 3698 2448 3762; x_wconf 81' lang='grc' dir='ltr'>πρῶτα</span> <span class='ocrx_word' id='word_1_508' title='bbox 2477 3696 2566 3742; x_wconf 85' lang='grc' dir='ltr'>καὶ</span> <span class='ocrx_word' id='word_1_509' title='bbox 2588 3696 2816 3764; x_wconf 86' lang='grc' dir='ltr'>μέγιστα</span> <span class='ocrx_word' id='word_1_510' title='bbox 2843 3693 2919 3765; x_wconf 76' lang='grc' dir='ltr'>(ὅ)</span> <span class='ocrx_word' id='word_1_511' title='bbox 2951 3702 3049 3745; x_wconf 88' lang='grc' dir='ltr'>τῶν</span> <span class='ocrx_word' id='word_1_512' title='bbox 3091 3692 3296 3765; x_wconf 81' lang='grc' dir='ltr'>ἀγαθῶν</span> <span class='ocrx_word' id='word_1_513' title='bbox 3340 3696 3433 3747; x_wconf 85' lang='grc' dir='ltr'>ούκ</span> <span class='ocrx_word' id='word_1_514' title='bbox 3462 3695 3638 3770; x_wconf 81' lang='grc' dir='ltr'>ἀργῶς</span> <span class='ocrx_word' id='word_1_515' title='bbox 3669 3693 3880 3751; x_wconf 78' lang='grc' dir='ltr'>διακεί-</span> 
     </span>
    </p>
   </div>
   <div class='ocr_carea' id='block_1_69' title="bbox 495 3775 2102 3854">
    <p class='ocr_par' dir='ltr' id='par_1_69' title="bbox 495 3776 2102 3850">
     <span class='ocr_line' id='line_1_69' title="bbox 495 3776 2102 3850; baseline -0.011 -3"><span class='ocrx_word' id='word_1_516' title='bbox 495 3792 587 3847; x_wconf 89' lang='lat' dir='ltr'>ria</span> <span class='ocrx_word' id='word_1_517' title='bbox 610 3806 678 3845; x_wconf 88' lang='lat' dir='ltr'>ac</span> <span class='ocrx_word' id='word_1_518' title='bbox 710 3787 978 3844; x_wconf 87' lang='lat' dir='ltr'>maxima</span> <span class='ocrx_word' id='word_1_519' title='bbox 1004 3783 1186 3849; x_wconf 87' lang='lat' dir='ltr'>bona,</span> <span class='ocrx_word' id='word_1_520' title='bbox 1220 3779 1602 3836; x_wconf 90' lang='lat' dir='ltr'>dilectionem</span> <span class='ocrx_word' id='word_1_521' title='bbox 1653 3778 1755 3834; x_wconf 92' lang='lat' dir='ltr'>Dei</span> <span class='ocrx_word' id='word_1_522' title='bbox 1785 3782 1841 3833; x_wconf 91' lang='lat' dir='ltr'>et</span> <span class='ocrx_word' id='word_1_523' title='bbox 1872 3776 2102 3850; x_wconf 77' lang='lat' dir='ltr'>proxim</span> 
     </span>
    </p>
   </div>
   <div class='ocr_carea' id='block_1_70' title="bbox 2273 3775 3880 3854">
    <p class='ocr_par' dir='ltr' id='par_1_70' title="bbox 2273 3782 3880 3854">
     <span class='ocr_line' id='line_1_70' title="bbox 2273 3782 3880 3854; baseline 0.006 -24"><span class='ocrx_word' id='word_1_524' title='bbox 2273 3797 2434 3850; x_wconf 85' lang='grc' dir='ltr'>μενον,</span> <span class='ocrx_word' id='word_1_525' title='bbox 2467 3783 2560 3837; x_wconf 78' lang='grc' dir='ltr'>τὴν</span> <span class='ocrx_word' id='word_1_526' title='bbox 2582 3798 2636 3831; x_wconf 89' lang='grc' dir='ltr'>τε</span> <span class='ocrx_word' id='word_1_527' title='bbox 2674 3796 2805 3853; x_wconf 86' lang='grc' dir='ltr'>προς</span> <span class='ocrx_word' id='word_1_528' title='bbox 2847 3801 2932 3833; x_wconf 88' lang='grc' dir='ltr'>τόν</span> <span class='ocrx_word' id='word_1_529' title='bbox 2979 3790 3105 3835; x_wconf 86' lang='grc' dir='ltr'>Θεον</span> <span class='ocrx_word' id='word_1_530' title='bbox 3136 3782 3345 3854; x_wconf 78' lang='grc' dir='ltr'>ἀγάπην</span> <span class='ocrx_word' id='word_1_531' title='bbox 3372 3787 3460 3836; x_wconf 84' lang='grc' dir='ltr'>καὶ</span> <span class='ocrx_word' id='word_1_532' title='bbox 3487 3804 3573 3837; x_wconf 86' lang='grc' dir='ltr'>τον</span> <span class='ocrx_word' id='word_1_533' title='bbox 3624 3785 3880 3844; x_wconf 70' lang='grc' dir='ltr'>πλησίον.</span> 
     </span>
    </p>
   </div>
   <div class='ocr_carea' id='block_1_71' title="bbox 500 3865 2107 3946">
    <p class='ocr_par' dir='ltr' id='par_1_71' title="bbox 500 3865 2107 3938">
     <span class='ocr_line' id='line_1_71' title="bbox 500 3865 2107 3938; baseline -0.009 -4"><span class='ocrx_word' id='word_1_534' title='bbox 500 3878 800 3935; x_wconf 89' lang='lat' dir='ltr'>Indicium</span> <span class='ocrx_word' id='word_1_535' title='bbox 840 3879 1040 3930; x_wconf 88' lang='lat' dir='ltr'>autem</span> <span class='ocrx_word' id='word_1_536' title='bbox 1090 3870 1346 3926; x_wconf 85' lang='lat' dir='ltr'>facimus</span> <span class='ocrx_word' id='word_1_537' title='bbox 1384 3867 1566 3938; x_wconf 87' lang='lat' dir='ltr'>hujus</span> <span class='ocrx_word' id='word_1_538' title='bbox 1596 3867 1863 3938; x_wconf 82' lang='lat' dir='ltr'>quidem,</span> <span class='ocrx_word' id='word_1_539' title='bbox 1901 3872 2067 3921; x_wconf 88' lang='lat' dir='ltr'>tuam</span> <span class='ocrx_word' id='word_1_540' title='bbox 2098 3865 2107 3919; x_wconf 87' lang='lat' dir='ltr'>i</span> 
     </span>
    </p>
   </div>
   <div class='ocr_carea' id='block_1_72' title="bbox 2279 3865 3886 3946">
    <p class='ocr_par' dir='ltr' id='par_1_72' title="bbox 2279 3865 3886 3946">
     <span class='ocr_line' id='line_1_72' title="bbox 2279 3865 3886 3946; baseline 0.005 -27"><span class='ocrx_word' id='word_1_541' title='bbox 2279 3874 2484 3939; x_wconf 80' lang='grc' dir='ltr'>Σημεῖον</span> <span class='ocrx_word' id='word_1_542' title='bbox 2516 3865 2575 3920; x_wconf 72' lang='grc' dir='ltr'>δὲ</span> <span class='ocrx_word' id='word_1_543' title='bbox 2603 3872 2892 3942; x_wconf 81' lang='grc' dir='ltr'>ποιούμεθα</span> <span class='ocrx_word' id='word_1_544' title='bbox 2921 3890 3013 3923; x_wconf 89' lang='grc' dir='ltr'>του</span> <span class='ocrx_word' id='word_1_545' title='bbox 3044 3874 3134 3943; x_wconf 75' lang='grc' dir='ltr'>μὲν</span> <span class='ocrx_word' id='word_1_546' title='bbox 3156 3876 3249 3931; x_wconf 79' lang='grc' dir='ltr'>τὴν</span> <span class='ocrx_word' id='word_1_547' title='bbox 3276 3878 3395 3945; x_wconf 84' lang='grc' dir='ltr'>περὶ</span> <span class='ocrx_word' id='word_1_548' title='bbox 3425 3876 3564 3946; x_wconf 73' lang='grc' dir='ltr'>ἡμᾶς</span> <span class='ocrx_word' id='word_1_549' title='bbox 3596 3870 3886 3937; x_wconf 77' lang='grc' dir='ltr'>δεξιότητά</span> 
     </span>
    </p>
   </div>
   <div class='ocr_carea' id='block_1_73' title="bbox 500 3953 2107 4032">
    <p class='ocr_par' dir='ltr' id='par_1_73' title="bbox 500 3953 2107 4029">
     <span class='ocr_line' id='line_1_73' title="bbox 500 3953 2107 4029; baseline -0.009 -8"><span class='ocrx_word' id='word_1_550' title='bbox 500 3982 614 4021; x_wconf 88' lang='lat' dir='ltr'>nos</span> <span class='ocrx_word' id='word_1_551' title='bbox 643 3962 1104 4029; x_wconf 89' lang='lat' dir='ltr'>humanitatem,</span> <span class='ocrx_word' id='word_1_552' title='bbox 1147 3959 1304 4014; x_wconf 91' lang='lat' dir='ltr'>illius</span> <span class='ocrx_word' id='word_1_553' title='bbox 1352 3971 1518 4020; x_wconf 90' lang='lat' dir='ltr'>vero,</span> <span class='ocrx_word' id='word_1_554' title='bbox 1564 3954 1832 4010; x_wconf 90' lang='lat' dir='ltr'>studium</span> <span class='ocrx_word' id='word_1_555' title='bbox 1876 3953 2107 4009; x_wconf 71' lang='lat' dir='ltr'>scientia</span> 
     </span>
    </p>
   </div>
   <div class='ocr_carea' id='block_1_74' title="bbox 2279 3953 3886 4032">
    <p class='ocr_par' dir='ltr' id='par_1_74' title="bbox 2279 3953 3886 4032">
     <span class='ocr_line' id='line_1_74' title="bbox 2279 3953 3886 4032; baseline 0.006 -24"><span class='ocrx_word' id='word_1_556' title='bbox 2279 3975 2391 4021; x_wconf 78' lang='grc' dir='ltr'>σου,</span> <span class='ocrx_word' id='word_1_557' title='bbox 2436 3976 2527 4009; x_wconf 90' lang='grc' dir='ltr'>του</span> <span class='ocrx_word' id='word_1_558' title='bbox 2584 3953 2644 4010; x_wconf 74' lang='grc' dir='ltr'>δὲ</span> <span class='ocrx_word' id='word_1_559' title='bbox 2688 3964 2780 4016; x_wconf 73' lang='grc' dir='ltr'>τὴν</span> <span class='ocrx_word' id='word_1_560' title='bbox 2838 3964 2955 4032; x_wconf 86' lang='grc' dir='ltr'>περὶ</span> <span class='ocrx_word' id='word_1_561' title='bbox 3001 3968 3196 4032; x_wconf 90' lang='grc' dir='ltr'>γνῶσιν</span> <span class='ocrx_word' id='word_1_562' title='bbox 3243 3959 3502 4021; x_wconf 76' lang='grc' dir='ltr'>σπουδήν.</span> <span class='ocrx_word' id='word_1_563' title='bbox 3544 3962 3665 4016; x_wconf 77' lang='grc' dir='ltr'>Ὀτι</span> <span class='ocrx_word' id='word_1_564' title='bbox 3716 3962 3781 4017; x_wconf 67' lang='grc' dir='ltr'>δὲ</span> <span class='ocrx_word' id='word_1_565' title='bbox 3836 3964 3886 4016; x_wconf 77' lang='grc' dir='ltr'>ἐν</span> 
     </span>
    </p>
   </div>
   <div class='ocr_carea' id='block_1_75' title="bbox 505 4040 2112 4129">
    <p class='ocr_par' dir='ltr' id='par_1_75' title="bbox 505 4040 2112 4115">
     <span class='ocr_line' id='line_1_75' title="bbox 505 4040 2112 4115; baseline -0.007 -6"><span class='ocrx_word' id='word_1_566' title='bbox 505 4052 723 4111; x_wconf 89' lang='lat' dir='ltr'>Omnia</span> <span class='ocrx_word' id='word_1_567' title='bbox 775 4054 977 4105; x_wconf 90' lang='lat' dir='ltr'>autem</span> <span class='ocrx_word' id='word_1_568' title='bbox 1028 4048 1090 4103; x_wconf 91' lang='lat' dir='ltr'>in</span> <span class='ocrx_word' id='word_1_569' title='bbox 1147 4047 1240 4102; x_wconf 90' lang='lat' dir='ltr'>his</span> <span class='ocrx_word' id='word_1_570' title='bbox 1299 4044 1541 4100; x_wconf 91' lang='lat' dir='ltr'>duobus</span> <span class='ocrx_word' id='word_1_571' title='bbox 1588 4042 1787 4115; x_wconf 87' lang='lat' dir='ltr'>posita</span> <span class='ocrx_word' id='word_1_572' title='bbox 1835 4059 1985 4111; x_wconf 89' lang='lat' dir='ltr'>esse,</span> <span class='ocrx_word' id='word_1_573' title='bbox 2016 4040 2112 4098; x_wconf 88' lang='lat' dir='ltr'>nu]</span> 
     </span>
    </p>
   </div>
   <div class='ocr_carea' id='block_1_76' title="bbox 2281 4040 3888 4129">
    <p class='ocr_par' dir='ltr' id='par_1_76' title="bbox 2281 4043 3888 4129">
     <span class='ocr_line' id='line_1_76' title="bbox 2281 4043 3888 4129; baseline 0.005 -30"><span class='ocrx_word' id='word_1_574' title='bbox 2281 4043 2421 4099; x_wconf 70' lang='grc' dir='ltr'>δυοῖν</span> <span class='ocrx_word' id='word_1_575' title='bbox 2460 4049 2663 4098; x_wconf 89' lang='grc' dir='ltr'>τούτοιν</span> <span class='ocrx_word' id='word_1_576' title='bbox 2712 4046 2822 4100; x_wconf 75' lang='grc' dir='ltr'>ἐστὶ</span> <span class='ocrx_word' id='word_1_577' title='bbox 2864 4050 2929 4100; x_wconf 81' lang='grc' dir='ltr'>τὰ</span> <span class='ocrx_word' id='word_1_578' title='bbox 2973 4048 3083 4117; x_wconf 85' lang='grc' dir='ltr'>όλα,</span> <span class='ocrx_word' id='word_1_579' title='bbox 3143 4056 3400 4124; x_wconf 81' lang='grc' dir='ltr'>γνώριμον</span> <span class='ocrx_word' id='word_1_580' title='bbox 3448 4057 3603 4106; x_wconf 89' lang='grc' dir='ltr'>παντὶ</span> <span class='ocrx_word' id='word_1_581' title='bbox 3642 4060 3888 4129; x_wconf 77' lang='grc' dir='ltr'>Χριστου</span> 
     </span>
    </p>
   </div>
   <div class='ocr_carea' id='block_1_77' title="bbox 507 4135 2114 4210">
    <p class='ocr_par' dir='ltr' id='par_1_77' title="bbox 507 4135 1481 4210">
     <span class='ocr_line' id='line_1_77' title="bbox 507 4135 1481 4210; baseline -0.011 -12"><span class='ocrx_word' id='word_1_582' title='bbox 507 4140 718 4200; x_wconf 87' lang='lat' dir='ltr'>Christi</span> <span class='ocrx_word' id='word_1_583' title='bbox 744 4136 1047 4210; x_wconf 88' lang='lat' dir='ltr'>discipulo</span> <span class='ocrx_word' id='word_1_584' title='bbox 1073 4135 1348 4205; x_wconf 89' lang='lat' dir='ltr'>ignotum</span> <span class='ocrx_word' id='word_1_585' title='bbox 1377 4138 1481 4188; x_wconf 89' lang='lat' dir='ltr'>est.</span> 
     </span>
    </p>
   </div>
   <div class='ocr_carea' id='block_1_78' title="bbox 899 4135 2506 4210">
    <p class='ocr_par' dir='ltr' id='par_1_78' title="bbox 902 4135 2506 4210">
     <span class='ocr_line' id='line_1_78' title="bbox 902 4135 2506 4210; baseline -0.002 -19"><span class='ocrx_word' id='word_1_586' title='bbox 902 4136 1047 4210; x_wconf 91' lang='lat' dir='ltr'>pulo</span> <span class='ocrx_word' id='word_1_587' title='bbox 1073 4135 1348 4205; x_wconf 89' lang='lat' dir='ltr'>ignotum</span> <span class='ocrx_word' id='word_1_588' title='bbox 1377 4138 1481 4188; x_wconf 89' lang='lat' dir='ltr'>est.</span> <span class='ocrx_word' id='word_1_589' title='bbox 2272 4137 2506 4209; x_wconf 72' lang='grc' dir='ltr'>μαθητῇ.</span> 
     </span>
    </p>
   </div>
   <div class='ocr_carea' id='block_1_79' title="bbox 577 4221 2184 4309">
    <p class='ocr_par' dir='ltr' id='par_1_79' title="bbox 577 4221 2169 4297">
     <span class='ocr_line' id='line_1_79' title="bbox 577 4221 2169 4297; baseline -0.008 -11"><span class='ocrx_word' id='word_1_590' title='bbox 577 4235 632 4286; x_wconf 82' lang='lat'>2.</span> <span class='ocrx_word' id='word_1_591' title='bbox 676 4231 966 4285; x_wconf 63' lang='lat' dir='ltr'>Craterum</span> <span class='ocrx_word' id='word_1_592' title='bbox 1006 4240 1143 4297; x_wconf 65' lang='lat' dir='ltr'>qua:</span> <span class='ocrx_word' id='word_1_593' title='bbox 1189 4223 1463 4296; x_wconf 85' lang='lat' dir='ltr'>postulas</span> <span class='ocrx_word' id='word_1_594' title='bbox 1506 4221 1771 4293; x_wconf 85' lang='lat' dir='ltr'>Dionysii</span> <span class='ocrx_word' id='word_1_595' title='bbox 1801 4221 2041 4292; x_wconf 85' lang='lat' dir='ltr'>scripta,</span> <span class='ocrx_word' id='word_1_596' title='bbox 2072 4235 2169 4274; x_wconf 87' lang='lat' dir='ltr'>ve-</span> 
     </span>
    </p>
   </div>
   <div class='ocr_carea' id='block_1_80' title="bbox 2285 4221 3892 4309">
    <p class='ocr_par' dir='ltr' id='par_1_80' title="bbox 2346 4224 3892 4309">
     <span class='ocr_line' id='line_1_80' title="bbox 2346 4224 3892 4309; baseline 0.003 -28"><span class='ocrx_word' id='word_1_597' title='bbox 2346 4231 2397 4281; x_wconf 86' lang='lat'>2.</span> <span class='ocrx_word' id='word_1_598' title='bbox 2447 4225 2511 4279; x_wconf 83' lang='grc' dir='ltr'><strong>Ἀ</strong></span> <span class='ocrx_word' id='word_1_599' title='bbox 2567 4224 2624 4279; x_wconf 74' lang='grc' dir='ltr'>δὲ</span> <span class='ocrx_word' id='word_1_600' title='bbox 2664 4226 2924 4290; x_wconf 79' lang='grc' dir='ltr'>ἐπιζητεῖς</span> <span class='ocrx_word' id='word_1_601' title='bbox 2976 4238 3075 4282; x_wconf 90' lang='grc' dir='ltr'>τῶν</span> <span class='ocrx_word' id='word_1_602' title='bbox 3128 4238 3396 4285; x_wconf 84' lang='grc' dir='ltr'>Διονυσίου</span> <span class='ocrx_word' id='word_1_603' title='bbox 3444 4233 3543 4303; x_wconf 87' lang='grc'>(6),</span> <span class='ocrx_word' id='word_1_604' title='bbox 3609 4230 3737 4292; x_wconf 76' lang='grc' dir='ltr'>ἦλθε</span> <span class='ocrx_word' id='word_1_605' title='bbox 3796 4237 3892 4309; x_wconf 72' lang='grc' dir='ltr'>μὶν</span> 
     </span>
    </p>
   </div>
   <div class='ocr_carea' id='block_1_81' title="bbox 509 4309 2116 4396">
    <p class='ocr_par' dir='ltr' id='par_1_81' title="bbox 509 4309 2116 4389">
     <span class='ocr_line' id='line_1_81' title="bbox 509 4309 2116 4389; baseline -0.008 -11"><span class='ocrx_word' id='word_1_606' title='bbox 509 4336 651 4378; x_wconf 88' lang='lat' dir='ltr'>nere</span> <span class='ocrx_word' id='word_1_607' title='bbox 685 4318 783 4374; x_wconf 90' lang='lat' dir='ltr'>illa</span> <span class='ocrx_word' id='word_1_608' title='bbox 814 4315 1063 4389; x_wconf 90' lang='lat' dir='ltr'>quidem</span> <span class='ocrx_word' id='word_1_609' title='bbox 1091 4312 1168 4368; x_wconf 91' lang='lat' dir='ltr'>ad</span> <span class='ocrx_word' id='word_1_610' title='bbox 1210 4328 1343 4380; x_wconf 92' lang='lat' dir='ltr'>nos,</span> <span class='ocrx_word' id='word_1_611' title='bbox 1373 4317 1429 4367; x_wconf 88' lang='lat' dir='ltr'>et</span> <span class='ocrx_word' id='word_1_612' title='bbox 1456 4310 1631 4366; x_wconf 86' lang='lat' dir='ltr'>valde</span> <span class='ocrx_word' id='word_1_613' title='bbox 1659 4310 1887 4367; x_wconf 87' lang='lat' dir='ltr'>multa:</span> <span class='ocrx_word' id='word_1_614' title='bbox 1918 4309 2024 4365; x_wconf 90' lang='lat' dir='ltr'>sed</span> <span class='ocrx_word' id='word_1_615' title='bbox 2045 4324 2116 4365; x_wconf 86' lang='lat' dir='ltr'>no</span> 
     </span>
    </p>
   </div>
   <div class='ocr_carea' id='block_1_82' title="bbox 2289 4309 3896 4396">
    <p class='ocr_par' dir='ltr' id='par_1_82' title="bbox 2289 4316 3896 4396">
     <span class='ocr_line' id='line_1_82' title="bbox 2289 4316 3896 4396; baseline 0.006 -29"><span class='ocrx_word' id='word_1_616' title='bbox 2289 4316 2350 4377; x_wconf 71' lang='grc' dir='ltr'>εἰς</span> <span class='ocrx_word' id='word_1_617' title='bbox 2399 4318 2560 4388; x_wconf 77' lang='grc' dir='ltr'>ἡμᾶς,</span> <span class='ocrx_word' id='word_1_618' title='bbox 2608 4323 2699 4370; x_wconf 82' lang='grc' dir='ltr'>καὶ</span> <span class='ocrx_word' id='word_1_619' title='bbox 2744 4322 2879 4371; x_wconf 87' lang='grc' dir='ltr'>πάνυ</span> <span class='ocrx_word' id='word_1_620' title='bbox 2932 4320 3129 4372; x_wconf 84' lang='grc' dir='ltr'>πολλά·</span> <span class='ocrx_word' id='word_1_621' title='bbox 3186 4320 3245 4373; x_wconf 84' lang='grc' dir='ltr'>ού</span> <span class='ocrx_word' id='word_1_622' title='bbox 3301 4324 3526 4396; x_wconf 85' lang='grc' dir='ltr'>πάρεστί</span> <span class='ocrx_word' id='word_1_623' title='bbox 3568 4342 3628 4395; x_wconf 85' lang='grc' dir='ltr'>γε</span> <span class='ocrx_word' id='word_1_624' title='bbox 3678 4328 3792 4395; x_wconf 72' lang='grc' dir='ltr'>μὴν</span> <span class='ocrx_word' id='word_1_625' title='bbox 3826 4327 3896 4377; x_wconf 77' lang='grc' dir='ltr'>τὰ</span> 
     </span>
    </p>
   </div>
   <div class='ocr_carea' id='block_1_83' title="bbox 513 4399 2120 4485">
    <p class='ocr_par' dir='ltr' id='par_1_83' title="bbox 513 4399 2120 4473">
     <span class='ocr_line' id='line_1_83' title="bbox 513 4399 2120 4473; baseline -0.009 -7"><span class='ocrx_word' id='word_1_626' title='bbox 513 4410 736 4467; x_wconf 87' lang='lat' dir='ltr'>adsunt</span> <span class='ocrx_word' id='word_1_627' title='bbox 756 4406 911 4473; x_wconf 90' lang='lat' dir='ltr'>libri,</span> <span class='ocrx_word' id='word_1_628' title='bbox 934 4410 989 4459; x_wconf 92' lang='lat' dir='ltr'>et</span> <span class='ocrx_word' id='word_1_629' title='bbox 1009 4403 1233 4459; x_wconf 90' lang='lat' dir='ltr'>idcirco</span> <span class='ocrx_word' id='word_1_630' title='bbox 1266 4416 1389 4457; x_wconf 88' lang='lat' dir='ltr'>non</span> <span class='ocrx_word' id='word_1_631' title='bbox 1414 4399 1714 4455; x_wconf 88' lang='lat' dir='ltr'>misimus.</span> <span class='ocrx_word' id='word_1_632' title='bbox 1744 4400 2044 4455; x_wconf 89' lang='lat' dir='ltr'>Sententia</span> <span class='ocrx_word' id='word_1_633' title='bbox 2069 4414 2120 4455; x_wconf 75' lang='lat' dir='ltr'>a1</span> 
     </span>
    </p>
   </div>
   <div class='ocr_carea' id='block_1_84' title="bbox 2289 4399 3896 4485">
    <p class='ocr_par' dir='ltr' id='par_1_84' title="bbox 2289 4402 3896 4485">
     <span class='ocr_line' id='line_1_84' title="bbox 2289 4402 3896 4485; baseline 0.006 -30"><span class='ocrx_word' id='word_1_634' title='bbox 2289 4403 2482 4476; x_wconf 76' lang='grc' dir='ltr'>βιϐλία,</span> <span class='ocrx_word' id='word_1_635' title='bbox 2532 4402 2713 4479; x_wconf 80' lang='grc' dir='ltr'>διόπερ</span> <span class='ocrx_word' id='word_1_636' title='bbox 2768 4407 2861 4459; x_wconf 85' lang='grc' dir='ltr'>ούκ</span> <span class='ocrx_word' id='word_1_637' title='bbox 2914 4406 3304 4482; x_wconf 77' lang='grc' dir='ltr'>ἀπεστείλαμεν.</span> <span class='ocrx_word' id='word_1_638' title='bbox 3356 4410 3584 4484; x_wconf 82' lang='grc' dir='ltr'>Ἔχομεν</span> <span class='ocrx_word' id='word_1_639' title='bbox 3641 4408 3702 4464; x_wconf 66' lang='grc' dir='ltr'>δὲ</span> <span class='ocrx_word' id='word_1_640' title='bbox 3746 4420 3896 4485; x_wconf 75' lang='grc' dir='ltr'>γνὼ-</span> 
     </span>
    </p>
   </div>
   <div class='ocr_carea' id='block_1_85' title="bbox 514 4488 2121 4576">
    <p class='ocr_par' dir='ltr' id='par_1_85' title="bbox 514 4488 2121 4559">
     <span class='ocr_line' id='line_1_85' title="bbox 514 4488 2121 4559; baseline -0.007 -5"><span class='ocrx_word' id='word_1_641' title='bbox 514 4505 635 4554; x_wconf 91' lang='lat' dir='ltr'>tem</span> <span class='ocrx_word' id='word_1_642' title='bbox 668 4501 875 4552; x_wconf 88' lang='lat' dir='ltr'>nostra</span> <span class='ocrx_word' id='word_1_643' title='bbox 909 4496 1036 4550; x_wconf 70' lang='lat' dir='ltr'>haec</span> <span class='ocrx_word' id='word_1_644' title='bbox 1057 4498 1167 4548; x_wconf 88' lang='lat' dir='ltr'>est.</span> <span class='ocrx_word' id='word_1_645' title='bbox 1192 4495 1318 4547; x_wconf 86' lang='lat' dir='ltr'>Non</span> <span class='ocrx_word' id='word_1_646' title='bbox 1341 4490 1550 4545; x_wconf 90' lang='lat' dir='ltr'>omnia</span> <span class='ocrx_word' id='word_1_647' title='bbox 1578 4489 1684 4544; x_wconf 89' lang='lat' dir='ltr'>viri</span> <span class='ocrx_word' id='word_1_648' title='bbox 1705 4488 1886 4559; x_wconf 84' lang='lat' dir='ltr'>hujus</span> <span class='ocrx_word' id='word_1_649' title='bbox 1907 4488 2121 4544; x_wconf 71' lang='lat' dir='ltr'>admira</span> 
     </span>
    </p>
   </div>
   <div class='ocr_carea' id='block_1_86' title="bbox 2292 4488 3899 4576">
    <p class='ocr_par' dir='ltr' id='par_1_86' title="bbox 2292 4496 3899 4576">
     <span class='ocr_line' id='line_1_86' title="bbox 2292 4496 3899 4576; baseline 0.006 -31"><span class='ocrx_word' id='word_1_650' title='bbox 2292 4514 2381 4554; x_wconf 67' lang='grc' dir='ltr'>ιιης</span> <span class='ocrx_word' id='word_1_651' title='bbox 2410 4496 2591 4557; x_wconf 72' lang='grc' dir='ltr'>οὕτως.</span> <span class='ocrx_word' id='word_1_652' title='bbox 2628 4496 2703 4547; x_wconf 74' lang='lat' dir='ltr'>Ou’</span> <span class='ocrx_word' id='word_1_653' title='bbox 2747 4499 2915 4549; x_wconf 88' lang='grc' dir='ltr'>πάντα</span> <span class='ocrx_word' id='word_1_654' title='bbox 2959 4499 3291 4572; x_wconf 82' lang='grc' dir='ltr'>θαυμάζομεν</span> <span class='ocrx_word' id='word_1_655' title='bbox 3342 4520 3432 4553; x_wconf 88' lang='grc' dir='ltr'>του</span> <span class='ocrx_word' id='word_1_656' title='bbox 3487 4498 3710 4576; x_wconf 79' lang='grc' dir='ltr'>ἀνδρὸς·</span> <span class='ocrx_word' id='word_1_657' title='bbox 3770 4506 3899 4555; x_wconf 83' lang='grc' dir='ltr'>ἔστι</span> 
     </span>
    </p>
   </div>
   <div class='ocr_carea' id='block_1_87' title="bbox 517 4578 2124 4663">
    <p class='ocr_par' dir='ltr' id='par_1_87' title="bbox 517 4578 2119 4655">
     <span class='ocr_line' id='line_1_87' title="bbox 517 4578 2119 4655; baseline -0.008 -9"><span class='ocrx_word' id='word_1_658' title='bbox 517 4605 655 4646; x_wconf 92' lang='lat' dir='ltr'>mur</span> <span class='ocrx_word' id='word_1_659' title='bbox 683 4606 695 4643; x_wconf 89' lang='lat'>:</span> <span class='ocrx_word' id='word_1_660' title='bbox 731 4587 853 4641; x_wconf 87' lang='lat' dir='ltr'>imo</span> <span class='ocrx_word' id='word_1_661' title='bbox 884 4588 1042 4644; x_wconf 79' lang='lat' dir='ltr'>sunt,</span> <span class='ocrx_word' id='word_1_662' title='bbox 1074 4598 1211 4655; x_wconf 68' lang='lat' dir='ltr'>quae</span> <span class='ocrx_word' id='word_1_663' title='bbox 1246 4597 1493 4653; x_wconf 86' lang='lat' dir='ltr'>prorsus</span> <span class='ocrx_word' id='word_1_664' title='bbox 1524 4580 1704 4635; x_wconf 86' lang='lat' dir='ltr'>etiam</span> <span class='ocrx_word' id='word_1_665' title='bbox 1735 4578 2119 4651; x_wconf 88' lang='lat' dir='ltr'>improbemu</span> 
     </span>
    </p>
   </div>
   <div class='ocr_carea' id='block_1_88' title="bbox 2294 4578 3901 4663">
    <p class='ocr_par' dir='ltr' id='par_1_88' title="bbox 2294 4580 3901 4663">
     <span class='ocr_line' id='line_1_88' title="bbox 2294 4580 3901 4663; baseline 0.005 -28"><span class='ocrx_word' id='word_1_666' title='bbox 2294 4580 2345 4635; x_wconf 68' lang='grc' dir='ltr'>δὲ</span> <span class='ocrx_word' id='word_1_667' title='bbox 2392 4582 2425 4635; x_wconf 83' lang='grc' dir='ltr'><strong>ἆ</strong></span> <span class='ocrx_word' id='word_1_668' title='bbox 2480 4588 2569 4636; x_wconf 84' lang='grc' dir='ltr'>καὶ</span> <span class='ocrx_word' id='word_1_669' title='bbox 2618 4585 2877 4647; x_wconf 85' lang='grc' dir='ltr'>παντελῶς</span> <span class='ocrx_word' id='word_1_670' title='bbox 2917 4583 3293 4662; x_wconf 83' lang='grc' dir='ltr'>διαγράφομεν.</span> <span class='ocrx_word' id='word_1_671' title='bbox 3355 4586 3554 4662; x_wconf 86' lang='grc' dir='ltr'>Σχεδὸν</span> <span class='ocrx_word' id='word_1_672' title='bbox 3607 4592 3711 4663; x_wconf 81' lang='grc' dir='ltr'>γὰρ</span> <span class='ocrx_word' id='word_1_673' title='bbox 3764 4611 3901 4643; x_wconf 83' lang='grc' dir='ltr'>ταυ-</span> 
     </span>
    </p>
   </div>
   <div class='ocr_carea' id='block_1_89' title="bbox 520 4651 2127 4750">
    <p class='ocr_par' dir='ltr' id='par_1_89' title="bbox 520 4651 2127 4745">
     <span class='ocr_line' id='line_1_89' title="bbox 520 4651 2127 4745; baseline -0.009 -10"><span class='ocrx_word' id='word_1_674' title='bbox 520 4683 670 4736; x_wconf 74' lang='lat' dir='ltr'>Nam</span> <span class='ocrx_word' id='word_1_675' title='bbox 693 4677 810 4731; x_wconf 87' lang='lat' dir='ltr'>fere</span> <span class='ocrx_word' id='word_1_676' title='bbox 832 4675 986 4730; x_wconf 89' lang='lat' dir='ltr'>illius</span> <span class='ocrx_word' id='word_1_677' title='bbox 1010 4651 1147 4745; x_wconf 66' lang='lat' dir='ltr'>quae</span> <span class='ocrx_word' id='word_1_678' title='bbox 1170 4651 1331 4727; x_wconf 72' lang='lat' dir='ltr'>nunc</span> <span class='ocrx_word' id='word_1_679' title='bbox 1360 4668 2127 4741; x_wconf 85' lang='lat' dir='ltr'>circumstrepit,impietati:</span> 
     </span>
    </p>
   </div>
   <div class='ocr_carea' id='block_1_90' title="bbox 2297 4651 3904 4750">
    <p class='ocr_par' dir='ltr' id='par_1_90' title="bbox 2297 4651 3904 4750">
     <span class='ocr_line' id='line_1_90' title="bbox 2297 4651 3904 4750; baseline 0.007 -27"><span class='ocrx_word' id='word_1_680' title='bbox 2297 4678 2412 4730; x_wconf 76' lang='lat' dir='ltr'>mai.</span> <span class='ocrx_word' id='word_1_681' title='bbox 2459 4682 2553 4735; x_wconf 82' lang='grc' dir='ltr'>τῆς</span> <span class='ocrx_word' id='word_1_682' title='bbox 2605 4674 2692 4726; x_wconf 77' lang='grc' dir='ltr'>νῦν</span> <span class='ocrx_word' id='word_1_683' title='bbox 2738 4675 3238 4750; x_wconf 82' lang='grc' dir='ltr'>περιθρυλλουμένης</span> <span class='ocrx_word' id='word_1_684' title='bbox 3295 4676 3545 4745; x_wconf 78' lang='grc' dir='ltr'>ἀσεϐείας,</span> <span class='ocrx_word' id='word_1_685' title='bbox 3751 4682 3904 4734; x_wconf 86' lang='grc' dir='ltr'>κατὰ</span> 
     </span>
    </p>
   </div>
   <div class='ocr_carea' id='block_1_91' title="bbox 523 4757 2130 4842">
    <p class='ocr_par' dir='ltr' id='par_1_91' title="bbox 523 4757 2130 4833">
     <span class='ocr_line' id='line_1_91' title="bbox 523 4757 2130 4833; baseline -0.008 -9"><span class='ocrx_word' id='word_1_686' title='bbox 523 4772 882 4825; x_wconf 79' lang='lat' dir='ltr'>Anomoeam</span> <span class='ocrx_word' id='word_1_687' title='bbox 914 4762 1071 4831; x_wconf 89' lang='lat' dir='ltr'>dico,</span> <span class='ocrx_word' id='word_1_688' title='bbox 1103 4762 1153 4816; x_wconf 90' lang='lat' dir='ltr'>is</span> <span class='ocrx_word' id='word_1_689' title='bbox 1185 4765 1297 4825; x_wconf 91' lang='lat' dir='ltr'>est,</span> <span class='ocrx_word' id='word_1_690' title='bbox 1327 4764 1626 4833; x_wconf 89' lang='lat' dir='ltr'>quantum</span> <span class='ocrx_word' id='word_1_691' title='bbox 1652 4757 1901 4829; x_wconf 90' lang='lat' dir='ltr'>quidem</span> <span class='ocrx_word' id='word_1_692' title='bbox 1931 4758 2130 4813; x_wconf 82' lang='lat' dir='ltr'>scimu:</span> 
     </span>
    </p>
   </div>
   <div class='ocr_carea' id='block_1_92' title="bbox 2293 4757 3900 4842">
    <p class='ocr_par' dir='ltr' id='par_1_92' title="bbox 2293 4762 3900 4842">
     <span class='ocr_line' id='line_1_92' title="bbox 2293 4762 3900 4842; baseline 0.006 -29"><span class='ocrx_word' id='word_1_693' title='bbox 2293 4764 2345 4814; x_wconf 88' lang='grc' dir='ltr'>τό</span> <span class='ocrx_word' id='word_1_694' title='bbox 2394 4762 2661 4835; x_wconf 78' lang='grc' dir='ltr'>’Δνόμοιον</span> <span class='ocrx_word' id='word_1_695' title='bbox 2707 4762 2858 4836; x_wconf 79' lang='grc' dir='ltr'>λέγω,</span> <span class='ocrx_word' id='word_1_696' title='bbox 2906 4765 3060 4829; x_wconf 83' lang='grc' dir='ltr'>οὗτός</span> <span class='ocrx_word' id='word_1_697' title='bbox 3103 4764 3268 4835; x_wconf 77' lang='grc' dir='ltr'>ἐστιν,</span> <span class='ocrx_word' id='word_1_698' title='bbox 3298 4769 3399 4821; x_wconf 86' lang='grc' dir='ltr'>ὅσα</span> <span class='ocrx_word' id='word_1_699' title='bbox 3424 4788 3482 4841; x_wconf 85' lang='grc' dir='ltr'>γε</span> <span class='ocrx_word' id='word_1_700' title='bbox 3520 4770 3670 4841; x_wconf 76' lang='grc' dir='ltr'>ἡμεῖς</span> <span class='ocrx_word' id='word_1_701' title='bbox 3710 4772 3900 4842; x_wconf 83' lang='grc' dir='ltr'>ἴσμεν,</span> 
     </span>
    </p>
   </div>
   <div class='ocr_carea' id='block_1_93' title="bbox 600 4953 2179 5027">
    <p class='ocr_par' dir='ltr' id='par_1_93' title="bbox 600 4953 2179 5027">
     <span class='ocr_line' id='line_1_93' title="bbox 600 4953 2179 5027; baseline -0.003 -9"><span class='ocrx_word' id='word_1_702' title='bbox 600 4964 647 5000; x_wconf 75' lang='grc'>’⁷</span> <span class='ocrx_word' id='word_1_703' title='bbox 685 4959 840 5019; x_wconf 83' lang='lat' dir='ltr'>Psal.</span> <span class='ocrx_word' id='word_1_704' title='bbox 869 4975 1004 5025; x_wconf 83' lang='lat' dir='ltr'>xvu,</span> <span class='ocrx_word' id='word_1_705' title='bbox 1038 4960 1127 5015; x_wconf 76' lang='grc'><strong>34.</strong></span> <span class='ocrx_word' id='word_1_706' title='bbox 1205 4957 1253 4993; x_wconf 72' lang='grc'>9⁸</span> <span class='ocrx_word' id='word_1_707' title='bbox 1287 4958 1458 5014; x_wconf 88' lang='lat' dir='ltr'>Prov.</span> <span class='ocrx_word' id='word_1_708' title='bbox 1489 4971 1567 5027; x_wconf 82' lang='lat' dir='ltr'>vI,</span> <span class='ocrx_word' id='word_1_709' title='bbox 1604 4958 1653 5026; x_wconf 87' lang='lat'>6,</span> <span class='ocrx_word' id='word_1_710' title='bbox 1735 4956 1780 4990; x_wconf 79' lang='grc'><strong>⁹⁹</strong></span> <span class='ocrx_word' id='word_1_711' title='bbox 1811 4953 1983 5011; x_wconf 89' lang='lat' dir='ltr'>Eccli.</span> <span class='ocrx_word' id='word_1_712' title='bbox 2013 4971 2097 5026; x_wconf 77' lang='lat' dir='ltr'>1n,</span> <span class='ocrx_word' id='word_1_713' title='bbox 2125 4959 2179 5013; x_wconf 90' lang='lat'>3.</span> 
     </span>
    </p>
   </div>
   <div class='ocr_carea' id='block_1_94' title="bbox 604 5150 3916 5230">
    <p class='ocr_par' dir='ltr' id='par_1_94' title="bbox 604 5150 3916 5230">
     <span class='ocr_line' id='line_1_94' title="bbox 604 5150 3916 5230; baseline -0.003 -15"><span class='ocrx_word' id='word_1_714' title='bbox 604 5160 625 5182; x_wconf 83' lang='lat'><em>&quot;</em></span> <span class='ocrx_word' id='word_1_715' title='bbox 668 5156 825 5215; x_wconf 85' lang='lat' dir='ltr'>Alias</span> <span class='ocrx_word' id='word_1_716' title='bbox 855 5156 986 5213; x_wconf 83' lang='lat' dir='ltr'>XLI.</span> <span class='ocrx_word' id='word_1_717' title='bbox 1021 5153 1249 5226; x_wconf 90' lang='lat' dir='ltr'>Scripta</span> <span class='ocrx_word' id='word_1_718' title='bbox 1280 5150 1440 5230; x_wconf 80' lang='lat' dir='ltr'>c_ir_ca</span> <span class='ocrx_word' id='word_1_719' title='bbox 1462 5166 1691 5230; x_wconf 88' lang='lat' dir='ltr'>annum</span> <span class='ocrx_word' id='word_1_720' title='bbox 1718 5155 1841 5209; x_wconf 80' lang='lat'>361.</span> <span class='ocrx_word' id='word_1_721' title='bbox 2209 5202 2218 5229; x_wconf 49' lang='grc' dir='ltr'>ι</span> <span class='ocrx_word' id='word_1_722' title='bbox 2290 5160 2379 5230; x_wconf 71' lang='grc' dir='ltr'>καὶ</span> <span class='ocrx_word' id='word_1_723' title='bbox 2430 5153 2678 5230; x_wconf 83' lang='grc' dir='ltr'>μάλιστα.</span> <span class='ocrx_word' id='word_1_724' title='bbox 2733 5156 2825 5216; x_wconf 88' lang='lat' dir='ltr'>Sic</span> <span class='ocrx_word' id='word_1_725' title='bbox 2872 5158 3056 5230; x_wconf 77' lang='lat' dir='ltr'>etiam</span> <span class='ocrx_word' id='word_1_726' title='bbox 3096 5156 3252 5219; x_wconf 77' lang='lat' dir='ltr'>infra</span> <span class='ocrx_word' id='word_1_727' title='bbox 3295 5178 3331 5219; x_wconf 68' lang='grc' dir='ltr'>δ,</span> <span class='ocrx_word' id='word_1_728' title='bbox 3376 5161 3675 5220; x_wconf 68' lang='lat' dir='ltr'>veteribus</span> <span class='ocrx_word' id='word_1_729' title='bbox 3723 5163 3916 5224; x_wconf 64' lang='lat' dir='ltr'>libri,</span> 
     </span>
    </p>
   </div>
   <div class='ocr_carea' id='block_1_95' title="bbox 608 5224 2215 5315">
    <p class='ocr_par' dir='ltr' id='par_1_95' title="bbox 608 5224 2215 5315">
     <span class='ocr_line' id='line_1_95' title="bbox 608 5224 2215 5315; baseline -0.007 -33"><span class='ocrx_word' id='word_1_730' title='bbox 608 5236 684 5315; x_wconf 56' lang='grc' dir='ltr'>(ξ)</span> <span class='ocrx_word' id='word_1_731' title='bbox 716 5230 1102 5315; x_wconf 30' lang='grc' dir='ltr'>ρροφξριειηιίξὶ</span> <span class='ocrx_word' id='word_1_732' title='bbox 1294 5224 1773 5315; x_wconf 47' lang='grc' dir='ltr'>ΕάὶῐὶΙπροο-φέρειᾷ</span> <span class='ocrx_word' id='word_1_733' title='bbox 1801 5294 1812 5312; x_wconf 41' lang='grc' dir='ltr'><strong>ν</strong></span> <span class='ocrx_word' id='word_1_734' title='bbox 1886 5294 1899 5311; x_wconf 53' lang='lat'>,</span> <span class='ocrx_word' id='word_1_735' title='bbox 2211 5224 2215 5229; x_wconf 87' lang='grc'><em>’</em></span> 
     </span>
    </p>
   </div>
   <div class='ocr_carea' id='block_1_96' title="bbox 2309 5224 3916 5315">
    <p class='ocr_par' dir='ltr' id='par_1_96' title="bbox 2309 5224 3916 5315">
     <span class='ocr_line' id='line_1_96' title="bbox 2309 5224 3916 5315; baseline 0.007 -33"><span class='ocrx_word' id='word_1_736' title='bbox 2309 5224 2636 5315; x_wconf 57' lang='grc' dir='ltr'>ξὶεςέθρίὶηι</span> <span class='ocrx_word' id='word_1_737' title='bbox 2665 5230 2827 5302; x_wconf 86' lang='lat' dir='ltr'>editi,</span> <span class='ocrx_word' id='word_1_738' title='bbox 2864 5229 2923 5288; x_wconf 88' lang='lat' dir='ltr'>in</span> <span class='ocrx_word' id='word_1_739' title='bbox 2973 5233 3195 5306; x_wconf 81' lang='lat' dir='ltr'>quibus</span> <span class='ocrx_word' id='word_1_740' title='bbox 3231 5233 3447 5306; x_wconf 79' lang='lat' dir='ltr'>legitur</span> <span class='ocrx_word' id='word_1_741' title='bbox 3472 5234 3519 5288; x_wconf 86' lang='grc' dir='ltr'>ἐν</span> <span class='ocrx_word' id='word_1_742' title='bbox 3549 5238 3757 5289; x_wconf 86' lang='grc' dir='ltr'>τούτοιν</span> <span class='ocrx_word' id='word_1_743' title='bbox 3789 5244 3916 5293; x_wconf 83' lang='grc' dir='ltr'>τοὶν</span> 
     </span>
    </p>
   </div>
   <div class='ocr_carea' id='block_1_97' title="bbox 610 5276 2217 5379">
    <p class='ocr_par' dir='ltr' id='par_1_97' title="bbox 610 5276 2019 5379">
     <span class='ocr_line' id='line_1_97' title="bbox 610 5276 2019 5379; baseline 0.01 -42"><span class='ocrx_word' id='word_1_744' title='bbox 942 5276 1593 5379; x_wconf 33' lang='grc' dir='ltr'>,αύτῆ</span> <span class='ocrx_word' id='word_1_745' title='bbox 1620 5276 1708 5346; x_wconf 70' lang='grc' dir='ltr'>ἒιάι</span> <span class='ocrx_word' id='word_1_746' title='bbox 1739 5292 1812 5347; x_wconf 81' lang='grc' dir='ltr'>δι’</span> <span class='ocrx_word' id='word_1_747' title='bbox 1838 5294 2019 5379; x_wconf 68' lang='grc' dir='ltr'>αὐτου.</span> 
     </span>
    </p>
   </div>
   <div class='ocr_carea' id='block_1_98' title="bbox 852 5276 2459 5379">
    <p class='ocr_par' dir='ltr' id='par_1_98' title="bbox 852 5276 2459 5379">
     <span class='ocr_line' id='line_1_98' title="bbox 852 5276 2459 5379; baseline -0.003 -27"><span class='ocrx_word' id='word_1_748' title='bbox 852 5276 923 5379; x_wconf 54' lang='grc' dir='ltr'>οῖ’</span> <span class='ocrx_word' id='word_1_749' title='bbox 942 5298 1130 5379; x_wconf 70' lang='grc' dir='ltr'>αὑτῆς.</span> <span class='ocrx_word' id='word_1_750' title='bbox 1165 5300 1249 5379; x_wconf 78' lang='lat' dir='ltr'>lla</span> <span class='ocrx_word' id='word_1_751' title='bbox 1270 5276 1593 5379; x_wconf 29' lang='lat' dir='ltr'>ms‘s&#39;ﬁ&#39;gditi</span> <span class='ocrx_word' id='word_1_752' title='bbox 1620 5276 1708 5346; x_wconf 69' lang='grc' dir='ltr'>ἒιάι</span> <span class='ocrx_word' id='word_1_753' title='bbox 1739 5292 1812 5347; x_wconf 78' lang='grc' dir='ltr'>δι’</span> <span class='ocrx_word' id='word_1_754' title='bbox 1838 5294 2019 5379; x_wconf 68' lang='grc' dir='ltr'>αὐτου.</span> <span class='ocrx_word' id='word_1_755' title='bbox 2290 5276 2459 5353; x_wconf 59' lang='grc' dir='ltr'>ἔρὶξιὲ,</span> 
     </span>
    </p>
   </div>
   <div class='ocr_carea' id='block_1_99' title="bbox 537 5366 2144 5506">
    <p class='ocr_par' dir='ltr' id='par_1_99' title="bbox 537 5366 2139 5506">
     <span class='ocr_line' id='line_1_99' title="bbox 614 5366 2139 5443; baseline -0.012 -2"><span class='ocrx_word' id='word_1_756' title='bbox 614 5366 691 5443; x_wconf 69' lang='grc' dir='ltr'>ἰίι)</span> <span class='ocrx_word' id='word_1_757' title='bbox 739 5373 871 5428; x_wconf 79' lang='grc' dir='ltr'>Ἀλλ’</span> <span class='ocrx_word' id='word_1_758' title='bbox 903 5372 1403 5443; x_wconf 62' lang='grc' dir='ltr'>εὐχαριστήσαντες.</span> <span class='ocrx_word' id='word_1_759' title='bbox 1457 5367 1652 5422; x_wconf 86' lang='lat' dir='ltr'>Prima</span> <span class='ocrx_word' id='word_1_760' title='bbox 1694 5382 1804 5422; x_wconf 81' lang='lat' dir='ltr'>vox</span> <span class='ocrx_word' id='word_1_761' title='bbox 1855 5366 2061 5424; x_wconf 82' lang='lat' dir='ltr'>addita</span> <span class='ocrx_word' id='word_1_762' title='bbox 2109 5384 2139 5423; x_wconf 90' lang='lat' dir='ltr'>e</span> 
     </span>
     <span class='ocr_line' id='line_1_100' title="bbox 537 5464 687 5506; baseline -0.033 1"><span class='ocrx_word' id='word_1_763' title='bbox 537 5464 687 5506; x_wconf 90' lang='lat' dir='ltr'>mss.</span> 
     </span>
    </p>
   </div>
   <div class='ocr_carea' id='block_1_100' title="bbox 2305 5366 3912 5506">
    <p class='ocr_par' dir='ltr' id='par_1_100' title="bbox 2305 5373 3912 5499">
     <span class='ocr_line' id='line_1_101' title="bbox 2305 5373 3912 5499; baseline 0.013 -80"><span class='ocrx_word' id='word_1_764' title='bbox 2305 5373 2599 5499; x_wconf 28' lang='grc' dir='ltr'>τί)Ὲέ</span> <span class='ocrx_word' id='word_1_765' title='bbox 2619 5378 2910 5430; x_wconf 85' lang='grc' dir='ltr'>Διονυσίου.</span> <span class='ocrx_word' id='word_1_766' title='bbox 2942 5378 3169 5434; x_wconf 88' lang='lat' dir='ltr'>Desunt</span> <span class='ocrx_word' id='word_1_767' title='bbox 3192 5376 3322 5434; x_wconf 59' lang='lat' dir='ltr'>haec</span> <span class='ocrx_word' id='word_1_768' title='bbox 3352 5377 3415 5434; x_wconf 88' lang='lat' dir='ltr'>in</span> <span class='ocrx_word' id='word_1_769' title='bbox 3453 5377 3701 5437; x_wconf 87' lang='lat' dir='ltr'>duobus</span> <span class='ocrx_word' id='word_1_770' title='bbox 3727 5398 3912 5442; x_wconf 85' lang='lat' dir='ltr'>mss.</span> 
     </span>
    </p>
   </div>
   <div class='ocr_carea' id='block_1_101' title="bbox 611 5508 2182 5591">
    <p class='ocr_par' dir='ltr' id='par_1_101' title="bbox 611 5508 2182 5591">
     <span class='ocr_line' id='line_1_102' title="bbox 611 5508 2182 5591; baseline -0.003 -18"><span class='ocrx_word' id='word_1_771' title='bbox 611 5519 691 5591; x_wconf 78' lang='grc'>(5)</span> <span class='ocrx_word' id='word_1_772' title='bbox 722 5520 819 5571; x_wconf 81' lang='grc' dir='ltr'>Καὶ</span> <span class='ocrx_word' id='word_1_773' title='bbox 847 5520 1094 5590; x_wconf 79' lang='grc' dir='ltr'>μέγιστα.</span> <span class='ocrx_word' id='word_1_774' title='bbox 1145 5510 1237 5569; x_wconf 87' lang='lat' dir='ltr'>Sic</span> <span class='ocrx_word' id='word_1_775' title='bbox 1288 5508 1529 5568; x_wconf 89' lang='lat' dir='ltr'>codices</span> <span class='ocrx_word' id='word_1_776' title='bbox 1576 5524 1721 5564; x_wconf 89' lang='lat' dir='ltr'>mss.</span> <span class='ocrx_word' id='word_1_777' title='bbox 1769 5524 2001 5568; x_wconf 90' lang='lat' dir='ltr'>omnes.</span> <span class='ocrx_word' id='word_1_778' title='bbox 2037 5510 2182 5568; x_wconf 84' lang='lat' dir='ltr'>Editi</span> 
     </span>
    </p>
   </div>
  </div>
