4102 6194
465 278 565 333 271
1842 266 1901 323 s.
1946 258 2191 320 BASILIl
2231 262 2451 349 mam
3721 266 3834 323 272

465 399 660 456 simile
687 394 1013 453 secundum
1043 392 1432 462 essentiam,si
1451 390 1635 448 modo
1656 389 1805 447 illud
1818 392 1973 447 citra
1995 387 2114 459 dif-

2239 385 2405 459 ὃμοιον
2461 387 2578 441 κατ’
2641 387 2847 455 οὐσίαν,
2899 388 2943 441 εἰ
3009 390 3100 461 μὶν
3169 390 3541 463 προσκείμενον
3609 390 3723 461 ἔχει
3773 393 3835 442 τὸ

461 490 786 561 ferentiam
828 486 1045 550 ullam,
1074 483 1425 554 adjunctum
1461 480 1707 547 habeat,
1742 480 2030 552 suscipio,
2054 480 2120 532 ut

2239 474 2657 549 ἀπαραλλάκτως,
2718 474 2952 549 δέχομαι
3016 482 3106 536 τήν
3155 482 3345 550 φωνὴν,
3404 480 3473 540 ὡς
3526 478 3599 540 εἰς
3644 472 3869 549 ταυτὸν(

465 578 679 635 eodem
708 575 945 631 rediens
974 589 1045 628 ac
1083 570 1629 637 consubstantiale,
1658 569 1993 626 secundum
2026 583 2120 623 sa-

2239 574 2302 636 τῷ
2332 568 2594 639 ὁμοουσίῳ
2646 571 2925 640 φέρουσαν,
2957 570 3089 621 κατὰ
3136 571 3230 625 τὴν
3260 568 3383 639 ύγιῆ
3442 564 3687 625 δηλονότι
3740 576 3834 621 τοῦ

465 684 608 723 nam
632 664 906 721 videlicet
956 659 1489 718 consubstantialis
1532 658 1909 715 sententiam.
1945 655 2119 723 Quod

2239 655 2513 727 ὀμοουσίου
2577 652 2832 712 διάνοιαν.
2871 656 3033 729 “Οπερ
3078 656 3169 708 καὶ
3223 660 3341 717 τούς
3380 655 3431 709 ἓν
3473 661 3672 729 Νικαῐᾳ
3716 663 3837 717 νοή-

464 772 604 813 cum
626 753 1019 822 intelligerent
1043 748 1261 805 Niceeni
1284 752 1501 816 Patres,
1517 751 1867 821 postquam.
1895 748 2117 802 Lumen

2239 762 2424 805 σαντας
2484 748 2591 815 (16)
2648 753 2748 817 φῶς
2804 744 2859 798 ἐκ
2922 749 3129 818 φωτὸς,
3193 751 3323 817 καὶ,
3388 750 3516 801 Θεὸν
3590 746 3835 805 ἀληθινὸν

464 847 537 902 de
564 845 871 909 lumine,et
898 842 1084 895 Deum
1108 854 1311 894 verum
1334 838 1406 894 de
1422 838 1544 895 Deo
1566 842 1788 904 vero,et
1803 836 1931 893 aliis
1958 836 2117 907 ejus-

2239 830 2284 884 ἑκ
2337 841 2469 886 Θεοῦ
2524 832 2769 892 ἀληθινοῦ
2802 877 2815 901 ,
2870 840 2959 887 καὶ
3008 838 3077 887 τὰ
3143 843 3362 888 τοιαῦτα
3415 838 3503 888 τὸν
3570 844 3830 908 Μονογενῆ

463 932 631 990 modi
658 929 1008 987 nominibus
1070 927 1451 997 Unigenitum
1478 926 1879 998 appellarunt,
1906 939 2117 981 conse-

464 1026 716 1095 quenter
744 1016 1255 1075 consubstantiale
1283 1016 1786 1087 adjecerc.l\'eque
1815 1014 1994 1085 igitur
2021 1012 2116 1069 lu-

464 1111 644 1167 minis
678 1126 714 1166 a
739 1106 986 1176 lumine,
1020 1122 1217 1179 neque
1261 1105 1523 1162 veritatis
1554 1121 1589 1161 a
1621 1105 1883 1175 veritate,
1917 1120 2116 1175 neque

466 1197 1055 1269 Unigenitiessentiae
1086 1214 1121 1253 a
1154 1196 1361 1262 Patris,
1388 1194 1668 1263 essentia,
1698 1194 1818 1250 ulla
1844 1210 2116 1266 unquam

465 1287 792 1358 excogitari
847 1284 1185 1341 differentia
1240 1288 1454 1356 potest.
1488 1285 1715 1356 Itaque,
1736 1283 1788 1339 si
1824 1282 1958 1356 quis
2011 1282 2114 1349 ita,

466 1377 693 1445 utdixi,
719 1374 1035 1446 acceperit,
1060 1372 1313 1430 admitto
1361 1388 1594 1428 vocem.
1622 1372 1679 1428 Si
1725 1372 1859 1444 quis
1913 1377 2115 1427 autem

464 1465 633 1530 illud,
652 1468 813 1521 citra
836 1465 1025 1519 ullam
1054 1462 1480 1532 differentiam,
1514 1460 1834 1517 abscindat
1863 1460 2113 1527 asimili,

466 1555 527 1612 id
575 1553 742 1626 quod
786 1550 1298 1623 Constantinopoli
1347 1550 1573 1606 factum
1620 1555 1732 1619 est,
1766 1554 2116 1622 suspectum

2239 1549 2375 1603 πολιν
2414 1554 2801 1615 πεποιήκασιν,
2844 1550 3117 1602 ὑποπτεύω
3163 1552 3223 1601 τὸ
3271 1550 3437 1625 ῥῆμα,
3466 1553 3530 1611 ὡς
3571 1558 3663 1603 τοῦ
3716 1558 3832 1604 Μο-

465 1643 665 1701 habeo
691 1641 966 1711 verbum,
998 1644 1063 1696 ut
1101 1639 1397 1709 Unigeniti
1425 1639 1680 1710 gloriam
1725 1639 2113 1694 imminuens.

2239 1647 2466 1711 νογενούς
2530 1643 2624 1697 τὴν
2678 1634 2836 1700 δόξαν
2896 1641 3339 1712 κατασμικρύνον.
3412 1645 3512 1693 Καὶ
3573 1642 3675 1716 γὰρ
3740 1646 3833 1693 καὶ

467 1735 616 1788 Nam
646 1729 1013 1800 imaginibus
1042 1727 1220 1783 etiam
1252 1726 1529 1782 obscuris
1550 1730 1605 1783 et
1629 1743 1765 1798 quae
1788 1725 2117 1798 plurimum

2239 1725 2493 1804 νὶμυδραῖς
2548 1726 2995 1802 ἑμφερείαις,καὶ
3055 1727 3295 1781 πλεῖστον
3352 1736 3452 1781 τῶν
3522 1728 3832 1804 ἀρχετύπων

469 1820 547 1878 ab
578 1817 1030 1891 exemplaribus
1060 1815 1373 1879 dissident,
1409 1815 1600 1871 simile
1649 1816 1964 1888 concipere
1992 1831 2117 1871 non

468 1924 604 1965 raro
636 1907 920 1964 solemus.
949 1904 1249 1970 Quoniam
1272 1904 1450 1975 igitur
1476 1903 1991 1960 consubstantiale
2020 1918 2117 1959 ar-

463 1997 654 2053 bitror
699 1996 901 2050 minus
939 2009 1071 2049 esse
1120 1992 1319 2049 fraudi
1366 1992 1727 2060 obnoxium,
1754 1992 1837 2048 sic
1888 1998 1945 2049 et
1989 1992 2116 2065 ipse

465 2084 772 2158 proﬁteor.
801 2083 914 2139 Sed
954 2098 1062 2138 cur
1091 2097 1215 2138 non
1247 2082 1484 2138 accedis
1514 2082 1595 2138 ad
1642 2096 1772 2153 nos,
1806 2096 1842 2137 o
1868 2082 2112 2153 optime,

466 2179 531 2229 ut
542 2189 746 2230 coram
761 2173 834 2229 de
848 2171 1147 2244 ejusmodi
1168 2170 1349 2227 rebus
1376 2170 1717 2243 colloquam
1726 2187 1796 2226 ur
1817 2170 1969 2226 inter
1983 2186 2117 2240 nos,

466 2279 577 2321 nec
597 2280 691 2320 res
717 2264 862 2319 tanti
891 2261 1183 2319 momenti
1211 2261 1496 2317 inanimis
1534 2261 1739 2318 litteris
1780 2262 2116 2318 committa-

467 2370 622 2423 mus,
652 2352 978 2425 praesertim
1022 2367 1162 2407 cum
1202 2350 1426 2422 alioqui
1465 2354 1671 2407 nostra
1715 2350 1957 2421 vulgare
1995 2365 2119 2406 non

466 2444 717 2501 omnino
747 2441 1131 2498 statuerimus
1160 2440 1188 2495 ‘?
1214 2441 1293 2496 Nc
1319 2441 1499 2511 igitur
1519 2446 1576 2497 et
1604 2440 1732 2513 ipse
1752 2441 1928 2497 nobis
1949 2440 2117 2497 dicas

465 2534 614 2592 illud
634 2533 913 2602 Diogenis
928 2531 1007 2588 ad
1020 2530 1449 2599 Alexandrum,
1466 2530 1844 2587 tantumdem
1860 2546 1991 2586 esse
2004 2530 2123 2587 huc

468 2640 505 2681 a
535 2622 731 2689 vobis,
758 2627 816 2678 et
839 2622 998 2678 istuc
1024 2637 1060 2677 a
1091 2619 1268 2676 nobis
1305 2620 1430 2675 viae.
1465 2623 1582 2676 Nos
1609 2621 1771 2676 enim
1811 2637 1928 2693 prae
1958 2621 2124 2676 inlir-

467 2714 671 2770 mitate
698 2711 819 2767 fere
872 2710 1222 2783 plantarum
1256 2710 1317 2764 in
1348 2725 1605 2778 morem,
1639 2709 1855 2765 eodem
1887 2725 2126 2782 semper

466 2801 601 2858 loco
627 2800 992 2866 detinemur;
1019 2802 1423 2870 praetereaque
1443 2796 1613 2865 illud,
1632 2798 1878 2854 latitare
1902 2799 1959 2853 in
1982 2802 2122 2865 vita,

467 2890 622 2947 inter
645 2888 937 2962 primaria
970 2886 1137 2943 bona
1165 2886 1467 2941 ducimus.
1501 2888 1586 2941 Tu
1615 2891 1819 2943 autem
1846 2887 2029 2953 vales,
2060 2892 2125 2945 ut

468 2979 674 3044 audio,
698 2984 754 3034 et
785 2983 1067 3050 praeterea
1116 2991 1256 3031 cum
1315 2975 1579 3056 teipsum
1629 2975 1793 3031 orbis
1831 2981 2122 3033 terrarum

2239 3005 2344 3047 τοις
2397 2992 2496 3036 τῶν
2554 2981 2758 3055 ἀγαθῶν
2816 2984 3030 3055 ἄγομεν
3084 2986 3149 3035 σύ
3207 2980 3267 3037 δε
3332 2983 3561 3060 ἒρῥωσαί
3628 3004 3682 3038 τε
3717 3028 3730 3054 ,
3765 2991 3836 3049 ὥς

470 3071 664 3128 civem
722 3067 951 3131 feceris,
984 3081 1229 3138 teqqu
1258 3068 1347 3121 est
1374 3068 1438 3120 ut
1480 3063 1600 3119 huc
1653 3064 1833 3121 etiam
1882 3066 1960 3122 ad
1990 3081 2123 3135 nos,

2239 3094 2382 3149 φασι,
2442 3076 2533 3125 καὶ
2601 3071 2712 3144 ἃμα
2782 3070 2999 3129 πολίτην
3085 3091 3300 3126 σεαυτον
3366 3070 3463 3137 τῆς
3535 3074 3837 3148 οἰκουμένης

2228 929 2605 998 προσειπόντας
2638 969 2652 995 ,
2707 925 2986 997 ἐπαγαγεῖν
3067 924 3363 987 ἀκολούθως
3417 930 3475 980 τὸ
3520 928 3824 999 ὁμοούσιον,

2231 1013 2364 1067 Οὒτε
2410 1011 2497 1067 οὖν
2549 1018 2712 1087 φωτὸς
2759 1018 2886 1090 πρὸς
2916 1024 3055 1088 φῶς,
3087 1019 3203 1068 οὔτε
3256 1014 3499 1078 ἀληθείας
3535 1020 3662 1090 πρὸς
3704 1016 3834 1076 ἀλήο

2232 1105 2370 1156 θειάν
2436 1124 2576 1174 ποτε,
2618 1105 2735 1156 οὐτε
2796 1112 2885 1164 τῆς
2931 1112 3022 1156 τοῦ
3090 1111 3412 1177 Μονογενοῦς
3463 1105 3650 1168 οὐσίας
3701 1110 3835 1179 πρὸς

2228 1196 2317 1250 τὴν
2364 1200 2457 1244 τοῦ
2496 1196 2688 1264 πατρὸς
2740 1191 3013 1251 ἐπινοῆσαι
3050 1212 3169 1245 τινα
3204 1193 3541 1269 παραλλαγὴν
3585 1191 3831 1254 δυνατόν,

2231 1284 2290 1333 Εἰ
2327 1300 2408 1343 τις
2467 1281 2555 1333 οὖν
2594 1282 2709 1352 (17)
2762 1282 2945 1347 οὕτως,
3007 1283 3075 1344 ὡς
3124 1278 3284 1348 εἶπον,
3317 1279 3596 1355 ἕκδίχοιτο
3621 1326 3634 1351 ,
3668 1302 3833 1357 προσ-

2233 1377 2373 1444 ίεμαι
2428 1374 2521 1429 τὴν
2570 1370 2845 1442 φωνήν.Εἰ
2894 1367 2954 1423 δέ
3008 1390 3085 1432 τις
3122 1378 3214 1423 τοῦ
3270 1373 3452 1444 ὁμοίου
3502 1377 3561 1425 τὸ
3604 1371 3834 1447 ἀπαράλ-

2229 1460 2415 1512 λακτον
2473 1458 2771 1531 ἁποτέμνοι,
2804 1461 2925 1533 ὅπερ
2979 1462 3028 1512 οἱ
3100 1462 3238 1513 κατὰ
3292 1465 3388 1519 τὴν
3446 1465 3834 1515 Κωνστανινού-

2231 1814 2584 1879 ἀποδεούσαις
2609 1859 2623 1888 ,
2654 1821 2711 1869 τὸ
2762 1818 2940 1890 ὅμοιον
2996 1816 3246 1881 πολλάκις
3289 1816 3504 1871 ἐπινοεῖν
3541 1821 3650 1891 (18)
3708 1820 3830 1872 εἰώ-

2233 1910 2426 1981 θαμεν.
2486 1907 2624 1962 Ἐπεὶ
2676 1907 2763 1960 οὖν
2843 1904 2995 1965 ἧττον
3070 1906 3219 1981 οἶμαι
3301 1911 3713 1980 κακουργεῖσθαι
3769 1900 3880 1982 τὸ]

2232 2001 2550 2071 ὄμοούσιον,
2606 1997 2737 2049 οὕτω
2798 2001 2887 2048 καὶ
2928 2000 3079 2058 αυτὸς
3136 1998 3382 2070 τίθεμαι.
3420 1996 3575 2050 Ἀλλὰ
3628 2004 3679 2051 τί
3735 2000 3831 2051 οὐκ

2228 2086 2495 2161 impono};
2552 2088 2676 2159 ἡμῖν
2707 2128 2720 2154 ,
2782 2084 2821 2137 ὦ
2878 2085 3098 2161 ἄριστε,
3157 2086 3293 2140 ὥστε
3362 2092 3621 2161 παρόντας
3690 2090 3833 2161 ἡμᾶς

2230 2176 2470 2238 ἀλλήλοις
2534 2181 2653 2250 περὶ
2721 2185 2820 2227 τῶν
2874 2179 3117 2228 τοιούτων
3148 2179 3253 2247 (19)
3297 2172 3645 2249 διαλεχθῆναι
3678 2220 3693 2246 ,
3743 2198 3835 2248 καὶ

2228 2272 2299 2340 μὴ
2336 2269 2642 2339 γρὰμμασιν
2696 2263 2933 2337 ἀψύχοις
2988 2268 3389 2319 καταπιστεύειν
3417 2269 3483 2319 τὰ
3517 2266 3829 2334 τηλικαῦτα,

2231 2356 2388 2416 ἄλλως
2418 2375 2471 2408 τε
2509 2361 2639 2429 μήτε
2694 2357 2828 2408 πάνυ
2888 2352 3223 2427 δημοσιεύειν
3288 2357 3356 2409 τὰ
3416 2356 3609 2409 ἑαυτῶν
3676 2376 3834 2430 εγνω-

2230 2451 2432 2512 κόταςς
2471 2444 2649 2507 Ὀπως
2708 2440 2796 2497 οὖν
2853 2448 2925 2517 μὴ
2980 2447 3039 2496 τὸ
3094 2452 3186 2497 τοῦ
3244 2448 3513 2517 Διογένους
3564 2449 3696 2519 πρὸς
3746 2449 3835 2500 τόν

2235 2532 2570 2609 Ἀλέξανδρον
2636 2540 2725 2587 καὶ
2775 2534 2926 2596 αὐτος
2982 2537 3106 2608 ἡμῖν
3164 2538 3353 2609 εἴπῃς,
3404 2538 3485 2589 ὅτι
3540 2540 3655 2591 ἶσον
3722 2537 3837 2591 εστὶ

2232 2626 2354 2701 παρ’
2395 2627 2537 2697 ὑμῶν
2570 2644 2627 2677 το
2684 2621 2857 2699 δεῦρο·
2909 2627 2998 2676 καὶ
3056 2644 3186 2699 προς
3238 2627 3376 2699 ὑμᾶς
3414 2623 3632 2684 ἐνθένδε.
3664 2626 3837 2700 Ἡμεῖς

2232 2719 2322 2789 μὲν
2386 2718 2488 2799 γὰρ
2557 2714 2668 2785 (20)
2734 2716 2832 2767 {mo
2877 2723 2971 2776 τῆς
3028 2713 3373 2789 ἀρρωστίας,
3426 2724 3618 2792 μικροῦ
3701 2713 3834 2788 δεῖν,

2233 2806 2405 2879 ὥσπερ
2455 2806 2520 2856 τὰ
2576 2806 2711 2876 φυτὰ
2767 2803 2848 2856 ἐπὶ
2886 2812 2980 2865 τῆς
3030 2804 3190 2865 αὐτῆς
3244 2811 3427 2879 χώρας
3482 2804 3560 2859 ἀεὶ
3606 2811 3835 2879 κατεχό-

2232 2897 2385 2969 μεθα·
2449 2898 2536 2946 καὶ
2591 2893 2701 2966 οἶμα
2750 2912 2807 2945 το
2832 2934 2845 2961 ,
2872 2892 3044 2946 λαθεῖν
3086 2892 3374 2966 βιώσαντες
3405 2939 3418 2965 ,
3448 2894 3495 2947 ἓν
3542 2914 3649 2957 τοις
3685 2902 3835 2972 πρώ-

471 3165 765 3229 tanquam
795 3155 875 3211 ad
905 3154 1174 3227 aliquam
1205 3158 1316 3208 tua:
1352 3154 1554 3225 patriae
1586 3159 1820 3226 partem
1849 3159 2121 3211 ventites.

473 3251 623 3304 Nam
647 3245 694 3300 si
716 3244 887 3301 vobis
919 3242 1179 3299 actuosis
1215 3248 1571 3313 competunt
1618 3243 1824 3315 populi
1848 3249 1901 3301 et
1923 3244 2124 3315 urbes,

474 3335 698 3408 quibus
719 3336 875 3389 recte
911 3332 1068 3388 facta
1098 3331 1409 3387 ostenditis
1434 3349 1446 3399 ;
1481 3336 1541 3388 at
1560 3332 1736 3389 nobis
1766 3332 1843 3389 ad
1866 3339 2126 3391 contem-

474 3423 803 3497 plationem
829 3426 887 3476 et
915 3421 1129 3475 mentis
1177 3420 1652 3493 meditationem,
1678 3438 1801 3494 qua
1827 3422 1946 3479 Deo
1986 3440 2125 3480 con-

2234 3169 2477 3235 ποιήσας,
2542 3158 2743 3222 δίκαιος
2795 3159 2855 3212 ἂν
2904 3164 3014 3223 εἴης
3061 3166 3151 3214 καὶ
3200 3158 3356 3237 δεῦρο
3410 3169 3611 3236 φοιτᾷν,
3656 3167 3719 3227 ἧς
3768 3186 3841 3231 εις

2235 3259 2384 3329 μέρος
2440 3261 2534 3315 τῆς
2622 3257 2877 3304 σεουτοῡ.
2934 3250 2994 3304 Εἰ
3050 3253 3150 3324 γὰρ
3213 3257 3303 3305 καί
3357 3259 3469 3315 τοῖς
3530 3262 3842 3328 πρακτικοῖς

2236 3347 2358 3417 ὑμῖν
2403 3346 2662 3418 πρέπουσι
2706 3336 2872 3413 δῆμοι
2920 3345 3010 3392 καὶ
3048 3339 3241 3409 πόλεις,
3274 3343 3356 3404 αἷς
3402 3344 3498 3405 τὰς
3542 3344 3659 3395 κατ’
3725 3342 3847 3418 ἀρε,

2236 3439 2330 3492 τὴν
2378 3431 2593 3506 πράξεις
2646 3426 3079 3483 ἑνεπιδείκνυσθε·
3138 3428 3268 3483 ἀλλά
3321 3450 3378 3503 γε
3430 3451 3559 3505 προς
3626 3434 3845 3506 θεωρίαν

470 3508 1045 3587 jungimur,optima
1063 3508 1325 3580 adjutrix
1354 3510 1593 3581 requies
1621 3527 1633 3566 :
1663 3527 1850 3583 quam
1873 3516 2127 3569 multam

481 3609 661 3675 atque
687 3598 1100 3657 abundantem
1127 3597 1189 3651 in
1214 3596 1329 3653 hoc
1361 3613 1605 3654 secessu
1631 3600 1943 3670 metimus;
1964 3603 2130 3674 quod

481 3692 730 3766 quidem
754 3704 894 3744 cum
922 3689 1058 3760 ipso
1080 3685 1307 3742 dictum
1339 3687 1429 3758 sit,
1466 3687 1571 3759 qui
1591 3688 1753 3744 illam
1776 3690 1951 3746 nobis
1986 3708 2129 3765 sup-

480 3782 729 3855 peditat,
754 3782 892 3836 Deo.
918 3777 1088 3843 Quod
1132 3775 1179 3831 si
1218 3776 1468 3833 omnino
1502 3777 1736 3834 colendi
1786 3786 2133 3853 potentatus

483 3876 622 3927 sunt
644 3887 739 3942 ,ac
788 3885 899 3925 nos
923 3868 1027 3940 qui
1066 3868 1237 3923 humi
1264 3868 1541 3938 jacemus
1572 3872 2035 3943 contemnendi;
2071 3878 2136 3931 tu

484 3966 641 4018 certe
671 3959 788 4016 alia
809 3957 1056 4028 scribas,
1090 3962 1148 4013 et
1174 3957 1253 4013 ita
1283 3973 1397 4013 nos
1427 3956 1743 4017 exhilares.

2238 3529 2328 3576 καὶ
2379 3528 2472 3580 τὴν
2525 3523 2663 3573 κατὰ
2703 3527 2820 3572 νοῦν
2878 3519 3129 3592 ἐνέργειαν
3165 3561 3179 3585 ,
3220 3516 3293 3572 δι’
3353 3517 3416 3583 ἧς
3475 3525 3847 3597 συναπτόμεθα

2237 3624 2310 3686 τῳ
2358 3621 2493 3683 Θεῷ,
2540 3609 2711 3682 ἀγαθὴ
2769 3628 3011 3683 συνεργος
3048 3611 3077 3667 ἠ
3120 3612 3347 3682 ἡσυχία·
3410 3613 3472 3670 ἣν
3509 3611 3701 3671 πολλὴν
3759 3612 3845 3666 ἐπὶ

2238 3712 2330 3763 τῆς
2400 3701 2655 3772 ἐσχατιᾶς
2706 3704 2795 3751 καὶ
2850 3700 3069 3770 ἄφθονον
3120 3706 3447 3775 γεωργοῦμεν
3477 3744 3491 3768 ,
3547 3704 3640 3753 σύν
3702 3702 3845 3773 αὐτῷ

2239 3812 2298 3866 γε
2340 3791 2495 3845 εἰπεῖν
2544 3797 2616 3860 τῷ
2662 3792 3052 3861 παρασχομένῳ
3106 3789 3230 3861 ἡμῖν
3280 3796 3413 3860 Θεῷῑ
3445 3788 3505 3842 Εἰ
3543 3786 3604 3842 δὲ
3643 3793 3849 3853 παντως

2244 3876 2325 3932 δεῖ
2379 3878 2635 3949 περιέπειν
2674 3874 2789 3944 (2i)
2846 3874 2934 3933 τὰς
2994 3869 3327 3939 δυναστείας,
3383 3878 3469 3927 καὶ
3526 3884 3849 3950 περιφρονεῖν

2244 3972 2361 4028 τούς
2381 3969 2558 4039 χαμαὶ
2606 3966 2865 4035 κειμένους
2908 3963 3068 4034 ἡμᾶς·
3121 3966 3187 4015 σύ
3241 3959 3301 4016 δε
3363 3963 3495 4019 ἄλλα
3538 3968 3728 4039 γράφε,
3759 3967 3850 4021 καί

2248 4061 2413 4130 ταύτῃ
2445 4057 2582 4108 ποίει
2611 4048 2821 4113 ἡδίους.

1082 4138 1322 4194 EPISTO
1332 4140 1419 4193 LA
1463 4138 1551 4194 X‘.

2834 4146 3170 4195 ΕΠΙΣΤΟΛΗ
3210 4140 3265 4198 Γ.

492 4249 759 4308 Basilius
788 4245 1141 4316 Dionysium
1171 4246 1355 4301 mittit
1401 4246 1482 4302 ad
1528 4247 2036 4324 ipsiusmatrem,
2069 4266 2138 4317 ut
2166 4276 2297 4320 eam
2326 4257 2388 4313 in
2417 4250 2800 4310 solitudinem
2844 4249 3121 4324 alliciat;
3149 4250 3314 4307 velut
3350 4250 3629 4309 columba
3683 4244 3858 4310 ciéur

1310 4326 1616 4388 unguento
1638 4321 1827 4379 oblita
1867 4321 2187 4408 mittitur,
2214 4338 2280 4389 ut
2319 4329 2475 4386 alias
2512 4325 2695 4381 odore
2722 4322 3026 4379 attrahat.

1030 4424 1147 4497 92
1199 4423 1298 4479 Ad
1346 4425 1613 4482 viduam.

2742 4431 2879 4503 Πρός
2918 4426 3182 4503 ἐλευθέραν
3212 4427 3353 4500 (22).

566 4517 720 4575 Talis
740 4514 1026 4589 quaedam
1053 4531 1150 4571 ars
1172 4518 1259 4570 est
1287 4513 1602 4573 columbas
1618 4524 2128 4593 aucupandi.Post

2327 4525 2498 4596 Τίχνὴ
2556 4524 2636 4582 τίς
2686 4522 2824 4571 ποίει
2888 4524 3199 4591 περιστερῶν
3263 4519 3541 4594 θηρευτική
3609 4521 3859 4579 τοιαύτη-

570 4650 590 4670 ⁹
620 4644 782 4700 Alias
804 4643 1049 4700 CLXXV.
1084 4640 1315 4713 Scripta
1346 4642 1408 4696 in
1438 4658 1698 4701 secessu.

572 4715 877 4799 (βῆνφπερ
964 4717 1495 4799 “inurinare
1565 4718 1906 4799 tte...*!ar1-,
1973 4724 2149 4799 Μεάο,

504 4785 678 4847 Coisl.
711 4785 980 4857 uterque,
1013 4790 1069 4841 et
1106 4788 1355 4857 uterque
1389 4785 1533 4853 Reg.
1566 4788 1716 4845 Editi
1745 4785 1944 4857 Ὠσπερ
1989 4785 2147 4853 καὶηζ

504 4868 789 4942 φήσαντας,
820 4854 1007 4942 liabet
1034 4862 1235 4936 tamen
1257 4854 1451 4939 editio
1475 4859 1885 4930 Haganoensis
1913 4854 2148 4942 Ὅπερ...

502 4927 590 4989 {vovi
603 4949 807 4998 σαντας,
832 4927 1187 5003 Basileensis
1199 4928 1404 5003 prima
1427 4927 1616 5003 ὅπερξ.
1651 4938 1932 5003 φήσαντας,

576 5004 690 5078 (l7)
731 4996 806 5078 Et;
834 5019 915 5078 τις
960 4996 1319 5078 o5v._tlltima
1350 4996 1667 5078 voculaex
1709 4996 1940 5078 septem
1998 5025 2148 5066 mss.

504 5069 730 5133 addita.
771 5070 994 5127 Ibidem
1027 5069 1168 5125 editi
1198 5075 1291 5128 τὴν
1331 5075 1498 5143 φωνὴν
1529 5073 1706 5127 αὑτοῦ.
1739 5069 1908 5136 οδω,
1936 5080 2153 5138 ωηωᾶ

506 5164 619 5205 vox
645 5146 705 5200 in
737 5148 964 5215 septem
992 5158 1139 5215 mss.

576 5218 687 5290 (18)
726 5212 998 5290 ’ljlvéwostv‘.
1022 5212 1356 5290 Vaticanus
1401 5214 1593 5273 codex
1640 5232 1780 5275 cum
1828 5221 2021 5278 tribus
2062 5237 2153 5279 re-

504 5284 869 5349 cautioribus
891 5284 1157 5355 ἐπιλέγειν,

576 5366 686 5429 (19)
728 5364 853 5433 Περὶ
884 5367 982 5410 τῶν
1008 5360 1273 5433 τοιούτων.
1303 5360 1388 5433 l_ta
1428 5361 1541 5433 tres
1581 5361 1966 5419 vetustissimi
1989 5362 2153 5421 codi-

504 5450 628 5491 cos.
686 5429 835 5486 Editi
881 5435 999 5503 περὶ
1053 5432 1263 5482 τούτων.
1310 5429 1501 5503 Paulo
1548 5437 1687 5502 pOSt
1742 5434 1883 5490 editi
1930 5454 2154 5490 καταπι-

506 5506 701 5558 στεύειν
730 5510 915 5555 ταῦτα.
945 5500 1190 5573 Septem
1216 5515 1366 5573 mss.
1400 5507 1462 5555 ut
1486 5500 1754 5560 intextu.

575 5578 687 5645 (20)
723 5573 897 5646 Ἡμεῖς
935 5572 1041 5645 μιν
1070 5573 1194 5643 γάρ.
1227 5572 1596 5630 Postremam
1651 5575 1927 5634 voculam
1982 5575 2152 5638 addi-

2258 4649 2464 4705 dimus
2507 4661 2589 4718 ex;
2625 4642 2779 4700 Harl.
2790 4686 2807 4715 ,
2830 4641 3001 4709 Med.,
3019 4641 3206 4718 _Cois_l_.
3234 4646 3496 4718 utroque
3517 4647 3574 4718 et
3599 4648 3858 4718 utroque

2258 4721 2460 4791 Regio.
2489 4716 2731 4791 Videtur
2767 4713 2967 4791 autem
3016 4713 3077 4791 in
3107 4714 3278 4769 editis
3308 4713 3491 4771 fuisse
3527 4713 3775 4791 deleta,—
3789 4722 3859 4773 ut

2258 4785 2390 4849 haec
2422 4787 2741 4845 verborum
2771 4785 3107 4858 complexio
3141 4801 3281 4859 cum
3310 4787 3669 4859 praecedenti
3699 4803 3851 4844 con-

2254 4864 2626 4935 jungereturj
2648 4859 2825 4935 quasi
2846 4856 3042 4935 dicere
3065 4856 3345 4935 voluisse]
3366 4857 3650 4935 Basilius:
3683 4865 3752 4914 ut
3769 4874 3860 4935 _ne

2258 4927 2446 4999 dicas,
2471 4927 2705 4987 etc.Sed
2751 4944 2907 5001 saepe
2928 4927 3078 4984 alias
3100 4927 3266 5001 apud
3295 4928 3584 4985 Basilium
3608 4929 3739 4985 haec
3769 4930 3859 4986 lo-

2258 5003 2482 5078 quendi
2496 5002 2812 5078 ratio,§m;
2823 4999 2893 5072 μὴ
2911 4999 3258 5078 εῖπῇςηίᾶθω
3270 5006 3448 5078 sonat
3459 5016 3526 5056 ac
3539 5002 3667 5057 noli
3670 5001 3863 5078 dicere

2331 5076 2441 5145 (21)
2484 5077 2577 5126 Σὺν
2620 5072 2761 5143 αύτῷ
2788 5071 2915 5145 γε...
2951 5071 3229 5145 περιέπειν.
3262 5071 3386 5143 Ope
3428 5087 3533 5127 sex
3576 5071 3861 5145 codicum

2259 5143 2633 5219 explevimus
2653 5159 2789 5224 quin
2814 5143 3081 5209 deerant,
3104 5146 3162 5199 et
3175 5147 3462 5215 corrupta
3482 5144 3861 5200 sanavimus.

2257 5219 2349 5273 Sic
2386 5216 2547 5273 enim
2594 5214 2771 5271 editi:
2806 5218 2901 5267 Σὺν
2940 5214 3097 5277 αύτός
3139 5233 3199 5286 γε
3244 5215 3397 5286 ἡμῖν.
3444 5214 3506 5267 Εἰ
3543 5210 3603 5268 δε
3653 5217 3863 5278 πάντως

2261 5268 2347 5343 Si}?
2370 5268 2769 5363 amata:
2824 5358 2870 5363 ﬂ
3260 5268 3291 5363 ξ’

2486 5354 2623 5442 Προς
2703 5357 2987 5442 ἐλευθέραν.
3044 5354 3521 5442 Εάξιίυιῖῐουλίττὶῃ
3564 5357 3863 5442 βλευθςρᾳ,

2256 5426 2489 5489 ιῙιιίἰιίκ
2504 5426 2844 5487 v'iduae.Sed
2871 5426 3096 5484 nomen
3120 5426 3339 5483 Julittae
3374 5426 3541 5485 nullo
3562 5429 3624 5485 in
3653 5426 3866 5486 codice

2259 5501 2704 5574 ms.reperilur,
2733 5514 2849 5574 nec
2880 5498 3084 5574 vidua,
3113 5498 3193 5574 ad
3216 5515 3406 5574 quam
3437 5501 3673 5574 scripsit
3701 5500 3867 5574 hanc

2258 5570 2579 5649 epistolam
2608 5570 3181 5644 Basilius,confundi
3198 5570 3380 5630 debet
3406 5570 3867 5645 cumlulitta,de
