4102 6194
302 229 415 287 273

1332 235 1821 293 EPISTOLARUM
1858 235 2143 305 CLASSIS
2177 240 2223 310 ¹Ι.
2265 242 2479 299 EPIST.
2522 245 2639 303 XII.

3559 247 3668 303 274

292 354 455 408 Ὅταν
481 360 605 428 μιᾶς
661 354 928 431 ἐγκρατεῖς
952 360 1201 430 γίνωνται
1253 363 1304 415 οἵ
1350 364 1417 414 τὰ
1470 369 1691 415 τοιαῦτα
1733 381 1887 415 σπου-

2008 377 2195 434 quam
2225 379 2413 422 unam
2441 370 2728 439 ceperunt
2748 367 2851 440 qui
2881 367 3181 438 ejusmodi
3207 367 3390 425 rebus
3414 384 3665 442 operam

294 439 557 511 δάξοντες,
590 448 848 519 χειροήθη
902 467 957 500 τε
1011 452 1208 508 ταύτην
1253 456 1343 504 καὶ
1391 452 1639 524 όμόσιτον
1697 451 1899 514 ἑαυτοῖς

294 536 697 608 ἀπεργάσωνται
732 556 744 568 ·
803 540 938 608 τότε,
1017 541 1166 612 μύρῳ
1239 541 1336 602 τὰς
1400 544 1659 612 πτέρυγας
1735 540 1897 603 αὐτῆς

292 628 603 696 χρίσαντες,
663 623 787 678 ἐῶσι
849 627 1300 697 συναγελασθῆναι
1378 635 1489 690 ταῖς
1570 630 1771 695 ἔξωθεν.
1838 628 1896 683 Ἠ

297 708 357 765 δε
402 720 494 764 τοῦ
543 715 712 786 μύρου
770 713 961 767 ἐκείνου
1022 716 1136 787 (23)
1202 714 1398 771 εὐωδία
1455 723 1547 776 τὴν
1615 718 1896 791 αὐτόνομον

294 799 493 860 ἕκείνην
549 801 737 874 ἀγέλην
791 812 971 876 κτῆμα
1007 811 1235 858 ποιεῖται
1296 815 1368 878 τῷ
1427 812 1719 880 κατημένῳ
1803 812 1896 866 τὴν

293 893 572 947 τιθασσόν.
605 895 743 967 Πρὸς
784 895 887 967 γὰρ
935 895 1029 954 τὰς
1072 894 1311 956 εὐπνοίας
1338 897 1453 967 (24»)
1491 901 1581 948 καὶ
1628 898 1682 948 αἱ
1719 893 1896 948 λοιπαὶ

296 984 666 1051 συνεφέπονταί
722 1000 776 1034 τε
828 987 917 1034 καὶ
970 982 1365 1044 εἰσοικιζονται.
1420 990 1483 1037 Τί
1540 981 1599 1038 δε
1646 984 1896 1058 βουλόμε-

289 1089 376 1131 νος
406 1068 630 1123 ἐντεῦθεν
686 1072 930 1144 ἄρχομαι
986 1080 1077 1124 τοῦ
1128 1075 1477 1148 γράμματος;
1532 1073 1671 1139 Ὀτι,
1725 1074 1893 1126 λαϐὼν

286 1162 377 1212 τὸν
420 1161 534 1212 υἱὸν
574 1163 862 1228 Διονύσιον,
892 1164 977 1214 τόν
1024 1181 1147 1215 ποτε
1198 1160 1487 1236 Διομήδην,
1522 1169 1611 1215 καὶ
1661 1173 1734 1234 τῷ
1776 1166 1892 1235 θείῳ

287 1252 441 1323 μύρῳ
470 1252 567 1312 τὰς
604 1258 695 1310 τῆς
718 1249 907 1322 ψυχῆς
955 1250 1117 1304 αὐτοῦ
1154 1257 1412 1325 πτέρυγας
1468 1249 1781 1325 διαχρίσας,
1813 1252 1893 1316 ἐξ·

291 1338 500 1410 ἔπεμψα
538 1341 664 1414 πρὸς
718 1342 813 1396 τὴν
863 1344 960 1397 σὴν
1016 1344 1460 1415 σεμνοπρέπειαν·
1522 1344 1655 1394 ὥστε
1693 1346 1782 1394 καὶ
1836 1345 1893 1394 σε

291 1427 457 1484 αὐτὴν
506 1436 899 1487 συναναπτῆναι
943 1428 1105 1501 αὐτῷ,
1165 1435 1255 1482 καὶ
1309 1430 1618 1483 καταλαϐεῖν
1661 1436 1755 1489 τὴν
1802 1451 1893 1483 κα-

286 1516 425 1586 λιὰν,
480 1517 543 1575 ἦν
600 1517 723 1592 παρ’
781 1518 907 1589 ἡμῖν
959 1516 1186 1581 ἐπήξατο
1243 1520 1269 1571 ό
1333 1524 1719 1595 προειρημένος.
1776 1520 1892 1573 Ἐαν

286 1604 379 1658 οὖν
407 1613 577 1659 ταῦτα
625 1602 802 1679 ἴδοιμι
856 1605 940 1659 ἐπὶ
990 1615 1087 1669 τῆς
1146 1607 1274 1681 ἐμῆς
1331 1609 1487 1678 ζωῆς,
1540 1614 1631 1662 καὶ
1668 1614 1762 1668 τὴν
1795 1614 1891 1668 σὴν

2006 452 2174 518 dant,
2201 470 2459 528 eamque
2487 456 2748 512 cicurem
2794 473 2863 512 ac
2906 473 3113 513 secum
3145 464 3488 515 vescentem
3517 460 3663 516 effe-

2006 546 2218 597 cerunt
2247 560 2259 598 :
2297 547 2425 599 tum
2454 560 2619 606 vero,
2642 544 2799 599 illius
2822 545 2933 601 alis
2965 550 3276 616 unguento
3325 546 3542 615 oblitis,
3575 548 3663 621 ip-

2008 646 2142 686 sam
2193 632 2484 703 conjungi
2543 633 2747 687 sinunt
2790 634 3069 689 externis.
3114 636 3407 704 Unguenti
3456 642 3660 693 autem

2003 718 2162 773 illius
2212 718 2546 790 fragrantia
2571 720 2830 776 liberum
2883 721 3050 776 illum
3113 737 3354 791 gregem
3383 723 3456 790 ei,
3488 725 3661 795 cujus

2003 807 2135 879 ipsa
2160 808 2323 864 cicur
2355 815 2463 875 est,
2495 810 2950 882 possessionem
2983 809 3172 865 addit.
3213 812 3361 867 Nam
3388 812 3660 884 fragran-

2003 897 2149 952 tiam
2202 904 2539 970 sequuntur
2576 902 2633 954 et
2688 897 2957 970 reliquie,
2984 904 3330 971 tectumque
3377 900 3656 958 subeunt.

2006 986 2120 1043 Sed
2149 1003 2270 1059 quo
2311 988 2565 1043 consilio
2599 987 2740 1043 inde
2771 987 3053 1044 exordior
3080 988 3402 1061 epistolam
3423 990 3450 1044 ‘?
3496 994 3659 1047 Post-

2002 1090 2186 1146 quam
2220 1076 2350 1147 cepi
2377 1075 2568 1132 ﬁlium
2595 1076 2973 1148 Dionysium,
3006 1076 3150 1133 olim
3182 1078 3550 1145 Diomedem,
3574 1084 3660 1136 at-

2000 1179 2117 1236 que
2168 1164 2329 1220 illius
2359 1166 2577 1221 animae
2625 1165 2753 1221 alas
2822 1166 3023 1222 divino
3059 1170 3370 1237 unguento
3406 1167 3654 1237 inunxi;

2000 1254 2138 1309 misi
2168 1254 2247 1308 ad
2292 1259 2455 1310 tuam
2496 1255 2877 1325 dignitatem,
2911 1260 2978 1311 ut
3011 1262 3066 1312 et
3101 1256 3235 1328 ipsa
3266 1272 3389 1312 una
3416 1271 3555 1312 cum
3585 1273 3657 1313 eo

2001 1342 2304 1409 convoles,
2330 1350 2385 1399 et
2410 1343 2624 1398 nidum
2645 1349 2816 1415 petas
2843 1360 3023 1416 quem
3046 1344 3213 1417 apud
3237 1361 3349 1400 nos
3379 1345 3451 1414 is,
3473 1362 3657 1418 quem

2000 1431 2145 1501 dixi,
2174 1434 2498 1505 compegit.
2549 1433 2720 1498 Quod
2761 1433 2812 1488 si
2841 1433 2989 1488 dum
3014 1434 3175 1502 vivo,
3210 1434 3339 1489 haec
3376 1434 3655 1503 viderim,

2001 1537 2072 1577 ac
2096 1520 2452 1592 dignitatem
2484 1525 2649 1577 tuam
2681 1521 2759 1577 ad
2792 1520 3050 1577 sublime
3084 1523 3217 1579 vitae
3250 1538 3439 1592 genus
3469 1527 3657 1579 trans-

1997 1608 2183 1667 latam
2215 1629 2226 1677 ;
2263 1610 2462 1666 multis
2490 1610 2766 1683 personis
2793 1611 2911 1666 Deo
2937 1610 3137 1680 dignis
3164 1626 3319 1684 opus
3347 1612 3493 1669 mihi
3524 1613 3651 1685 erit,

287 1699 700 1770 σεμνοπρέπειαν
756 1698 884 1771 πρὸς
936 1699 1023 1749 τὸν
1080 1696 1281 1768 ὕψηλόν
1362 1697 1479 1771 βίον
1522 1701 1887 1771 μεταθεμένην,

2006 1704 2066 1756 ut
2095 1698 2148 1756 ei
2174 1699 2448 1756 debitum
2478 1700 2771 1756 honorem
2800 1698 3192 1772 adimpleam.

282 1784 488 1837 πολλῶν
536 1790 828 1858 προσώπων
863 1784 1018 1849 ἀξίων
1065 1794 1158 1839 τοῦ
1219 1794 1353 1840 Θεοῦ
1411 1784 1767 1861 δεηθὴσομαι,
1798 1793 1893 1847 τὴν

281 1878 757 1948 κεχρεωστημένην
785 1878 943 1948 τιμὴν
977 1873 1377 1949 ἀποπληρῶσαι,
1408 1876 1569 1949 αὐτῷ.

846 1987 1182 2036 ΕΠΙΣΤΟΛΗ
1224 1982 1303 2037 ΙΑ’
1317 2028 1329 2040 .

2596 1986 2928 2041 EPISTOLA
2966 1986 3075 2041 Xl'.

280 2105 561 2163 Basilius
590 2106 743 2163 diem
780 2106 1000 2177 festum
1022 2108 1439 2182 celebraverat
1463 2124 1595 2182 cum
1617 2109 1761 2177 ﬁliis
1789 2108 1978 2182 unius
2008 2124 2084 2165 ex
2113 2109 2319 2165 amicis
2341 2109 2482 2178 suis,
2513 2124 2686 2180 quem
2719 2124 2827 2178 per
2846 2126 2941 2166 eos
2969 2111 3219 2182 salutat,
3253 2125 3324 2168 ac
3352 2110 3652 2179 hortatur,

1056 2185 1122 2235 ut
1141 2181 1194 2235 si
1224 2180 1385 2236 curis
1412 2181 1520 2237 Dei
1548 2181 1702 2236 dono
1731 2181 2103 2251 exsolvatur,
2134 2196 2332 2237 secum
2366 2182 2544 2237 vitam
2579 2182 2882 2239 traducat.

632 2300 1029 2377 Ἀνεπίγραφος,
1069 2303 1156 2357 ἐπὶ
1197 2302 1345 2376 φιλίᾳ

351 2415 429 2481 Τῇ
484 2416 578 2461 τοῦ
625 2416 757 2463 Θεοῦ
807 2411 996 2486 χάριτι
1047 2414 1141 2469 τὴν
1200 2409 1354 2481 ἀγίαν
1430 2413 1628 2486 ἡμέραν
1692 2407 1885 2463 συνδι-

279 2503 573 2571 αγαγόντες
610 2506 715 2560 τοῖς
763 2504 955 2561 τέκνοις
1018 2502 1184 2573 ἡμῶν,
1225 2506 1316 2553 καὶ
1364 2505 1520 2563 ὅντως
1558 2500 1751 2553 τελείαν
1778 2500 1884 2573 ἑορ-

278 2592 378 2646 τήν
437 2588 769 2661 ἑορτάσαντες
826 2597 897 2660 τῷ
954 2594 1129 2664 Κυρίῳ
1188 2587 1281 2642 διὰ
1323 2594 1411 2648 τὴν
1461 2589 1883 2665 ὑπερϐάλλουσαν

277 2678 455 2730 αὐτῶν
514 2683 633 2752 περὶ
691 2683 779 2731 τὸν
843 2682 972 2732 Θεὸν
1022 2678 1247 2751 ἀγάπην,
1309 2680 1713 2755 προεπέμψαμεν
1773 2677 1884 2752 μεθ’

278 2769 462 2839 ὑγείας
515 2772 643 2841 πρὸς
698 2772 792 2827 τὴν
852 2773 948 2827 σὴν
1015 2769 1290 2841 εὐγένειαν,
1342 2770 1616 2842 εὐχόμενοι
1672 2777 1744 2839 τῷ
1802 2789 1881 2840 φι-

277 2855 575 2932 λανθρώπῳ
640 2863 748 2924 Θεῷ
816 2862 902 2910 καὶ
961 2858 1140 2920 αὐτοῖς
1191 2855 1414 2917 δοθῆναι
1476 2859 1731 2934 εἰρηνικόν
1788 2858 1883 2929 οἶγε

275 2945 427 3017 γελον
477 2945 674 3019 βοηθόν
702 2950 793 2999 καὶ
849 2949 1137 3020 σῦμπορόν,
1179 2953 1270 2999 καὶ
1305 2951 1360 3000 σε
1394 2948 1515 3021 παρ’
1582 2946 1749 3000 αὐτῶν
1792 2966 1882 2999 κα-

279 3034 616 3106 ταληφθῆναι
668 3034 716 3086 ἐν
764 3037 917 3107 ὑγείᾳ
968 3040 1055 3087 καὶ
1092 3038 1238 3109 πάσῃ
1273 3036 1502 3109 εἰρηνικῇ
1535 3037 1879 3088 καταστάσει·

279 3126 365 3175 ἶνα
421 3125 649 3198 ὅπουπερ
704 3123 763 3175 ἆν
830 3121 941 3195 ἦτε,
1019 3120 1342 3186 δουλεύοντες
1407 3133 1480 3196 τῷ
1539 3130 1736 3197 Κυρίῳ,
1793 3128 1884 3175 καὶ

280 3212 725 3285 εὐχαριστοῦντες
764 3213 926 3285 αὐτῷ,
986 3213 1291 3286 εὐφραίνητε
1364 3216 1521 3287 ἡμᾶς,
1585 3216 1679 3276 ἕως
1734 3212 1884 3287 ἐσμὲν

280 3301 334 3353 ἐν
386 3310 460 3371 τῷ
503 3307 706 3374 κόσμῳ,
740 3299 1019 3364 ἀκούοντας
1062 3304 1130 3356 τὰ
1176 3302 1299 3377 παρ’
1332 3304 1501 3376 ὑμῶν.
1544 3303 1661 3355 Ἐὰν
1702 3299 1761 3355 δὲ
1791 3324 1888 3356 πα-

279 3394 471 3466 ράσχῃ
500 3392 526 3442 ὁ
558 3392 704 3463 ἅγιος
753 3394 882 3453 Θεὸς
939 3396 1056 3463 (26)
1114 3394 1298 3445 θᾶττόν
1354 3411 1412 3445 σε
1457 3400 1553 3444 τῶν
1603 3389 1885 3465 φροντίδων

280 3484 480 3533 τούτων
538 3480 922 3552 ἀπαλλαγῆναι,
971 3481 1369 3557 παρακαλοῦμεν
1428 3500 1485 3533 σε
1535 3478 1700 3554 μηδέν
1752 3501 1885 3556 προ-

287 3579 512 3641 τιμῆσαι
540 3577 641 3631 τῆς
668 3570 783 3642 μεθ’
810 3571 956 3642 ἡμῶν
987 3570 1097 3642 (27)
1139 3567 1379 3642 διαγωγῆ
1394 3592 1433 3632 ς·
1470 3570 1634 3644 Οἶμαι
1672 3574 1772 3645 γὰρ
1810 3576 1881 3644 μὴ

290 3658 450 3732 εῦρείν
492 3677 549 3711 σε
598 3663 723 3722 τοὺς
775 3659 936 3720 οὕτως
996 3657 1327 3730 ἀγαπῶντας,
1376 3663 1463 3712 καὶ
1521 3658 1884 3733 ἀντιποιουμέ-

282 3766 398 3807 νους
426 3755 518 3807 τῆς
569 3747 693 3820 παρ’
732 3748 857 3820 ὑμῖν
917 3746 1107 3819 φιλίας.
1170 3746 1303 3809 Ἐως
1334 3744 1419 3800 οὖν
1470 3746 1529 3799 ἂν
1569 3748 1810 3821 οἰκονομῇ
1858 3750 1884 3800 ό

280 3837 435 3907 ἅγιος
497 3839 585 3888 τόν
633 3840 912 3912 χωρισμόν
958 3842 1160 3901 τοῦτον,
1205 3834 1299 3888 διὰ
1350 3838 1527 3898 πάσης
1575 3840 1885 3911 προφάσεως

278 3927 715 4002 παραμυθεῖσθαι
744 3927 881 3999 ἡμᾶς
907 3928 1188 4001 γράμμασι
1216 3926 1491 3991 καταξίου.

852 4037 1188 4086 ΕΠΙΣΤΟΛΗ
1223 4032 1315 4089 ῐΒ’.

2282 2304 2429 2361 Sine
2460 2304 2873 2375 inscriptione,
2908 2305 3188 2363 amicitia:
3217 2320 3380 2377 ergo.

2068 2411 2399 2485 Postquam
2426 2410 2527 2468 Dei
2549 2412 2742 2482 gratia
2762 2411 2925 2469 diem
2951 2417 3229 2470 sanctum
3248 2411 3656 2483 transegimus

1995 2516 2132 2557 cum
2161 2500 2301 2555 ﬁliis
2334 2501 2573 2567 nostris,
2606 2517 2676 2557 ac
2706 2517 2843 2557 vere
2874 2501 3141 2574 perfecta
3181 2502 3477 2559 solemnia
3505 2501 3657 2557 cele-

1993 2589 2304 2646 bravimus
2352 2590 2625 2657 Domino,
2676 2589 2755 2646 ob
2805 2590 3095 2646 eximium
3138 2607 3349 2647 eorum
3385 2590 3442 2646 in
3471 2593 3658 2646 Deum

1993 2694 2287 2748 amorem,
2304 2695 2486 2735 sanos
2509 2679 2912 2751 praemisimus
2931 2682 3008 2736 aut
3028 2684 3194 2736 tuam
3218 2680 3654 2753 praestantiam.

1996 2768 2185 2822 Deum
2215 2766 2726 2836 benignissimum
2754 2772 3088 2839 precantes,
3113 2773 3178 2824 ut
3220 2773 3278 2823 et
3306 2768 3451 2840 ipsis
3483 2768 3658 2824 detur

1995 2855 2290 2929 pacificus
2321 2856 2572 2926 angelus
2601 2856 2845 2927 adjutor
2871 2873 2940 2913 ac
2968 2857 3076 2912 viae
3108 2873 3330 2923 comes,
3364 2862 3542 2928 teque
3566 2872 3660 2913 sa-

1993 2961 2167 3012 num,
2202 2949 2260 3001 et
2287 2945 2349 3000 in
2397 2946 2562 3001 omni
2595 2945 3024 3018 tranquillitate
3047 2947 3444 3002 constitutum
3484 2960 3656 3017 repe-

1994 3035 2185 3091 riant:
2228 3040 2292 3090 ut
2325 3035 2671 3107 ubicunque
2719 3035 2967 3104 fueritis,
3004 3035 3325 3091 servientes
3378 3034 3654 3102 Domino,

1995 3124 2167 3196 eique
2202 3122 2423 3195 gratias
2449 3128 2719 3193 agentes,
2744 3123 3013 3179 laetitiam
3052 3123 3248 3193 nobis,
3284 3123 3433 3179 dum
3456 3123 3517 3178 in
3539 3123 3655 3179 hoc

1994 3213 2225 3268 mundo
2252 3212 2663 3277 sumus,fama
2684 3228 2886 3268 rerum
2918 3218 3254 3269 vestrarum
3279 3213 3562 3269 atferatis.
3595 3212 3654 3269 Si

1993 3320 2138 3360 vero
2176 3306 2327 3359 Deus
2362 3307 2606 3358 sanctus
2646 3302 2869 3359 tribuat
2897 3303 3027 3370 tibi,
3060 3308 3123 3360 ut
3148 3319 3334 3376 quam
3366 3302 3654 3359 citissime

1993 3393 2072 3450 ab
2101 3393 2228 3449 istis
2275 3392 2433 3448 curis
2479 3390 2841 3464 expediaris,
2874 3407 3163 3462 rogamus
3195 3396 3261 3448 ut
3302 3392 3450 3448 nihil
3499 3392 3651 3448 anti-

1993 3482 2170 3554 quius
2208 3481 2462 3545 habeas,
2496 3496 2685 3552 quam
2732 3487 2794 3537 ut
2840 3481 3022 3536 vitam
3086 3480 3274 3551 degas
3312 3481 3647 3537 nobiscum.

1994 3571 2274 3626 Existimo
2306 3570 2466 3625 enim
2498 3574 2550 3624 te
2582 3585 2706 3624 non
2736 3569 3123 3625 inventurum
3144 3570 3249 3642 qui
3275 3570 3356 3626 ita
3374 3570 3649 3639 diligant,

1992 3665 2048 3715 et
2077 3674 2349 3715 amorem
2380 3662 2641 3713 vestrum
2676 3657 2822 3713 tanti
2853 3658 3097 3713 faciant.
3134 3658 3415 3724 Quandiu
3446 3658 3647 3727 igitur,

1989 3750 2110 3804 Dco
2140 3748 2554 3819 dispensante,
2588 3748 2851 3818 separati
2876 3748 3122 3814 erimus,
3153 3746 3259 3801 des
3303 3761 3555 3817 operam
3585 3749 3651 3801 ut

1990 3852 2102 3894 nos
2133 3836 2211 3892 ad
2236 3851 2480 3893 omnem
2513 3834 2896 3892 occasionem
2914 3834 3124 3891 litteris
3151 3834 3501 3893 consoleris.

2568 4029 2910 4086 EPISTOLA
2949 4028 3079 4084 X11“

889 4159 1233 4230 Olympium
1258 4159 1605 4230 perurbane
1634 4159 1919 4217 hortatur
1948 4158 2219 4217 Basilius
2255 4162 2320 4213 ut
2349 4157 2564 4227 saepius
2602 4155 2674 4213 ad
2699 4170 2759 4212 se
2798 4154 3042 4212 scribat.

935 4265 1228 4337 Ὀλυμπίῳ.

350 4372 609 4446 Ἐγραφες
647 4374 772 4445 ἡμῖν
829 4375 1075 4447 πρότερον
1133 4376 1224 4446 μὲν
1277 4372 1444 4445 ὀλίγα,
1500 4380 1587 4423 νῦν
1642 4368 1701 4425 δὲ
1760 4368 1883 4425 οὐδὲ

281 4462 456 4533 dli-Iw
490 4467 582 4514 καὶ
631 4464 789 4515 ἔοικεν
821 4464 849 4520 ἠ
912 4461 1271 4536 βραχυλογία,
1330 4470 1594 4538 προῐοῦσα
1640 4471 1711 4533 τῷ
1752 4466 1883 4535 χρό-

278 4572 369 4623 νῳ,
445 4551 691 4613 παντελὴς
746 4554 985 4623 γίνεσθαι
1062 4550 1280 4624 ἀφωνία.
1364 4551 1633 4604 Ἐπάνελθε
1711 4556 1880 4603 τοίνυν

276 4639 361 4694 ἰπὶ
412 4644 474 4694 τὸ
517 4642 651 4703 ἔθος,
696 4643 765 4704 ὡς
814 4640 908 4693 οὐκ
947 4643 1021 4693 ἔτι
1053 4660 1137 4693 σοι
1174 4639 1487 4715 μεμψόμεθα
1530 4641 1883 4702 Λακωνίζοντι

276 4835 489 4909 quain
512 4836 807 4909 pluribus
831 4836 957 4909 agit
985 4835 1213 4909 litteris.
1248 4838 1451 4909 Neque
1479 4835 1659 4891 etiam
1681 4836 1739 4891 in
1762 4835 1878 4891 hac

276 4853 400 4909 qua
429 4853 489 4892 1n
528 4853 807 4963 EIUNDUS
831 4853 957 4905 agn
985 4853 1213 4893 niteris.
1248 4853 1451 4908 neque
1479 4853 1659 4891 etiam
1681 4853 1739 4891 1n
1762 4853 1878 4891 nac

276 4916 331 4963 et
360 4907 524 4980 pluri
574 4924 644 4963 us
685 4908 817 4964 aliis
846 4907 1048 4980 Basilii
1077 4907 1342 4980 epistolis
1374 4907 1609 4980 ἐλευθέρα
1657 4922 1881 4980 nomen

275 4978 596 5051 prdprium
621 4985 728 5041 est,
766 4978 874 5034 sed
897 4978 1144 5035 viduam
1188 4978 1550 5051 matronam
1578 4978 1878 5051 designat.

396 5050 729 5131 Gregorius
760 5054 897 5107 Naz.
927 5050 985 5131 in
1016 5050 1191 5131 epist.
1232 5055 1346 5131 (47,
1377 5050 1638 5125 ἐλευθέραν
1661 5050 1878 5131 Alypii,

273 5122 335 5177 id
377 5128 484 5194 est,
501 5121 758 5194 viduam,
780 5120 1044 5194 appellat
1056 5120 1189 5194 :Sitn
1199 5121 1459 5194 pliciam,
1482 5120 1669 5193 quam
1692 5120 1881 5194 ipsius

272 5193 601 5265 quondam
628 5191 952 5263 conjugém
986 5191 1168 5248 fuisse
1198 5191 1431 5265 dixerat
1459 5191 1518 5247 in
1549 5191 1732 5264 epist:
1762 5196 1883 5265 146.

284 5264 304 5349 ς
350 5269 472 5349 (23)
518 5264 768 5317 Ἐκείνου.
830 5266 918 5319 lta
966 5280 1072 5319 sex
1140 5264 1368 5336 antiqui
1423 5264 1678 5320 codices.
1738 5264 1885 5319 Editi

276 5356 475 5393 εκείνη.

347 5410 463 5478 (24)
504 5409 609 5467 Τὰς
666 5405 927 5466 εὐπνοίας.
982 5408 1068 5461 Ita
1126 5405 1282 5478 Harl.
1316 5405 1469 5478 Editi
1520 5409 1611 5468 τὰς
1652 5406 1890 5459 εὐπνοού-

276 5476 400 5541 σας,
434 5494 541 5535 ea:
571 5494 704 5549 qua
736 5478 880 5533 bene
898 5479 1082 5543 olent,
1110 5476 1278 5550 quod
1303 5477 1506 5550 minus
1538 5493 1744 5533 verum
1768 5481 1890 5550 est,

277 5566 425 5610 cum
457 5566 589 5608 una
613 5555 851 5607 tantum
881 5549 1192 5623 unguento
1217 5549 1406 5607 oblita
1443 5549 1537 5605 sit.
1570 5552 1743 5606 Deest
1764 5549 1895 5606 hinc

2670 4262 2971 4333 Olympio.

2066 4368 2382 4427 scribebas
2411 4368 2589 4424 nobis
2618 4368 2788 4441 prius
2817 4383 3034 4440 pauca,
3059 4381 3222 4422 nunc
3244 4380 3382 4422 vero
3402 4381 3478 4421 ne
3501 4382 3645 4439 pauo

1992 4476 2063 4516 ca
2102 4459 2389 4533 quidem:
2435 4473 2508 4514 ac.
2536 4458 2770 4514 videtur
2822 4456 3326 4529 breviloquentia,
3374 4464 3644 4528 tempore

1990 4549 2406 4622 progrediens,
2433 4550 2683 4603 omnino
2726 4547 2852 4602 ﬁeri
2896 4545 3285 4602 taciturnitas.
3332 4546 3446 4617 93
3494 4545 3644 4602 Redi

1991 4640 2193 4711 itaque
2212 4638 2289 4694 ad
2311 4636 2831 4707 consuetudinem,
2847 4634 3351 4708 quandoquidem
3368 4651 3491 4691 non
3512 4650 3643 4691 am-

1987 4834 2311 4963 verborum
2344 4830 2684 4904 complexio
2710 4830 2767 4887 in
2792 4829 3212 4904 antiquissimo
3244 4830 3450 4887 codice
3477 4830 3638 4886 Cois-

2012 4922 2172 4962 iano.

2012 4922 2172 4962 iano.

2061 4978 2172 5046 (25)
2232 4975 2349 5027 Ἐπὶ
2415 4974 2578 5046 φιλίᾳ.
2629 4973 2720 5030 Sic
2778 4973 2969 5046 codex
3039 4973 3336 5046 antiquus,
3375 4972 3637 5046 insignis

1991 5043 2260 5105 EcCleSiae
2292 5043 2661 5111 Pari'siensis,
2696 5043 2909 5117 melius
2930 5060 3119 5117 quam
3157 5043 3219 5101 in
3247 5044 3418 5102 editis
3443 5050 3499 5099 et
3542 5045 3640 5100 tri-

1990 5121 2107 5177 bus
2135 5118 2267 5174 aliis
2297 5117 2604 5173 codicibus
2637 5133 2783 5170 mss.
2818 5114 2901 5168 ἐπὶ
2929 5114 3076 5188 ῷίλῳ.

2064 5194 2178 5261 (26)
2210 5189 2271 5261 7'0
2311 5189 2460 5259 ἅγιος
2505 5193 2675 5261 Θεὸς.-
2709 5190 2878 5243 Deest
2926 5185 3056 5248 Θεὸς
3093 5187 3155 5242 in
3185 5185 3320 5242 cod.
3358 5185 3637 5242 Medicaeo

1993 5269 2050 5320 et
2075 5258 2320 5317 “duObus
2346 5258 2795 5315 recentioribus.

2090 5336 2179 5399 '27)
2210 5339 2316 5392 Τῆς
2345 5331 2456 5404 μεθ’
2487 5334 2654 5403 ἡμῶν.
2683 5333 2810 5404 Duo
2844 5345 2988 5404 ayss.
3021 5338 3111 5390 τῆς
3148 5329 3271 5403 παρ’
3317 5332 3460 5402 ἡμῖν.
3510 5331 3641 5385 Mox

1997 5398 2187 5463 codex
2219 5398 2719 5459 Claromontanus
2752 5402 2843 5463 ἕως
2870 5398 2918 5452 a‘"
2946 5402 3025 5455 οἷν.

2070 5478 2090 5497 '
2132 5476 2290 5530 Alias
2321 5477 2629 5532 CCXXXIX.
2662 5471 2981 5545 Scriptain
3010 5485 3270 5545 secessu.

2074 5548 2117 5570 “
2155 5546 2315 5604 Alias
2355 5548 2574 5604 CLXXI.
2606 5542 2835 5617 Scripta
2860 5542 3090 5600 videtur
3108 5542 3171 5597 in
3202 5557 3466 5599 secessu.
