4102 6194
454 265 560 317 275

1826 264 1883 319 S.
1924 257 2173 317 BASlLll
2212 258 2455 315 MAGNI.

3705 261 3809 315 276

453 385 612 458 plius
651 402 997 459 queremur,
1030 387 1197 459 quod
1241 387 1529 443 Laconice
1560 387 1639 443 ad
1681 403 1793 443 nos
1828 384 2089 449 scribas:

2220 385 2346 459 πρός
2402 385 2543 456 ἡμᾶς
2596 381 2689 437 διὰ
2746 385 3109 459 μραγμάτων’
3185 382 3313 434 ἀλλά
3384 384 3474 433 καὶ
3535 383 3602 434 τὰ
3647 386 3814 457 μικρὰ

456 474 561 529 sed
583 480 640 530 et
672 476 887 531 breves
915 476 1164 544 litteras,
1191 481 1254 531 ut
1294 478 1498 545 magni
1532 476 1615 531 tui
1646 477 1872 532 amoris
1924 489 2105 543 argu-

457 568 679 635 menta,
714 565 957 638 plurimi
1002 564 1311 621 faciemus.
1361 568 1616 621 Tantum
1660 565 1836 622 nobis
1888 562 2103 620 scribe.

1011 760 1253 816 EPISTO
1263 763 1349 815 LA
1387 760 1545 816 Xlll'.

2215 475 2520 547 γράμματα,
2583 472 2820 546 σύμϐολα
2886 478 3003 525 ὄντα
3061 482 3153 535 τῆς
3209 470 3438 545 μεγάλης
3488 490 3582 523 σου
3637 468 3814 525 διαθέο

2218 580 2361 628 σεως,
2434 562 2623 614 πολλοῦ
2702 563 2825 627 ἄξια
2888 564 3237 635 ποιησόμεθα.
3301 565 3467 615 Μόνον
3550 560 3812 615 ἐπίστελλε

2215 651 2361 723 ἡμῖν.

2780 764 3114 812 ΕΠΙΣΤΟΛΗ
3155 756 3249 813 ΙΓ’.

1848 866 2061 923 Amica
2117 864 2429 922 salutatio.

1132 974 1431 1044 Olympio.

527 1061 1055 1125 Quemadmodum
1088 1078 1183 1118 res
1208 1067 1434 1118 caeteras
1466 1078 1574 1117 sua
1596 1077 1855 1135 quaeque
1884 1065 2106 1133 tempe-

455 1153 607 1205 state
639 1155 878 1208 mature
911 1152 1291 1223 proveniunt,
1326 1168 1463 1207 vere
1490 1151 1738 1224 quidem
1778 1152 1975 1220 ﬂores,
1999 1167 2108 1206 ies-

455 1242 572 1294 tate
602 1255 741 1295 vero
787 1241 989 1312 spicae,
1019 1246 1075 1295 et
1115 1245 1412 1296 autumno
1461 1241 1692 1297 malum
1729 1258 1742 1296 :
1778 1240 1858 1296 ita
1893 1239 2106 1295 hiemis

455 1327 682 1384 fructus
714 1334 855 1385 sunt
884 1345 1215 1385 sermones.

1002 1438 1335 1494 EPISTOLA
1378 1436 1558 1492 XIV".

2876 972 3164 1045 Ὀλυμπίῳ.

2283 1058 2484 1134 Ὠσπερ
2537 1066 2634 1111 τῶν
2694 1060 2856 1112 ἄλλων
2910 1064 3117 1136 ὡρίμων
3169 1062 3383 1113 ἕκαστον
3441 1059 3488 1112 ἓν
3540 1068 3599 1119 τῆ
3643 1060 3812 1133 οἰκείᾳ

2215 1150 2325 1221 ὥρᾳ
2365 1147 2586 1219 ἀπαντᾷ,
2615 1148 2663 1200 ἐν
2704 1146 2793 1222 ἦρι
2823 1152 2911 1222 μὲν
2942 1153 3009 1202 τά
3044 1152 3198 1217 ἄνθη,
3226 1148 3273 1201 ἐν
3308 1152 3441 1221 θέρει
3473 1145 3531 1202 δὲ
3556 1151 3604 1201 οἱ
3642 1148 3808 1202 ἀστά-

2214 1257 2344 1309 χυες
2402 1241 2537 1305 (28),
2566 1247 2638 1308 τῷ
2693 1235 2751 1291 δὲ
2803 1246 3085 1312 μετοπώρῳ
3125 1243 3182 1291 τό
3231 1238 3411 1311 μῆλον·
3447 1239 3581 1292 οὕτω
3611 1248 3808 1312 χειμῶ-

2214 1346 2293 1387 νος
2315 1331 2507 1401 καρπός
2528 1328 2644 1398 (29)
2679 1327 2808 1380 εἰσιν
2840 1330 2887 1380 οἱ
2915 1327 3079 1400 λόγοι.

2778 1440 3109 1487 ΕΠΙΣΤΟΛΗ
3164 1434 3255 1488 ΙΔ’.

454 1527 721 1582 Basilius
742 1526 1043 1596 signiﬁcat
1075 1527 1362 1596 Gregorio
1383 1526 1499 1582 sibi
1516 1531 1809 1582 statutum
1837 1539 1957 1582 esse
1987 1539 2106 1580 non
2133 1527 2453 1596 expectare
2467 1523 3015 1596 illiusadventum,
3046 1524 3149 1580 sed
3175 1525 3379 1580 statim
3403 1522 3706 1593 proﬁcisci
3729 1523 3811 1579 ad

526 1614 697 1654 suam
764 1595 948 1654 Ponti
992 1595 1415 1654 solitudinem:
1468 1599 1649 1654 situm
1701 1597 1882 1668 hujus
1936 1599 2053 1653 loci
2101 1595 2377 1668 pluribus
2434 1595 2735 1665 describit,
2792 1612 2863 1652 ac
2913 1597 3247 1652 Tiberinum
3290 1611 3403 1663 pro
3451 1596 3561 1651 illo
3617 1596 3808 1665 lepide

525 1672 866 1726 contemnit.

1014 1775 1299 1845 Gregorio
1330 1774 1545 1830 sodali.

529 1868 576 1920 t.
607 1868 727 1937 Ego
755 1879 892 1919 cum
923 1864 1103 1920 frater
1151 1864 1468 1935 Gregorius
1499 1862 1574 1918 ad
1607 1877 1702 1917 me
1748 1861 2102 1934 scripsisset,

449 1952 602 2009 velle
633 1970 694 2009 se
731 1953 1103 2026 jampridem
1145 1953 1469 2009 nobiscum
1517 1951 1826 2021 congredi,
1876 1950 2102 2023 tibique

449 2043 783 2098 addidisset
806 2043 965 2098 idem
987 2043 1166 2099 etiam
1199 2046 1492 2097 statutum
1514 2057 1677 2108 esse;
1707 2042 1926 2113 partim
1957 2040 2103 2111 quia

450 2147 609 2203 saepe
640 2132 930 2203 deceptus
948 2148 1108 2200 sum,
1133 2131 1372 2201 segnior
1398 2130 1473 2186 ad
1501 2129 1869 2185 credendum
1887 2129 2098 2197 factus,

446 2220 663 2291 partim
686 2224 742 2276 et
768 2220 1024 2288 negotiis
1047 2219 1396 2287 distractus,
1420 2224 1733 2290 expectare
1754 2234 1878 2273 non
1909 2217 2099 2290 potui.

444 2308 579 2364 Mihi
626 2309 785 2363 enim
831 2309 960 2379 jam
998 2308 1058 2363 in
1111 2311 1366 2363 Pontum
1409 2306 1801 2376 migrandum
1854 2310 1963 2371 est,
1996 2305 2099 2361 ubi

443 2397 592 2453 forte
621 2397 972 2469 aliquando,
1000 2399 1120 2452 Deo
1151 2396 1409 2463 volente,
1442 2397 1627 2452 ﬁnem
1662 2395 1986 2452 oberrandi
2013 2394 2097 2451 la-

444 2486 691 2541 ciemus.
722 2489 894 2554 Nam,
928 2501 1063 2541 cum
1096 2485 1194 2540 vix
1237 2485 1486 2541 tandem
1531 2485 1917 2557 projecissem
1959 2499 2097 2556 spes

438 2574 845 2645 inanes,quas
868 2574 943 2629 de
971 2579 1024 2629 te
1044 2573 1361 2644 quondam
1399 2573 1721 2644 habebam,
1746 2573 1889 2637 imo,
1927 2573 1974 2627 si
2000 2588 2097 2627 ve-

436 2663 561 2719 rius
597 2662 969 2735 loquendum
1001 2667 1113 2731 est,
1146 2662 1384 2718 somnia
1419 2665 1587 2723 (nam
1621 2661 1769 2717 mihi
1800 2660 2095 2733 probatur

436 2752 541 2823 qui
593 2767 732 2823 spes
761 2751 1143 2821 vigilantium
1198 2751 1435 2806 somnia
1467 2766 1596 2805 esse
1626 2749 2090 2822 pronuntiavit),

435 2840 702 2897 abscessi
756 2841 817 2896 in
872 2842 1129 2895 Pontum
1184 2840 1322 2895 vita:
1364 2840 1702 2895 institutum
1789 2854 2087 2911 quaerens.

433 2928 555 2983 Illic
585 2930 732 2984 mihi
765 2932 918 2985 Deus
948 2944 1164 2999 agrum
1194 2928 1457 2984 ostendit
1485 2928 1786 2983 cumulate
1819 2926 2089 2983 moribus

434 3017 585 3073 meis
619 3022 1078 3087 congruentem,
1113 3017 1193 3073 ita
1234 3021 1300 3072 ut
1329 3016 1572 3088 qualem
1608 3032 1770 3089 saepe
1813 3017 2090 3071 feriantes

2677 1775 2946 1846 Γρηγορίῳ
2978 1771 3165 1844 ἑταίρῳ
3196 1772 3334 1841 (30).

2290 1862 2335 1912 1⁸
2379 1857 2530 1930 Ἐγὼ,
2554 1868 2644 1912 τοῦ
2678 1856 2901 1932 ἀδελφοῦ
2945 1880 3035 1933 μοι
3061 1859 3440 1920 ὶπιστείλαντος
3489 1863 3802 1934 Γρηγορίου,

2212 1945 2372 1998 πάλαι
2402 1950 2516 2013 (31)
2559 1947 2844 2021 βούλεσθαι
2873 1951 2997 2022 ἡμῖν
3040 1958 3335 2021 συντυχεῖν,
3368 1950 3676 2024 προσθέντος
3722 1946 3799 2014 δι,

2211 2037 2289 2088 ὃτι
2320 2041 2409 2088 καὶ
2450 2042 2535 2088 σοὶ
2564 2038 2690 2090 αὐτὸ
2716 2046 2869 2090 τοῦτο
2903 2036 3215 2112 δεδογμένον
3248 2037 3380 2105 ἐστὶ,
3411 2042 3469 2090 τό
3499 2042 3588 2110 μέν
3634 2058 3685 2089 τι
3714 2044 3804 2091 καὶ

2815 2126 3149 2186 ἀπατηθῆναι
3217 2132 3331 2195 (32)
3383 2126 3613 2201 ὀκνηρῶς
3668 2129 3803 2198 ἔχων

2208 2218 2339 2287 πρός
2376 2218 2433 2266 τό
2460 2218 2742 2267 πιστεύειν·
2772 2218 2829 2267 τό
2871 2213 2931 2269 δέ
2960 2236 3010 2268 τι
3056 2222 3146 2268 καὶ
3194 2218 3294 2268 ύπό
3336 2214 3604 2288 ἀσχολιῶν
3652 2235 3804 2289 περι-

2211 2308 2494 2375 σπώμενος,
2527 2303 2784 2377 ἐπιμεῖναι
2834 2305 2928 2357 ούκ
2977 2302 3267 2364 ἠδυνήθην,
3300 2312 3385 2358 Δεῖ
3428 2307 3530 2380 γάρ
3583 2324 3647 2378 με
3692 2302 3799 2363 ἤδη

2209 2389 2505 2444 ἀπελαύνειν
2555 2391 2638 2445 ἐπὶ
2668 2397 2754 2444 τόν
2806 2398 3017 2461 Πόντον,
3092 2393 3141 2446 ἐν
3320 2397 3466 2466 τάχα
3510 2397 3653 2460 ποτε,
3711 2402 3803 2447 τοῦ

2207 2484 2332 2533 Θεου
2389 2480 2753 2553 βουληθέντος,
2792 2492 2886 2545 τῆς
2947 2483 3147 2545 πλάνης
3200 2483 3418 2556 ληξομεν
3470 2485 3523 2553 (3
3569 2494 3604 2553 ).
3647 2483 3806 2544 Μόλις

2204 2573 2302 2645 γὰρ
2365 2569 2617 2643 ἀπογνοὺς
2677 2573 2777 2624 τῶν
2832 2578 3067 2645 ματαίων
3148 2570 3391 2639 ἐλπίδων,
3453 2572 3516 2635 ἃς
3557 2572 3641 2626 ἐπὶ
3718 2579 3804 2626 σοὶ

2212 2121 2246 2176 δ
2253 2127 2305 2176 ιὰ
2342 2128 2399 2176 τό
2487 2125 2735 2188 πολλάκις

2205 2657 2350 2730 εἶχον
2406 2664 2548 2728 ποτε,
2596 2661 2788 2732 μῆλλον
2844 2658 2902 2714 δὲ
2939 2670 3038 2714 τῶν
3080 2661 3305 2735 ὀνείρων,
3365 2662 3410 2713 εἰ
3476 2659 3559 2715 δεῖ
3617 2660 3803 2721 ἀληθέ-

2205 2765 2383 2822 στερον
2451 2748 2605 2800 εἰπεῖν
2648 2750 2861 2819 (ἐπαινώ
2916 2752 3017 2822 γὰρ
3068 2754 3155 2802 τόν
3202 2751 3410 2802 εἰπόντα
3459 2753 3550 2813 τὰς
3582 2748 3803 2813 ἐλπίδας

2202 2831 2331 2886 εἶναι
2374 2840 2768 2910 γρηγορούντων
2817 2835 3069 2904 ἐνύπνια),
3111 2840 3248 2890 κατὰ
3291 2837 3412 2910 βίου
3455 2841 3677 2902 ζήτησιν
3717 2838 3801 2891 ἐπὶ

2200 2927 2287 2975 τόν
2323 2931 2514 2977 Πόντον
2556 2925 2805 2984 ἀπῆλθόν·
2841 2926 2999 2980 Ἔνθα
3033 2924 3099 2985 δὴ
3129 2947 3220 3000 μοι
3246 2930 3275 2979 ό
3308 2932 3439 2990 Θεὸς
3466 2934 3663 3003 χωρίον
3685 2930 3798 3000 (34)

2200 3010 2465 3077 ὑπέδειξεν
2516 3014 2738 3089 ἀκριϐῶς
2793 3015 3076 3089 συμϐαῖνον
3134 3025 3205 3088 τῷ
3253 3016 3358 3090 ἐμῷ
3406 3023 3598 3093 τρόπῳ·
3641 3021 3796 3086 ὥστε,

431 3123 502 3163 ac
533 3107 845 3163 lusitantes
876 3107 1082 3162 animo
1111 3106 1340 3177 tingere
1371 3106 1654 3178 solemus,
1680 3106 1863 3163 talem
1886 3106 2089 3178 reipsa

2201 3104 2305 3155 οἷον
2356 3104 2604 3165 πολλάκις
2652 3105 2898 3178 εἰώθαμεν
2946 3105 3226 3180 ἀργοῦντες
3271 3108 3381 3179 ἅμα
3431 3113 3521 3159 καὶ
3584 3109 3801 3169 παίζον-

428 3196 768 3252 videamus.

499 3378 553 3429 2.
588 3376 751 3430 Mons
781 3373 941 3428 enim
973 3378 1065 3430 est
1106 3374 1283 3444 altus,
1317 3373 1513 3430 densa
1553 3373 1704 3430 silva
1750 3377 2084 3443 contectus,

428 3462 661 3533 frigidis
690 3478 761 3517 ac
790 3462 1056 3533 limpidis
1080 3462 1255 3535 aquis
1283 3462 1749 3534 septentrionem
1780 3478 1987 3517 versus
2014 3463 2086 3517 ir-

429 3552 660 3621 riguus.
696 3552 882 3623 Hujus
900 3551 977 3606 ad
999 3551 1235 3607 radices
1264 3551 1517 3622 supinus
1544 3566 1799 3622 campus
1822 3551 2087 3606 subster-

428 3641 975 3707 nitur,humoribus
991 3657 1060 3696 ex
1074 3646 1279 3696 monte
1303 3639 1709 3695 deﬂuentibus
1729 3640 2088 3711 jugiterpin-

429 3744 747 3799 guescens.
784 3731 927 3785 Huic
952 3735 1151 3787 autem
1175 3729 1326 3785 silva
1347 3733 1561 3801 sponte
1592 3728 1957 3784 circumfusa
1987 3746 2087 3785 va-

428 3819 653 3874 riarum
666 3821 988 3891 omnisque
1008 3819 1241 3891 generis
1258 3818 1568 3888 arborum,
1591 3817 1641 3872 ei
1662 3824 1749 3873 est
1770 3834 2087 3889 propemo-

429 3906 575 3962 dum
604 3909 750 3980 septi
782 3909 912 3964 loco
945 3924 1015 3963 ac
1046 3907 1206 3975 valli,
1232 3908 1386 3963 adeo
1419 3911 1481 3961 ut
1506 3906 1725 3975 exigua
1752 3906 1843 3977 sit,
1876 3908 1922 3961 si
1946 3924 2085 3963 cum

428 4011 500 4052 eo
530 4002 934 4069 comparetur,
984 3996 1079 4052 vel
1125 3996 1259 4068 ipsa
1305 3995 1601 4068 Calypsus
1630 3995 1848 4061 insula,
1898 4013 2085 4068 quam

428 4086 702 4141 omnium
737 4086 1066 4159 plurimum
1113 4087 1405 4140 Homerus
1448 4084 1527 4139 ob
1576 4083 2085 4155 pulchritudinem

428 4175 677 4230 miratus
702 4174 957 4230 videtur.
987 4176 1204 4230 Parum
1225 4173 1385 4229 enim
1407 4173 1579 4229 abest
1602 4175 1749 4246 quin
1772 4174 1963 4229 insula
1991 4175 2083 4245 sit,

427 4270 727 4335 quatenus
751 4264 934 4335 septis
957 4264 1016 4318 in
1040 4262 1248 4319 orbem
1276 4262 1582 4319 undelibet
1599 4262 1914 4319 clauditur.
1936 4268 2082 4320 Nam

427 4353 744 4426 profundis
760 4352 1152 4422 voraginibus
1170 4369 1241 4408 ex
1260 4352 1294 4407 d
1308 4352 1501 4407 uabus
1528 4351 1800 4423 partibus
1815 4368 2081 4426 praerup-

2198 3212 2280 3255 τες
2336 3202 2395 3267 τῇ
2432 3190 2641 3267 διανοίᾳ
2700 3194 3072 3268 συμπλάττειν,
3129 3205 3360 3250 τοιοῦτον
3418 3196 3502 3250 ἐπὶ
3561 3207 3654 3260 τῆς
3685 3199 3798 3269 (35)

2201 3281 2442 3344 ἀληθείας
2467 3286 2716 3359 καθορᾷν.

2268 3378 2321 3428 2.
2366 3372 2527 3446 Ὀρος
2573 3377 2673 3448 γάρ
2724 3374 2865 3428 ἐστιν
2910 3374 3128 3446 ὑψηλόν,
3165 3374 3357 3449 βαθείᾳ
3404 3376 3498 3450 ὕλη
3532 3377 3799 3451 κεκαλυμ-

2200 3466 2369 3534 μένον,
2409 3462 2645 3535 ψυχροῖς
2701 3459 2868 3515 ὕδασι
2924 3469 3013 3515 καὶ
3080 3460 3387 3536 διαφανέσιν
3438 3464 3511 3527 εἰς
3566 3470 3622 3518 τό
3681 3467 3799 3519 κατ’

2198 3553 2390 3624 ἄρκτον
2448 3551 2796 3626 κατάρρυτον.
2844 3555 3039 3605 Τούτου
3107 3561 3219 3613 ταῖς
3280 3554 3560 3628 ὑπωρείαις
3615 3552 3799 3609 πεδίον

2198 3640 2380 3691 ὕπτιον
2428 3641 2830 3714 ύπεστόρεσται,
2888 3648 2998 3702 ταῖς
3038 3640 3092 3692 ἐκ
3140 3649 3232 3693 τοῦ
3286 3646 3438 3716 ὅρους
3478 3647 3647 3696 νοτίσι
3679 3641 3800 3704 διη-

2196 3737 2355 3790 νεκῶς
2391 3734 2741 3801 πιαινόμενον.
2788 3729 2914 3788 ’Υλη
2968 3727 3027 3783 δὲ
3078 3734 3247 3802 τούτῳ
3308 3731 3614 3805 αὐτομάτως
3655 3750 3798 3809 περι·

2198 3826 2388 3890 φυεῖσα
2443 3818 2687 3871 ποικίλων
2741 3825 2831 3871 καὶ
2886 3817 3235 3872 παντοδαπῶν
3302 3817 3550 3897 δένδρων,
3604 3831 3797 3896 μικροῦ

2198 3904 2327 3977 δεῖν,
2370 3906 2484 3960 ἀντὶ
2536 3909 2711 3983 ἕρκους
2752 3909 2891 3979 αύτῷ
2922 3915 3141 3981 γίνεται,
3184 3912 3251 3972 ὡς
3281 3914 3474 3985 μικρὰν
3668 3910 3797 3965 εἶναι

2195 4000 2327 4071 πρὸς
2364 4004 2518 4049 τοῦτο
2566 4004 2657 4049 καὶ
2711 4003 2805 4057 τὴν
2862 3998 3139 4071 Καλυψοῦς
3189 4008 3369 4067 νῆσον,
3402 4000 3462 4059 ἢν
3512 3998 3579 4059 δὴ
3612 4010 3792 4054 πασῶν

2195 4090 2343 4139 πλέον
2392 4085 2623 4161 Ὀμηρος
2682 4088 2752 4148 εἰς
2808 4088 2988 4150 κάλλος
3047 4090 3324 4162 θαυμάσας
3392 4095 3642 4162 φαίνεται.
3692 4096 3794 4144 Καὶ

2194 4179 2295 4249 γὰρ
2350 4172 2472 4228 οὐδὲ
2512 4176 2641 4228 πολὺ
2685 4172 2876 4229 ἀποδεῖ
2914 4186 3004 4229 τοῦ
3034 4187 3191 4238 νῆσος
3243 4176 3391 4244 εἶναι,
3420 4177 3563 4231 ἕνεκά
3616 4200 3676 4251 γε
3704 4188 3795 4233 τοῦ

3386 4271 3651 4342 Φάραγγες
3706 4272 3795 4342 μὲν

2198 4358 2299 4428 γὰρ
2323 4354 2464 4425 αύτῷ
2500 4353 2712 4426 βαθεῖαι
2748 4358 2883 4407 κατά
2923 4352 3019 4407 δύο
3057 4360 3186 4429 μέρη
3218 4356 3616 4431 περιερῥώγασυ
3663 4362 3797 4411 κατὰ

2194 4266 2526 4336 πανταχόθεν
2582 4264 2811 4339 ἐρύμασι
2881 4268 3289 4339 περιείργεσθαι.

430 4447 524 4497 tus
542 4447 629 4498 est
652 4460 664 4497 ε
691 4459 726 4498 a
754 4442 937 4498 latere
970 4457 1111 4498 vero
1142 4441 1339 4499 amnis
1367 4457 1398 4497 e
1418 4441 1709 4513 praecipiti
1728 4441 1960 4511 labens,
1994 4446 2082 4499 est

2201 4444 2414 4520 πλευρὰν
2476 4441 2533 4497 δὲ
2572 4442 2674 4496 ἀπό
2724 4453 2957 4518 κρημνοῦ
3011 4447 3036 4496 ό
3088 4449 3323 4518 ποταμός
3369 4446 3649 4522 ὑπορρέων,
3698 4455 3803 4501 τεῖ-

500 4622 521 4641 '
560 4618 721 4674 Alias
754 4619 998 4675 CLXXII.
1036 4618 1265 4689 Scripta
1300 4617 1538 4672 videtur
1568 4618 1625 4672 in
1658 4633 1922 4673 secessu.

499 4691 544 4713 "
587 4689 744 4762 Alias
777 4692 905 4745 XIX.
941 4690 1170 4762 Scripta
1199 4696 1336 4761 post
1366 4705 1466 4746 an.
1490 4692 1616 4758 360,
1641 4694 1969 4760 antequam
1998 4705 2087 4744 es-

431 4766 520 4818 set
543 4761 876 4833 presbyter.

503 4831 611 4899 (28)
660 4832 974 4903 Ἀστάχυες.
1021 4835 1106 4887 Ita
1135 4832 1405 4903 quinque
1454 4848 1599 4885 mss.
1647 4831 1794 4886 Editi
1834 4833 2081 4903 στάχυες.

502 4907 618 4973 (29)
658 4909 887 4976 Καρπός.
930 4904 1239 4976 Medicmus
1273 4903 1406 4957 cod.
1437 4908 1648 4976 καρποί.

661 4954 1535 5048 Γρηγορίῳψέτα-ίρώῖἡΙῐέιῖδοὶδῘ.
1580 4954 1833 5048 primus,
1866 4975 1991 5044 Vat,
2027 4980 2083 5030 et

430 5030 579 5117 Βεέ.
607 5030 948 5102 ἐοὸιιέιάυὲ.
991 5030 1112 5118 ῨΑΙὶἷ
1140 5030 1239 5115 ’τῷ
1295 5044 1455 5113 αὐτῷ.
1518 5030 1773 5110 Quidam
1820 5030 2082 5118 vapoglps-

426 5116 862 5191 γανῐχοηγόριον,
908 5117 1000 5170 Ad
1029 5132 1315 5191 magnum
1362 5118 1735 5191 Gregorium.
1788 5116 2079 5191 Editiad-

427 5188 668 5268 dunt
693 5188 932 5268 θεολόγῳ,
948 5188 1187 5268 quodin
1209 5188 1427 5242 nostris
1450 5206 1595 5268 mss.
1621 5204 1737 5243 non
1763 5188 2072 5268 reperitur.

497 5265 613 5331 (31)
641 5258 851 5317 Πάλαι.
887 5258 1028 5314 Editi
1059 5260 1336 5331 ist/Chios,
1374 5258 1479 5314 sed
1510 5259 1567 5313 id
1602 5258 1899 5331 repugnat
1946 5274 2077 5331 sen-

426 5329 622 5389 tentias
644 5337 702 5386 et
728 5331 1012 5386 omnibus
1033 5330 1342 5401 codicibus
1370 5347 1511 5387 mss.
1545 5329 1725 5386 Paulo
1766 5334 1902 5401 post
1930 5329 2073 5385 editi

425 5409 567 5473 αύτῷ
602 5410 751 5457 τοῦτο
773 5408 829 5458 et
859 5406 914 5454 τὸ
944 5406 1032 5473 μὲν
1084 5400 1174 5460 δή.
1229 5402 1476 5456 Codices
1530 5418 1671 5473 mss.
1714 5400 1781 5455 ut
1819 5401 1878 5455 in
1935 5416 2074 5456 con-

422 5472 608 5536 textu.
643 5474 755 5545 nisi
783 5472 950 5545 quod
980 5474 1113 5529 cod.
1146 5473 1489 5545 rcombeﬁs.
1526 5472 1708 5527 habet
1749 5477 1805 5523 τὸ
1852 5476 1943 5544 μέν
1973 5491 2070 5545 τοι.

491 5549 605 5620 (32)
647 5543 1027 5605 Ἀπατηθῆναι.
1080 5544 1226 5601 Editi
1274 5544 1509 5601 addunt
1562 5562 1644 5616 με,
1668 5560 1805 5616 quas
1854 5543 2073 5601 Vocula

2196 4618 2414 4692 rectius
2434 4618 2675 4692 deestin
2698 4623 2850 4687 Vat.,
2870 4621 3023 4677 Harl.
3044 4626 3099 4677 et
3121 4621 3309 4677 tribus
3331 4623 3548 4692 Regiis.
3566 4623 3795 4681 Ibidem

2196 4690 2351 4767 Harl.
2385 4689 2774 4767 Mavuoxvn‘oo'ig,
2810 4697 2935 4767 tres
2960 4693 3055 4767 alii
3089 4689 3451 4767 ὀκνηρότέρωξ,

2267 4766 2379 4836 (A33)
2422 4762 2864 4836 Anioysvl_ﬂarl.
2924 4763 3167 4836 λήξομαί.
3209 4762 3342 4821 Mox"
3377 4765 3568 4821 codex
3612 4768 3793 4823 Com-

2195 4829 2315 4911 bef.
2348 4829 2641 4908 ὀνειράτων.
2665 4833 2916 4911 _lbidem
2950 4829 3085 4891 editi
3108 4832 3200 4911 γδεῖ
3234 4836 3636 4911 τάληθέστερον.
3680 4841 3792 4894 C0-

2192 4902 2355 4981 dices
2386 4902 2534 4981 mss.
2568 4910 2631 4960 ut
2661 4905 2719 4959 in
2750 4911 3054 4962 contextu.
3105 4910 3293 4963 Paulo
3333 4913 3472 4981 post
3519 4902 3675 4964 unus
3717 4925 3793 4965 ex

2192 4975 2387 5050 Regiis
2420 4975 2797 5050 ἐγρηγορότων.
3157 5049 3160 5050 ν
3333 4975 3351 4981 ”
3783 5007 3787 5011 ν

2264 5048 2373 5116 (34)
2418 5048 2641 5123 Χωρίον.
2698 5050 2857 5123 Unus
2904 5049 3220 5123 ex__Regiis
3277 5057 3523 5123 χῶρον...
3569 5050 3792 5123 συμϐαί-

2188 5135 2374 5194 νοντα.-
2424 5117 2647 5194 Ibidem
2702 5118 2874 5194 alius!
2918 5117 3130 5176 itidem
3177 5117 3316 5191 Heg;
3350 5117 3421 5191 τῷ
3452 5120 3556 5193 ἐμῷ
3585 5117 3786 5194 σκοπῷ.

2186 5190 2312 5242 Mox
2341 5188 2463 5262 duo
2494 5190 2732 5245 codices
2764 5190 3042 5262 εἰώθειμεν.

2255 5260 2365 5343 (3.5)
2396 5268 2638 5343 τοιοῦτον
2670 5264 2751 5313 ἐπὶ
2799 5260 3045 5343 τῆς-ξω
3094 5262 3519 5343 antiquissimi-
3549 5263 3790 5320 codices

2185 5331 2338 5417 I‘larL
2370 5338 2429 5417 et
2462 5332 2635 5387 Coisl.
2669 5349 2807 5387 cum
2838 5332 3078 5389 duobus
3112 5331 3327 5404 Regiis.
3370 5334 3523 5391 Editi
3554 5341 3789 5389 τοιοῦτόν

2185 5411 2295 5452 εστί
2326 5411 2440 5464 τῆς.

2252 5475 2360 5555 (36]
2403 5478 2627 5550 Μικράν.
2662 5474 2937 5531 Nonnulli
2977 5476 3215 5533 codices
3242 5492 3365 5533 non
3399 5478 3788 5536 vetustissimi

2181 5563 2388 5617 μικρον.
