4070 6194
207 289 309 344 281

1222 282 1708 342 EPISTOLARUM
1746 283 2029 342 CLASSIS
2066 286 2110 339 Ι.
2138 283 2362 343 EPIST.
2398 287 2582 344 XVIII.

3473 290 3578 347 282

204 415 404 485 τρόπος
455 417 550 471 τῆς
610 406 664 471 ἐξ
718 405 955 465 ἀλλήλων
1010 413 1297 479 γεννήσεως
1331 430 1346 444 ο
1411 408 1494 462 ἐπὶ
1545 414 1707 463 πόσον
1765 406 1799 463 δ

1933 410 2245 481 quomodo
2293 412 2423 468 aliae
2471 412 2619 470 alias
2653 413 2937 483 gignant;
2994 412 3265 487 quandiu
3322 417 3579 483 gestetur

203 504 488 553 κυίσκεται
543 502 597 551 τὸ
648 502 974 570 τικτόμενον,
1024 504 1114 551 καὶ
1166 508 1273 562 πῶς
1304 503 1418 552 οὔτε
1453 501 1605 561 πεζοί
1640 502 1822 561 πάντες

205 593 255 643 οἱ
321 593 617 663 μύρμηκες,
676 591 791 640 οὔτε
856 590 1140 661 ὑπόπτεροι
1204 592 1406 658 πάντες,
1457 589 1561 643 ἀλλ’
1630 594 1677 643 οἱ
1732 595 1821 664 μὲν

206 688 306 732 τῶν
355 684 537 751 χαμαὶ
568 680 863 751 ἐρχομένων
896 678 1048 746 εἰσὶν,
1101 682 1150 731 οἱ
1181 676 1239 732 δὲ
1289 676 1514 756 διαέριοι
1561 684 1818 752 φέρονται.

204 770 264 821 Ὀ
318 773 491 820 τοίνυν
545 775 644 819 τῶν
694 771 853 819 ὄντων
898 772 991 825 τὴν
1029 776 1220 839 γνῶσιν
1270 769 1641 842 ἐπικομπάζων
1697 774 1820 832 τέως

210 863 306 915 τὴν
362 865 457 909 τοῦ
502 859 776 931 μύρμηκος
810 859 966 929 φύσιν
998 857 1188 909 εἰπάτω
1213 874 1225 887 ’
1269 856 1363 912 εἶθ’
1392 859 1524 911 οὕτω
1572 858 1819 931 φυσιολο-

209 952 371 1018 γείτω
408 952 500 1004 την
548 948 723 998 πάντα
774 953 891 998 νοῦν
943 947 1304 1019 ὑπερέχουσαν
1362 944 1603 1021 δύναμιν.
1665 949 1723 1001 Εἰ
1762 945 1821 1001 δε

206 1044 304 1087 τοῦ
331 1034 682 1109 βραχυτάτου
733 1038 1009 1107 μύρμηκος
1039 1039 1181 1088 οὔπω
1211 1036 1500 1111 περιέλαϐες
1538 1044 1600 1109 τῇ
1627 1043 1819 1109 γνώσει

200 1130 297 1182 τὴν
327 1128 503 1196 φύσιν,
530 1133 640 1186 πῶς
679 1130 772 1183 τὴν
805 1123 1165 1183 ἀκατάληπτον
1191 1134 1283 1178 τοῦ
1314 1134 1448 1180 Θεοῦ
1480 1124 1701 1199 δύναμιν
1732 1147 1818 1200 με·

194 1213 494 1286 γαλαυχεῖς
515 1215 898 1286 φαντάζεσθαι.

764 1414 1099 1463 ΕΠΙΣΤΟΛΠ
1142 1407 1237 1465 ΙΖ’.

1933 498 2106 567 fetus,
2138 504 2196 555 et
2246 502 2558 573 quomodo
2600 518 2796 574 neque
2842 519 3053 559 omnes
3083 503 3346 560 formicae
3398 505 3578 575 pede-

1934 592 2082 643 stres
2160 590 2295 658 sint,
2360 606 2557 663 neque
2624 608 2837 647 omnes
2903 591 3106 658 alatne,
3185 593 3291 648 sed
3359 608 3575 665 repen-

1932 676 2091 731 tibus
2135 678 2304 733 humi
2335 678 2486 747 aliis,
2543 680 2672 736 aliae
2727 696 2834 752 per
2873 696 3072 735 aerem
3116 680 3403 736 ferantur.
3464 681 3575 747 Qui

1932 780 2074 833 ergo
2105 765 2177 820 de
2195 782 2405 822 eorum
2426 785 2563 840 quae
2587 774 2727 824 sunt
2754 768 3093 838 cognitione
3120 768 3575 840 gloriatur,inte-

1930 853 2044 908 rim
2072 854 2339 912 formicas
2387 857 2565 913 nobis
2596 857 2848 930 explicet
2878 862 3157 912 naturam
3193 874 3204 921 ;
3259 862 3438 929 atque
3493 858 3575 913 ita

1929 942 2176 998 demum
2208 947 2339 1016 ejus
2371 946 2702 1018 potestatis,
2745 962 2881 1017 quae
2925 945 3291 1001 intellectum
3329 961 3573 1001 omnem

1928 1038 2190 1104 superat,
2218 1030 2498 1091 naturam
2532 1039 2846 1091 scrutetur.
2884 1035 3057 1100 Quod
3084 1035 3129 1089 si
3157 1033 3572 1089 minutissimas

1925 1119 2189 1177 formicae
2215 1128 2493 1179 naturam
2545 1124 2819 1180 nondum
2849 1124 3187 1193 cognitione
3239 1123 3574 1195 apprehen-

1924 1209 2081 1276 disti,
2114 1212 2424 1284 quomodo
2466 1211 3136 1285 incomprehensibilem
3169 1212 3269 1267 Dei
3293 1216 3574 1268 naturam

1922 1300 2357 1369 imaginatione
2389 1306 2493 1359 tua
2526 1303 3033 1374 comprehensam
3073 1317 3203 1357 esse
3229 1300 3543 1371 gloriaris?

2452 1411 2787 1465 EPISTOLA
2857 1409 3037 1464 XVll'.

196 1497 441 1554 Laudat
472 1498 745 1555 Basilius
777 1499 1050 1571 Origenis
1102 1500 1331 1568 scripta
1361 1504 1415 1556 et
1455 1505 1790 1569 susceptam
1825 1500 2096 1557 veritatis
2126 1499 2521 1569 defensionem
2557 1516 2569 1553 :
2614 1505 3067 1568 per-secutorum
3116 1496 3397 1565 praedicit
3440 1497 3570 1553 exi-

992 1572 1141 1627 tium
1176 1588 1188 1625 :
1221 1572 1469 1643 Origeni
1496 1574 1741 1644 ejusque
1758 1573 1907 1641 ﬁliis
1932 1586 2222 1642 prospera
2248 1573 2451 1628 omnia
2475 1577 2789 1640 precatur.

802 1658 1053 1733 Ὠριγένει
1084 1660 1222 1731 (54).

2616 1661 2881 1730 Origeni.

266 1751 369 1800 Καὶ
436 1746 760 1820 ἂκουόμενος
819 1749 1125 1822 εὐφραίνεις,
1188 1755 1280 1803 καὶ
1340 1749 1802 1823 ἀναγινωσκόμενος

1992 1750 2060 1806 Et
2088 1750 2235 1806 dum
2265 1749 2511 1818 audiris,
2544 1748 2851 1817 oblectas;
2886 1752 2942 1804 et
2993 1748 3143 1804 dum
3186 1747 3416 1820 legeris,
3464 1762 3575 1820 per

195 1833 271 1889 δι’
299 1838 371 1888 ὧν
409 1841 635 1911 γράφεις
696 1837 1049 1913 ἐνεργεστέρας
1107 1841 1219 1912 (55)
1276 1842 1401 1913 ἡμῖν
1430 1846 1682 1916 παρέχεις
1720 1841 1807 1893 εὐ-

193 1930 476 2001 φροσύνας.
510 1933 614 1980 Καὶ
652 1930 816 2002 χάρις
853 1928 1011 1987 πολλὴ
1040 1938 1112 2000 τῷ
1140 1930 1320 2001 ἀγαθῷ
1353 1930 1497 2002 Θεῷι,
1521 1939 1594 2002 τῷ
1642 1927 1807 2003 μηδὲν

192 2015 549 2075 ἢαττωθῆναι
590 2021 877 2075 ποιήσαντι
916 2022 1009 2076 τὴν
1058 2017 1303 2076 ἀλήθειαν
1344 2018 1392 2071 ἐν
1545 2018 1810 2093 προδοσίᾳ

193 2114 288 2156 τῶν
320 2102 486 2164 δῆθεν
538 2108 1021 2181 ὑπερκρατούντων,
1075 2105 1203 2159 ἀλλὰ
1247 2104 1320 2159 δι’
1365 2110 1505 2181 ὑμῶν
1551 2111 1665 2181 (56)
1714 2115 1807 2169 τὴν

194 2201 517 2268 συνηγορίαν
556 2203 649 2247 τοῦ
699 2196 857 2267 λόγου
902 2204 1001 2257 τῆς
1046 2195 1303 2258 εὐσεϐείας
1353 2196 1804 2271 ἁναπληρὼσαντι.

193 2283 405 2336 Ἐκεῖνοι
455 2288 548 2356 μὲν
588 2282 697 2352 οὖν,
752 2287 817 2345 ὡς
856 2288 914 2337 τὸ
958 2291 1186 2354 κώνειον,
1239 2288 1269 2345 ἡ
1318 2290 1376 2339 τὸ
1417 2289 1671 2358 ἀκόνιτον,
1706 2294 1809 2353 »καὶ

192 2376 233 2423 εἰ
261 2392 335 2433 τις
360 2372 495 2431 οἱλλη
548 2370 865 2449 ἀνδροφόνος
896 2373 1115 2447 βοτάνη,
1165 2378 1293 2449 πρὸς
1343 2374 1514 2448 ὀλίγον
1542 2374 1807 2435 ἀνθήσαν-

190 2480 291 2529 τες,
343 2466 491 2533 ταχὺ
538 2460 1085 2535 ἀποξηρανθήσονται.
1134 2462 1277 2535 Ὑμῖν
1337 2461 1396 2517 δὲ
1455 2464 1675 2540 ἀνθηρὸν
1720 2471 1806 2518 καὶ

194 2546 267 2601 ἀεὶ
318 2553 431 2602 νέον
474 2552 501 2603 ό
545 2554 739 2626 Κύριος
778 2571 866 2605 τον
904 2554 1092 2624 μισθόν
1122 2560 1219 2605 τῶν
1246 2555 1372 2627 ὑπὲρ
1424 2562 1514 2605 τοῦ
1559 2552 1808 2627 ὀνόματος

192 2639 350 2691 αὐτοῦ
412 2639 744 2699 λαληθέντων
806 2642 1035 2716 παρέξει.
1089 2643 1235 2696 Ἀνθ’
1286 2644 1352 2694 ὧν
1405 2649 1494 2696 καὶ
1530 2647 1808 2719 παράσχοι

189 2729 309 2799 ὑμῖν
367 2731 394 2781 ό
450 2732 638 2804 Κύριος
667 2737 841 2783 πᾶσαν
890 2731 1129 2789 εὐθηνίαν
1161 2735 1327 2804 οἴκου,
1368 2738 1457 2785 καὶ
1498 2734 1571 2795 εἰς
1607 2732 1809 2798 παῖδας

184 2815 393 2870 παίδων
427 2824 524 2876 τὴν
557 2819 793 2891 εὐλογίαν
826 2817 1159 2873 διαϐιϐάσαι.
1219 2825 1297 2875 Τὰ
1350 2820 1409 2875 δὲ
1468 2822 1807 2895 εὐγενέστατοι

179 2904 401 2973 παιδία,
426 2912 549 2968 τοὺς
581 2906 812 2983 ἐναργεῖς
840 2919 930 2970 τῆς
961 2919 1060 2972 σῆς
1087 2915 1413 2985 χρητότητος
1438 2922 1802 2989 χαρακτῆρας,

182 2992 321 3049 εἶδον
342 2994 521 3058 ἡδέως
543 3002 634 3049 καὶ
664 2999 1107 3073 περιεπτυξάμην,
1140 3006 1229 3053 καὶ
1253 3004 1481 3075 εὔχομαι
1503 3002 1675 3065 αὐτοῖς
1706 3005 1807 3055 ὅσα

183 3082 242 3135 ἔον
270 3085 434 3149 αὐτὸς
466 3087 493 3138 ό
515 3090 695 3160 πατὴρ
722 3086 867 3160 εὔξῃ.

760 3200 1097 3249 ΕΠΙΣΤΟΛΗ
1140 3195 1243 3251 ΙΙΪ.

1918 1841 2141 1913 scripta
2180 1839 2395 1911 majori
2416 1855 2529 1895 nos
2559 1838 2747 1895 atﬁcis
2778 1838 3000 1895 laetitia.
3033 1844 3115 1894 Ac
3161 1842 3279 1895 Deo
3322 1837 3572 1911 quidem

1917 1930 2145 2001 optimo
2177 1929 2381 2000 gratias
2412 1928 2636 1998 multae,
2671 1928 2774 2000 qui
2796 1928 2954 1999 fecit,
2976 1932 3042 1985 ut
3062 1928 3209 1984 nihil
3231 1926 3571 1983 detrimenti

1918 2018 2452 2091 acciperetveritas
2485 2034 2559 2074 ex
2590 2034 2797 2074 eorum
2837 2017 3198 2091 proditione,
3252 2016 3356 2089 qui
3408 2031 3569 2071 sum-

1917 2125 2083 2165 mam
2106 2108 2378 2164 videlicet
2402 2112 2759 2180 potestatem
2785 2108 3031 2164 habent:
3065 2107 3169 2163 sed
3199 2122 3306 2179 per
3334 2122 3442 2161 vos
3471 2104 3574 2161 de-

1917 2197 2251 2254 fensionem
2278 2197 2565 2253 doctrinae
2596 2197 2861 2253 veritatis
2893 2198 3011 2269 96
3034 2194 3412 2267 implevit.llli
3441 2193 3571 2266 qui-

1916 2286 2055 2342 dem
2082 2286 2244 2342 velut
2269 2286 2465 2342 cicuta
2496 2290 2599 2342 aut
2644 2286 2973 2354 aconitum,
2999 2289 3054 2341 et
3082 2286 3130 2339 si
3155 2300 3280 2356 qua
3309 2288 3398 2339 est
3452 2282 3571 2338 alia

1917 2375 2167 2431 exitialis
2189 2375 2397 2444 herba,
2416 2374 2585 2430 brevi
2613 2380 2882 2447 tempore
2903 2390 3043 2430 cum
3066 2372 3393 2439 ﬂoruerint,
3416 2370 3569 2426 illico

1876 2520 1877 2523 η
1918 2470 2283 2521 exarescent.
2308 2463 2487 2520 Vobis
2517 2478 2661 2519 vero
2713 2464 3002 2518 Dominus
3035 2462 3375 2519 mercedem
3396 2460 3571 2521 efﬂo-

1915 2560 2245 2609 rescentem
2277 2569 2346 2609 ac
2380 2568 2617 2624 semper
2648 2568 2871 2609 novam
2898 2551 2977 2608 ob
2997 2567 3233 2623 ea,quae
3255 2566 3363 2622 pro
3379 2548 3567 2623 ipsius

1916 2643 2159 2698 nomine
2184 2642 2365 2698 locuti
2396 2640 2871 2712 estis,1argietur.
2896 2643 3144 2713 Propter
3171 2655 3307 2712 qua:
3337 2637 3436 2693 det
3466 2654 3568 2693 vo-

1917 2731 2009 2788 bis
2024 2732 2311 2787 Dominus
2331 2735 2386 2787 et
2400 2730 2859 2803 prosperitatem
2881 2744 3126 2785 omnem
3143 2727 3565 2794 domesticam,

1917 2825 1973 2877 et
2000 2820 2061 2875 in
2089 2819 2242 2874 ﬁlios
2275 2819 2527 2875 ﬁliorum
2560 2819 3041 2874 benedictionem
3066 2816 3568 2873 transmittat.Cee-

1915 2914 2107 2965 terum
2133 2908 2353 2963 liberos
2384 2912 2515 2963 tuos
2564 2907 2994 2973 nobilissimos,
3024 2920 3371 2977 expressam
3398 2902 3569 2958 boni-

1915 2998 2049 3054 tatis
2092 3002 2206 3054 tnaa
2246 2996 2525 3067 efﬁgiem,
2554 2996 2675 3051 vidi
2718 2996 2969 3050 libenter
3015 2999 3195 3065 atque
3251 2990 3567 3063 amplexus

1915 3104 2071 3156 sum,
2089 3103 2421 3160 precorque
2445 3086 2559 3141 illis
2591 3085 2888 3157 quidquid
2920 3084 3047 3156 ipse
3072 3086 3242 3155 pater
3271 3083 3565 3154 precetur.

2430 3196 2765 3251 EPISTOLA
2807 3194 3039 3251 XVIII".

177 3298 489 3357 Hortatur
518 3300 791 3357 Basilius
819 3301 1158 3358 Macarium
1188 3308 1243 3359 et
1280 3303 1599 3370 Joannem,
1628 3311 1694 3360 ut
1744 3320 1847 3374 spe
1887 3304 2061 3373 regni
2086 3302 2331 3359 caelestis
2379 3317 2507 3374 qua:
2555 3303 2684 3358 sola
2716 3317 2834 3357 non
2864 3301 3058 3371 fallit,
3087 3314 3194 3356 nec
3232 3294 3565 3369 potentium

796 3374 995 3438 minis,
1023 3389 1130 3430 nec
1151 3375 1457 3443 falsorum
1488 3378 1819 3433 amicorum
1848 3376 2157 3445 vituperiis
2187 3390 2224 3431 a
2248 3376 2476 3445 pietate
2517 3374 2960 3430 deterreantur.

623 3465 884 3536 Μακαρίῳ
915 3462 1024 3531 (57)
1046 3467 1135 3515 καὶ
1170 3463 1373 3537 Ἰωάννῃ
1387 3506 1398 3517 .

258 3553 397 3602 03:3
426 3554 692 3623 γεωργοὺς
744 3554 794 3603 οἱ
841 3553 975 3603 κατὰ
1027 3557 1283 3626 γεωργίαν
1340 3552 1601 3615 ξενίζουσι
1639 3556 1807 3623 πόνοι,

185 3640 308 3689 οὔτε
362 3642 579 3701 ναύταις
617 3640 643 3690 ό
692 3642 829 3691 κατὰ
886 3639 1153 3694 θάλασσαν
1210 3646 1411 3713 χειμὼν
1460 3638 1805 3717 ἀπροσδόκη-

186 3745 290 3790 τος,
323 3732 439 3780 οὔτε
468 3736 581 3790 τοῖς
610 3730 992 3801 μισθαρνοῦσιν
1041 3732 1066 3781 ό
1127 3732 1319 3805 Θερινὸς
1508 3728 1667 3803 ἱδρὼς
1706 3752 1804 3785 πα“

181 3813 435 3889 ράδοξος,
482 3820 600 3869 οὔτε
629 3823 734 3891 μὴν
767 3826 879 3878 τοῖς
906 3819 1128 3882 εὐσεϐῶς
1155 3821 1250 3893 ζῇν
1282 3820 1538 3893 ὒομένοις
1570 3824 1623 3874 αἱ
1666 3825 1802 3874 κατά

185 3911 271 3956 τον
324 3906 587 3959 ἐνεστῶτα
637 3912 833 3980 κόσμον
876 3907 1076 3979 θλίψεις
1133 3908 1438 3982 ἀμελετητοι
1486 3910 1628 3980 (59).
1668 3910 1801 3964 Ἀλλ’

184 3994 387 4066 ἑκάστῳ
458 4004 561 4048 τῶν
624 3997 903 4069 εἰρημένων
980 3999 1169 4061 οἰκεῖος
1214 4004 1304 4051 καὶ
1362 4005 1618 4072 γνώριμος
1691 4008 1802 4063 τοῖς

186 4093 426 4155 μετιοῦσι
467 4088 809 4147 συνέζευκται
862 4091 1014 4150 πόνος
1050 4109 1063 4121 ο
1126 4088 1185 4141 οὐ
1218 4084 1291 4141 δι’
1346 4087 1526 4141 ἑαυτὸν
1579 4092 1796 4161 αἱρετὸς,

356 4173 393 4229 δ
400 4177 435 4228 ι’
475 4176 766 4230 ἀπόλαυσιν
816 4176 1025 4249 ἀγαθῶν
1056 4175 1525 4254 προσδοκωμένων.
1560 4178 1799 4245 ’ἐλπίδες

178 4269 298 4341 γὰρ,
360 4269 537 4319 πάντα
582 4271 668 4319 τόν
702 4276 802 4319 τῶν
851 4267 1129 4341 ἀνθρώπων
1164 4274 1488 4342 συνέχουσαι
1515 4276 1604 4322 καὶ
1659 4291 1795 4344 συγ-

178 4364 467 4427 κροτοῦσαι
500 4354 639 4429 βίον,
668 4361 757 4415 τὴν
816 4356 888 4430 ἐφ’
927 4357 1128 4431 ἑκάστῳ
1180 4362 1374 4410 τούτων
1429 4361 1799 4435 παραμυθοῡν.

177 4468 256 4509 ται
307 4444 627 4502 δυσκολίαν.
673 4454 784 4500 Τῶν
832 4452 921 4520 μὲν
948 4449 1034 4501 οὖν
1078 4451 1203 4524 ὑπὲρ
1234 4458 1335 4520 γῆς
1386 4458 1598 4521 καρπῶν
1647 4453 1762 4523 (60)

180 4537 204 4593 ξ
244 4544 347 4588 τῶν
410 4538 549 4587 κατὰ
600 4543 698 4607 γῆν
727 4540 1015 4589 πονούντων
1064 4540 1111 4590 οἱ
1148 4541 1238 4611 μὲν
1281 4541 1613 4592 παντάπασιν
1646 4537 1794 4609 ἐψεύ-

2426 3463 2697 3520 Macario
2723 3471 2777 3519 et
2805 3462 3050 3519 Joanni.

1987 3558 2188 3627 Neque
2230 3552 2505 3623 agricolis
2534 3552 2911 3623 agriculturae
2961 3550 3104 3608 novi
3133 3550 3272 3604 sunt
3302 3546 3565 3614 labores,

1912 3660 2109 3718 neque
2139 3644 2339 3699 nautis
2363 3642 2557 3715 pelagi
2582 3647 2909 3714 tempestas
2935 3641 3566 3711 inexspectata,neque

1912 3734 2200 3807 operariis
2250 3732 2527 3789 mercede
2577 3732 2887 3788 conductis
2943 3730 3184 3785 aestivus
3231 3726 3414 3782 sudor
3471 3724 3565 3780 in-

1912 3823 2263 3887 solitus;nec
2288 3822 2559 3894 profecto
2582 3821 2805 3892 his,qui
2828 3820 2991 3891 piam
3022 3818 3206 3873 vitam
3236 3814 3560 3886 elegerunt,

1910 3912 2118 3967 mundi
2141 3912 2322 3983 hujus
2352 3910 2594 3967 afﬂictio
2624 3907 3097 3982 improvisa.Sed
3125 3905 3447 3977 unicuique
3468 3918 3563 3958 eo-

1907 4017 2063 4066 rum,
2087 4017 2242 4073 quos
2269 4000 2558 4065 diximus,
2580 3999 2859 4072 proprius
2890 4014 2959 4054 ac
2980 4001 3157 4053 notus
3187 3999 3373 4051 artem
3395 4008 3562 4049 exer-

1908 4089 2180 4146 centibus
2201 4088 2523 4160 adjunctus
2553 4094 2645 4145 est
2674 4088 3006 4156 labor;non
3036 4085 3132 4141 ille
3161 4084 3409 4158 quidem
3430 4098 3565 4155 pro-

1906 4184 2038 4253 pter
2057 4195 2118 4235 se
2145 4179 2475 4252 eligendus,
2509 4179 2614 4233 sed
2640 4178 2721 4234 ad
2749 4178 3051 4233 bonorum
3081 4178 3564 4247 exspectatorum

1906 4270 2377 4344 perfruitionem.
2416 4271 2562 4340 Spes
2592 4268 2909 4341 siquidem,
2929 4284 3063 4341 quae
3092 4265 3409 4321 hominum
3431 4279 3563 4319 om-

1905 4376 2045 4417 nem
2073 4360 2379 4416 continent
2409 4375 2478 4414 ac
2494 4358 2847 4414 consociant
2870 4357 3319 4421 vitam,iusitam
3341 4353 3566 4409 unicui-

1907 4464 2024 4521 que
2054 4448 2273 4503 harum
2294 4463 2496 4503 rerum
2514 4445 2926 4501 difﬁcultatem
2955 4443 3564 4515 consolantur.Atque

1907 4552 1980 4592 ex
2008 4536 2081 4593 iis
2124 4536 2393 4610 quidem,
2425 4535 2530 4608 qui
2559 4550 2667 4607 pro
2708 4539 2875 4591 terra:
2930 4533 3221 4589 fructibus
3250 4536 3352 4588 aut
3379 4530 3563 4588 rebus

240 4755 354 4835 (εξ)
373 4749 670 4830 ,Ὠριγί-ιει,
710 4749 860 4835 Editi
890 4749 1124 4835 addunt
1152 4751 1462 4835 πρόρρησις,
1496 4768 1650 4835 quae.
1679 4769 1795 4835 vox

1918 4751 2223 4835 Scultetus.

177 4820 337 4896 deest
368 4823 434 4896 in
456 4820 574 4896 sex
600 4837 748 4896 mss.
781 4826 838 4896 et
869 4828 1145 4896 corrupte
1190 4820 1260 4879 in
1285 4820 1791 4896 codice-insignis

178 4893 453 4971 Ecclesia:
478 4893 833 4971 Parisiensis
847 4893 938 4971 sic
963 4893 1181 4964 legitur
1209 4895 1560 4971 aperi-ginem,

240 4964 803 5038 (ὃὸλίενεργ-εστέρας.
843 4965 934 5020 Sic
973 4974 1223 5038 uterque
1249 4964 1490 5034 Coisl.,
1540 4967 1696 5025 Harl.
1739 4972 1796 5024 et

180 5034 290 5091 duo
322 5036 469 5109 alii.
494 5034 645 5109 Editi
666 5034 1054 5109 ἐναργεστέρας.

240 5110 349 5181 {‘56}
394 5107 471 5159 Δι’
507 5108 671 5177 ὑμῶν.
715 5107 790 5182 Δι’
819 5107 971 5182 ,ἡμῶν
1006 5108 1186 5182 Harl.
1222 5113 1276 5164 et
1313 5108 1495 5165 Coisl.
1535 5110 1790 5182 primus.

237 5179 351 5245 (57)
390 5183 679 5253 Μακαρίῳ.
712 5179 1022 5253 Quinque,
1056 5180 1315 5253 codices,
1350 5179 1567 5253 nempe
1601 5181 1788 5249 Harl.,

180 5249 302 5322 Reg.
334 5249 677 5318 secundus,
706 5252 856 5315 Vat.,
892 5249 1103 5322 Paris.,
1139 5251 1311 5307 Coisl.
1348 5249 1652 5308 secundus
1682 5259 1792 5305 Μα-

181 5328 341 5402 llatae.
370 5324 517 5402 Reg.
540 5322 774 5394 primus
808 5323 1240 5402 htazpivqi._Sed_
1261 5328 1464 5402 tamen
1496 5324 1790 5402 qu_i_a_vul-

187 5400 303 5466 gata
330 5394 657 5466 scriptura,
690 5398 886 5448 exstat
921 5394 1448 5466 in_antiquis_simis
1480 5394 1790 5451 codicibus

188 5463 537 5521 Coisliniano
568 5465 771 5537 primo
799 5471 855 5519 et
882 5463 1183 5537 Medicam,
1204 5464 1354 5537 nihil
1384 5466 1778 5521 mutavimus.

245 5536 612 5611 «58)ΘιρινόςῖΔ
634 5540 1038 5611 Hancivocem
1071 5536 1523 5611 addidimusex
1566 5537 1789 5611 codici-

195 5600 287 5661 bus
314 5600 495 5667 Coiél.
521 5608 747 5683 primo,
781 5606 930 5665 Med.
985 5611 1041 5665 et
1067 5608 1361 5681 Clarom.,
1388 5608 1597 5682 sicque
1644 5608 1789 5679 legit

1978 4825 2089 4893 (59)
2133 4825 2263 4877 Ai...
2312 4820 2505 4891 θλίψεις
2536 4821 2858 4894 ἀμελέτητοι.
2902 4819 3144 4894 Harl._et
3178 4824 3296 4894 tres
3326 4820 3564 4894 codices

1904 4892 2273 4965 reCentiores
2439 4892 2613 4965 θλίψις
2659 4892 2986 4965 ἀμελέτητος.
3023 4892 3114 4948 Sic
3161 4892 3344 4947 etiam
3382 4893 3564 4965 paulo

1904 4972 2043 5039 post
2064 4964 2419 5039 retinuimus
2450 4964 2563 5039 has
2588 4964 2782 5039 voces,
2815 4971 2924 5025 τοῖς
2941 4971 3214 5039 μετιοῦσι,
3242 4964 3563 5036 ᾳυεεόθεί-

1902 5036 2189 5092 derantur
2215 5036 2463 5108 quidem
2495 5037 2555 5091 in
2582 5036 2786 5092 codice
2820 5036 2957 5091 Harl
2978 5043 3054 5108 Aet
3083 5040 3344 5108 quatuor
3369 5051 3564 5108 recen-

1902 5108 2154 5165 tioribus
2180 5124 2193 5173 ;
2225 5106 2284 5162 at
2305 5107 2365 5162 in
2396 5107 2807 5163 vetustissimis
2839 5106 3014 5163 Coisl.
3047 5106 3275 5177 et’Med,
3305 5122 3429 5162 non
3457 5107 3562 5162 de-

1903 5185 2083 5331 εὲᾶὅὶῖ)
2126 5249 2274 5325 Ὑπὲρ
2322 5257 2692 5331 γῆς-καρπῶν.
2738 5247 3408 5331 βίερΙὶοοῑβοωῦθὸεξο
3456 5263 3561 5320 po-

1902 5326 2128 5404 strema
2149 5321 2287 5389 vox,
2323 5337 2393 5377 ac
2423 5321 2565 5391 legit
2595 5326 2912 5395 καμνόντων,
2946 5322 3053 5377 sed
3080 5336 3328 5393 prorsus
3351 5321 3559 5375 imme-

1899 5399 2176 5536 m'oixlias
2202 5464 2607 5521 CCCLXXXIV.
2640 5463 2866 5536 Scripta
2894 5462 3230 5536 imperante
3256 5461 3520 5518 Juliano.

1970 5536 2013 5559 "
2038 5534 2199 5593 Alias
2232 5537 2404 5594 CCXI.
2442 5537 2679 5609 Scripta
2707 5532 2942 5592 videtur
2972 5532 3085 5588 sub
3116 5532 3378 5590 Juliano.
