4102 6194
509 258 612 311 283

1885 196 1946 307 ἐ.
1981 243 2237 303 BASILII
2277 246 2500 303 MAGNI

3771 257 3883 311 284

508 378 759 435 terrenis
779 376 1097 446 desudant,
1108 375 1254 431 alios
1273 391 1408 448 spes
1428 375 1677 431 omnino
1694 374 1989 431 frustratae
2008 372 2167 438 sunt,

2286 370 2487 427 σθησαν
2559 379 2656 422 τῶν
2719 368 2958 441 ἐλπίδων,
3005 374 3170 445 μέχρι
3221 376 3384 446 μόνης
3434 380 3723 447 φαντασίας
3778 386 3882 431 τῶν

509 485 648 524 cum
675 466 1038 537 cogitatione
1094 472 1265 521 tenus
1324 465 1675 536 exspectatis
1716 463 1884 536 potiti
1923 464 2121 517 essent
2154 476 2167 512 :

508 558 731 629 quibus
760 562 961 613 autem
979 556 1155 612 etiam
1179 571 1249 610 ex
1273 555 1560 610 sententia
1588 553 1878 626 processit
1898 554 2167 615 eventus,

508 645 582 701 iis
615 663 719 719 spe
750 646 940 701 altera
982 645 1198 700 iterum
1246 659 1400 715 opus
1432 644 1561 713 fuit,
1597 641 2050 715 praeterlabente
2101 652 2172 693 ac

512 739 911 791 marcescente
963 733 1226 788 celeriter
1256 734 1712 805 priore.Verum
1741 732 1812 787 iis
1866 730 2011 786 solis
2066 725 2171 799 qui

511 839 620 895 pro
648 827 864 895 pietate
888 822 1185 892 laborant,
1213 837 1324 877 nec
1364 821 1750 877 mendacium
1779 818 2040 875 abolevit
2067 832 2172 872 ex-

512 912 1080 984 spectationem,nec
1107 910 1247 966 finis
1278 910 1517 966 labores
1541 908 1947 975 labefactavit,
1972 905 2172 961 stabili

509 1017 578 1057 ac
600 1000 775 1055 ﬁrmo
808 999 1136 1070 excipiente
1161 999 1451 1054 coelorum
1484 1013 1687 1069 regno.
1740 1000 1851 1053 Vos
1876 1011 2018 1066 ergo
2049 1009 2171 1049 non

508 1088 822 1145 conturbet
843 1087 1105 1143 mendax
1130 1087 1455 1154 calumnia,
1473 1103 1581 1142 nec
1606 1088 1781 1142 minse
1804 1090 2060 1141 terreant
2076 1098 2147 1139 eo

508 1194 665 1246 rum,
688 1178 791 1249 qui
824 1192 1128 1231 summam
1160 1180 1513 1247 potestatem
1541 1176 1768 1231 habent
1802 1194 1815 1243 ;
1856 1190 1980 1230 non
2012 1173 2169 1227 risus

507 1266 812 1322 contristet
831 1271 931 1321 aut
947 1265 1311 1321 contumelia
1329 1264 1857 1330 familiarium,nec
1886 1262 2170 1318 condem-

506 1356 670 1411 natio
698 1355 775 1411 ab
826 1355 1176 1437 hominibus
1232 1371 1440 1410 curam
1498 1359 1553 1410 et
1604 1354 1867 1409 studium
1926 1369 2048 1424 prae
2109 1367 2171 1407 se

508 1444 860 1512 ferentibus,
902 1459 938 1499 a
990 1444 1212 1516 quibus
1256 1443 1585 1499 fortissima
1617 1443 1695 1498 ad
1744 1441 2173 1513 decipiendum

507 1549 645 1588 esca
666 1532 1370 1605 praetenditur,simulata
1392 1532 1758 1600 adhortatio,
1782 1530 2053 1603 quandiu
2075 1545 2171 1584 ve-

505 1622 699 1677 ritatis
733 1621 1006 1677 doctrina
1057 1621 1233 1676 nobis
1292 1620 1788 1692 patrocinabitur.
1841 1623 1938 1675 His
1970 1624 2171 1674 autem

2278 456 2725 532 προσδοκωμένων
2778 466 2869 519 τήν
2919 459 3209 513 ἀπόλαυσιν
3253 466 3463 534 ἔχοντες
3494 481 3507 494 ⁸
3567 462 3639 526 οἷς
3680 464 3739 519 δέ
3788 472 3883 519 καὶ

2278 550 2414 598 κατὰ
2465 554 2670 621 γνώμην
2721 548 2931 607 ἐκϐῆναι
3006 550 3193 609 συνέϐη
3271 556 3329 602 τό
3402 552 3564 621 τέλος,
3635 552 3883 629 δευτέρας

2282 632 2468 693 ἐδέησε
2514 637 2667 689 πάλιν
2708 635 2933 708 ἐλπίδος,
2967 636 3427 713 παραδραμούσης
3474 647 3886 718 καὶιμαρανθεί-

2282 744 2379 786 σης
2440 724 2486 776 ἐν
2548 729 2705 798 τάχει
2745 736 2839 789 τῆς
2896 732 3168 800 προτέρας.
3228 735 3420 790 Μόνοις
3476 728 3535 783 δε
3591 739 3696 793 τοῖς
3751 735 3882 807 ὑπὲρ

2279 814 2538 877 εὐσεϐείας
2569 824 2829 888 καμοῦσιν
2878 818 2935 869 οὐ
2975 814 3173 888 ψεῦδος
3212 816 3433 890 ἠφάνισε
3474 821 3585 890 (61)
3622 825 3716 883 τάς
3740 820 3886 875 ἐλπί-

2280 899 2399 974 δας,
2431 904 2490 955 ού
2533 905 2675 967 τελος
2721 905 3008 978 ἐλυμήνατο
3062 910 3183 968 τοὺς
3234 907 3423 969 ἄθλους
3477 908 3613 979 (62),
3663 909 3887 982 βεϐαίας

2278 998 2367 1044 καὶ
2422 999 2643 1066 μονίμου
2711 991 3100 1068 διαδεχομένης
3158 1004 3249 1056 τῆς
3287 1005 3386 1048 τῶν
3435 998 3663 1070 ούρανῶν
3713 998 3887 1072 βασι-

2278 1080 2434 1143 λείας.
2498 1089 2580 1142 Μὴ
2633 1088 2803 1137 τοίνυν
2863 1086 2997 1156 ὑμᾶς
3055 1090 3349 1158 ταραττέτω
3399 1083 3614 1146 διαϐολὴ
3652 1086 3884 1159 ψευδὴς,

2278 1169 2415 1243 μηδὲ
2448 1172 2663 1244 φοϐείτω
2692 1182 2790 1225 τῶν
2835 1177 3160 1248 κρατούντων
3192 1179 3304 1246 (63)
3340 1173 3519 1235 ἀπειλή
3550 1193 3563 1206 ’
3612 1182 3683 1250 μὴ
3723 1178 3888 1248 γέλως

2277 1255 2499 1313 λυπείτω
2554 1268 2644 1314 καὶ
2676 1262 2825 1335 ὖϐρις
2872 1271 2973 1313 τῶν
3028 1267 3322 1337 γνωρίμων,
3374 1262 3515 1337 μηδὲ
3558 1269 3889 1337 κατάγνωσις

2278 1353 2420 1422 παρά
2474 1360 2573 1402 τῶν
2638 1348 2901 1409 κήδεσθαι
2962 1358 3444 1425 προσποιουμένων,
3522 1355 3882 1429 ἰσχυρότατον

2277 1442 2410 1512 πρὸς
2460 1438 2663 1498 ἀπάτην
2703 1437 2882 1514 δέλεαρ
2934 1439 3354 1514 προϐαλλομένων
3385 1444 3490 1513 (64)
3522 1450 3878 1517 παραινέσεως

2280 1535 2658 1600 προσποίησιν,
2686 1530 2779 1591 ἕως
2818 1529 2878 1581 ἂν
2935 1532 2959 1581 ό
3004 1538 3096 1591 τῆς
3144 1529 3383 1592 ἀληθείας
3430 1534 3554 1604 ἡμῖν
3589 1538 3887 1605 συναγωνί-

2282 1618 2442 1678 ζηται
2462 1622 2576 1690 (65)
2607 1616 2781 1689 λόγος.
2819 1619 3221 1691 Ἀντιμαχέσθω
3243 1617 3302 1673 δὲ
3332 1629 3437 1682 τοῖς
3466 1628 3600 1674 πᾶσι
3628 1622 3888 1695 λογισμὸς

509 1711 797 1766 omnibus
842 1711 1180 1766 obluctetur
1232 1717 1393 1766 recta
1436 1711 1610 1775 ratio,
1641 1709 2020 1765 defensorem
2057 1707 2171 1762 sibi

2286 1708 2451 1778 ὀρθὸς,
2514 1709 2799 1779 σύμμαχον
2861 1706 3173 1781 παρακαλῶν
3232 1712 3473 1779 γενεσθαι
3546 1715 3635 1763 καὶ
3686 1709 3887 1783 βοηθὸν

508 1802 817 1858 advocans
856 1806 911 1857 et
942 1801 1304 1872 adjutorem,
1332 1802 1687 1870 magistrum
1715 1800 1947 1872 pietatis
1973 1798 2171 1855 Domi-

509 1906 658 1945 num
700 1896 976 1947 nostrum
1025 1892 1232 1946 Jesum
1278 1891 1597 1960 Christum,
1646 1906 1757 1962 pro
1778 1905 1901 1961 quo
1940 1896 1999 1944 et
2051 1889 2173 1961 pati

507 1979 682 2035 dulce
711 1984 819 2047 est,
849 1984 906 2037 et
927 1980 1079 2036 mori
1100 1980 1337 2036 lucrum
1361 1984 1400 2035 ί.

1070 2088 1407 2144 EPISTOLA
1440 2090 1598 2143 XIX'.

2283 1795 2422 1866 αύτῷ
2465 1799 2551 1847 τόν
2583 1804 2676 1857 τῆς
2719 1796 2975 1857 εὐσεϐείας
3029 1793 3354 1851 διδάσκαλον
3386 1802 3472 1851 τόν
3505 1803 3692 1875 Κύριον
3737 1802 3888 1872 ἡμῶν

2285 1886 2488 1941 Ἰησοῦν
2520 1890 2768 1959 Χριστόν,
2818 1882 2891 1938 δι’
2923 1888 2976 1938 ὃν
3006 1892 3095 1939 και
3125 1892 3182 1939 τὸ
3213 1890 3525 1942 κακοπαθεῖν
3556 1886 3683 1960 ἡδὺ,
3712 1893 3888 1943 καὶτὸ

2283 1972 2556 2027 ἀποθανεῖν
2587 1971 2795 2049 κέρδος.

2845 2088 3181 2136 ΕΠΙΣΤΟΛΗ
3224 2082 3328 2138 ῙΘ’.

897 2194 1017 2250 Per
1047 2196 1290 2250 Petrum
1321 2196 1586 2251 Basilius
1616 2195 1887 2252 rescribit
1913 2192 2219 2263 Gregorio,
2252 2189 2425 2258 cujus
2455 2189 2779 2245 Laconicas
2807 2190 2871 2244 in
2899 2192 3182 2259 epistolas
3203 2192 3479 2261 jocatur.

993 2293 1103 2363 97
1146 2291 1433 2363 Gregorio
1465 2293 1680 2349 sodali.

582 2397 812 2454 Litterae
844 2404 1139 2454 venerunt
1162 2400 1308 2455 mihi
1330 2416 1451 2456 non
1474 2401 1555 2456 ita
1576 2399 1811 2472 pridem
1840 2416 1874 2455 a
1900 2402 1975 2469 te,
2002 2396 2177 2468 plane

512 2490 779 2557 tuee,non
810 2491 932 2544 tam
963 2488 1201 2544 indiciis
1220 2505 1657 2562 manus,quam
1676 2488 1932 2561 propriis
1959 2486 2179 2559 episto-

508 2576 582 2633 lae
613 2578 788 2633 notis.
821 2581 1016 2635 Pauca
1036 2580 1197 2635 enim
1230 2586 1399 2635 erant
1426 2580 1612 2635 verba
1637 2578 1994 2635 sententiam
2031 2576 2175 2631 ube-

510 2682 639 2724 rem
671 2667 1034 2725 exhibentia.
1062 2668 1150 2725 Ad
1181 2685 1336 2741 quas
1360 2670 1559 2725 statim
1590 2685 1713 2724 non
1728 2666 2174 2739 respondimus,

510 2756 679 2829 quod
721 2773 832 2812 nos
889 2758 1137 2829 quidem
1176 2774 1423 2830 peregre
1476 2774 1790 2822 essemus;
1835 2756 2176 2813 tabellarius

508 2861 673 2912 vero,
719 2862 857 2902 cum
904 2847 1221 2918 epistolam
1255 2848 1358 2903 uni
1418 2847 1782 2904 familiarum
1832 2852 2176 2902 nostrorum

511 2933 795 3005 dedisset,
807 2952 1059 3008 propere
1087 2938 1450 2993 discesserit.
1478 2937 1592 2995 Sed
1618 2953 1778 2993 nunc
1804 2952 1910 3010 per
1938 2938 2175 2990 Petrum

2815 2318 3083 2388 Γρηγορίῳ
3124 2314 3330 2390 ἑταίρῳ.

2357 2402 2581 2473 Γράμμα
2628 2398 2750 2459 ἦλθέ
2801 2422 2893 2474 μοι
2918 2408 3094 2475 πρώην
3141 2408 3284 2477 παρά
3345 2413 3458 2476 σοῦ,
3508 2403 3734 2481 ἀκριϐῶς
3767 2412 3885 2475 σόν,

2284 2489 2342 2541 ού
2376 2498 2618 2543 τοσοῦτον
2678 2500 2748 2562 τῷ
2797 2502 3104 2567 χαρακτῆρι
3151 2503 3244 2555 τῆς
3274 2499 3477 2569 χειρός,
3519 2497 3638 2548 ὅσον
3677 2504 3749 2567 τῷ
3788 2505 3891 2559 τῆς

2284 2577 2564 2643 ἐπιστολῆς
2602 2576 2873 2654 ἰδιώματι.
2909 2582 3092 2653 Ὀλίγα
3141 2587 3242 2659 γὰρ
3290 2582 3350 2642 ἦν
3406 2588 3470 2636 τά
3505 2586 3717 2660 ῥήματα
3752 2585 3887 2638 πολ-

2282 2666 2374 2725 λὴν
2437 2665 2671 2721 διάνοιαν
2722 2680 3080 2744 παριστῶντα.
3146 2678 3279 2746 Πρός
3341 2671 3374 2723 ἆ
3435 2673 3584 2736 εὐθὺς
3636 2677 3726 2746 μὲν
3789 2675 3891 2727 οὐκ

2285 2757 2687 2831 ἀπεκρινάμεθα,
2734 2756 2874 2811 διότι
2927 2760 3072 2813 αὐτοι
3130 2766 3219 2834 μέν
3275 2758 3682 2836 ἀπεδημοῦμεν*
3738 2765 3763 2815 ὀ
3826 2761 3889 2817 δί

2282 2853 2721 2921 γραμματοφόρος
2753 2854 2886 2919 (66),
2920 2850 2991 2902 ἐνὶ
3017 2860 3115 2903 τῶν
3161 2848 3470 2909 ἐπιτηδείων
3514 2855 3638 2925 ἡμῖν
3668 2849 3890 2917 ἐπιδοὺς

2280 2942 2371 2996 τὴν
2428 2936 2725 3001 ἐπιστολὴν,
2776 2937 2939 2991 ἀπιὼν
2997 2944 3187 3012 ᾤχετο.
3238 2941 3394 2994 Ἀλλά
3424 2950 3511 2994 νῦν
3545 2939 3639 2995 διὰ
3684 2947 3890 3015 Πέτρου

509 3023 872 3097 alloquimur
903 3030 977 3094 te,
1027 3025 1205 3082 simul
1236 3031 1291 3082 et
1333 3026 1711 3082 salutationis
1762 3024 2172 3097 persolventes

2286 3030 2753 3103 προσφθεγγόμεθά
2783 3048 2859 3097 σε,
2901 3030 3035 3101 ὁμοῦ
3063 3034 3152 3102 μὲν
3186 3029 3541 3095 ἀποτιννύντες
3588 3042 3681 3094 τῆς
3711 3051 3891 3106 προσ-

512 3112 805 3183 debitum,
852 3120 909 3171 et
934 3117 1319 3172 occasionem
1350 3116 1590 3172 alierius
1613 3114 1875 3188 epistolae
1906 3114 2177 3186 praeben-

512 3205 620 3257 tes.
653 3204 909 3259 Omnino
941 3210 1143 3260 autem
1195 3205 1394 3261 nullus
1446 3204 1621 3261 labor
1674 3203 1938 3277 epistolae
1998 3206 2175 3259 Laco-

512 3289 684 3358 nicm,
713 3292 924 3363 quales
953 3299 1115 3360 sunt,
1144 3310 1281 3365 quae
1313 3310 1349 3351 a
1380 3299 1433 3350 te
1484 3294 1741 3350 subinde
1789 3293 1868 3350 ad
1897 3308 2008 3349 nos
2048 3308 2174 3365 per-

512 3379 781 3436 veniunt.
1952 3380 1959 3386 ’

1077 3491 1413 3546 EPISTOLA
1451 3491 1602 3546 XX".

2284 3122 2501 3190 ηγορίας
2530 3122 2585 3169 τό
2611 3122 2788 3192 χρέος,
2825 3119 2954 3190 ὁμοῦ
2984 3115 3042 3171 δὲ
3092 3118 3328 3193 ἀφορμὴν
3360 3117 3612 3196 δευτέρων
3642 3123 3893 3194 γραμμά-

2283 3225 2381 3258 των
2436 3202 2771 3281 παρέχοντες.
2822 3210 3028 3268 Πάντως
3086 3204 3144 3261 δὲ
3192 3206 3365 3272 οὐδείς
3392 3214 3545 3272 πόνος
3575 3217 3893 3273 Λακωνικῆς

2285 3294 2581 3362 ἐπιστολῆς,
2632 3298 2808 3348 ὁποῖαί
2857 3296 2987 3349 εἰσιν
3026 3300 3080 3350 αἱ
3121 3301 3264 3375 παρά
3308 3306 3402 3351 σοῦ
3461 3299 3702 3354 ἑκάστοτε
3754 3304 3891 3374 πρὸς

2285 3386 2420 3457 ἡμᾶς
2460 3384 2826 3459 ἀφικνούμεναι
2840 3428 2853 3442 .
3437 3397 3441 3401 ’

2854 3500 3190 3547 ΕΠΙΣΤΟΛΗ
3232 3494 3312 3550 ις’.

515 3594 724 3651 Amice
773 3595 1055 3665 objurgat
1108 3598 1420 3652 Leontium
1467 3599 1751 3659 Basilius,
1801 3597 1961 3670 quod
2012 3612 2155 3653 raro
2201 3600 2458 3665 scribat;
2491 3614 2741 3670 eumque
2765 3600 2984 3669 probat
3014 3600 3481 3657 inexcusabilem
3513 3615 3634 3657 esse
3679 3606 3893 3670 utpote

584 3682 894 3738 nunquam
930 3674 1229 3743 carentem
1261 3669 1668 3743 occasionibus
1697 3669 2014 3731 scribendi,
2044 3684 2115 3723 ac
2151 3678 2448 3739 praterea
2493 3669 2854 3743 saphistam;
2910 3673 3026 3727 sibi
3064 3688 3198 3728 vero
3230 3673 3669 3728 excusationem
3709 3669 3885 3743 petit,

584 3745 709 3816 t_u_z_n
741 3755 817 3816 ex
849 3740 1072 3816 crebris
1103 3740 1611 3816 occupationibus,
1646 3747 1769 3796 tum
1801 3743 1943 3812 quia
1976 3757 2094 3796 non
2105 3743 2242 3810 jam
2272 3757 2338 3799 eo
2369 3749 2561 3798 utitur
2589 3742 2827 3799 dicendi
2854 3758 3089 3812 genere,
3123 3744 3283 3816 quod
3307 3744 3551 3813 placent
3580 3740 3889 3815 sophistis.

586 3811 783 3866 Mittit
812 3826 922 3868 sua
953 3812 1240 3872 adversus
1271 3813 1630 3868 Eunomium
1663 3811 1862 3882 opera.

1057 3920 1304 3975 Leontio
1334 3920 1641 3989 sophistae.

588 4026 755 4080 Rarae
775 4025 1022 4097 quidem
1051 4026 1157 4081 tibi
1187 4032 1243 4082 et
1272 4044 1307 4083 a
1338 4027 1515 4083 nobis
1544 4027 1750 4083 litterae
1776 4047 1789 4096 ;
1822 4043 1944 4083 non
1976 4031 2180 4084 tamen

512 4113 769 4170 rariores
792 4130 980 4186 quam
1006 4120 1119 4171 tuae
1148 4134 1159 4183 ;
1192 4116 1398 4190 idque,
1442 4134 1580 4173 cum
1612 4117 1784 4173 multi
1808 4118 2180 4174 continenter

512 4218 549 4258 a
601 4202 771 4258 vobis
803 4203 883 4259 ad
928 4220 1041 4260 nos
1064 4206 1354 4270 venerint;
1379 4207 1601 4279 quibus
1625 4206 1875 4275 singulis
1894 4207 1938 4261 si
1969 4206 2178 4262 ordine

510 4290 737 4348 litteras
786 4294 1216 4360 commisisses,
1276 4295 1422 4350 nihil
1474 4295 1791 4368 impediret
1850 4296 2178 4367 quominus

2833 3925 3060 3992 Λεοντίῷ
3103 3928 3352 3994 σοφιστῇ.

2358 4029 2555 4101 Χρόνια
2583 4030 2672 4100 μέν
2704 4045 2788 4079 σοι
2825 4031 2917 4079 καὶ
2945 4029 3011 4079 τὰ
3033 4027 3155 4102 παρ“
3188 4029 3331 4101 ἡμῶν
3361 4028 3666 4102 γράμματα’
3702 4028 3761 4081 ού
3781 4033 3896 4101 μὴν

2284 4121 2611 4189 χρονιώτερα
2640 4124 2738 4168 τῶν
2765 4116 2999 4187 αὐτόθεν,
3031 4122 3120 4170 καὶ
3166 4125 3333 4169 ταῦτα
3371 4116 3566 4170 πολλῶν
3613 4122 3703 4169 καί
3758 4137 3893 4171 συν-

2287 4213 2421 4276 εχῶν
2490 4202 2929 4278 ἐπιδημησάντων
2979 4209 3103 4279 ἡμῖν
3156 4205 3254 4259 ἀπό
3295 4216 3384 4267 τῆς
3441 4209 3684 4281 ὑμετέρας
3726 4224 3738 4236 ·
3809 4207 3893 4272 οἷς

2287 4293 2330 4345 εἰ
2367 4301 2527 4346 πᾶσιν
2587 4294 2760 4367 ἐφεξῆς
2816 4298 3105 4370 γράμματα
3162 4297 3273 4367 (67)
3307 4295 3564 4365 ἐπιτίθης,
3622 4293 3771 4349 οὐδὲν
3826 4295 3891 4356 ἦν

511 4380 855 4437 videremur
885 4399 1007 4437 una
1048 4387 1244 4439 tecum
1278 4400 1427 4453 esse,
1449 4388 1627 4457 teque
1656 4384 1902 4458 perinde
1926 4384 2063 4454 frui,
2106 4400 2172 4440 ac

2286 4388 2342 4435 τό
2381 4383 2577 4436 κωλύον
2626 4384 2764 4457 αὐτῷ
2799 4405 2882 4438 σοι
2913 4382 3085 4438 δοκεῖν
3134 4392 3360 4439 συνεῖναι
3408 4388 3564 4459 ἡμᾶς,
3610 4391 3699 4439 καὶ
3730 4388 3891 4442 οἰονεὶ

589 4574 603 4608 ¹
642 4573 901 4647 Philipp.
943 4591 982 4643 ι,
1006 4579 1095 4629 21.

584 4784 604 4803 ‘
629 4780 788 4907 Attia:
818 4781 912 4837 III.
968 4781 1201 4853 Scripta
1232 4782 1466 4839 videtur
1512 4784 1817 4851 Caesareae,
1847 4800 1987 4840 cum
2015 4790 2173 4843 esset

584 4867 655 4907 'es
704 4869 743 4907 v
772 4869 854 4907 er.

561 4858 854 4908 resbvter.

515 4867 854 4978 presnf'ter.

584 4924 628 4997 '_‘
654 4929 696 4977 A
726 4925 813 4997 ias
852 4924 1115 4980 LXXXIII.
1152 4925 1378 4997 Scripta
1408 4940 1569 4997 anno
1594 4928 1720 4981 364.

586 4995 699 5070 (6t)
731 4995 999 5070 Ἠφσὶνισε.
1037 4995 1571 5070 Παρηφάνισιξϐοἱει.
1597 4997 1828 5068 primus
1853 5005 1911 5055 et
1941 4999 2094 5055 Med.

583 5068 695 5147 (δὲ)
726 5071 858 5128 Τοὺς
889 5067 1097 5147 ἄθλους.
1119 5067 1220 5147 Sic
1252 5067 1813 5147 Coisl._.primu_sdet
1862 5072 2175 5147 [edicimus

513 5141 571 5193 et
626 5137 881 5193 Clarom.
939 5139 998 5193 in
1032 5139 1302 5204 margine
1329 5156 1342 5205 ;
1392 5137 1489 5193 alii
1520 5147 1628 5199 τοῖς
1658 5139 1856 5202 ἄθλοις.
1887 5141 2037 5196 Editi
2066 5150 2173 5204 τοῖς

514 5208 704 5270 ἄλλοις.
738 5208 920 5285 Paulo
943 5209 1247 5285 postediti
1269 5207 1611 5285 μηδεγίλῳς.
1647 5212 1822 5275 Harl.,
1857 5212 2030 5269 Coisl.
2060 5214 2174 5285 pri-

516 5297 653 5335 mus
685 5287 742 5335 et
773 5279 921 5337 Med.
944 5279 1001 5335 et
1031 5280 1126 5336 alii
1161 5279 1520 5337 nonnulli’ut
1548 5282 1608 5337 in
1634 5288 1813 5337 textu.

586 5354 703 5421 (63)
724 5359 835 5404 Τῶν
857 5355 1201 5425 κρατούντων.
1233 5354 1398 5425 δωρεᾶ
1423 5352 1572 5408 alias
1606 5354 1857 5408 Basilius
1885 5355 1999 5412 hac
2030 5373 2175 5413 voce

514 5422 943 5492 imperatorem
975 5422 1271 5492 designat.

612 5493 699 5561 64)
723 5493 1172 5567 Προϐαλλομένων.
1207 5494 1301 5549 Sic
1316 5495 1816 5567 putetqueACoisl”
1847 5497 2027 5564 Harl.,
2062 5498 2174 5555 Pa-

515 5562 617 5621 ris.
651 5569 708 5619 et
735 5562 889 5621 unus
919 5562 1000 5621 δι’
1017 5565 1228 5637 Regiis.
1253 5564 1401 5621 Editi
1430 5562 1909 5642 προσϐαλλόμενων.
1944 5562 2174 5626 Ibidem

2285 4792 2631 4861 upognoidia'u
2660 4785 2721 4842 in
2752 4786 2940 4842 tribus
2959 4792 3115 4861 rmss.

2332 4862 2471 4925 ‘(65l
2498 4858 2647 4931 Ἠμξν
2687 4860 3135 4930 συναγωνίζηται.
3177 4858 3327 4931 Editi
3364 4859 3486 4931 ύμῖν
3539 4861 3890 4931 συναγωνίζεο

2283 4949 2390 4986 ται.
2421 4929 2616 5002 Secuti
2645 4945 2855 4985 sumus
2876 4931 3162 5002 antiquos
3184 4929 3625 4995 codices,Coisl.
3647 4929 3705 4986 et
3732 4932 3886 4989 Med.

2286 5006 2342 5055 et
2374 5000 2530 5055 Harl.
2562 5017 2701 5055 cum
2733 5001 3008 5071 pluribus
3026 5000 3191 5058 aliis.
3224 5002 3432 5059 Statim
3464 5002 3717 5070 legimus
3741 5019 3891 5060 cum

2286 5072 2556 5150 quinque
2587 5088 2761 5152 mss._,
2782 5088 3041 5152 quorum
3071 5073 3133 5127 in
3173 5088 3425 5152 numero
3453 5072 3801 5152 Ha‘rlieanus
3832 5080 3895 5132 et

2288 5143 2696 5216 primamanu
2725 5143 3120 5216 Coisliuianus
3140 5144 3461 5216 antiquior,
3482 5144 3623 5214 αὐτῷ
3650 5150 3736 5197 τὸν
3766 5155 3891 5215 τῆς,

2288 5214 2572 5337 etc.3Edi9ti
2600 5214 2776 5269 αυτόν.
2804 5218 3026 5271 Desunt
3044 5215 3103 5270 in
3126 5214 3387 5288 quatuor
3407 5216 3654 5272 mss.ha3
3682 5214 3890 5289 voces,

2289 5305 2379 5337 και
2444 5304 2502 5337 οη
2546 5306 2620 5337 ον.

2289 5290 2379 5337 καὶ
2403 5283 2620 5356 βοηθόν.
3146 5283 3165 5288 ’
3354 5342 3357 5343 ν
3874 5283 3886 5289 ⁷

2361 5358 2470 5425 (66)
2549 5360 3016 5431 Γραμματοφόρος.
3101 5362 3553 5433 Γραμματηφόρος
3624 5362 3896 5431 quatuor

2291 5444 2473 5569 ωἷὲἦ)
2506 5502 2817 5574 Γράμματα.
2849 5504 2932 5556 lla
2954 5518 3057 5557 sex
3082 5500 3218 5557 libri
3243 5506 3491 5559 veteres.
3539 5499 3687 5557 Editi
3715 5503 3893 5575 γράμ-

2285 5589 2379 5642 μα.
