4070 6194
148 282 254 337 285

1175 276 1657 334 EPISTOLARUM
1693 274 1974 333 CLASSIS
2014 278 2055 334 1.
2099 277 2310 335 EPIST.
2350 280 2479 335 XXI.

3410 292 3517 345 286

149 408 413 477 ταρόντας
470 407 563 454 καὶ
611 404 857 461 συνόντας
908 400 1200 455 ἀπολαύειν·
1252 402 1388 456 οὕτω
1437 402 1650 472 συνεχὲς
1703 396 1759 458 ἦν

1877 399 1923 455 si
1956 401 2339 473 adessemus,
2385 408 2441 460 et
2488 407 2683 459 tecum
2714 420 3129 465 versaremur:
3166 410 3320 467 adeo
3350 413 3534 468 conti-

148 498 204 545 τό
259 494 467 554 πλῆθος
524 500 624 543 τῶν
675 496 806 565 πρὸς
858 493 995 563 ἡμᾶς
1052 490 1454 565 ἀφικνουμένων,
1517 490 1670 542 Ἀλλά
1716 493 1766 541 τί

149 585 241 637 ούκ
271 582 630 648 ἔπεστίλλειςς
686 586 925 653 καίτοιγε
972 578 1122 634 οὐδὲν
1175 585 1321 657 ἔργον
1377 588 1600 653 σοφιστῇ
1634 582 1763 648 (68),

149 677 179 733 ἡ
226 678 286 725 το
338 674 582 744 γράφειν·
638 670 829 743 μᾶλλον
890 668 951 723 δι
1007 670 1049 723 εἰ
1100 675 1189 723 καὶ
1242 679 1337 732 τῆς
1389 673 1572 745 χειρός
1631 672 1765 741 ἔχεις

151 762 349 837 ἀργῶς,
379 757 505 813 ούδὶ
544 762 759 833 γράφειν
793 756 995 817 δεήσει·
1038 759 1187 821 ἄλλος
1228 762 1330 833 γάρ
1382 779 1466 811 σοι
1518 755 1764 815 διακονη-

155 871 257 906 σει.
303 851 537 910 Γλωττης
576 845 635 901 δί
673 853 836 923 χρεία
888 852 1064 921 μόνης·
1108 851 1163 916 ἡ,
1194 849 1288 901 κᾶν
1319 852 1443 921 ἡμῖν
1482 852 1552 921 μὴ
1588 845 1767 900 διαλέ-

151 961 342 1013 γηται,
399 939 507 991 ἀλλ’
573 939 643 991 ἐνί
708 958 769 1009 γε
815 940 1018 998 πάντως
1078 947 1178 991 τῶν
1226 944 1477 992 συνόντων
1528 937 1762 996 λαλήσει·

149 1027 251 1079 κᾶν
304 1024 500 1099 μηδεὶς
541 1034 707 1100 παρῇ,
761 1024 836 1098 ἔφ’
892 1026 1080 1086 εαυτῆς
1140 1023 1451 1089 διαλέξεται·
1513 1030 1765 1083 σιωπήσει

147 1114 209 1169 δὲ
237 1113 513 1188 οὐδαμῶς,
548 1121 832 1187 σοφιστική
872 1135 925 1168 τε
955 1116 1089 1168 οὖσα
1130 1122 1220 1168 καὶ
1268 1115 1504 1173 Ἀττική·
1552 1114 1611 1166 ού
1638 1113 1765 1186 μᾶλ-

139 1204 227 1257 λον
262 1224 325 1275 γε
365 1208 395 1263 ἡ
443 1208 498 1256 αἱ
538 1202 779 1275 ἀηδόνες,
829 1206 951 1257 ὅταν
1007 1208 1064 1257 τό
1110 1208 1197 1277 ἔαρ
1244 1204 1403 1266 «ora;
1447 1206 1573 1278 πρὸς
1621 1199 1764 1273 ᾠδὴν

506 1294 658 1367 Ἡμῖν
702 1296 795 1367 μεν
826 1296 928 1368 γὰρ
978 1297 1036 1346 τὸ
1087 1297 1280 1347 πυκνόν
1306 1294 1414 1365 (69)
1459 1302 1553 1355 τῆς
1598 1290 1765 1363 ἀσχο-

138 1384 255 1446 λίας
284 1391 466 1450 τοῦτο,
519 1382 570 1435 ἐν
706 1391 797 1435 νῦν
845 1383 1016 1454 ἐσμεν,
1058 1382 1153 1435 κᾶν
1199 1388 1521 1456 παραίτησιν
1570 1380 1765 1453 ἐνέγκοι

142 1477 312 1544 τυχόν
379 1476 512 1547 πρὸς
569 1477 659 1530 τὴν
718 1469 918 1525 ἔνδειαν
984 1482 1084 1525 τῶν
1145 1475 1487 1545 πραγμάτων·
1552 1476 1641 1523 καὶ
1705 1474 1762 1523 τό

142 1565 297 1615 οἱονεὶ
330 1560 677 1637 ἱρῥυπῶσθαι
708 1561 887 1615 λοιπὸν
931 1570 991 1634 τῇ
1038 1570 1319 1636 κατακορεῖ
1366 1564 1614 1633 συνηθείᾳ
1652 1562 1765 1629 (70)

146 1656 273 1725 πρὸς
335 1648 660 1723 ἰδιωτισμόν
727 1654 872 1703 ὄκνον
940 1651 1146 1712 εἰκότως
1213 1653 1414 1724 ἐμποιεῖ
1468 1652 1764 1723 προσφθέγδ

142 1742 336 1811 γεσθαι
390 1742 528 1811 ὑμᾶς
588 1744 711 1801 τοὺς
755 1742 1025 1811 σοφιστάς·
1062 1740 1131 1806 οἱ,
1175 1740 1217 1792 εἰ
1262 1744 1334 1812 μή
1380 1760 1431 1791 τι
1472 1739 1617 1801 ἀξιον
1668 1746 1764 1799 τῆς

144 1832 397 1905 ὑμετέρας
438 1830 611 1881 αὐτῶν
663 1835 845 1901 σοφίας
897 1828 1206 1896 ἀκούσεσθε,
1252 1826 1645 1903 δυσχερανεῖτε,
1674 1833 1764 1879 καὶ

144 1921 237 1971 οὐκ
270 1919 537 1982 ἀνέξεσθε.
572 1922 630 1971 Σὶ
680 1916 739 1971 δέ
786 1939 885 1971 που
932 1924 990 1971 τό
1044 1918 1269 1971 ἐναντίον
1301 1920 1437 1981 εἰκός
1462 1918 1542 1971 ἐπὶ
1591 1920 1764 1978 πάσης

144 2011 461 2083 προ-,φάσεως
524 2005 862 2080 δημοσιεύειν
932 2017 1126 2060 σαυτοῦ
1182 2014 1276 2066 τὴν
1342 2012 1529 2081 φωνὴν,
1590 2005 1763 2063 ἐπιτη-

145 2094 286 2150 δεισν
317 2102 449 2149 ὄντα
477 2096 658 2165 εἰπεῖν,
706 2090 774 2147 ὧν
806 2096 958 2158 αὐτὸς
1007 2094 1131 2149 οῖδα
1165 2096 1431 2155 Ἐλλήνων·
1478 2092 1602 2148 οἶδα
1638 2098 1760 2167 γὰρ,

142 2191 212 2248 ὡς
272 2185 449 2257 οἶμαι,
504 2190 623 2247 τοὺς
679 2185 1127 2257 ὀνομαστοτάτους
1192 2178 1292 2238 τῶν
1336 2186 1385 2238 ἐν
1438 2188 1579 2258 ύμῖν·
1628 2187 1763 2237 ὥστε

142 2271 370 2345 οὐδεμία
433 2279 760 2348 παραίτησις
819 2282 1103 2328 σιωπῶντι.
1164 2280 1263 2327 Καὶ
1326 2282 1491 2327 ταῦτα
1543 2277 1633 2346 μὲν
1689 2275 1763 2336 εἰς

140 2372 424 2419 τοσοῦτον.
490 2363 798 2416 ’Λπίστειλα
856 2360 915 2416 δε
972 2369 1062 2416 καὶ
1117 2366 1183 2416 τά
1237 2368 1367 2438 πρὸς
1426 2365 1695 2436 Εὐνόμιον·
1728 2362 1763 2415 ἆ

139 2456 235 2505 εἶτε
267 2450 502 2505 παιδιὰν
542 2458 652 2524 χρὴ
709 2452 903 2518 καλεῖν,
950 2456 1049 2505 εἴτε
1105 2461 1277 2527 μικρῷ
1329 2450 1547 2515 παιδιᾶς
1594 2473 1758 2505 σπου-

139 2540 417 2614 δαιοτερα,
450 2541 591 2593 αὐτῶ
623 2560 709 2593 σοι
748 2546 940 2613 κρίνειν
976 2546 1225 2614 παρίημι·
1274 2541 1328 2603 ὃς
1371 2544 1501 2615 πρὸς
1530 2544 1619 2613 μὶν
1647 2543 1760 2609 (71)

134 2634 199 2683 τὰ
266 2634 441 2683 οἰκεῖα
498 2638 697 2682 σαυτοῦ
756 2630 951 2694 ούκίτι,
997 2628 1164 2701 οἶμαι,
1219 2632 1459 2703 χρῄζεις·
1516 2634 1648 2703 πρὸς
1702 2628 1759 2683 δε

138 2730 239 2771 τῶν
290 2717 688 2793 ἑνδιαστρόφων
756 2722 871 2778 τοὺς
933 2717 1347 2791 ἐντυγχάνοντας
1413 2720 1507 2771 ούκ
1560 2718 1759 2791 ἀγεννές

142 2829 226 2861 σοι
246 2809 407 2862 ὅπλον
454 2811 673 2861 ἔσεσθαι
701 2804 1007 2881 προσδοκῶ·
1047 2810 1105 2860 ού
1137 2816 1197 2880 τῇ
1258 2806 1477 2881 δυνάμει
1507 2816 1599 2861 τοῦ
1639 2828 1758 2861 συν-

139 2902 399 2970 τάγματος
462 2900 940 2958 καταπιστεύοντες
1000 2894 1246 2950 τοσοῦτον
1275 2940 1288 2965 ,
1354 2896 1460 2949 ἀλλ’
1529 2898 1757 2971 ἀκριϐῶς

142 2993 487 3060 γνωρίζοντες
528 2986 629 3039 ἀπὸ
661 2986 848 3057 ὀλίγων
880 2984 1121 3060 ἀφορμῶν
1180 2986 1262 3040 ἐπὶ
1308 2986 1473 3039 πολλά
1533 3006 1590 3039 σε
1636 2992 1757 3040 ὄντα

1876 504 1999 545 nua
2029 490 2137 547 fuit
2165 492 2487 549 multitudo
2518 492 2596 548 ad
2627 509 2739 548 nos
2770 496 3151 553 venientium.
3177 504 3245 555 At
3272 516 3379 556 cur
3408 517 3533 557 non

1876 580 2107 648 scribis,
2128 597 2265 637 cum
2290 581 2537 655 quidem
2564 584 2873 653 negotium
2898 586 3129 642 nullum
3152 589 3225 645 sit
3245 592 3531 663 sophistas

1875 669 2163 727 scribere?
2187 674 2309 726 lmo
2332 672 2403 726 sit
2423 687 2640 728 manus
2665 673 2835 744 pigra
2864 680 2976 742 est,
3011 692 3083 730 ne
3113 678 3372 735 scribere
3403 681 3531 753 qui-

1874 757 2012 814 dem
2043 775 2198 831 opus
2232 760 2367 828 erit;
2402 761 2553 818 alius
2576 762 2735 817 enim
2765 762 2869 817 tibi
2903 763 3071 819 dabit
3095 782 3364 837 operam.
3398 771 3531 825 Lin-

1874 863 1995 917 gua
2025 854 2225 904 autem
2258 850 2389 906 sola
2418 866 2571 922 opus
2597 856 2706 917 est,
2735 867 2872 922 quae
2904 852 3139 908 etiamsi
3168 871 3277 910 nos
3306 873 3428 913 non
3450 858 3531 914 al-

1871 936 2154 1008 loquatur
2184 944 2243 993 at
2271 938 2542 1011 profecto
2575 955 2765 995 unum
2796 956 2868 995 ex
2900 940 2970 995 iis
3009 943 3107 1013 qui
3143 950 3338 999 tecum
3369 951 3530 1011 sunt,

1872 1025 2225 1099 alloquetur.
2253 1028 2423 1093 Quod
2446 1028 2493 1083 si
2522 1044 2702 1085 nemo
2723 1029 2902 1094 adsit,
2930 1047 3133 1086 secum
3168 1032 3299 1103 ipsa
3328 1033 3533 1105 loque-

1872 1120 1987 1183 tur;
2017 1117 2237 1173 tacebit
2261 1122 2462 1174 autem
2488 1134 2903 1190 nequaquam,
2937 1137 3073 1175 cum
3109 1122 3184 1177 sit
3214 1128 3269 1177 et
3300 1124 3531 1195 sophis-

1874 1205 1985 1261 tica
2017 1211 2071 1260 et
2101 1208 2289 1263 Attica
2314 1226 2325 1262 :
2355 1223 2475 1262 non
2504 1210 2716 1278 magis,
2747 1225 2931 1281 quam
2958 1210 3246 1283 lusciniae,
3282 1214 3531 1284 quando

1871 1310 1973 1350 eas
1986 1311 2236 1350 vernum
2261 1300 2497 1367 tempus
2521 1296 2599 1351 ad
2614 1297 2953 1352 canendum
2971 1300 3333 1357 excitaverit.
3352 1301 3531 1357 Nobis

1872 1383 2031 1439 enim
2062 1383 2284 1439 crebrae
2310 1384 2423 1439 illae
2456 1386 2911 1457 occupationes,
2935 1388 3157 1457 quibus
3182 1404 3345 1444 nunc
3369 1389 3531 1446 disti-

1872 1488 2102 1537 nemur,
2140 1474 2592 1529 excusationem
2629 1473 2880 1530 fortasse
2921 1476 3192 1546 afferant,
3230 1478 3279 1531 si
3322 1478 3528 1534 litteris

1870 1561 2174 1618 desimus:
2225 1568 2280 1617 et
2333 1563 2617 1635 qutedam
2657 1563 2835 1619 veluti
2884 1565 3094 1620 sordes
3140 1582 3212 1621 ex
3242 1568 3529 1624 continuo

1868 1650 2127 1719 vulgaris
2149 1652 2446 1706 sermonis
2470 1652 2723 1721 usujam
2747 1657 3069 1709 contractae
3089 1670 3211 1710 non
3231 1656 3528 1713 immerito

1803 1759 1840 1812 Β
1869 1740 2183 1811 deterrent,
2202 1742 2531 1813 quominus
2551 1758 2657 1795 vos
2681 1743 2984 1813 sophistas
2998 1744 3403 1817 alloquamur;
3425 1747 3529 1818 qui

1869 1830 1983 1885 nisi
2010 1830 2306 1901 sapientia
2333 1835 2531 1885 vestra
2563 1831 2815 1900 dignum
2843 1832 3071 1900 aliquid
3095 1834 3421 1900 audieritis,
3445 1835 3558 1891 inv

1868 1919 2289 1988 dignabimini,
2315 1935 2423 1974 nec
2444 1920 2772 1992 perferetis.
2799 1924 2872 1976 Te
2896 1938 3034 1978 vero
3056 1928 3263 1979 contra
3285 1940 3528 1996 aequum

1868 2014 1957 2066 est
1994 2015 2165 2066 tuam
2209 2026 2415 2065 vocem
2466 2010 2543 2066 ad
2574 2027 2816 2066 omnem
2848 2013 3228 2069 occasionem
3265 2008 3529 2086 promul-

1870 2114 2032 2169 gare,
2058 2116 2196 2154 cum
2229 2099 2310 2154 sis
2340 2100 2605 2155 maxime
2639 2101 2911 2156 omnium
2943 2118 3098 2173 quos
3131 2104 3271 2158 novi
3295 2105 3523 2159 Graeco-

1868 2205 2003 2245 rum
2028 2188 2105 2245 ad
2128 2187 2452 2244 dicendum
2474 2189 2754 2245 idoneus:
2780 2191 2920 2245 novi
2944 2191 3126 2259 enim,
3150 2196 3214 2246 ut
3237 2196 3399 2263 puto,
3422 2191 3527 2264 qui

1866 2278 2018 2333 inter
2038 2293 2146 2332 vos
2176 2282 2311 2332 sunt
2343 2277 2743 2333 celeberrimi:
2794 2295 2982 2351 quare
3014 2279 3178 2336 nulla
3217 2280 3526 2336 excusatio

1868 2368 2105 2425 tacenti.
2140 2373 2331 2441 Atque
2362 2368 2488 2423 haec
2520 2368 2767 2440 quidem
2806 2370 3122 2426 hactenus.
3171 2371 3293 2427 Misi
3323 2377 3528 2427 autem

1866 2461 1924 2513 et
1943 2457 2165 2529 scripta
2181 2457 2471 2513 adversus
2498 2458 2877 2522 Eunomium,
2895 2475 3031 2531 quae
3053 2458 3300 2531 quidem
3326 2464 3528 2515 utrum

1865 2548 2035 2603 lusus
2079 2546 2337 2602 dicenda
2376 2547 2512 2613 sint,
2564 2564 2641 2603 an
2684 2548 2825 2603 lusu
2866 2549 3048 2619 paulo
3091 2550 3390 2617 graviora.
3423 2550 3528 2606 tibi

1864 2636 1979 2708 ipsi
1997 2635 2397 2705 judicandum
2422 2636 2717 2709 relinquo:
2734 2637 2836 2709 qui
2859 2638 3025 2709 quod
3048 2637 3253 2693 attinet
3276 2638 3527 2710 quidem

1864 2723 1942 2778 ad
1966 2728 2127 2778 tuam
2151 2724 2343 2794 ipsius
2364 2741 2710 2797 personam,
2734 2727 3231 2798 his,opincr,98
3256 2743 3374 2782 non
3402 2743 3527 2783 am-

1864 2810 2023 2883 plius
2052 2812 2316 2880 indiges:
2354 2814 2460 2867 sed
2484 2815 2772 2891 adversus
2796 2831 3134 2886 perversos,
3163 2816 3222 2870 in
3254 2832 3408 2887 quos
3436 2816 3523 2869 in-

1863 2899 2096 2965 cideris,
2130 2900 2315 2956 telum
2348 2902 2453 2957 tibi
2486 2918 2605 2957 non
2639 2896 2947 2958 inﬁrmum
2992 2903 3259 2958 futurum
3302 2918 3515 2974 spero:

1862 3003 1985 3043 non
2024 2988 2189 3060 quod
2218 2989 2301 3044 ita
2332 2990 2587 3045 multum
2622 2992 2823 3063 scripti
2853 2991 3068 3047 robore
3118 2990 3523 3053 confidamus,

143 3080 421 3151 αἱρετικὸν.
460 3077 581 3128 Ἐὰν
623 3072 685 3129 δέ
722 3095 774 3127 τι
820 3095 907 3128 σοι
952 3095 1040 3128 και
1081 3075 1444 3151 ἀσθενέστερον
1476 3076 1614 3147 ἐχειν
1661 3086 1755 3139 τῆς

1872 3078 1970 3135 sed
1996 3078 2163 3151 quod
2195 3079 2383 3150 probe
2431 3082 2693 3136 sciamus
2732 3082 3019 3137 idoneum
3052 3086 3105 3137 te
3136 3096 3286 3147 esse,
3320 3080 3423 3153 qui
3451 3096 3525 3136 ex

140 3172 325 3237 χρείας
391 3172 691 3238 καταφανῇ,
761 3170 831 3236 μὴ
895 3170 1223 3238 κατοκνησης
1283 3165 1503 3236 ἐλέγξαι,
1576 3168 1753 3237 Τούτῳ

136 3260 237 3328 γάρ
278 3258 401 3326 (72)
454 3254 695 3327 μάλιστα
744 3253 887 3325 φίλος
934 3252 1155 3314 κόλακος
1205 3249 1494 3327 διενήνοχε,
1544 3262 1616 3325 τῷ
1668 3258 1753 3307 τόν

139 3350 225 3417 μὲν
254 3351 386 3417 πρὸς
416 3342 617 3403 ἡδονὴν
658 3344 873 3417 ὁμιλεῖν,
914 3347 1000 3396 τὸν
1033 3340 1091 3398 δε
1128 3341 1266 3417 μηδὲ
1313 3355 1412 3397 τῶν
1459 3345 1752 3398 λυπούντων

139 3432 465 3507 ἀπέχεσθαι.

702 3716 1038 3764 ΕΠΙΣΤΟΛΗ
1081 3710 1200 3766 KA'.

131 3801 481 3856 Accusatus
512 3802 574 3855 in
598 3802 909 3868 superiore
937 3802 1188 3869 epistola
1222 3801 1519 3866 Leontius,

1865 3168 2074 3240 paucis
2109 3170 2480 3238 argumentis
2526 3171 2713 3226 multa
2756 3171 3053 3226 invenias.
3086 3169 3258 3236 Quod
3299 3170 3347 3225 si
3374 3169 3524 3242 quid

1864 3256 1971 3313 tibi
2002 3256 2325 3327 inﬁrmius,
2358 3274 2544 3330 quam
2573 3274 2705 3314 esse
2731 3258 3070 3330 oportebat,
3094 3257 3412 3327 videbitur,
3437 3273 3526 3314 re-

1865 3345 2159 3415 darguere
2191 3362 2266 3401 ne
2313 3348 2583 3418 pigreris.
2620 3351 2737 3403 Hoc
2767 3348 2927 3403 enim
2956 3347 3339 3419 potissimum
3372 3347 3524 3403 ami-

1866 3451 1973 3491 cus
2014 3434 2093 3490 ab
2121 3434 2429 3491 adulatore
2460 3436 2676 3501 differt,
2710 3436 2877 3509 quod
2906 3436 3003 3492 hic
3034 3436 3281 3509 quidem
3312 3436 3391 3493 ad
3419 3436 3524 3491 de-

1863 3524 2245 3581 lectationem
2276 3524 2562 3597 loquitur,
2589 3525 2684 3581 ille
2715 3541 2859 3582 vero
2889 3541 2963 3581 ne
2996 3525 3249 3583 molesta
3276 3525 3526 3598 quidem

1865 3614 2279 3686 praetermittit.

2413 3714 2746 3769 EPISTOLA
2784 3713 2965 3767 ΧΧΓ.

1555 3801 1714 3871 quod
1734 3816 1853 3858 non
1883 3801 2189 3869 scriberet,
2232 3801 2471 3857 videtur
2502 3804 2562 3857 in
2596 3803 2787 3869 ipsum
2816 3804 3111 3857 Basiliam
3137 3802 3360 3856 crimen
3394 3815 3528 3856 con-

210 3874 481 3939 vertisse,
514 3878 568 3927 et
597 3872 915 3945 lulianum
946 3887 1261 3929 accusasse
1290 3873 1451 3945 quod
1475 3874 1710 3929 litteras
1747 3888 1888 3930 suas
1920 3889 2040 3929 non
2077 3873 2452 3930 reddidisset.
2502 3874 2667 3929 Unde
2700 3874 3046 3942 perurbane
3075 3874 3350 3930 Basilius
3376 3878 3428 3929 et
3468 3886 3528 3928 se

211 3950 271 4000 et
312 3945 643 3999 Julianum
674 3944 968 4013 defeudil.

704 4036 930 4104 Λεοντίῳ
952 4039 1176 4105 σοφιστῇ
1190 4074 1204 4090 .

222 4121 393 4174 Ἐοικί
455 4141 508 4172 τι
573 4128 670 4182 τῆς
735 4130 913 4183 κοινῆς
978 4124 1352 4183 καταστάσεως
1415 4124 1504 4173 καὶ
1570 4121 1635 4182 εἰς
1692 4124 1759 4173 τά

142 4210 333 4262 ἑαυτοὺ
390 4214 678 4284 πράγματα
736 4212 761 4261 ὁ
818 4214 1061 4282 χρηστός
1125 4210 1400 4271 Ἰουλιανὸς
1457 4209 1753 4265 ἀπολαύειν.

140 4300 474 4353 ’Δταιτεῖται
507 4304 607 4371 γὰρ
659 4304 747 4351 καὶ
792 4300 965 4367 αὐτὸς,
1014 4305 1102 4351 καὶ
1154 4299 1446 4371 ἐγκαλεῖται
1488 4296 1754 4373 σφοδρῶς,

140 4386 326 4445 ἐπειδὴ
404 4391 573 4440 πάντα
633 4396 719 4439 νῦν
788 4387 1176 4461 ἀπαιτουμένων
1234 4394 1324 4441 καὶ
1374 4387 1755 4460 ἐγκαλουμένων

2400 4034 2646 4090 Leontio
2686 4032 2988 4103 sophistae.

1937 4122 2177 4179 Videtur
2206 4122 2431 4196 aliquid
2463 4139 2532 4177 ex
2561 4122 2870 4178 communi
2892 4139 3094 4178 rerum
3126 4127 3283 4179 statu
3310 4123 3367 4178 in
3394 4136 3531 4195 pro-

1865 4211 2009 4284 priis
2058 4213 2179 4268 suis
2224 4213 2421 4268 bonus
2462 4212 2734 4268 Julianus
2785 4212 3117 4284 percipere.
3177 4213 3530 4284 Reposcitur

1867 4301 2025 4357 enim
2076 4306 2132 4357 et
2176 4302 2327 4373 ipse,
2385 4307 2441 4356 et
2484 4306 2803 4357 accusatur
2834 4301 3237 4368 vehementer,
3279 4302 3528 4373 quando

1866 4391 2115 4463 quidem
2141 4407 2303 4446 nunc
2334 4391 2540 4447 omnia
2571 4392 2661 4459 iis,
2682 4407 2717 4446 a
2746 4391 2969 4463 quibus
2996 4390 3272 4460 exigitur,
3301 4391 3529 4463 quique

137 4484 313 4549 γέμει.
372 4477 514 4535 Πλὴν
566 4479 684 4529 ὅσον
743 4476 871 4548 ούχὶ
934 4477 1183 4553 εἰσφορῶν
1248 4477 1584 4550 ἐλλείμματα,
1654 4476 1759 4529 ἀλλ’

1872 4486 2249 4545 accusantur,
2306 4480 2669 4536 redundant.
2722 4483 2849 4535 Non
2905 4484 3107 4535 tamen
3167 4478 3530 4538 tributorum

532 4572 712 4619 Καίτοι
787 4567 938 4619 πόθεν
1014 4568 1122 4637 (73)
1220 4567 1357 4638 αύτῷ
1423 4565 1755 4637 ελλέλειπται,

140 4662 337 4728 ἀγνοῶ·
393 4652 559 4709 ἔδωκε
603 4660 702 4730 γὰρ
750 4655 831 4709 ἀεὶ
870 4656 1169 4722 ἐπιστολὴν,
1211 4661 1298 4715 τὴν
1342 4653 1401 4710 δι
1445 4656 1752 4728 ἐκομίσατο·

144 4748 187 4798 ει
226 4752 297 4818 μὴ
359 4751 414 4798 τί
464 4764 568 4798 που
611 4751 700 4798 καὶ
750 4748 895 4821 παρὰ
946 4752 1030 4799 σοὶ
1077 4748 1106 4804 ἠ
1155 4745 1570 4821 πολυθρύλλητος
1621 4746 1752 4805 αύτή

140 4566 460 4624 ἐπιστολῶν,

214 4948 325 5015 {68)
364 4952 627 5016 Σοφιστῇ.
664 4947 748 5000 ita
774 4948 1000 5016 septem
1047 4961 1190 5000 mss.
1244 4950 1300 5001 et
1343 4944 1525 5001 editio
1570 4947 1757 5015 [laga-

144 5018 418 5073 noensis.
449 5015 594 5089 Aliae
625 5015 916 5089 editiones
952 5016 1417 5089 costasoa._Cum
1459 5021 1663 5073 autem
1693 5018 1754 5073 in

144 5089 435 5143 omnibus
464 5086 778 5163 codicibus
799 5104 949 5163 mss.
968 5086 1032 5143 et
1052 5087 1223 5163 editis
1240 5087 1472 5163 legatur
1495 5090 1523 5148 ἦ
1550 5090 1756 5163 τὸγγρά-

150 5179 267 5228 ,που
295 5177 435 5216 cum
466 5160 709 5229 quidem
750 5162 1047 5229 negotium
1078 5160 1319 5215 nullum
1346 5161 1421 5214 sit
1446 5160 1751 5229 sophista,

149 5234 339 5286 nisiut
366 5231 622 5295 scribat;
646 5230 792 5285 nihil
813 5232 1095 5301 equidem
1116 5232 1175 5286 in
1202 5236 1485 5287 contextu
1500 5232 1750 5287 mutavi.

148 5303 248 5358 sed
282 5311 517 5369 tamen,
543 5302 693 5374 quia
728 5308 959 5374 pugnat
991 5302 1112 5374 haec
1146 5306 1440 5374 sententia
1479 5319 1617 5374 cum
1660 5303 1753 5358 his

149 5390 267 5445 qua:
302 5371 670 5447 sequuntur,
706 5371 801 5427 vel
846 5372 1171 5428 delendum
1203 5373 1347 5428 illud
1379 5374 1434 5441 ἦ,
1486 5373 1577 5430 vel
1616 5374 1753 5431 scri-

153 5446 406 5501 bendum
440 5443 496 5501 ἦ.

153 5443 407 5503 benduni
440 5443 496 5503 ἦ.

212 5524 319 5576 ὡς»
358 5508 681 5572 Τίτε-πνὸν·
718 5514 1001 5581 Quamvis
1032 5531 1154 5573 non
1187 5514 1341 5571 male
1373 5515 1433 5571 in
1465 5516 1637 5572 editis
1668 5516 1751 5572 le-

163 5596 309 5654 gatur
328 5596 383 5643 τό
402 5594 619 5664 πικρόν,
634 5588 914 5645 molestia
935 5587 1751 5659 occupationis,prwferenda

1866 4570 2197 4627 debitiones
2223 4575 2380 4638 sunt,
2407 4570 2511 4626 sed
2539 4570 2948 4642 epistolarum.
2971 4572 3357 4642 Quanquam,
3382 4587 3533 4643 quo-

1867 4658 2051 4716 modo
2081 4659 2313 4716 debitor
2344 4661 2437 4729 sit,
2471 4660 2707 4731 ignoro.
2742 4662 2990 4731 Semper
3019 4658 3179 4715 enim
3211 4659 3528 4731 epistolam

1865 4748 2047 4821 dedit,
2082 4753 2262 4823 atque
2283 4749 2441 4806 hanc
2465 4749 2693 4806 detulit.
2720 4748 2837 4806 Nisi
2860 4750 3013 4805 forte
3039 4752 3096 4804 et
3120 4749 3283 4822 apud
3307 4754 3361 4805 te
3384 4749 3531 4806 cele-

1867 4950 2065 5002 tamen
2090 4950 2320 5018 septem
2341 4946 2620 5003 codicum
2643 4951 2858 5001 mss.et
2880 4945 3157 5002 editionis
3182 4948 3531 5015 Haganoen-

1866 5018 1946 5072 sis
1970 5018 2285 5089 scriptura,
2313 5034 2500 5089 quam
2532 5018 2590 5072 in
2623 5022 2964 5073 contextum
2995 5018 3375 5089 induximus.

1934 5094 2047 5158 (70)
2090 5086 2696 5161 Κατακορεῖ-συνηθεία.
2749 5092 2857 5142 Pro
2901 5089 2993 5144 his
3026 5088 3272 5143 vocibus
3310 5086 3528 5161 legitur

1864 5166 2153 5235 κατακορέα
2177 5160 2237 5215 in
2268 5159 2440 5215 Coisl.
2472 5166 2743 5235 utroque,
2780 5162 2904 5215 Vat.
2932 5160 3200 5235 ethegio
3231 5159 3452 5235 primo.

1934 5230 2180 5301 (71)*ος
2210 5236 2341 5304 πρὸς
2366 5236 2475 5302 μέν.
2511 5230 2947 5304 CoileprImus
2978 5233 3100 5304 όσον
3122 5235 3250 5303 πρὸς
3278 5232 3389 5301 μέν.

1934 5305 2045 5383 (72)
2084 5301 2420 5383 Todrqiydp.‘
2462 5302 2651 5383 Editio
2678 5301 3048 5383 Parisiensis.
3094 5301 3173 5353 Ἐν
3205 5303 3366 5383 τούτω
3397 5301 3522 5383 γαρ.

1865 5375 1975 5430 Sed
2010 5373 2553 5446 praepositiodeest
2581 5375 2642 5430 in
2689 5376 2959 5446 quinque
3006 5389 3150 5427 mss.
3184 5378 3240 5428 et
3273 5373 3524 5426 vetustis

1862 5445 2245 5501 editionibus.

1932 5518 2047 5587 (73)
2090 5522 2274 5570 Καίτοι
2306 5520 2479 5573 ποθεν.
2513 5516 2603 5575 Sic
2630 5533 2773 5573 mss.
2807 5514 2955 5571 Editi
2986 5518 3074 5565 καὶ
3109 5516 3162 5565 τό
3184 5515 3357 5569 πόθεν.

1930 5588 1947 5609 ’
1982 5587 2143 5649 Alias
2173 5591 2533 5648 CCCLXXIH.
2570 5589 2798 5661 Scripta
2826 5600 2988 5644 anno
3016 5588 3141 5644 364.
