4070 6194
571 277 675 332 287

1939 269 1997 325 S.
2039 265 2285 323 BASILII
2322 265 2561 322 MAGNI.

3808 265 3907 321 288

569 399 902 456 berrimum
944 396 1093 453 illud
1122 397 1533 470 quadruplum
1569 396 1796 469 primas
1826 393 2089 449 obtinet.‘
2116 394 2222 447 Ne-

2337 388 2588 461 τετραπλῆ
2639 386 2751 458 (74)
2796 386 3198 458 προτετίμηται.
3248 377 3390 435 Οὐδὲ
3439 382 3540 455 γὰρ
3604 382 3651 434 οἱ
3700 386 3910 458 Πυθαγό-

571 505 689 562 que
714 489 875 544 enim
903 487 1050 543 tanti
1077 486 1449 543 aastimavere
1479 489 1792 557 Tetractyn
1824 479 2220 555 Pythagorici,

570 577 781 650 quanti
817 592 980 633 nunc
1018 574 1430 647 quadruplum
1468 574 1574 646 qui
1618 574 1907 646 pecunias
1949 569 2223 642 publicas

571 666 880 738 colligunt.
920 668 982 720 Et
1012 664 1160 719 forte
1187 664 1553 719 contrarium
1582 663 1710 718 ﬁeri
1735 678 1845 734 par
1869 665 2010 729 erat,
2035 664 2099 713 ut
2119 657 2224 729 qui

571 755 839 828 sophista
867 769 951 819 es,
997 768 1067 807 ac
1116 756 1282 807 tanta
1331 751 1568 807 dicendi
1610 751 1787 823 copia
1817 748 2033 814 afﬂuis,
2077 746 2223 801 mihi

567 843 697 915 ipse
726 839 1071 913 quadruplo
1097 839 1387 895 solvendo
1417 839 1741 895 obstrictus
1775 853 1957 893 esses.
1983 840 2095 891 Nec
2127 850 2223 890 me

570 929 868 986 existimes
923 928 1053 982 haec
1098 932 1553 983 succensentcm
1608 926 1890 981 scribere.
1947 924 2226 979 Oblector

569 1018 731 1074 enim
754 1018 869 1073 tuis
892 1017 1071 1072 etiam
1099 1016 1698 1089 reprehensionibus;
1723 1014 2021 1087 siquidem
2042 1030 2075 1069 a
2098 1011 2226 1084 pul-

570 1106 727 1161 chris
766 1106 933 1161 aiunt
973 1106 1181 1161 omnia
1225 1122 1364 1160 cum
1392 1104 1853 1177 pulchritudinis
1884 1102 2225 1159 accessione

567 1194 695 1250 ﬁeri
719 1214 731 1262 ;
765 1195 917 1250 adeo
946 1199 1008 1250 ut
1031 1199 1087 1250 et
1114 1193 1315 1249 dolere
1346 1200 1401 1249 et
1428 1194 1603 1249 irasci
1632 1209 1755 1249 non
1786 1208 1890 1248 eos
1917 1191 2224 1247 dedeceat.

571 1283 871 1339 Libentius
922 1298 1066 1339 sane
1110 1282 1325 1339 viderit
1376 1283 1511 1355 quis
1545 1282 1808 1339 amicum
1839 1282 2224 1347 irascentem,

569 1389 757 1446 quam
800 1372 987 1428 alium
1030 1371 1349 1428 colentem.
1397 1375 1720 1444 Nunquam
1767 1371 1946 1441 igitur
1984 1369 2225 1425 desinas

568 1461 712 1518 talia
748 1461 1047 1517 incusare.
1099 1461 1326 1516 Litterae
1358 1461 1519 1517 enim
1552 1466 1725 1516 erunt
1755 1460 1905 1532 ipsa:
1945 1458 2225 1515 crimina-

568 1550 787 1619 tiones,
830 1550 1054 1623 quibus
1103 1550 1250 1606 mihi
1288 1550 1492 1605 nullus
1531 1565 1729 1606 sermo
1758 1549 1969 1620 carior,
2004 1548 2226 1621 quique

570 1640 866 1711 majorem
898 1640 1047 1696 ferat
1066 1638 1457 1711 voluptatem.

1116 1729 1457 1786 EPISTOLA
1495 1729 1675 1784 XXll'.

2331 498 2438 553 ριοι
2472 480 2580 550 (75)
2626 484 2875 530 τοσοῦτον
2929 478 3287 549 προετίμησαν
3338 477 3432 531 τὴν
3478 477 3769 548 τετρακτὺν,
3804 476 3909 530 ὅσον

2332 570 2380 619 οἱ
2409 575 2496 619 νῦν
2542 566 2825 639 ἐκλέγοντες
2875 566 2943 617 τὰ
2998 560 3240 636 δημόσια
3292 566 3387 620 τὴν
3435 562 3738 637 τετραπλῆν.
3794 570 3909 617 Καί.

2332 676 2473 729 τοιγε
2522 660 2646 717 ἴσως
2685 660 2742 710 τό
2792 655 3015 708 ἐναντίον
3074 654 3205 714 εἰκὸς
3258 648 3339 724 ᾖν,
3394 656 3648 724 σοφιστὴν
3677 657 3911 721 ἄντα,καὶ

2333 747 2651 820 εὐποροῦντα
2687 746 2852 817 λόγων
2882 746 3167 811 τοσούτων,
3209 742 3365 795 αὐτόν
3412 743 3536 813 ἡμῖν
3587 741 3657 804 εἰς
3706 746 3793 801 τὴν
3824 751 3910 794 τῶν

2332 834 2723 909 τετραπλασίων
2767 837 2965 886 ἔκτισιν
2997 833 3329 885 ὑποκεῖσθαι.
3381 834 3481 882 Καὶ
3510 833 3581 902 μὴ
3614 833 3723 882 οἶου
3766 837 3911 883 ταῦτα

2335 920 2784 998 δυσχεραίνοντας
2821 924 2958 994 ἡμᾶς
3007 922 3242 994 γράφειν.
3301 923 3483 993 Χαίρω
3537 920 3639 993 γάρ
3701 937 3789 970 σου
3836 924 3911 971 καὶ

2333 1020 2448 1075 ταῖς
2495 1014 2774 1086 μέμψεσιν·
2828 1008 3006 1069 ἐπειδὴ
3068 1018 3176 1072 τοῖς
3224 1007 3397 1069 καλοῖς
3452 1027 3581 1080 φασι
3611 1010 3776 1060 πάντα
3800 1011 3913 1080 μετὰ

2333 1110 2427 1165 τῆς
2459 1123 2550 1155 του
2590 1103 2750 1155 καλοῦ
2791 1103 3102 1175 προσθήκης
3148 1100 3407 1171 γίνεσθαι·
3462 1099 3595 1150 ὥστε
3642 1102 3733 1150 καὶ
3768 1096 3913 1159 λύπας

2336 1192 2509 1254 αὐτοῖς
2538 1198 2627 1245 καὶ
2671 1193 2827 1268 ὀργὰς
2874 1191 3171 1265 ἐπιπρέπειν
3198 1190 3329 1260 (76).
3379 1184 3564 1241 Ἥδιον
3601 1194 3728 1259 γοῦν
3767 1187 3820 1239 ἄν
3846 1206 3914 1249 τις

2334 1278 2446 1334 ἴδοι
2511 1282 2841 1357 ὁργίζόμενον
2922 1284 3011 1333 τὸν
3085 1279 3420 1351 ἀγαπώμενον
3485 1278 3514 1335 ἣ
3591 1278 3914 1351 θεραπεύοντα

2332 1374 2521 1446 ἕτερον.
2574 1377 2783 1431 Μήποτε
2822 1368 2909 1423 οὖν
2957 1369 3085 1442 ἀνῇς
3138 1367 3363 1440 ἐγκαλῶν
3400 1369 3466 1419 τὰ
3500 1373 3739 1421 τοιαῦτα.
3770 1368 3913 1439 Γράμο

2334 1481 2476 1535 ματα
2512 1464 2611 1534 γάρ
2673 1480 2773 1513 που
2831 1463 2980 1513 ἔσται
3028 1458 3163 1511 αὐτὰ
3211 1459 3279 1509 τὰ
3325 1455 3644 1528 ἐγκλήματα,
3701 1456 3767 1505 ὧν
3818 1453 3914 1527 ἐμοὶ

2335 1546 2486 1603 οὖδὶν
2538 1552 2786 1623 ἄκουσμα
2838 1554 3163 1622 τιμιώτερον,
3217 1542 3342 1598 οὐδε
3391 1544 3601 1598 πλείονα
3651 1543 3796 1619 φέρον
3840 1548 3914 1601 τὴν

2334 1636 2554 1699 ἡδονήν.

2885 1731 3222 1781 ΕΠΙΣΤΟΛΗ
3266 1723 3382 1779 ΚΗ.

569 1828 914 1885 Monasticw
944 1828 1080 1884 vitae
1114 1827 1318 1897 ofﬁcia
1350 1826 1605 1884 breviter
1629 1826 1873 1895 exponit
1895 1825 2160 1881 Basilius
2191 1840 2311 1881 non
2328 1828 2619 1897 appositis
2644 1827 2977 1897 Scriptura
3005 1824 3375 1895 testimoniis,
3408 1820 3512 1879 sed
3539 1820 3655 1878 hac
3672 1825 3917 1892 pertrac-

1637 1897 1812 1955 tandi
1831 1898 2072 1954 ratione
2097 1898 2159 1952 in
2187 1898 2364 1955 aliud
2395 1905 2627 1969 tempus
2652 1899 2869 1955 dilata.

880 1999 967 2055 De
982 1997 1354 2068 perfectione
1390 1998 1526 2053 vita:
1550 1998 1917 2053 monasticw.

646 2091 696 2143 i.
720 2086 896 2144 Multa
907 2104 1045 2143 cum
1060 2087 1198 2153 sint,
1213 2103 1349 2160 qua:
1362 2086 1646 2142 divinitus
1667 2086 1957 2157 inspirata
1976 2084 2226 2156 Scriptu-

571 2190 639 2233 ra
659 2176 750 2245 iis,
765 2177 869 2248 qui
893 2179 1009 2232 Deo
1024 2174 1925 2247 studentplacere,observanda
1937 2172 2224 2239 declarat;

572 2264 646 2321 de
663 2265 760 2322 his
784 2265 925 2320 solis
946 2266 1203 2334 interim,
1227 2265 1301 2320 de
1317 2264 1540 2337 quibus
1562 2279 1725 2319 nunc
1749 2263 1913 2335 apud
1942 2278 2045 2318 vos
2065 2277 2226 2317 com-

572 2358 741 2409 mota
756 2354 1007 2426 quaestio
1037 2358 1145 2422 est,
1168 2359 1232 2409 ut
1251 2353 1432 2408 didici
1453 2369 1525 2407 ex
1545 2353 1681 2425 ipsa
1706 2368 1877 2407 sacra
1901 2351 2221 2423 Scriptura,

567 2442 812 2499 brevem
842 2443 1320 2500 admonitionem
1352 2443 1470 2514 99
1502 2441 1798 2512 subjicere
1819 2439 2227 2497 necessarium

569 2548 706 2588 esse
733 2532 899 2601 duxi;
932 2532 1013 2588 ita
1047 2536 1108 2587 ut
1136 2532 1209 2588 de
1236 2548 1480 2605 quaque
1508 2547 1571 2587 re
1602 2530 2031 2605 testimonium,
2060 2529 2227 2585 haud

571 2638 717 2677 sane
761 2622 841 2677 ad
882 2604 1341 2694 percipiendum
1372 2620 1634 2689 difﬁcile,
1667 2604 2126 2690 agnoscendum
2155 2618 2226 2673 iis

568 2711 926 2783 relinquam,
952 2711 1052 2783 qui
1076 2711 1135 2766 in
1158 2710 1413 2780 legendo
1435 2717 1785 2765 exercentur
1816 2712 1871 2763 et
1897 2707 2046 2764 alios
2078 2707 2226 2762 sub-

568 2815 816 2856 monere
835 2803 1135 2872 poterunt.
1161 2802 1403 2872 Oportet
1431 2798 1938 2856 Christianumea
1967 2814 2103 2870 qua)
2129 2812 2228 2852 vo-

568 2890 803 2945 catione
854 2888 1077 2944 ccelesti
1122 2888 1307 2957 digna
1358 2892 1516 2953 sunt,
1567 2888 1806 2955 sentire,
1853 2902 1923 2942 ac
1974 2886 2225 2956 dignam

570 2977 893 3050 Evangelio
921 2977 1133 3035 Christi
1163 2977 1351 3033 vitam
1379 2976 1617 3046 degere.
1650 2980 1777 3033 Non
1808 2980 2041 3048 oportet
2067 2975 2226 3031 Chri-

567 3068 833 3125 stianum
864 3067 1068 3124 animo
1095 3068 1358 3138 evagari,
1401 3083 1598 3140 neque
1634 3067 1758 3123 ulla
1787 3082 1849 3122 re
1886 3083 1922 3123 a
1950 3066 2226 3122 recorda-

567 3157 726 3213 tione
744 3156 864 3227 Dei,
882 3158 1136 3229 ejusque
1149 3156 1504 3229 placitorum
1521 3162 1577 3213 et
1592 3157 1610 3226 j
1624 3156 1960 3212 udiciorum
1978 3155 2222 3211 abduci.

570 3246 811 3317 Oportet
840 3246 1267 3312 Christianum,
1294 3244 1753 3316 justiﬁcationes
1774 3245 1921 3316 legis
1949 3245 2010 3300 in
2037 3244 2227 3300 omni-

2585 2001 2713 2069 Περὶ
2751 1995 3067 2055 τελειότητος
3106 1994 3215 2066 (77)
3256 1992 3380 2066 βίου
3418 1998 3688 2065 μοναχῶν.

2411 2090 2458 2142 1.
2503 2084 2705 2139 Πολλῶν
2736 2090 2890 2137 ὄντων
2933 2093 3033 2137 τῶν
3078 2085 3178 2137 ὑπὸ
3222 2090 3311 2143 τῆς
3344 2084 3684 2135 θεοπνεύστου
3734 2083 3919 2152 Γραφῆς

2338 2171 2665 2248 δηλουμένων
2698 2177 2830 2242 (78),
2890 2183 2989 2226 τῶν
3046 2173 3435 2247 κατορθοῦσθαι
3488 2169 3791 2243 ὀφειλόντων
3826 2171 3919 2225 τοῖς

2336 2261 2724 2317 ἐσπουδακόσιν
2764 2264 3116 2339 εὐαρεστῆσαι
3160 2270 3234 2314 τῶ
3278 2266 3406 2333 Θεῷ,
3440 2265 3560 2335 περὶ
3608 2262 3777 2331 μόνων
3816 2260 3919 2314 τέως

2334 2362 2433 2406 τῶν
2499 2352 2581 2405 ἐπὶ
2640 2360 2731 2406 τοῦ
2797 2356 3054 2426 παρόντος
3107 2352 3415 2408 κινηθέντων
3470 2348 3597 2423 παρ’
3661 2348 3804 2420 ὑμῖν,
3859 2346 3919 2405 ὡς

2336 2444 2522 2515 ἔμαθον
2581 2441 2634 2505 ἐξ
2687 2442 2848 2503 αὐτῆς
2905 2450 2996 2503 τῆς
3046 2442 3383 2493 θεοπνεύστου
3432 2445 3660 2514 Γραφῆς,
3722 2434 3767 2487 ἐν
3815 2452 3917 2486 σνν-

2335 2551 2478 2604 τομῳ
2516 2532 2809 2604 ὑπομνήσει
2872 2531 3029 2583 εἰπεῖν
3086 2528 3381 2601 ἀναγκαίως
3421 2528 3809 2602 προεθυμήθην,
3837 2528 3917 2580 τὴν

2334 2627 2453 2695 περὶ
2500 2621 2722 2673 ἑκάστου
2762 2623 3056 2695 μαρτυρίαν
3112 2618 3363 2676 εὔληπτον
3418 2613 3579 2670 οὖσαν
3618 2612 3917 2683 καταλείψας

2336 2708 2694 2781 ἐπιγινώσκειν
2750 2717 2858 2772 τοίς
2914 2714 3034 2785 περὶ
3098 2712 3192 2766 τὴν
3256 2706 3547 2779 ἀνάγνωσιν
3597 2701 3919 2776 ἂπασχολον-

2335 2804 2521 2872 μένοις,
2591 2801 2776 2859 οἰτινες
2844 2801 3011 2850 ἱκανοὶ
3069 2799 3273 2850 ἔσονται
3330 2800 3417 2848 καὶ
3482 2794 3689 2870 ἑτέρους
3754 2794 3918 2862 ὑπομι-

2334 2894 2607 2961 μνήσκειν.
2650 2889 2771 2941 Ὀτι
2811 2885 2893 2941 δεῖ
2932 2892 3021 2941 τὸν
3068 2890 3381 2960 Χριστιανὸν
3425 2885 3545 2948 ἄξια
3584 2892 3684 2946 τῆς
3727 2883 3918 2957 ἐπουρα-

2333 2983 2443 3031 νίου
2474 2977 2702 3039 κλήσεως
2745 2984 2966 3052 φρονεῖν,
3017 2981 3109 3028 καὶ
3155 2975 3313 3040 ἀξίως
3349 2983 3441 3028 τοῦ
3482 2972 3798 3045 Εὐαγγελίου
3840 2975 3917 3021 τοῦ

2332 3076 2570 3145 Χριστοῦ
2625 3067 3011 3121 πολιτεύεσθαι.
3071 3066 3191 3119 Ὀτι
3238 3066 3297 3119 οὐ
3352 3063 3435 3118 δεῖ
3482 3068 3569 3117 τόν
3619 3062 3918 3138 Χριστιανὸν

2332 3159 2759 3232 μετεωρίζεσθαι,
2808 3153 2932 3209 οὐδὲ
2981 3155 3291 3229 ίιφελκεσθαι
3340 3156 3441 3207 ὑπό
3494 3172 3633 3215 τινος
3692 3152 3791 3205 ἀπὸ
3842 3156 3919 3207 τῆς

2332 3253 2537 3321 μνήμης
2576 3254 2668 3299 τοῦ
2737 3252 2895 3313 Θεοῦ,
2961 3250 3051 3297 καὶ
3109 3254 3208 3297 τῶν
3268 3244 3427 3296 αὐτου
3491 3242 3792 3315 θελημοίτων
3843 3241 3919 3290 καὶ

566 3333 683 3389 bus
714 3335 1260 3400 transcendentem,
1285 3350 1483 3406 neque
1495 3335 1722 3405 jurare,
1745 3351 1941 3407 neque
1964 3335 2220 3392 mentiri.

2337 3339 2618 3411 κριμοίτων.
2669 3334 2786 3388 Ὀτι
2841 3331 2924 3388 δεῖ
2980 3339 3067 3387 τὸν
3118 3336 3456 3407 Χριστιανὸν,
3521 3336 3794 3407 κρείττονα
3834 3336 3918 3380 τῶν

568 3425 695 3478 Non
709 3424 1399 3496 oportetblasphemare,
1414 3440 1539 3479 non
1556 3424 1920 3480 contumelia
1951 3424 2219 3480 afﬁcere:

567 3525 690 3567 non
715 3525 1006 3583 pugnare,
1037 3527 1158 3567 non
1189 3512 1579 3583 semetipsum
1599 3512 1822 3578 ulcisci,
1843 3527 1965 3567 non
1992 3512 2221 3569 malum

568 3617 677 3674 pro
698 3600 860 3657 malo
891 3600 1158 3667 reddere,
1184 3616 1305 3656 non
1332 3601 1528 3656 irasci.
1580 3603 1822 3672 Oportet
1858 3617 2223 3674 quacunque

566 3690 779 3747 laesum
821 3690 1043 3761 injuria
1090 3690 1417 3762 patientem
1464 3705 1618 3757 esse,
1658 3694 1836 3762 atque
1868 3691 2221 3763 tempestive

568 3796 705 3836 eum
728 3780 1521 3853 quilaasitredargueremon
1535 3780 1793 3850 propria:
1810 3778 2086 3835 vindictae
2102 3785 2222 3836 stu-

567 3867 689 3937 dio,
722 3868 829 3924 sed
870 3868 1255 3925 correctionis
1287 3868 1564 3924 fraternae
1595 3868 1931 3924 secundum
1960 3869 2220 3926 manda-

636 4010 657 4031 '
692 4009 851 4064 Alias
877 4012 1144 4082 CCCCXI.
1176 4010 1405 4082 Scripta
1438 4009 1667 4082 videtur
1695 4026 1856 4082 anno
1888 4014 2012 4067 364.

639 4082 749 4150 (74)
788 4081 1079 4154 Tag-puniti.
1115 4081 1460 4154 suspicatur
1485 4081 1877 4154 Gothofredus
1904 4082 2219 4154 tetraplam

568 4150 692 4207 sive
718 4150 1150 4225 quadruplum,
1179 4150 1253 4207 de
1270 4168 1405 4225 quo
1439 4152 1685 4208 Basilius
1714 4153 1773 4208 in
1800 4153 1913 4225 hac
1941 4150 2219 4225 epistola,

567 4238 699 4278 esse
730 4223 1085 4295 pensionem
1123 4223 1739 4296 quadrimenstruam,
1772 4224 1864 4279 vel
1892 4223 2225 4296 quadrupli

562 4309 803 4364 pmnam
836 4296 906 4350 ob
937 4310 1057 4351 non
1088 4297 1284 4350 soluta
1321 4296 1571 4359 tributa,
1604 4298 1697 4351 vel
1728 4299 1923 4365 potius
1954 4297 2025 4352 ob
2054 4312 2218 4365 supe-

570 4368 998 4423 rexactionem.
1047 4367 1161 4421 Sed
1189 4366 1379 4438 liquet
1417 4366 1513 4421 hic
1552 4366 1775 4422 litteras
1806 4383 1923 4423 non
1953 4367 2221 4423 redditas

566 4452 704 4510 cum
738 4438 970 4492 tributis
1011 4454 1134 4493 non
1176 4438 1385 4510 solutis
1423 4439 1796 4510 comparari;
1824 4440 2029 4510 sicque
2063 4440 2221 4494 Basi-

563 4507 714 4563 lium
745 4524 882 4563 cum
910 4511 1149 4564 Leontio
1169 4509 1380 4579 jocari,
1413 4507 1595 4581 quasi
1620 4509 1667 4563 is
1694 4507 2105 4581 quadruplum
2133 4510 2220 4566 lit-

564 4525 714 4563 uum
745 4525 882 4563 cum
910 4525 1149 4564 Leontio
1169 4525 1380 4579 jocari,
1413 4525 1590 4634 quam
1620 4526 1667 4563 lS
1694 4525 2105 4581 quadruplum
2133 4525 2219 4566 ut-

564 4582 828 4660 terarum
848 4587 1201 4660 reposceret,
1220 4586 1281 4634 ut
1296 4596 1419 4660 qua
1468 4579 1707 4660 ruplum
1727 4580 2065 4660 debitorum
2080 4586 2219 4637 tunc

650 4651 800 4722 ssim
838 4651 1289 4722 reposcebatur.
1317 4651 1820 4722 ‘Lucemralferet
1862 4653 2216 4707 Ammianus

610 4665 800 4705 aSSlm
838 4665 1289 4722 reposcebatur.
1351 4665 1565 4706 Lucem
1613 4665 1820 4706 aueret
1862 4665 2216 4707 ammianus

562 4666 969 4789 Biarcellinus,
1001 4738 1123 4793 quo
1167 4728 1331 4791 teste,
1366 4721 1673 4778 Petronius
1704 4737 1873 4778 socer
1925 4723 2213 4780 Valentis:
2244 4701 2289 4755 D

565 4793 665 4848 Ad
692 4792 1167 4849 nudandos’sine
1203 4794 1560 4850 discretione
1597 4800 1839 4849 cunctos
1876 4796 2216 4851 immaniter

560 4866 857 4934 flagrans,
876 4870 1147 4920 nocentes
1159 4866 1397 4932 pariter
1415 4873 1469 4921 et
1491 4867 1752 4921 insontes
1774 4872 1901 4934 post
1922 4868 2223 4936 exquisita

564 4941 855 4991 tormenta
881 4936 1214 5006 quadrupli
1240 4937 1491 4991 nexibus
1523 4937 1839 5003 vinciebat,
1871 4937 2067 4993 debita
2087 4940 2220 5006 jam

563 5007 705 5063 inde
725 5022 762 5062 a
788 5007 1150 5075 temporibus
1177 5008 1466 5076 principis
1492 5008 1809 5062 Aureliani
1831 5016 2221 5076 perscrutans

566 5086 619 5135 et
656 5079 956 5149 impendio
986 5093 1258 5144 moerens,
1291 5079 1344 5133 si
1373 5094 1724 5149 quemquam
1756 5081 2102 5136 absolvisset
2132 5083 2221 5135 in-

562 5151 872 5223 demnem;
910 5148 1016 5204 lib.
1052 5164 1225 5223 xxv1,_
1259 5148 1394 5223 capi
1423 5154 1475 5205 6.
1518 5152 1617 5205 Est
1647 5165 1790 5223 ergo
1811 5150 2221 5223 quadruplum

561 5221 677 5277 hoc
717 5221 851 5295 loco
897 5219 1595 5295 non_quadrimenstrua
1619 5219 1853 5295 pensio,
1886 5237 2009 5295 non
2050 5219 2223 5295 supe-

560 5294 838 5359 rexactio,
872 5291 978 5347 sed
1015 5291 1377 5359 debitorum,
1414 5306 1547 5359 quae
1580 5291 1773 5348 so1uta
1817 5308 1939 5347 non
1988 5291 2225 5350 fuerant

561 5364 818 5445 crudelis
843 5364 1168 5445 inquisitio,
1201 5368 1258 5419 et
1284 5362 1607 5435 quadrupli
1629 5370 1811 5434 paena
1834 5364 1946 5427 his,
1972 5365 2076 5436 qui
2099 5381 2223 5421 non

564 5436 886 5503 solverant,
924 5434 1237 5506 imposita.

634 5509 747 5575 (75)
781 5503 1124 5580 Αῌνυθαγόριοι.
1172 5509 1251 5561 Ita
1300 5503 1479 5580 Harii,
1530 5503 1705 5580 Coisl.
1747 5504 1979 5576 primus
2028 5512 2085 5562 et
2122 5507 2223 5564 alii

561 5577 841 5634 nonnulli
868 5575 1008 5635 cum
1050 5577 1352 5635 Clemente
1390 5575 1583 5642 Alex.,
1626 5575 1844 5633 Strom.
1874 5594 1914 5647 ι,
1948 5593 2009 5651 p.
2037 5582 2141 5636 303
2170 5584 2225 5637 et

2333 3429 2467 3478 κατὰ
2530 3429 2617 3477 τὸν
2675 3430 2828 3497 νόμον
2897 3420 3268 3496 δικαιωμάτων
3333 3426 3603 3495 γενόμενον
3667 3420 3720 3473 ἐν
3782 3425 3916 3481 πᾶσι,

2332 3522 2463 3588 μήτε
2494 3514 2718 3587 ὀμνύειν,
2766 3519 2898 3586 μήτε
2944 3509 3258 3583 ψεύδεσθαι.
3302 3510 3424 3579 Ὀτι
3471 3510 3529 3563 οὐ
3570 3506 3655 3563 δεῖ
3701 3508 3921 3583 βλασφη-

2329 3611 2462 3676 μεῖν-
2514 3605 2596 3655 ὅτι
2642 3602 2699 3654 οὐ
2747 3598 2829 3654 δεῖ
2878 3600 3129 3673 ὑϐρίζειν,
3170 3602 3248 3653 ὅτι
3286 3599 3345 3652 οὗ
3398 3596 3480 3651 δεῖ
3516 3600 3814 3671 μάχεσθαι·
3852 3597 3917 3646 ὁτι

2330 3692 2389 3745 οὗ
2430 3688 2511 3744 δεῖ
2541 3691 2719 3744 ἑαυτὸν
2752 3687 2999 3742 ἐκδικεῖν·
3031 3692 3112 3743 ὅτι
3152 3690 3210 3742 οὐ
3261 3686 3343 3742 δεῖ
3389 3691 3548 3741 κακόν
3602 3686 3724 3740 ἀντὶ
3776 3690 3918 3739 κακοῦ

2331 3776 2666 3833 ἀποδιδόναι·
2702 3781 2781 3833 ὅτι
2817 3779 2875 3831 οὐ
2923 3775 3008 3831 δεῖ
3051 3778 3379 3854 ὀργίζεσθαι.
3434 3776 3555 3829 Ὀτι
3611 3773 3699 3829 δεῖ
3747 3791 3922 3848 μακρο-

2332 3873 2530 3943 θυμεῖν,
2563 3877 2662 3922 πᾶν
2704 3870 2817 3941 (79)
2868 3869 3040 3921 ὁτιουν
3085 3871 3385 3940 πάσχοντα,
3430 3873 3519 3919 καὶ
3566 3866 3803 3939 ὒιέγχειν
3853 3861 3924 3917 εὖ·

2330 4016 2459 4069 304.
2496 4012 2671 4085 Coisl.
2719 4011 3025 4085 secundus
3066 4012 3411 4085 Πυθαγόρεοὲ
3437 4008 3625 4085 _quod
3668 4008 3927 4085 positum

2329 4099 2528 4141 errore
2556 4082 2780 4139 librarii
2807 4098 2917 4154 pro
2947 4081 3325 4155 Πυθαγόραιοι.
3373 4081 3526 4155 Εᾴίῖἱ
3569 4081 3930 4155 Πυθαγόρειοι.

2399 4156 2520 4236 (ςῑβ).
2552 4153 3385 4236 ’[Ξπιπρέπέιν.,Μυμσᾳρῐίοι-
3449 4153 3577 4236 haec
3642 4153 3932 4236 scriptura

2330 4223 2555 4282 codicis
2584 4223 2745 4298 Regii
2767 4225 2942 4301 primi
2963 4231 3020 4282 et
3043 4223 3444 4298 Bigotfquam
3468 4224 3718 4295 vulgata
3745 4223 3927 4294 ἐπιτρέ-

2327 4317 2458 4352 πειν.

2400 4370 2509 4441 (77)
2551 4372 2675 4442 Περὶ
2729 4367 3307 4442 τελειότητοςηΕΧΞῐᾷῐ-
3328 4367 3424 4423 hic
3452 4365 3678 4442 titulus
3707 4365 3771 4442 in
3815 4377 3930 4442 uno

2327 4432 2634 4516 ex‘Regiis:
2658 4440 2969 4516 codicibus
3000 4446 3057 4516 et
3077 4439 3135 4494 in
3160 4438 3338 4516 Coisl.
3375 4437 3745 4516 pri_mo,n_is_i_
3770 4432 3932 4516 quod

2326 4511 2385 4567 iu
2415 4508 2591 4583 Coisl.
2620 4510 2835 4583 legitur
2886 4508 3199 4583 perendini}.
3237 4508 3430 4583 AAlitér
3470 4513 3541 4583 in,
3570 4508 3933 4583 Coisliniano

2330 4582 2597 4638 secundo
2627 4578 2904 4637 et'tribus
2936 4599 2972 4638 a
3000 4580 3360 4638 Combefisio
3384 4580 3610 4636 citatis:
3657 4578 3932 4650 ἀνεπίγραο

2329 4674 2444 4727 φος.
2465 4658 2660 4734 ,Κανών
2692 4652 2912 4734 ἀκριϐῂς
2942 4661 3037 4715 τῆς
3074 4655 3209 4734 κατὰ
3250 4656 3311 4734 τό
3352 4652 3662 4734 Εὐαγγέλιον
3683 4658 3782 4734 τοιξ
3812 4657 3937 4720 Χρι-

2326 4724 2423 4779 τοῦ
2455 4724 3063 4789 ἀσκητικῆςπολιτιίας,
3108 4725 3254 4781 Sine
3288 4724 3699 4793 inscriptione.
3744 4725 3937 4777 Accu-

2331 4803 2468 4853 rala
2505 4798 2719 4866 regula
2763 4798 3006 4854 ascetici
3036 4795 3363 4853 secundum
3393 4795 3624 4852 Christi
3657 4794 3937 4861 Evange-

2334 4870 2478 4925 lium
2504 4870 2788 4924 instituti.

2402 4940 2513 5011 (78)
2551 4939 2898 5012 Δηλουμένων.
2959 4941 3094 4994 Post
3148 4938 3306 5012 hanc
3356 4934 3818 5012 voc_em_delevi
3852 4937 3941 5012 καὶ

2330 5005 2679 5066 auctoritate
2719 5005 2859 5066 'cod.
2915 5013 3057 5078 Reg.
3116 5015 3173 5064 et
3216 5010 3402 5078 Bigot.
3456 5006 3642 5064 Paulo
3692 5011 3845 5079 post
3884 5005 3941 5059 in

2331 5081 2504 5138 Coisl.
2536 5082 2807 5137 secundo
2849 5087 2905 5137 et
2948 5097 3070 5136 uno
3108 5097 3181 5137 ex
3225 5080 3419 5149 Regiis
3460 5080 3508 5132 ἐν
3540 5084 3788 5150 συντόμῳ
3818 5079 3945 5150 ὑπο-

2329 5161 2528 5226 μνῆσαι
2584 5154 2967 5226 προεθυμήθην.
3035 5155 3098 5207 ln
3165 5147 3360 5226 primb
3418 5150 3592 5206 Coisl.
3638 5147 3833 5226 deest,
3875 5147 3946 5199 εἰ·

2330 5220 2460 5289 ξτεῖν,
2513 5220 2676 5279 unde
2722 5220 2935 5295 conjici
2972 5220 3182 5295 posset
3221 5223 3380 5277 hanc
3419 5237 3631 5295 vocem
3661 5220 3946 5276 additam

2330 5295 2533 5381 luisse,
2565 5294 2890 5368 postquam
2909 5294 3137 5351 librarii
3156 5299 3485 5366 posuerant
3513 5294 3819 5364 ὑπομνήσει
3841 5306 3949 5363 pro

2330 5376 2532 5425 ὑπομνῆ
2545 5386 2655 5422 σαι.

2401 5388 2532 5509 ἴέῖἧη
2545 5388 2681 5491 ῖιαέξο.
2726 5439 2851 5509 Duo
2880 5453 3004 5509 mss
3033 5439 3271 5493 πάντοτε.
3303 5433 3486 5494 Paulo
3505 5437 3644 5508 post
3666 5432 3867 5488 ἑαυτοῦ
3890 5432 3952 5490 in

2333 5507 2573 5566 duobus
2602 5508 2816 5579 Regiis.
2852 5508 3003 5566 Editi
3034 5509 3213 5564 αὐτοῦ.
