4102 6194
209 238 321 294 289

1250 230 1741 289 EPISTOLARUM
1779 227 2061 287 CLASSIS
2099 231 2142 286 Ι.
2171 231 2383 290 EPIST.
2425 234 2579 291 XXII.

3487 243 3593 300 290

210 365 413 436 καίρως
469 361 558 411 τὸν
601 352 910 423 ἀδικοῦντα,
950 354 1010 409 οὔ
1059 359 1161 429 μὴν
1218 355 1266 409 ἐν
1317 359 1472 411 πάθει
1516 364 1611 419 τῆς
1640 356 1824 409 ἑαυτοῦ

1945 357 2065 410 tum
2113 356 2369 413 Domini.
2402 361 2531 415 Non
2579 363 2817 431 oportet
2873 360 2937 418 in
2993 362 3307 420 absentem
3346 363 3591 422 fratrem

213 446 573 518 ἐκδικήσεως,
605 446 715 499 ἀλλ’
747 445 795 498 ἓν
840 444 1093 519 ἐπιθυμίᾳ
1142 454 1235 509 τῆς
1278 455 1369 500 τοῦ
1409 444 1632 518 ἀδελφοῦ
1673 443 1824 519 διορ-

216 542 448 609 θώσεως,
491 540 629 590 κατά
672 541 769 595 τὴν
807 534 1016 593 ἐντολὴν
1068 543 1160 588 τοῦ
1203 542 1419 610 Κυρίου.
1466 535 1585 589 Ὀτι
1638 537 1695 589 οὐ
1746 533 1830 589 δεῖ

212 632 349 681 κατὰ
378 627 602 689 ἀπόντος
633 622 860 698 ἀδελφοῦ
898 625 1059 697 λέγειν
1080 618 1141 678 δτι
1182 635 1359 697 σκοπῷ
1407 634 1499 679 τοῦ
1531 623 1826 679 διαϐάλλειν

212 719 394 783 αὐτόν,
427 719 552 792 ὅπερ
584 714 698 769 ἔστι
719 714 1032 782 καταλαλιά,
1062 714 1156 767 κᾶν
1189 714 1353 774 ἀληθῆ
1443 718 1509 768 τὰ
1544 715 1817 788 λεγόμενα.

212 808 333 860 Ὀτι
374 804 459 860 δεῖ
511 809 597 858 τόν
653 804 1048 858 καταλαλοῦντα
1103 801 1328 877 ἀδελφοῦ
1386 804 1823 880 ἀποστρέφεσθαι.

209 896 333 949 Ὀτι
360 896 423 949 οὗ
464 892 550 948 δεῖ
584 893 875 970 εὐτράπελα
899 896 1240 967 φθέγγεσθαι.
1268 893 1388 947 Ὀτι
1431 895 1489 947 οὐ
1532 891 1615 947 δεῖ
1650 894 1822 965 γελᾷν,

212 984 337 1039 οὐδέ
384 985 706 1057 γελοιαστῶν
758 982 1066 1056 ἀνέχεσθαι.
1123 983 1245 1036 Ὀτι
1277 984 1335 1036 οὐ
1376 980 1460 1037 δεῖ
1508 982 1823 1057 ἀργολογεῖν,

210 1074 468 1127 λαλοῦντά
492 1094 567 1142 τι,
589 1074 616 1126 ὁ
646 1078 779 1146 μήτε
804 1076 931 1147 πρὸς
962 1073 1204 1145 ὠφέλειαν
1235 1081 1335 1124 τῶν
1377 1071 1664 1126 ἀκουόντων
1691 1072 1825 1142 ἐστι,

208 1170 342 1237 μήτε
394 1168 529 1237 πρὸς
574 1168 668 1222 τὴν
724 1161 1011 1234 ἀναγκαίαν
1050 1167 1140 1215 καὶ
1194 1168 1672 1237 συγκεχωρημένην
1702 1164 1827 1235 ἡμῖν

209 1256 309 1306 ὑπό
342 1255 457 1325 (80)
487 1262 583 1307 τοῦ
616 1259 751 1307 Θεοῦ
798 1257 986 1326 χρείαν
1012 1269 1024 1282 ·
1083 1253 1219 1305 ὥστε
1256 1257 1345 1305 καὶ
1382 1256 1505 1313 τοὺς
1535 1252 1825 1327 ἐργαζομέ-

211 1364 329 1405 νους
380 1339 727 1406 σπουδάζειν,
782 1342 900 1394 καθ’
953 1343 1073 1394 ὅσον
1123 1338 1367 1409 δυνατόν,
1419 1344 1550 1414 μετὰ
1595 1343 1829 1413 ἡσυχίας

208 1432 537 1508 ἕργάζεσθαι
558 1448 573 1462 ⁸
618 1436 711 1483 καὶ
758 1431 945 1491 αὐτοὺς
986 1428 1044 1483 δε
1073 1434 1196 1491 τοὺς
1238 1429 1464 1502 ἀγαθοὺς
1492 1430 1676 1501 λόγους
1705 1434 1829 1505 πρὸς

210 1522 433 1584 ἐκείνους
461 1529 643 1589 κινεῖν,
677 1524 797 1583 τοὺς
841 1524 1281 1594 πεπιστευμένους
1329 1522 1462 1593 μετὰ
1511 1517 1829 1593 δοκιμασίας

219 1614 515 1685 οἰκονομν
557 1616 647 1664 τὸν
676 1612 829 1683 λόγον
858 1614 986 1684 πρὸς
1031 1608 1313 1683 οἰκοδομὴν
1351 1620 1447 1671 τῆς
1479 1617 1717 1682 πίστεως,
1750 1613 1832 1663 ἶνα

1932 443 2272 517 quidquam
2298 446 2516 513 dicere,
2549 447 2709 504 illius
2741 450 3099 508 traducendi
3132 453 3593 527 consilio,quod

1933 533 2179 605 quidem
2208 535 2561 592 obtrectatio
2584 542 2697 604 est,
2730 539 2964 595 etiamsi
2995 557 3134 597 vera
3168 542 3285 599 sint
3333 559 3470 615 quae
3500 544 3591 599 di-

1934 629 2172 681 cuntur.
2215 626 2491 681 Aversari
2532 627 2606 682 de
2655 626 2836 683 fratre
2888 629 3303 687 detrahentem
3335 638 3589 703 oportet.

1937 713 2221 770 Scurrilia
2248 731 2373 771 non
2402 716 2784 788 proferenda.
2810 720 2938 773 Non
2960 719 3304 789 ridendum,
3328 737 3436 777 nec
3461 738 3591 794 per-

1934 801 2166 859 ferendi
2224 804 2484 861 dicaces.
2533 810 2661 863 Non
2710 806 3087 879 loquendum
3127 810 3336 880 otiose,
3364 812 3592 884 aliquid

1935 891 2319 963 proferendo,
2353 894 2521 966 quod
2567 911 2677 951 nec
2731 896 2810 953 ad
2858 897 3168 953 utilitatem
3217 898 3592 957 audientium

1937 981 2250 1053 pertineat,
2276 998 2387 1039 nec
2410 983 2489 1038 ad
2516 986 2926 1040 necessarium
2949 991 3006 1041 et
3030 1002 3387 1043 concessum
3417 988 3592 1043 nobis

1936 1084 1974 1125 a
2029 1072 2150 1125 Deo
2204 1087 2384 1127 usum
2419 1089 2433 1126 :
2468 1072 2622 1129 adeo
2678 1079 2742 1129 ut
2795 1078 2852 1129 et
2895 1074 3243 1132 laborantes
3289 1076 3590 1146 studeant,

1937 1165 2234 1230 quantum
2261 1159 2389 1216 fieri
2420 1166 2639 1232 potest,
2664 1162 2899 1219 silentio
2925 1163 3201 1221 laborare
3227 1185 3242 1233 ;
3272 1164 3469 1221 bonos
3489 1182 3592 1223 au-

1936 1251 2055 1303 tem
2084 1248 2252 1320 ipsos
2286 1266 2594 1306 sermones
2643 1251 2714 1306 iis
2762 1258 3129 1324 proponant,
3161 1254 3385 1325 quibus
3433 1270 3593 1311 com-

1936 1336 2190 1393 missum
2223 1343 2313 1394 est
2341 1338 2669 1410 prudenter
2707 1340 3065 1412 dispensare
3126 1358 3467 1399 sermonem
3512 1343 3593 1401 ad

1936 1425 2397 1483 aedificationem
2425 1427 2601 1494 ﬁdei;
2634 1444 2710 1484 ne
2758 1435 3003 1486 sanctus
3040 1430 3141 1485 Dei
3173 1431 3423 1503 Spiritus
3453 1431 3591 1487 affi-

1940 1515 2129 1571 ciatur
2157 1516 2408 1571 tristitia.
2450 1520 2579 1572 Non
2631 1522 2866 1590 oportet
2906 1524 2970 1573 ut
3021 1520 3349 1592 quisquam
3387 1536 3459 1575 ex
3486 1538 3591 1576 su-

1937 1605 2425 1676 pervenientibus
2455 1605 2641 1662 libere
2675 1608 2925 1664 accedat
2948 1607 3026 1663 ad
3047 1608 3298 1665 fratrum
3327 1610 3592 1682 aliquem

204 1707 276 1775 μὴ
303 1702 544 1761 λυπῆται
572 1704 630 1754 τὸ
676 1708 885 1773 Πνεῦμα
927 1703 983 1753 τὸ
1022 1700 1170 1771 ἅγιον
1202 1708 1294 1753 τοῦ
1321 1708 1476 1755 Θεοῦ.
1508 1699 1628 1753 Ὀτι
1653 1700 1711 1753 οὐ
1750 1697 1831 1754 δεῖ

1945 1696 2042 1749 aut
2069 1691 2463 1765 colloquatur,
2490 1699 2819 1767 antequam
2849 1694 2889 1750 ii
2910 1696 3134 1768 quibus
3165 1712 3312 1753 cura
3335 1697 3592 1771 discipli-

210 1801 313 1843 τῶν
354 1791 807 1866 ἐπεισερχομένων
834 1792 951 1841 τινὰ
1002 1788 1079 1841 ἐπ’
1115 1788 1353 1853 ἔξουσίας
1382 1788 1609 1861 ἐγγίζειν
1652 1790 1766 1861 (81)
1795 1791 1824 1848 ἢ

203 1880 383 1933 λαλεῖν
443 1900 549 1932 τινι
600 1888 701 1931 τῶν
748 1875 1004 1951 ἀδελφῶν,
1037 1884 1181 1953 πρὶν,
1235 1878 1296 1929 ἂν
1343 1880 1392 1931 οἱ
1444 1876 1830 1950 ἐπιτεταγμένοι

201 1975 297 2029 τὴν
329 1964 590 2043 φροντίδα
639 1975 735 2030 τῆς
781 1966 831 2019 ἕν
878 1973 1038 2020 πᾶσιν
1078 1966 1314 2030 εὐταξίας
1356 1964 1694 2040 δοκιμάσωσι
1724 1975 1829 2028 πῶς

206 2059 429 2132 ἀρέσκει
460 2067 577 2129 Θεῷ
604 2061 737 2133 πρός
762 2061 822 2110 τὸ
852 2065 995 2129 κοινῇ
1028 2061 1308 2133 συμφέρον.
1340 2056 1461 2110 Ὀτι
1505 2056 1563 2109 οὐ
1598 2053 1681 2109 δεῖ
1710 2060 1827 2129 οῖνῳ

202 2146 585 2202 δεδουλῶσθαι
609 2164 621 2177 ·
654 2150 771 2200 οὔτε
796 2151 916 2221 περὶ
957 2151 1086 2219 κρέα
1114 2145 1353 2219 ἐμπαθῶς
1390 2149 1530 2218 ἔχειν
1558 2163 1570 2176 ·
1605 2146 1827 2200 καθόλου

199 2243 322 2311 περὶ
352 2233 514 2290 οὐδὲν
565 2235 758 2309 βρῶμα
800 2237 829 2294 ἡ
876 2239 1022 2307 πόμα
1078 2232 1356 2308 φιλήδονον
1416 2237 1583 2288 εἶναι·
1639 2237 1665 2287 ό
1722 2238 1825 2309 γὰρ

198 2326 595 2399 ἀγωνιζόμενος
621 2328 793 2377 πάντα
821 2323 1209 2399 ὶγκρατεύεται.
1239 2324 1361 2377 Ὀτι
1390 2333 1489 2377 τῶν
1532 2320 1827 2397 διδομένων

199 2416 411 2487 ἑκάστῳ
456 2416 535 2478 εἰς
579 2420 781 2488 χρῆσιν
829 2410 981 2467 οὐδὲν
1030 2414 1100 2475 ὡς
1155 2410 1294 2467 ἴδιον
1345 2416 1485 2485 ἔχειν
1530 2410 1631 2479 δεῖ,
1666 2414 1695 2472 ἦ
1730 2432 1827 2464 τα-

194 2506 512 2578 μιεύεσθαιο
544 2503 594 2556 ἐν
620 2508 795 2575 μέντοι
822 2510 886 2575 τῇ
924 2499 1166 2576 φροντίδι
1193 2509 1355 2555 πᾶσιν
1387 2506 1451 2563 ὡς
1482 2500 1517 2555 δ
1522 2509 1829 2564 εσποτικοῖς

194 2597 568 2667 προσέχοντα,
600 2589 767 2665 μηδὲν
792 2599 892 2644 τῶν
928 2590 1429 2666 παραρριπτομίνων
1484 2592 1513 2650 ἡ
1549 2589 1827 2664 ἀμελουμέ-

196 2704 319 2751 νων,
352 2682 420 2733 ἂν
450 2682 589 2734 οὕτω
618 2684 788 2753 τύχη,
825 2686 1083 2756 παρορᾲν.
1109 2679 1231 2733 Ὀτι
1279 2682 1339 2734 οὐ
1387 2676 1491 2745 δεῖ,
1519 2683 1636 2733 οὔτε
1664 2680 1821 2733 αὐτὸν

200 2773 395 2826 ἑαυτοῦ
454 2773 639 2845 κύριον
678 2771 809 2822 εἶναι
856 2789 993 2838 τινα,
1052 2768 1158 2821 ἀλλ’
1191 2772 1257 2830 ὡς
1312 2772 1413 2822 ὑπὸ
1469 2776 1603 2823 Θεοῦ
1662 2789 1828 2843 παρα-

201 2858 495 2933 δεδομένον
528 2859 601 2921 εἰς
630 2855 870 2911 δουλείαν
899 2865 1010 2919 τοῖς
1048 2858 1351 2931 όμοψύχοις
1397 2855 1659 2931 ἀδελφοῖς,
1694 2859 1829 2911 οὕτω

201 2956 297 3003 καὶ
324 2955 536 3023 φρονεῖν
581 2950 755 3002 πάντα
792 2952 884 3001 καὶ
940 2954 1123 3020 ποιεῖν,
1157 2948 1374 3002 ἕκαστον
1407 2944 1466 3001 δε
1512 2946 1561 3000 ἓν
1602 2955 1676 3020 τῷ
1709 2943 1829 3020 ἰδίῳ

201 3042 471 3113 τάγματι·

280 3222 336 3275 2.
374 3217 502 3270 Ὀτι
547 3215 607 3269 οὗ
661 3212 746 3269 δεῖ
794 3216 1097 3289 γογγύζειν,
1143 3218 1262 3269 οὔτε
1304 3214 1353 3269 ἓν
1400 3223 1462 3288 τῇ
1508 3220 1833 3289 στενοχωρίᾳ

207 3315 315 3361 τῶν
367 3309 506 3381 πρὸς
562 3310 658 3365 τήν
728 3311 960 3381 χρείαν,
1028 3309 1142 3358 οὔτε
1208 3304 1257 3357 ἓν
1322 3312 1395 3376 τῷ
1460 3308 1679 3379 καμάτῳ
1732 3314 1831 3359 τῶν

205 3389 403 3469 ἔργον,
470 3394 702 3468 ἐχόντων
751 3398 812 3448 τό
851 3401 1017 3469 κρῖμα
1071 3398 1191 3469 περὶ
1223 3394 1444 3448 ἑκάστου
1512 3402 1611 3448 τῶν
1669 3393 1834 3449 ἔπιτε.

210 3489 491 3558 ταγμένων
552 3485 666 3555 (82)
726 3490 821 3543 τὴν
881 3486 1072 3537 τούτων
1134 3482 1397 3547 ἐξουσίαν.
1459 3483 1579 3537 Ὀτι
1635 3484 1694 3536 οὐ
1754 3482 1836 3538 δεῖ

216 3579 462 3648 κραυγὴν
491 3574 757 3645 γίνεσθαι,
816 3576 933 3626 οὔτε
976 3572 1099 3625 ἄλλο
1160 3592 1212 3625 τι
1263 3581 1475 3646 σχῆμα,
1533 3574 1561 3632 ἦ
1617 3577 1832 3646 κίνημα,

222 3662 276 3716 ἐν
324 3663 364 3733 ᾧ
411 3663 869 3738 χαρακτηρίζεται
923 3664 1107 3736 θυμός,
1135 3664 1164 3721 ᾖ
1208 3666 1559 3737 μετεωρισμός
1609 3661 1708 3716 ἀπὸ
1739 3671 1837 3725 τῆς

213 3752 581 3826 πληροφορίας
606 3760 697 3805 τοῦ
727 3759 969 3827 παρεῖναι
998 3755 1085 3804 τὸν
1112 3756 1260 3807 Θεόν.
1293 3750 1414 3804 Ὀτι
1457 3748 1541 3804 δεῖ
1584 3760 1644 3825 τῇ
1675 3756 1837 3825 χρείᾳ

216 3848 539 3914 συμμετρεῖν
584 3845 678 3898 τήν
728 3844 920 3913 φωνήν.
948 3840 1071 3893 Ὀτι
1118 3840 1177 3893 οὐ
1229 3837 1314 3894 δεῖ
1342 3841 1627 3913 θρασέωςῆ
1668 3861 1836 3894 κατα-

213 3938 547 4005 φρονητικῶς
582 3948 687 3981 τινι
744 3928 1138 4003 ἀποκρίνεσθαι,
1199 3930 1228 3989 ἦ
1283 3936 1449 3982 ποειῖν
1505 3949 1578 4001 τι,
1640 3928 1748 3982 ἀλλ’
1790 3932 1838 3983 ἕν

211 4026 352 4073 πᾶσι
410 4022 471 4071 τό
527 4017 745 4080 ἐπιεικὲς
813 4024 903 4072 καὶ
974 4022 1033 4072 τὸ
1087 4022 1364 4092 τιμητικὸν
1442 4023 1571 4094 πρὸς
1640 4021 1840 4083 πάντας

212 4105 500 4164 δεικνύειν.
545 4107 668 4161 Ὀτι
707 4108 765 4161 οὐ
816 4105 901 4162 δεῖ
946 4107 1157 4163 ὶννεύειν
1197 4107 1446 4182 ὀφθαλμῷ
1475 4111 1607 4181 μετὰ
1659 4105 1838 4178 δόλου,

214 4201 242 4258 ἡ
458 4202 567 4251 τινὶ
601 4203 850 4270 σχήματι
890 4199 920 4257 ἦ
974 4204 1224 4271 κινήματι
1276 4198 1457 4271 μέλους
1513 4201 1840 4272 κεχρῆσθαι,

212 4288 238 4340 ὃ
278 4288 443 4341 λυπεῖ
489 4290 582 4339 τὸν
636 4284 873 4359 ἀδελφόν,
932 4288 963 4347 ἦ
1004 4291 1393 4363 καταφρόνησιν
1443 4286 1695 4361 ἐμφαίνει.
1722 4287 1843 4341 Ὀτι

214 4378 273 4429 οὐ
347 4373 441 4429 δεῖ
494 4375 922 4437 καλλωπίζεσθαι
980 4376 1032 4429 ἐν
1114 4378 1340 4449 ἱματίοις
1391 4377 1420 4435 ἦ
1476 4373 1840 4449 ὑποδήμασιν,
1874 4415 1918 4470 D

220 4469 350 4543 ὅπερ
403 4464 521 4519 ἐστι
578 4470 875 4541 περπερεία.
943 4464 1065 4519 ’Ὀτι
1127 4463 1211 4519 δεῖ
1267 4466 1491 4519 εὐτελέσι
1542 4468 1844 4539 κεχρῆσθαι

216 4564 328 4619 τοῖς
358 4560 497 4631 πρὸς
544 4559 639 4613 τὴν
668 4560 855 4628 χρείαν
885 4562 977 4607 τοῦ
1029 4561 1287 4628 σώματος.
1337 4554 1459 4607 Ὀτι
1490 4554 1549 4607 οὐ
1602 4552 1683 4607 δεῖ
1712 4557 1841 4631 ὑπερ

218 4653 313 4705 τήν
378 4650 577 4717 χρείαν
624 4650 714 4697 καὶ
768 4648 903 4717 πρὸς
969 4641 1246 4716 δαψίλειαν
1313 4643 1608 4697 ἀναλίσκειν
1668 4641 1839 4716 οὐδὲν,

220 4737 346 4809 ὅπερ
410 4734 530 4787 ἐστὶ
578 4736 949 4807 παράχρησις.
980 4733 1101 4786 Ὀτι
1130 4734 1189 4786 οὑ
1240 4730 1321 4787 δεῖ
1349 4738 1503 4806 τιμὴν
1558 4733 1839 4802 ἐπιζητεῖν,

222 4828 250 4884 ἡ
304 4829 585 4899 πρωτείων
642 4822 1046 4879 ἀντιποιεῖσθαι.
1086 4822 1209 4876 ’Ὀτι
1254 4820 1338 4877 δεῖ
1386 4825 1605 4876 ἕκαστον
1662 4842 1844 4899 προτι-

223 4920 325 4986 μᾲν
367 4915 568 4967 ἑαυτοῦ
605 4916 825 4974 πάντας.
856 4912 979 4965 Ὀτι
1034 4913 1093 4965 οὐ
1144 4909 1231 4965 δεῖ
1285 4912 1639 4965 ἀνυπότακτον
1692 4912 1842 4967 εἶναι.

221 5004 341 5058 Ὀτι
374 5003 437 5057 οὐ
470 5000 559 5057 δεῖ
604 5000 766 5079 ἀργόν
796 5002 989 5056 ἐσθίειν
1033 5006 1121 5056 τὸν
1170 5001 1489 5077 ἔργάζεσθαι
1538 5000 1841 5076 δυνάμενον,

294 5185 416 5255 (80)
452 5182 609 5255 '11,qu
635 5181 757 5235 ὑπὸ.
787 5184 885 5238 Hae
916 5181 1053 5255 duae
1101 5196 1282 5238 voces
1311 5180 1531 5255 addita:
1558 5196 1635 5255 ex
1667 5181 1843 5255 coisl.

227 5253 606 5343 secundo'et
630 5269 753 5309 uno
790 5268 864 5309 ex
894 5253 1108 5324 Regiis.
1153 5255 1280 5309 Duo
1320 5253 1587 5310 Combef.
1619 5254 1848 5311 habent

229 5348 359 5463 ψίέ
369 5346 707 5469 Suggen”
720 5438 757 5469 ._
773 5394 1024 5451 Additur
1053 5398 1191 5468 ἔχειν
1214 5396 1275 5451 in
1300 5394 1560 5469 duobus_
1573 5395 1842 5453 Combef.

232 5476 287 5526 et
314 5467 805 5528 Coisl.‘Secundo
835 5472 892 5523 et
920 5483 1042 5523 uno
1072 5467 1143 5523 ex
1189 5468 1403 5538 Regiis.
1452 5467 1567 5525 Sed
1615 5483 1687 5524 ea
1732 5484 1848 5524 vox

234 5556 357 5600 non
386 5540 613 5614 legitur
650 5540 717 5598 in
757 5538 1193 5612 antiquissimis
1232 5538 1563 5612 codicibus,
1594 5554 1705 5597 nec
1746 5554 1849 5597 ne-

1937 1797 2030 1837 nae
2059 1781 2120 1836 in
2147 1781 2431 1837 omnibus
2458 1782 2772 1838 servandae
2794 1784 3119 1841 commissa
3148 1792 3252 1856 est,
3289 1786 3592 1859 expende-

1937 1871 2055 1926 rint
2082 1886 2159 1926 an
2187 1870 2269 1926 ita
2300 1870 2534 1942 placeat
2568 1874 2708 1941 Deo,
2752 1878 2815 1929 ut
2869 1873 3000 1929 aliis
3058 1874 3350 1945 prodesse
3382 1876 3591 1947 possit.

1937 1962 2065 2015 Non
2091 1965 2327 2031 oportet
2370 1959 2512 2017 vino
2541 1960 2848 2033 inservire,
2904 1978 3104 2034 neque
3160 1964 3359 2019 carnis
3408 1964 3595 2021 teneri

1936 2048 2261 2117 desiderio,
2290 2064 2401 2105 nec
2432 2048 2553 2105 ullo
2582 2066 2830 2123 prorsus
2880 2051 2941 2106 in
2986 2051 3122 2108 cibo
3170 2057 3273 2109 aut
3319 2057 3466 2125 potu
3495 2069 3594 2110 vo-

1934 2135 2228 2209 luptatem
2258 2153 2562 2210 quaerere;
2586 2154 2731 2195 nam
2760 2139 2866 2212 qui
2906 2145 3110 2208 certat,
3146 2146 3343 2197 servat
3372 2147 3595 2214 tempe-

1936 2226 2195 2282 rantiam
2228 2226 2290 2282 in
2348 2227 2657 2284 omnibus.
2716 2228 2871 2284 Nihil
2917 2245 3127 2286 eorum
3180 2245 3318 2302 quae
3369 2230 3596 2289 utenda

1936 2316 2262 2388 unicuique
2294 2315 2633 2385 traduntur,
2662 2322 2901 2390 oportet
2930 2318 3151 2375 habere
3174 2324 3237 2375 ut
3256 2320 3591 2392 proprium,

1936 2409 2040 2462 aut
2062 2420 2371 2462 reservare
2397 2423 2410 2475 ;
2444 2405 2551 2461 sed
2583 2410 2785 2462 tamen
2816 2406 2985 2479 quod
3010 2412 3239 2480 spectat
3277 2408 3356 2464 ad
3386 2424 3595 2465 curam

1938 2499 1994 2551 et
2019 2494 2510 2562 sollicitudinem,
2533 2494 2837 2567 omnibus,
2873 2502 2938 2552 ut
2966 2496 3043 2552 ad
3072 2498 3394 2553 Dominum
3424 2498 3597 2569 perti-

1936 2583 2240 2651 nentibus,
2264 2584 2695 2651 attendentem,
2728 2584 2875 2641 nihil
2905 2601 3115 2641 eorum
3155 2602 3292 2659 quae
3332 2588 3599 2659 projecta

1938 2679 2043 2731 aut
2070 2672 2344 2743 neglecta
2373 2680 2532 2746 sunt,
2571 2674 2621 2730 si
2650 2675 2732 2731 ita
2761 2675 3065 2741 acciderit,
3098 2677 3421 2749 praeterire.
3467 2681 3597 2734 Non

1937 2766 2172 2835 oportet
2192 2778 2568 2835 quemquam
2626 2763 2721 2819 vel
2764 2764 3049 2836 suiipsius
3096 2765 3413 2821 dominum
3438 2782 3591 2836 esse,

1938 2851 2045 2908 sed
2074 2850 2238 2919 velut
2288 2868 2325 2908 δ.
2371 2855 2491 2908 Deo
2524 2852 2813 2908 traditum
2843 2852 2905 2909 in
2937 2854 3282 2909 servitutem
3311 2853 3594 2910 fratribus

1938 2940 2265 3009 unanimis,
2298 2940 2381 2996 ita
2410 2946 2466 2997 et
2493 2941 2713 2997 sentire
2767 2942 2974 2999 omnia
3019 2946 3074 2999 et
3108 2941 3343 3011 facere;
3370 2958 3591 2999 unum-

1858 3056 1901 3113 ο
1941 3044 2245 3103 quemque
2275 3033 2480 3087 tamen
2504 3030 2567 3085 in
2595 3045 2708 3087 suo
2736 3030 2971 3088 ordine.

2012 3212 2064 3264 2.
2099 3211 2227 3265 Non
2257 3210 2492 3281 oportet
2516 3224 2918 3278 murmurare,
2948 3224 3061 3265 nec
3088 3208 3149 3265 in
3169 3224 3371 3265 rerum
3394 3224 3595 3266 neces-

1944 3297 2243 3353 sariarum
2262 3298 2579 3368 angustiis,
2604 3313 2715 3353 nec
2735 3299 2796 3353 in
2807 3314 3063 3370 operum
3089 3298 3594 3372 labore,quando-

1944 3386 2190 3459 quidem
2220 3386 2703 3460 unumquodque
2732 3386 2943 3458 judicii
2973 3391 3062 3443 est
3098 3403 3328 3455 eorum,
3373 3389 3595 3461 quibus

1946 3475 2272 3532 commissa
2289 3492 2489 3531 rerum
2510 3475 2750 3531 illarum
2772 3480 3058 3548 potestas.
3084 3480 3200 3533 Nec
3222 3476 3449 3533 clamor
3467 3477 3596 3534 ﬁeri

1945 3565 2144 3636 debet,
2174 3580 2284 3621 nec
2315 3566 2544 3637 quaevis
2575 3564 2695 3621 alia
2726 3566 2975 3637 species,
3005 3571 3110 3621 aut
3134 3571 3337 3622 motus
3368 3582 3440 3622 ex
3470 3582 3594 3639 quo

1946 3654 2314 3725 signiﬁcetur
2342 3654 2677 3725 iracundia,
2700 3660 2804 3710 aut
2834 3654 3021 3710 animi
3048 3654 3347 3711 aberratio
3376 3655 3455 3711 ab
3479 3656 3596 3711 hac

1946 3743 2363 3817 persuasione,
2381 3745 2568 3799 Deum
2582 3758 2711 3799 esse
2730 3748 3110 3815 praesentem.
3127 3745 3367 3815 Oportet
3386 3760 3595 3800 vocem

1946 3848 2065 3888 usu
2094 3832 2311 3888 metiri.
2330 3834 2457 3886 Non
2478 3836 2713 3904 oportet
2734 3830 3069 3903 petulanter
3087 3837 3188 3887 aut
3209 3832 3599 3904 contemptim

1949 3922 2236 3994 cuiquam
2265 3921 2653 3993 respondere,
2689 3926 2791 3977 aut
2814 3920 3152 3995 quidquam
3172 3921 3388 3989 facere,
3411 3922 3518 3979 sed
3534 3922 3598 3979 in

1951 4011 2235 4069 omnibus
2247 4011 2609 4067 modestiam
2622 4014 2802 4083 atque
2819 4011 3213 4067 reverentiam
3231 4026 3377 4082 erga
3386 4027 3599 4069 omnes

1952 4101 2288 4159 ostendere.
2321 4104 2450 4157 Non
2492 4100 2683 4157 oculis
2725 4100 3107 4156 innuendum
3138 4104 3227 4157 est
3254 4118 3394 4157 cum
3419 4102 3596 4169 dolo;

1952 4184 2209 4248 nec‘alia
2248 4189 2531 4263 quaelibet
2582 4189 2813 4261 species
2869 4191 3042 4261 100
3089 4189 3457 4262 adhibenda,
3497 4196 3601 4248 aut

1952 4279 2208 4337 membri
2236 4284 2433 4335 motus
2455 4278 2559 4351 qui
2592 4278 2759 4335 fratri
2791 4278 2996 4334 afferat
3022 4278 3316 4335 tristitiam
3335 4284 3438 4336 aut
3456 4296 3600 4336 con-

1952 4373 2249 4441 temptum
2286 4368 2525 4423 indicet.
2568 4369 2824 4424 Ornatus
2854 4367 2915 4423 in
2944 4367 3211 4423 vestibus
3240 4373 3344 4424 aut
3388 4368 3602 4426 calceis

1952 4460 2143 4533 quaeri
2163 4474 2285 4515 non
2306 4458 2511 4526 debet;
2533 4458 2699 4531 quod
2711 4456 2961 4530 quidem
2974 4473 3135 4513 vana
3154 4459 3472 4516 ostentatio
3492 4464 3601 4517 est.

1956 4550 2169 4606 Viliora
2189 4564 2447 4621 quaeque
2471 4547 2821 4604 adhibenda
2840 4546 2918 4603 ad
2938 4564 3116 4603 usum
3144 4549 3436 4620 corporis.
3450 4550 3603 4607 Nihil

1954 4638 2109 4695 ultra
2137 4638 2199 4694 id
2218 4637 2385 4711 quod
2411 4637 2825 4693 necessarium
2846 4641 2955 4707 est,
2990 4641 3093 4693 aut
3113 4636 3190 4693 ad
3211 4638 3603 4709 magniﬁcen-

1954 4730 2101 4784 tiam
2121 4725 2574 4793 insumendum;
2595 4725 2759 4797 quod
2776 4724 3024 4797 quidem
3045 4725 3275 4782 abusus
3295 4731 3604 4786 est.Honor

1956 4816 2362 4890 exquirendus
2417 4832 2540 4872 non
2587 4821 2695 4883 est,
2747 4820 2851 4870 aut
2887 4815 3247 4872 ambiendus
3285 4818 3604 4889 primatus.

1957 4909 2140 4965 Debet
2167 4905 2593 4979 unusquisque
2650 4910 2902 4961 caeteros
2955 4905 3072 4960 sibi
3128 4906 3441 4963 anteferre.
3472 4910 3603 4964 Non

1956 5000 2191 5072 oportet
2218 4996 2720 5067 inobsequentem
2746 5010 2899 5051 esse.
2929 4997 3061 5052 Non
3085 4999 3319 5068 oportet
3342 4996 3603 5056 otiosum

1956 5174 2220 5233 cessaria
2248 5178 2356 5230 est.

2030 5248 2137 5319 (82)
2176 5250 2291 5319 Τῷν
2344 5244 2769 5319 ἐπιτεταγμένων.
2828 5242 3007 5319 Cod.‘
3036 5244 3194 5319 Vat._
3224 5239 3595 5319 ἐπισταμένων.

1958 5315 2125 5377 Forte
2178 5316 2527 5374 addendum
2558 5315 2669 5389 "eis,
2735 5321 2805 5389 fut
2868 5315 3070 5389 paulo
3106 5316 3261 5371 infra
3312 5315 3597 5372 additur:

1959 5392 2067 5447 sed
2121 5394 2328 5462 tamen
2388 5403 2574 5462 supra
2631 5386 2954 5459 legitur'oi
3052 5386 3433 5459 ἕπιτιταγμένοι
3506 5392 3600 5446 τήν

1957 5458 2228 5538 φροντίδα.
