4070 6194
537 235 634 292 ενι
1908 237 1965 295 s.
2006 234 2255 292 BASlLlI
2293 202 2507 294 MAGNI
3794 253 3903 305 292

539 358 855 415 comedere
885 374 1046 427 eum,
1064 359 1171 432 qui
1194 358 1471 418 laborare
1492 365 1721 434 potest:
1749 362 1852 418 sed
1875 366 1933 418 et
1960 361 2066 434 qui
2100 376 2146 417 ο‹

2308 361 2434 415 ἀλλὰ
2482 368 2685 417 καὶτὸν
2743 364 3132 441 ἀσχολούμενον
3179 372 3299 442 περὶ
3354 387 3408 421 τι
3456 377 3552 422 τῶν
3619 375 3903 448 κατορθου-

538 452 796 519 cupatur
824 447 883 502 in
914 463 1123 503 eorum
1155 448 1378 520 aliquo,
1413 466 1549 521 quae
1580 451 1659 507 ad
1701 451 1912 508 Christi
1942 450 2145 521 gloria]

2306 457 2467 525 μένων
2528 454 2598 516 εἰς
2657 452 2814 519 δόξαν
2872 465 3143 531 Χριστοῦ,
3198 456 3535 519 ἐκϐιάζεσθαι
3598 461 3776 514 ἑαυτὸν
3832 464 3904 525 εἰς

536 536 822 607 praeclare
837 536 1009 601 fiunt,
1024 537 1145 591 vim
1168 537 1401 609 sibiipsi
1428 538 1621 595 facere
1635 540 1815 596 debet
1828 540 1905 595 ad
1927 539 2143 607 studim

2304 546 2397 599 τὴν
2430 540 2672 602 σπουδὴν
2709 553 2801 599 τοῦ
2848 550 2981 599 κατὰ
3032 544 3254 619 δύναμιν
3303 550 3474 621 ἔργου.
3530 549 3650 602 Ὀτι
3681 548 3764 604 δεῖ
3789 554 3903 605 ἔκα-

536 625 735 695 operis
754 641 861 696 pro
886 625 1113 680 viribus
1136 625 1512 683 conﬁciendi.
1533 631 1776 701 Oportet
1796 645 2143 701 unumqucn

2305 651 2425 684 στον
2456 629 2749 708 δοκιμασίᾳ
2778 645 2879 690 τῶν
2924 644 3264 712 προεστώτων
3305 638 3419 710 (83)
3462 644 3595 711 μετὰ
3622 641 3780 713 λόγου
3815 649 3904 696 καὶ

536 730 675 785 que,
700 715 1039 786 praepositis
1054 716 1556 786 approbantibus,
1582 736 1721 774 cum
1745 720 1974 775 ratione
1997 724 2053 774 et
2066 735 2139 774 an

2303 722 2653 799 πληροφορίας
2702 726 2836 778 οὕτω
2902 734 3069 779 ποιεῖν
3132 729 3345 797 πάντα,
3414 731 3548 803 οῖχρι
3597 736 3686 783 καὶ
3740 732 3904 785 αὐτοῦ

535 804 617 856 ini
642 803 1032 874 persuasione
1068 804 1148 858 ita
1174 805 1381 860 omnia
1414 807 1631 875 facere,
1668 824 1861 880 usque
1887 808 1966 863 ad
1990 809 2142 881 ipsut

2300 821 2392 863 τοῦ
2447 823 2625 885 φαγεῖν
2666 822 2755 868 καὶ
2798 824 2952 883 πιεῖν,
3016 819 3088 878 ὡς
3142 817 3215 879 εἰς
3251 814 3407 881 δόξαν
3464 816 3597 871 Θεοῦ
3634 826 3900 893 γινόμενα.

534 892 713 946 etiam
738 907 911 946 esum
933 898 987 948 ct
1008 899 1244 963 potum,
1267 900 1331 950 ut
1356 895 1433 951 ad
1458 898 1555 951 Dei
1578 898 1831 969 gloriam
1853 897 2141 954 referenda

2298 900 2419 953 ’Ότι
2448 902 2506 954 οὐ
2540 899 2621 955 δεῖ
2651 902 2734 976 ἀφ’
2794 904 2967 977 ἐτέρου
3025 906 3096 967 εἰς
3150 906 3319 979 ἕτερον
3374 910 3521 982 ἔργον
3575 909 3901 982 μεταϐαίνειν

532 981 660 1034 Non
686 989 920 1051 oportet
942 981 1019 1036 ab
1044 998 1166 1037 uno
1198 985 1273 1038 ad
1304 984 1490 1040 alium
1521 986 1794 1042 laborem
1827 987 2139 1051 transire,c

2299 992 2417 1043 ἄνευ
2448 1001 2541 1054 τῆς
2587 990 2910 1066 δοκιμασίας
2969 1004 3066 1047 τῶν
3116 996 3185 1057 εἰς
3242 1000 3301 1048 τὸ
3351 993 3642 1050 διατυποῦν
3692 1003 3759 1055 τὰ.
3796 1020 3904 1053 τοι-

530 1072 621 1122 tra
647 1068 1153 1139 approbationem
1173 1088 1382 1128 eorum
1404 1075 1509 1145 qui
1534 1082 1675 1131 sunt
1695 1076 1874 1132 rebus
1890 1078 2137 1148 erSDlOt

2300 1088 2434 1132 αῦτα
2458 1080 2866 1155 ἐπιτεταγμένων
2898 1087 3015 1152 (84)
3038 1106 3050 1118 ·
3092 1086 3238 1147 ἐκτὸς
3266 1086 3310 1138 εἰ
3337 1093 3407 1158 μή
3441 1090 3541 1139 πού
3582 1107 3700 1140 τινα
3736 1087 3903 1164 ἅπερ·

528 1156 919 1213 moderandis
941 1160 1264 1231 praepositi;
1287 1162 1398 1217 nisi
1415 1166 1770 1237 quempiam
1791 1166 2135 1222 ineluctabil

2300 1175 2511 1232 αίτητος
2580 1171 2781 1243 ἀνάγκη
2862 1174 2928 1234 εἰς
3004 1172 3253 1246 βοήθειαν
3328 1183 3417 1227 τοῦ
3450 1172 3904 1241 Δαδυνατὴσαντος

527 1245 856 1302 necessitas
878 1247 955 1302 ad
979 1249 1273 1304 auxilium
1294 1250 1601 1308 debilioris
1633 1253 1833 1310 subito
1857 1256 2132 1311 vocaveri

2297 1258 2480 1317 καλοίη
2514 1258 2794 1332 αἰφνίδιον.
2852 1260 2972 1314 ⁸Οτι
3021 1259 3106 1314 δεῖ
3150 1264 3368 1316 ἕκαστον
3414 1270 3580 1337 μένειν
3620 1264 3668 1318 ἐν
3793 1267 3904 1320 tm.

528 1332 709 1389 debet
742 1336 1169 1408 unusquisque
1218 1355 1463 1395 manere
1494 1343 1554 1397 in
1604 1358 1675 1399 eo
1706 1345 1874 1415 quod
1900 1345 2014 1415 ipsi
2043 1360 2135 1416 pr:

2299 1351 2431 1420 χθη,
2483 1354 2697 1421 καὶμὴ,
2740 1350 3118 1422 ὑπερϐαίνοντα
3172 1356 3230 1403 τὸ
3281 1350 3418 1405 ἴδιον
3468 1358 3671 1428 μέτρον,
3703 1355 3904 1408 ἐπιϐαί-

527 1423 818 1495 scriptum
851 1430 975 1494 est;
1024 1442 1135 1482 nec
1174 1430 1485 1500 propriam
1517 1448 1868 1489 mensuram
1897 1441 2133 1505 transgr

2298 1457 2399 1489 νειν
2454 1446 2560 1500 τοῖς
2608 1444 2679 1510 μὴ
2724 1438 3156 1513 ἐπιτεταγμένοις,
3215 1442 3258 1494 εἰ
3304 1449 3375 1514 μή
3433 1463 3484 1495 τι
3532 1442 3592 1495 ἂν
3646 1447 3697 1497 οὶ
3734 1454 3902 1499 ταῦτα

525 1510 717 1583 diens,
749 1514 999 1583 aggredi
1030 1532 1151 1571 non
1180 1520 1527 1592 priescripta
1552 1540 1563 1589 ;
1589 1522 1705 1577 nisi
1731 1524 1787 1593 ii,
1818 1523 2041 1596 quibus
2063 1524 2132 1580 ha

2300 1532 2697 1599 πεπιστευμένοι
2754 1525 3091 1603 δοκιμάσωσί
3152 1550 3268 1583 τινα
3299 1533 3576 1605 χρῇζοντα
3628 1533 3898 1606 βοηθείας.

526 1602 857 1658 commissa
876 1609 1034 1670 sunt,
1052 1605 1317 1678 aliquem
1346 1610 1569 1665 auxilio
1591 1611 1861 1681 indigere
1878 1612 2133 1683 iudicavi

2299 1614 2420 1667 Ὀτι
2449 1616 2507 1668 οὐ
2539 1613 2622 1668 δεῖ
2653 1615 2736 1689 ἀφ’
2760 1617 2932 1693 ἐτέρου
2955 1617 3307 1693 ἐργαστηρίου
3340 1621 3408 1682 είς
3433 1623 3598 1695 ἓτερον
3630 1625 3901 1697 εὑρισκεσ-

523 1687 661 1743 rint.
690 1693 816 1745 Non
831 1698 1066 1763 oportet
1081 1696 1325 1767 reperiri
1344 1700 1693 1771 quempiam
1716 1701 1794 1756 ab
1811 1701 1927 1757 alia
1949 1702 2130 1757 ofﬁcii

2303 1707 2390 1757 θαι
2420 1725 2553 1761 τινα.
2586 1705 2707 1759 Ὀτι
2736 1707 2795 1759 οῦ
2827 1705 3069 1761 δεῖκατὰ
3103 1707 3413 1780 φιλονεικίαν
3456 1712 3486 1771 ἡ
3518 1715 3620 1787 ἔριν
3650 1720 3745 1772 την
3772 1719 3901 1788 πρὸς

526 1775 589 1831 in
621 1777 801 1834 aliam
835 1780 1182 1838 abeuntem.
1218 1785 1370 1840 Nihil
1417 1803 1488 1842 ex
1536 1792 1939 1846 contentionis
1985 1792 2133 1847 stud.

1100 1800 1182 1838 m.
1218 1785 1370 1840 Nihil
1417 1803 1488 1842 ex
1536 1792 1939 1846 contentionis
1985 1791 2188 1848 studio
2300 1814 2417 1846 τινα
2446 1802 2610 1848 ποιεῖν
2639 1815 2707 1851 τι.

525 1870 629 1921 aut
660 1882 732 1922 ex
756 1867 1053 1926 simultate
1086 1888 1225 1928 cum
1256 1874 1461 1947 aliquo
1494 1883 1775 1950 suscepta
1816 1879 2184 1936 faciendum.

595 1959 648 2009 3.
685 1956 1079 2013 lnvidendum
1110 1976 1230 2016 non
1261 1968 1351 2018 est
1384 1964 1626 2020 alterius
1656 1966 1844 2036 laudi,
1874 1984 2071 2041 neque
2092 1987 2189 2025 cu-

2372 1980 2424 2030 3.
2469 1973 2591 2027 Ὀτι
2623 1975 2681 2027 οὗ
2714 1971 2800 2028 δεῖ
2847 1976 3045 2047 φθονεῖν
3082 1985 3143 2049 τῇ
3178 1978 3351 2051 ἑτέρου
3384 1976 3747 2053 εὐδοκιμήσει,
3783 1986 3898 2034 οὔτε

519 2042 807 2114 jusquam
824 2045 1209 2104 vitiislaetand
1221 2066 1343 2106 um.
1364 2053 1607 2124 Oportet
1630 2054 1689 2109 in
1712 2056 2002 2112 charitate
2024 2058 2126 2114 Chl

2300 2064 2593 2138 ἐπιχαίρειν
2660 2064 2993 2125 ἐλαττώμασί
3050 2086 3208 2129 τινος.
3260 2067 3381 2120 Ὀτι
3438 2065 3518 2121 δεῖ
3592 2069 3641 2121 ἐν
3715 2069 3894 2144 ἀγάπη

526 2129 599 2185 sti
620 2130 822 2187 dolere
854 2139 910 2189 et
938 2134 1210 2192 aﬂlictari
1241 2137 1315 2193 de
1341 2138 1539 2196 fratris
1564 2142 1743 2211 vitiis,
1768 2145 2032 2213 gaudere
2049 2163 2133 2202 vei

2299 2161 2532 2225 Χριστοῦ
2596 2154 2878 2207 λυπεῖσθαι
2943 2158 3033 2227 μὲν
3086 2161 3176 2208 καὶ
3235 2156 3605 2231 συντρίϐεσθαι
3658 2158 3743 2211 ἐπὶ
3796 2166 3898 2221 τοῖς

521 2218 603 2274 ob
630 2218 788 2275 illius
810 2227 966 2278 recte
988 2224 1167 2281 facta.
1191 2229 1316 2283 Non
1340 2236 1577 2301 oportet
1597 2233 2039 2290 indifferentem
2056 2251 2128 2290 es:

2295 2250 2384 2294 τοῦ
2437 2239 2662 2315 ἀδελφοῦ
2716 2243 3095 2316 ἑλαττωμασιν,
3128 2245 3494 2319 εὐφραίνεσθαι
3550 2244 3608 2301 δε
3648 2248 3733 2300 ἐπὶ
3790 2258 3896 2311 τοῖς

523 2322 665 2377 erga
698 2318 1040 2381 peccantes,
1074 2320 1177 2370 aut
1222 2315 1454 2374 silentio
1500 2336 1605 2375 eos
1638 2322 1913 2378 tolerare.
1944 2326 2127 2396 Oport

2294 2334 2718 2407 κατορθώμασιν.
2752 2333 2871 2386 Ὀτι
2901 2335 2959 2386 οῦ
3006 2331 3090 2387 δεῖ
3126 2332 3430 2409 ἀδιαφορεῖν
3460 2336 3544 2389 ἐπὶ
3572 2344 3683 2400 τοῖς
3731 2338 3897 2414 ἁμαρ-

523 2400 711 2469 utqui
732 2400 1057 2472 redarguit,
1084 2421 1220 2461 cum
1246 2409 1413 2463 omni
1437 2411 1963 2469 commiseratione
1982 2414 2127 2470 reda

2292 2426 2559 2492 τάνουσιν,
2593 2424 2621 2481 ἦ
2675 2423 3036 2495 ἑφησυχάζειν
3089 2424 3439 2487 αὑτοῖς.“οτι
3496 2422 3580 2478 δεῖ
3630 2430 3719 2478 τὸν
3750 2427 3894 2499 ﬂii-

522 2492 668 2555 guat
698 2504 771 2543 ex
814 2491 915 2545 Dei
970 2492 1203 2565 timore,
1259 2502 1313 2552 et
1346 2513 1417 2553 eo
1457 2500 1708 2556 consilio
1763 2507 1827 2558 ut
1874 2508 2129 2559 convert;

2292 2531 2462 2583 χοντα
2518 2515 2646 2584 μετὰ
2938 2512 3329 2585 εὐσπλαγχνίας
3383 2514 3523 2587 φόϐῳ
3568 2517 3677 2586 (85)
3737 2525 3893 2587 Θεοῦ,

518 2581 892 2646 peccantem.
929 2581 1174 2652 Oportet
1202 2589 1261 2641 ut
1310 2588 1413 2657 qui
1453 2589 1835 2659 redarguitur
1865 2597 1969 2648 aut
1995 2593 2122 2648 incr

2291 2605 2381 2653 καὶ
2443 2609 2623 2672 σκοπῷ
2669 2609 2763 2654 τοῦ
2803 2602 3116 2677 ἐπιστρέψαι
3166 2607 3253 2655 τὸν
3312 2603 3695 2677 ἁμαρτάνοντα,

518 2666 988 2735 patur,libenter
1016 2670 1076 2726 id
1101 2674 1378 2745 accipiat,
1399 2693 1573 2734 suam
1605 2679 1795 2751 ipsius
1821 2681 1882 2736 in
1912 2682 2125 2755 increp‘

2291 2709 2428 2761 χειν.
2462 2688 2580 2742 Ὂτι
2610 2687 2694 2742 δεῖ
2740 2694 2827 2742 -ὸν
2870 2692 3209 2764 ἆεγχομενον
3254 2693 3282 2751 ἡ
3320 2692 3693 2766 ἐπιτιμώμενον
3724 2714 3893 2747 κατα-

518 2751 678 2809 tione
712 2755 1025 2813 utilitatem
1075 2776 1433 2830 agnoscens.
1484 2770 1610 2823 Non
1650 2775 1887 2841 oportet
1918 2775 2001 2841 ut,
2038 2751 2125 2828 cui

2292 2774 2550 2850 δέχεσθαι
2608 2783 2910 2852 προθύμως,
2975 2782 3300 2855 γνωρίζοντα
3359 2785 3418 2833 τὸ
3483 2782 3667 2834 ἑαυτοῦ
3720 2783 3894 2856 ὄφελος

520 2842 740 2914 aliquis
773 2854 1110 2921 accusatur,
1134 2851 1284 2908 alius
1312 2870 1517 2912 coram
1543 2857 1645 2914 illo
1675 2865 1777 2916 aut
1814 2876 2019 2917 coram
2049 2862 2125 2918 ali

2289 2868 2337 2919 ἐν
2376 2876 2437 2940 τῇ
2502 2865 2807 2943 διορθώσει.
2864 2869 2984 2921 ’Ότι
3036 2870 3094 2922 οὗ
3136 2867 3240 2939 δεῖ,
3297 2870 3674 2944 ἐγκαλουμένου
3726 2877 3888 2941 τινὸς,

518 2934 825 2990 nonnullis
858 2940 1230 2998 contradicat
1278 2950 1609 3007 accusanti.
1646 2951 1817 3015 Quod
1848 2952 1894 3008 si
1927 2954 2125 3025 quand

2287 2956 2437 3008 ἄλλον
2495 2957 2708 3010 ἐνώπιον
2762 2958 2952 3011 ἐκείνου
2998 2960 3028 3018 ἡ
3080 2958 3243 3011 ἀλλων
3292 2969 3442 3012 τινῶν
3483 2960 3761 3033 ἀντιλέγειν
3818 2971 3889 3034 τῷ

518 3024 829 3080 accusatio
852 3026 1124 3085 videatur
1141 3030 1319 3088 alicui
1340 3050 1375 3089 a
1397 3037 1626 3093 ratione
1657 3039 1872 3111 aliena,
1894 3024 2125 3114 privati:

2289 3046 2615 3118 ἐγκαλοῦντι.
2689 3048 2803 3101 Ἐὰν
2872 3045 2931 3101 δὲ
3005 3050 3109 3121 ἄρα
3182 3052 3305 3102 ποτε
3381 3049 3566 3122 ἁλογον
3617 3060 3750 3124 φανῇ
3827 3055 3888 3106 τὸ

515 3120 945 3182 coarguentem
994 3118 1367 3191 interrogare
1421 3125 1618 3195 debet,
1655 3135 1836 3201 atque
1889 3137 1994 3187 aut
2050 3148 2122 3205 pe

2287 3136 2521 3210 ἔγκλημά
2562 3157 2665 3189 τινι
2718 3137 2833 3190 κατ’
2864 3134 3003 3190 ἰδίαν
3031 3146 3188 3190 κινεῖν
3234 3138 3381 3211 λόγον
3434 3143 3563 3214 πρὸς
3602 3144 3690 3193 τὸν
3739 3141 3890 3212 ἐγκα-

514 3200 792 3269 suadere,
827 3208 929 3259 aut
963 3212 1335 3277 persuaderi.
1392 3215 1633 3286 Oportet
1671 3200 2121 3295 unumquequ

2284 3200 2472 3278 λοῦντα
2519 3227 2653 3298 (86),
2714 3232 2803 3279 καὶ
2860 3228 2889 3286 ἢ
2942 3200 3355 3303 πληροφορεῖίῆ
3415 3200 3886 3305 πληρνοφορεῖσθαι.

512 3294 809 3358 quantum
842 3292 903 3348 in
934 3310 995 3349 se
1026 3302 1136 3361 est,
1170 3300 1222 3354 ei
1254 3302 1357 3372 qui
1380 3303 1707 3362 adversum
1738 3324 1801 3364 se
1823 3292 2051 3383 aliquid
2071 3292 2119 3368 ἦν

2283 3314 2400 3368 “On
2476 3312 2559 3368 δεῖ
2605 3318 2859 3382 ἕκαστον,
2938 3318 3034 3375 ὅση
3107 3314 3354 3390 δύναμις,
3425 3320 3720 3392 θεραπεύειν
3794 3325 3885 3373 τὸν

510 3373 726 3447 buerit,
786 3381 1032 3437 mederi.
1078 3388 1204 3441 Non
1235 3395 1711 3452 succensendum
1748 3398 1799 3453 ei
1828 3415 2009 3470 quem
2033 3416 2117 3472 per

2844 3373 2858 3382 .
3022 3373 3030 3375 -
3241 3373 3250 3390 .
3311 3373 3354 3385 η
3479 3373 3488 3392 ι

2284 3407 2475 3476 ἔχοντά
2525 3425 2576 3457 τι
2637 3405 2752 3458 κατ’
2806 3405 2988 3460 αὐτοῦ.
3048 3405 3167 3458 *Οτι
3233 3407 3292 3459 οὔ
3333 3404 3417 3460 δεῖ
3439 3417 3785 3480 μνησικακεῖν
3808 3418 3885 3481 τῷ

511 3478 683 3520 casse
698 3469 1085 3538 poenitet,sed
1111 3490 1180 3528 ex
1201 3479 1379 3534 corde
1404 3469 1901 3541 condonandum.
1929 3469 2118 3560 Oport

2283 3493 2650 3567 ἁμαρτήσαντι
2702 3500 2790 3547 καὶ
2840 3504 3189 3567 μετανοοῦντι,
3226 3496 3334 3548 ἀλλ’
3367 3497 3421 3549 ἐκ
3463 3495 3690 3572 καρδίας
3730 3498 3884 3571 ἀφεῖ-

509 3570 649 3610 eum
674 3555 779 3627 qui
810 3560 1037 3629 peccati
1072 3564 1357 3633 poenitere
1389 3584 1449 3623 se
1472 3569 1635 3641 dicit,
1677 3590 1801 3630 non
1840 3555 2116 3649 compun;

2317 3555 2326 3565 .
2394 3555 2402 3567 .
2840 3555 2850 3567 .
3176 3555 3188 3566 ι
3531 3555 3541 3572 .
3676 3555 3688 3559 -
3772 3555 3783 3571 .

2279 3602 2385 3639 ναι,
2416 3582 2538 3635 Ὀτι
2590 3579 2673 3634 δεῖ
2726 3587 2814 3634 τὸν
2869 3583 3083 3655 λέγοντα
3135 3593 3398 3657 μετανοεῖν
3432 3585 3505 3658 ἐφ’
3536 3586 3886 3661 ἁμαρτήματι

510 3643 707 3700 solum
730 3646 809 3702 ob
832 3654 1147 3719 peccatum
1182 3654 1546 3727 admissum,
1591 3662 1696 3717 sed
1728 3663 1953 3721 fructus
1982 3643 2117 3724 etiai

2278 3676 2349 3743 μὴ
2410 3676 2563 3744 μόνον
2616 3680 2974 3743 κατανυγῆναι
3032 3674 3105 3746 ἐφ’
3270 3677 3495 3747 ἥμαρτεν
3523 3718 3536 3742 ,
3597 3674 3728 3728 ἀλλὰ
3790 3684 3883 3731 καὶ

506 3736 871 3805 poenitentiae
903 3738 1120 3809 dignos
1152 3741 1369 3803 facere.
1404 3748 1513 3812 Qui
1550 3764 1659 3822 pro
1691 3755 1994 3824 prioribus
2031 3773 2113 3830 per

2279 3765 2509 3836 καρποὺς
2564 3760 2738 3823 ἀξίους
2784 3770 3008 3821 ποιῆσαι
3058 3772 3149 3825 τῆς
3194 3770 3485 3836 μετανοίας.
3544 3764 3662 3819 ’Ὁτι
3722 3769 3749 3819 ὁ
3799 3768 3886 3821 ἐπὶ

506 3823 656 3878 catis
686 3831 995 3899 correptus
1045 3835 1151 3901 est,
1211 3849 1281 3889 ac
1326 3838 1565 3893 veniam
1617 3823 1995 3911 consecutus,
2027 3847 2076 3901 is

2279 3823 2381 3911 τοίς
2434 3858 2660 3924 πρώτοις
2712 3851 3061 3925 ἁμαρτήμασι
3107 3850 3432 3921 παιδευθεὶς,
3482 3860 3703 3916 καὶτῆς
3762 3856 3886 3929 ἀφέ-

503 3926 713 3967 rursus
747 3919 1103 3985 peccaverit,
1135 3921 1396 3979 deterius
1440 3927 1639 3999 priore
1686 3940 2000 4005 comparat
2026 3936 2110 3993 sib

2279 3959 2401 4000 σεως
2454 3938 2710 4008 ἀξιωθεὶς,
2756 3941 2839 3993 ἐὰν
2896 3941 3048 3994 πάλιν
3099 3942 3331 4019 ἁμάρτῃ,
3378 3952 3558 4019 χεῖρον
3602 3952 3695 3997 τοῦ
3753 3967 3886 4023 προ-

503 4000 751 4107 m‘etipsi
783 4002 1078 4098 judicium
1101 4008 1228 4067 irae.
1248 4012 1356 4076 Qui
1379 4020 1516 4086 post
1544 4018 1806 4089 primam
1825 4000 1885 4078 et
1912 4023 2110 4083 altera]

2500 4000 2510 4002 ν
2678 4000 2683 4001 γ
2698 4000 2707 4008 ,
3133 4000 3142 4016 ι
3209 4000 3219 4019 ο
3285 4000 3301 4017 ί
3323 4000 3330 4006 ¹
3378 4000 3421 4017 ’ν
3470 4000 3479 4019 Ι
3792 4001 3804 4023 Α

2277 4033 2419 4104 τέρου
2451 4031 2835 4091 κατασκευάζει
2883 4031 3049 4103 ἐαυτῷ
3096 4035 3154 4084 τό
3186 4040 3353 4107 κρῖμα
3396 4042 3492 4094 τῆς
3540 4033 3724 4107 ὀργῆς.
3754 4034 3884 4089 ‘On

503 4085 984 4147 admonitionem
1005 4105 1320 4165 permanet
1339 4085 1399 4156 in
1422 4085 1779 4170 delicto,suo
1800 4109 2110 4170 indicandi

2326 4085 2335 4104 Ι
2768 4085 2784 4091 ⁷
3020 4089 3028 4103 Ι
3218 4085 3228 4107 Α
3276 4085 3286 4105 ὗ
3444 4085 3453 4091 ”
3478 4085 3491 4094 ¹
3568 4085 3577 4107 Α
3610 4085 3624 4105 Ι
3654 4085 3663 4092 '
3682 4085 3724 4095 "
3795 4085 3808 4086 γ
3838 4085 3851 4089 v
3871 4085 3882 4087 ἡ

2275 4115 2355 4171 δεῖ
2405 4123 2491 4172 τὸν
2548 4123 2677 4193 μετὰ
2731 4125 2820 4179 τὴν
2876 4127 3087 4195 πρώτην
3151 4127 3241 4174 καὶ
3300 4119 3544 4196 δευτέραν
3597 4126 3882 4177 νουθεσίαν

501 4178 848 4284 praeposito,
879 4181 927 4235 si
958 4181 1105 4239 forte
1139 4201 1278 4243 eum
1319 4205 1354 4245 a
1385 4191 1660 4262 pluribus
1689 4204 2032 4272 correptum
2054 4219 2108 4276 pl

2548 4178 2557 4193 .
2916 4178 2925 4195 .
3045 4178 3053 4181 τ
3451 4178 3461 4196 ε

2275 4207 2575 4281 ἐπιμένοντα
2629 4218 2700 4280 τῷ
2764 4209 3088 4283 ἑλαττώματι
3150 4211 3335 4263 ἑαυτοῦ
3394 4215 3747 4284 φανεροῦσθαι
3803 4213 3882 4267 τῶ

495 4263 663 4323 deat.
709 4268 881 4333 Quod
927 4271 976 4325 si
1017 4288 1090 4329 ne
1143 4274 1226 4330 sic
1256 4279 1504 4350 quidem
1553 4263 1911 4344 emendatus
1964 4263 2102 4348 tueri

507 4348 628 4374 μ,-
657 4372 697 4374 AA
962 4360 972 4370 .
1043 4362 1058 4374 .
1167 4364 1181 4374 .

2357 4268 2366 4281 ι
2671 4268 2680 4280 ο
2958 4263 2968 4283 Δ
3400 4263 3412 4284 Ι
3503 4263 3536 4284 Ί⁷
3562 4263 3569 4264 7
3591 4263 3600 4264 ί
3629 4263 3639 4265 7
3662 4263 3673 4266 ⁷
3694 4263 3744 4265 ’⁷⁷
3813 4263 3826 4267 ⁷
3844 4263 3878 4267 vv

2277 4308 2557 4371 προεστῶτι
2587 4344 2600 4370 ,
2672 4299 2756 4351 ἐὰν
2818 4301 2923 4374 ἄρα
2968 4302 3069 4352 ὑπὸ
3122 4300 3365 4353 πλειόνων
3415 4300 3742 4374 ἐπιτιμηθεὶς
3802 4306 3884 4354 εν-

499 4353 785 4429 deinceps
815 4360 1260 4420 exscindendus
1308 4374 1421 4438 est,
1454 4376 1518 4427 ut
1565 4376 1944 4443 scandalum,
1980 4387 2106 4456 atqi

500 4441 611 4463 LA,
726 4446 739 4463 ,
1014 4452 1046 4463 ..
1124 4455 1132 4463 .
1418 4461 1425 4463 μ
1460 4462 1489 4463 ρ

2307 4353 2315 4371 ι
2587 4353 2600 4370 2'
2854 4353 2863 4374 ε
3555 4353 3565 4374 ε
3616 4353 3625 4359 ’
3679 4353 3741 4364 η’
3812 4353 3819 4354 ’

2275 4398 2462 4461 τραπῇ.
2520 4390 2634 4442 Ἐὰν
2684 4386 2742 4441 δε
2791 4386 2931 4461 μηδὲ
2968 4390 3104 4441 οὕτω
3154 4387 3531 4463 διορθὼσηται,
3589 4395 3658 4453 ὡς
3718 4395 3882 4444 σκάν-

499 4441 949 4545 habenduspro
973 4452 1213 4510 ethnieo
1233 4473 1302 4513 ac
1324 4437 1652 4531 publicano
1678 4467 1754 4522 ad
1778 4437 2106 4528 securitatei

2277 4437 2462 4461 'l""'i"
2534 4437 2624 4442 -””’
2689 4437 2740 4441 ’⁷
2791 4437 2928 4461 r""'
2973 4437 3100 4441 ”’””
3158 4437 3531 4463 "'t"""""‘!
3592 4437 3657 4453 ’⁷³
3721 4437 3852 4444 ⁷’””’

2274 4473 2423 4529 δαλον
2473 4478 2815 4531 ἐκκόπτεσθαι
2862 4486 2954 4530 τοῦ
2997 4478 3178 4530 λοιποῦ
3212 4522 3225 4545 ,
3281 4484 3370 4531 καὶ
3422 4482 3491 4540 ὡς
3544 4480 3742 4532 ἐθνικὸν
3781 4487 3881 4534 καὶ

498 4546 709 4589 eorum
737 4536 841 4608 qui
873 4540 1281 4601 obedientiam
1311 4548 1421 4605 sibi
1454 4554 1652 4610 studio
1679 4556 1924 4627 habent,
1946 4578 2105 4618 secui

503 4620 807 4643 ,MUA,
1285 4641 1505 4643 ,-.

2273 4565 2481 4625 τελώνην
2512 4569 2737 4641 ὁρᾶσθαι
2784 4572 2913 4643 πρὸς
2954 4572 3049 4626 τὴν
3101 4567 3383 4640 ἀσφάλειαν
3422 4572 3527 4620 τῶν
3566 4574 3660 4627 τὴν
3708 4589 3880 4623 σπου-

497 4620 646 4733 dum
677 4623 739 4679 id
771 4628 936 4727 quod
958 4629 1187 4688 dictum
1209 4642 1295 4693 est
1322 4656 1334 4694 :
1360 4641 1564 4713 lmpiis
1603 4620 1981 4719 cadentibus,
2009 4652 2104 4722 jus

2439 4620 2448 4625 .
2540 4620 2550 4641 ι
2823 4620 2833 4643 ⁸
2898 4620 2911 4629 .
3005 4620 3014 4626 .
3180 4620 3191 4640 ,
3578 4620 3626 4627 γ.
3720 4620 3755 4621 η
3798 4620 3841 4623 ρ

2269 4651 2365 4714 δὴν
2419 4664 2509 4716 τῆς
2560 4658 2799 4718 ὑπακοῆς
2852 4657 3237 4730 ἐργαζομένων,
3284 4660 3420 4709 κατὰ
3466 4662 3524 4709 τὸ
3576 4658 3876 4733 εἰρημένον,

496 4710 710 4819 timore
733 4718 1157 4789 corripiuntur.
1185 4727 1299 4782 Sed
1329 4736 1386 4786 et
1417 4710 1731 4791 deﬂendus
1754 4745 1858 4809 est,
1884 4746 1947 4795 ut
1967 4710 2103 4798 men

2322 4710 2331 4714 τ
2466 4710 2507 4716 τ·
2751 4710 2798 4718 ὐ
2874 4710 2927 4730 ιε
2991 4710 3009 4717 '
3045 4710 3055 4729 ι
3224 4710 3237 4727 1
3620 4710 3630 4733 ι
3674 4710 3703 4731 ἐ
3801 4710 3813 4712 '
3860 4710 3874 4729 ι

2267 4744 2491 4797 Ἀσεϐῶν
2559 4750 3004 4816 καταπιπτόντων,
3068 4742 3271 4799 δίκαιοι
3329 4746 3547 4819 ἔμφοϐοι
3610 4752 3874 4818 γίνονται,

494 4798 673 4898 brum
710 4819 1026 4907 aconrpore
1062 4813 1226 4884 101
1266 4817 1623 4879 abscissum.
1661 4828 1789 4883 Non
1819 4798 2053 4901 oportet
2089 4833 2101 4888 i

2990 4798 3004 4816 ν
3354 4798 3515 4819 io"
3618 4798 3875 4818 I""""

2268 4841 2346 4887 Δεῖ
2395 4832 2454 4888 δε
2511 4840 2599 4887 καὶ
2652 4837 2851 4888 πενθεῖν
2892 4835 2970 4887 ἐπ’
3015 4835 3176 4906 αὐτῷ,
3226 4838 3294 4897 ὡς
3336 4836 3525 4907 μέλους
3559 4834 3875 4900 ἕκκοπέντος

494 4891 810 4948 iracundia
833 4894 1029 4952 fratris
1054 4901 1242 4959 solem
1266 4907 1559 4981 occidere,
1582 4928 1657 4969 ne
1678 4930 1793 4972 nox
1828 4891 2101 4995 utruqu

2266 4924 2314 4977 ἐκ
2362 4933 2453 4977 τοῦ
2486 4930 2747 4998 σώματος.
2780 4924 2900 4976 *Οτι
2938 4924 2997 4976 οὗ
3027 4921 3110 4977 δεῖ
3150 4924 3197 4976 ἐν
3246 4934 3595 4998 παροργισμῷ
3636 4923 3873 5000 ἀδελφοῦ

496 4986 753 5051 separet,
783 5000 851 5040 ac
882 4984 943 5041 in
973 4986 1070 5044 die
1114 4991 1329 5062 judicii
1370 4999 1596 5058 crimen
1635 5004 2012 5068 ineluctabile
2049 4984 2103 5069 re

2264 5011 2504 5067 ἑπιδῦναι
2556 5018 2642 5066 τὸν
2683 5014 2847 5080 ἣλιον,
2888 5019 2958 5086 μή
3001 5032 3125 5066 ποτε
3172 5015 3201 5072 ἠ
3252 5014 3344 5076 νὺξ
3376 5010 3571 5087 διαστῇ
3627 5016 3741 5087 (87)
3765 5037 3871 5089 με-

565 5106 1257 5212 ξὲἓξαὲἑίθέέἐίέξὶιῖβθε)
1410 5195 1463 5212 η.
1548 5201 1585 5212 -
1767 5209 1775 5212 _
1848 5208 1871 5212 Α
1924 5206 1990 5212 __
2327 5141 2442 5212 (86>
2480 5138 3002 5212 (νίάεΑάάεηάεεο)

561 5182 1355 5282 ἕέἓῗέὠηνι··;,ἔῖῑέτεξ⁰ξγμέπξι·
1394 5195 1686 5282 ,ξίρηηθεο
1726 5209 1783 5260 ει
1822 5206 2013 5282 ,σοίειο
2059 5225 2147 5265 se-

2462 5182 3226 5282 διαέτὲῖιὲῖέόἷΐδιαστήσῃ.
3261 5207 3436 5265 Coisl.
3467 5210 3775 5282 secundus
3810 5219 3871 5271 et

494 5249 734 5356 cund‘us
771 5256 840 5356 let
882 5253 1004 5335 duo
1064 5249 1329 5356 Combet‘:
1394 5249 1783 5336 Mlti—13.9:
1814 5249 2101 5353 ίξῖέεῖᾷγέ

494 5336 578 5356 νη,
675 5337 763 5356 me
840 5339 1071 5356 mum..-
1135 5347 1160 5356 η
1234 5349 1324 5356 --_
1378 5352 1488 5356 μη
1706 5347 1721 5356 .
1790 5347 1803 5356 .
1978 5349 1988 5356 .

2325 5249 2400 5266 ..,.
2462 5249 2681 5266 μω...
2716 5249 2776 5263 .,.
3262 5249 3775 5267 υυηηυνυηυυο
3810 5249 3866 5271 ς.

2259 5281 2353 5337 alii
2375 5249 2496 5338 duo
2519 5299 2554 5338 a
2573 5249 2715 5337 cé'm
2728 5249 2941 5337 beatisio
2963 5281 3124 5356 citati
3148 5269 3459 5356 μετα-στήσῃ
3507 5280 3866 5356 ἀμφοτέρους·

491 5336 600 5374 νου.
633 5322 805 5408 Ooisl.
840 5326 1072 5396 primus
1131 5337 1187 5387 et
1230 5334 1328 5391 alii
1378 5322 2143 5405 nonﬁuni‘iiiiiéxiféii'i;
2252 5322 3872 5423 Ne‘n‘bzvubtn’uvriio‘aeth‘nsi‘era[Sedretinendavis'aest

490 5407 755 5461 Tua/ium"
2253 5407 2364 5479 seri
2405 5407 2546 5479 tura
2561 5407 2830 5495 vulgata,
2845 5407 3061 5496 quae'in
3084 5407 3523 5494 antiquissimis
3544 5407 3759 5481 εἱειξῖ
3762 5407 3867 5484 661

718 5464 882 5538 Φόϐῳ.
917 5470 1067 5529 Editi
1090 5473 1327 5534 addunt
1351 5476 1421 5550 ἐν,
1455 5481 1561 5538 sed
1583 5484 1642 5542 in
1668 5486 1833 5546 nullo
1869 5492 2001 5549 cod.
2026 5511 2138 5550 ms.
2250 5442 2487 5550 dicigus
2512 5495 2790 5550 Medicam
2812 5500 2868 5550 et
2893 5495 3063 5550 Coisl.
3080 5495 3299 5550 primo.
3316 5496 3469 5549 Satis
3485 5500 3579 5550 est
3597 5498 3760 5550 enim
3778 5500 3864 5550 ad

563 5464 882 5556 tangat».
917 5470 1067 5529 Editi
1090 5473 1327 5534 addunt
1351 5476 1421 5550 ἐν,
1455 5481 1561 5538 sed
1583 5484 1642 5542 in
1668 5486 1833 5546 nullo
1869 5492 2001 5549 cod.
2026 5511 2138 5554 ms.
2250 5464 2494 5550 ἆῖὲῖἕίἱὲ
2511 5464 2881 5551 ὖέᾶἷὲἐῖὲῖ
2893 5464 3063 5551 ὃὲἷίὲίἶ
3080 5464 3866 5556 amt'éam‘amrszﬁ

489 5544 843 5604 ’θῐδθῖιωυεο
1405 5544 1415 5550 ⁷
1809 5544 1822 5546 ’
1878 5544 2001 5549 ΠΨ
2026 5544 2138 5554 -Ὴ
2252 5544 3510 5639 Ῐίἶέῆἱῖξὲἶιέἶιὶξιῖιῖιἶποῖἶιῖιῖδυωδίψητοι
3523 5574 3864 5643 utrumque
