4102 6194
193 255 301 311 293

191 379 323 441 ταξῦ
393 376 716 452 ἀμφοτέρων,
779 381 869 430 καὶ
926 377 1186 451 κάταλιπῃ
1251 378 1300 432 ἐν
1357 382 1528 453 ἡμέρᾳ
1579 383 1876 451 κρίσεωςΔ

196 466 556 541 ἀπαραίτητον
614 465 870 537 ἔγκλημα.
928 465 1049 518 Ὀτι
1100 467 1158 519 οῦ
1223 464 1307 520 δεῖ
1328 472 1509 541 καιρὸν
1539 466 1803 539 ἀναμένειν

199 556 280 609 ἐπὶ
334 564 397 628 τῇ
460 554 642 607 ἑαυτοῦ
702 551 1008 628 διορθώσει,
1061 553 1153 608 διὰ
1190 561 1249 609 τὸ
1290 562 1360 629 μὴ
1392 555 1617 629 ἀσφαλὲς
1665 559 1805 627 ἔχειν

197 652 315 719 περὶ
368 649 456 704 τὴς
508 647 706 717 αὔριον·
768 646 849 696 ὅτι
891 644 1069 697 πολλοὶ
1094 645 1256 698 πολλὰ
1279 645 1684 718 βουλευσάμενοι
1713 665 1807 703 την

198 739 379 806 αὔριον
404 734 462 785 οὐ
496 731 797 784 κατέλαϐον.
826 732 947 785 Ὀτι
978 734 1036 785 οὐ
1074 731 1155 786 δεῖ
1186 734 1487 787 ἀπατᾶσθαι
1539 739 1809 807 χορτασίᾳ

200 823 416 891 κοιλίας,
446 820 521 875 δι’
549 824 608 882 ἧς
626 827 854 893 γίνονται
877 829 1156 894 φαντασίαι
1168 829 1479 897 νυκτεριναὶ.
1498 823 1619 875 Ὀτι
1640 824 1698 875 οὐ
1726 820 1811 876 δεῖ

198 914 566 989 περισπᾶσθαι
597 911 664 971 εἰς
691 913 912 984 ἄμετρον
932 911 1202 986 ἐργασίαν,
1231 920 1318 966 καὶ
1345 912 1665 987 ὑπερϐαίνειν
1687 916 1807 974 τοὺς

197 1004 455 1073 ὅρους-τῆς
508 1000 837 1071 αὐταρκείας,
886 1004 1021 1052 κατὰ
1074 1004 1161 1053 τὸν
1203 1000 1517 1055 Ἀπόστολον
1574 1001 1802 1053 εἰπόνταο

197 1089 453 1161 Ἔχοντες
520 1084 579 1139 δε
637 1084 947 1160 διατροφὰς,
1016 1095 1105 1141 καὶ
1173 1093 1542 1162 σκεπάσματα,
1604 1092 1807 1151 τούτοις

197 1179 661 1254 ἐςοκεσθησόμεϐω
686 1178 795 1249 ζὸτι
822 1180 851 1235 ἡ
876 1184 1174 1251 περισσεία,
1206 1182 1236 1238 ἠ
1272 1181 1398 1254 ὑπὲρ
1456 1184 1549 1237 τὴν
1596 1186 1800 1251 χρείαν,

195 1270 367 1322 εἰκόνα
386 1267 686 1329 πλεονεξίας
704 1266 957 1339 ἐμφαίνει,
976 1269 1005 1326 ἡ
1034 1265 1093 1321 δὲ
1108 1268 1373 1331 πλεονεξία
1407 1268 1668 1341 ἀπόφασιν
1693 1272 1805 1340 ἔχει

194 1355 647 1432 εἰδωλολατρείας.
702 1356 822 1409 Ὀτι
873 1358 932 1409 οὐ
995 1355 1075 1411 δεῖ
1130 1360 1447 1434 φιλάργυρον
1488 1358 1640 1427 εἶναι,
1680 1355 1803 1411 οὐδὲ

197 1448 542 1523 Θησαυρίζειν
573 1447 645 1509 εἰς
670 1446 896 1519 ἀνωφελῆ
932 1448 967 1499 ἁ
996 1454 1067 1521 μὴ
1099 1445 1201 1501 δεῖ.
1231 1448 1349 1501 Ὀτι
1382 1446 1467 1501 δεῖ
1519 1453 1607 1501 τὸν
1638 1468 1802 1521 προσ-

196 1546 478 1611 ερχόμενον
509 1545 626 1608 Θεῷ
666 1535 1036 1609 ὰκτημοσύνην
1096 1537 1432 1601 οίσπάζεσθαι
1484 1542 1618 1590 κατὰ
1670 1541 1803 1590 πάν-

192 1646 273 1694 τα,
306 1632 402 1679 καὶ
430 1626 797 1698 καθηλῶμένον
856 1623 1077 1698 εἶναιτῷ
1109 1626 1247 1699 φόϐῳ
1310 1624 1401 1679 τοῦ
1456 1634 1612 1698 Θεοῦ,
1670 1629 1805 1679 κατὰ

191 1720 277 1768 τόν
351 1716 587 1768 εἰπόντα·
660 1714 976 1773 Καθήλωσον
1037 1714 1091 1767 ἐκ
1148 1722 1239 1768 τοῦ
1302 1715 1460 1788 φοϐοῦ
1530 1735 1623 1768 σου
1714 1719 1804 1776 τὰς
1837 1736 1874 1788 Β

192 1807 402 1875 σάρκας
486 1824 609 1876 μουι
695 1802 796 1855 ἀπὸ
873 1807 975 1878 γὰρ
1036 1813 1136 1856 τῶν
1200 1808 1463 1880 χριμάτων
1534 1824 1627 1857 σου
1695 1804 1805 1877 ἐφο-

190 1892 364 1952 ϐήθην
424 1897 561 1964 (88).
614 1899 725 1963 Agim
796 1890 854 1945 δὲ
900 1895 934 1969 ,ὁ
992 1898 1202 1969 Κύριος,
1236 1896 1366 1965 μετὰ
1402 1896 1577 1955 πάσης
1615 1894 1805 1966 πληρο-

188 1989 380 2056 φορίας
433 1984 569 2055 ὑμᾶς
608 1978 1022 2054 ἀναδεξαμένους
1078 1986 1143 2035 τὰ
1209 1976 1472 2058 εἰρὴμίνα,
1534 1988 1599 2043 εἰς
1647 1980 1804 2045 δόξαν

186 2076 318 2125 Θεοῦ
368 2076 607 2146 καρποὺς
674 2071 853 2133 ἀξίους
906 2079 999 2123 τοῦ
1059 2075 1349 2145 Πνώματος
1438 2068 1806 2134 ἐπιδείξασθαι

185 2168 326 2214 Θεοῦ
369 2157 590 2233 εὐδοκία
618 2164 709 2212 καὶ
741 2165 990 2236 συνεργίᾳ
1016 2169 1108 2213 τοῦ
1174 2166 1368 2235 Κυρίου
1422 2163 1569 2233 ἡμῶν
1625 2163 1806 2220 Ἰησοῦ

186 2256 456 2323 Χριστοῦ,
489 2249 675 2321 Ἀμὴν.

748 2361 1086 2409 ΕΠΙΣΤΟΛΗ
1130 2355 1237 2412 ΚΓ.

1187 253 1680 312 EPISTOLARUM
1718 247 2001 309 CLASSIS
2040 255 2080 308 Ι.
2123 252 2344 312 EPIST.
2390 258 2573 313 XXIII.

3469 267 3578 323 294

1915 376 2184 449 linquat.
2215 382 2476 452 Tempus
2504 395 2627 436 non
2648 380 3126 453 protrahendum
3159 386 3235 442 ad
3267 388 3356 443 sui
3379 404 3584 446 emen-

1917 465 2327 534 dationem,eo
2361 469 2536 541 quod
2559 484 2680 524 non
2703 474 2933 526 constet
2950 472 3024 527 de
3046 476 3342 547 crastina;
3363 478 3588 551 quippe

1918 570 2055 610 cum
2117 558 2287 613 multi
2337 564 2478 629 post
2532 558 2725 614 multa
2780 560 3053 629 consilia,
3093 565 3420 622 crastinum
3459 584 3582 624 non

1917 644 2119 716 adepti
2144 651 2302 703 sunt.
2328 649 2454 702 Non
2477 652 2714 718 oportet
2732 650 2957 704 ventris
2983 652 3249 709 satietate
3264 656 3581 727 decipi,'ex

1916 750 2038 804 qua
2085 734 2384 803 imagines
2424 742 2734 791 nocturnae
2778 744 3131 796 nascuntur.
3178 746 3304 798 Non
3343 751 3582 817 oportet

1917 823 2167 878 distrahi
2191 840 2369 895 opere
2400 826 2954 895 immoderato,nec
3007 828 3204 896 debet,
3256 833 3580 906 quisquam

1917 910 2272 981 frugalitatis
2293 914 2582 968 terminos
2614 914 2923 979 excedere,
2958 917 3293 974 secundum
3325 926 3581 992 Aposto-

1914 1000 2041 1055 Ium
2065 1001 2697 1059 dicentemzHabentes
2719 1009 2915 1059 autem
2943 1007 3255 1076 alimenta,
3280 1015 3335 1063 et
3368 1011 3581 1081 quibus

1917 1096 2210 1159 tegamur,
2239 1093 2330 1147 his
2354 1096 2621 1148 contenti
2639 1095 2862 1148 erimus
2883 1095 3254 1167 2;propterea
3280 1100 3443 1169 quod
3484 1116 3581 1156 co-

1914 1179 2016 1267 pia
2039 1180 2194 1236 ultra
2218 1182 2640 1237 necessitatem
2665 1182 3293 1254 perductaimaginem
3320 1188 3582 1245 avaritia:

1915 1268 2429 1336 exhibet,avaritia
2452 1270 2806 1326 idololatriae
2832 1273 3069 1329 nomine
3090 1274 3584 1334 damnatu1'3.Non

1914 1364 2148 1430 oportet
2171 1360 2402 1428 argenti
2426 1360 2719 1429 cupidum
2741 1376 2890 1425 esse,
2912 1378 3109 1434 neque
3132 1365 3446 1423 thesauros
3467 1368 3584 1424 col-

1912 1446 2094 1517 ligere
2122 1448 2179 1502 in
2210 1464 2305 1503 res
2328 1449 2566 1504 inutiles
2597 1465 2733 1520 qum
2760 1465 2881 1505 non
2907 1453 3291 1511 conveniant.
3337 1456 3584 1528 Oportet

1913 1540 1979 1591 ut
2007 1535 2111 1607 qui
2138 1536 2214 1591 ad
2238 1540 2424 1592 Deum
2455 1538 2704 1607 accedit,
2730 1545 3151 1610 paupertatem
3180 1542 3579 1614 amplectatur

1913 1624 2296 1694 inomnibus,
2321 1631 2377 1680 et
2402 1624 2679 1681 conﬁxus
2704 1627 2779 1681 sit
2804 1627 3016 1683 timore
3068 1630 3190 1699 Dei,
3242 1636 3580 1691 secundum

1914 1730 2053 1770 eum
2075 1715 2179 1787 qui
2201 1715 2848 1785 dicit:Conﬁgetimore
2871 1723 2971 1773 tuo
2996 1733 3205 1775 carnes
3227 1736 3420 1789 meas;
3439 1726 3582 1793 aju-

1913 1804 2085 1859 diciis
2104 1806 2258 1859 enim
2280 1805 2395 1859 tuis
2412 1807 2585 1859 timui
2602 1807 2641 1859 ⁸.
2680 1808 2782 1861 Det
2808 1813 3010 1862 autem
3039 1809 3427 1873 Dominus,ut
3444 1828 3580 1885 quas

1914 1892 2180 1947 diximus
2209 1893 2528 1948 cumomni
2553 1894 2740 1949 animi
2764 1896 3157 1966 persuasione
3186 1900 3581 1972 suscipientes

1915 1981 1993 2037 ad
2026 1981 2122 2036 Dei
2146 1981 2398 2052 gloriam
2422 1981 2638 2051 dignos
2662 1983 2889 2038 fructus
2922 1984 3198 2055 Spiritus,
3250 1987 3351 2041 Dei
3400 1986 3580 2042 bene-

1915 2070 2156 2141 placito,
2186 2075 2364 2141 atque
2396 2071 2632 2126 Domini
2666 2072 2855 2128 nostri
2885 2072 3047 2143 .Jesu
3096 2074 3311 2130 Christi
3357 2074 3580 2131 auxilio

1917 2160 2273 2216 ostendatis.
2306 2163 2522 2217 Amen.

2468 2358 2805 2415 EPISTOLA
2843 2358 3028 2415 XXIII“

186 2465 343 2521 Cum
367 2462 619 2535 quidam
653 2464 715 2518 in
742 2479 807 2519 eo
840 2464 985 2534 loco,
1023 2464 1127 2519 ubi
1164 2469 1309 2520 tunc
1340 2470 1469 2521 erat
1499 2464 1785 2534 Basilius,
1820 2462 2215 2519 monasticam
2249 2463 2430 2519 vitam
2456 2465 2746 2533 amplecti
2768 2466 2968 2535 vellet,
2986 2467 3223 2522 distulit
3246 2481 3371 2523 eum
3408 2467 3580 2524 Basi-

258 2534 405 2605 lius,
444 2535 648 2591 volens
668 2549 800 2591 eum
828 2536 890 2590 in
918 2540 1278 2593 monasterio
1308 2551 1412 2591 suo
1435 2538 1734 2606 suscipere
1759 2548 1779 2599 ,'
1810 2534 1913 2607 sed
1938 2550 2100 2588 nunc
2120 2541 2350 2590 mutato
2374 2537 2625 2591 consilio
2643 2551 2771 2591 eum
2793 2534 2997 2605 mittit,
3026 2553 3098 2593 ac
3118 2540 3397 2607 praecipit
3428 2545 3496 2594 ut
3521 2554 3582 2596 se

260 2623 391 2664 non
424 2613 768 2676 exspectato
796 2609 1187 2676 suscipiatur,
1222 2610 1391 2678 eique
1408 2609 1651 2679 aliquis,
1685 2622 1857 2679 quem
1877 2606 2002 2675 ipse
2023 2606 2291 2675 elegerit,
2320 2609 2699 2675 praeﬁciatur
2743 2610 2880 2664 vita
2928 2606 3252 2665 sanctioris
3296 2612 3586 2682 magister

521 2714 855 2785 Παραθετικὴ
885 2714 1000 2780 (89)
1024 2716 1157 2787 πρὸς
1186 2714 1497 2786 μονάζοντα.

261 2819 325 2872 ὀ
389 2814 539 2871 δεῖνα
593 2817 729 2891 (90),
793 2819 863 2880 ὡς
908 2817 1066 2891 λέγει,
1124 2822 1414 2891 καταγνοὺς
1444 2828 1536 2881 τῆς
1566 2826 1657 2871 τοῦ
1690 2817 1811 2893 βίου
1842 2845 1882 2898 C

187 2913 388 2963 τούτου
450 2909 564 2979 (91)
621 2912 993 2981 ματαιότητος,
1054 2914 1144 2961 καὶ
1196 2912 1533 2983 καταμαθὼν,
1590 2911 1669 2962 ὅτι
1719 2917 1816 2970 τῆς

194 3005 340 3065 ζωῆς
397 3002 593 3059 ταύτης
648 3001 715 3051 τὰ
764 3001 955 3073 τερπνὰ
1006 2998 1229 3052 ἐνταῦθα
1281 3005 1374 3059 τὴν
1447 3004 1815 3075 καταστροφὴν

193 3093 334 3162 ἰχει,
391 3088 518 3150 ὕλας
568 3094 723 3161 μόνον
781 3090 1244 3150 κατασκευάζοντα
1290 3097 1362 3161 τῷ
1414 3090 1605 3162 αἰωνίῳ
1663 3094 1811 3164 πυρὶ,

193 3187 427 3250 ταχεῖαν
485 3175 547 3230 δὲ
602 3181 796 3250 ἔχοντα
851 3184 944 3237 τὴν
1002 3175 1258 3253 παροδον,
1292 3178 1544 3231 κατέλαϐέ
1572 3198 1653 3251 με,
1691 3177 1816 3263 βου-

198 3268 425 3341 λόμενος
483 3266 781 3327 ἀποστῆναι
837 3271 926 3341 μὲν
978 3276 1069 3329 τῆς
1106 3270 1391 3343 μοχθηρᾶς
1437 3260 1525 3320 καὶ
1564 3260 1816 3321 πολυστε-

197 3361 395 3410 νοὲκτου
450 3361 611 3425 ζωῆς,
662 3357 964 3410 καταλιπεῖν
1016 3356 1074 3411 δὲ
1130 3362 1225 3420 τὰς
1267 3368 1357 3420 τῆς
1392 3362 1581 3435 σαρκὸς
1621 3355 1819 3421 ἡδονὰς

200 3446 439 3501 ἕπελϐεῖν
490 3443 552 3499 δὲ
597 3447 777 3499 λοιπὸν
829 3454 889 3520 τῇ
934 3443 1042 3518 ὁδῷ
1090 3455 1152 3519 τῇ
1197 3446 1398 3521 ἀγούσῃ
1428 3447 1510 3500 ἐπὶ
1540 3450 1633 3509 τὰς
1662 3449 1817 3520 μονὰς

202 3545 297 3588 τοῦ
365 3541 588 3611 Κυρίου.
666 3533 880 3594 Ἐπειδὴ
944 3533 1032 3588 οὖν
1096 3535 1377 3609 ἀναγκαῖόν
1440 3536 1601 3605 ἔστιν,
1655 3538 1698 3590 εἰ
1728 3538 1819 3608 φύ-

210 3642 293 3677 σει
324 3626 442 3695 (92)
487 3625 535 3676 ἐν
597 3625 849 3698 ἐπιθυμίᾳ
898 3627 1187 3684 καθέστηκε
1216 3635 1309 3687 τῆς
1356 3631 1623 3700 μακαρίας
1662 3631 1819 3688 ὄντως

210 3711 509 3786 διαγωγῆς,
570 3721 663 3767 καὶ
738 3719 825 3767 τὸν
890 3715 1043 3767 καλὸν
1102 3721 1192 3768 καὶ
1240 3715 1604 3791 ,ἐπαινούμενον
1656 3718 1821 3790 ἔρωτα

206 3805 364 3874 ἔσχεν
386 3802 439 3854 ἐν
554 3804 739 3856 ἑαυτοῦ
775 3803 956 3877 ψυχῇ,
990 3806 1276 3877 ἀγαπήσας
1314 3808 1502 3879 Κύριον
1549 3810 1635 3857 τὸν
1692 3807 1820 3858 Θεὸν

208 3894 355 3963 ἡμῶν
426 3892 482 3957 ἐξ
532 3893 654 3956 ὅλης
699 3890 947 3969 καρδίας,
999 3899 1088 3947 καὶ
1136 3894 1189 3958 ἐξ
1241 3894 1363 3957 ὅλης
1414 3895 1620 3967 ἰσχύος,
1652 3899 1741 3947 καὶ
1772 3892 1824 3957 ἐξ

274 4020 298 4053 ι
324 4020 348 4073 1
382 4015 537 4073 Tim.
562 4032 643 4085 Vl,
674 4018 727 4071 8.

211 4144 463 4213 separe:
492 4139 838 4195 alterutrius
853 4140 1667 4207 mortemecvideturdixisse
1692 4157 1820 4213 me-

206 4212 511 4284 tuendum
532 4227 687 4278 esse,
718 4228 792 4267 ne
837 4227 958 4284 nox
986 4220 1309 4284 utrumque
1357 4214 1713 4282 transferat.
1762 4212 1822 4268 Id

208 4286 372 4341 enim
416 4283 623 4356 minus
651 4282 925 4356 naturale
950 4297 1034 4356 ac
1076 4282 1241 4339 dictu
1274 4284 1558 4356 proclive.

274 4356 399 4427 (88)
443 4354 619 4421 (Vide
652 4353 986 4427 Addenda).

279 4430 403 4493 (89)
451 4426 811 4498 [Ιαραθετική.
856 4425 948 4498 Sic
986 4440 1210 4498 omnes
1228 4425 1466 4481 codices
1494 4443 1637 4482 mss.
1677 4425 1826 4480 Editi

211 4496 588 4571 παραινετικῆ.
618 4496 739 4571 Sed
770 4496 1009 4571 codices
1040 4502 1095 4552 et
1120 4497 1259 4571 editi
1297 4498 1530 4553 addunt
1577 4500 1707 4571 πρὸς
1737 4516 1826 4571 με·

211 4566 461 4630 νάξοντα.
496 4568 653 4623 Harl.
685 4566 1056 4639 ἀποταξαμένῳ
1082 4569 1152 4637 τῷ
1182 4567 1283 4640 βίῳ
1323 4575 1411 4621 καὶ
1439 4566 1830 4640 μονάσὰντιλῗὶ

212 4645 314 4713 qui
336 4640 572 4696 saeculo
598 4640 1254 4713 renuntiavitetpitam
1282 4643 1673 4713 monasticam
1706 4656 1827 4713 am-

209 4710 437 4781 plexus
458 4717 566 4767 est.
602 4710 716 4767 Sed
738 4710 799 4765 in
826 4710 918 4783 his
946 4710 1125 4766 titulis
1150 4710 1522 4780 diligentiam
1562 4712 1822 4783 requiro.

212 4786 339 4839 Non
374 4783 549 4839 enim
600 4797 787 4837 unum
831 4781 1095 4854 aliquem
1135 4782 1432 4854 privatim,
1481 4782 1608 4854 sed,
1634 4781 1825 4838 totum

213 4854 667 4925 monachorum
709 4853 1070 4925 conventum
1101 4853 1426 4925 alloquitur
1456 4853 1734 4909 Basilius.

283 4931 405 4997 (90)
448 4926 508 4977 ὀ
544 4920 709 4978 δεῖνα.
743 4927 805 4979 In
828 4920 1281 4996 interpretanda
1320 4926 1431 4980 hac
1486 4941 1654 4991 voce,
1697 4940 1827 4994 quae

217 5012 376 5069 saepe
404 4997 564 5052 alias
578 5000 1126 5069 occurret,se_cutus
1148 5013 1284 5051 sum
1298 5001 1564 5069 veterem
1596 5012 1828 5069 morem

216 5066 541 5139 Vituperat
556 5067 891 5139 Cyprianus
904 5107 917 5132 ,
939 5067 998 5122 in
1013 5067 1185 5139 epist.
1202 5084 1283 5133 x1,
1298 5066 1530 5123 libellos
1548 5083 1584 5122 a
1599 5067 1831 5123 confes—

220 5138 466 5196 soribus
493 5138 672 5194 datos
691 5138 853 5193 hunc
883 5139 945 5193 in
976 5138 1249 5203 modum,
1294 5139 1697 5195 Communicet
1725 5140 1832 5195 ille

223 5227 350 5267 cum
364 5210 823 5267 suis.0bservat
838 5209 1104 5265 Baluzius
1125 5210 1187 5265 in
1199 5210 1358 5266 Notis
1373 5211 1458 5265 sic
1472 5210 1675 5265 solitos
1698 5226 1830 5265 esse

227 5284 487 5338 scribere
515 5282 805 5353 antiquos
827 5297 937 5352 pro
959 5297 1050 5353 eo,
1076 5281 1243 5353 quod
1262 5282 1556 5353 posterior
1577 5287 1721 5353 aetas
1735 5281 1830 5336 lit-

222 5357 409 5409 teram
434 5357 479 5409 N
489 5396 502 5408 .
520 5352 822 5425 adhibuit.
838 5352 1207 5425 Epiphanius
1221 5352 1281 5407 in
1297 5352 1560 5425 Epistola
1572 5352 1832 5425 adioan-

225 5439 358 5481 nem
382 5424 1025 5496 Hierosolymitanum,
1043 5440 1115 5479 ex
1134 5424 1619 5496 interpretatione
1636 5424 1833 5479 Hiero-

228 5498 606 5567 nymi,negat
630 5494 695 5551 se
720 5510 833 5568 pro
850 5494 1157 5568 Joannein
1180 5494 1473 5568 sacriﬁcio
1496 5495 1831 5568 sciitumsic

228 5569 457 5647 precari
483 5584 499 5627 :
522 5567 797 5638 Domine,
824 5572 1046 5638 prmia
1060 5567 1288 5625 Joanm'
1306 5574 1371 5625 ut
1402 5573 1560 5625 recte
1600 5567 1829 5641 credat,

813 4016 836 4050 ⁸
864 4015 1092 4073 Coloss.
1117 4033 1197 4085 Ill,
1233 4023 1286 4075 5.

1852 4255 1897 4307 D

2243 2711 2747 2769 Commendatztia
2774 2712 2856 2769 ad
2878 2716 3257 2770 monachum.

1992 2816 2113 2887 Ille,
2154 2820 2221 2873 ut
2251 2817 2353 2887 ait,
2381 2817 2801 2874 condemnans
2837 2818 2969 2875 vitae
3000 2820 3184 2891 hujus
3222 2821 3573 2892 vanitatem,

1921 2911 2103 2979 atque
2136 2909 2518 2979 exploratum
2549 2907 2782 2964 habens
2812 2909 3128 2981 praesentis
3156 2909 3288 2964 vitae
3316 2909 3580 2967 oblecta-

1922 3001 2128 3052 menta
2144 2997 2238 3052 hic
2256 2996 2439 3052 ﬁnem
2453 2995 2698 3065 habere,
2720 2998 3035 3053 materiam
3050 2997 3342 3054 duntaxat
3360 3002 3582 3056 aeterno

1924 3086 2049 3157 igni
2071 3086 2500 3159 praeparantia,
2526 3089 2582 3143 et
2602 3086 2719 3142 cito
2742 3088 3133 3157 transeuntia,
3157 3089 3457 3160 convenit,
3484 3103 3583 3145 me

1924 3175 2135 3232 volens
2166 3175 2243 3232 ab
2266 3175 2381 3232 hac
2410 3175 2631 3231 misera
2652 3175 2950 3249 valdeque
2981 3176 3262 3233 luctuosa
3324 3177 3445 3235 vita
3492 3194 3583 3234 se-

1924 3265 2156 3334 cedere,
2209 3280 2279 3321 ac
2344 3265 2565 3322 relictis
2615 3266 2812 3321 carnis
2858 3265 3267 3339 voluptatibus
3295 3266 3583 3341 deinceps

1923 3355 2088 3411 viam
2121 3355 2199 3410 ad
2222 3354 2459 3410 Domini
2485 3356 2837 3412 mansiones
2865 3355 3265 3412 deducentem
3326 3357 3582 3427 ingredi.

1927 3444 2222 3511 Quoniam
2247 3460 2412 3515 ergo,
2443 3444 2489 3499 si
2520 3445 2776 3500 instituti
2804 3461 2941 3501 vere
2972 3445 3128 3502 beati
3162 3446 3397 3502 sincero
3428 3447 3586 3504 desi-

1929 3534 2096 3591 derio
2128 3540 2379 3601 tenetur,
2410 3534 2713 3607 habetque
2745 3537 2807 3590 in
2841 3551 2954 3590 sua
2986 3536 3192 3591 anima
3242 3535 3477 3593 bonum
3518 3553 3587 3594 ac

1926 3623 2297 3679 laudabilem
2328 3639 2621 3693 amorem,
2650 3623 2905 3694 diligens
2936 3624 3255 3680 Dominum
3285 3628 3471 3681 Deum
3516 3642 3589 3682 ex

1930 3718 2054 3770 toto
2112 3714 2315 3777 corde,
2369 3718 2427 3769 et
2478 3730 2549 3770 ex
2600 3715 2737 3770 totis
2765 3714 2994 3769 viribus
3035 3719 3089 3774 et
3118 3730 3191 3769 ex
3218 3719 3341 3771 tota
3366 3720 3586 3780 mente,

1929 3818 2173 3859 necesse
2206 3807 2294 3858 est
2316 3808 2379 3858 ut
2410 3802 2491 3858 illi
2521 3802 2600 3858 ob
2624 3802 2832 3858 oculos
2864 3807 3063 3858 vestra
3094 3803 3289 3875 pietas
3317 3808 3495 3860 arctae
3518 3820 3590 3861 ac

1930 3895 2340 3964 coangustatee
2370 3892 2887 3949 viaaincommoda
2913 3898 2970 3948 et
2990 3893 3346 3963 asperitates
3380 3898 3585 3968 ponat,

1361 4018 1381 4053 ⁸
1413 4017 1569 4074 Psal.
1596 4033 1790 4084 cxviu,
1828 4019 1927 4072 l20

1931 4139 2109 4195 sedin
2127 4139 2289 4195 hunc
2301 4138 2836 4195 modum:Custodi
2848 4141 3019 4196 illum
3035 4141 3143 4212 qui
3167 4143 3461 4210 praedicat
3490 4158 3589 4201 ve-

1930 4212 2289 4280 ritatem,vel
2312 4217 2466 4267 certe
2494 4211 2595 4283 ita,
2609 4214 2690 4265 ’l’u
2707 4219 2950 4280 praesta,
2973 4211 3240 4280 Damine,
3257 4220 3311 4269 et
3338 4216 3588 4283 custodi,

1933 4292 1995 4339 ut
2020 4285 2125 4357 ille
2148 4286 2387 4357 uerbum
2413 4282 2697 4357 praedicet
2716 4286 3002 4357 veritatis.
3026 4290 3217 4357 Atque
3243 4286 3324 4339 ita
3344 4282 3591 4357 quidem

1933 4354 2183 4426 antiqui,
2209 4354 2257 4408 si
2279 4370 2461 4426 quem
2483 4354 2665 4408 tacito
2680 4355 2925 4409 nomine
2943 4354 3348 4423 designarent.
3361 4354 3472 4412 Sin
3487 4372 3591 4412 au-

1934 4432 2052 4481 tem
2076 4425 2395 4480 dominum
2425 4425 2646 4497 domus
2669 4440 2738 4480 ac
2767 4431 3197 4497 praepotentem
3222 4427 3440 4496 virum,
3470 4433 3593 4482 ute-

1931 4497 2154 4552 bantur
2183 4497 2297 4551 hac
2318 4512 2463 4552 voce
2487 4496 2661 4556 αὐτὸς.
2697 4496 2858 4551 velut
2902 4496 3253 4569 Pythagorei
3275 4498 3348 4552 de
3375 4500 3593 4569 magis-

1935 4574 2044 4638 tro,
2074 4569 2226 4628 αὐτὸς
2257 4571 2368 4639 ἔφα,
2402 4570 2521 4639 ipse
2542 4568 2720 4623 dixit.
2748 4567 2917 4632 Quod
2940 4569 3163 4623 idcirco
3189 4575 3465 4627 notatum
3493 4567 3594 4625 vo-

1933 4640 2036 4705 lui,
2061 4638 2305 4711 quiaiexr
2322 4641 2437 4694 hac
2459 4638 2880 4711 observatione
2903 4640 3171 4694 enitescit
3197 4639 3366 4695 locus
3395 4642 3593 4698 Basilii

1933 4727 2056 4792 non
2083 4710 2346 4792 ditifcilis
2368 4710 2702 4792 qui'tamen
2728 4710 3287 4792 torsitninterpretes‘.
3304 4716 3376 4792 .Is
3402 4719 3595 4792 exstat

1935 4783 1997 4837 in
2016 4784 2347 4838 Comment.
2372 4782 2435 4836 in
2462 4783 2683 4837 Isaiam
2705 4797 2771 4852 p.
2814 4785 2936 4847 498,
2962 4782 3019 4836 in
3052 4788 3179 4839 not.
3208 4782 3317 4838 Ubi
3342 4785 3592 4840 BasiliUs

1932 4854 2215 4925 observat
2248 4869 2351 4908 eos
2392 4853 2498 4925 qui
2539 4852 2600 4907 in
2649 4852 2889 4925 privatis
2921 4852 3209 4909 domibus
3243 4858 3593 4912 auctoritate

1937 4924 2285 4998 praecellunt
2314 4923 2470 4993 ipsos
2502 4923 2707 4979 vocari
2738 4923 2948 4998 solere.

2010 5001 2123 5063 (91)
2148 4998 2365 5049 Τούτου.
2399 4998 2570 5051 Deest
2599 5010 2671 5049 ea
2702 5011 2821 5049 vox
2842 4995 2901 5049 in
2924 4993 3165 5050 duobus
3195 5012 3341 5051 mss.

2008 5066 2207 5145 (92)_Ei
2236 5069 2407 5145 φύσει.
2431 5066 2931 5145 Designaturbac
2952 5081 3097 5145 voce
3120 5066 3421 5145 sincerum
3444 5071 3498 5124 et
3520 5068 3593 5124 si-

1937 5136 2284 5193 mulationis
2311 5153 2522 5209 expers
2546 5136 2935 5209 desiderium.
2964 5138 3055 5194 Sic
3104 5139 3287 5209 apud’
3325 5140 3591 5195 Athana-

1938 5209 2095 5264 sium
2117 5210 2177 5264 in
2196 5207 2459 5281 Epistola
2486 5207 2565 5264 ad
2582 5208 2931 5281 Epictetum,
2955 5226 3089 5281 quae
3111 5207 3261 5281 φῦσει
3292 5225 3593 5281 peragun-

1938 5286 2054 5347 tur,
2086 5282 2156 5353 iis
2184 5278 2317 5353 quae
2340 5282 2497 5353 Θέσει,
2526 5278 2806 5353 φαντασίᾳ,
2859 5278 3125 5347 δοκῆσειί
3150 5279 3208 5334 id
3241 5278 3327 5335 est
3368 5280 3503 5335 ﬁcte
3535 5286 3594 5337 et

1940 5351 2222 5423 simulate
2239 5368 2311 5408 ac
2341 5351 2697 5423 solaispecie
2716 5351 2889 5421 ﬁunt,
2930 5355 3340 5423 opponuntur.

2008 5424 2029 5443 '
2058 5422 2217 5479 Alias
2270 5421 2684 5496 CCCLXXXI".
2736 5421 2982 5496 Scripta
3011 5421 3247 5479 videtur
3310 5421 3591 5481 Caesareae

1939 5510 2079 5553 cum
2110 5500 2265 5553 esset
2292 5494 2625 5569 presbyter.
