4102 6194
442 245 457 250 '
536 232 641 287 295

1919 224 1975 282 S.
2017 223 2265 281 BASILII
2302 223 2521 281 MAGNI

3793 231 3899 287 296

533 367 796 425 eumque
809 350 1206 408 eonstituatin
1226 366 1331 423 spe
1349 350 1673 419 bonorum,
1692 366 1829 423 quae
1853 365 2015 405 nunc
2036 364 2179 405 non-

2305 347 2421 409 ὅλης
2448 345 2700 414 διανοίας,
2749 342 3139 419 ὑποδειχθῆναι
3193 345 3334 417 αὐτῷ
3380 348 3480 400 ὑπὸ
3529 356 3625 411 τῆς
3653 351 3900 426 ὑμετέρας

534 440 684 496 dum
705 440 1003 506 videntur,
1035 439 1142 496 sed
1166 439 1223 494 in
1254 438 1757 510 promissionibus
1778 438 2038 511 reposita
2052 441 2193 492 sunt

532 530 627 586 his
652 531 756 601 qui
784 531 953 600 102
1000 528 1249 584 Domino
1304 528 1469 598 digni
1515 528 2027 596 fuerint;idcirco
2085 542 2193 598 per

535 619 856 691 epistolam
886 618 1175 674 adhortor
1221 616 1767 689 incomparabilem
1823 621 2085 673 vestram
2128 615 2190 670 in

536 708 769 764 Christo
790 705 1241 779 perfectionem,
1272 710 1338 760 ut
1365 720 1525 776 eum,
1552 706 1599 760 si
1626 706 1753 761 ﬁeri
1775 709 1990 777 potest,
2017 704 2187 760 insti-

533 797 738 867 tuatis,
765 801 821 851 et
841 794 968 849 sine
992 810 1087 849 me
1111 794 1613 850 renuntiationem
1634 793 2066 862 illiisecundum
2088 792 2188 849 Dei

530 882 984 955 beneplacitum
1007 881 1365 947 conﬁciatis,
1389 897 1459 937 ac
1484 882 1839 937 informatur
1857 886 1914 938 et
1932 880 2187 936 elemen-

532 972 605 1029 tis
632 972 942 1027 imbuatur
965 971 1300 1026 secundum
1323 987 1395 1027 ea
1422 987 1559 1043 quas
1589 987 1626 1027 a
1655 972 1924 1027 Patribus
1967 969 2187 1027 sanctis

534 1065 757 1117 statuta
792 1064 848 1115 et
869 1060 1105 1131 scriptis
1125 1060 1419 1116 mandata
1437 1066 1577 1116 sunt
1604 1079 1617 1129 ;
1641 1060 1859 1117 deinde
1884 1063 1938 1117 ei
1962 1076 2184 1133 propo-

528 1154 751 1206 nantur
775 1148 982 1205 omnia
1008 1164 1381 1221 quaecunque
1397 1149 1473 1204 ad
1499 1150 1630 1205 vitae
1652 1150 1924 1205 asceticae
1942 1165 2181 1206 accura-

529 1242 654 1295 tam
682 1238 975 1294 rationem
1003 1237 1275 1302 attinent,
1305 1242 1360 1293 et
1386 1238 1471 1293 sic
1500 1238 1886 1309 (admittatur,
1943 1238 2182 1294 labores

529 1328 862 1400 prOpietate
893 1332 1108 1399 sponte
1126 1326 1487 1398 suscipiens,
1508 1343 1578 1383 ac
1602 1344 1730 1383 sese
1753 1328 1924 1385 suavi
1948 1328 2183 1385 Domini

524 1417 675 1487 jugo
706 1415 1104 1482 submittens;
1139 1420 1195 1470 et
1219 1416 1295 1470 ad
1320 1415 1716 1473 imitationem
1744 1416 1901 1472 illius
1924 1417 2028 1489 qui
2051 1432 2184 1489 pro-

529 1509 661 1577 pter
688 1521 801 1561 nos
828 1520 1055 1574 egenus
1103 1504 1297 1561 factus
1333 1510 1421 1561 est
1446 1507 1467 1541 ⁵
1491 1521 1861 1578 carnemque
1908 1507 2178 1576 gestavit,

527 1594 711 1650 vitam
738 1594 1078 1666 instituens,
1094 1611 1164 1650 ac
1188 1594 1527 1651 secundum
1544 1598 1922 1668 propositum
1936 1612 2181 1651 currens

2305 436 2593 500 θεοσεϐείας
2622 440 2687 489 τὰ
2718 432 2959 508 δυσχερῆ
2985 441 3074 487 καὶ
3106 432 3414 494 δυσάντητα
3441 445 3534 510 τῇς
3596 450 3778 503 στενῆς
3808 448 3901 495 καὶ

2298 528 2637 599 τεθλιμμένης
2662 523 2809 598 ὁδοῦ,
2845 525 2892 579 ἐν
2922 522 3099 578 ἑλπίδι
3131 522 3191 579 δὲ
3211 526 3365 579 κύτόν
3395 538 3732 589 καταστῆσαι
3782 534 3900 603 (93)

2297 624 2397 667 τῶν
2453 624 2540 668 νῦν
2595 621 2719 678 τέως
2793 620 2864 688 μὴ
2936 615 3277 688 ϐλεπομένων,
3346 614 3394 668 ἐν
3446 615 3776 689 ἐπαγγελίαις
3836 618 3900 673 δε

2299 702 2643 777 ἀποκειμένων
2700 703 2907 777 ἀγαθῶν
2961 713 3073 766 τοῖς
3121 706 3289 768 ἀξίοις
3352 714 3443 758 τοῦ
3514 712 3728 782 Κυρίου·
3808 706 3898 762 διό

2294 796 2504 866 γράφων
2546 796 2659 865 (94)
2696 794 2979 865 παρακαλῶ
3010 800 3103 853 τὴν
3136 793 3451 868 ἀσύγκριτον
3491 797 3632 868 ὑμῶν
3672 796 3720 848 έν
3758 806 3898 873 Χρι-

2298 891 2405 953 στῷ
2442 882 2754 950 τελειότητα,
2788 892 3030 936 τυπῶσαι
3060 883 3103 936 εἰ
3134 886 3296 936 οἷόντε
3346 888 3446 953 εἴη,
3478 890 3568 937 καὶ
3601 882 3742 958 δίχα
3791 908 3896 960 μου

2259 974 2265 981 ’
2293 980 2516 1030 ποιῆσαι
2544 978 2638 1031 τὴν
2666 993 2718 1026 τε
2749 976 3015 1044 ἁποταγὴν
3046 973 3187 1045 αὐτῷ
3228 976 3343 1043 (95)
3399 977 3534 1026 κατὰ
3584 978 3642 1026 τό
3676 974 3897 1049 ἀρέσκον

2294 1065 2422 1131 θεῷ,
2450 1066 2539 1114 καὶ
2564 1064 2975 1133 στοιχειωθῆναι
2994 1065 3105 1132 (96)
3125 1063 3280 1114 αὐτόν
3302 1066 3438 1115 κατὰ
3456 1066 3521 1115 τὰ
3542 1060 3769 1127 δόξαντα
3788 1073 3898 1128 τοῖς

2293 1150 2465 1223 ἁγίοις
2520 1154 2779 1224 Πατράσι,
2838 1157 2926 1204 καὶ
2977 1150 3247 1226 ὶγγράφως
3274 1152 3359 1204 ὑπ’
3405 1152 3574 1205 αὐτῶν
3605 1152 3897 1208 ἐκτεθέντα*

2292 1238 2400 1299 ἤδη
2463 1237 2522 1293 δε
2574 1241 2715 1312 αὐτῷ
2764 1243 3091 1316 προταθῆναι
3133 1244 3254 1312 (97)
3285 1242 3489 1295 ἅπαντα
3516 1247 3614 1295 ὅσα
3642 1251 3703 1315 τῇ
3740 1242 3895 1318 ίικρι-

2292 1328 2404 1402 ϐείᾳ
2428 1326 2574 1383 δοκεῖ
2596 1338 2657 1403 τῇ
2694 1330 2980 1403 ἀσκητικῇ,
3012 1336 3102 1383 καὶ
3154 1330 3318 1393 οὕτως
3371 1331 3529 1384 αὑτὸν
3576 1337 3895 1406 προσαχθῆ-

2290 1440 2375 1471 ναι
2403 1427 2474 1490 τῷ
2503 1418 2604 1491 βίῳ
2636 1422 2765 1491 (98),
2820 1420 3140 1495 αὐθαιρέτως
3180 1416 3554 1493 ἀναδεξάμενον
3592 1426 3711 1484 τοὺς
3764 1425 3892 1498 ὑπὲρ

2289 1516 2381 1570 τῆς
2447 1507 2707 1571 εὐσεϐείας
2771 1508 2996 1580 ἀγῶνας,
3052 1514 3142 1561 καὶ
3200 1512 3538 1582 ὑπαγαγόντα
3590 1511 3768 1564 ἑαυτὸν
3818 1520 3895 1583 τῷ

2290 1605 2512 1670 χρηστῷ
2559 1604 2651 1649 τοῦ
2711 1603 2905 1670 Κυρίου
2967 1598 3133 1669 ζυγῷ,
3188 1604 3277 1650 καὶ
3333 1601 3469 1651 κατὰ
3521 1604 3747 1672 μίμησιν
3796 1608 3893 1652 τοῦ

528 1684 607 1741 ad
619 1684 950 1741 vocationis
971 1700 1247 1757 superna:
1269 1685 1861 1757 przemium,laudem
1879 1686 2179 1742 aDomino

2294 1683 2365 1738 δι’
2394 1688 2531 1758 ἡμᾶς
2572 1690 2976 1759 πτωχεύσάντος
3023 1692 3112 1739 καὶ
3162 1690 3335 1762 σάρκα
3386 1686 3698 1763 φορέσαντος
3743 1689 3898 1742 πολι-

530 1778 964 1847 consequatur.
1025 1777 1147 1844 Ego
1200 1774 1361 1830 enim
1406 1774 1574 1830 illum
1629 1774 1725 1830 hic
1788 1775 2010 1831 amoris
2039 1791 2183 1845 erga

530 1865 719 1919 Deum;
753 1878 1042 1919 coronam
1074 1862 1345 1935 accipere
1368 1863 1706 1920 studentem
1737 1864 2182 1936 distuli,volens

526 1950 728 2024 ipsum
759 1968 898 2007 cum
925 1955 1127 2008 vestra
1184 1952 1402 2023 pietate
1431 1952 1722 2023 inungere
1768 1953 1847 2008 ad
1884 1953 2184 2024 ejusmodi

528 2040 877 2109 certamina,
906 2044 963 2096 et
987 2056 1178 2096 unum
1209 2056 1283 2095 ex
1309 2040 1498 2108 vobis,
1531 2056 1715 2112 quem
1745 2041 1876 2113 ipse
1927 2043 2180 2114 petierit,

527 2129 890 2201 magistrum
907 2130 960 2185 ei
980 2128 1302 2201 praeﬁcere,
1320 2132 1423 2201 qui
1441 2145 1578 2184 eum
1604 2129 1890 2201 praeclare
1913 2136 2184 2187 exerceat

526 2220 822 2275 etintenta
841 2235 911 2274 ac
932 2218 1108 2275 beata
1123 2217 1519 2274 sollicitudine
1542 2224 1875 2291 spectatum
1893 2220 2179 2276 athletam

526 2308 762 2374 efﬁciat,
796 2307 1133 2380 principem
1153 2307 1538 2363 tenebrarum
1561 2308 1743 2379 hujus
1767 2309 1966 2365 saeculi
1988 2313 2045 2365 et
2065 2309 2181 2382 spi-

525 2396 765 2453 ritualia
789 2396 1472 2469 nequitiae,quibuscum
1495 2397 1671 2453 nobis
1688 2399 2022 2454 secundum
2043 2398 2183 2455 bea-

525 2491 655 2544 tum
677 2486 1031 2561 Apostolum
1053 2486 1216 2542 lucta
1237 2492 1323 2543 est
1344 2489 1386 2558 ⁸,
1416 2487 1836 2544 vulnerantem
1859 2492 1915 2544 et
1930 2494 2183 2561 proster-

524 2580 787 2632 nentem.
840 2575 1013 2642 Quod
1066 2590 1209 2646 ergo
1266 2574 1548 2632 volebam
1603 2577 1921 2633 vobiscum
1980 2592 2178 2648 agere,

524 2669 721 2722 vestra
746 2666 807 2721 in
841 2665 1067 2721 Christo
1108 2664 1344 2721 dilectio
1370 2666 1551 2722 etiam
1583 2666 1712 2722 sine
1754 2682 1850 2723 me
1888 2666 2178 2739 perﬁciat.

2290 1777 2621 1847 τευσάμενον,
2714 1781 2803 1829 καὶ
2872 1778 3007 1829 κατὰ
3079 1781 3273 1829 σκοπόν
3326 1772 3596 1852 δραμόντα
3650 1782 3781 1854 πρὸς
3834 1783 3896 1831 τὸ

2293 1863 2536 1939 βραϐεῖον
2592 1874 2688 1928 τῆς
2742 1867 2847 1917 οἰνω
2922 1865 3172 1928 κλήσεως,
3230 1874 3413 1937 τυχεῖν
3457 1874 3547 1927 τῆς
3610 1870 3758 1943 παρὰ
3800 1871 3898 1920 τοῦ

2292 1959 2487 2026 Κυρίου
2564 1950 2865 2025 ἀποδοχῆς.
2938 1955 3069 2025 Ἐγὼ
3144 1956 3245 2028 γὰρ
3307 1951 3681 2016 σπουδάζοντα
3736 1956 3895 2008 αὐτὸν

2290 2040 2511 2095 ἐνταῦθα
2541 2039 2796 2105 δέξασθαι
2830 2046 2917 2095 τὸν
2943 2052 3040 2105 τῆς
3068 2046 3203 2096 κατὰ
3258 2047 3388 2097 Θεὸν
3434 2043 3640 2116 ἀγάπης
3699 2048 3895 2117 στέφα-

2289 2151 2372 2184 νον
2416 2132 2755 2206 ὑπερεθέμην,
2803 2132 3115 2206 βουλόμενος
3165 2136 3298 2206 μετὰ
3359 2142 3457 2196 τῆς
3495 2134 3743 2209 ὑμετέρας
3778 2136 3889 2188 θεο-

2294 2220 2489 2282 σεϐείας
2546 2220 2756 2293 ἀλεῖψαι
2810 2222 2964 2274 αὐτον
3020 2226 3146 2296 πρός
3199 2226 3321 2285 τοὺς
3358 2226 3623 2285 τοιούτους
3681 2223 3893 2292 ἄθλους,

2289 2316 2378 2362 καὶ
2412 2312 2497 2363 ἕνα
2526 2310 2579 2362 ὃν
2606 2310 2665 2362 ἂν
2692 2312 2834 2383 ὑμῶν
2875 2311 3031 2373 αὐτὸς
3070 2311 3368 2386 ἐπιζητὴση
3422 2311 3707 2371 ἐπιστῆσαι
3751 2313 3894 2384 αὐτῷ

2291 2398 2557 2467 ἀλείπτῆν,
2599 2398 2766 2461 καλῶς
2796 2396 3245 2475 παιδοτριϐοῡντα
3274 2406 3365 2453 καὶ
3394 2400 3690 2460 παλαιστὴν
3748 2398 3897 2454 δόκι-

2289 2508 2384 2562 μον
2434 2487 2848 2564 ἀπεργαζόμενον
2899 2486 2994 2541 διὰ
3043 2497 3131 2551 τῆς
3189 2494 3435 2543 συντόνου
3488 2511 3578 2543 και
3622 2496 3896 2566 μακαρίας

2291 2577 2600 2651 ἐπιμελείας,
2644 2584 3004 2651 τιτρώσκοντα
3060 2584 3151 2632 καὶ
3204 2579 3596 2633 καταϐάλλοντα
3649 2584 3735 2632 τὸν
3810 2600 3899 2633 κο-

2295 2670 2631 2740 σμοκράτορα
2658 2675 2750 2719 τοῦ
2784 2673 3005 2730 σκότους
3033 2672 3154 2731 τοὺς
3184 2669 3367 2731 αἰῶνος
3393 2673 3496 2740 (99)
3556 2672 3763 2737 τούτου,
3805 2676 3898 2722 καὶ

524 2758 589 2807 τὰ
626 2756 953 2827 πνευματικὰ
1013 2750 1072 2806 δὲ
1126 2763 1222 2815 τῆς
1286 2760 1561 2829 πονηρίας,
1632 2759 1760 2831 πρός
1791 2756 1825 2807 ἂ
1888 2759 2012 2829 ἡμῖν
2080 2756 2195 2809 ἐστι
2250 2758 2383 2809 κατὰ
2441 2760 2527 2808 τόν
2593 2759 2850 2832 μακάριον
2918 2757 3233 2812 Ἀπόστολον
3286 2761 3314 2818 ἠ
3384 2758 3544 2818 πάλη,
3608 2758 3673 2810 ⁴⁸ο
3729 2763 3900 2811 τοίνυν

525 2842 624 2915 ἐγὼ
649 2844 763 2916 μεθ’
800 2844 945 2916 ἡμων
984 2842 1274 2903 ἠϐουλήθην
1312 2853 1555 2915 ποιῆσαι,
1595 2847 1624 2905 ἠ
1669 2844 1719 2898 έν
1762 2852 1969 2920 Κριστῷ
1995 2848 2137 2920 ὑμῷν
2178 2845 2355 2919 ἀγάπη
2398 2850 2487 2899 καὶ
2527 2842 2667 2919 δίχα
2703 2866 2804 2920 μου
2842 2850 3138 2906 ποιησάτω.

1073 2971 1269 3027 EPITO
1278 2971 1365 3026 LA
1402 2971 1608 3028 XXIV'.

2856 2978 3193 3027 ΕΠΙΣΤΟΛΗ
3235 2972 3350 3028 ΚΔ’.

521 3076 717 3148 Negat
741 3076 1007 3133 Basilius
1036 3092 1096 3133 se
1124 3078 1447 3134 calumniis
1472 3077 1662 3148 facile
1682 3078 2005 3205 credbidisse
2029 3094 2051 3147 ,'
2064 3077 2359 3206 thortatutr
2371 3078 2808 3207 filiaritasium,
2830 3085 2896 3136 ut
2917 3079 3154 3136 nullum
3177 3080 3303 3136 illis
3337 3080 3434 3136 det
3475 3080 3670 3136 locum
3707 3094 3779 3136 ac
3830 3079 3881 3135 li

1840 3166 1989 3207 eros.
2020 3167 2058 3206 u
2106 3166 2223 3207 nar
2242 3166 2300 3207 es
2335 3192 2349 3207 .
2417 3168 2431 3205 ι
2466 3166 2564 3207 ιοα
2602 3192 2615 3206 .

1840 3166 1989 3219 eros,
2020 3166 2084 3206 ut
2102 3166 2223 3221 par
2242 3166 2349 3219 εει,
2371 3166 2615 3222 amgat.

593 3235 954 3307 Athanasio,
972 3236 1305 3294 Athanasii
1329 3238 1592 3308 episcopi
1626 3239 1892 3309 Ancyra?
1914 3239 2104 3308 patri.

600 3413 669 3468 Ut
698 3412 961 3468 hominis
985 3414 1111 3470 vita
1166 3412 1486 3470 calumniis
1536 3414 1809 3487 superior
1862 3415 1956 3484 sit,
2000 3415 2063 3472 id
2106 3431 2180 3472 ex

525 3500 708 3557 rebus
736 3500 1104 3558 difﬁcillimis
1136 3518 1319 3558 unam
1348 3518 1500 3571 esse,
1528 3520 1601 3559 ne
1624 3504 1822 3560 dicam
1850 3520 1922 3560 ex
1947 3504 2017 3560 iis
2042 3521 2176 3577 qum

525 3589 653 3646 ﬁeri
682 3606 805 3647 non
832 3596 1105 3663 possunt,
1138 3596 1194 3647 et
1215 3591 1360 3647 mihi
1391 3607 1749 3663 persuasum
1789 3600 1896 3665 est,
1949 3600 2005 3651 et
2062 3599 2177 3651 tuae

524 3679 812 3752 probitati
841 3680 1097 3737 dubium
1129 3680 1387 3737 arbitror
1417 3692 1541 3737 non
1573 3698 1725 3739 esse.
1783 3684 1899 3740 Sed
1947 3683 2178 3740 nullam

524 3784 600 3827 ex
664 3786 726 3826 se
775 3786 1016 3840 ansam,
1069 3787 1265 3843 neque
1322 3771 1394 3826 iis
1418 3771 1521 3843 qui
1560 3788 1654 3828 res
1676 3779 1952 3831 accurate
1977 3774 2177 3831 obser-

523 3862 689 3929 vant,
722 3873 920 3931 neque
946 3858 1018 3914 iis
1048 3858 1153 3931 qui
1177 3858 1410 3929 injuriae
1442 3875 1628 3917 causa
1663 3860 1936 3933 lapsibus
1959 3862 2179 3920 nostris

597 4037 617 4070 ‘
649 4038 671 4091 Ι
702 4036 835 4092 Cor.
859 4052 982 4103 vm,
1014 4040 1074 4092 9.
1156 4038 1177 4072 ⁸
1209 4036 1426 4109 Ephes.
1454 4053 1534 4107 vi,
1566 4042 1649 4093 l2.

596 4214 618 4287 ‘_'
642 4212 800 4269 Alias
823 4215 955 4287 LlY.
990 4214 1219 4287 Scripta
1246 4221 1384 4271 ante
1415 4231 1645 4271 annum
1676 4220 1799 4274 369.

595 4284 705 4356 (93)
758 4284 1136 4344 Καταϐτῆσαιξ
1172 4290 1255 4344 lta
1306 4288 1746 4344 vetustissimus
1777 4287 1969 4345 codex
1999 4289 2175 4347 Coisl.

526 4356 679 4412 Editi
705 4366 1049 4416 καταστῆναι.

593 4429 707 4503 (si)
746 4431 1088 4503 Alcmenam»,
1126 4425 1487 4503 Deesté‘w'in
1528 4430 1932 4503 vetustissimo
1971 4432 2177 4489 codice

526 4499 702 4555 Coisl.
738 4506 794 4556 et
814 4499 1209 4557 de'in'dustria
1239 4502 1297 4555 in
1330 4500 1485 4556 Harl.
1523 4500 1785 4557 deletum
1811 4503 1941 4559 fuit.
1992 4505 2173 4561 Paulo

2209 3240 2249 3293 Ο
2290 3239 2569 3311 Αθανασίῳ
2630 3239 2705 3310 (1)
2782 3246 2852 3311 τῷ
2909 3243 3070 3314 πατρὶ
3142 3239 3455 3291 Ἀθανασίου
3508 3244 3599 3291 τοῦ
3684 3236 3901 3290 ἄπισκό·

2884 3348 2984 3380 που
3018 3328 3289 3403 Ἀγκίρας.

2357 3415 2478 3469 Ὀτι
2529 3420 2619 3489 μὲν
2683 3436 2952 3491 κρειττονα
3009 3414 3140 3469 εἶναι
3172 3414 3427 3469 διαϐολῶν
3468 3416 3739 3491 ανθρώπου
3770 3413 3897 3487 βίον

2288 3513 2386 3557 τῶν
2416 3505 2799 3577 χαλεπωτάτων
2827 3505 2989 3576 ἐστιν,
3040 3508 3123 3559 ἵνα
3156 3510 3228 3578 μὴ
3283 3514 3382 3559 τῶν
3433 3502 3701 3558 ἀδυνάτων
3762 3507 3897 3556 εἴπω

2290 3594 2442 3656 αὐτός
2465 3614 2519 3647 τε
2548 3599 2855 3668 πέπεισμαι,
2886 3600 2975 3648 καὶ
3003 3600 3097 3654 τὴν
3140 3600 3239 3654 σὴν
3279 3599 3633 3670 χρηστότητα
3687 3594 3895 3666 νομίζω

2287 3688 2359 3756 μὴ
2418 3683 2777 3757 ἀμφιϐάλλειν·
2835 3688 2894 3737 τὸ
2937 3681 2995 3737 δε
3048 3685 3125 3756 (2)
3178 3680 3442 3757 μηδεμίαν
3517 3687 3769 3759 παρέχειν
3838 3682 3894 3747 ἐξ

2288 3771 2480 3824 ἑαυτῶν
2514 3810 2517 3813 ς
2550 3772 2732 3840 λαϐὴν,
2789 3779 2921 3847 μήτε
2976 3780 3085 3834 τοῖς
3144 3771 3369 3847 ἀκριϐῶς
3436 3772 3751 3847 έπιτηροῦσι
3823 3774 3895 3824 τὰ

2286 3866 2593 3938 πράγματα,
2658 3868 2789 3937 μήτε
2843 3869 2949 3924 τοῖς
3010 3862 3121 3917 κατ’
3193 3862 3437 3937 ἐπήρειαν
3520 3858 3893 3936 ἐφεδρεύουσιν

2286 4222 2411 4275 tam
2431 4218 2706 4285 fuisse,ut
2721 4216 2973 4291 fratrum
2990 4232 3249 4291 numero
3259 4216 3892 4291 postlegitimampro-

2286 4291 2591 4346 bationem
2610 4290 3068 4345 ascriberentur.
3088 4289 3413 4345 Nihilaliud
3433 4290 3686 4358 exigitur
3704 4289 3763 4345 in
3780 4292 3892 4346 Re-

2287 4361 2442 4430 gulis
2457 4362 2783 4417 fusioribus
2796 4362 3080 4432 interrog.
3096 4364 3157 4425 Χ,
3171 4360 3274 4417 ubi
3290 4360 3510 4416 modus
3521 4361 3893 4432 recipiendo-

2284 4448 2419 4489 rum
2434 4433 2681 4488 fratrum
2694 4431 3434 4504 praescribiturJncanone
3450 4431 3891 4504 autem’lQhanc

2284 4502 2713 4577 professionem
2722 4504 2962 4577 tacitam
2976 4510 3153 4577 vocat
3167 4502 3548 4577 Basilius;sed
3560 4504 3742 4559 satius
3754 4519 3891 4560 esse

524 4575 665 4642 post
688 4570 907 4627 desunt
935 4572 996 4626 in
1025 4571 1264 4628 duobus
1287 4572 1597 4628 codicibus
1622 4574 1712 4628 hie
1734 4590 1933 4641 voces,
1962 4573 2009 4626 ἐν
2041 4584 2172 4651 Χρι-
2204 4593 2248 4646 D
2287 4570 2512 4654 statuit,
2532 4575 2892 4654 utdeinceps
2913 4574 3028 4654 ipsi
3053 4575 3235 4654 etiam
3286 4574 3399 4654 viri
3424 4570 3892 4654 interrogentur

527 4661 655 4697 στω,

596 4715 711 4783 (95)
752 4711 937 4790 ᾼύτῷ..
958 4715 1094 4768 Haec
1125 4714 1347 4790 codicis
1378 4715 1668 4790 Harlaeani
1724 4716 2016 4790 scriptura
2046 4718 2172 4775 vul-

524 4789 681 4858 gatae
703 4784 862 4836 αὐτου
885 4784 1014 4841 visa
1035 4790 1125 4841 est
1155 4787 1548 4858 praeferenda.

595 4856 1171 4933 (96)_2101;(ztw6ivqt_t:
1199 4857 1347 4933 Ed_i_t_i
1378 4858 1610 4933 addunt
1641 4867 1776 4927 Θεῶ,
1817 4859 1982 4933 quod
2017 4865 2174 4918 recte

524 4925 691 4982 deest
718 4927 778 4982 in
810 4924 913 4982 sex
944 4928 1238 4983 veteribus
1273 4924 1497 4984 libris.‘

594 4998 703 5077 (97)
732 5001 1081 5077 Προταθῆναι.
1139 5002 1224 5056 lta
1251 5006 1481 5073 septem
1511 5017 1658 5057 mss.
1694 5001 1843 5059 Edili
1892 5006 1949 5059 et
1997 5002 2171 5060 Coisl.

490 5078 493 5081 λ
522 5073 756 5143 primus
785 5073 1118 5143 προτεθῆναι.

595 5141 1231 5221 (98λῐ1ρ-οσαχθῆναιιτῷ
1263 5142 1386 5215 βίῳ.
1411 5144 1889 5221 _Cum__nonnulla
1926 5144 1988 5201 in
2013 5146 2173 5203 hanc

523 5212 840 5284 epistolam
870 5212 1231 5285 irrepserint,
1256 5212 1531 5285 suspicor
1558 5215 1820 5289 inuam;
1852 5216 2056 5289 pio,ex
2077 5233 2175 5274 eo—

521 5298 658 5358 rum
685 5301 935 5341 numero
952 5302 1112 5358 esse,
1132 5301 1267 5357 quae
1290 5287 1834 5358 perperamaddita
1852 5287 2173 5345 ‘sunt.Nam

522 5355 775 5431 i‘squem
796 5355 1185 5431 commendat
1202 5355 1717 5431 Basilius,volebat
1736 5359 2079 5431 renuntiare
2101 5369 2172 5431 τῷ

524 5421 648 5497 ﬂigi,
675 5430 911 5491 saeculo,
938 5433 1005 5484 ut
1031 5432 1118 5483 est
1148 5429 1208 5483 in
1238 5427 1407 5483 titulo
1445 5421 1578 5483 cod.
1636 5429 1794 5484 Harl.
1855 5421 2171 5496 Quomodo

523 5511 667 5575 ergo
695 5505 870 5575 rogat
891 5500 1311 5575 Basilius,eum
1342 5499 1562 5575 ascribi
1583 5508 1654 5570 τῷ
1668 5499 2173 5575 ΑβίῳῩΡΘΓβρίοὶίω·

524 5571 729 5626 autem
753 5584 827 5628 ex
854 5570 971 5628 hoc
989 5570 1124 5630 loco
1164 5569 1601 5643 professionem
1624 5569 1889 5631 virorum
1913 5569 1975 5632 in
1997 5590 2068 5634 eo
2091 5574 2166 5634 si-

2285 4647 2368 4717 (id
2390 4647 2547 4701 enim
2572 4661 2693 4701 non
2722 4646 3108 4701 omittebatur
3128 4646 3189 4701 in
3211 4646 3398 4717 sacris
3420 4646 3791 4717 virginibus),
3828 4652 3891 4704 et

2285 4716 2495 4775 eorum
2524 4724 2665 4773 vota
2692 4720 2997 4789 conceptis
3027 4716 3224 4789 verbis
3254 4716 3649 4789 excipiantur,

2354 4792 2468 4860 (99)
2497 4788 2599 4841 Τοῦ
2639 4789 2841 4850 αἰῶνος.
2872 4787 3000 4843 Haec
3020 4787 3239 4843 desunt
3262 4788 3321 4860 in
3351 4787 3557 4844 cbdice
3614 4787 3889 4847 Medicaeo

2284 4864 2341 4917 et
2365 4859 2623 4931 utroque
2650 4860 2829 4929 Regio
2856 4876 2927 4915 ac
2949 4864 3202 4931 utroque
3234 4859 3419 4930 Bigot.

2355 4933 2434 5001 (ί)
2461 4929 2775 5003 Ἀθανασίῳ,
2808 4939 2918 4987 etc.
2953 4929 3124 4985 Editf
3152 4929 3546 5003 postfvocem
3597 4929 3889 5003 ἕπισκόπου

2284 5000 2520 5075 addunt
2540 5000 2827 5075 ΪΑγκύρας,
2849 5017 2985 5075 quae
3013 5017 3127 5075 vox
3140 5000 3197 5057 et
3218 5002 3267 5056 si
3287 5001 3349 5057 in
3363 5000 3749 5075 nullocodice
3764 5018 3890 5058 ms.

2285 5091 2321 5130 a
2340 5074 2516 5130 nobis
2535 5072 2800 5146 inventa,
2830 5072 3161 5146 probabilis
3182 5073 3751 5146 tamen_conjec_tura
3772 5078 3891 5143 est,

2281 5146 2679 5203 Athanasium
2699 5143 2866 5201 illum
2888 5144 3264 5217 episcopum,
3312 5143 3486 5217 cujus
3551 5143 3892 5217 adpatrem

2282 5217 2487 5273 scribit
2518 5217 2786 5281 Basilius,
2813 5215 2936 5271 non
2958 5215 3294 5288 aliumesse
3317 5215 3888 5288 Athanasio—Ancy-

2281 5304 2363 5360 rae
2392 5288 2697 5360 episcopo,
2719 5288 2965 5360 quicum
2990 5286 3242 5360 Basilius
3273 5286 3539 5343 amicitia
3595 5291 3653 5342 et
3711 5286 3891 5344 fami-

2280 5358 2532 5415 liaritate
2554 5358 2907 5429 ednjunctus
2930 5358 3056 5429 fuit.

2354 5431 2431 5516 (2)
2554 5427 2647 5520 δέ,
2666 5427 2823 5520 ᾗςυιιὶ
2855 5428 3185 5520 οοάξοεετὸ
3211 5428 3699 5520 phrenetpaulo
3733 5435 3892 5520 post

2280 5497 2433 5639 ιςὲῡτρ
2461 5497 2528 5589 δή
2546 5544 2559 5557 .
2594 5501 2822 5558 Ibidem
2846 5516 2954 5558 sex
2980 5500 3119 5558 libri
3145 5497 3377 5558 veteres
3407 5499 3460 5565 ἐξ
3479 5497 3692 5555 ἑαυτῶν.
3731 5497 3889 5559 Editi

2280 5591 2303 5627 ε
2353 5592 2545 5632 αυτων.
2658 5586 2661 5591 ’

2278 5591 2332 5632 ες
2353 5592 2545 5632 αυτων.
