4102 6194
204 278 306 337 297

1221 277 1708 334 EPISTOLARUM
1745 273 2030 331 CLASSIS
2069 275 2109 329 Ι.
2138 274 2353 332 EPIST.
2384 278 2539 332 XXV.

3464 279 3572 334 298

200 406 343 478 ἡμῶν
374 409 483 463 τοῖς
506 401 854 474 ὀλισθήμασι,
894 404 1049 453 τοῦτο
1095 403 1186 453 καὶ
1234 397 1475 468 δυνατὸν,
1523 405 1615 453 καὶ
1667 397 1808 453 ἴδιον

1923 398 2298 468 insidiantur,
2330 399 2631 472 praebere;
2663 398 2725 455 id
2765 403 2822 457 et
2855 400 2982 457 ﬁeri
3020 403 3234 473 potest,
3281 403 3335 457 et
3383 400 3577 458 homi-

201 502 297 547 τῶν
325 500 551 553 συνετῶς
582 491 659 562 (3)
698 496 789 542 καὶ
839 492 976 542 κατά
1022 494 1108 543 τὸν
1156 500 1249 554 τῆς
1298 490 1561 554 εὐσεϐείας
1614 494 1808 544 σκοπὸν

200 586 281 637 τὸν
343 582 541 635 ἑαυτῶν
592 578 708 652 βίον
767 574 1148 651 διεξαγόντων.
1212 580 1372 652 Ἠμᾶς
1431 578 1490 633 δε
1540 585 1610 653 μὴ
1646 581 1809 641 οὕτως

203 671 441 733 εὐκόλους
498 672 610 723 οἵου
643 713 657 737 ,
722 664 861 739 μηδέ
950 668 1352 745 εύπαραγὼγους
1416 668 1584 736 εἶναι,
1675 671 1809 722 ὥστε

204 760 555 824 ἀνεξετάστως
612 759 702 818 τὰς
770 759 913 830 παρὰ
977 766 1077 811 τῶν
1154 762 1424 830 τυχόντων
1488 760 1809 832 προσίεσθαι

199 849 569 924 καταρῥήσεις.
608 849 930 919 Μεμνήμεθα
965 850 1066 922 γὰρ
1126 854 1218 900 τοῦ
1273 855 1623 921 πνευματικοῦ
1680 867 1810 923 παρ-

200 940 546 1013 αγγέλματος,
615 940 687 1009 μὴ
752 945 954 1011 χρῆναι
1016 934 1420 1010 προσδέχεσθαι
1484 936 1646 995 ἀκοὴν
1710 958 1809 1010 μα-

197 1034 351 1082 ταίαν
402 1034 825 1102 παρεγγυῶντος.
886 1025 1026 1084 Πλὴν
1076 1024 1186 1078 ἀλλ’
1230 1024 1411 1085 ἐπειδὴ
1462 1028 1609 1099 ὑμεῖς
1664 1026 1810 1078 αύτοί

200 1137 345 1191 φατε,
400 1119 451 1169 οἱ
503 1120 622 1191 περὶ
685 1118 801 1176 τοὺς
849 1114 1035 1187 λόγους
1087 1111 1494 1181 ἐσπουδακότες,
1539 1117 1607 1168 τὰ
1636 1117 1811 1187 φαινό-

194 1227 323 1281 μενα
352 1215 455 1259 τῶν
496 1204 700 1278 ἀφανῶν
740 1201 871 1258 εἶναι
925 1210 1137 1278 σημεῖα,
1196 1210 1348 1257 τοῦτο
1402 1203 1644 1277 ἀξιοῦμεν
1692 1208 1806 1271 (καὶ

194 1301 265 1371 μὴ
304 1295 513 1370 βαρέως
544 1290 695 1367 δέξῃ,
726 1296 841 1347 εἴτι
865 1291 913 1346 ἕν
944 1294 1023 1361 (4)
1075 1289 1431 1354 διδασκαλίας
1461 1289 1589 1346 εἴδει
1616 1292 1809 1365 λεχθή-

201 1405 352 1439 σεται
380 1384 507 1457 παρ’
539 1385 707 1456 ἡμῶν
741 1385 808 1435 τὰ
834 1386 935 1458 γὰρ
978 1381 1168 1442 ἀσθενῆ
1220 1390 1313 1435 τοῦ
1356 1386 1560 1456 κόσμου
1610 1387 1700 1434 καὶ
1744 1384 1812 1435 τὰ

194 1473 572 1547 ἱξουθενημένα
609 1471 869 1536 ἐξελέξατο
922 1473 947 1523 ό
1000 1474 1146 1539 Θεὸς,
1206 1477 1296 1524 καὶ
1344 1468 1419 1524 δι’
1477 1472 1643 1525 αὐτῶν
1690 1471 1811 1524 πολ-

194 1562 341 1623 λάκις
372 1563 634 1633 οἰκονομεῖ
674 1564 770 1619 τήν
813 1564 1076 1633 σωτηρίαν
1128 1568 1228 1612 τῶν
1281 1560 1628 1633 σωζομένων)·
1680 1561 1705 1612 ὃ
1751 1579 1812 1632 γε

192 1658 297 1725 μὴν
336 1651 472 1723 λὴω
518 1655 609 1703 καὶ
651 1649 1011 1725 παραγγελλω,
1072 1648 1232 1702 ἕκιῖνό
1293 1648 1426 1702 ἐστι·
1489 1651 1659 1701 πάντα

188 1741 369 1813 λόγον,
424 1746 603 1793 πᾶσαν
668 1735 727 1791 δε
792 1738 979 1813 πρᾶξιν
1049 1740 1388 1797 καθήκουσαν
1435 1742 1810 1813 περιεσκεμμέ-

189 1852 291 1892 νως
340 1828 716 1882 ἐπιτελεῖσθαι·
774 1833 864 1881 καὶ
916 1830 1052 1879 κατὰ
1097 1830 1155 1879 τὸ
1206 1825 1551 1880 ἀποστολικὸν
1610 1846 1810 1900 παραγ-

186 1919 386 1993 γελμα,
462 1914 731 1991 μηδεμίαν
806 1915 854 1968 ἒν
928 1913 1121 1989 μηδενί
1197 1912 1409 1969 διδόναι
1480 1921 1808 1989 προσκοπήν.

186 2014 403 2083 Πρέπον
462 2010 566 2083 γὰρ
616 2004 747 2059 εἶναι
818 2007 1047 2076 τίθεμαι,
1108 2002 1297 2081 ἀνδρὸς
1354 2005 1518 2058 πολλὰ
1728 2003 1812 2058 ἐπὶ

190 2100 435 2171 μαθήσει
460 2096 626 2168 λόγων
660 2092 997 2169 ἱδρώσαντος,
1039 2095 1196 2147 έθνων
1245 2091 1306 2147 δε
1350 2099 1440 2147 καὶ
1484 2094 1675 2147 πόλεων
1724 2092 1814 2167 ἀρ-

185 2190 296 2261 χὰς
354 2184 744 2251 διευθύναντος,
804 2190 896 2237 καὶ
950 2187 1079 2255 πρὸς
1127 2183 1356 2256 μεγάλην
1405 2187 1670 2258 προγόνων
1700 2182 1813 2257 ἀρεο

184 2282 286 2334 τὴν
326 2279 419 2327 τὸν
462 2274 619 2335 ζῆλον
650 2277 886 2346 ἔχοντος,
930 2276 1016 2326 τὸν
1059 2272 1173 2346 βίον
1211 2275 1525 2349 προκεῖσθαι
1586 2273 1653 2333 εἰς
1691 2274 1815 2325 ύπό-

188 2363 401 2439 δειγμα
450 2362 653 2438 ἀρετῆς.
716 2367 823 2421 Τὴν
870 2366 1045 2435 μέντοι
1100 2367 1220 2437 περὶ
1263 2364 1329 2414 τὰ
1380 2367 1531 2414 τέκνα
1576 2358 1814 2414 διάθεσιν

184 2453 322 2525 ούχί
352 2452 497 2523 λόγῳ
534 2458 623 2502 νῦν
672 2450 883 2523 ὀφείλεις
937 2446 1223 2518 δεικνύναι,
1283 2451 1338 2511 ὅς
1385 2469 1445 2520 γε
1482 2447 1641 2501 πάλαι
1673 2445 1813 2501 ἔδει·

185 2543 305 2609 ξας,
354 2540 445 2613 ἀφ’
478 2540 541 2593 οὗ
582 2544 756 2613 πατὴρ
789 2538 982 2610 ἐγένου,
1014 2538 1086 2610 ξού
1116 2543 1268 2610 μόνον
1301 2546 1360 2611 τῇ
1419 2546 1612 2610 φυσικῇ
1663 2557 1814 2611 στορ-

181 2639 258 2704 γῇ
295 2633 651 2703 κεχρημένος,
701 2629 763 2687 ἣν
810 2632 897 2679 καὶ
939 2630 1004 2679 τὰ
1046 2628 1211 2699 ἄλογα
1257 2632 1550 2702 παρέχεται
1602 2634 1711 2689 τοίς
1756 2626 1813 2679 ἐκ

182 2724 389 2792 γόνοις,
455 2722 529 2778 ὡς
601 2718 759 2779 αὐτὸς
814 2736 866 2769 τε
915 2714 1063 2778 εἶπας
1108 2722 1199 2769 καὶ
1256 2719 1469 2789 ἠπεῖρα
1525 2713 1812 2783 δείκνυσιν,

185 2809 325 2861 ἀλλά
354 2813 452 2859 καὶ
505 2810 771 2859 ἐπιτείνειν
803 2810 892 2864 τὴν
952 2804 1181 2877 ἀγάπην,
1235 2802 1478 2863 δηλονότι
1526 2804 1580 2856 ἐκ
1633 2824 1815 2877 προαι-

181 2904 409 2972 ρέσεως,
467 2898 578 2967 ὅσῳ
631 2898 756 2968 ὁρᾷς
808 2902 1027 2947 τοιαῦτα
1081 2899 1218 2963 ὄντα,
1270 2896 1356 2946 οἶα
1399 2894 1522 2957 ἀξια
1561 2895 1690 2946 εἶναι
1720 2914 1817 2946 πα-

183 2995 389 3059 τρικῶν
424 2993 762 3057 προσευχῶν.
790 2983 951 3036 Ὠστε
992 2983 1097 3056 ούχ
1144 2985 1279 3055 ἡμᾶς
1324 2980 1407 3035 δεῖ
1451 2988 1569 3058 περὶ
1618 2986 1812 3035 τούτων

1915 504 2064 544 num
2095 492 2182 544 est
2207 489 2538 561 prudenter
2567 493 2621 545 et
2642 490 3034 546 accomodate
3063 491 3141 547 ad
3173 491 3407 563 pietatis
3433 507 3573 547 nor-

1916 594 2083 633 mam
2111 578 2456 634 viventium.
2483 582 2599 634 Nos
2643 584 2847 634 autem
2877 595 2998 635 non
3030 580 3177 635 adeo
3208 580 3409 635 faciles
3444 597 3572 637 esse

1918 666 2243 736 arbitreris,
2268 673 2372 723 aut
2414 668 2567 723 adeo
2599 667 2896 733 credulos,
2952 673 3013 723 ut
3053 671 3180 723 sine
3224 672 3495 726 examine
3534 687 3571 727 a

1915 755 2236 829 quibusvis
2266 758 2729 814 obtrectationes
2762 758 3175 814 admittamus.
3200 761 3571 817 Meminimus

1917 846 2069 901 enim
2101 846 2423 919 spiritualis
2449 848 2751 920 praecepti,
2780 863 3006 903 vanum
3030 864 3334 904 rumorem
3357 850 3571 907 admit-

1917 935 2167 991 tendum
2197 952 2320 992 non
2362 953 2493 993 esse
2535 938 2980 995 admonentis".
3016 937 3131 993 Sed
3176 943 3381 993 tamen
3427 955 3573 1011 quo-

1919 1024 2084 1081 niam
2111 1041 2221 1081 vos
2250 1026 2386 1098 ipsi,
2419 1028 2522 1099 qui
2552 1026 2792 1082 dicendi
2841 1027 2953 1082 arti
2998 1026 3153 1083 datis
3195 1043 3464 1099 operam,
3500 1044 3572 1085 ea

1916 1128 2053 1185 quae
2084 1120 2380 1186 apparent
2399 1131 2521 1171 non
2542 1116 2961 1188 apparentium
2990 1116 3161 1188 signa
3192 1132 3325 1172 esse
3354 1117 3569 1185 dicitis;

1916 1201 2064 1257 illud
2094 1218 2412 1259 censemus
2451 1208 2584 1274 (nec
2623 1204 2871 1261 moleste
2911 1205 3087 1271 feras,
3122 1206 3173 1261 si
3216 1207 3385 1277 103
3423 1207 3570 1279 quid

1919 1305 1955 1347 a
1992 1291 2169 1347 nobis
2216 1292 2562 1348 docentium
2610 1309 2778 1349 more
2824 1294 3087 1350 dicetur:
3138 1310 3282 1350 nam
3327 1297 3571 1353 inﬁrma

1919 1379 2134 1435 mundi
2163 1385 2219 1435 et
2246 1379 2481 1451 abjecta
2508 1380 2683 1450 elegit
2714 1384 2866 1436 Deus
2888 1383 2930 1450 ⁸,
2976 1397 3047 1437 ac
3094 1399 3254 1455 saepe
3292 1400 3400 1455 per
3444 1384 3572 1440 haec

1918 1466 2242 1523 electorum
2270 1468 2524 1524 salutem
2555 1470 2921 1542 dispensat):
2958 1471 3147 1542 quod,
3174 1471 3450 1545 inquam,
3481 1473 3569 1528 di-

1920 1572 1990 1613 co
2018 1556 2461 1631 admoneoque,
2500 1558 2645 1614 illud
2672 1564 2762 1614 est
2794 1578 2807 1615 :
2866 1564 2926 1614 ut
2952 1576 3294 1617 sermonem
3325 1578 3571 1619 omnem

1918 1650 1976 1702 et
1993 1662 2237 1702 omnem
2263 1647 2548 1703 decoram
2572 1648 2873 1705 actionem
2889 1650 3263 1707 considerate
3285 1668 3573 1724 exsequa-

1841 1756 1879 1809 Β
1920 1750 2076 1803 mur,
2108 1739 2165 1790 et
2208 1735 2541 1791 secundum
2582 1737 2845 1808 Apostoli
2875 1744 3244 1810 praeceptum
3266 1742 3309 1807 ⁸,
3339 1740 3572 1798 nullam

1918 1822 2134 1878 demus
2154 1823 2274 1879 ulla
2291 1824 2351 1879 in
2373 1841 2434 1879 re
2452 1824 2868 1881 offensionem.
2884 1827 3097 1883 Decere
3114 1829 3274 1884 enim
3296 1830 3571 1899 arbitror,

1917 1917 1982 1967 ut
2010 1911 2115 1984 qui
2145 1913 2398 1969 multum
2431 1914 2491 1969 in
2522 1914 2796 1972 doctrina
2818 1916 3203 1988 percipienda
3231 1918 3571 1989 exsudavit,

1919 2001 2310 2073 gentiumque
2330 2006 2387 2059 et
2411 2002 2650 2059 urbium
2683 2003 3090 2074 gubernacula
3115 2006 3319 2075 tenuit,
3347 2023 3419 2063 ac
3447 2024 3575 2065 ma-

1920 2104 2105 2160 gnam
2126 2092 2577 2164 progenitorum
2599 2093 2874 2149 virtutem
2896 2094 3231 2166 aemulatur,
3247 2096 3435 2168 ipsius
3454 2099 3574 2154 vita

1920 2180 1982 2236 in
2012 2180 2245 2236 virtutis
2275 2183 2621 2255 exemplum
2652 2190 3046 2255 proponatur.
3091 2188 3270 2241 Porro
3300 2203 3573 2243 amorem

1921 2286 2067 2340 erga
2092 2270 2312 2327 liberos
2342 2287 2465 2328 non
2498 2272 2693 2328 verbis
2724 2289 2888 2330 nunc
2918 2274 3336 2332 demonstrare
3365 2276 3572 2345 debes,

1921 2359 2023 2432 qui
2051 2360 2256 2433 utique
2276 2361 2642 2434 jampridem
2672 2362 3118 2430 demonstrasti,
3153 2380 3225 2420 ex
3250 2380 3374 2437 quo
3406 2370 3578 2439 pater

1920 2449 2113 2505 factus
2152 2466 2251 2516 es;
2296 2466 2406 2505 nec
2454 2450 2714 2507 naturali
2749 2451 2945 2507 solum
2985 2469 3191 2509 amore
3236 2455 3343 2524 uti,
3391 2470 3575 2527 quem

1920 2538 2100 2594 etiam
2136 2540 2315 2595 bruta
2342 2540 2673 2596 animantia
2716 2540 2933 2596 fetibus
2974 2542 3097 2596 suis
3138 2542 3441 2609 exhibent,
3492 2544 3579 2601 uti

1922 2632 1979 2683 et
2007 2632 2068 2683 tu
2089 2628 2304 2699 dixisti,
2340 2634 2397 2685 et
2432 2630 2799 2702 experientia
2824 2630 3090 2686 declarat
3118 2648 3130 2685 :
3182 2633 3288 2687 sed
3317 2632 3578 2690 dilectio-

1922 2732 2062 2771 nem
2093 2717 2271 2772 etiam
2320 2717 2506 2773 animi
2549 2717 2896 2773 inductione
2940 2724 2998 2774 et
3047 2718 3351 2775 voluntate
3387 2722 3577 2777 inten-

1924 2805 2084 2875 dere,
2115 2822 2183 2861 eo
2215 2806 2409 2875 magis
2439 2808 2603 2879 quod
2631 2823 2736 2863 eos
2769 2807 2915 2863 tales
2955 2824 3088 2863 esse
3119 2808 3305 2877 vides,
3338 2810 3444 2881 qui
3472 2826 3577 2881 pa-

1924 2894 2103 2950 ternis
2132 2896 2281 2951 votis
2310 2895 2475 2965 digni
2510 2896 2648 2952 sint.
2701 2898 2895 2961 Quare
2938 2912 3061 2952 non
3111 2913 3265 2968 opus
3313 2902 3404 2952 est
3444 2898 3575 2955 hac

1922 2984 2098 3039 nobis
2126 2985 2497 3056 persuaderi,
2527 3001 2665 3041 cum
2696 2986 2840 3041 satis
2873 2985 2946 3041 sit
2976 2986 3382 3041 testimonium
3409 2987 3576 3059 quod

181 3077 495 3129 πείθεσθαι·
538 3073 779 3148 ἀρκοῦσα
826 3073 928 3147 γὰρ
978 3076 1006 3131 ἡ
1060 3072 1113 3135 ἕξ
1160 3072 1328 3124 αὐτῶν
1388 3081 1485 3125 τῶν
1534 3076 1809 3144 γινομένων

1924 3090 1994 3129 ex
2031 3072 2214 3128 rebus
2262 3072 2409 3145 ipsis
2456 3074 2800 3146 percipitur.
2870 3073 3016 3128 Illud
3071 3078 3270 3130 autem
3315 3075 3577 3131 veritatis

184 3165 311 3217 ἐστὶ
372 3167 669 3237 μαρτυρία,
741 3161 932 3215 Ἐκεῖνο
975 3181 1035 3233 γε
1094 3165 1198 3233 μὴν
1242 3160 1336 3213 οὐκ
1382 3162 1597 3233 ἄκαιρον
1651 3180 1813 3234 προσ-

184 3257 359 3308 θεῖναι
391 3262 492 3314 τῆς
526 3251 767 3312 ἀληθείας
797 3252 977 3318 ἕνεκεν,
1011 3252 1089 3303 ὅτι
1136 3250 1241 3322 ούχ
1298 3251 1322 3301 ὁ
1375 3246 1594 3321 ἀδελφὸς
1650 3254 1811 3321 Τιμό-

183 3346 301 3405 θεὸς
362 3342 510 3395 ἐστιν
580 3343 606 3393 ὁ
653 3346 1082 3416 χωρεπίσκοπος,
1143 3342 1168 3391 ὁ
1225 3341 1504 3410 ἀνενεγκὼν
1570 3340 1695 3412 ἡμῖν
1746 3341 1813 3391 τὰ

181 3434 575 3509 ὀρυλληθέντα.
608 3436 743 3484 Οὔτε
770 3434 872 3505 γὰρ
925 3430 972 3482 ἐν
1014 3435 1299 3502 συντυχία,
1343 3433 1459 3482 οὔτε
1504 3426 1598 3481 διὰ
1638 3430 1809 3503 γράμ-

179 3543 358 3597 ματος
408 3528 646 3594 φαίνεται
703 3525 890 3593 μικρὸν
948 3540 1001 3572 τι
1051 3519 1081 3578 ἢ
1132 3520 1309 3592 μεῖζον
1343 3515 1595 3578 διαϐολῆς
1626 3516 1809 3590 ἐχόμε-

179 3632 285 3665 νον
346 3619 466 3685 περὶ
533 3619 628 3663 σοῦ
688 3609 1061 3682 φθεγξάμενος,
1148 3607 1309 3661 Ὥστε
1377 3606 1653 3664 ἀκηκοέναι
1718 3611 1809 3680 μέν

179 3722 246 3753 τι
280 3706 364 3771 (5)
424 3700 517 3752 οὐκ
566 3699 880 3775 ἀρνούμεθω
937 3698 995 3750 ού
1048 3702 1151 3770 μην
1208 3698 1456 3769 Τιμόθεον
1529 3695 1657 3748 εἶναι
1720 3700 1806 3748 τὸν

171 3793 285 3852 τὰς
356 3786 610 3850 διαϐολάς
681 3808 766 3840 σοι
840 3787 1321 3847 κατασκευάζοντα.
1388 3786 1683 3847 Ἀκούοντες
1750 3782 1809 3838 δὲ

171 3882 424 3947 tiaran,
482 3878 526 3930 εἰ
576 3882 647 3950 μή
705 3897 759 3929 τι
805 3876 947 3941 ἄλλο,
1007 3879 1065 3929 τὸ
1122 3883 1248 3947 γοῦν
1313 3882 1405 3927 τοῦ
1467 3871 1805 3948 Ἀλεξάνδρου

170 3975 512 4041 ποιήσομεν,
564 3971 657 4024 τὴν
708 3966 881 4039 ἑτέραν
934 3973 1035 4017 τῶν
1077 3964 1242 4018 ἀκοῶν
1300 3963 1545 4039 ἀκεραίαν
1600 3983 1809 4036 ταμιευ-

168 4061 400 4133 σόριεθα
430 4060 511 4127 (6)
541 4064 613 4127 τῷ
646 4052 1061 4127 διαϐαλλομένῳ,

772 4150 1099 4198 ΕΡΙΣΤΟΛΗ
1124 4142 1239 4199 ΚΕ.

1922 3178 2107 3218 causa
2137 3178 2258 3216 non
2284 3162 2771 3234 intempestivum
2803 3162 3083 3233 adjicere,
3110 3163 3355 3219 fratrem
3386 3167 3576 3220 Timo-

1920 3252 2123 3307 theum
2152 3251 2653 3323 chorepiscopum
2702 3268 2825 3307 non
2865 3268 3016 3318 esse,
3057 3252 3161 3324 qui
3190 3268 3465 3308 rumores
3496 3253 3577 3309 ad

1920 3357 2033 3397 nos
2064 3340 2357 3395 detulerit.
2390 3344 2539 3397 Nam
2572 3357 2682 3396 nec
2720 3357 2949 3408 coram,
2988 3358 3185 3415 neque
3213 3359 3320 3415 per
3344 3343 3574 3399 litteras

1920 3430 2089 3501 parvi
2115 3429 2453 3502 quidquam
2480 3434 2585 3485 aut
2607 3432 2830 3499 magni.
2857 3431 3023 3503 quod
3053 3431 3369 3487 calumniae
3395 3432 3575 3490 afﬁne

1916 3526 2090 3585 esset,
2145 3519 2220 3574 de
2260 3524 2315 3574 te
2354 3520 2587 3575 locutus
2632 3520 3122 3592 deprehenditur.
3167 3522 3573 3587 Quamobrem

1917 3609 2143 3681 aliquid
2176 3625 2286 3664 nos
2317 3608 2624 3663 audivisse
2647 3625 2768 3664 non
2795 3625 3124 3679 negamus:
3177 3611 3284 3665 sed
3312 3610 3574 3666 afﬁrma-

1916 3715 2052 3754 mus
2090 3698 2465 3754 Timotheum
2506 3713 2630 3753 non
2669 3714 2819 3761 esse,
2860 3698 2964 3770 qui
3009 3699 3113 3754 tibi
3159 3700 3436 3755 struxerit
3475 3715 3571 3756 ca-

1913 3787 2198 3844 lumnias.
2227 3786 2484 3843 Omnino
2517 3790 2718 3841 autem
2760 3787 3090 3853 audientes,
3120 3787 3167 3841 si
3204 3787 3349 3842 nihil
3379 3787 3566 3855 aliud,

1912 3876 2059 3932 illud
2091 3880 2246 3931 certe
2272 3874 2593 3931 Alexandri
2620 3875 2928 3942 faciemus,
2963 3881 3026 3931 ut
3065 3875 3431 3933 calumniam
3462 3894 3568 3950 pa-

1913 3964 2079 4021 tienti
2106 3965 2354 4021 alteram
2385 3980 2594 4021 aurem
2623 3964 2919 4035 integram
2948 3981 3347 4023 reservemus.

2465 4141 2797 4197 EPISTOLA
2834 4142 3013 4199 XXV'.

157 4249 410 4303 Amica
444 4251 499 4300 et
534 4243 855 4300 charitatz's
889 4244 1071 4313 plena
1100 4242 1504 4311 expostulatio
1545 4256 1675 4296 cum
1711 4240 2045 4296 Athanasio
2073 4241 2424 4309 Ancyrano,
2457 4241 2563 4310 qui
2587 4240 2877 4313 Basiliam
2908 4255 3014 4295 nec
3034 4256 3148 4309 per
3187 4241 3417 4297 litteras
3458 4243 3565 4297 ad-

244 4318 591 4378 monitum.
626 4330 733 4371 nec
763 4330 872 4384 per
892 4311 1276 4369 communem
1303 4315 1563 4384 aliquem
1590 4314 1871 4384 amicum,
1896 4314 2105 4381 palam
2136 4318 2189 4367 et
2218 4318 2425 4384 aperte
2446 4311 2855 4365 insectabatur
2875 4318 2927 4366 et
2949 4313 3318 4382 minabatur,
3350 4329 3421 4370 ac
3448 4330 3566 4370 om-

242 4390 453 4446 nibus
491 4383 770 4443 Czsarea’
797 4386 1171 4442 venientibus
1200 4383 1434 4440 dicebat
1458 4398 1650 4439 noxas
1674 4383 1965 4455 quasdam
1996 4383 2071 4440 ab
2101 4398 2164 4440 eo
2191 4383 2372 4438 scribi
2394 4387 2448 4438 et
2480 4384 2771 4450 componi.

492 4485 791 4555 Ἀθανασίῳ
826 4486 905 4554 (7)
933 4481 1202 4553 ἐπισκόπῳ
1236 4482 1518 4553 Ἀγκύρας.

244 4578 305 4631 1.
374 4572 737 4645 ’.ἀπήγγειλάν
799 4575 890 4644 μοί
944 4589 1076 4631 τινες
1134 4578 1235 4622 τῶν
1301 4569 1355 4621 ἐκ
1406 4578 1503 4631 τῆς
1554 4569 1811 4642 Ἀγκύρας

152 4670 309 4742 προς
370 4667 527 4737 ἡμᾶς
580 4662 930 4735 ἀφικομένων,
966 4659 1144 4713 πολλοὶ
1194 4656 1252 4712 δὲ
1293 4659 1435 4711 οὗτοι
1465 4664 1554 4711 καὶ
1585 4655 1707 4711 οὐδὲ
1738 4661 1809 4729 (8)

1360 4839 1381 4873 ⁹
1422 4839 1467 4893 ll
1494 4838 1624 4893 Cor.
1646 4852 1727 4905 vr,
1758 4839 1813 4891 3.

234 4848 257 4882 ⁷
312 4839 535 4901 Exod.
566 4843 796 4907 xxm,i.
873 4840 894 4875 ⁸
936 4836 1107 4896 ICor.
1129 4854 1169 4908 ι,
1189 4841 1282 4893 27.

232 5027 325 5096 (3)
382 5025 636 5096 Συνεῖῷς.
670 5017 764 5075 Sic
785 5015 977 5087 Harl.,
1000 5014 1174 5073 Coisl.
1199 5018 1450 5088 uterque
1481 5018 1536 5071 et
1561 5017 1811 5085 uterque

152 5090 419 5167 Regius
454 5090 613 5167 Editi
642 5097 883 5167 συνετῷν.

230 5157 323 5241 (ἶ)
386 5168 536 5241 Eia
570 5160 639 5219 ἓν.
676 5158 996 5241 ἕξομαι-1.,
1034 5158 1177 5241 ,Μιξά
1222 5157 1401 5241 goisl.
1458 5160 1709 5241 uterque
1761 5160 1818 5212 et

154 5229 316 5311 Re‘g:
359 5236 638 5311 primus.
676 5231 903 5311 Edﬁitisi
937 5232 1088 5311 ςιὼς
1119 5229 1190 5311 iw.
1222 5229 1402 5285 Paulo
1430 5235 1568 5302 post
1594 5244 1697 5283 sex
1723 5244 1818 5283 co-

157 5299 345 5368 diri/es
362 5299 474 5359 ’δι’
517 5304 711 5357 αὐτῶν.
744 5302 897 5358 Editi
926 5299 1019 5354 διὰ
1047 5304 1264 5355 τούτων.

234 5386 327 5455 (‘5)
374 5384 494 5434 Μέν
522 5397 599 5430 τι.
634 5375 728 5455 Sic
745 5391 921 5455 ’ωςξᾲ
944 5389 1070 5428 sex.
1106 5372 1474 5455 Εάξιὶμέντοι.

372 5447 825 5525 Tantam-dyon.
856 5445 962 5525 _Sic
1014 5460 1127 5525 ope
1181 5442 1353 5525 Qoi’sl.
1420 5447 1441 5496 1
1499 5445 1557 5525 et
1603 5442 1744 5525 Rteg.
1785 5445 1818 5496 2

169 5502 681 5584 emvelndavimus‘
706 5502 875 5595 quod
895 5520 1030 5595 erat
1055 5502 1115 5595 in
1148 5502 1717 5595 editis‘razpzeuhduse‘a'.

244 5582 327 5662 {7)
384 5582 745 5661 Ἀθανασίῳῖ
778 5585 1027 5643 Addunt
1073 5586 1196 5644 duo
1228 5582 1467 5643 codices
1514 5582 1695 5641 ccisl.
1726 5597 1821 5638 se-

512 5693 767 5748 PATROL.
809 5687 914 5744 Gn.
953 5685 1136 5742 XXXII

2251 4478 2591 4533 Athanasio
2630 4481 2901 4548 episcopo
2940 4480 3219 4550 Ancyrae.

1992 4572 2038 4623 1.
2081 4566 2437 4622 Nuntiarunt
2483 4566 2628 4621 mihi
2669 4566 2919 4639 quidam
2966 4584 3039 4624 ex
3080 4570 3169 4624 his
3196 4570 3302 4643 qui
3332 4573 3570 4644 Ancyra

1915 4656 1994 4713 ad
2024 4672 2133 4713 vos
2165 4656 2432 4726 veniunt,
2466 4655 2637 4712 multi
2667 4662 2869 4713 autem
2900 4663 3041 4714 sunt
3064 4658 3147 4727 hi,
3170 4674 3239 4715 ac
3260 4676 3335 4716 ne
3364 4676 3573 4718 nume-

1922 5009 2158 5067 cundus
2206 5014 2261 5066 et
2304 5012 2443 5081 Reg.
2489 5015 2613 5079 222,
2654 5029 2691 5069 a
2742 5013 3101 5071 Combeﬁsio
3155 5016 3409 5073 citatus:
3443 5018 3576 5069 ὥστε

1962 5090 2218 5157 ανερῶσαι
2266 5083 2406 5159 αὐτῷ
2458 5086 2610 5135 πόθεν
2655 5084 2863 5145 ἐκινήθη
2919 5091 3047 5159 πρὸς
3087 5091 3180 5145 τὴν
3238 5089 3352 5139 κατ’
3417 5088 3576 5139 αὑτοῦ

1942 5154 2114 5212 λύπην,
2162 5155 2233 5228 Ut
2272 5154 2387 5209 sibi
2414 5157 2705 5228 signiﬁcet
2736 5157 2896 5213 unde
2925 5154 3249 5215 commotus
3274 5161 3477 5228 fuerit,
3512 5163 3579 5213 ut

1925 5227 2343 5300 agritudinem
2383 5227 2699 5284 adversum
2740 5244 2799 5285 se
2835 5234 3179 5300 susciperet.
3232 5227 3401 5285 Initio
3442 5227 3576 5285 eod.

1927 5300 2051 5353 Vat.
2079 5296 2376 5368 ἀνήγγελον.

1998 5372 2077 5437 (8)
2120 5374 2219 5421 Καὶ
2247 5367 2392 5427 οὐδέ.
2420 5370 2567 5425 Editi
2599 5374 2688 5423 καὶ
2721 5369 2809 5432 ούς
2839 5368 2981 5426 ούδέ.
3027 5370 3141 5429 Sed
3187 5370 3318 5425 haec
3366 5369 3585 5426 vocula

1927 5439 2095 5495 deest
2139 5441 2200 5494 in
2250 5441 2437 5497 tribus
2481 5443 2724 5514 Optimis
2767 5444 3077 5500 codicibus
3132 5441 3312 5510 Harl.,
3366 5441 3582 5570 Coﬁlsla,

3488 5529 3517 5570 ο
3568 5555 3581 5570 .

3488 5529 3581 5570 9C1.

2001 5582 2023 5605 '
2056 5581 2215 5640 Alias
2247 5584 2382 5648 LIII,
2418 5582 2640 5654 scripta
2675 5587 2811 5641 ante
2839 5600 2936 5642 an.
2970 5588 3094 5643 369.

3059 5684 3126 5739 10
