4070 6194
546 300 651 358 299

1933 295 1992 352 S.
2032 292 2258 351 BASlLI
2296 294 2515 351 MAGNI

3789 303 3885 357 300

544 439 679 480 rare
705 422 952 497 quidem
982 421 1152 481 facile
1184 422 1293 492 sit;
1334 436 1456 478 uno
1495 424 1698 479 autem
1730 436 1831 478 ore
1862 434 2076 477 omnes
2104 435 2192 475 re-

2307 418 2603 493 ἀριθμᾶσαι
2639 416 2844 495 ῥᾴδιον,
2903 421 3153 493 σύμφωνα
3195 417 3255 474 δὲ
3309 421 3495 485 πάντες
3545 424 3887 498 φθεγγόμενοι.

547 514 822 584 ferentes,
862 519 916 570 te
946 514 1200 570 charum
1243 516 1425 585 caput
1468 512 1803 585 (quomodo
1844 509 2039 566 verbis
2067 514 2201 565 utar

542 602 921 673 lenissimis?)
941 618 1064 658 non
1088 601 1443 657 suavissime
1474 601 1663 657 nostri
1697 599 2065 667 meminisse,
2100 612 2201 653 ne-

546 708 664 765 que
694 709 805 766 pro
834 692 952 749 tuis
972 691 1266 747 moribus.
1297 693 1380 747 Me
1412 705 1548 746 vero
1579 689 1724 746 nihil
1753 705 1953 745 rerum
1984 688 2198 743 huma-

544 798 785 849 narum,
818 782 1006 854 probe
1038 781 1214 852 scias,
1252 780 1537 852 percellit,
1581 795 1693 835 nec
1736 779 2099 850 cujusquam
2129 792 2201 833 ex

547 873 830 929 omnibus
852 872 1261 943 inexspectata
1287 869 1653 937 immutatio;
1676 884 1814 925 cum
1841 868 2075 923 dudum
2095 882 2201 922 na-

546 967 691 1019 turae
731 961 1198 1018 imbecillitatem
1227 966 1283 1017 et
1319 962 1380 1016 in
1411 961 1707 1017 contraria
1737 957 2199 1015 mutabilitatem

544 1052 972 1125 perspexerim.
1008 1050 1171 1106 Unde
1203 1065 1418 1122 neque,
1466 1050 1514 1105 si
1544 1049 1692 1122 quid
1735 1064 1933 1104 rerum
1965 1052 2197 1103 nostra-

542 1157 677 1197 rum
721 1145 879 1196 retro
925 1139 1285 1211 sublapsum
1334 1142 1442 1206 est,
1489 1143 1546 1194 et
1580 1154 1654 1193 ex
1686 1137 1934 1210 pristino
1969 1137 2197 1192 honore

542 1230 814 1287 convicia
839 1234 1017 1301 atque
1043 1228 1276 1299 injuriis
1305 1227 1481 1283 nobis
1509 1242 1670 1283 nunc
1699 1226 1872 1295 ﬁunt,
1899 1225 1960 1280 id
1989 1225 2197 1294 magni

540 1319 715 1376 facio.
749 1318 864 1374 Sed
892 1317 1041 1373 illud
1083 1317 1229 1372 mihi
1258 1332 1469 1372 revera
1511 1320 1724 1387 praeter
1765 1314 2115 1386 opinionem
2142 1317 2199 1369 et

540 1408 729 1464 instar
759 1406 1010 1463 monstri
1037 1406 1231 1461 visum
1257 1409 1364 1477 est,
1394 1422 1534 1461 eum
1566 1410 1619 1461 te
1647 1420 1782 1460 esse
1809 1404 1915 1477 qui
1944 1404 2023 1459 ita
2053 1418 2197 1472 erga

539 1513 651 1554 nos
683 1496 932 1553 affectus
965 1496 1069 1566 sis,
1099 1500 1166 1551 ut
1192 1495 1469 1551 irascaris
1498 1494 1677 1550 nobis
1711 1510 1780 1551 ac
1812 1508 2193 1563 succenseas,

538 1589 662 1644 imo
694 1588 872 1644 etiam
887 1591 1019 1658 jam
1051 1586 1248 1642 minas
1274 1585 1510 1657 aliquas
1541 1586 1820 1651 intentes,
1848 1587 1913 1639 ut
1932 1582 2196 1639 referunt

538 1679 644 1751 qui
671 1678 970 1734 audivere.
1001 1675 1173 1748 104
1194 1676 1276 1731 Ac
1300 1675 1501 1731 minas
1523 1675 1769 1746 quidem
1799 1673 2049 1730 omnino
2072 1686 2193 1738 (ve-

2311 510 2368 560 σε
2414 513 2507 566 τὴν
2566 508 2716 581 φίλην
2764 509 2986 583 κεφαλὴν
3046 512 3169 581 (πῶς
3234 509 3293 561 ἆν
3349 510 3589 584 εὐφήμως
3645 516 3836 587 εἴποιμι
3857 517 3891 585 ;)

2307 597 2413 668 οὐχ
2443 600 2508 658 ὡς
2538 595 2739 656 ἣδιστα
2772 600 3069 672 μεμνῆσθαι
3113 601 3280 671 ἡμῶν,
3314 596 3437 653 οὐδέ
3479 603 3613 654 κατά
3640 606 3725 654 τὸν
3754 623 3894 656 σεαυ-

2305 696 2396 741 τοῦ
2418 693 2630 763 τρόπον.
2678 688 2799 763 Ἐμὲ
2855 687 2915 743 δὲ
2961 687 3109 743 οὐδὲν
3162 688 3446 749 ἐκπλήσσει
3492 701 3589 745 τῶν
3639 692 3894 769 ἀνθρωπί-

2306 798 2421 846 νων,
2452 779 2506 830 εὖ
2542 781 2672 847 ἴσθι,
2734 776 2857 833 οὐδε
2894 776 3295 853 ἀπροσδόκητος
3347 779 3485 832 ἐστιν
3544 779 3754 846 οὐδενός
3806 793 3894 837 τῶν

2305 870 2509 920 πάντων
2548 868 2831 941 μεταϐολὴ,
2861 868 3023 922 πάλαι
3052 872 3109 921 τό
3154 877 3244 930 τῆς
3301 872 3498 942 φύσεως
3558 870 3770 935 ἀσθενὲς
3814 878 3895 927 καὶ

2306 960 2363 1008 τό
2404 956 2794 1033 εὐπερίτρεπτον
2852 962 2982 1033 πρὸς
3032 961 3098 1010 τὰ
3149 957 3350 1011 ἐναντία
3404 962 3894 1033 καταμαθόντα

2302 1046 2455 1101 Ὀθεν
2511 1048 2618 1102 οὔτ’
2676 1052 2720 1102 εἶ
2770 1070 2822 1102 τι
2867 1059 2965 1103 τῶν
3008 1052 3266 1125 ἡμετέρων
3299 1055 3686 1123 μεταπέπτωκε,
3729 1056 3822 1104 καὶ
3849 1051 3897 1104 ἐκ

2302 1145 2397 1199 τῆς
2438 1143 2685 1213 πρότερον
2738 1147 2896 1212 τιμῆς
2937 1136 3199 1212 λοιδορίαι
3245 1144 3334 1191 καὶ
3377 1140 3545 1213 ὕϐρεις
3594 1145 3711 1214 περὶ
3772 1144 3897 1214 ἡμᾶς

2303 1234 2392 1278 νῦν
2438 1233 2667 1298 γίνονται
2699 1229 2833 1294 (10),
2891 1234 3026 1301 μέγα
3069 1236 3223 1281 τοῦτο
3270 1237 3544 1302 ποιοῦμαι,
3590 1229 3721 1282 Ἀλλ’
3779 1230 3895 1282 ἐκεῖ·

2302 1319 2358 1367 νό
2388 1335 2478 1388 μοι
2507 1318 2631 1389 (li)
2659 1314 2959 1391 παράδοξον
3012 1320 3083 1379 ὡς
3138 1317 3343 1379 ἀληθῶς
3373 1324 3463 1371 καὶ
3502 1321 3753 1392 ὑπερφυὲς
3786 1318 3896 1392 ἐφά-

2302 1424 2386 1471 νη,
2419 1409 2477 1457 τὸ
2512 1408 2569 1457 σε
2622 1407 2751 1459 εἶναι
2802 1426 2889 1459 τον
2944 1408 3078 1459 οὕτω
3123 1411 3253 1482 πρὸς
3310 1409 3446 1480 ἡμᾶς
3498 1410 3707 1479 ἔχοντα,
3774 1411 3897 1462 ὥστε

2304 1493 2610 1568 ὀργίζεσθαι
2658 1498 2782 1568 ἡμῖν
2840 1501 2929 1549 καὶ
2999 1495 3353 1568 χαλεπαίνειν,
3432 1493 3539 1556 ἤδη
3596 1494 3658 1549 δέ
3711 1518 3768 1550 τι
3813 1502 3897 1550 καὶ

2303 1581 2548 1654 ἀπειλεῖν,
2604 1588 2673 1647 ὡς
2718 1586 2743 1636 ό
2786 1592 2884 1637 τῶν
2935 1584 3267 1637 ἀκουσάντων
3315 1585 3481 1657 λόγος.
3530 1593 3642 1639 Τῶν
3684 1590 3781 1659 μὲν
3818 1584 3897 1640 οὖν

2303 1672 2521 1726 ἀπειλῶν
2568 1679 2658 1726 καὶ
2703 1676 2837 1727 πάνυ
2892 1674 3180 1748 (εἰρήσεται
3235 1678 3337 1749 γὰρ
3390 1674 3633 1746 τάληθὲς)
3688 1679 3899 1748 κατεγέ-

537 1784 676 1824 rum
707 1767 867 1823 enim
896 1765 1150 1826 dicetur)
1181 1764 1355 1821 irrisi.
1400 1763 1693 1836 Equidem
1718 1779 1914 1819 essem
1943 1762 2192 1818 omnino

2303 1762 2457 1816 λασα·
2492 1760 2521 1821 ἦ
2553 1759 2748 1836 κομιδῇ
2776 1762 2826 1835 γ’
2873 1763 2933 1815 ἂν
2962 1770 3087 1824 παῖς
3118 1767 3244 1832 εἵην,
3277 1767 3344 1816 τὰ
3372 1773 3591 1817 τοιαῦτα
3633 1765 3901 1840 μορμολύ-

536 1872 706 1929 puer,
742 1856 792 1911 si
822 1853 1122 1927 ejusmodi
1150 1852 1538 1910 formidarem
1570 1851 1869 1909 terricula.
1902 1854 2022 1906 Hoc
2050 1866 2192 1906 vero

536 1947 684 2004 mihi
714 1952 770 2002 et
797 1944 1053 2001 terribile
1085 1949 1144 2000 et
1173 1943 1362 2000 multa
1391 1944 1646 2014 dignum
1678 1942 2075 2000 sollicitudine
2104 1941 2191 1997 vi-

536 2054 673 2095 sum
703 2040 813 2105 est,
846 2034 1011 2107 quod
1040 2034 1348 2104 integritas
1388 2038 1512 2103 tua,
1544 2048 1733 2106 quam
1773 2033 1923 2088 inter
1960 2046 2192 2103 paucos

535 2132 663 2184 tum
688 2130 859 2181 rectae
878 2123 1019 2179 ﬁdei
1039 2123 1513 2190 ﬁrmamentum,
1538 2126 1666 2177 tum
1698 2122 1911 2177 veteris
1934 2136 2004 2175 ac
2034 2136 2190 2175 veras

533 2213 867 2272 dilectionis
894 2227 1102 2268 semen
1132 2212 1192 2266 in
1222 2210 1507 2266 solatium
1534 2209 1806 2266 Ecclesiis
1829 2208 2051 2265 servari
2072 2224 2189 2264 cre-

532 2304 756 2372 dimus,
788 2318 984 2373 usque
1016 2299 1170 2356 adeo
1206 2299 1519 2371 praesentis
1550 2315 1751 2355 rerum
1793 2303 1981 2354 status
2011 2296 2189 2369 parti-

531 2408 677 2465 ceps
708 2391 799 2462 sit,
835 2395 896 2446 ut
919 2388 1328 2462 quorumlibet
1354 2387 1674 2444 hominum
1705 2386 2020 2444 calumniae
2052 2386 2189 2458 plus

531 2480 697 2555 apud
744 2486 798 2537 te
845 2478 1104 2541 valeant,
1156 2493 1344 2549 quam
1373 2476 1557 2548 longa
1583 2476 1769 2533 nostri
1798 2475 2185 2548 experientia,

530 2575 588 2627 et
616 2569 695 2626 ad
725 2584 928 2624 rerum
962 2565 1365 2622 absurdarum
1409 2564 1816 2637 suspicionem
1848 2564 1973 2619 sine
2006 2578 2188 2632 argu-

529 2660 747 2718 mentis
780 2656 1121 2715 abducaris.
1149 2657 1534 2727 Quanquam,
1562 2655 1710 2729 quid
1730 2655 1867 2710 dico
1895 2653 2185 2726 suspicio-

528 2751 712 2808 nem?
759 2748 868 2814 Qui
914 2747 1074 2803 enim
1105 2745 1453 2814 indignatus
1484 2750 1575 2800 est
1604 2760 1675 2800 ac
1705 2745 1990 2813 minatus,
2018 2748 2084 2799 ut
2112 2743 2187 2799 de

528 2844 583 2895 te
612 2837 896 2905 referunt,
928 2851 1051 2891 non
1097 2833 1480 2905 suspicantis,
1527 2834 1631 2889 sed
1653 2834 1785 2905 jam
1814 2833 1971 2889 clare
2002 2838 2060 2889 et
2084 2849 2184 2889 ex-

526 2928 757 3002 plorate
798 2925 1072 2999 persuasi
1118 2923 1351 2981 videtur
1383 2923 1659 2997 quodam
1710 2923 1898 2982 modo
1942 2924 2187 2981 iracun-

528 3018 696 3075 diam
725 3016 1090 3073 declarasse.

601 3114 653 3164 2.
699 3106 834 3175 Sed,
874 3110 940 3162 ut
969 3105 1111 3174 dixi,
1166 3103 1228 3159 in
1265 3104 1381 3161 hoc
1425 3108 1663 3176 tempus
1706 3119 1956 3160 causam
2000 3102 2186 3175 rejici-
2217 3131 2257 3187 ρ

531 3213 690 3253 mus.
745 3200 895 3252 Nam
942 3195 1153 3267 quanti
1200 3194 1424 3251 laboris
1467 3197 1615 3261 erat,
1657 3209 1693 3248 o
1723 3193 2100 3261 admirande,
2124 3193 2186 3249 in

529 3284 699 3342 brevi
744 3284 1016 3356 epistola,
1057 3284 1281 3355 quibus
1323 3283 1397 3339 de
1439 3283 1620 3339 rebus
1649 3281 1855 3353 velles,
1895 3282 2055 3339 velut
2097 3299 2189 3339 so-

530 3374 658 3431 lum
685 3390 824 3429 cum
856 3373 984 3429 solo
1009 3372 1268 3444 colloqui
1293 3390 1305 3428 :
1341 3377 1442 3428 aut
1471 3372 1519 3427 si
1547 3372 1755 3428 litteris
1776 3388 1870 3427 res
1891 3372 2191 3443 ejusmodi

532 3477 658 3522 non
687 3462 979 3529 crederes,
1010 3477 1123 3516 nos
1164 3460 1242 3516 ad
1286 3466 1340 3517 te
1378 3478 1685 3517 accersere
1707 3462 1734 3516 ‘I
1781 3462 1953 3527 Quod
1981 3462 2029 3516 si
2059 3463 2190 3518 haec

534 3552 784 3610 omnino
827 3550 1170 3606 renuntiare
1222 3549 1559 3621 oportebat,
1617 3566 1686 3605 ac
1739 3550 2010 3606 dilationi
2058 3567 2191 3623 spa-

534 3645 685 3702 tium
725 3657 846 3699 non
878 3640 1064 3697 dabat
1092 3639 1351 3695 difﬁcilis
1379 3638 1459 3695 ad
1502 3640 1905 3696 coercendum
1945 3641 2189 3696 iracun-

537 3734 640 3791 dia
666 3752 678 3801 ;
712 3736 773 3789 at
795 3735 951 3788 certe
972 3745 1161 3785 unum
1193 3728 1457 3802 aliquem
1483 3744 1555 3784 ex
1586 3728 2000 3797 familiaribus,
2033 3734 2090 3785 et
2116 3731 2191 3786 ad

538 3823 799 3894 tegenda
828 3835 1054 3878 arcana
1101 3819 1334 3876 idoneis
1378 3818 1596 3874 licebat
1647 3820 1942 3875 sermonis
1973 3819 2053 3876 ad
2080 3835 2192 3877 nos

539 3910 879 3985 perferendi
924 3909 1265 3964 ministrum
1318 3907 1627 3964 adhibere.
1662 3911 1828 3964 Nunc
1874 3925 2013 3965 vero
2056 3909 2193 3982 quis

541 4005 632 4058 est
655 4017 727 4056 ex
757 4000 848 4065 iis,
881 3998 985 4070 qui
1015 3997 1093 4053 ad
1122 4013 1231 4053 vos
1260 3996 1777 4070 qualiumcunque
1811 3998 2192 4068 negotiorum

539 4105 725 4147 causa
739 4086 1216 4161 proﬁciscuntur,
1234 4087 1405 4159 cujus
1436 4103 1611 4143 aures
1632 4087 1746 4144 hoc
1773 4103 2050 4144 sermone
2069 4103 2192 4145 non

538 4176 1101 4247 circumsonuerint,
1144 4191 1336 4234 noxas
1379 4175 1681 4249 quasdam
1722 4192 1758 4233 a
1785 4176 1964 4233 nobis
2011 4177 2193 4234 scribi

541 4358 716 4429 Med.,
740 4372 1097 4431 quanquam
1120 4354 1449 4431 _addi_t_a_est_
1456 4354 1937 4431 secundamanu
1950 4354 2010 4410 in
2033 4354 2189 4411 Harl.

540 4425 781 4486 Ibidem
804 4425 1089 4500 συμφώνως
1116 4427 1179 4483 in
1208 4426 1399 4482 editis.
1432 4425 1612 4494 Harl.,
1645 4425 1818 4483 Coisl.
1860 4430 2109 4499 uterque
2137 4430 2194 4484 et

540 4506 791 4572 uterque
814 4502 953 4568 Reg.
986 4504 1051 4554 ut
1076 4500 1137 4554 in
1166 4503 1347 4572 textu2

613 4568 712 4641 (9)"
734 4572 1133 4642 Καταμαθόντα.
1165 4568 1421 4642 Sicedit.
1458 4571 1683 4642 Hagan.
1725 4573 1783 4642 et
1812 4568 2007 4642 prima
2037 4570 2194 4627 Basi-

542 4639 759 4721 lcensis
788 4639 927 4721 cum
962 4640 1139 4721 Harl.,
1173 4639 1347 4721 Coisl.
1380 4639 1577 4721 primo
1607 4645 1667 4721 et
1692 4639 1884 4721 tribus
1909 4640 2057 4721 aliis.
2092 4644 2195 4721 Re-

542 4714 726 4792 fertur
752 4712 1023 4792 videlicet
1047 4709 1564 4792 hocparticipium
1595 4712 1673 4792 ad
1695 4709 1797 4792 ἐμέ,
1824 4712 1991 4792 quod
2010 4712 2193 4792 paulo

543 4790 680 4842 ante
718 4783 1037 4857 prmcessit.
1098 4782 1248 4839 Edit.
1289 4782 1474 4839 Paris.
1516 4791 1571 4838 et
1619 4782 2195 4854 BaSileehsisfanni

546 4861 702 4927 1551,
732 4858 1109 4927 καταμαθόντι,

640 4923 726 4996 10)
766 4923 1018 4980 Γίνονται.
1062 4924 1232 4981 Coisl.
1262 4924 1493 4996 primus
1524 4923 1830 4996 ἐγγίνονται.

611 4929 726 5066 ἓίο)
766 4931 1018 4980 Γίνονται.
1062 4929 1232 4981 Coisl.
1262 4929 1493 4996 primus
1524 4929 1830 4996 ἐγγίνονται.

645 5000 730 5068 ll)
775 4998 963 5051 Ἐκεῖνο
994 5017 1101 5071 μοι.
1142 4996 1379 5071 Addunt
1420 5004 1680 5071 quatuor
1722 5014 1871 5057 mss.
1920 5000 2012 5055 τὴν
2055 5001 2193 5071 πρώ-

541 5084 908 5197 rnv,dnempe
940 5067 1117 5136 Harl,
1150 5070 1300 5133 Vat.,
1346 5067 1523 5126 Coisl.
1554 5070 1784 5141 primus
1822 5075 1879 5127 et
1916 5071 2063 5138 Reg.
2096 5067 2192 5124 'se-

543 5158 657 5197 cun
712 5158 800 5197 us.

543 5158 800 5199 CUDGUS.

613 5216 726 5284 (12)
799 5213 1249 5284 Πεπιστεύκαμεν.
1316 5213 1455 5284 Tres
1520 5228 1664 5267 mss.
1743 5214 2187 5284 πεπιστεύκαμεν,

539 5282 970 5358 nempeAHarl”
998 5282 1175 5338 Coisl.
1209 5282 1513 5358 secundus
1536 5288 1594 5337 et
1622 5286 1761 5352 Reg.
1786 5282 2117 5358 secundus.

614 5352 727 5428 (13)
767 5353 1386 5428 'E1r1_1'oa'oGTo?,_COlS_l.
1411 5354 1658 5428 primus
1700 5358 1758 5428 et
1785 5354 1940 5428 Μςά,
1977 5352 2061 5405 ἐπὶ
2101 5373 2191 5428 τοο

542 5420 734 5500 σοῦτῳλ
766 5426 949 5500 Paulo
981 5430 1115 5500 post
1137 5425 1298 5481 idem
1322 5420 1500 5482 Coisl.
1521 5428 1693 5498 χωρὶς
1723 5420 2052 5487 ἀποδείξεως.
2082 5425 2191 5481 lbi-

538 5495 694 5555 dem'
709 5499 854 5555 Med.
886 5495 1001 5552 Καῗ
1015 5503 1068 5569 τι
1096 5495 1249 5569 λέγω.

605 5569 717 5645 (il!)
757 5576 1005 5645 l‘paqﬁ,“
1044 5564 1255 5634 ἐξειπεῖν
1295 5564 1531 5645 ξδειλῐιει
1580 5570 1808 5645 septem
1853 5583 2024 5645 mss,
2076 5566 2191 5624 nisi

534 5637 703 5719 quod
752 5637 816 5698 iri
866 5637 1058 5699 tribus
1106 5637 1537 5701 recentioribus
1585 5637 1805 5711 legitur
1850 5642 1981 5716 πρὸς
2029 5657 2188 5696 σεαυ-

2300 1873 2415 1907 κεια
2468 1851 2741 1914 δεδοικὼς·
2794 1853 2952 1906 ἐκεῖνο
2984 1851 3045 1907 δέ
3081 1874 3170 1927 μοι
3209 1860 3299 1907 καὶ
3347 1854 3559 1929 φοϐερόν
3596 1860 3686 1907 καὶ
3714 1856 3903 1916 πολλῆς

2301 1940 2571 2017 φροντίδος
2600 1944 2743 2006 ἄξιον
2774 1940 2938 2011 ἔδοξε,
2981 1949 3039 1996 τό
3094 1950 3186 2004 τὴν
3246 1950 3342 2003 σ-ὴν
3392 1943 3677 2021 ἀκρίϐειαν,
3740 1947 3807 2005 ἣν
3857 1945 3902 1997 ἐν

2300 2034 2491 2106 ὀλίγοις
2530 2036 2744 2108 ἔρεισμα
2787 2053 2841 2086 τε
2894 2034 3190 2108 ὀρθότητος,
3244 2040 3333 2087 καὶ
3385 2044 3481 2096 τῆς
3531 2033 3767 2108 ἀρχαίας
3818 2040 3904 2087 καὶ

2300 2121 2550 2186 ἀληθινῆς
2596 2123 2807 2195 ἀγάπης
2852 2128 3060 2197 σπέρμα
3115 2124 3182 2185 εἰς
3237 2125 3574 2198 παραμυθίαν
3616 2132 3734 2187 ταῖς
3792 2126 3902 2178 Ἐκ-

2296 2213 2543 2275 κλησίαις
2596 2213 2862 2273 σώζεσθαι
2906 2216 3318 2284 πεπιστεύκαμεν
3374 2214 3509 2285 (12),
3569 2212 3654 2266 ἐπὶ
3709 2222 3903 2267 τοσοῦ-

2297 2323 2382 2355 τον
2434 2303 2544 2374 (13)
2616 2310 2707 2362 τῆς
2777 2306 3053 2378 παρούσης
3136 2304 3507 2364 καταστάσεως

2296 2394 2431 2444 ὥστε
2488 2394 2583 2454 τὰς
2640 2394 2785 2466 παρά
2837 2400 2935 2443 τῶν
3006 2397 3272 2464 τυχόντων
3349 2390 3653 2465 βλαφημίας
3710 2412 3903 2468 κυριωο

3585 2311 3898 2376 μετασχεῖν,

2294 2484 2447 2556 τέρας
2501 2482 2827 2539 ποιήσασθαι
2898 2489 2993 2543 τῆς
3067 2487 3269 2553 μακρᾶς
3323 2482 3468 2553 ἡμῶν
3551 2486 3760 2554 πείρας,
3813 2485 3903 2533 καὶ

2294 2573 2425 2644 πρὸς
2480 2574 2572 2628 τὴν
2620 2578 2716 2622 τῶν
2774 2568 2975 2622 ἀτόπων
3042 2572 3283 2623 ὑπόνοιαν
3352 2575 3517 2645 χωρὶς
3581 2567 3897 2635 ἀποδείξεων

2294 2660 2625 2731 ὑπαχθῆναι.
2665 2664 2849 2712 Καίτοι
2887 2664 2936 2711 τί
2977 2659 3106 2732 λέγω
3158 2661 3433 2727 ὑπόνοιαν;
3482 2658 3540 2712 εΟ
3589 2662 3690 2733 γὰρ

2295 2754 2530 2809 ακτήσας
2559 2754 2647 2801 καὶ
2682 2746 3058 2819 διαπειληθεὶς,
3107 2751 3176 2811 ὦς
3216 2769 3394 2819 φασιν,
3453 2748 3559 2820 οὐχ
3610 2751 3900 2802 ὑπονοοῦν-

2294 2856 2401 2903 τος,
2435 2836 2563 2890 rma
2598 2846 2687 2890 τοῦ
2718 2834 2826 2896 ἤδη
2862 2846 3034 2910 σαφῶς
3089 2844 3178 2890 καὶ
3222 2836 3599 2915 ἀναντιῤῥὴτως
3650 2841 3900 2892 πεισθέν-

2293 2945 2379 2989 τος
2412 2923 2559 2979 δοκεῖ
2582 2946 2688 2987 πως
2716 2926 2874 3000 ὀργὴν
2905 2923 3263 2999 ἐνδεδεῖχθαι.

2367 3109 2419 3159 2.
2464 3102 2623 3168 Ἀλλ’,
2663 3104 2784 3176 ὅπερ
2816 3105 2960 3176 ἔφην,
3006 3101 3090 3156 ἐπὶ
3126 3105 3213 3155 τὸν
3256 3105 3438 3177 καιρόν
3477 3111 3657 3156 τοῦτον
3720 3102 3904 3177 ἀναφὲς

2296 3211 2447 3267 ρομεν
2495 3198 2589 3251 τὴν
2642 3192 2835 3248 αἰτίαν.
2897 3192 3038 3245 Ἐπεὶ
3085 3198 3247 3245 πόσον
3298 3198 3457 3245 πόνου
3503 3189 3584 3259 ἦν,
3628 3194 3667 3243 ὦ
3702 3195 3904 3267 Θαυμά-

2299 3301 2399 3350 σιε,
2454 3280 2502 3333 ἐν
2550 3280 2791 3355 ἐπιστολῇ
2851 3280 3106 3354 βραχείᾳ,
3156 3286 3273 3356 περὶ
3331 3283 3398 3333 ὧν
3452 3281 3685 3349 ἐϐούλου,
3748 3286 3902 3336 οἱονεὶ

2296 3375 2450 3444 μόνον
2501 3376 2638 3444 μόνῳ
2692 3368 3056 3443 διαλεχθῆναιο
3114 3371 3167 3441 ἢ,
3219 3371 3262 3424 εἰ
3320 3375 3392 3444 μὴ
3448 3370 3719 3434 ἐπίστευες
3767 3393 3903 3447 γρα-

2298 3469 2364 3533 φῇ
2395 3462 2507 3531 (14)
2544 3464 2608 3513 τὰ
2636 3469 2873 3527 τοιαῦτα,
2905 3464 3036 3534 πρὸς
3083 3460 3262 3513 ἑαυτὸν
3301 3461 3789 3533 μεταπέμψασθαι;
3848 3460 3906 3516 Εἰ

2299 3547 2359 3602 δε
2409 3552 2611 3611 πάντως
2654 3549 2867 3613 ἐξειπεῖν
2933 3546 3061 3616 ἔδει,
3122 3555 3213 3602 καὶ
3274 3549 3494 3623 ἀναϐολῇ
3554 3555 3743 3626 καιρόν
3811 3553 3907 3605 οὐκ

2298 3634 2481 3691 ἐδίδου
2540 3642 2605 3690 τὰ
2653 3636 3011 3691 δυσκάθεκτον
3064 3658 3159 3701 της
3211 3638 3392 3712 ὀργῆς·
3453 3638 3561 3691 ἀλλ’
3608 3640 3681 3691 ἐνί
3711 3645 3773 3712 γέ
3800 3660 3904 3693 τινι

2295 3735 2397 3780 τῶν
2458 3724 2784 3795 ἐπιτηδείων,
2836 3733 2925 3780 καὶ
2980 3733 3176 3800 στέγειν
3245 3728 3516 3803 ἀπόρρητα
3574 3734 3905 3801 πεφυκότων,

2299 3814 2415 3878 ἐξῆν
2449 3812 2515 3873 δή
2548 3836 2647 3868 που
2690 3826 2786 3868 τῶν
2826 3820 2956 3889 πρὸς
3012 3819 3151 3889 ἡμᾶς
3204 3816 3368 3888 λόγων
3406 3820 3725 3891 χρήσασθαι
3780 3815 3910 3870 δια-

2298 3910 2453 3977 κόνῳ.
2483 3910 2612 3959 Νυνὶ
2667 3902 2725 3959 δὲ
2778 3911 2913 3968 τίνος
2970 3906 3098 3979 οὐχὶ
3154 3905 3612 3981 περιτεθρύλληται
3670 3909 3737 3960 τὰ
3796 3909 3917 3960 ὦτα

2299 4002 2398 4048 τῶν
2460 3995 2576 4047 κατ’
2642 3992 3027 4054 όποιανδὴποτε
3090 4001 3276 4069 χρείαν
3321 3997 3440 4068 ὑμῖν
3497 3994 3913 4068 ἐπιφοιτώντων,

2301 4087 2366 4146 ὡς
2412 4087 2557 4157 ἡμῶν
2623 4084 2751 4146 ἆτας
2829 4088 2972 4148 τινὰς
3046 4090 3342 4160 γραφόντων
3416 4090 3506 4138 καὶ
3573 4092 3922 4161 συγγραφόν-

2301 4193 2401 4228 των
2434 4175 2564 4246 (15);
2596 4177 2769 4248 Τούτῳ
2798 4177 2899 4248 γὰρ
2948 4179 3006 4228 σέ
3057 4194 3185 4247 φασι
3242 4176 3545 4249 κεχρῆσθαι
3574 4183 3647 4247 τῷ
3705 4176 3921 4252 ῥήματι

2303 4356 2408 4442 ⁴τόν.
2427 4351 2895 4442 ,βᾶίῐξεγρερίμμρισι
2920 4356 3226 4442 πράγματα,
3265 4357 3402 4442 πρὸς
3416 4354 3605 4442 ἑαυτὸν
3634 4359 3922 4430 μεταπέμ-

2302 4424 2534 4496 ψασθαι.
2578 4422 2636 4477 Εἰ
2651 4422 2940 4488 δὲ’πάντως
2959 4422 3048 4478 καὶ
3065 4422 3229 4479 τοῦτο
3254 4422 3349 4479 οὔκ
3377 4423 3503 4481 ἔδει.

2377 4498 2485 4566 (15)
2515 4500 2635 4571 ’Καὶ
2665 4502 3089 4571 συγγραφόντων,
3139 4498 3235 4571 Ita
3280 4498 3463 4567 Harl.,
3522 4500 3669 4571 Vat.,
3724 4498 3926 4555 COiSl.

2377 4519 2485 4566 μῦ)
2538 4519 2635 4550 nui
2665 4519 2729 4549 συ
2769 4519 3089 4571 γραφόντων.
3139 4519 3224 4553 ua
3280 4519 3463 4567 natm,
3528 4519 3669 4562 van,
3724 4519 3926 4555 bOlSl.

2305 4567 2610 4623 secundus
2626 4574 2681 4625 et
2698 4519 2852 4624 alius
2868 4585 2903 4624 a
2920 4569 3279 4625 Combeﬁsio
3293 4572 3527 4626 citatus.
3549 4570 3749 4625 Deleta
3760 4576 3929 4628 sunt

2302 4638 2430 4694 haec
2459 4639 2645 4715 verba
2681 4640 2744 4695 in
2768 4640 3141 4715 _Coisliniano
3171 4642 3391 4715 primo.
3423 4640 3578 4715 Editi
3607 4640 3637 4699 ἢ
3661 4660 3927 4715 cru-ripae

2302 4715 2513 4837 ἷόντων,
2536 4711 2895 4767 Vertendum
2918 4716 3088 4783 putat
3112 4711 3532 4777 Combeﬁsius,
3554 4727 3623 4768 ac
3642 4711 3930 4770 conscri-

2341 4798 2531 4837 amus.
2555 4782 2615 4837 id
2642 4787 2749 4837 est.
2777 4798 2849 4837 ac
2869 4785 2921 4837 si
2944 4784 3078 4837 aliis
3107 4785 3252 4837 socii
3280 4789 3335 4837 et
3360 4784 3671 4837 adiutores
3693 4785 3926 4837 simus.

2341 4798 2531 4849 amus,
2555 4782 2615 4837 id
2642 4787 2749 4849 est,
2777 4798 2849 4839 ac
2869 4782 3078 4839 si’aliis
3107 4785 3252 4838 socii
3280 4789 3335 4840 et
3360 4784 3671 4851 adjutores
3693 4785 3926 4841 simus.

2304 4852 2512 4927 Fateor
2537 4853 2684 4927 mihi
2710 4870 2830 4909 non
2861 4854 3105 4925 probari
3134 4853 3929 4927 hancinterpretationem.

2300 4924 2451 4980 Illud
2476 4925 2637 4998 enim
2662 4924 3067 4998 συγγραφόντων
3092 4926 3239 4980 nihil
3265 4926 3431 4981 aliud
3450 4924 3566 4981 hoc
3589 4925 3725 4998 loco
3749 4926 3936 4984 desi-

2301 5002 2467 5066 gnat,
2483 4997 2594 5069 nisi
2617 4995 3414 5069 librosetpertractatioues,
3440 5002 3497 5053 et
3524 4996 3809 5069 additum
3827 4999 3938 5055 vi-

2300 5068 2474 5122 detur
2494 5068 2568 5123 ad
2592 5068 3077 5141 explanationem
3090 5068 3485 5141 precedentis
3499 5068 3660 5141 vocis
3679 5076 3941 5141 γραφόν-

2299 5157 2420 5219 των,
2445 5154 2581 5219 qute
2601 5155 2740 5219 cum
2763 5139 2955 5219 accipi
2983 5139 3195 5219 posset
3208 5140 3294 5219 _de
3318 5140 3523 5219 litteris
3550 5140 3649 5219 ad_
3668 5139 3941 5219 amicos

2301 5209 2750 5281 scriptis,aliam
2782 5209 3111 5267 adhibebat
3133 5211 3595 5278 Athanasius,ut
3618 5211 3941 5270 Basilium

2298 5285 2529 5353 pateret
2559 5296 2682 5337 non
2712 5282 3138 5353 incogitantem
3161 5288 3219 5338 et
3242 5282 3691 5353 imprudentem
3708 5298 3945 5342 noxas

2300 5300 2529 5353 pateret
2559 5300 2682 5337 non
2712 5300 3138 5351 incogitantem
3161 5300 3219 5338 et
3242 5300 3322 5337 im
3371 5300 3691 5338 rudentem
3708 5300 3945 5342 noxas

2300 5352 2558 5433 scribere
2570 5358 2634 5433 ut
2654 5353 2959 5409 interdum
2976 5300 3947 5433 ﬁtinepistoRgsedﬁdataopcra

2295 5422 2481 5504 libros
2505 5423 2567 5504 in
2587 5424 2706 5504 hoc
2717 5422 3345 5504 generecomponere.
3362 5426 3503 5504 Hinc
3526 5422 3945 5504 Basiliobaec

2298 5493 2562 5575 audienti
2576 5494 2757 5575 subiit
2777 5497 2986 5575 vereri,
2998 5493 3165 5575 qu6_d
3177 5511 3255 5575 ne
3265 5508 3421 5575 opus
3433 5496 3791 5575 haereticum
3805 5514 3957 5558 no-

2296 5566 2445 5642 mini
2459 5582 2566 5622 suo
2581 5566 2847 5642 afﬁctum
2859 5566 3593 5642 fuisset.Conﬁrmat_hanc
3604 5568 3953 5642 interpre-

2296 5636 2584 5697 tationem
2603 5637 2751 5697 illud
2764 5638 2960 5699 Basilii
2978 5638 3054 5698 de
3070 5639 3379 5699 Eustathio
3399 5639 3632 5697 dictum
3646 5639 3709 5697 in
3721 5636 3875 5716 epis
3886 5651 3921 5704 t
3931 5690 3953 5706 .
