4070 6194
184 333 281 387 301

1174 326 1660 383 EPISTOLARUM
1700 325 1982 383 CLASSIS
2022 329 2060 382 l.
2103 328 2316 385 EPIST.
2362 331 2564 390 XXVI'.

3445 347 3556 400 302

182 456 229 507 οἱ
269 453 355 506 ἐπὶ
404 452 586 515 λέξεως
630 452 696 503 τὰ
728 451 797 503 σά
827 446 1186 523 διηγούμενοί.
1221 449 1339 523 Ἐμὲ
1375 447 1453 518 δὲ,
1496 450 1582 503 ἐπὶ
1625 450 1789 503 πολλά

1906 456 1959 507 et
1998 454 2333 525 componi?
2374 459 2523 513 Nam
2572 458 2687 514 isto
2742 463 2795 515 te
2843 462 3141 520 vocabulo
3194 481 3375 522 usum
3424 483 3556 524 esse

182 548 274 602 τήν
310 540 552 595 διάνοιαν
596 539 861 612 ἀγαγόντα
900 544 991 600 τὴν
1041 538 1286 613 ἐμαυτοῦ,
1319 536 1470 592 ούδέν
1510 560 1561 591 τι
1603 541 1793 613 μᾶλλον

185 642 275 694 τῆς
333 633 641 706 ἀμηχανίας
695 629 936 704 ἀφίησιν.
984 630 1145 683 Ὠστε
1195 650 1259 696 με
1309 635 1398 682 καὶ
1458 635 1690 682 τοιοῦτόν
1744 651 1795 682 τι

186 722 393 781 εἰσῆλθε
426 739 439 751 ·
511 724 583 781 μή
651 740 728 780 τις
792 728 894 772 τῶν
970 722 1240 781 αἰρετικῶν
1306 722 1608 781 κακούργως
1685 726 1793 780 τοῖς

191 812 377 865 ἑαυτοῦ
435 812 822 884 συγγράμμασι
884 812 941 862 τὸ
1006 808 1124 882 ἐμόν
1195 812 1356 882 ὄνομα
1416 808 1791 884 παραγράψας,

192 900 419 958 ἐλύπησέ
465 920 556 953 σου
607 905 703 958 τὴν
752 899 1033 975 ὀρθότητα,
1079 903 1169 950 καὶ
1214 897 1409 956 ἐκείνην
1459 898 1660 970 ἀφεῖναι
1706 902 1791 955 τὴν

510 724 583 794 μή
651 740 728 780 τις
792 728 894 772 τῶν
970 722 1240 794 αἰρετικῶν
1306 722 1608 792 κακούργως

194 995 365 1063 φωνὴν
424 991 771 1066 προηγάγετο.
831 988 908 1041 Ού
969 991 1069 1062 γὰρ
1129 984 1196 1046 δὴ
1262 996 1371 1050 τοῖς
1417 990 1794 1061 γεγραμμένοις

190 1078 275 1151 ὑφ’
307 1080 453 1152 ἡμῶν
500 1082 626 1153 πρὸς
655 1082 774 1139 τοὺς
824 1076 1064 1151 ἀνόμοιον
1108 1077 1222 1129 κατ’
1269 1077 1451 1129 ούσίαν
1491 1075 1791 1148 τολμήσαν-

183 1188 273 1229 τας
321 1168 483 1221 εἰπεῖν
526 1173 612 1220 τὸν
650 1171 771 1221 Υἱὸν
818 1172 909 1221 καὶ
954 1172 1082 1220 Θεὸν
1121 1174 1193 1238 τῷ
1234 1171 1340 1237 Θεῷ
1390 1170 1480 1218 καὶ
1530 1170 1714 1240 Πατρὶ,
1759 1166 1789 1224 ἦ

181 1263 314 1332 πρὸς
364 1264 491 1320 τούς
544 1264 746 1332 κτίσμα
806 1263 898 1311 καὶ
950 1262 1154 1331 ποίημα
1198 1253 1325 1309 εἶναι
1371 1260 1428 1309 τὸ
1472 1263 1682 1328 Πνεῦμα
1733 1258 1791 1307 τὸ

183 1350 341 1421 ἅγιον,
394 1347 911 1420 ϐλασφημόσαντας,
975 1349 1170 1405 ταύτην
1234 1345 1293 1397 ἂν
1351 1344 1632 1417 ἐπενεγκεῖν
1696 1349 1790 1402 τὴν

182 1435 456 1510 λοιδορίαν
502 1439 758 1509 ἠνέσχου,
804 1439 829 1490 ὁ
879 1440 999 1498 τούς
1044 1436 1294 1509 μεγάλους
1334 1435 1523 1497 ἄθλους
1571 1433 1791 1497 ἐκείνους

180 1533 270 1579 καὶ
335 1526 684 1600 περιϐοήτους
757 1530 884 1599 ὑπὲρ
950 1534 1040 1587 τῆς
1101 1522 1409 1600 ὀρθοδοξίας
1483 1521 1780 1595 διενεγκὼν.

182 1620 387 1677 Λύσαις
416 1619 529 1687 (16)
566 1613 618 1668 δ’
648 1616 708 1669 ἂν
750 1617 876 1690 ἠμῖς
918 1620 1012 1675 τὴν
1043 1614 1344 1688 ἀμηχανίαν
1392 1614 1567 1684 αὐτὸς,
1602 1614 1645 1665 εἰ
1688 1612 1791 1665 ἐθε-

179 1705 393 1767 λήσειας
439 1710 504 1758 τα
539 1708 831 1765 κινήσαντά
872 1725 929 1759 σε
975 1709 1099 1779 πρὸς
1148 1709 1242 1764 τὴν
1280 1705 1400 1757 καθ’
1430 1706 1574 1777 ἡμῶν
1622 1702 1788 1761 λύπην

179 1803 414 1867 οανερῶς
446 1794 759 1867 ἐξαγγεῖλαι.

747 2015 1084 2063 ΕΠΙΣΤΟΛΗ
1122 2006 1237 2074 Τς’.

1904 541 2088 611 aiunt,
2117 544 2220 614 qui
2264 545 2514 602 totidem
2545 548 2743 604 verbis
2774 556 2877 607 tua
2920 553 3199 609 referunt.
3243 558 3325 612 Me
3352 563 3555 613 autem

1903 631 2092 687 multa
2119 633 2322 689 animo
2354 640 2410 691 et
2436 638 2794 708 cogitatione
2820 649 3180 713 versantem,
3206 646 3354 701 nihil
3379 648 3555 719 quid-

1901 736 2087 792 quam
2122 722 2195 777 de
2236 724 2466 780 consilii
2493 727 2701 799 inopia
2744 730 2965 786 eximit.
3001 734 3191 797 Quare
3224 740 3280 790 et
3326 735 3553 809 aliquid

1900 808 2014 864 tale
2059 810 2206 866 mihi
2249 812 2310 867 in
2357 820 2621 872 mentem
2661 818 2842 888 venit,
2870 835 3018 874 num
3049 822 3186 893 quis
3235 808 3552 881 haereticus

1900 896 2107 954 dolose
2130 900 2253 955 suis
2280 901 2470 974 ipsius
2493 905 2725 978 scriptis
2750 924 2973 963 nomen
2996 926 3200 964 meum
3222 912 3553 983 ascribens,

1898 987 2236 1045 rectitudini
2258 995 2373 1046 tuae
2402 993 2743 1051 molestiam
2774 997 3004 1064 crearit,
3033 1003 3213 1071 atque
3244 1000 3320 1055 ad
3346 1016 3555 1058 vocem

1899 1075 2075 1132 istam
2126 1080 2518 1138 emittendam
2565 1083 2855 1154 adegerit.
2896 1089 3023 1141 Non
3072 1089 3231 1143 enim
3258 1090 3330 1144 iis
3358 1106 3491 1161 quae
3519 1106 3556 1147 a

1899 1165 2074 1221 nobis
2097 1168 2320 1240 scripta
2343 1176 2481 1227 sunt
2502 1172 2791 1228 adversus
2813 1190 2915 1229 eos
2936 1179 3039 1246 qui
3062 1176 3268 1232 Filium
3291 1183 3347 1233 et
3369 1181 3554 1235 Deum

1899 1258 2019 1312 Deo
2052 1261 2107 1312 et
2138 1258 2293 1313 Patri
2340 1261 2675 1317 secundum
2709 1264 3035 1319 essentiam
3085 1266 3437 1323 dissimilem
3469 1269 3554 1324 di-

1900 1360 2031 1401 cere
2062 1347 2191 1401 ausi
2220 1352 2379 1416 sunt,
2406 1356 2505 1405 aut
2532 1351 2819 1407 adversus
2844 1368 2945 1408 eos
2971 1356 3078 1425 qui
3108 1357 3394 1426 Spiritum
3421 1375 3556 1414 san-

1899 1440 2062 1491 ctum
2094 1442 2429 1494 creaturam
2473 1445 2529 1495 et
2560 1441 2867 1511 opiﬁcium
2904 1459 3034 1497 esse
3062 1443 3420 1516 blasphemo
3451 1464 3553 1504 ore

1899 1525 2256 1593 docuerunt,
2304 1529 2732 1585 contumeliam
2786 1532 2945 1586 hanc
2994 1532 3187 1588 facere
3234 1535 3550 1609 voluisses,

1897 1614 2001 1685 qui
2034 1630 2257 1685 magna
2296 1616 2396 1672 illa
2442 1634 2511 1673 ac
2559 1618 2816 1675 celebria
2862 1622 3191 1678 certamina
3235 1639 3343 1695 pro
3390 1632 3553 1683 recta

1897 1702 2012 1758 ﬁde
2043 1705 2356 1777 pertulisti.
2386 1707 2686 1763 Liberabis
2715 1716 2915 1765 autem
2946 1727 3058 1767 nos
3094 1713 3171 1768 ab
3203 1714 3316 1768 hac
3343 1714 3554 1773 sollici-

1822 1812 1860 1865 B
1900 1793 2125 1863 tudine,
2159 1794 2208 1848 si
2253 1795 2437 1850 modo
2481 1796 2737 1852 volueris
2785 1815 2921 1870 quae
2954 1806 3007 1855 te
3037 1801 3114 1856 ad
3162 1802 3319 1858 hanc
3349 1804 3410 1860 in
3442 1822 3554 1863 nos

1893 1881 2290 1940 offensionem
2322 1887 2777 1957 commoverint,
2813 1894 3014 1960 aperte
3047 1891 3407 1960 signiﬁcare.

2334 2010 2502 2081 105
2547 2014 2879 2069 EPISTOLA
2923 2016 3121 2069 XXVI'.

180 2117 515 2174 Caesarium
542 2117 828 2173 Basilius.
848 2119 910 2172 in
940 2133 1003 2173 eo
1034 2122 1211 2173 terra:
1234 2122 1398 2192 motu
1427 2117 1533 2188 qui
1547 2115 1811 2170 Nicaeam
1844 2114 2075 2192 evertit,
2097 2115 2459 2171 mirabiliter
2477 2125 2784 2192 servatum
2819 2119 3119 2192 hortatur,
3143 2128 3208 2177 ut
3234 2126 3465 2192 gratias
3487 2142 3554 2183 re

213 2195 269 2246 et
297 2204 478 2257 apere
499 2190 619 2245 Deo
638 2191 965 2258 persolvat,
985 2204 1057 2245 ac
1082 2189 1345 2245 eamdem
1373 2202 1602 2258 semper
1628 2194 1876 2243 mentem
1900 2188 2156 2242 retineat
2184 2203 2362 2258 quam
2386 2193 2447 2243 in
2478 2190 2604 2258 ipso
2625 2193 2893 2258 periculi
2913 2188 3174 2249 articulo
3201 2188 3516 2253 habuerat.

429 2319 703 2388 Καισαρίῳ
733 2321 805 2384 τῷ
838 2309 1042 2386 ἀδελφῷ
1080 2317 1368 2389 Γρηγοφίον
1407 2311 1540 2383 (17).

250 2424 429 2495 Χάρις
481 2423 554 2492 τῲ
613 2429 749 2493 Θεῷ,
802 2430 873 2493 τῷ
930 2424 995 2473 τὰ
1047 2421 1232 2473 ἑαυτοῦ
1286 2422 1559 2493 θαυμάσια
1610 2425 1700 2472 καὶ
1744 2418 1791 2472 ἐν

183 2515 266 2562 σοὶ
304 2512 420 2579 (18)
465 2507 860 2584 ἔπιδείξαμένῳ,
892 2515 980 2562 καὶ
1019 2510 1074 2563 ἐκ
1112 2513 1366 2585 τοσούτου
1414 2511 1634 2561 Θανάτου
1668 2505 1792 2560 δια-

180 2604 423 2652 σώσαντί
461 2619 519 2652 σε
550 2608 613 2673 τῇ
662 2620 714 2653 τε
763 2597 985 2674 πατρίδι
1013 2605 1103 2653 καὶ
1133 2603 1259 2673 ἡμῖν
1292 2607 1399 2661 τοῖς
1437 2604 1789 2673 προσήκουσι.

179 2694 437 2742 Λείπεται
468 2685 539 2747 δὴ
581 2685 670 2742 οὖν
717 2694 787 2763 μὴ
836 2688 1164 2763 ἀχαρίστους
1213 2690 1348 2762 ἡμᾶς
1386 2689 1628 2761 ὀφθῆναι,
1660 2684 1792 2760 μηδ’

179 2775 431 2840 ἀναξίους
482 2787 576 2838 τῆς
627 2782 890 2840 τοσαύτης
947 2779 1277 2853 εὐεργεσίας,
1331 2776 1457 2829 ἀλλά
1504 2779 1640 2829 κατά
1701 2772 1791 2827 δύο

176 2887 334 2938 ναμιν
382 2872 482 2925 τὴν
527 2869 781 2942 ἡμετέραν
834 2865 1156 2941 διαγγέλλειν
1200 2867 1292 2920 τοῦ
1336 2874 1469 2920 Θεοῦ
1516 2868 1579 2919 τά
1625 2867 1791 2941 παρείη

180 2952 356 3019 δοξα’
422 2962 555 3023 καὶ,
622 2958 687 3019 ἧς
750 2960 880 3031 ἔργῳ
946 2959 1302 3031 πεπειράμεθα
1366 2956 1788 3031 φιλανθρωπίας,

2325 2311 2587 2367 Caesario
2621 2314 2892 2384 Gregorii
2914 2316 3128 2385 fratri.

1973 2417 2170 2473 Gratia
2217 2420 2353 2487 Deo,
2385 2418 2490 2491 qui
2521 2419 2821 2477 mirabilia
2851 2438 2960 2477 sua
2986 2428 3042 2478 et
3065 2422 3127 2478 in
3172 2428 3227 2480 te
3272 2428 3554 2499 ostendit,

1901 2510 2075 2578 teque
2098 2523 2170 2562 ex
2195 2506 2292 2563 tali
2308 2512 2499 2563 morte
2522 2509 2775 2565 servavit
2799 2511 3003 2582 patriae
3025 2529 3096 2568 ac
3117 2514 3293 2569 nobis
3317 2517 3551 2572 amicis.

1900 2595 2212 2667 Reliquum
2238 2596 2369 2666 jam
2415 2601 2522 2666 est,
2555 2603 2619 2653 ut
2658 2597 2876 2667 ingrati
2913 2616 3036 2655 non
3079 2602 3412 2669 videamur,
3447 2621 3557 2661 nec

1898 2682 2130 2753 indigni
2162 2683 2456 2740 beneﬁcio
2478 2690 2664 2750 tanto,
2690 2687 2796 2741 sed
2820 2703 2928 2759 pro
2956 2689 3181 2745 viribus
3204 2707 3553 2749 enarremus

1901 2774 2000 2829 Dei
2030 2772 2339 2842 miracula,
2360 2778 2417 2829 et
2440 2790 2626 2846 quam
2648 2791 2709 2831 re
2739 2778 2963 2849 experti
2990 2795 3199 2834 sumus
3220 2781 3556 2851 benignita-

1898 2867 2039 2932 tem,
2072 2878 2206 2918 eam
2238 2863 2647 2931 celebremus;
2683 2881 2792 2921 nec
2824 2866 3022 2921 verbis
3055 2874 3285 2924 tantum
3332 2873 3558 2942 persol-

1896 2968 2115 3009 vamus
2159 2953 2403 3022 gratias,
2437 2953 2543 3008 sed
2587 2958 2644 3008 et
2683 2970 2862 3027 opere
2894 2955 3039 3011 tales
3070 2957 3277 3023 simus,
3306 2959 3551 3031 qualem

180 3049 377 3105 ταύτην
446 3044 725 3118 ἀνυμνεῖν·
776 3052 866 3099 καὶ
931 3052 1001 3119 μὴ
1056 3047 1193 3119 λόγῳ
1254 3051 1408 3119 μόνον
1473 3042 1791 3097 ἀποδιδόναι

1906 3046 1957 3098 et
1987 3057 2147 3097 nunc
2178 3057 2308 3097 esse
2333 3046 2390 3097 te
2417 3057 2776 3114 persuasum
2805 3042 3124 3113 habemus,
3151 3044 3310 3102 facta
3341 3063 3409 3102 ex
3443 3049 3552 3104 mi-

178 3142 273 3195 τήν
325 3142 519 3211 χάριν,
571 3137 699 3191 ἀλλά
752 3143 842 3191 καὶ
889 3142 1019 3214 ῆογῳ
1070 3147 1305 3191 τοιοῦτον
1362 3140 1623 3210 γενέσθαι,
1683 3137 1787 3189 οἷον

176 3232 270 3280 καὶ
336 3236 429 3279 νῦν
493 3227 625 3280 εἶναι
688 3230 993 3301 πειθόμεθα,
1053 3233 1448 3302 τεκμαιρόμενοι
1505 3235 1613 3288 τοῖς
1672 3230 1788 3299 περὶ

179 3320 237 3369 σε
290 3318 554 3389 θαύμασι.
614 3322 715 3371 Καὶ
762 3320 865 3370 ἕντι
912 3318 1163 3390 μείζόνως
1220 3325 1293 3388 τῷ
1352 3326 1465 3387 Θεῷ
1528 3313 1788 3369 δουλεύειν

170 3406 586 3480 παρακαλοῦμεν
617 3450 631 3475 ,
698 3408 1024 3480 προσθήκαις
1099 3405 1178 3460 ἀεὶ
1244 3410 1301 3459 τὸ
1369 3405 1521 3479 φόϐον
1598 3407 1788 3457 συναύ-

171 3495 356 3566 ξοντα,
399 3501 493 3549 καὶ
540 3497 607 3558 εἰς
651 3499 709 3548 τό
748 3496 934 3548 τέλειον
984 3500 1346 3572 προκόπτοντα
1378 3496 1511 3565 (19),
1543 3495 1625 3545 ἶνα
1673 3497 1791 3568 φρό-

171 3604 328 3656 νιμοι
372 3585 637 3659 οἰκονόμοι
676 3595 772 3648 τῆς
817 3586 952 3647 ζωῆς
995 3586 1141 3658 ἡμῶν
1174 3581 1598 3657 ἀποδειχθώμεν,
1627 3583 1697 3643 εἰς
1729 3582 1788 3640 ἢν

178 3675 329 3745 ἡμᾶς
389 3676 420 3731 ἡ
482 3677 747 3746 ἀγαθότης
797 3682 887 3728 τοῦ
945 3682 1079 3727 Θεοῦ
1144 3674 1509 3748 ἐταμιεύσατο.
1571 3672 1630 3725 Εἰ
1688 3674 1788 3745 γὰρ

175 3770 275 3817 καὶ
334 3770 500 3817 πᾶσιν
556 3767 680 3837 ἡμῖν
742 3767 1059 3841 πρόσταγμα
1112 3767 1225 3817 ἐστι
1281 3772 1625 3836 παραστῆσαι
1678 3761 1792 3813 ἐαυ-

175 3858 301 3915 at.
686 3856 811 3906 ama
870 3853 925 3905 εκ
984 3862 1171 3928 νεκρῶν
1235 3853 1447 3919 ζῶντας,
1510 3860 1615 3911 πῶς
1663 3850 1790 3922 οὐκί

178 3941 379 4013 μᾶλλον
427 3949 537 4003 τοῖς
590 3941 877 4013 ύψωθεῖσιν
925 3941 980 3995 ἐκ
1017 3951 1117 3995 τῶν
1163 3941 1335 3995 πυλῶν
1380 3949 1471 3993 τοῦ
1523 3942 1786 4005 θανάτου;

180 4037 352 4084 Τοῦτο
402 4028 451 4083 δ’
480 4031 544 4083 ἀν
588 4032 845 4105 μάλιστα,
896 4034 961 4093 ὡς
1017 4031 1238 4106 ἐμαυτὸν
1294 4033 1475 4098 πείθω,
1530 4030 1789 4104 κατορθω-

187 4122 323 4190 Θείιε,
400 4122 439 4174 εἰ
506 4120 890 4195 βουληθείημεν
952 4121 1029 4174 ἀεὶ
1084 4127 1179 4180 τὴν
1242 4121 1405 4180 αὐτὴν
1466 4123 1605 4192 ἔχειν
1674 4115 1790 4171 διά-

176 4230 347 4279 νοιαν,
411 4211 473 4270 ἦν
529 4215 740 4284 εἴχομεν
798 4210 881 4264 ἐπὶ
933 4218 1024 4263 τοῦ
1090 4218 1274 4286 καιροῦ
1340 4219 1439 4262 τῶν
1500 4204 1780 4263 κινδύνων.

176 4305 398 4361 Πάντως
441 4304 545 4376 γὰρ
577 4320 681 4353 που
729 4302 897 4374 εἰσῄει
928 4304 1041 4371 (20)
1086 4303 1225 4374 ἡμᾶς
1272 4307 1365 4351 τοῦ
1414 4298 1536 4373 βίου
1587 4302 1645 4349 τὸ
1692 4299 1789 4369 μά-

1895 3132 1975 3186 ris
2006 3131 2065 3186 in
2095 3136 2146 3187 te
2191 3130 2362 3185 editis
2405 3130 2769 3200 conjectura.
2797 3135 2989 3203 Atque
3020 3138 3083 3188 ut
3127 3134 3326 3191 adhuc
3356 3138 3553 3207 magis

1894 3220 2015 3275 Deo
2041 3220 2265 3275 servias
2290 3219 2624 3285 hortamur,
2644 3220 3093 3277 accessionibus
3117 3220 3356 3295 semper
3380 3225 3554 3282 timo-

1895 3325 2022 3365 rem
2054 3325 2304 3378 augens,
2337 3313 2392 3364 et
2433 3308 2512 3363 ad
2561 3309 2987 3381 perfectionem
3028 3313 3445 3384 progrediens,
3488 3322 3555 3373 ut

1895 3398 2220 3472 prudentes
2249 3397 2701 3469 dispensatores
2730 3398 2860 3454 vitae
2886 3403 3105 3456 nostra;
3137 3401 3553 3474 deprehenda-

1896 3506 2052 3554 mur,
2079 3490 2157 3543 ad
2180 3504 2366 3560 quam
2398 3503 2509 3543 nos
2534 3487 2875 3558 benignitas
2898 3489 2998 3545 Dei
3022 3494 3366 3550 reservavit.
3400 3499 3553 3554 Nam

1897 3579 1945 3635 si
1975 3577 2261 3634 omnibus
2293 3577 2469 3633 nobis
2506 3584 2879 3650 praeceptum
2910 3584 3020 3647 est,
3050 3585 3114 3637 ut
3153 3582 3549 3641 exhibeamus

1896 3684 2007 3724 nos
2040 3670 2156 3723 Deo
2184 3672 2477 3738 tanquam
2500 3681 2567 3722 ex
2590 3668 2840 3723 mortuis
2861 3668 3129 3724 viventes
3149 3672 3212 3740 πο,
3235 3673 3549 3743 quomodo

1897 3771 2019 3812 non
2049 3756 2109 3811 id
2147 3756 2340 3825 magis
2368 3762 2735 3829 praeceptum
2762 3756 2858 3825 iis,
2883 3760 2986 3828 qui
3024 3774 3096 3813 ex
3125 3760 3311 3830 portis
3341 3762 3549 3817 mortis

1896 3845 2074 3901 erecti
2115 3846 2296 3901 sunt?
2328 3844 2389 3899 Id
2427 3850 2628 3901 autem
2677 3846 2961 3913 maxime,
3004 3854 3068 3903 ut
3110 3848 3257 3904 mihi
3299 3849 3547 3922 quidem

1897 3935 2265 4010 persuadeo,
2324 3934 2805 4007 praestiterimus,
2866 3934 2915 3990 si
2968 3935 3217 3993 velimus
3265 3939 3547 3996 eamdem

1897 4042 2136 4098 semper
2180 4025 2431 4080 retinere
2475 4029 2760 4091 mentem,
2793 4040 2982 4096 quam
3014 4030 3283 4098 tempore
3322 4029 3551 4100 pericu-

1894 4114 2091 4173 lorum
2120 4113 2521 4169 habebamus.
2548 4112 2805 4175 Omnino
2832 4113 2993 4169 enim
3016 4122 3261 4173 venerat
3284 4117 3461 4173 nobis
3487 4118 3549 4173 in

1896 4209 2163 4262 mentem
2192 4204 2326 4260 vita:
2356 4204 2616 4273 vanitas,
2635 4218 2704 4258 ac
2732 4202 2878 4258 nihil
2904 4203 3097 4259 ﬁdum
3119 4221 3248 4260 esse
3274 4206 3335 4261 in
3365 4206 3549 4262 rebus

1897 4294 2204 4361 humanis,
2238 4291 2384 4348 nihil
2416 4291 2648 4357 stabile,
2683 4296 2745 4348 ut
2774 4309 2908 4365 qua;
2936 4299 3059 4349 tam
3106 4293 3275 4349 facile
3320 4301 3551 4350 muten-

170 4412 350 4457 ταιον,
407 4397 495 4444 καὶ
553 4396 619 4453 ὡς
674 4388 827 4445 οὐδέν
880 4394 1065 4444 πιστὸν
1116 4400 1216 4443 τῶν
1266 4389 1622 4464 ἀνθρωπίνων,
1672 4390 1789 4440 οὔτε

1906 4388 2015 4441 tur.
2045 4383 2318 4439 Subierat
2345 4381 2523 4437 etiam
2555 4397 2688 4451 nos,
2712 4387 2775 4438 ut
2796 4382 3116 4439 verisimile
3138 4388 3245 4452 est,
3269 4384 3551 4455 quaedam

173 4485 397 4553 πάγων,
434 4482 573 4533 οὕτω
617 4478 817 4555 ῥᾳδίως
848 4483 961 4553 (21)
990 4480 1215 4553 ἐχόντων
1266 4482 1357 4540 τὰς
1397 4484 1779 4552 μεταπτώσεις.

178 4577 287 4625 Καί
340 4574 449 4623 πού
501 4589 583 4633 τις
627 4570 935 4644 μεταμέλεια
983 4574 1072 4643 μὶν
1112 4573 1167 4623 ἔκ
1216 4589 1270 4622 τε
1317 4577 1416 4621 τῶν
1461 4568 1668 4620 εἰκότων
1721 4565 1796 4618 ἐν·

178 4666 382 4731 ηίνετο
424 4663 555 4733 ἡμῖν
604 4658 687 4712 ἐπὶ
732 4667 843 4721 τοῖς
892 4661 1191 4731 φθάσασιν·
1237 4660 1533 4729 ὑπόσχεσις
1573 4652 1632 4707 δὲ
1678 4657 1796 4727 περὶ

178 4758 283 4803 τῶν
352 4749 561 4823 ἐφεξῆς,
615 4750 659 4801 εἰ
712 4751 1144 4825 περισωθείημεν,
1197 4756 1311 4819 Θεῷ
1370 4743 1651 4811 δουλεύειν,
1706 4748 1797 4796 καὶ

258 4887 305 4920 ⁸⁸
344 4886 525 4941 Rom.
564 4898 649 4950 τι,
692 4885 780 4940 13.

186 5016 325 5088 ῼΟξ
360 5009 581 5088 γράψας
623 5008 741 5062 καθ’
784 5010 960 5088 ἡμῶν,
986 5006 1175 5088 μᾶλλον
1222 5002 1280 5059 δε
1321 5004 1654 5088 συγγράψας,
1685 5008 1795 5060 etc.

180 5078 447 5154 Scripsit
480 5078 710 5159 contra
732 5078 837 5159 rios
868 5080 960 5135 vel
982 5078 1185 5159 potius
1224 5078 1551 5159 composuit
1592 5078 1798 5159 l‘ongos

184 5149 486 5213 ser-triones
531 5155 801 5210 convicio
850 5153 1105 5229 omnie:
1149 5150 1461 5229 calumnia
1494 5149 1795 5229 _refertos.

184 5228 410 5284 Eodem
439 5242 631 5282 sensu
664 5227 995 5295 usurpatur
1020 5221 1169 5279 illud
1206 5221 1461 5278 verbum
1490 5221 1551 5276 in
1582 5221 1800 5292 episto-

186 5298 409 5377 H‘Ul:
443 5302 573 5377 22³,
604 5301 731 5377 22f:
764 5300 893 5375 25‘:

257 5376 366 5440 (16)
395 5362 638 5451 iugalia.
668 5365 1058 5451 Sicquipque2
1083 5381 1233 5447 mss.
1264 5362 1412 5419 Editi
1430 5362 1797 5451 λύσειςρθίιι-

194 5434 271 5497 1ο
291 5434 429 5516 pOst
458 5440 609 5516 editi
631 5439 776 5516 ’καθ’
806 5434 981 5510 Lites-af
995 5436 1269 5516 _Plerique
1310 5451 1453 5516 mss.
1482 5434 1599 5515 καθ’
1631 5434 1795 5513 ripa»,

263 5505 371 5587 (Ῐῖ)
407 5522 497 5587 Τῷ
529 5510 741 5585 ἀδελφῷ
774 5505 1085 5587 Γρζιγορίο-υ.
1120 5505 1510 5587 Desunt”th
1536 5505 1603 5586 _in
1627 5505 1798 5577 quin-

205 5573 307 5654 que
331 5573 481 5643 r'nss'.
516 5573 833 5657 Legtintui‘
854 5573 918 5637 in
948 5573 1137 5657 tribus
1163 5575 1618 5657 vetustissimis...

272 5660 361 5731 [18)
403 5666 511 5714 Καὶ
541 5644 739 5713 ἔννσοι.
773 5653 1123 5726 Ρεωροεὶῐὶο
1148 5650 1355 5711 addita
1382 5665 1457 5707 ex
1486 5644 1799 5706 codicibus

1902 4473 2339 4545 praeteritorum
2368 4471 2739 4543 pmnitentia,
2769 4476 2825 4527 et
2853 4471 2927 4527 de
2963 4472 3176 4527 futuris
3208 4472 3549 4544 promissio,

1903 4562 2044 4631 Deo,
2092 4561 2140 4616 si
2188 4575 2584 4628 servaremur,
2626 4559 3014 4628 inserviendi,
3060 4576 3130 4616 ac
3184 4560 3360 4617 nobis
3407 4562 3552 4634 ipsis

1903 4650 2211 4720 diligentia
2242 4649 2407 4705 omni
2437 4648 2814 4720 invigilandi.
2844 4650 2901 4704 Si
2939 4665 3124 4721 quam
3169 4650 3330 4705 enim
3378 4650 3553 4706 nobis

1905 4738 2330 4810 cogitationem
2360 4737 2567 4792 mortis
2596 4736 2928 4808 periculum
2954 4737 3277 4795 imminens
3305 4737 3551 4811 injiciat,

1907 4997 2045 5075 Harl
2074 5038 2088 5063 ,
2120 4993 2536 5075 Coislzprimo,
2559 4991 2706 5075 llged.
2736 4991 3126 5075 et‘nonnullis
3153 4993 3304 5053 aliis.
3328 4993 3553 5075 Ibidem

1906 5061 2173 5143 quinque
2203 5061 2440 5143 cod_i_c_es
2484 5061 2907 5137 ἐπιδεικνυμένῳ.
2943 5066 3057 5122 Sed
3096 5072 3214 5122 tres
3265 5068 3555 5139 antiquis-

1908 5136 2045 5197 simi
2074 5136 2139 5194 ut
2162 5139 2221 5193 in
2249 5136 2441 5192 editis.

1981 5214 2089 5282 (l9)
2130 5213 2515 5296 Προκόπτοντα.
2656 5223 2800 5263 mss.
2824 5207 3123 5296 sex‘.”Editi
3143 5213 3551 5296 προκόπτονταςἶ

1978 5279 2087 5354 (20)
2128 5279 2331 5355 Εἰσῄιι.
2380 5281 2473 5337 Sic
2528 5280 2710 5335 etiam
2764 5296 2871 5336 sex
2916 5279 3053 5336 libri
3109 5279 3347 5336 veteres.
3404 5279 3556 5334 Editi

1905 5374 2051 5410 εισει.

1973 5429 2084 5497 (2t)
2121 5421 2356 5497 Ῥᾳδίως.
2387 5421 2586 5497 Codex
2612 5421 2962 5497 Bigotianus
2988 5436 3032 5497 a_
3050 5418 3557 5497 Qombeﬁsiolau-

1909 5482 2301 5570 datusgha'bet
2323 5482 2536 5570 ρᾳδίας,
2569 5500 2626 5570 et
2645 5482 2829 5566 paulo
2859 5497 2992 5570 post
3018 5490 3183 5548 idem
3212 5493 3557 5565 ὑποσχέσεις.

1980 5573 2001 5594 ¹
2041 5569 2201 5627 Alias
2232 5565 2475 5637 CCCXII,
2504 5565 2726 5637 scripta
2752 5580 2854 5622 an.
2886 5566 3011 5619 368.
