4102 6194
534 271 639 325 303

1920 267 1976 324 S.
2019 266 2268 323 BASILIl
2306 268 2521 326 MAGNl

3795 278 3902 334 304

528 392 660 449 haec
686 396 740 449 te
770 390 1045 462 arbitror,
1076 394 1142 449 ut
1169 391 1261 447 his
1293 407 1480 464 quam
1511 390 1819 448 simillima
1871 392 2184 461 cogitasse.

2303 391 2495 444 ἑαυτῶν
2522 392 2856 466 ἐπιμέλεσθαι
2887 392 3000 464 (22)
3027 394 3162 445 κατά
3185 398 3360 447 πᾶσαν
3392 394 3677 471 ἀκρίϐειαν.
3712 402 3771 453 Εἰ
3798 404 3901 476 γὰρ

532 483 725 547 Quare
745 481 1065 537 necessarii
1096 479 1417 551 cujusdam
1444 480 1629 536 debiti
1660 479 1953 536 solutione
1978 479 2190 535 obstri~

531 571 609 627 cti
640 588 871 627 sumus.
917 574 1047 626 Haec
1080 570 1260 624 simul
1288 570 1459 625 laetus
1490 570 1569 625 ob
1603 570 1702 625 Dei
1729 585 1978 637 munus,
2011 568 2190 623 simul

532 665 589 717 et
634 661 709 716 de
758 660 967 716 futuris
1008 658 1314 728 sollicitus,
1343 658 1690 731 perfectioni
1721 662 1838 714 tum
1892 656 2189 728 subjicere

531 767 721 808 ausus
764 767 918 805 sum.
954 749 1145 804 Tuum
1188 753 1389 804 autem
1437 754 1527 805 est
1556 749 1743 805 verba
1771 752 1983 804 nostra
2012 762 2188 818 aequo

532 847 589 897 et
614 840 734 896 leni
763 840 966 895 animo
1009 838 1304 910 accipere,
1338 837 1865 911 quemadmodum
1896 842 1951 895 et
1981 852 2189 893 coram

531 931 592 985 in
619 928 931 1001 colloquiis
957 927 1218 984 solebas.

2298 500 2415 531 τινα
2442 483 2569 553 ἡμῖν
2618 485 2809 534 ἔννοιαν
2850 483 2875 533 ὁ
2923 490 3015 533 τοῦ
3045 483 3267 534 θανάτου
3312 481 3553 547 κίνδυνος
3583 484 3905 561 ἐπικείμενος

2298 565 2558 638 ἐνεδίδου,
2591 566 2737 642 οἶμαί
2772 589 2827 622 σε
2866 570 2895 628 ἡ
2938 578 3119 635 ταῦτα,
3154 571 3183 629 ἦ
3238 569 3500 642 ἐγγύτατα
3544 578 3737 627 τούτων
3768 576 3903 630 ἀνα-

2296 656 2603 729 λογίζεσθαι
2663 668 2967 718 τηνικαῦτα.
3033 658 3194 712 Ὠστε
3256 658 3542 732 ἀναγκαίου
3606 663 3905 738 ὀφλήματος

2298 745 2495 800 ἐκτίσει
2520 749 2797 800 ὑπεύθυνοι
2822 750 3235 821 καθεστηκαμεν.
3268 756 3448 803 Ταῦτα
3476 753 3606 825 ὁμοῦ
3636 758 3726 826 μὲν
3755 775 3905 831 περι-

2290 840 2476 909 χαρὴς
2507 838 2545 889 ὡ
2574 844 2636 909 τῇ
2684 844 2776 889 τοῦ
2826 844 2959 890 Θεοῦ
3005 833 3197 912 δωρεᾷ,
3234 840 3362 911 ὁμοῦ
3404 836 3463 893 δε
3510 846 3599 894 καὶ
3645 841 3903 916 φροντίδα

2296 927 2433 998 ἔχων
2463 931 2581 1001 περὶ
2611 935 2711 978 τῶν
2741 926 3022 1000 μελλόντων
3051 929 3180 998 (23),
3216 926 3566 1004 ἀπεθάρσησα
3595 934 3901 1006 ὑπομνῆσαι

530 1022 623 1077 τὴν
652 1017 946 1075 τελειότητά
978 1036 1091 1071 σου.
1136 1020 1225 1069 Σόν
1254 1014 1314 1070 δέ
1351 1016 1494 1070 ἐστιν
1521 1018 1742 1091 εὐμενῶς
1766 1022 1857 1071 καὶ
1900 1019 2105 1091 ἡμέρως
2146 1016 2439 1092 προσέσθαι
2469 1017 2615 1089 ἡμῶν
2644 1020 2766 1080 τοὺς
2799 1016 3002 1090 λόγους,
3036 1019 3102 1079 ὡς
3125 1022 3215 1071 καὶ
3245 1017 3293 1070 ἐν
3321 1027 3433 1081 ταῖς
3462 1020 3578 1075 κατ’
3606 1023 3901 1097 ὀφθαλμοὺς

530 1106 759 1181 ὁμιλίαις
792 1126 875 1160 σοι
902 1103 962 1165 ἦν
996 1109 1216 1167 σύνηθες
1240 1108 1377 1177 (24).

1056 1249 1296 1305 EPISTO
1306 1249 1392 1304 LA
1432 1250 1659 1305 XXVII'.

2847 1256 3183 1305 ΕΗΙΣΤΟΛΗ
3226 1252 3341 1306 ΚΖ.

530 1376 797 1434 Basilius
825 1388 900 1432 ex
923 1373 1127 1431 morbo
1147 1379 1399 1431 sanatus
1428 1373 1616 1457 hieme
1638 1372 1967 1457 impeditur
1994 1373 2310 1457 quominus
2340 1372 2563 1457 invisat
2592 1374 2936 1457 Eusebium.
2966 1376 3439 1447 Properaturum
3468 1394 3531 1435 se
3549 1382 3899 1453 pollicetur,

1551 1446 1605 1501 si
1627 1460 1739 1515 per
1766 1446 1917 1502 anni
1947 1450 2173 1514 tempus
2199 1452 2255 1502 et
2277 1459 2393 1515 per
2418 1446 2643 1516 famem
2675 1448 2872 1503 liceat.

816 1571 1093 1639 Eusebio,
1126 1571 1398 1641 episcopo
1426 1570 1900 1627 Samosatorum.

606 1698 714 1755 Ubi
741 1696 843 1754 Dei
873 1696 1066 1767 gratia
1093 1711 1162 1751 ac
1191 1694 1472 1767 praesidio
1498 1699 1741 1751 tuarum
1764 1709 2015 1767 precum
2043 1709 2192 1767 pau-
2220 1695 2260 1749 Β

530 1788 725 1845 Iulum
751 1802 1056 1857 emergere
1088 1801 1161 1840 ex
1191 1784 1406 1841 morbo
1436 1784 1598 1839 visus
1628 1799 1787 1854 sum,
1813 1799 1883 1840 ac
1909 1782 2187 1853 recollegi

532 1894 705 1935 meas
734 1878 913 1946 vires,
944 1880 1089 1932 tunc
1113 1875 1308 1932 hiems
1356 1874 1723 1946 supervenit,
1764 1872 1931 1929 domi
1960 1889 2073 1930 nos
2102 1874 2188 1929 in-

532 1968 806 2037 cludens,
838 1982 949 2022 nec
978 1965 1112 2022 loco
1145 1965 1350 2021 sinens
1378 1963 1625 2019 moveri.
1657 1963 1776 2019 Etsi
1806 1962 1967 2019 enim
2014 1962 2188 2020 solito

528 2055 709 2127 longe
739 2055 940 2111 mitior
971 2053 1252 2124 occurrit,
1281 2052 1429 2108 mihi
1460 2055 1663 2108 tamen
1696 2051 1839 2107 satis
1865 2050 2189 2107 vehemens

530 2145 642 2201 fuit
671 2150 736 2201 ut
764 2143 1103 2217 impediret,
1127 2141 1456 2215 quominus
1482 2155 1606 2196 non
1636 2138 1822 2196 modo
1849 2155 1921 2196 eo
1951 2140 2188 2210 vigente

528 2235 638 2292 iter
665 2234 921 2305 ingredi,
955 2233 1060 2289 sed
1098 2248 1209 2288 nec
1247 2230 1566 2303 paululum
1609 2229 1861 2302 quidem
1908 2245 1979 2285 ex
2017 2228 2186 2285 cubi-

530 2324 667 2381 culo
722 2324 895 2395 106
945 2322 1289 2395 prospicere
1335 2336 1601 2394 possem.
1657 2319 1772 2377 Sed
1814 2334 2010 2392 neque
2071 2319 2189 2376 hoc

527 2413 702 2487 parvi
750 2413 928 2482 duco,
976 2411 1144 2485 quod
1194 2410 1415 2481 dignus
1460 2409 1710 2478 habear,
1757 2408 1860 2481 qui
1901 2424 2039 2464 cum
2083 2412 2187 2465 tua

526 2503 747 2576 pietate
777 2517 884 2574 per
926 2501 1150 2557 litteras
1181 2500 1512 2572 colloquar,
1538 2499 1792 2570 jamque
1822 2497 1883 2552 in
1914 2503 2185 2554 anteces-

527 2608 663 2649 sum
714 2607 819 2664 spe
857 2590 1326 2663 responsionum
1372 2588 1778 2660 acquiescam.
1826 2586 1999 2652 Quod
2042 2586 2091 2641 si
2129 2590 2187 2643 et

526 2685 854 2753 tempestas
902 2680 1091 2747 sinat,
1140 2684 1198 2733 et
1245 2677 1380 2733 vita:
1435 2676 1613 2732 nobis
1665 2676 1868 2732 adhuc
1926 2674 2187 2747 supersit

524 2773 785 2841 tempus,
815 2783 926 2824 nec
963 2766 1325 2840 impervium
1358 2765 1534 2821 nobis
1570 2766 1681 2820 iter
1710 2764 1902 2821 fames
1927 2763 2180 2832 efﬁciat;

523 2859 639 2915 cito
668 2872 811 2914 sane
860 2873 1108 2929 precum
1140 2860 1382 2912 tuarum
1413 2853 1682 2909 subsidio
1721 2853 1843 2909 voti
1873 2857 2184 2925 compotes

521 2963 673 3017 esse,
720 2950 895 3020 teque
944 2945 1111 3002 domi
1147 2944 1539 3012 invenientes,
1572 2943 1633 2998 in
1683 2942 1873 2998 multo
1904 2942 2025 2997 otio
2055 2957 2181 2997 ma-

2654 1570 2888 1645 Εὐσεϐίῳ
2920 1570 3186 1645 ἕπισκόπῳ
3215 1575 3552 1647 Σαμοσάτων.

2367 1693 2491 1747 Ὀτε
2531 1702 2593 1768 τῇ
2646 1703 2738 1748 τοῦ
2771 1704 2904 1749 Θεοῦ
2948 1700 3134 1773 χάριτι
3163 1704 3252 1751 καὶ
3294 1707 3353 1772 τῇ
3409 1698 3628 1773 ϐοηθείᾳ
3661 1709 3761 1754 τῶν
3793 1710 3899 1755 σῶν

2295 1792 2609 1857 προσευχῶν
2639 1788 2825 1859 μικρὸν
2868 1785 3130 1861 ἀναφέρειν
3162 1786 3210 1839 ἐν
3250 1796 3346 1850 τῆς
3387 1787 3685 1864 ἀρρωστίας
3714 1788 3899 1859 ἔδοξα,

2296 1877 2386 1925 καὶ
2427 1871 2736 1946 ἀνελεξάμην
2782 1873 3007 1947 ἐμαυτοῦ
3056 1879 3145 1937 τὰς
3193 1873 3460 1950 δυνάμεις,
3493 1883 3608 1932 τότε
3638 1881 3663 1932 ὁ
3692 1885 3901 1953 χειμὼν

2296 1963 2589 2033 ἐπεγένετο,
2647 1965 2781 2015 οἶκοι
2836 1965 3124 2039 καθείργων
3176 1966 3333 2037 ἡμᾶς,
3386 1972 3478 2019 καὶ
3530 1971 3664 2020 κατὰ
3712 1975 3903 2041 χώραν

2296 2053 2460 2121 μένειν
2510 2052 2932 2125 συναναγκάζων.
2976 2053 3035 2106 Εἰ
3071 2055 3172 2127 γὰρ
3230 2059 3320 2107 καὶ
3367 2055 3535 2127 πολλῷ
3588 2063 3905 2133 κουφότερος

2294 2146 2391 2199 τῆς
2437 2142 2712 2203 συνηθείας
2752 2139 3044 2200 ἀπήντησεν
3070 2162 3083 2176 ·
3136 2140 3244 2194 ἀλλ’
3283 2139 3370 2196 οὖν
3400 2144 3574 2217 ἔμοιγε
3620 2148 3793 2210 ἱκανὸς
3826 2147 3904 2209 εἰς

2296 2224 2569 2300 ἐμπόδιον,
2609 2229 2714 2301 οὐχ
2762 2232 2896 2291 ὅπως
2944 2226 3239 2304 ὁδοιπορεῖν
3284 2228 3359 2284 δι’
3402 2233 3561 2286 αὐτοῦ
3601 2235 3739 2307 (25),
3786 2234 3903 2289 ἀλλ’

2295 2312 2419 2369 οὐδὲ
2442 2321 2628 2391 μικρὸν
2657 2321 2971 2391 προκύπτειν
3002 2327 3094 2372 τοῦ
3128 2317 3399 2393 δωματίου
3430 2318 3711 2380 δύνασθαι.
3739 2324 3902 2379 Ἐστι

2296 2402 2356 2457 δέ
2393 2426 2485 2478 μοι
2514 2404 2637 2459 οὐδὲ
2676 2415 2830 2460 τοῦτο
2859 2412 3069 2483 μικρὸν,
3097 2412 3155 2461 τὸ
3195 2410 3572 2473 καταξιοῡσθαι
3599 2409 3693 2465 διὰ
3723 2432 3900 2489 γραμ-

2296 2496 2470 2557 μάτων
2512 2494 2705 2567 ὁμιλεῖν
2752 2503 2813 2569 τῇ
2864 2495 3132 2570 ,θεοσεϐείᾳ
3176 2518 3292 2566 σου,
3333 2504 3423 2551 καὶ
3459 2507 3521 2572 τῇ
3569 2498 3743 2553 ἰλπίδι
3789 2510 3898 2555 τῶν

2295 2580 2607 2637 ἀντιδόσεων
2637 2581 2744 2643 ἤδη
2791 2589 3275 2660 προαναπαύεσθαι.
3318 2588 3380 2640 Εἰ
3415 2585 3474 2641 δε
3517 2594 3605 2641 καὶ
3644 2591 3669 2642 ὁ
3710 2595 3897 2666 καιρὸς

2293 2669 2492 2740 ἐνδοίη,
2532 2679 2623 2726 καὶ
2660 2683 2758 2736 τῆς
2808 2675 2944 2735 ζωῆς
2986 2677 3111 2748 ἡμῖν
3164 2679 3239 2728 ἔτι
3271 2676 3496 2730 λείποιτο
3536 2679 3646 2751 (26)
3674 2686 3893 2756 χρόνος,

2292 2766 2382 2813 καὶ
2425 2766 2495 2833 μὴ
2544 2764 2736 2835 ἄπορον
2780 2767 2904 2835 ἧμῖν
2934 2768 3028 2822 τὴν
3074 2760 3198 2816 ὁδὸν
3245 2766 3270 2816 ὁ
3307 2764 3457 2838 λιμὸς
3492 2766 3895 2841 ἀπεργάσαιτο·

2292 2854 2434 2922 ταχύ
2479 2849 2540 2902 ἀν
2585 2852 2699 2920 (27)
2744 2854 2997 2925 τάχοιμεν
3045 2861 3140 2915 τῆς
3177 2852 3453 2927 ἐπιθυμίας
3495 2851 3588 2907 διὰ
3631 2865 3732 2909 τῶν
3787 2867 3895 2911 σῶν

2290 2948 2603 3013 προσευχῶν
2632 2957 2644 2969 ·
2678 2945 2768 2993 καὶ
2799 2941 2885 2994 ἐπὶ
2915 2951 3006 3003 τῆς
3044 2941 3217 3003 ἑστίας
3245 2962 3301 2996 σε
3338 2944 3728 3017 καταλαϐόντες,
3754 2951 3898 3002 κατά

522 3036 656 3109 gnis
700 3040 816 3093 tuae
848 3034 1156 3109 sapientiae
1201 3032 1496 3090 thesauris
1535 3031 1815 3089 exsatiari
1848 3033 2177 3104 possimus.

2297 3036 2463 3083 πᾶσαν
2522 3030 2727 3103 σχολὴν
2772 3039 2872 3083 τῶν
2921 3032 3158 3105 μεγάλων
3226 3035 3503 3109 θησαυρῶν
3559 3044 3650 3098 τῆς
3701 3040 3748 3089 ἐν
3807 3044 3895 3093 σοὶ

1027 3265 1368 3321 EPISTOLA
1404 3263 1675 3320 XXVIII“.

2295 3124 2476 3192 σοφίας
2507 3118 2941 3194 ἐμφορηθείημεν.

2837 3269 3174 3317 ΕΗΙΣΤΟΛΗ
3218 3264 3342 3322 ΚΙΓ.

524 3390 893 3463 Consolatur
912 3389 1420 3463 Neocwsarienses
1443 3393 1637 3463 morte
1655 3388 1917 3463 episcopi
1935 3389 2029 3442 sui
2043 3386 2330 3463 afﬂictos,
2355 3393 2408 3443 et
2432 3387 2718 3463 hortatur
2743 3395 2807 3443 ut
2831 3390 3237 3463 tranquillum
3265 3396 3507 3455 statum,
3533 3406 3703 3463 quem
3725 3395 3894 3451 curis

591 3462 865 3532 defuncti
886 3466 1191 3541 acceptum
1222 3461 1451 3541 referre
1480 3459 1718 3541 debent,
1750 3460 2001 3541 riimium
2020 3458 2781 3541 lugendononamittant,
2799 3461 2907 3541 sed
2935 3458 3263 3531 diligenter
3286 3458 3599 3541 caveant—0
3628 3466 3811 3541 lupis,
3833 3474 3892 3523 et

585 3531 701 3604 pro
731 3548 791 3588 se
814 3532 1063 3603 quisque
1086 3537 1384 3586 conentur
1400 3536 1702 3600 pastorem
1734 3531 1953 3600 eligere
1976 3531 2231 3586 similem
2262 3531 2337 3585 iis
2361 3531 2467 3603 qui
2496 3546 2531 3587 a
2555 3533 2831 3601 Gregorii
2859 3542 3122 3602 tempore
3142 3548 3328 3605 usque
3350 3535 3431 3591 ad
3459 3536 3620 3592 hunc
3649 3531 3891 3595 beatum

590 3606 897 3662 ecclesiam
927 3607 1239 3659 rexerant.

721 3728 1006 3786 Ecclesiae
1028 3726 1506 3784 Neoczsariensi
1547 3725 1973 3783 consolatoria.

600 3860 645 3911 Ι.
687 3852 1075 3910 Postulabant
1105 3850 1355 3924 quidem
1375 3866 1511 3923 quae
1541 3850 1889 3906 acciderunt
1908 3853 2180 3906 nostram

520 3945 793 4016 ipsorum
825 3941 1231 4015 praesentiam,
1265 3946 1391 3996 tum
1423 3944 1487 3995 ut
1516 3939 1809 3995 honorem
1838 3939 2017 3995 beato
2047 3940 2178 3995 viro

519 4032 862 4101 vobiscum,
888 4031 994 4104 qui
1015 4030 1069 4086 ei
1099 4029 1578 4101 conjunctissimi
1605 4028 1768 4098 estis,
1801 4044 1922 4085 una
1951 4030 2178 4101 persol-

521 4136 749 4189 verem,
766 4124 895 4175 tum
920 4124 984 4174 ut
1002 4119 1297 4187 maeroris,
1315 4134 1500 4190 quem
1523 4134 1702 4173 casus
1724 4117 1936 4187 attulit,
1956 4134 2027 4173 ex
2047 4118 2180 4190 ipso

521 4227 723 4268 rerum
754 4209 1018 4265 tristium
1064 4207 1409 4281 spectaculo
1458 4207 1760 4280 particeps
1807 4206 2018 4277 forem,
2052 4212 2179 4265 tum

524 4301 705 4358 etiam
725 4303 787 4355 ut
809 4298 883 4354 de
903 4297 1258 4354 necessariis
1280 4296 1544 4352 consiliis
1567 4296 1887 4352 vobiscum
1910 4312 2179 4353 commu-
2208 4336 2252 4390 Β

523 4389 814 4446 nicarem.
833 4386 946 4443 Sed
959 4386 1101 4458 quia
1118 4400 1473 4458 corpoream
1491 4385 1623 4455 conj
1636 4384 1975 4440 unctionem
1990 4386 2181 4443 multa

522 4475 1236 4550 interpellant,reliquum
1258 4480 1385 4530 erat
1408 4480 1468 4529 ut
1490 4490 1597 4547 per
1616 4474 1841 4530 litteras
1865 4475 2180 4533 vobiscum

523 4567 777 4639 partirer
808 4564 1148 4637 praesentia.
1178 4564 1348 4620 Miras
1377 4563 1556 4633 igitur
1583 4563 1693 4620 viri
1721 4563 1913 4634 dotes,
1935 4569 2182 4638 propter

598 4729 619 4749 "
659 4727 817 4783 Alias
848 4728 935 4793 VI,
970 4724 1190 4798 scripta
1220 4739 1380 4780 anno
1411 4728 1533 4780 368.

599 4801 642 4822 ’θ
683 4799 839 4854 Alias
873 4801 1023 4865 LXII,
1058 4798 1476 4869 scriptaAannoA
1497 4799 1620 4869 368.

752 4870 1135 4950 ’ξπιμέλεσθαμ
1164 4865 1318 4922 Harl.
1354 4872 1409 4950 et
1440 4866 1894 4950 Cpislxprimus
1940 4865 2177 4941 ἐπιμελη-

530 4937 735 4997 σεσθαι.
770 4937 941 4997 Edito
969 4940 1145 4995 Paris.
1180 4938 1447 4994 secunda
1477 4937 1855 5010 ἐπιμελεῖσθαι,

599 5015 711 5085 (23)
751 5018 876 5085 Περὶ
928 5020 1027 5064 τῶν
1075 5010 1374 5085 μελλόντων.
1430 5011 1556 5065 Duo
1608 5010 1845 5067 codices
1901 5012 2027 5084 ὑπὲρ
2077 5020 2176 5065 τῶν

569 5085 808 5138 ελλόντων
817 5127 829 5139 .
1814 5130 1832 5146 κ,

525 5107 829 5159 μελλόντων.
1814 5130 1832 5146 κ,

595 5156 847 5229 (24),Ἦτ
880 5157 1117 5215 σύνηθες.
1164 5152 1385 5229 Vocula
1421 5151 1598 5229 deest
1624 5152 1983 5229 inquinque
2027 5169 2173 5211 mss.

524 5224 858 5297 codicibus,
890 5243 1013 5282 non
1039 5231 1241 5282 tamen
1272 5225 1331 5279 in
1363 5224 1553 5297 tribus
1579 5224 2030 5297 antiquissimis.

594 5304 706 5371 (25)
746 5295 1047 5355 Ai’uzitoa.
1099 5300 1259 5352 Hanc
1305 5295 1691 5371 vetustissimi
1728 5295 1965 5351 codicis
2018 5296 2171 5371 Harl.

525 5366 1337 5463 seriptujramzquamrt‘amen
1360 5366 1653 5463 recc/ptiar
1671 5382 1890 5463 manu:
1911 5370 2176 5463 c‘orrupit

518 5436 804 5516 addendo
830 5436 929 5516 ἐμδ,
944 5436 1309 5516 "substituere
1331 5452 1453 5493 non
1477 5436 1749 5494 dubitavi
1771 5436 2170 5516 subabsurda;

516 5512 819 5639 editorgrm
852 5507 1099 5570 lectioni
1147 5507 1222 5564 δι’
1270 5508 1515 5581 ἐμαυτοῦ,
1563 5524 1676 5578 per
1719 5512 2007 5581 meipsum
2056 5512 2172 5567 iter

516 5596 690 5639 mare
736 5600 777 5639 ι.

514 5596 777 5654 ingredi.

2442 3731 2515 3798 Τῇ
2552 3725 2840 3799 Ἐκκλησία
2866 3733 3282 3801 Νεοκαισαρείας
3309 3733 3741 3803 παραμυθητική.

2364 3854 2412 3905 1.
2460 3850 2673 3923 Ἀπῄτει
2712 3854 2802 3924 μεν
2830 3852 2897 3903 τά
2929 3851 3201 3925 συμϐάντα
3230 3857 3323 3911 τὴν
3363 3855 3510 3927 ἡμῶν
3552 3856 3717 3907 αὐτῶν
3744 3878 3893 3933 παρ-

2288 3944 2496 4008 ουσίαν,
2525 3948 2616 3992 τοῦ
2657 3960 2709 3993 τε
2748 3945 2837 3998 τὴν
2868 3945 3075 4014 (28-29)
3103 3947 3259 4015 τιμὴν
3294 3951 3367 4013 τῷ
3396 3949 3639 4019 μακαρίῳ
3668 3954 3773 4007 τοῖς
3804 3950 3895 4000 οἱ-

2287 4032 2571 4090 κειοτάτοις
2620 4031 2739 4102 ὑμῖν
2788 4030 3235 4106 συνεκπληρῶσαι,
3287 4038 3376 4085 καὶ
3418 4041 3510 4085 τοῦ
3558 4043 3654 4096 τῆς
3690 4034 3775 4088 ἐπὶ
3815 4046 3895 4110 τῷ

2287 4120 2443 4170 πάθει
2479 4124 2756 4191 κατηφείας
2809 4116 2897 4171 ἀπ’
2940 4120 3106 4183 αὐτῆς
3153 4121 3270 4193 (30)
3312 4129 3405 4184 τῆς
3460 4124 3573 4184 θέας
3618 4131 3716 4175 τῶν
3762 4144 3898 4178 σκυ-

2291 4209 2624 4282 θρωποτέρων
2671 4216 3088 4281 συμμετασχεῖν,
3127 4214 3217 4262 καὶ
3264 4212 3398 4264 ὥστε
3438 4219 3538 4264 τῶν
3590 4211 3896 4285 ἀναγκαίων

2293 4296 2653 4371 ϐουλευμάτων
2706 4300 2826 4370 ὑμῖν
2866 4307 3219 4358 κοινωνῆσαι·
3277 4299 3384 4353 ἐπεὶ
3444 4297 3502 4354 δὲ
3559 4306 3651 4361 τὴν
3711 4322 3900 4377 σωμα-

2290 4392 2441 4445 τικὴν
2495 4389 2772 4460 συνάφειαν
2820 4387 2986 4441 πολλὰ
3036 4390 3102 4440 τὰ
3152 4385 3537 4458 διακωλύοντα,
3590 4390 3895 4465 λειπόμενον

2293 4474 2352 4536 ἣν
2384 4473 2478 4529 διὰ
2524 4484 2615 4529 τοῦ
2661 4480 2973 4551 γράμματος
3012 4486 3269 4531 κοινωνεῖν
3299 4481 3421 4552 ὑμῖν
3458 4488 3558 4532 τῶν
3585 4486 3886 4555 παρόντων,

2289 4569 2364 4619 Τὰ
2411 4570 2500 4640 μὲν
2539 4563 2627 4619 οὖν
2664 4575 2757 4620 τοῦ
2797 4564 2989 4643 ἀνδρὸς
3028 4570 3290 4641 θαύματα,
3330 4568 3405 4641 ἐφ’
3431 4572 3507 4633 οἷς
3535 4574 3623 4623 καὶ
3651 4570 3896 4644 μάλιστα

2356 4726 2465 4799 (‘26)
2503 4726 2612 4804 '_Eti
2640 4726 2896 4804 introire.
2926 4728 3019 4785 Sic
3050 4727 3457 4802 antiquissimi
3487 4730 3755 4804 quinque
3789 4749 3898 4792 co-

2286 4798 2473 4853 dices.
2508 4799 2656 4854 Εᾱὶῑὶ
2692 4804 2764 4871 μὴ
2799 4799 3133 4854 ἕπιλείποιτο.

2359 4871 2467 4951 (g7)
2499 4874 2659 4951 Τοιχρ
2694 4870 2784 4926 ἄν.
2819 4872 2911 4927 Sic
2963 4870 3652 4951 antiquissimi_codices
3698 4876 3895 4951 Harl.,

2285 4941 2457 5010 Med.,
2491 4941 2667 4997 Coisl.
2703 4958 2841 4997 cum
2872 4958 2996 4999 uno
3025 4941 3338 5016 ex:Regiis.
3369 4944 3522 5016 _Editi
3550 4947 3697 5016 τάχα
3724 4948 3812 5004 ἄν,

2357 5016 2563 5089 (2_8-29)
2604 5020 2707 5089 Τοῦ
2734 5032 2805 5089 ,τε
2832 5019 2941 5071 την.
2988 5012 3145 5070 Harl.
3176 5012 3233 5070 et
3260 5014 3408 5071 Med.
3460 5023 3531 5086 τῷ
3569 5012 3777 5089 τε⁷τήν,
3830 5024 3901 5079 et

2283 5084 2469 5156 paulo
2494 5088 2634 5156 post
2662 5088 2750 5135 καὶ
2777 5093 2868 5156 τῷ.

2357 5154 2471 5225 (30)
2495 5154 2625 5209 Ἀπ’
2654 5156 2783 5229 αυτῆ
2797 5154 2836 5229 ς’.
2870 5159 2957 5213 lta
2982 5158 3113 5229 vat.
3148 5159 3207 5229 et_
3251 5160 3515 5229 quatuor
3559 5160 3679 5217 alii.
3727 5160 3903 5220 Editi

2283 5230 2340 5281 et
2369 5231 2485 5282 tres
2512 5228 2898 5283 vetustissimi
2927 5227 3164 5283 codices
3189 5225 3427 5288 ἔπ”αὐτῆ
3441 5250 3480 5291 ς.
3517 5232 3632 5288 Sed
3678 5232 3902 5290 minus

2280 5303 2473 5373 recte.
2522 5301 2669 5355 Nam
2716 5299 2885 5373 locus
2930 5298 3229 5373 gemellus
3268 5298 3329 5354 in
3372 5300 3542 5373 epist.
3588 5307 3655 5359 86
3699 5303 3905 5362 habet.

2281 5366 2371 5419 ἀπ’
2414 5369 2577 5431 αὐτῆς
2623 5377 2715 5429 τῆς
2759 5366 3025 5444 ἐναργείας
3067 5379 3166 5444 τῶν
3205 5366 3495 5444 ὁρωμένων,
3536 5374 3637 5430 Ex
3672 5390 3899 5434 rerum

2280 5447 2736 5521 conspectarum
2781 5442 3193 5521 ev‘identia_._ln
3234 5442 3359 5499 hac
3409 5445 3706 5518 scriptura
3740 5462 3906 5505 con-

2278 5513 2542 5569 sentiunt
2567 5527 2779 5569 omnes
2803 5529 2949 5570 mss.
2984 5513 3241 5571 codices.
