4102 6194
183 329 290 385 305

1182 326 1671 384 EPISTOLARUM
1711 325 1947 383 GLASS.
1988 324 2032 381 Ι.
2074 328 2289 387 EPIST.
2328 332 2558 387 XXVIII.

3453 336 3558 390 306

184 455 273 511 τὴν
310 451 506 524 ζημίαν
538 450 663 522 ἡμῖν
702 448 815 520 (31)
857 447 1114 523 ἀφόρητον
1154 450 1414 525 ὑπάρχειν
1463 450 1784 523 λογίζεσθαι1

1902 466 2056 523 quas
2081 451 2263 509 etiam
2293 453 2558 510 maxime
2580 454 2874 510 damnum
2905 454 3081 512 nobis
3109 454 3558 514 intolerandum

188 541 294 594 οὔτ’
344 540 404 593 ἂν
455 537 732 599 ἐπιστολῆς
801 543 987 612 μέτρον
1056 536 1370 604 ὑποδέξαιτο
1401 584 1415 610 ,
1478 545 1568 593 καὶ
1634 540 1794 601 ἄλλως

188 633 353 705 ἄωρον
386 626 877 705 ἀνδραγαθημάτων
916 628 1102 686 πλήθει
1155 633 1242 681 τὸν
1288 630 1437 703 λόγον
1482 632 1789 706 προσάγειν,

186 721 322 772 οὕτω
354 723 794 791 συμπεπτωκυίας
833 727 931 779 τῆς
984 717 1170 789 ψυχῆς
1225 720 1371 791 ἡμῶν
1421 718 1504 771 ἐπὶ
1536 716 1597 792 τῇ
1630 719 1789 791 λύπῃ.

184 813 246 862 Τί
300 812 402 883 γὰρ
453 816 553 859 τῶν
598 807 790 859 ἐκείνου
849 814 1123 878 τοιοῦτον,
1176 806 1280 859 οἷον
1338 809 1367 866 ἢ
1438 817 1531 870 τῆς
1583 813 1792 881 μνήμης

186 899 330 970 ὑμῶν
365 896 620 965 ἐκπεσεῖν,
653 897 682 955 ἡ
734 897 1036 947 σιωπᾶσθαι
1083 896 1225 959 ἄξιον
1282 898 1597 969 νομισθῆναι
1644 897 1788 968 (32);

184 990 366 1040 Πάντα
416 990 508 1059 μὲν
578 990 677 1058 γὰρ
731 984 932 1058 ἀθρόως
988 985 1211 1048 εἰσάπαξ

182 1080 241 1129 τὸ
281 1072 342 1128 δε
386 1074 442 1128 ἐκ
467 1080 658 1149 μέρους
682 1074 846 1145 λέγειν
893 1070 1113 1126 δέδοικα
1145 1080 1215 1147 μὴ
1247 1072 1538 1149 προδοσίαν
1568 1079 1667 1149 ἔχη
1696 1082 1789 1136 τῆς

1265 987 1419 1039 εἰπεῖν
1476 985 1749 1059 ἀμήχανον
1775 1003 1787 1015 ⁸

182 1165 451 1226 ἀληθείας.
487 1168 713 1235 Οἰχεται
771 1161 898 1237 ἀνὴρ
952 1159 1343 1236 διαφανέστατα
1397 1161 1464 1223 δὴ
1525 1174 1624 1217 τῶν
1672 1166 1791 1216 καθ’

181 1255 365 1308 ἑαυτὸν
442 1260 605 1306 πᾶσιν
673 1254 802 1325 ὁμοῦ
868 1259 979 1314 τοῖς
1046 1251 1388 1325 ἀνθρωπίνοις
1443 1256 1790 1329 ὑπερενεγκὼν

179 1343 417 1416 ἀγαθοῖς,
454 1346 671 1418 ἔρεισμα
717 1338 994 1415 πατρίδος,
1024 1341 1343 1400 Ἐκκλησιῶν
1391 1348 1609 1416 κόσμος,
1658 1350 1788 1395 στῦ-

176 1432 265 1495 λος
320 1438 409 1484 καὶ
468 1429 744 1506 ἑδραίωμα
797 1440 891 1492 τῆς
938 1430 1218 1495 ἀληθείας,
1274 1436 1538 1507 στερέωμα
1589 1440 1683 1495 τῆς
1721 1432 1789 1493 εἰς

178 1526 411 1597 Χριστὸν
464 1526 713 1589 πίστεως,
771 1520 977 1581 οἰκείοις
1028 1519 1302 1593 ἀσφάλεια,
1360 1518 1790 1595 δυσμαχώτατος

175 1620 283 1673 τοῖς
342 1614 687 1676 ὑπεναντίοις,
751 1610 914 1683 φύλαξ
969 1616 1222 1683 πατρῴων
1273 1613 1501 1684 θεσμῶγ,
1542 1630 1787 1683 νεωτερο-

174 1706 359 1764 ποιίας
412 1701 606 1774 ἐχθρός
628 1714 643 1729 ⁸
702 1698 750 1751 ἐν
782 1699 946 1772 ἑαυτῷ
978 1697 1183 1762 δεικνύς
1210 1705 1267 1753 τό
1306 1700 1525 1752 παλαιὸν
1552 1708 1647 1763 τῆς
1678 1701 1787 1753 Ἐκ-

1901 541 2192 598 accidisse
2210 544 2740 611 arbritramur,nec
2756 545 3023 617 epistola
3036 562 3322 603 mensura
3335 547 3553 620 capiat,

1901 635 1958 686 et
1993 630 2261 705 alioquin
2296 634 2787 706 intempestivum
2828 635 2903 690 de
2941 637 3227 707 praclare
3256 636 3557 694 factorum

1899 720 2279 778 multitudine
2304 739 2645 779 sermonem
2666 724 2992 789 instituere,
3018 742 3157 781 cum
3183 725 3335 782 adeo
3360 727 3558 783 conci-

1899 809 2051 866 derit
2075 812 2316 867 animus
2340 818 2543 869 noster
2564 813 2642 868 ob
2669 829 3009 869 maerorem.
3044 816 3365 879 Quodnam
3395 816 3557 873 enim

1897 898 2057 954 illius
2085 899 2311 956 factum
2343 901 2457 957 tale
2488 905 2596 971 est,
2620 901 2786 974 quod
2818 906 2923 958 aut
2952 919 2983 957 e
3012 908 3218 959 nostra
3261 905 3558 962 memoria

1899 988 2152 1058 excidat,
2169 995 2271 1045 aut
2296 990 2529 1047 silentio
2552 991 2684 1062 jure
2707 1006 2777 1046 ac
2799 992 3014 1047 merito
3033 992 3556 1063 pratermittatur?

1898 1077 2047 1132 Fieri
2086 1078 2246 1134 enim
2284 1095 2407 1135 non
2447 1084 2661 1152 potest,
2704 1084 2768 1135 ut
2806 1080 2992 1136 semel
3032 1080 3241 1136 omnia
3279 1081 3557 1137 dicantur

1898 1168 2221 1223 acervatim
2254 1185 2267 1223 :
2310 1184 2382 1224 ex
2411 1174 2581 1241 parte
2611 1174 2811 1225 autem
2844 1169 3064 1234 dicere,
3094 1186 3304 1226 vereor
3327 1185 3401 1226 ne
3422 1186 3558 1241 pro-

1898 1254 2185 1312 ditionem
2198 1256 2420 1313 habeat
2438 1258 2948 1314 veritatianteriit
2963 1260 3052 1314 vir
3065 1260 3340 1315 omnium
3355 1276 3557 1333 aqua-

1895 1344 2044 1400 lium
2072 1346 2131 1401 in
2155 1346 2441 1402 omnibus
2473 1347 2654 1402 simul
2679 1348 2966 1404 humanis
2986 1348 3163 1405 bonis
3185 1350 3554 1421 prastantis-

1898 1433 2107 1501 simus,
2166 1434 2443 1489 columen
2483 1435 2716 1507 patria,
2758 1436 3161 1492 Ecclesiarum
3199 1436 3407 1506 decus,
3447 1454 3553 1493 co-

1895 1521 2106 1578 lumna
2126 1527 2182 1578 et
2200 1522 2617 1579 fulcimentum
2640 1524 2923 1590 veritatis,
2938 1524 3389 1581 ﬁrmamentum
3409 1525 3553 1582 ﬁdei

1894 1612 1957 1666 in
1979 1611 2562 1674 Christum,suorum
2586 1613 3160 1685 tutela,adversariis
3178 1615 3552 1687 inexpugna-

1894 1699 2055 1770 bilis,
2085 1701 2289 1771 legum
2330 1707 2719 1774 paternarum
2761 1709 2987 1770 custos,
3028 1704 3311 1760 novitatis
3350 1704 3551 1760 inimi-

171 1791 403 1851 κλησίας
456 1799 669 1862 σχῆμα,
700 1788 814 1841 ὀἷον
872 1788 973 1841 ἀπὸ
1020 1809 1155 1850 τινος
1214 1792 1547 1864 ίεροπρεποῡς
1576 1789 1783 1857 εἰκόνος,

1896 1805 2025 1860 cus,
2049 1791 2373 1846 ostendens
2388 1791 2449 1846 in
2465 1791 2661 1864 seipso
2682 1792 2944 1864 priscam
2966 1793 3239 1849 Ecclesia
3261 1794 3545 1867 speciem,

169 1889 266 1942 τῆς
315 1878 552 1953 ἀρχαίας
604 1880 995 1948 καταστάσεως,
1041 1882 1100 1930 τὸ
1154 1875 1293 1941 εἶδος
1348 1888 1442 1941 τῆς
1496 1879 1582 1931 ὑπ’
1632 1880 1786 1931 αύτόν

170 1968 496 2029 Ἐκκλησίας
542 1964 869 2041 διαμορφῶν,
931 1968 1062 2026 ὥστε
1110 1971 1231 2028 τούς
1283 1968 1422 2038 αύτῷ
1478 1973 1789 2042 συγγενομέ-

166 2077 292 2120 νους
325 2065 439 2119 τοῖς
470 2060 571 2130 πρὸ
618 2053 905 2108 διακοσίων
938 2054 1060 2108 ἐτῶν
1108 2062 1198 2108 καὶ
1245 2055 1475 2109 ἐπέκεινα
1506 2062 1786 2131 φωστήρων

165 2153 368 2219 τρόπον
400 2145 705 2218 ἐκλάμψασι
751 2149 1117 2217 συγγεγονέναι
1158 2142 1349 2198 δοκεῖν.
1402 2146 1577 2208 Οὕτως
1636 2143 1786 2199 οὐδὲν

166 2238 376 2288 οἰκοθεν
418 2232 545 2287 οὐδὲ
596 2238 843 2307 νεωτέρας
888 2238 1003 2305 (33)
1049 2238 1226 2309 φρενὸς
1268 2235 1470 2308 εὕρημα
1514 2240 1784 2311 προέφερεν

162 2326 190 2377 ὁ
245 2324 426 2399 ἀνὴρ·
488 2324 638 2394 ἀλλὰ,
692 2328 829 2377 κατά
885 2330 976 2383 τὴν
1026 2329 1291 2387 Μωυσέως
1348 2324 1582 2396 εὐλογίαν
1665 2320 1785 2397 ᾔδει

159 2416 517 2487 προκομίζειν
560 2413 613 2466 ἐκ
671 2422 771 2465 τῶν
812 2411 1018 2466 ἀδύτων
1057 2422 1145 2475 τῆς
1184 2411 1407 2490 καρδίας
1447 2414 1607 2466 αὐτοῦ
1648 2412 1809 2485 ἀγα-Δ

160 2508 263 2557 θῶν
322 2506 613 2576 θησαυρῶν
646 2547 662 2572 ,
712 2502 911 2555 παλαιά
971 2502 1243 2573 παλαιῶν,
1298 2508 1387 2555 καὶ
1448 2501 1644 2555 παλαιὰ
1680 2504 1782 2555 ἀπὸ

158 2600 460 2668 προσώπου
515 2596 655 2647 νέων.
697 2596 872 2666 Ταύτῃ
930 2612 1011 2645 τοι
1062 2598 1152 2645 καὶ
1192 2602 1287 2656 τῆς
1321 2597 1681 2668 προτιμήσεως
1725 2592 1782 2644 ού

156 2687 298 2736 κατὰ
358 2689 459 2741 την
518 2682 726 2739 ἡλικίαν
795 2681 845 2734 ἐν
893 2689 1000 2742 τοῖς
1050 2681 1323 2754 συλλόγοις
1377 2690 1474 2734 τῶν
1524 2684 1784 2755 ὁμοτίμων

158 2774 405 2836 ἠξιοῦτο,
441 2771 551 2823 ἀλλ’
593 2772 718 2845 ὑπὲρ
747 2773 940 2833 πάντας
981 2773 1042 2830 ἦν
1084 2780 1155 2843 τῷ
1198 2780 1293 2834 τῆς
1336 2776 1522 2844 σοφίας
1552 2770 1784 2845 ἀρχαίῳ,

160 2858 215 2911 ἐι
279 2868 471 2923 κοινῆς
541 2866 939 2935 συγχωρήσεως
1000 2863 1058 2913 τὸ
1105 2868 1356 2935 πρωτεῖον
1407 2864 1784 2933 καρπούμενος.

157 2949 329 3002 Ὀσον
376 2947 437 3003 δὲ
483 2959 575 3010 τῆς
616 2953 858 3011 τοιαύτης
888 2948 1101 3022 ἀγωγῆς
1150 2954 1209 3002 τὸ
1261 2946 1466 3026 κέρδος,
1515 2946 1686 3010 οὐδεὶς
1724 2948 1783 3000 ἂν

160 3038 535 3104 ἐπιζητήσειε,
588 3042 719 3114 πρὸς
774 3041 904 3112 ὑμᾶς
962 3037 1282 3094 ἀποϐλέπων.
1346 3044 1506 3092 Μόνοι
1561 3040 1684 3113 γὰρ,
1717 3040 1783 3090 ὧν

158 3131 337 3201 ἴσμεν,
375 3129 404 3187 η
454 3124 654 3200 κομιδῆ
698 3147 757 3199 γε
810 3126 857 3179 ἐν
898 3127 1094 3201 ὀλίγοις
1147 3131 1278 3195 (34),
1341 3126 1387 3179 ἐν
1438 3136 1664 3201 χειμῶνι
1692 3146 1784 3179 το-
1812 3157 1854 3211 C

161 3221 336 3288 σούτῳ
379 3222 471 3269 καὶ
524 3216 739 3269 λαίλαπι
782 3219 1102 3292 πραγμάτων
1139 3215 1433 3290 ἀκύμαντον
1471 3224 1532 3290 τῇ
1590 3215 1781 3269 ἐκείνου

156 3306 480 3380 κυϐερνήσει
528 3310 623 3364 τήν
655 3306 793 3367 ζωὴν
844 3303 1144 3379 διηγάγετε.
1191 3306 1267 3358 Oti
1297 3308 1397 3379 γὰρ
1439 3305 1612 3377 ἥψατο
1641 3307 1782 3379 ὑμῶν

158 3400 444 3472 αἱρετικῶν
519 3398 823 3469 πνευμάτων
908 3395 1037 3457 ζάλη
1076 3437 1089 3462 ,
1166 3400 1624 3469 καταποντισμούς
1689 3394 1782 3447 ἐπ-

155 3492 379 3558 άγουσα
409 3492 503 3537 καὶ
528 3489 755 3557 ναυάγια
792 3493 911 3548 ταῖς
953 3486 1371 3560 εύπεριτρέπτοις
1391 3485 1613 3557 ψυχαῖς.
1642 3490 1784 3543 Μήτι

157 3572 223 3628 δὲ
282 3575 489 3645 ἅψαιτό
542 3593 684 3645 ποτε,
732 3574 771 3624 ὦ
805 3578 1040 3627 Δέσποτα
1082 3582 1179 3626 τῶν
1211 3574 1469 3644 ἀπάντων,
1507 3573 1557 3633 ὃς
1599 3580 1672 3643 τῷ
1709 3581 1783 3644 σῷ

157 3665 450 3737 Θεράποντι
495 3667 784 3738 Γρηγορίῳ,
816 3671 889 3735 τῷ
936 3661 987 3726 ἐξ
1026 3661 1197 3739 ἀρχῆς
1228 3662 1504 3735 πηξαμένῳ
1535 3663 1649 3734 (35)
1688 3666 1782 3720 τὴν

156 3749 418 3829 κρηπῖδα
446 3762 537 3813 τῆς
562 3752 892 3819 Ἐκκλησίας,
923 3760 1018 3815 τῆς
1062 3751 1145 3804 ἐπὶ
1192 3758 1452 3825 μήκιστον
1503 3750 1786 3832 ἀταραξίας

154 3851 257 3903 τήν
293 3847 467 3919 χάριν
512 3841 734 3905 ἔδωκας.
759 3843 854 3897 Ἦν
884 3848 956 3917 μὴ
1002 3840 1241 3918 προδῶτε
1282 3845 1427 3916 ὑμεῖς
1460 3842 1507 3895 ἓν
1537 3852 1609 3914 τῷ
1648 3862 1784 3918 παρ-

159 3938 275 3987 όντι
306 3941 479 4005 καιρῷ
506 3954 517 3965 ·
562 3928 700 4004 μηδὲ
738 3934 935 4006 θρήνων
984 3930 1225 4006 ἀμετρίᾳ,
1268 3938 1359 3985 καὶ
1412 3939 1484 4003 τῷ
1536 3928 1783 3993 ἐκδότους

159 4023 387 4084 ἑαυτούς
416 4029 531 4084 τοῖς
570 4021 819 4096 λυπηροῖς
856 4030 1101 4087 ποιῆσαι,
1161 4026 1278 4083 τοὺς
1333 4030 1432 4073 τῶν
1492 4020 1781 4094 ἀναγκαίων

156 4118 387 4188 καιρούς
434 4118 547 4172 τοῖς
594 4108 933 4185 ἐφεδρεύουσι
975 4114 1232 4187 πρόησθε.
1266 4111 1401 4165 Ἀλλ’
1434 4111 1477 4165 εἰ
1527 4107 1609 4163 δεῖ
1645 4113 1780 4163 πάν-

160 4223 264 4263 τως
318 4205 531 4276 θρηνεῖν
578 4202 775 4276 (ὥσπερ
819 4197 904 4252 οὖν
945 4204 1005 4253 οὔ
1052 4220 1185 4273 φημι
1211 4201 1346 4273 (36),
1381 4203 1463 4252 ἶνα
1491 4205 1562 4273 μὴ
1597 4201 1781 4273 ὁμοιω-

159 4295 333 4366 θῶμεδ
369 4295 422 4344 ἒν
451 4293 622 4362 τούτῳ
655 4290 767 4362 (37)
813 4298 922 4351 τοῖς
968 4294 1040 4362 μὴ
1086 4293 1305 4362 ἔχουσιν
1355 4286 1585 4361 ἐλπίδα),
1634 4291 1781 4362 ὑμεῖς

237 4403 278 4436 ¹¹
318 4398 512 4456 Levit.
542 4414 699 4465 xxvr,
734 4402 818 4453 to.

1897 1879 1977 1935 ad
2017 1884 2276 1935 veterem
2317 1885 2563 1949 statum,
2602 1881 2784 1937 veluti
2824 1882 2902 1938 ad
2940 1898 3177 1938 sacram
3210 1883 3548 1955 quamdam

1894 1970 2246 2042 imaginem,
2276 1971 2553 2027 Ecclesia
2594 1971 2704 2027 sibi
2728 1973 3068 2029 commissa
3088 1974 3350 2029 formam
3379 1972 3548 2029 efﬁn-

1895 2074 2064 2130 gens,
2090 2060 2173 2116 ita
2199 2065 2259 2116 ut
2285 2060 2389 2132 qui
2421 2076 2558 2115 cum
2592 2076 2662 2116 eo
2698 2062 2994 2130 vixerunt,
3019 2078 3143 2118 una
3180 2078 3321 2118 cum
3345 2062 3416 2117 iis
3441 2062 3546 2134 qui

1895 2156 2032 2205 ante
2060 2149 2350 2205 ducentos
2372 2165 2564 2205 annos
2586 2156 2640 2205 et
2664 2150 2924 2223 amplius
2942 2151 3336 2206 luminarium
3354 2150 3547 2207 instar

1894 2238 2409 2311 resplenduerant,
2435 2238 2651 2294 vixisse
2690 2239 2803 2294 sibi
2828 2239 3168 2295 videantur.
3201 2239 3367 2295 Adeo
3396 2239 3547 2296 nihil

1893 2327 1968 2383 de
1995 2344 2126 2392 suo,
2149 2344 2259 2383 nec
2288 2327 2477 2383 ullum
2499 2328 2843 2384 recentioris
2873 2329 3094 2385 mentis
3114 2329 3431 2384 inventum
3462 2327 3547 2384 vir

1891 2416 1988 2472 ille
2018 2417 2337 2490 promebat
2368 2435 2380 2472 :
2408 2416 2535 2484 sed,
2569 2416 2909 2473 secundum
2941 2418 3158 2491 Moysis
3184 2417 3546 2475 benedictio-

1892 2521 2054 2573 nem,
2086 2506 2351 2578 proferre
2371 2510 2625 2562 noverat
2654 2521 2725 2561 ex
2749 2506 2949 2562 cordis
2971 2507 3063 2562 sui
3082 2507 3341 2575 arcanis,
3369 2506 3547 2563 bonis

1894 2594 2114 2650 scilicet
2144 2595 2462 2660 thesauris,
2492 2599 2699 2651 vetera
2741 2600 3032 2662 veterum,
3078 2600 3135 2651 et
3170 2600 3371 2652 vetera
3409 2600 3546 2653 ante

1891 2684 2108 2741 faciem
2134 2687 2451 2741 novorum'
2466 2686 2503 2741 ί.
2529 2686 2695 2756 107
2716 2685 2860 2740 Hinc
2881 2690 2938 2741 et
2958 2684 3298 2758 primoloco
3319 2700 3445 2742 non
3461 2701 3549 2743 se-

1892 2773 2162 2830 cundum
2185 2778 2422 2829 atatem
2461 2775 2523 2829 in
2567 2774 2962 2830 conventibus
2997 2775 3422 2848 episcoporum
3460 2774 3548 2831 di-

1893 2879 2049 2934 gnus
2073 2862 2428 2930 habebatur,
2464 2862 2567 2918 sed
2599 2879 2785 2935 supra
2811 2879 3021 2919 omnes
3070 2868 3194 2920 erat
3236 2863 3546 2934 sapientia

1893 2952 2267 3025 antiquitate,
2296 2951 2527 3024 primas
2560 2952 2871 3007 communi
2909 2967 3205 3008 concessu
3241 2951 3543 3007 obtinens.

1895 3044 2131 3108 Quanta
2161 3046 2362 3097 autem
2394 3040 2527 3097 talis
2557 3040 2947 3097 institutionis
2982 3040 3223 3109 utilitas,
3246 3056 3427 3096 nemo
3452 3054 3546 3095 re-

1893 3132 2183 3207 quisierit,
2215 3130 2399 3187 modo
2424 3131 2484 3186 in
2506 3147 2613 3187 vos
2648 3130 2856 3187 oculos
2887 3136 3214 3188 convertat.
3247 3133 3397 3187 Nam
3435 3129 3547 3186 soli

1892 3238 2047 3296 quos
2076 3219 2446 3292 noverimus,
2480 3224 2586 3277 aut
2611 3225 2767 3276 certe
2788 3236 2929 3276 cum
2945 3220 3158 3293 paucis
3184 3219 3544 3287 admodum,

1890 3312 1952 3368 in
1982 3315 2149 3368 tanta
2176 3326 2377 3366 rerum
2409 3314 2765 3383 tempestate
2791 3326 2861 3367 ac
2878 3309 3139 3382 procella
3159 3308 3547 3382 tranquillam

1889 3401 2049 3458 illius
2097 3400 2531 3472 gubernatione
2576 3401 2762 3456 vitam
2818 3399 3045 3470 egistis.
3085 3401 3217 3456 Non
3246 3399 3408 3455 enim
3438 3414 3547 3456 vos

1892 3488 2085 3559 attigit
2100 3488 2518 3544 hareticorum
2531 3492 2850 3543 ventorum
2867 3492 3070 3554 astus,
3095 3488 3548 3543 submersiones

1890 3574 2229 3647 importans
2261 3578 2318 3628 et
2337 3571 2658 3642 naufragia
2688 3571 3012 3629 animabus
3041 3572 3211 3628 facile
3241 3571 3546 3628 mutabili-

1891 3664 2030 3720 bus.
2064 3667 2266 3736 Neque
2297 3678 2439 3718 vero
2470 3662 3093 3735 attingatunquam,o
3131 3662 3546 3718 universorum

1894 3754 2163 3821 Domine,
2222 3753 2328 3826 qui
2378 3751 2612 3809 famulo
2668 3758 2772 3809 tuo
2820 3751 3121 3823 Gregorio,
3152 3768 3189 3808 a
3226 3767 3348 3823 quo
3376 3750 3543 3806 basis

1893 3843 2171 3900 Ecclesia
2216 3843 2294 3898 ab
2346 3842 2515 3899 initio
2571 3846 2909 3914 compacta,
2942 3840 3388 3913 tranquillitatis
3416 3839 3545 3897 lon-

1892 3932 2157 4003 gissima
2187 3946 2413 3986 munus
2443 3929 2681 3985 dedisti.
2733 3931 2925 3994 Quam
2977 3943 3085 3984 vos
3129 3927 3244 3985 hoc
3274 3932 3545 4000 tempore

1892 4020 2163 4078 amittere
2192 4019 2399 4087 nolite,
2427 4035 2623 4091 neque
2650 4017 2991 4074 immodicis
3018 4017 3323 4091 lacrymis,
3356 4033 3427 4074 ac
3456 4021 3545 4075 to-

1889 4115 1983 4168 tos
2032 4126 2142 4166 vos
2191 4108 2433 4166 maerori
2481 4108 2783 4175 dedendo,
2813 4123 3014 4163 rerum
3062 4107 3542 4164 necessariarum

1890 4199 2399 4273 opportunitatem
2452 4197 2881 4254 insidiantibus
2931 4195 3225 4269 prodatis.
3285 4196 3459 4263 Quod
3493 4197 3543 4254 si

1889 4289 2136 4348 omnino
2162 4287 2492 4359 lugendum
2522 4292 2609 4343 est
2637 4286 2741 4358 (ita
2770 4301 2915 4343 sane
2971 4301 3095 4342 non
3121 4286 3331 4355 sentio,
3360 4302 3435 4343 ne
3477 4288 3540 4343 in

236 4510 355 4577 (31)
400 4506 577 4577 Ἡμῖν.
608 4504 759 4561 Edit.
802 4504 990 4577 Basil,
1020 4504 1290 4560 secunda
1326 4507 1384 4560 et
1421 4504 1601 4560 Paris.
1635 4505 1775 4576 ὑμῖν.

1896 4504 2010 4561 duo
2036 4502 2221 4577 Regii.
2247 4501 2397 4557 Editi
2422 4499 2765 4577 σὺν-ὀλίγοις.

155 4576 308 4657 Alia
340 4576 411 4631 et
448 4576 554 4657 se};
586 4592 730 4657 mss.
772 4577 928 4657 ἡμῖν..
953 4576 1218 4657 lhid‘emm
1235 4581 1350 4657 tres
1391 4577 1780 4657 vetustissimi

156 4650 418 4706 codices
442 4654 499 4720 et
521 4647 644 4720 duo
660 4646 1057 4720 Regiihabent
1071 4647 1375 4720 λογίζεσθαι
1397 4664 1503 4720 pro
1521 4664 1591 4703 eo
1612 4649 1780 4720 quod

159 4729 292 4777 erat
320 4722 388 4776 in
432 4717 964 4791 εόὶῑὶξλογιζομεθα.
999 4717 1165 4783 Illud,
1201 4719 1273 4791 ἐφ’
1306 4721 1378 4779 οἷς
1400 4717 1590 4773 'idem
1624 4717 1783 4775 valet

159 4810 231 4849 ac
262 4796 431 4845 ὧστε.
466 4789 669 4845 Simile
698 4789 1041 4862 exemplum
1082 4789 1271 4845 habes
1314 4807 1502 4862 supra
1522 4791 1581 4846 in
1603 4792 1777 4862 epist.

160 4864 243 4920 ad
275 4862 615 4920 Maximum
649 4867 705 4916 et
729 4861 883 4916 infra
914 4862 971 4915 in
994 4877 1086 4932 ep.
1110 4865 1176 4917 68
1200 4862 1274 4917 ad
1301 4861 1588 4917 Athanas.
1607 4861 1780 4927 Quod

162 4952 307 4990 cum
329 4933 573 5007 librarii
595 4948 713 5007 non
732 4932 1147 5007 intelligere-nt,
1170 4933 1267 4988 alii
1288 4936 1519 5007 ὑπάρχει
1544 4934 1779 5007 λογίζεστ

165 5010 256 5060 θαι
316 5006 431 5075 ζεὶο
480 5004 642 5059 enim
701 5005 759 5058 iu
821 5003 1124 5059 nonnullis
1169 5021 1316 5062 mss.
1374 5003 1631 5073 legitur),
1681 5004 1781 5060 alii

160 5081 439 5151 ὑπάρχειν
464 5076 783 5151 λογιζόμεθα
808 5080 1165 5151 posuerunt.
1182 5076 1388 5151 iQuod
1419 5076 1707 5151 prastat]

388 5145 746 5220 Νομισθῆὺαι.
807 5145 1052 5201 Addunt
1097 5145 1239 5201 editi
1270 5149 1297 5205 ἦ
1335 5145 1779 5220 συγκομισθῆναι,

164 5222 268 5277 sed
300 5225 437 5277 hac
468 5218 694 5274 desunt
731 5218 791 5273 in
825 5225 1055 5289 septem
1083 5234 1228 5273 mss.
1262 5218 1442 5289 Paulo
1476 5218 1612 5289 post
1640 5219 1783 5274 editi

167 5295 324 5346 εἰπεῖν
350 5288 618 5344 ἀδύνατον
650 5295 708 5344 et
749 5294 822 5370 μὴ
848 5285 1090 5362 προδιδώ
1112 5309 1161 5341 τι
1192 5298 1284 5351 τῆς
1313 5285 1576 5351 ἀληθείας.
1608 5290 1780 5346 Codi-

170 5381 265 5420 ces
291 5372 436 5419 octo
464 5378 617 5416 mss.
654 5367 717 5415 ut
746 5365 805 5415 in
835 5365 1016 5415 textu.

239 5441 353 5501 (.33;
398 5431 853 5506 Οὐδενεωτέρας.
908 5428 1073 5483 Οὐδέν
1122 5431 1182 5487 in
1226 5433 1354 5488 Vat.
1404 5432 1778 5506 et_Combef.

177 5507 360 5563 Paulo
387 5512 530 5579 post
558 5502 817 5579 legimus
850 5520 987 5559 cum
1028 5510 1255 5576 septem
1298 5521 1445 5560 mss.
1479 5502 1577 5556 ἀπὸ
1622 5525 1785 5578 προσ-

184 5585 336 5639 ὑπου,
372 5575 522 5633 éditi
555 5575 659 5627 ἀπὸ
692 5582 1000 5649 προσώπωνἷ

250 5654 353 5719 1.35)
395 5650 480 5703 Ἐν
515 5645 738 5719 aia-,0“;
764 5647 848 5702 Ita
869 5646 1046 5714 Harl.,
1083 5645 1256 5704 Coisl.
1286 5646 1537 5719 primus,
1572 5649 1697 5704 Vat.
1733 5653 1790 5705 et

1960 4580 2072 4643 (35)
2110 4570 2411 4646 [Ῑηξαμένῳ.
2442 4572 2593 4628 Editi
2635 4570 2792 4646 ante
2832 4570 2990 4646 hanc
3041 4585 3253 4646 vocem
3304 4572 3540 4646 addunt

1888 4642 2076 4715 καλῶς,
2127 4642 2293 4718 quod
2322 4642 2384 4718 in
2413 4649 2549 4718 octo
2588 4642 3155 4718 mss.‘desideratur.
3182 4644 3397 4718 UStatim
3428 4662 3540 4717 pro

1889 4736 1960 4775 eo
1990 4712 2387 4791 quod'eratin
2415 4715 2587 4771 editis
2610 4723 2701 4775 τῆς
2732 4712 2975 4791 ἐπιμὸνορ
3006 4713 3311 4788 ἀταραξίας,
3339 4712 3540 4774 lectio-

1887 4785 2027 4847 neni
2059 4795 2193 4845 octo
2219 4788 2497 4843 codicum
2525 4804 2669 4841 mss.
2699 4785 3114 4858 app’osuimus.‘

1961 4862 2071 4930 (36)
2104 4864 2178 4912 Οὔ
2212 4880 2363 4931 φημι,
2400 4857 2877 4931 Deest_negatio_
2903 4857 2963 4911 in
2984 4857 3175 4931 tribus
3215 4874 3387 4926 mss.,
3430 4860 3538 4917 sed

1888 4927 2232 4988 necessaria
2262 4927 2497 4985 videtur
2523 4929 2599 4985 ad
2632 4927 2936 4983 sententia
2968 4929 3202 4997 seriem,
3235 4945 3303 4985 ac
3352 4931 3539 4987 miror

1888 5020 2021 5059 eam
2049 5020 2085 5059 a
2110 5002 2470 5059 Combetisio
2489 5000 2769 5073 expungi.
2791 5003 2936 5056 Nam
2959 4999 3331 5073 perabsurde
3352 5003 3537 5058 dixis-

1890 5082 1979 5130 set
2013 5075 2262 5131 Basilius
2302 5072 2635 5141 lugendum
2678 5087 2829 5136 esse,
2859 5087 2933 5126 ne
2977 5072 3199 5127 similes
3230 5073 3419 5128 simus
3444 5074 3537 5129 his

1889 5147 1993 5218 qui
2024 5162 2193 5218 spem
2215 5160 2339 5218 non
2359 5144 2614 5218 liabent.
2641 5142 2821 5218 Paulo
2842 5147 2984 5218 post
3000 5144 3282 5218 addimus
3314 5141 3373 5196 δέ
3402 5148 3537 5215 post

1890 5214 2140 5290 ὑμεῖς-ΒΧ
2169 5215 2490 5290 codicibus
2534 5214 2712 5282 Harl.,
2744 5214 2930 5279 Med.,
2957 5214 3137 5271 Coisl.
3187 5220 3440 5287 utroque
3477 5219 3538 5271 et

1890 5288 2011 5344 uno
2044 5288 2241 5355 Regio.

1961 5364 2074 5430 (37)
2115 5360 2196 5411 Ἐν
2236 5362 2422 5429 τούτῳ.
2487 5358 2577 5414 Sic
2636 5357 2873 5413 codices
2927 5373 3090 5430 mss_._
3127 5360 3286 5430 octo.
3350 5355 3536 5413 Iidem

1890 5427 2075 5505 paulo
2101 5437 2235 5503 post
2265 5427 2491 5505 habent
2511 5431 2965 5505 προστησάμενοι.
2990 5428 3138 5505 Εᾷὶὶί
3254 5430 3457 5505 τούτοις
3483 5432 3541 5484 et

1892 5499 2350 5579 irsgiam'adpsvoz.
2376 5499 2675 5579 Editio'nes
2702 5499 2928 5571 Hagan.
2946 5506 3001 5556 et
3020 5500 3155 5556 dua
3180 5499 3540 5556 Basileenses

1892 5575 2120 5631 habent
2147 5577 2591 5648 προστησάμενοι.
