4102 6194
502 249 605 303 307
1872 241 1928 297 S.
1971 235 2219 293 BASILll
2256 236 2477 293 MAGNI
3758 249 3863 307 308

502 370 620 428 hoc
646 368 717 425 iis
746 364 850 441 qui
884 380 1052 438 spem
1082 380 1207 422 non
1237 363 1487 433 habent,
1517 363 1738 420 similes
1758 363 1995 433 simus),
2021 375 2122 416 vos

2269 354 2349 427 δὲ,
2382 359 2425 413 εἰ
2456 355 2622 428 δοκεῖ,
2657 359 2763 412 οἶόν
2810 380 2889 422 τις
2939 363 3106 435 χορὸς
3151 364 3413 438 πενθήρης
3462 367 3547 418 τὸν
3590 376 3870 442 κορυφαῖον

503 460 553 515 si
576 459 835 525 videtur,
866 459 1192 528 postquam
1220 454 1400 510 veluti
1428 453 1699 523 lugubris
1728 452 1979 525 quidam
2011 449 2123 506 cho

2267 448 2458 501 ἑαυτῶν
2516 452 2964 523 προστησάμενοι,
3010 451 3377 529 ἐμμελέστερον
3429 455 3540 527 μετ’
3567 455 3759 512 ἐκείνου
3806 464 3865 513 τὸ

500 565 607 606 rus
640 546 958 620 proprium
985 544 1155 601 vobis
1202 544 1418 599 ducem
1465 541 1867 616 praefeceritis,
1920 539 2120 596 concin

1261 560 1418 599 Jcem
1465 541 1867 616 praefeceritis,
1920 539 2158 596 concin-
2270 537 2474 611 συμϐὰν
2497 537 2881 597 ἀποκλαύσατε.

502 637 640 695 nius
667 653 806 692 cum
830 636 965 707 ipso
988 649 1198 690 casum
1234 632 1469 688 deﬂete.

574 731 630 784 2.
653 730 845 798 Atque
868 726 916 780 is
932 723 1320 796 quidem,ctsi
1342 723 1419 779 ad
1438 726 1767 779 extremam
1791 720 2157 776 senectutem

2336 717 2389 769 2.
2435 720 2680 788 Καίτοιγε
2709 715 2753 769 εἰ
2794 720 2884 770 καὶ
2930 721 3002 791 μὴ
3056 716 3134 771 ἐπ’
3165 717 3399 791 ἔσχατον
3448 725 3622 797 γήρως
3651 722 3866 783 ἤλαυνεν

502 833 627 874 non
650 814 936 889 pervenit,
967 818 1027 869 at
1057 817 1211 868 certe
1242 813 1408 885 quod
1437 814 1515 869 ad
1542 818 1803 885 tempus,
1832 826 1955 884 quo
1982 807 2122 864 vobi

2266 805 2292 856 ό
2324 803 2473 879 ἀνὴρ,
2508 803 2613 857 ἀλλ’
2646 802 2733 857 οὖν
2782 814 2874 859 τοῦ
2916 826 2975 879 γε
3020 812 3218 883 χρόνου
3268 809 3428 862 ἕνεκεν
3482 818 3578 873 τῆς
3617 813 3868 891 ὑμετέρας

502 906 759 981 praefuit,
786 904 1012 973 attinet,
1038 902 1181 958 satis
1214 902 1346 958 vitae
1377 903 1608 959 habuit.
1652 900 1928 974 Corporis
1954 904 2122 955 auten

2267 893 2600 962 ἐπιστασίας,
2661 895 2755 948 οὐκ
2800 893 2982 958 ἐνδεῶς
3028 896 3142 970 εἶχε
3185 905 3276 951 τοῦ
3309 898 3455 972 βίου.
3501 907 3607 954 Τοῦ
3659 923 3713 956 τε
3770 910 3870 957 σώ-

502 1000 737 1054 tantum
768 993 1070 1066 particeps
1116 992 1243 1062 fuit,
1276 997 1574 1065 quantum
1618 1007 1860 1048 necesse
1908 994 2054 1059 erat,
2096 1004 2122 1043 υ

2265 1003 2430 1056 ματος
2458 991 2704 1037 τοσοῦτον
2733 992 2991 1057 μετεῖχεν,
3027 988 3146 1039 ὅσον
3176 994 3273 1047 τῆς
3317 986 3507 1060 ψυχῆς
3535 993 3593 1042 τὸ
3619 996 3866 1066 καρτερόν

502 1084 688 1143 animi
722 1084 1127 1139 constantiam
1157 1082 1217 1137 in
1249 1082 1409 1137 illius
1442 1081 1753 1138 doloribus
1785 1078 2122 1154 perferendi

2267 1070 2350 1125 ἐπὶ
2377 1080 2489 1135 ταῖς
2517 1070 2807 1145 ἀλγηδόσιν
2840 1074 2999 1127 αὐτοῦ
3033 1072 3313 1131 δεικνύναι.
3347 1080 3524 1150 Τυχόν
3575 1076 3634 1132 δὲ
3675 1082 3736 1132 οἷν
3789 1102 3870 1144 τις

502 1177 859 1232 ostenderet.
884 1173 1057 1228 Forte
1088 1176 1287 1229 autem
1311 1176 1576 1228 vestrum
1601 1172 1818 1245 aliquis
1837 1171 2122 1227 existimet

2267 1163 2408 1234 ὑμῶν
2438 1162 2711 1230 ὑπολάϐοι,
2745 1165 2825 1216 ὅτι
2854 1168 2944 1216 καὶ
2989 1165 3015 1216 ὁ
3044 1169 3235 1240 χρόνος
3267 1166 3485 1229 αὔξησις
3519 1172 3864 1242 συμπαθείας,

501 1268 741 1336 tempus
762 1261 1306 1318 commiserationis
1325 1278 1454 1317 esse
1476 1262 1915 1317 incrementum
1929 1263 2121 1315 etamc

2267 1258 2357 1304 καὶ
2383 1254 2654 1326 προσθήκη
2706 1254 2937 1327 φίλτρου,
2969 1253 3097 1326 ούχὶ
3158 1253 3363 1329 ἀφορμὴ
3416 1262 3572 1333 κόρου
3619 1266 3727 1320 τοῖς
3760 1280 3868 1314 πει-

500 1354 583 1410 ris
616 1352 1045 1421 accessionem,
1082 1366 1203 1406 non
1234 1355 1435 1407 autem
1464 1351 1754 1407 satietatis
1775 1349 2120 1405 occasione:

2267 1343 2504 1417 ραθεῖσιν
2539 1341 2797 1414 ἐγγίνεται
2844 1344 2979 1415 (38),
3012 1346 3167 1410 ὥστε,
3201 1346 3307 1417 ὅσῳ
3360 1344 3408 1397 ἐν
3460 1345 3653 1400 πλείονι
3689 1353 3868 1422 χρόνῳ

501 1443 595 1500 his
627 1442 731 1514 qui
779 1440 1005 1512 experti
1054 1443 1212 1507 sunt,
1245 1439 1327 1496 ita
1356 1444 1421 1496 ut
1447 1445 1678 1513 quanto
1708 1438 1966 1509 longiori
2003 1443 2121 1493 tem

2268 1439 2365 1494 τῆς
2404 1432 2696 1506 εὐεργεσίας
2720 1435 3055 1505 πεπείρασθε,
3084 1437 3319 1506 τοσούτῳ
3368 1436 3559 1508 μᾶλλον
3597 1446 3691 1501 τῆς
3743 1438 3868 1492 ἀπο-

502 1547 648 1605 pore
672 1531 812 1586 estis
828 1528 1188 1585 beneﬁcium
1207 1530 1451 1602 experti,
1472 1534 1638 1585 tanto
1653 1527 1915 1601 amplius
1936 1526 2122 1583 orbita

2267 1519 2482 1592 λείψεως
2511 1520 2916 1575 ἐπαισθάνεσθαι
2948 1522 3063 1594 (39)
3089 1544 3102 1557 ’
3141 1530 3382 1597 σώματος
3432 1522 3492 1578 δὲ
3538 1524 3749 1580 δικαίου
3779 1533 3869 1582 καὶ

502 1626 623 1678 tem
655 1619 956 1688 sentiatis;
981 1624 1265 1675 caaterum
1293 1619 1561 1691 corporis
1586 1619 1731 1690 justi
1755 1618 1849 1675 vel
1879 1618 2122 1673 umbrat

2271 1615 2397 1663 σκιά
2424 1619 2515 1664 τοῦ
2565 1617 2754 1674 παντὸς
2788 1611 2908 1675 ἀξία
2943 1620 3049 1675 τοῖς
3079 1613 3343 1672 εῦλαϐἐσι,
3396 1621 3496 1669 Καὶ
3527 1620 3603 1675 εἵη
3651 1638 3710 1690 γε
3748 1619 3871 1671 πολ-

504 1710 670 1783 apud
688 1710 819 1783 pios
841 1709 1055 1782 quovis
1074 1709 1303 1765 honore
1318 1709 1567 1779 dignam
1582 1714 1931 1781 esse.Atque
1952 1712 2124 1781 optar

2269 1699 2382 1761 λούς
2412 1702 2553 1773 ὑμῶν
2587 1701 2699 1772 (40)
2746 1700 2829 1754 ἐπὶ
2884 1705 3075 1765 ταύτης
3122 1699 3250 1755 εἶναι
3305 1712 3396 1765 τῆς
3450 1702 3684 1767 διανοίας
3722 1705 3870 1777 (οὐδὲ

503 1800 652 1856 dum
684 1798 932 1871 quidem
964 1800 1026 1852 ut
1054 1796 1227 1852 multi
1270 1813 1342 1852 ex
1390 1797 1564 1852 vobis
1592 1796 1674 1852 sic
1720 1796 1923 1852 animo
1967 1796 2123 1852 affec‘

2268 1792 2369 1865 γὰρ
2404 1791 2557 1852 αὐτὸς
2598 1789 2794 1863 ἀμελῶς
2846 1794 2987 1864 ἔχειν
3035 1799 3127 1844 τοῦ
3181 1789 3368 1869 ἀνδρὸς
3412 1814 3545 1868 φημι
3603 1797 3867 1869 χρῆναι)⁸

504 1888 623 1944 sint
654 1892 869 1960 (neque
902 1886 1063 1942 enim
1101 1901 1213 1957 ego
1244 1886 1373 1959 ipse
1400 1886 1652 1941 dixerim
1686 1886 1877 1941 virum
1901 1901 2032 1941 esse
2061 1900 2124 1940 ne

2272 1879 2379 1932 ἀλλ’
2434 1878 2765 1955 ἀνθρωπίνως
2820 1879 3155 1953 συμϐουλεύω
3201 1885 3258 1934 τὸ
3307 1881 3536 1956 λυπηρὸν
3585 1881 3870 1960 διαφέρειν.

504 1977 880 2049 gligendum)
913 1997 924 2031 :
959 1975 1067 2031 sed
1094 1975 1210 2031 hoc
1254 1974 1487 2032 consilii
1530 1976 1631 2045 do,
1667 1979 1730 2031 ut
1754 1974 2023 2030 dolorem
2054 1976 2124 2030 hu

2271 1970 2412 2024 Ἐπεὶ
2468 1971 2569 2022 ὅσα
2613 1974 2674 2041 γέ
2724 1969 2864 2023 ἐστιν
2922 1970 3079 2023 εἰπεῖν
3138 1969 3577 2045 ἀποκλαιομένους
3641 1978 3735 2034 τὴν
3775 1975 3871 2036 ζη-

503 2067 762 2123 maniter
781 2066 1115 2139 perferatis.
1141 2066 1370 2120 Etenim
1400 2081 1781 2138 quaecunque
1808 2065 2004 2120 dicere
2024 2080 2123 2137 pos

2271 2064 2441 2132 μίαν,
2503 2055 2626 2111 οὐδὲ
2684 2059 2770 2131 ἐμὲ
2834 2060 2989 2112 αὐτόν
3048 2057 3336 2133 διαφεύγει.
3393 2069 3570 2134 Σιωπᾷ
3610 2064 3728 2135 (41)
3776 2068 3869 2136 μὲν

505 2155 624 2212 sint
661 2156 766 2228 qui
811 2155 1107 2211 damnum
1147 2154 1487 2225 ,deplorant
1518 2197 1531 2221 ,
1593 2170 1789 2227 neque
1847 2169 1882 2209 a
1929 2153 2121 2226 meips

2270 2148 2494 2221 γλῶττα,
2526 2151 2777 2221 ποταμοῖς
2824 2151 2920 2201 ἴσα
2969 2152 3064 2211 τὰς
3111 2148 3270 2212 ἀκοὰς
3300 2149 3691 2212 ἐπικλύζουσα·
3740 2174 3871 2227 καρ-

502 2243 879 2313 ignorantur.
905 2242 1044 2298 Silet
1064 2242 1309 2315 quidem
1341 2242 1548 2313 lingua
1585 2242 1906 2299 ﬂuviorum
1935 2242 1996 2297 in
2037 2258 2122 2298 mc

2272 2234 2393 2300 δίας
2441 2234 2500 2290 δὲ
2546 2236 2732 2310 βάθος,
2762 2234 2936 2291 οὐδενὶ
2975 2243 3101 2301 τέως
3131 2240 3243 2305 (42)
3277 2240 3630 2307 καταληπτὸν,
3662 2241 3870 2315 ὀνείρων

502 2348 631 2388 rem
666 2347 844 2387 aures
877 2330 1108 2387 alluens
1140 2348 1152 2385 :
1189 2330 1386 2386 cordis
1426 2336 1626 2387 autem
1676 2331 2068 2404 profundum,

2270 2326 2656 2402 ἀσθενέστερον,
2702 2329 2802 2379 ὃσα
2852 2347 2909 2400 γε
2963 2332 3095 2401 πρὸς
3150 2327 3473 2403 ἀνθρώπους,
3531 2327 3870 2403 διιπτάμενον

502 2423 743 2477 nemine
756 2420 1593 2493 hactenuscomprehensum,
1612 2420 1861 2476 somniis
1877 2419 2122 2475 debilius

2270 2420 2503 2488 οἴχεται.
2532 2422 2624 2478 Τίς
2655 2416 2892 2489 ὀξύτερον
2923 2417 3033 2489 (43)
3062 2416 3253 2470 ἐκείνου
3301 2415 3618 2494 προῐδέσθαι
3662 2423 3719 2472 τό
3752 2420 3873 2492 μέλ-

502 2514 801 2582 quantum
834 2525 979 2565 sane
1012 2508 1090 2564 ad
1120 2509 1398 2565 homines
1429 2510 1659 2575 attinet,
1701 2510 1981 2564 avolavit.
2016 2508 2122 2575 Qui

2267 2506 2385 2575 λον;
2419 2510 2499 2568 τίς
2537 2505 2585 2558 ἐν
2612 2507 2742 2558 οὕτω
2767 2508 3000 2581 σταθερῳ
3038 2512 3127 2560 καὶ
3167 2512 3341 2580 παγίῳ
3389 2518 3480 2569 τῆς
3525 2508 3711 2581 ψυχῆς
3750 2512 3870 2568 ἧθεί

498 2599 600 2656 illo
625 2598 701 2654 ad
725 2598 989 2653 futurum
1015 2598 1473 2670 praevidendum
1497 2599 1768 2655 acutior?
1788 2598 1925 2659 Quis
1949 2600 2008 2653 in
2035 2604 2118 2654 tax

2270 2595 2545 2669 ἀστραπῆς
2610 2598 2797 2667 τάχιον
2857 2603 2965 2657 τοῖς
3020 2600 3325 2672 πράγμασιν
3383 2596 3606 2651 ἐπελθεῖν
3660 2601 3867 2666 ἰκανός;

502 2688 700 2744 stabili
723 2704 792 2743 ac
822 2687 999 2743 ﬁrma
1029 2687 1217 2743 animi
1252 2686 1452 2742 indole
1482 2687 1737 2743 idoneus
1760 2688 1887 2751 fuit,
1912 2688 2017 2759 qui
2043 2687 2122 2742 fui

2267 2685 2337 2737 Ὦ
2400 2686 2548 2747 πόλις
2610 2684 2819 2745 πολλοῖς
2865 2687 2956 2758 μὲν
3009 2682 3116 2744 ἤδη
3176 2687 3559 2762 προειλημμένη
3618 2690 3867 2755 πάθεσιν,

501 2794 647 2851 gure
703 2776 875 2832 citius
920 2791 1014 2831 res
1068 2776 1542 2846 aggrederetur?
1601 2778 1644 2833 Ο
1700 2777 1908 2832 civitas
1952 2776 2121 2833 multi

2268 2775 2353 2828 ὑπ’
2403 2771 2609 2835 οὐδενός
2659 2794 2717 2846 γε
2767 2779 2870 2847 μὴν
2918 2775 3082 2837 οὕτως
3137 2775 3205 2835 εἰς
3262 2775 3397 2828 αὐτὰ
3444 2779 3509 2828 τὰ
3553 2782 3731 2851 καίρια
3772 2785 3870 2830 τοῦ

499 2866 747 2939 quidem
772 2866 901 2936 jam
924 2865 1099 2920 malis
1124 2870 1546 2938 praeoccupata
1578 2883 1590 2921 :
1628 2866 1731 2921 sed
1759 2870 1962 2922 tamen
1992 2866 2117 2921 null

2267 2865 2389 2939 βίου
2418 2864 2777 2937 ζημιωθεῖσαξ
2811 2871 2918 2917 Νῦν
2958 2862 3227 2923 ἀπηνθηκέ
3280 2873 3365 2917 σοῖ
3415 2870 3612 2939 κόσμος
3664 2868 3689 2918 ὀ
3736 2866 3876 2919 κάλ-

500 2971 748 3030 prorsus
772 2955 831 3010 in
864 2954 1139 3026 partibus
1170 2954 1249 3009 ad
1275 2956 1459 3010 vitam
1486 2956 1842 3011 necessariis
1864 2956 1948 3011 sic
1976 2955 2119 3011 laesa

2263 2955 2468 3015 λιστος·
2524 2953 2810 3011 Ἐκκλησία
2864 2950 2923 3006 δὲ
2979 2959 3216 3027 μέμυκε,
3268 2961 3355 3007 καὶ
3416 2956 3870 3028 σκυθρωμάζουσι

500 3050 667 3104 Nunc
700 3046 979 3101 deﬂoruit
1029 3045 1132 3101 tibi
1183 3051 1431 3101 ornatus
1478 3046 1938 3118 pulcherrimus,
1973 3048 2120 3103 conti

2266 3046 2605 3116 πανηγύρεις,
2632 3049 2720 3095 καὶ
2759 3046 2816 3095 τό
2851 3045 2984 3118 ἱερὸν
3026 3041 3295 3117 συνέδριον
3336 3048 3421 3096 τὸν
3446 3053 3725 3120 κορυφαῖον
3747 3044 3870 3097 ἔπι-

500 3136 622 3191 cuit
668 3135 949 3201 Ecclesia,
1001 3139 1336 3189 conventus
1391 3136 1585 3190 tristes
1635 3140 1794 3194 sunt.
1836 3151 2120 3190 consessu

2267 3136 2434 3199 ποθεῖ,
2461 3133 2608 3205 λόγοι
2665 3129 2723 3185 δί
2776 3138 3027 3206 μυστικοὶ
3079 3138 3165 3186 τὸν
3211 3133 3470 3207 ἐξηγητὴν
3503 3133 3866 3207 ἀναμένουσιν,

500 3240 669 3280 sacer
681 3224 1072 3296 coryphaeum
1086 3224 1724 3290 desiderat,sermones
1739 3225 1972 3296 mystici
1987 3227 2029 3296 ι
2041 3227 2120 3295 01

2269 3226 2318 3276 οἱ
2365 3219 2552 3283 παῖδες
2577 3226 2662 3274 τὸν
2701 3226 2917 3297 πατέρα,
2953 3225 3001 3275 οἱ
3030 3222 3321 3298 πρεσϐῦται
3350 3227 3435 3276 τόν
3482 3223 3786 3287 ἡλικιώτην,
3819 3225 3872 3276 οἱ

503 3312 957 3384 explanatorem
1006 3318 1379 3384 exspectant.
1440 3313 1612 3385 pueri
1678 3319 1933 3385 patrem,
1986 3330 2123 3370 sene

2270 3312 2317 3364 ἐν
2349 3312 2479 3364 τέλει
2516 3316 2603 3364 τόν
2636 3311 2878 3386 ἔξαρχον,
2924 3314 2948 3363 ό
2990 3309 3160 3385 δῆμος
3198 3316 3283 3365 τὸν
3310 3316 3633 3388 προστάτην,
3667 3316 3713 3365 οἱ
3742 3312 3871 3386 βίου

504 3401 1147 3474 mqualem,optimates
1166 3402 1791 3474 principem,populus
1812 3406 2124 3475 patronum

2273 3398 2507 3475 δεόμενοι
2545 3406 2631 3453 τὸν
2670 3406 2893 3475 τροφέα.
2955 3404 3141 3465 πάντες
3180 3402 3333 3454 αὐτόν
3375 3402 3429 3454 ἐκ
3476 3411 3572 3455 τῶν
3620 3402 3876 3455 οἰκειοτά-

502 3507 802 3566 pauperes
834 3491 1181 3545 nutritorem
1212 3510 1223 3557 ;
1258 3506 1472 3546 omnes
1509 3491 1859 3547 nominibus
1898 3493 2122 3547 maxim

2270 3512 2370 3544 των
2411 3492 2673 3565 ὀνομάτων
2722 3490 3163 3564 ἀνακαλούμενοι,
3218 3492 3303 3544 ἐπὶ
3358 3492 3528 3562 οἰκείῳ
3583 3494 3734 3545 πάθει
3787 3492 3877 3544 οἰ-

505 3580 761 3655 propriis
786 3582 984 3653 ipsum
1025 3585 1333 3648 vocantes,
1359 3580 1417 3635 in
1445 3582 1690 3653 propria
1712 3581 2049 3637 calamitate
2079 3581 2125 3637 lL‘

2272 3587 2406 3632 κεῖον
2439 3580 2578 3652 αὐτῷ
2618 3585 2707 3631 καὶ
2748 3586 3082 3653 προσήκοντα
3125 3581 3343 3643 ἕκαστος
3368 3586 3453 3633 τόν
3487 3583 3668 3655 θρῆνον
3695 3584 3881 3655 αἴρου-

506 3676 671 3727 ctum
705 3669 817 3725 sibi
849 3670 1104 3743 quisque
1136 3669 1449 3741 proprium
1480 3675 1660 3740 atque
1706 3672 2126 3726 convenienter

2277 3689 2357 3721 σιν
2388 3672 2524 3741 (44).
2566 3668 2719 3721 Ἀλλά
2760 3677 2860 3721 ποῦ
2903 3689 2994 3742 μοι
3042 3671 3067 3721 ὁ
3106 3669 3253 3741 λόγος
3298 3670 3379 3743 ύφτ
3408 3666 3601 3731 ἡδονῆς
3640 3678 3738 3723 τῶν
3771 3667 3878 3722 δα-

508 3761 712 3817 edunt.
756 3759 871 3816 Sed
921 3775 1043 3831 quo
1078 3760 1224 3814 mihi
1249 3776 1450 3815 sermo
1483 3776 1605 3831 prae
1630 3760 2035 3831 lacrymarum
2070 3778 2128 3817 vc

2274 3761 2441 3833 κρύων
2470 3758 2764 3831 ἐκφέρεταη
2822 3758 2932 3810 Οὐκ
2974 3758 3332 3832 ἀνανήψομενς
3384 3759 3489 3832 οὐχ
3528 3761 3674 3833 ἡμῶν
3702 3758 3876 3811 αὐτῶν

508 3850 737 3922 luptate
760 3849 1019 3920 rapitur?
1043 3852 1169 3904 Non
1189 3848 1640 3917 evigilabimus?
1662 3864 1786 3905 non
1810 3851 2128 3923 semetipso

2274 3850 2632 3921 γενησόμεθα;
2685 3849 2777 3900 οῦκ
2818 3846 3172 3921 ἀποϐλέψομεν
3207 3852 3333 3923 πρὸς
3362 3853 3449 3901 τὸν
3479 3852 3646 3901 κοινόν
3678 3852 3878 3901 Δεσπό-

511 3938 903 4008 colligemus?
923 3954 1046 3993 non
1058 3937 1453 4010 respiciemus
1469 3938 1548 3993 ad
1569 3954 1955 3994 communem
1974 3943 2131 3995 Dom:

2276 3960 2389 4006 την,
2434 3939 2508 4004 ὃς,
2542 3940 2758 3991 ἕκαστον
2788 3947 2888 3991 τῶν
2920 3939 3080 4012 ἁγίων
3119 3949 3181 4013 τῇ
3238 3936 3350 4012 ἰδίᾳ
3401 3946 3551 4012 γενεᾷ
3593 3939 3880 4013 ἐπιτρέψας

513 4026 791 4097 num,qui
809 4031 1135 4097 postquam
1153 4042 1653 4099 unumquemque
1673 4032 2018 4083 sanctorum
2038 4034 2133 4085 aeta

2278 4030 2729 4103 ὑπηρετήσασθαι,
2764 4036 2869 4090 τοῖς
2915 4031 3211 4088 καθήκουσι
3256 4034 3471 4105 χρόνοις
3519 4032 3645 4103 πρὸς
3692 4028 3881 4081 ἑαυτὸν

515 4116 556 4173 ti
594 4132 718 4170 suae
756 4115 894 4170 sivit
929 4115 1237 4186 inservire,
1269 4117 1551 4186 congruis
1582 4116 1956 4188 temporibus
1987 4117 2065 4173 ad
2107 4136 2133 4172 s

2277 4118 2430 4171 πάλιν
2480 4116 2854 4185 ἀνεκαλέσατο;
2899 4124 3007 4171 Νῦν
3058 4118 3107 4171 ἐν
3162 4126 3329 4193 καιρῷ
3387 4126 3484 4171 τῶν
3520 4118 3712 4171 ἐκεινου
3762 4138 3882 4190 φω-

515 4221 723 4261 rursus
740 4204 1085 4260 revocavit?
1113 4208 1278 4260 Nunc
1300 4205 1358 4259 in
1383 4210 1652 4277 tempore
1671 4205 1825 4261 illius
1845 4206 2135 4263 verborur

2278 4215 2376 4259 νῶν
2411 4210 2785 4280 ὑπομνήσθητε
2808 4229 2820 4241 υ
2856 4208 2909 4269 ὃς
2940 4206 3297 4269 ἐκκλησιάζων
3348 4209 3469 4281 ύμῖν
3524 4206 3602 4260 ἀεὶ
3644 4204 3884 4260 διεστέλ-

514 4293 939 4357 recordamini,
978 4294 1083 4366 qui
1123 4310 1260 4350 cum
1312 4295 1774 4351 concionaretur
1818 4296 1985 4368 apud
2041 4313 2134 4352 vos

2278 4297 2390 4350 λετο
2417 4340 2430 4367 ,
2498 4297 2741 4365 Βλέπετε,
2803 4297 2959 4369 λέγων
2985 4341 2999 4367 ,
3062 4302 3179 4357 τοὺς
3237 4300 3424 4363 κύνας,
3486 4295 3697 4370 βλέπετε
3759 4302 3886 4359 τοὺς

586 4420 700 4490 (38)
740 4420 1052 4490 Ἐγγίνεται.
1096 4420 1179 4475 ita
1208 4418 1361 4475 tlarl.
1395 4424 1451 4475 et
1497 4419 1674 4476 Cois].
1722 4422 1979 4492 primus.
2021 4421 2169 4476 Editi
2206 4431 2248 4483 Ι)
2280 4437 2402 4478 non
2431 4421 2610 4477 fuisse
2642 4421 2808 4477 Ponti
2839 4421 3107 4477 civitates
3137 4422 3494 4492 conjicimus
3538 4437 3608 4476 ex
3662 4422 3888 4491 Grego-

519 4496 750 4565 γίνεται.
949 4563 958 4565 _
996 4563 1003 4565 _
1110 4564 1116 4565 γ
1474 4562 1487 4565 _
1740 4563 1752 4565 _
1875 4562 1909 4565 μ
1947 4562 1955 4565 _
2000 4562 2009 4565 Α
2280 4495 2367 4549 rio
2394 4497 2552 4555 Naz.,
2585 4494 2691 4565 qui
2736 4493 2957 4548 famem
3002 4509 3073 4548 eo
3117 4493 3453 4565 graviorem
3500 4492 3680 4565 fuisse
3710 4492 3884 4565 dicit,

589 4563 708 4637 (39)_
742 4563 1204 4616 Ἐπαισθάνεσθαι.
1240 4567 1327 4618 lta
1357 4562 1510 4617 Harl.
1545 4566 1600 4617 et
1631 4563 1780 4621 Med.
1811 4562 1962 4619 Editi
1992 4562 2173 4616 ἐπαισ-

2280 4565 2441 4637 (ἰυοά
2474 4562 2863 4636 nOli—possint
2896 4562 3316 4637 Cappadoces,
3352 4569 3417 4620 ut
3458 4564 3771 4619 maritimae
3799 4562 3889 4619 ci-

526 4635 803 4716 θτλὶιξξεζθεευ
859 4711 877 4716 _
969 4705 1018 4716 Α,
1609 4707 1621 4716 '
1690 4713 1709 4716 __
2280 4635 2509 4716 vitates,
2537 4635 2654 4716 ,εἰς’
2677 4652 2749 4692 ea
2788 4635 3049 4716 quibus
3082 4635 3409 4716 abundant
3443 4641 3796 4716 expor_t_are,_
3824 4641 3892 4691 et

596 4705 711 4781 (to)
750 4704 933 4775 Ὺμῶν.
967 4705 1393 4781 S_i_c__mss._sex.
1422 4705 1568 4761 Editi
1600 4707 1766 4781 ἡμῶν.
1821 4776 1837 4781 _
1992 4780 1995 4781 ν
2279 4707 2503 4781 quibus
2533 4707 2805 4781 indigent
2822 4704 3126 4781 invehere.
3163 4707 3415 4781 Respicit
3445 4704 3587 4776 ergo
3629 4704 3890 4763 Basilius

599 4776 708 4899 (4i?
751 4782 944 4845 Σιωπᾲ.
991 4776 1140 4831 Editi
1186 4776 1420 4831 addunt
1447 4780 1536 4848 μὲν
1567 4776 1691 4849 γὰρ.
1729 4776 1842 4832 Sed
1867 4780 2173 4850 postrema
2282 4776 2360 4835 ad
2391 4778 2555 4834 illam
2586 4779 2965 4850 potissimum
2987 4776 3388 4834 calamitatem
3417 4794 3540 4849 qua
3567 4781 3889 4834 Neocaesa-

601 4862 671 4899 cu
702 4862 736 4899 a
761 4846 928 4899 abest
957 4847 1034 4899 ab
1055 4848 1343 4899 omnibus
1376 4865 1526 4899 mss.
2280 4866 2444 4899 ream
2494 4851 2811 4899 Gregorius
2862 4849 3171 4899 stsenus
3221 4865 3335 4899 sua
3363 4855 3534 4899 mtate
3588 4848 3887 4899 afﬂictam

522 4846 736 4922 vocula
761 4846 928 4902 abest
957 4847 1034 4922 ab
1055 4848 1343 4922 omnibus
1376 4846 1526 4922 mss.
1575 4846 1581 4848 ⁷
1640 4846 1647 4849 ⁷
1870 4846 1886 4850 ⁷
2089 4919 2147 4922 __
2280 4866 2446 4906 ream
2494 4846 2811 4920 Gregorius
2862 4849 3171 4922 Nyssenus
3221 4865 3335 4905 sua
3363 4846 3534 4905 aetate
3588 4848 3889 4922 afﬂictam

592 4919 711 4988 (42)
751 4922 901 4977 Τέως.
956 4920 1087 4973 Haac
1140 4919 1352 4975 vocula
1382 4919 1589 4974 addita
1620 4935 1693 4974 ex
1723 4923 1859 4974 octo
1887 4935 2028 4974 mss.
2066 4919 2175 4975 lbi-
2280 4922 2461 4977 fuisse
2486 4919 2750 4989 testatur,
2786 4919 2924 4975 cum
2954 4920 3178 4989 ingenti
3205 4926 3373 4976 terrm
3414 4924 3583 4976 motu
3621 4919 3892 4976 mdificia

524 4988 663 5065 dem
695 4993 813 5065 tres
836 4990 1227 5065 vetustissimi
1257 4993 1355 5043 ὅσα
1384 5010 1467 5062 γε.
1699 5061 1709 5065 _
1783 5060 1794 5065 Α
1870 5061 1879 5065 _
2030 5061 2068 5065 __
2282 4994 2489 5048 omnia
2515 5000 2652 5065 tum
2699 4988 2941 5064 pUblica
2964 4988 3119 5065 _tum
3176 4992 3407 5065 privata
3450 4992 3657 5065 ruinas
3685 4995 3892 5065 traxe-

596 5062 707 5130 (43)
730 5065 828 5136 _'I_‘_i;
877 5060 1132 5133 ὀξύτερον.
1181 5062 1278 5136 Alta
1327 5060 1443 5136 tres
1496 5060 1882 5136 vetustissimi
1931 5061 2174 5136 codices

2280 5072 2440 5136 runt,
2475 5081 2544 5119 ac
2571 5060 2766 5136 solum
2799 5062 3113 5136 templum,
3142 5060 3308 5136 quod
3341 5079 3376 5119 a
3420 5062 3701 5132 Gregorio
3728 5062 3893 5136 mdi—

524 5146 663 5188 cum
691 5131 819 5187 aliis
843 5131 1137 5206 quatuor.
1171 5133 1536 5189 Subauditur
1565 5135 1752 5197 ἱκανός,
1783 5132 1949 5205 quod
1990 5133 2174 5206 paulo
2280 5135 2525 5191 ﬁcatum
2560 5135 2772 5203 fuerat,
2804 5131 3056 5191 illaesum
3096 5131 3181 5189 et’
3204 5134 3493 5206 intactum
3526 5135 3893 5206 permansit,

569 5209 663 5278 _ost
686 5204 981 5278 sequitur;
1013 5204 1538 5278 cuiquidemcum
1571 5206 1769 5260 minus
1790 5204 2177 5278 attenderem
2295 5209 2407 5263 Vit.
2432 5209 2492 5263 S.
2520 5209 2691 5276 Greg.
2721 5212 2861 5261 tom.
2898 5209 2987 5277 III,
3013 5222 3072 5278 p.
3100 5208 3229 5278 7554.
3266 5204 3553 5261 Eumdem
3594 5204 3894 5278 eventum

544 5274 983 5350 ᾡτειτίίξίξνθᾱρ
1027 5274 1513 5350 COS—scripsisse,
1549 5282 1613 5331 ut
1659 5282 1744 5350 est
1785 5275 1844 5330 in
1873 5274 2068 5338 editiS.
2097 5282 2175 5336 τίς
2280 5278 2547 5350 referunt
2585 5274 2652 5333 in
2678 5274 2992 5334 Chronicis
3016 5274 3445 5350 Hieronymus
3484 5281 3542 5332 et
3569 5276 3900 5347 Theopha-

525 5346 783 5419 ὀξύτερος.
812 5347 984 5413 Quod
1011 5354 1211 5419 autem
1244 5346 1427 5418 paulo
1459 5352 1593 5419 post
1622 5347 1702 5419 ait
1726 5350 2145 5419 Neocaesaream

1290 5346 1427 5402 aulo
1459 5352 1593 5419 post
1622 5347 1702 5419 ait
1726 5350 2173 5419 Neocaesaream
2281 5365 2388 5405 nes
2416 5349 2493 5404 ad
2522 5366 2751 5404 annum
2783 5352 2907 5404 344.

522 5418 725 5493 multis
750 5419 877 5493 jam
907 5418 1080 5493 malis
1108 5418 1601 5493 praeoccupatam
1623 5418 2142 5493 fuisse,_non‘vid_e

2327 5423 2740 5493 ‘(iilat‘ooum
2792 5422 3060 5493 Quatuor
3099 5419 3896 5493 mss.recentioresﬁcum,

523 5492 618 5543 tur
639 5489 703 5543 id
734 5487 933 5562 referri
966 5487 1145 5562 posse
1194 5491 1270 5545 ad
1316 5487 1538 5562 famem
1568 5489 1641 5543 de
1672 5505 1794 5562 qua
1827 5487 2082 5543 Basilius
2113 5489 2174 5543 in
2282 5487 2374 5547 Sic
2405 5487 2582 5546 etiam
2616 5490 2883 5548 secunda
2912 5508 3097 5547 manu
3125 5491 3306 5562 Harl.,
3333 5491 3436 5547 sed
3458 5491 3625 5548 initio
3650 5487 3903 5548 habue-

524 5560 886 5630 przecedenti
933 5560 1205 5633 epistola.
1259 5564 1377 5617 Hoc
1436 5561 1594 5616 enim
1653 5560 1813 5616 malo
1862 5565 2172 5616 contactas
2281 5568 2372 5619 rat
2404 5567 2640 5636 αἴρουσι.
