4070 6194
170 264 278 319 309

1175 255 1670 316 EPISTOLABUM
1706 250 1986 310 CLASSIS
2022 255 2068 310 Ι.
2104 256 2318 315 EPIST.
2361 260 2540 318 XXIX.

3444 264 3549 319 310

170 388 368 446 κακοὺς
421 383 659 457 ἐργάτας.
709 381 895 437 Πολλοὶ
952 385 1001 437 οἱ
1051 386 1214 445 κύνες.
1270 388 1334 437 Τί
1398 383 1529 454 λέγω
1582 382 1724 440 κύνες
1765 394 1774 445 ;

1898 394 2137 453 semper
2161 382 2551 452 admonebat,
2582 385 2797 443 Cavete
2826 400 3023 453 canes,
3054 384 3354 459 inquiens,
3384 401 3551 445 cave-

173 477 339 528 Λύκοι
363 476 457 546 μὲν
488 469 577 524 οὖν
616 470 819 545 βαρεῖς,
852 471 900 524 έν
956 470 1221 545 ἐπιφανείᾳ
1267 470 1539 545 προϐάτων
1590 473 1648 522 τὸ
1697 465 1785 521 δο-

173 566 316 637 λερὸν
374 564 818 636 ὑποκρύπτοντες,
888 569 1162 634 πανταχοῦ
1218 571 1308 623 τῆς
1364 563 1668 633 οἰκουμένης
1724 560 1783 609 τὸ

170 660 410 726 Χριστοῦ
466 654 707 723 ποίμνιον
772 646 1098 707 διασπῶσιν.
1149 650 1251 712 Οὓς
1308 650 1587 723 φυλακτέον
1640 650 1781 720 ὑμῖν,

172 741 524 816 έγρηγορικοῦ
560 759 700 801 τινος
756 744 1001 812 ποιμένος
1052 738 1356 812 ἐπιστασίᾳ.
1409 746 1502 792 ’ον
1540 740 1782 811 ὑμέτερον

173 834 265 903 μεν
297 831 540 894 αἰτῆσαι,
595 828 913 900 φιλονεικίας
964 831 1143 890 πάσης
1193 834 1283 881 καὶ
1314 828 1664 902 φιλοπρωτίας
1692 830 1783 889 τάς

174 919 369 991 ψυχὰς
426 920 826 991 καθαρεύοντας,
878 926 970 970 τοῦ
1036 923 1229 993 Κυρίου
1257 915 1317 971 δὲ
1364 914 1634 981 ἀναδεῖξαι
1668 938 1680 951 ο
1731 918 1783 978 ὃς

175 1009 282 1061 ἀπὸ
344 1017 435 1060 τοῦ
488 1008 716 1079 μεγάλου
770 1010 1071 1081 προστάτου
1123 1016 1220 1070 τῆς
1276 1008 1592 1070 Ἐκκλησιας
1638 1010 1781 1080 ὑμῶν

172 1103 467 1172 Γρηγορίου
498 1102 665 1171 μέχρι
694 1106 787 1149 τοῦ
825 1103 1086 1173 μακαρίου
1114 1101 1320 1165 τούτου,
1371 1097 1520 1150 ἄλλον
1574 1097 1654 1151 ἐπ’
1684 1098 1781 1150 ἄλ-

167 1187 236 1259 λῳ
277 1190 393 1255 (45)
430 1188 740 1259 προστιθεὶς
767 1192 858 1239 καὶ
896 1188 1235 1261 συναρμόζων
1276 1186 1375 1257 ἀεὶ,
1416 1189 1521 1240 οἷον
1548 1190 1603 1239 ἔκ
1644 1207 1779 1248 τινος

170 1276 337 1350 ἁρμοῦ
367 1280 479 1341 (46)
540 1275 696 1328 λίθων
755 1275 1065 1347 πολυτελῶν,
1109 1279 1408 1349 θαυμαστὸν
1438 1278 1543 1329 οἷον
1596 1276 1778 1339 κάλλος

170 1374 259 1425 τῆς
290 1365 597 1427 Ἐκκλεσίας
628 1366 772 1437 ὑμῶν
813 1364 1126 1441 ἐχαρίσατο.
1176 1366 1337 1419 Ὠστε
1383 1363 1507 1418 οὐδε
1548 1374 1647 1418 τῶν
1698 1364 1779 1438 ἐφ-

172 1456 285 1517 εξῆς
315 1453 679 1507 ἀπελπιστέον·
715 1451 844 1507 Οἵδε
873 1458 974 1527 γὰρ
1010 1458 1199 1531 Κύριος
1232 1460 1350 1517 τοὺς
1380 1460 1529 1516 ὄντας
1577 1453 1735 1507 αὐτοῦ
1763 1475 1774 1488 ·

172 1548 259 1595 καὶ
288 1541 483 1613 ἀγάγοι
527 1542 587 1594 ἀν
619 1543 691 1605 εἰς
722 1546 779 1595 τὸ
810 1548 968 1617 μέσον
998 1548 1118 1607 τοὺς
1148 1543 1269 1619 παρ’
1296 1546 1443 1618 ἡμῶν
1497 1546 1664 1616 τυχὸν
1718 1544 1777 1596 οὐ

171 1629 615 1707 προσδοκωμένου
624 1652 666 1693 ς.

234 1813 289 1865 3.
326 1809 501 1863 Πάλαι
530 1829 593 1882 με
617 1809 827 1863 θέλοντα
854 1817 954 1862 τῶν
996 1810 1158 1883 λόγων
1186 1813 1498 1865 παύσασθαι
1528 1813 1567 1862 ὡ
1608 1808 1768 1871 ὀδύνη

166 1906 260 1959 τῆς
316 1895 551 1973 καρδίας
599 1899 694 1951 οὐκ
750 1898 1011 1974 ἐπιτρέπει
1056 1921 1069 1933 ·
1130 1898 1238 1951 ἀλλ’
1292 1899 1595 1959 ἐπισκήπτω
1650 1902 1771 1974 ὑμῖν

165 1992 291 2060 πρὸς
332 1997 435 2039 τῶν
498 1992 758 2063 Πατέρων,
818 1992 947 2063 πρὸς
994 1998 1082 2049 τῆς
1125 1991 1287 2058 ὀρθῆς
1344 1994 1592 2059 πίστεως,
1643 1994 1774 2064 πρὸς

167 2086 256 2129 τοῦ
287 2082 559 2149 μακαρίου
590 2081 800 2145 τουτου,
832 2074 1185 2137 διαναστῆναι
1212 2082 1304 2136 τὴν
1345 2078 1551 2151 ψυχὴν,
1587 2079 1772 2132 οἰκεῖον

168 2170 388 2219 ἕκαστον
456 2166 643 2219 ἑαυτοῦ
681 2171 739 2219 τό
771 2163 1202 2239 σπουδαζόμενον
1250 2171 1516 2241 κρίναντα,
1566 2173 1654 2220 καὶ
1684 2177 1775 2230 τῆς

171 2254 241 2326 ἐφ’
299 2255 524 2327 ἑκάτερα
577 2264 678 2307 τῶν
716 2258 1046 2330 πραγμάτων
1106 2255 1368 2318 ἐκϐάσεως
1417 2264 1620 2331 πρῶτον
1687 2257 1775 2310 αῦ-

169 2349 251 2396 τὸν
332 2343 655 2397 ἀπολαύσειν
737 2347 1044 2417 ἡγούμενον,
1099 2342 1259 2418 μηδὲ,
1320 2349 1378 2398 τὸ
1425 2354 1535 2407 τοῖς
1574 2346 1776 2408 πολλοῖς

167 2433 482 2506 συμϐαῖνον,
531 2438 660 2505 πρὸς
718 2438 805 2485 τὸν
854 2433 1073 2491 πλησίον
1126 2439 1220 2493 τὴν
1280 2444 1378 2488 τῶν
1429 2444 1610 2488 κοινῶν
1659 2435 1775 2488 ἔπι-

163 2525 371 2597 fuluas
400 2524 730 2578 ἀπωθεῖσθαι
759 2546 771 2558 ·
807 2522 937 2596 εἶτα,
971 2525 1193 2578 ἑκάστου
1240 2535 1303 2599 τῇ
1352 2527 1511 2579 αὑτοῦ
1569 2524 1779 2601 διανοίᾳ

160 2624 264 2667 τῶν
318 2618 645 2688 πραγμάτων
704 2614 1096 2689 ὀλιγωροῦντος,
1136 2616 1308 2669 λαθεῖν
1350 2617 1584 2679 ἅπαντας
1638 2614 1776 2671 ῖδιον

164 2704 374 2766 ἑαυτοῖς
432 2707 597 2756 κακὸν
664 2701 758 2757 διὰ
836 2713 927 2765 τῆς
994 2704 1227 2778 ἀμελείας
1297 2705 1775 2779 ἐπισπασαμένους.

158 2800 339 2846 Ταῦτα
369 2796 472 2846 εῖτε
499 2795 565 2854 ὡς
588 2798 833 2864 γειτόνων
864 2796 1184 2867 συμπάθεια,
1241 2799 1340 2848 εἴτε
1379 2798 1448 2857 ὡς
1494 2792 1777 2868 ὁμοδοξοῦ-

157 2902 290 2935 ντων
320 2888 574 2935 κοινωνία
593 2886 730 2953 (47),
779 2886 878 2935 εἴτε
925 2888 1034 2952 καὶ,
1089 2885 1210 2959 ὅπερ
1244 2882 1583 2959 ἀληθέστερόν
1640 2883 1775 2951 ἐστι,

160 2981 233 3042 τῷ
301 2982 395 3033 τῆς
451 2971 664 3043 ἀγάπης
712 2974 1023 3045 πειθομένων
1080 2978 1240 3045 νόμῳ,
1293 2978 1383 3026 καὶ
1434 2977 1521 3026 τὸν
1582 2975 1637 3026 ἐκ
1684 2981 1776 3027 τοῦ

1897 474 1953 525 te
1978 475 2285 540 operarios
2311 476 2501 531 malos
2535 477 2599 530 ¹².
2630 476 2818 533 Canes
2847 492 2970 532 non
2992 478 3189 550 pauci.
3229 477 3383 543 Quid
3410 478 3547 535 dico

1895 575 2075 615 canes
2098 562 2125 617 ?
2155 567 2280 619 lmo
2311 580 2449 620 vero
2470 564 2596 636 lupi
2626 580 2859 635 graves,
2894 566 2997 638 qui
3032 566 3145 623 sub
3177 568 3383 623 ovium
3416 583 3546 640 spe-

1893 649 1980 706 cie
2009 649 2219 707 dolum
2250 658 2656 723 contegentes,
2683 653 2911 727 ubique
2958 659 3250 711 terrarum
3299 671 3545 728 gregem

1893 738 2106 795 Christi
2135 740 2425 797 divellunt
2450 758 2463 798 :
2489 742 2593 814 qui
2622 742 2793 799 vobis
2823 743 3051 798 vitandi
3072 750 3210 800 sunt
3243 744 3543 815 vigilantis

1891 826 2147 899 alicujus
2178 831 2434 901 pastoris
2460 831 2764 903 praesidio.
2791 832 2963 887 Hunc
2989 837 3253 888 vestrum
3290 834 3541 905 quidem

1891 921 1979 972 est
2007 923 2228 990 petere,
2262 919 2481 975 animis
2505 920 2584 976 ab
2615 922 2782 976 omni
2809 920 3189 976 contentione
3219 926 3397 994 atque
3418 939 3543 979 am-

1888 1005 2113 1063 bitione
2138 1010 2511 1080 repurgatis:
2549 1010 2785 1067 Domini
2816 1026 2976 1079 vero,
3007 1010 3345 1077 ostendere,
3372 1011 3476 1083 qui
3506 1027 3544 1067 δ,

1891 1112 2115 1166 magno
2142 1097 2243 1153 illo
2264 1098 2537 1155 Ecclesiae
2576 1106 2779 1156 vestrae
2811 1100 2963 1155 duce
3014 1100 3295 1169 Gregorio
3349 1116 3541 1172 usque

1889 1186 1969 1243 ad
1998 1187 2159 1243 hunc.
2187 1187 2456 1259 beatum,
2479 1188 2735 1245 alterum
2764 1190 2827 1245 in
2857 1189 3101 1245 alterius
3128 1188 3332 1245 locum
3380 1189 3542 1245 sufﬁ-

1889 1276 2073 1343 ciens,
2098 1292 2453 1349 semperque
2480 1278 2803 1349 adaptans,
2832 1277 2995 1334 velut
3023 1294 3097 1334 ex
3116 1278 3386 1351 quadam
3410 1294 3541 1351 pre-

1888 1363 2178 1420 tiosorum
2208 1365 2480 1437 lapidum
2510 1367 2933 1432 commissura,
2966 1366 3187 1421 mirum
3219 1383 3540 1424 ornamen-

1886 1456 2017 1508 tum
2048 1453 2323 1510 Ecclesiae
2354 1459 2565 1511 vestrm
2595 1454 2847 1526 largitus
2893 1459 2999 1511 est.
3052 1456 3244 1520 Quare
3293 1471 3406 1512 nec
3461 1457 3537 1513 de

1888 1544 2255 1599 successuris
2298 1542 2755 1617 desperandum
2811 1550 2919 1601 est.
2962 1546 3135 1602 Novit
3188 1545 3351 1601 enim
3393 1563 3537 1603 suos

1887 1633 2193 1701 Dominus,
2223 1637 2280 1689 et
2308 1634 2573 1706 proferre
2604 1634 2665 1690 in
2691 1634 2960 1691 medium
2991 1638 3205 1707 potest,
3235 1651 3391 1707 quos
3420 1635 3536 1692 for-

1885 1725 2040 1779 tasse
2068 1738 2191 1778 non
2218 1727 2665 1795 exspectamus.

1954 1816 2008 1868 3.
2042 1811 2278 1867 Dudum
2308 1828 2406 1869 me
2425 1812 2723 1870 volentem
2752 1815 3015 1871 sermoni
3044 1815 3231 1871 ﬁnem
3259 1815 3535 1889 imp‘one-

1882 1916 1966 1969 re,
2000 1900 2173 1956 dolor
2202 1901 2399 1957 cordis
2448 1918 2572 1957 non
2604 1902 2742 1959 sinit
2774 1922 2785 1959 :
2823 1904 2930 1959 sed
2955 1904 3224 1961 obtestor
3264 1920 3371 1960 vos
3428 1919 3537 1976 per

1882 1992 2103 2055 Patres,
2130 2006 2237 2063 per
2265 1996 2490 2047 rectam
2521 1991 2726 2055 ﬁdem,
2750 2009 2858 2065 per
2887 1994 3048 2049 hunc
3094 1994 3364 2061 beatum,
3421 1993 3530 2048 eri-

1884 2080 2037 2152 gatis
2062 2080 2357 2149 animum,
2373 2082 2689 2153 proprium
2712 2082 2823 2138 sibi
2847 2082 3104 2155 quisque
3124 2082 3186 2137 id
3215 2082 3381 2155 quod
3403 2081 3531 2152 agi-

1883 2174 1979 2226 tur
2006 2170 2319 2237 ducentes,
2349 2175 2406 2226 et
2428 2187 2630 2227 rerum
2650 2172 2713 2228 in
2742 2178 3060 2245 utramque
3078 2177 3311 2244 partem
3339 2172 3532 2229 exitus

1884 2259 2203 2332 participes
2245 2276 2307 2316 se
2336 2260 2397 2316 in
2440 2261 2649 2333 primis
2698 2262 2824 2318 fore
2867 2262 3296 2333 existimantes,
3343 2262 3425 2318 ita
3471 2266 3536 2319 ut

1882 2365 2087 2406 rerum
2113 2349 2530 2406 communium
2561 2367 2789 2423 curam,
2820 2356 2883 2407 ut
2928 2350 3195 2424 plerique
3232 2350 3443 2419 solent,
3473 2351 3536 2407 in

1884 2439 2229 2512 proximum
2260 2455 2382 2496 non
2407 2440 2711 2511 rejiciatis,
2744 2456 2813 2496 ac
2843 2445 3053 2513 postea
3076 2455 3445 2513 unoquoque
3473 2441 3537 2496 in

1886 2528 2092 2584 animo
2124 2544 2238 2584 suo
2266 2544 2362 2585 res
2392 2528 2752 2599 negligente,
2793 2544 3005 2585 omnes
3032 2528 3145 2585 sibi
3176 2528 3291 2601 ipsi
3321 2544 3426 2601 per
3453 2529 3540 2585 in-

1886 2618 2114 2674 curiam
2140 2618 2455 2690 proprium
2492 2619 2725 2675 malum
2754 2618 3167 2691 imprudentes
3202 2623 3537 2677 accersant.

1888 2709 2021 2762 Haec
2052 2713 2255 2762 autem
2283 2707 2406 2762 sive
2440 2712 2502 2763 ut
2525 2707 2862 2763 vicinorum
2919 2708 3537 2775 commiserationem,

1886 2795 2012 2851 sive
2056 2799 2121 2851 ut
2172 2795 2335 2851 idem
2406 2796 2788 2853 sentientium
2846 2797 3357 2868 communionem,
3413 2797 3538 2853 sive

1886 2885 2087 2953 etiam,
2145 2885 2311 2957 quod
2354 2886 2554 2941 verius
2611 2891 2719 2955 est,
2760 2890 2825 2941 ut
2853 2886 3159 2942 charitatis
3199 2886 3317 2955 legi
3358 2885 3537 2942 obse-

1884 2973 2220 3046 quentium,
2273 2977 2327 3029 et
2378 2973 2713 3046 periculum
2792 2973 3006 3029 silentii
3081 2973 3531 3041 declinantium,

164 3071 443 3121 σεωπῆσαι
478 3058 724 3114 κίνδυνον
774 3060 1127 3131 ἐκκλινάντων,
1176 3064 1307 3135 μετὰ
1344 3064 1525 3125 πάσης
1577 3064 1774 3125 εὐνοίας

1888 3063 2051 3120 omni
2073 3080 2212 3121 cum
2233 3062 2651 3120 benevolentia
2680 3064 2967 3135 excipite;
2998 3079 3357 3135 persuasum
3387 3062 3537 3120 illud

163 3147 388 3213 δέξασθε
421 3172 434 3183 ·

165 3242 325 3311 θάπερ
377 3244 466 3290 καὶ
503 3242 655 3311 ἡμεῖς
705 3241 849 3311 ὑμῶν
908 3238 980 3301 εἰς
1028 3244 1122 3297 τὴν
1179 3241 1371 3312 ἡμέραν
1413 3248 1504 3292 τοῦ
1556 3247 1773 3314 Κυρίου,

490 3154 847 3222 πεπεισμένοι,
896 3151 976 3202 ὅτι
1028 3153 1291 3223 καύχημα
1342 3152 1488 3223 ἡμῶν
1519 3151 1655 3218 ἐστε,
1684 3173 1776 3205 κα-

161 3335 248 3382 καὶ
279 3331 364 3381 ὅτι
397 3328 453 3381 ἐκ
484 3336 578 3381 τοῦ
610 3324 971 3400 δοθησομένου
1002 3333 1238 3401 ποιμένος
1268 3330 1388 3401 ὑμῖν
1418 3331 1448 3389 ἦ
1483 3328 1566 3382 ἐπι
1596 3330 1770 3383 πλέον·

161 3427 231 3487 τῷ
262 3414 557 3490 συνδέσμῳ
582 3426 678 3479 τῆς
709 3416 912 3489 ἀγάπης
951 3417 1334 3490 ένωθησόμεθα,
1396 3420 1425 3477 ἢ
1475 3423 1607 3492 πρὸς
1648 3440 1769 3473 παν

160 3508 273 3567 sos.
312 3504 607 3560 διάστασιν
642 3528 654 3539 ν
689 3506 715 3558 ὁ
767 3512 840 3579 μὴ
890 3511 1111 3578 γένοιτο,
1169 3504 1309 3579 μηδὲ
1355 3510 1506 3560 ἔσται
1558 3517 1620 3581 τῇ
1680 3518 1771 3562 τοῦ

163 3605 303 3650 Θεοῦ
338 3598 546 3670 χάριτι,
602 3592 719 3647 οὐδ’
750 3595 811 3647 ἂν
865 3596 1023 3657 αὐτὸς
1074 3600 1273 3669 εῖποιμι
1320 3604 1408 3648 νῦν
1459 3595 1771 3671 βλάσφημον

163 3682 346 3741 οὐδέν.
374 3692 536 3738 Τοῦτο
568 3681 627 3737 δε
671 3681 866 3737 εἰδέναι
896 3686 1033 3757 ὑμᾶς
1086 3684 1400 3757 βουλόμεθα,
1455 3688 1557 3754 ὅτι,
1599 3688 1642 3739 εἰ
1683 3693 1771 3741 καὶ

162 3779 290 3849 πρὸς
341 3780 436 3833 τὴν
492 3775 697 3850 εἰρήνην
730 3782 829 3827 τῶν
860 3774 1178 3833 Ἐκκλησιών
1238 3780 1594 3851 συντρέχοντα
1646 3779 1770 3849 ἡμῖν

160 3865 253 3915 οὐκ
284 3866 519 3935 ἔσχομεν
560 3865 675 3925 (48)
708 3867 793 3916 τὸν
827 3866 1084 3939 μακάριον
1140 3861 1233 3916 διά
1280 3885 1441 3929 τινας,
1494 3868 1564 3928 ὡς
1615 3866 1770 3929 αὐτὸς

163 3955 287 4025 ἡμῖν
317 3951 703 4022 διεϐεϐαιοῦτο,
752 3954 1051 4026 προλήψεις,
1101 3952 1206 4005 ἀλλ’
1253 3951 1339 4006 οὖν
1395 3974 1454 4026 γε
1500 3964 1594 4017 τῆς
1641 3961 1773 4030 πρὸς

168 4044 323 4095 αὐτὸν
354 4041 660 4115 ὀμοδοξίας,
715 4048 805 4095 καὶ
852 4052 943 4095 τοῦ
1000 4042 1079 4095 ἀεὶ
1110 4048 1348 4095 κοινωνὸν
1410 4043 1771 4099 ἐπικαλεῖσθαι

164 4140 263 4183 τῶν
296 4138 426 4205 πρὸς
456 4137 575 4193 τοὺς
607 4135 892 4207 αἰρετικοῦς
918 4131 1147 4204 ἀγώνων,
1168 4133 1267 4185 ὑπὸ
1297 4136 1526 4208 μάρτυρι
1556 4144 1627 4206 τῷ
1656 4144 1769 4207 Θεῷ

160 4230 247 4276 καί
280 4223 576 4296 ἀνθρώποις
618 4232 722 4284 τοῖς
751 4226 1145 4295 πεπειραμένοις
1193 4224 1336 4295 ἡμῶν
1368 4221 1556 4280 οὐδένα
1588 4231 1768 4300 καιρὸν

160 4312 565 4385 ἀπελείφθημεν.

711 4415 1047 4463 ΕΠΙΣΤΟΛΗ
1091 4410 1215 4467 ΚΘ.

1798 4414 1841 4468 D

1883 3153 2177 3210 habentes
2204 3170 2313 3209 vos
2343 3169 2475 3209 esse
2504 3158 2776 3209 nostram
2800 3152 3217 3223 gloriationem
3242 3153 3535 3225 quemad-

1884 3244 2135 3300 modum
2168 3250 2223 3301 et
2248 3260 2359 3300 nos
2386 3248 2580 3300 vestra
2608 3243 2833 3300 erimus
2858 3242 2918 3298 in
2960 3244 3197 3299 Domini
3227 3243 3323 3299 die
3349 3261 3361 3299 :
3398 3259 3536 3300 nos-

1882 3350 2001 3407 que
2023 3340 2201 3407 prout
2230 3339 2438 3406 pastor
2458 3333 2629 3389 vobis
2658 3333 2916 3400 dabitur,
2950 3333 3046 3389 vel
3090 3334 3311 3390 arctius
3338 3334 3537 3390 chari-

1882 3426 2016 3482 tatis
2078 3423 2318 3481 vinculo
2368 3423 2685 3479 vobiscum
2737 3438 2868 3479 esse
2917 3424 3400 3495 conjungendos,
3440 3423 3535 3479 vel

1878 3530 2129 3588 prorsus
2156 3512 2614 3585 disjungendos,
2644 3512 2811 3584 quod
2839 3512 3087 3585 quidem
3126 3512 3305 3582 absit,
3336 3528 3533 3586 neque

1881 3605 1982 3661 Dei
2014 3605 2204 3675 gratia
2229 3604 2349 3673 ﬁet,
2376 3618 2573 3674 neque
2605 3618 2751 3658 sane
2774 3602 2903 3675 ipse
2923 3618 3085 3658 nunc
3117 3602 3533 3659 contumeliosi

1878 3695 2219 3769 quidquam
2250 3694 2523 3750 dixerim.
2551 3696 2670 3749 Hoc
2693 3698 2895 3750 autem
2920 3692 3071 3749 scire
3093 3708 3201 3748 vos
3228 3692 3527 3759 volumus,

1880 3792 1936 3842 et
1956 3785 2003 3841 si
2026 3785 2272 3841 beatum
2294 3782 2464 3838 illum
2496 3782 2576 3838 ad
2605 3782 3002 3838 Ecclesiarum
3032 3797 3243 3853 pacem
3277 3796 3531 3836 concur-

1878 3880 2108 3932 rentem
2139 3888 2262 3929 non
2287 3872 2618 3928 habuimus
2651 3876 2893 3943 propter
2920 3870 3243 3944 quasdam,
3290 3875 3353 3926 ut
3402 3870 3530 3943 ipse

1878 3965 2055 4021 nobis
2080 3962 2422 4030 afﬁrmavit,
2451 3961 2805 4033 anticipatas
2823 3960 3139 4032 opiniones
3163 3977 3175 4027 ;
3202 3959 3306 4015 sed
3327 3964 3531 4016 tamen

1878 4054 2037 4110 idem
2071 4069 2209 4109 cum
2241 4053 2369 4125 ipso
2401 4050 2714 4121 sentiendi,
2746 4065 3007 4121 eumque
3064 4064 3303 4122 semper
3346 4052 3531 4105 certa-

1877 4143 2112 4199 minum
2135 4141 2429 4197 adversus
2459 4139 2769 4195 haereticos
2790 4138 3146 4211 participem
3169 4138 3530 4205 advocandi,

1876 4249 2008 4300 nos,
2042 4233 2159 4287 Deo
2191 4235 2337 4286 teste
2372 4234 2427 4284 et
2452 4228 2803 4285 hominibus
2832 4228 2936 4300 qui
2964 4228 3153 4283 nostri
3195 4227 3529 4300 periculum

1876 4321 2163 4388 fecerunt,
2200 4318 2429 4375 nullum
2462 4322 2698 4388 tempus
2730 4316 3145 4373 intermisisse.

2311 4409 2483 4479 109
2526 4408 2862 4463 EPISTOLA
2903 4407 3100 4463 xx1x*.

154 4539 421 4593 Basilius
451 4537 796 4604 Ancyranis
825 4536 1126 4605 signiﬁcat
1156 4542 1465 4605 acceptum
1498 4552 1573 4593 ea:
1596 4543 1785 4594 morte
1814 4551 2011 4593 eorum
2053 4534 2309 4604 episcOpi
2337 4532 2666 4605 Athanasii
2688 4532 2976 4599 dolorem,
3000 4533 3425 4605 cujussumma
3456 4529 3529 4585 de

221 4609 502 4665 ecclesiis
559 4603 773 4663 merita
817 4603 1138 4678 praedicat.
1193 4603 1496 4663 Hortatur
1547 4614 1612 4663 ut
1660 4614 1934 4677 caveant,
1990 4603 2322 4664 ne’rursus
2368 4606 2432 4659 in
2489 4604 2776 4660 electione
2821 4603 3082 4673 episcopi
3137 4603 3528 4659 dissensiones

220 4685 601 4738 nascantur.

310 4812 393 4876 Τῇ
428 4801 718 4875 Ἐκκλησία
748 4802 1009 4876 Ἀγκύρας
1033 4804 1441 4876 παραμυθητική
1471 4803 1604 4875 (49).

222 4912 399 4965 [Ιολὺν
453 4914 583 4984 ἡμῖν
640 4915 833 4986 χρόνον
895 4916 1097 4969 σιωπὴν
1152 4909 1444 4968 ἐνεποίησεν
1490 4912 1519 4969 η
1581 4910 1764 4969 ἔκπλη-

222 5044 266 5076 ¹²
296 5038 575 5109 Pbilipp.
619 5052 698 5103 tu,
725 5040 781 5091 2.

222 5169 333 5227 (45)
366 5162 493 5217 Ἐπῖ
519 5161 680 5233 ἄλλῳ.
714 5160 806 5218 Sic
834 5163 969 5216 octo
1012 5159 1250 5217 codices
1292 5175 1443 5215 mss.
1482 5158 1631 5216 Editi
1686 5159 1766 5212 ἐπ’

162 5254 325 5292 «μου.

220 5313 331 5371 (46)
358 5310 587 5378 Ἀρμοῦ·
622 5304 714 5378 Sic
736 5319 841 5359 sex
870 5319 1015 5378 mss.
1048 5301 1195 5357 Editi
1217 5303 1399 5378 ᾇρμου.
1425 5302 1609 5378 Paulo
1631 5306 1768 5378 post

164 5378 329 5435 editio
380 5372 750 5437 Parisieusis
798 5376 920 5446 παρ’
976 5375 1135 5445 ὑμῶν.
1182 5372 1323 5430 ΑῙΙΞ
1370 5372 1661 5430 editiones
1709 5377 1767 5429 ct

168 5465 297 5505 mss.
328 5450 580 5505 codices
606 5453 838 5517 septem
869 5446 991 5519 παρ’
1030 5447 1197 5519 epeia.

232 5527 337 5585 (ὁῖζ.
366 5515 1042 5592 Συμπάθειαηηκοῂινωνία·
1069 5515 1190 5592 ⁷810
1236 5516 1456 5572 vetusti
1504 5515 1763 5592 codices,

177 5593 370 5650 melius
401 5587 598 5666 quam
617 5592 680 5647 in
706 5588 885 5647 editis
918 5590 1292 5661 συμπαθείᾳ...
1328 5593 1594 5661 κοινωνίᾳ,
1650 5587 1767 5645 Sed

2182 4799 2471 4857 Ecclesia
2495 4799 2758 4869 Ancyrae
2787 4800 3212 4857 consolatoria.

1946 4909 2301 4966 Diuturnum
2342 4906 2519 4963 nobis
2549 4905 2853 4962 silentium
2880 4906 3168 4979 imposuit
3196 4906 3383 4964 animi
3410 4909 3527 4963 stu-

1918 5158 2141 5217 ostulat
2174 5170 2388 5212 sensus
2418 5161 2481 5229 ut
2526 5156 2760 5225 legatur
2786 5158 3206 5229 συμπάθειαν...
3257 5160 3525 5229 κοινωνίαν

1918 5177 2141 5217 Οεῑωᾶι
2174 5177 2388 5212 sensus
2418 5177 2481 5213 αι
2526 5177 2760 5225 legatur
2810 5177 3206 5229 συμπαυειαν...
3257 5177 3520 5209 κοινωνίαν

1873 5177 2063 5288 ἓάὶίὶο
2089 5228 2499 5298 Haganoensis
2524 5228 2819 5285 consentit
2848 5245 2987 5284 cum
3015 5244 3161 5283 mss.
3192 5226 3520 5298 codicibus.

1896 5378 1917 5392 κ
1948 5304 2059 5374 (48)
2122 5302 2231 5354 Οὐκ
2287 5303 2534 5373 ἔσχομεν.
2598 5304 2679 5357 Ita
2724 5317 2873 5357 mss.
2923 5305 3171 5371 septem.
3231 5297 3382 5352 Editi
3430 5297 3523 5348 οῦκ

1875 5394 2536 5518 ειῆῗθῗῖιαραμυθητικὴ.
2562 5446 2695 5499 Haec
2725 5459 2844 5499 vox
2868 5440 3077 5518 addita
3114 5453 3329 5518 ex_sex
3359 5454 3512 5497 mss.

1944 5519 1965 5539 '
2002 5511 2394 5588 Alias'LXVll,
2427 5517 2647 5589 scripta
2678 5530 2839 5572 anno
2869 5514 2973 5569 368
2999 5511 3270 5567 exeunte.
