4070 6194
452 254 551 307 311
1841 242 1899 297 S.
1938 238 2139 294 BASlL

2256 236 2451 294 IAGNI
3721 238 3824 296 312

452 389 567 448 por
588 388 660 429 ex
685 370 1047 443 gravissimo
1061 369 1243 427 tristis
1264 373 1514 426 eventus
1528 367 1766 425 nuntio.
1784 368 2108 437 Postquam

2260 381 2304 422 ις
2340 369 2437 423 τῆς
2484 359 2791 435 βαρυτάτης
2848 353 3094 428 ἀγγελίας
3147 360 3240 408 τοῦ
3300 354 3592 429 συμϐάντος
3634 370 3819 418 κακοῦ.

460 443 599 519 vero
630 460 945 534 paululum
978 459 1247 532 quodam
1272 458 1457 514 modo
1484 474 1556 512 ex
1578 454 1977 513 taciturnitate
1998 469 2109 508 nos

2256 455 2359 504 Ξπεὶ
2407 447 2466 503 δε
2516 452 2702 524 μικρόν
2750 467 2859 507 πως
2911 453 3003 506 τῆς
3063 443 3291 517 ἀφασίας
3342 443 3710 519 ἀνηνέγκαμεν,
3763 451 3822 509 ἣν

457 532 904 621 recollegimus,
936 566 1126 623 quam
1156 549 1316 604 velut
1346 548 1408 616 ii,
1440 563 1699 619 quorum
1726 561 1904 601 aures
1929 542 2108 599 vehe-

2256 560 2289 601 ις
2321 540 2505 610 οἱ(50)
2534 538 2726 610 βροντῆ
2779 534 2975 609 μεγάλη
3034 536 3128 595 τὰς
3181 532 3341 595 ἀκοὰς
3392 535 3823 608 καταπλαγέντες,

460 643 646 699 menti
671 643 896 697 tonitru
926 622 1216 713 perculsae
1244 644 1404 710 sunt,
1427 640 1590 712 passi
1621 654 1832 694 sumus
1858 654 1870 703 ;
1914 650 2113 690 neces-

2256 630 2545 699 ἐπόνθαμεν
2575 649 2587 660 ·
2622 625 2915 697 ἀναγκαίως
2970 630 3058 675 νῦν
3110 622 3512 696 ἐπεστεναξαμεν
3559 632 3630 696 τῷ
3688 646 3827 701 συμ-

470 733 631 789 sario
662 747 825 787 nunc
855 731 925 786 de
953 746 1023 785 eo
1055 730 1217 801 quod
1248 727 2006 798 accidit,ingemuimus,et
2030 723 2115 778 in-

466 827 553 877 ter
581 821 777 877 luctus
816 818 1134 892 epistolam
1185 819 1345 875 hanc
1376 819 1453 873 ad
1506 835 1616 873 vos
1655 817 1958 880 misimus,
1990 828 2114 868 non

468 909 829 966 consolandi
861 908 1070 977 gratia,
1114 907 1273 979 (quis
1307 907 1466 963 enim
1522 922 1719 963 sermo
1777 903 2117 960 inveniatur

466 1004 649 1056 tantae
707 998 977 1054 medicus
1018 996 1452 1067 calamitatis?)
1514 996 1622 1051 sed
1679 994 1879 1051 cordis
1926 991 2118 1048 nostri

469 1088 737 1144 dolorem
751 1130 762 1153 ,
776 1093 1070 1159 quantum
1103 1087 1432 1159 possimus,
1449 1086 1620 1141 vobis
1642 1086 1755 1141 hac
1769 1099 1914 1140 voce
1932 1082 2119 1152 signi-

471 1178 743 1232 ﬁcantes.
771 1178 933 1247 Opus
964 1192 1124 1231 nunc
1147 1175 1294 1230 mihi
1316 1181 1516 1231 essent
1536 1174 1811 1230 Jeremiae
1834 1173 2124 1229 lamenta-

473 1267 686 1331 tiones,
713 1265 837 1320 etsi
875 1265 1013 1337 quis
1054 1281 1200 1319 sane
1242 1264 1393 1320 alius
1429 1280 1497 1321 ex
1538 1264 1731 1319 beatis
1770 1261 2121 1319 hominibus

477 1355 883 1412 calamitatem
911 1353 1245 1408 maximam
1275 1352 1460 1407 modo
1497 1351 1952 1407 commovendis
2000 1350 2119 1406 ani-

480 1444 592 1500 mis
620 1443 841 1497 idoneo
871 1440 1237 1497 lamentatus
1265 1445 1373 1496 est.
1424 1440 1646 1496 Cecidit
1676 1442 1787 1501 vir,
1830 1455 1971 1495 vere
2029 1454 2127 1495 co-

478 1533 691 1589 lumna
721 1538 778 1588 et
806 1532 1258 1587 ﬁrmamentum
1293 1531 1587 1597 Ecclesiae,
1620 1531 1709 1586 vel
1748 1531 1947 1603 potius
1994 1530 2126 1602 ipse

479 1622 729 1695 quidem
761 1621 840 1677 ad
869 1621 1114 1677 beatam
1145 1621 1333 1676 vitam
1363 1620 1638 1676 sublatus
1665 1636 1701 1676 a
1729 1620 1904 1675 nobis
1934 1619 2080 1675 abiit
2109 1638 2121 1675 :

2225 716 2393 786 ϐάντι,
2442 722 2532 769 καὶ
2579 716 2772 790 μεταξὺ
2841 709 3149 785 ὀδυρόμενοι
3203 716 3295 771 τὴν
3353 712 3628 773 ἓπιστολὴν
3704 717 3828 788 ὑμῖν

2225 806 2579 880 ἐξεπέμψαμεν
2608 828 2620 840 ·
2699 805 2757 858 οὐ
2800 802 3173 877 παρακλήσεως
3240 803 3420 869 ἕνεκεν,
3461 808 3559 868 (τίς
3620 808 3723 879 γὰρ
3770 806 3830 859 ἂν

2225 902 2316 949 καὶ
2386 896 2534 968 λόγος
2596 896 2823 969 εὑρεθείη
2906 896 3170 954 τοσαύτης
3250 898 3518 967 συμφορᾶς
3582 894 3759 969 ἰατρός
3794 897 3833 967 ;)

2228 985 2356 1037 ἀλλὰ
2392 991 2483 1044 τὴν
2512 982 2704 1042 ὀδύνην
2735 992 2827 1044 τῆς
2855 978 3081 1056 καρδίας
3123 984 3289 1052 ἡμῶν,
3330 981 3448 1034 καθ’
3489 984 3608 1036 ὅσον
3671 982 3835 1037 δυνα-

2228 1078 2336 1140 τὸν,
2370 1074 2425 1126 ἐκ
2446 1083 2537 1136 τῆς
2581 1083 2771 1147 φωνῆς,
2803 1075 2995 1133 ταύτης
3042 1073 3163 1143 ὑμῖν
3223 1067 3675 1143 διασημαίνοντες.
3724 1082 3833 1147 Νῦν

2232 1162 2453 1237 ἐδεόμην
2492 1173 2590 1215 τῶν
2639 1163 2884 1236 Ἰερεμίου
2934 1163 3152 1234 θρήνων,
3204 1165 3293 1212 καὶ
3348 1161 3391 1212 εί
3431 1158 3497 1220 δή
3544 1182 3621 1223 τις
3677 1163 3834 1226 ἄλλος

2232 1262 2331 1305 τῶν
2384 1252 2653 1326 μακαρίων
2690 1248 2892 1325 ἀνδρῶν
2949 1255 3219 1323 συμφορᾶς
3277 1251 3494 1321 μέγεθος
3533 1251 3835 1325 (51)ἒμπα-

2236 1344 2330 1403 θῶς
2390 1338 2725 1414 ἀπωδύρατο.
2786 1344 3055 1393 Πέπτωκεν
3123 1338 3275 1411 ἀνὴρ,
3352 1339 3535 1402 στῦλος
3577 1350 3650 1411 τῷ
3726 1346 3836 1393 ὄντι

2234 1437 2323 1483 καὶ
2394 1428 2665 1506 ἑδραίωμα
2717 1437 2814 1490 τῆς
2872 1428 3182 1490 Ἐκκλησιας
3217 1444 3230 1457 ⁸
3290 1427 3479 1500 μᾶλλον
3549 1426 3608 1482 δε
3684 1431 3835 1491 αὐτὸς

2235 1522 2324 1593 μὲν
2357 1521 2471 1592 (52)
2508 1523 2634 1593 πρὸς
2672 1523 2766 1577 τὴν
2825 1522 3087 1593 μακαρίαν
3134 1517 3273 1577 ζωὴν
3325 1516 3500 1592 ἀρθεὶς
3549 1516 3633 1590 ἀφ’
3685 1522 3837 1591 ἡμῶν

2237 1611 2446 1678 οἴχεται
2472 1624 2484 1637 ⁸
2519 1602 2761 1667 κίνδυνος
2793 1602 2851 1657 δὲ
2880 1605 2939 1657 οῦ
2970 1608 3177 1677 μικρὸς,
3238 1608 3309 1676 μὴ
3362 1603 3540 1657 πολλοὶ
3592 1614 3665 1675 τῷ
3710 1605 3840 1680 ἐρεί-

480 1694 604 1768 non
640 1711 769 1767 leve
800 1716 1001 1766 autem
1033 1711 1368 1783 periculum
1392 1716 1595 1775 est,ne
1618 1710 1788 1765 multi
1820 1710 2127 1765 subtracto

2256 1716 2404 1769 τματι
2457 1699 2623 1767 τούτῳ
2668 1694 3049 1768 ῦπεξαιρεθέντι
3097 1698 3559 1764 συγκαταπέσωσι,
3626 1700 3718 1747 καὶ
3779 1698 3841 1747 τὰ

481 1802 597 1858 hoc
624 1800 1019 1856 fundamento
1072 1805 1375 1867 corruant,
1436 1804 1493 1856 et
1542 1816 1678 1872 quae
1722 1799 1783 1854 in
1823 1799 2129 1854 nonnullis

481 1891 727 1964 putrida
754 1895 913 1955 sunt,
948 1889 1268 1945 manifesta
1306 1889 1481 1946 ﬁant.
1530 1890 1813 1945 Clausum
1844 1895 1931 1945 est
1962 1906 2050 1957 os,
2075 1893 2133 1944 et

477 1981 648 2052 justa
677 1978 917 2035 dicendi
945 1978 1238 2047 libertate,
1279 1984 1335 2036 et
1377 1978 1585 2051 gratiae
1628 1979 1829 2034 verbis
1884 1978 1961 2034 ad
2011 1978 2127 2033 fra-

482 2074 642 2126 trum
663 2068 1117 2124 aediﬁcationem
1142 2073 1400 2125 scatens.
1432 2068 1719 2123 Abierunt
1747 2068 1961 2123 mentis
2000 2083 2135 2122 con-

484 2158 637 2221 silia,
668 2158 773 2229 qui
802 2173 938 2212 vere
987 2157 1046 2211 in
1078 2160 1197 2213 Deo
1244 2157 1763 2213 commovebatur.
1812 2159 1855 2213 Ο
1900 2157 2135 2229 quoties

484 2247 633 2302 mihi
664 2246 990 2316 (accusabo
1022 2245 1182 2301 enim
1222 2262 1318 2301 me
1350 2246 1504 2317 ipse)
1530 2246 1831 2316 indignari
1864 2245 2044 2301 subiit
2074 2245 2136 2300 in

483 2336 702 2399 virum,
730 2334 900 2406 quod
928 2340 1085 2391 totus
1112 2335 1171 2390 in
1203 2351 1272 2390 eo
1319 2334 1619 2391 desiderio
1668 2340 1732 2391 ut
1781 2334 2133 2402 discederet,

486 2430 765 2496 essetque
793 2441 931 2479 cum
954 2424 1205 2492 Christo,
1231 2440 1586 2496 permanere
1604 2425 1663 2479 in
1687 2440 1867 2480 carne
1893 2429 2139 2497 propter

486 2530 599 2571 nos
630 2530 753 2570 non
784 2514 1110 2586 praetulerit
1141 2516 1206 2567 ιδ.
1242 2516 1493 2571 Cuinam
1524 2514 1811 2586 deinceps
1854 2514 2141 2571 Ecclesia-

486 2620 623 2661 rum
655 2620 863 2660 curam
891 2603 1231 2659 deferemus
1256 2605 1285 2660 Ἰ
1321 2621 1505 2677 quem
1548 2605 1955 2675 adjungemus
2012 2619 2141 2659 mo-

486 2695 797 2751 lestiarum
828 2694 1059 2749 socium
1092 2693 1119 2748 ?
1158 2710 1341 2765 quem
1380 2694 1596 2749 laetitiae
1645 2694 1996 2766 participem
2022 2695 2050 2749 ?
2096 2695 2139 2750 Ο

490 2800 731 2855 gravem
770 2783 1120 2855 tristemque
1159 2783 1574 2839 solitudinem!
1610 2784 1929 2849 Quomodo
1964 2783 2143 2855 plane

490 2873 712 2929 similes
738 2872 876 2928 facti
908 2889 1119 2928 sumus
1148 2873 1412 2929 solitario
1442 2873 1743 2945 pellicano
1775 2876 1819 2909 ¹⁸
1848 2876 1875 2929 ?
1907 2873 2021 2930 Sed
2054 2878 2142 2930 ta-

490 2978 631 3018 men
659 2962 869 3031 juncta
899 2962 1052 3016 inter
1082 2977 1146 3017 se
1178 2961 1454 3017 Ecclesiae
1506 2962 1805 3030 membra,
1856 2961 2015 3017 velut
2064 2962 2143 3017 ab

491 3051 697 3108 anima
729 3049 1020 3122 quadam,
1054 3050 1133 3106 ab
1164 3050 1355 3122 ipsius
1376 3050 1668 3119 regimine
1694 3052 1756 3106 in
1788 3067 1973 3107 unam
2005 3066 2145 3106 con-
2175 3078 2214 3133 ρ

493 3140 835 3195 sensionem
856 3145 1271 3195 etaccuratam
1285 3139 1781 3196 communionem
1803 3145 2143 3212 compacta,

494 3233 551 3284 et
588 3233 902 3283 servantur
956 3233 1303 3285 constanter
1344 3245 1452 3301 per
1490 3230 1656 3301 pacis
1700 3228 2007 3285 vinculum
2066 3229 2147 3285 ad

495 3316 868 3388 spiritualem
932 3318 1546 3387 coagmentationem,
1614 3324 1671 3375 et
1745 3319 2149 3376 servabuntur

496 3420 754 3477 semper,
784 3405 903 3461 Deo
923 3406 985 3461 id
1008 3406 1314 3476 largiente,
1346 3412 1409 3463 ut
1430 3408 1608 3463 ﬁrma
1639 3424 1710 3463 ac
1733 3408 1987 3465 immota
2017 3425 2147 3465 ma-

492 3498 677 3549 neant
700 3493 891 3549 beatae
916 3494 1069 3549 illius
1092 3494 1309 3549 animae
1331 3510 1929 3569 opera,quaacunque
1957 3496 2148 3553 Eccle-

498 3582 601 3638 siis
629 3582 729 3638 Dei
751 3582 1096 3639 exantlevit.
1126 3585 1341 3638 Verum
1380 3588 1683 3641 certamen
1714 3601 1837 3641 non
1888 3601 2147 3658 parvum

497 3672 812 3738 incumbit,
842 3689 919 3729 ne
939 3688 1151 3728 rursus
1179 3672 1310 3729 lites
1336 3688 1406 3730 ac
1428 3672 1738 3730 discordiae
1767 3676 1828 3731 in
1874 3675 2149 3748 praesulis

500 3764 786 3821 electione
837 3768 1175 3832 nascentes,
1226 3779 1473 3820 omnem
1522 3765 1702 3821 simul
1752 3766 2024 3824 laborem
2076 3782 2147 3823 ex

500 3854 769 3926 qualibet
796 3854 1175 3911 dissensione
1205 3853 1577 3911 subvertant.

579 4031 625 4066 ¹³
653 4029 908 4103 Philipp.
930 4046 971 4101 ι,
1002 4034 1096 4087 23.
1184 4032 1229 4067 ¹⁴
1260 4031 1413 4088 Psal.
1440 4047 1510 4103 αι,
1542 4036 1597 4087 7.

579 4210 688 4281 (50)
714 4206 802 4281 Ὠς
826 4207 893 4281 οξ.
931 4206 1021 4264 Sic
1051 4222 1263 4281 omnes
1294 4209 1524 4281 antiqui
1547 4208 1801 4266 codices.
1833 4210 1981 4266 Editi
2002 4213 2149 4271 ὡσεί.

508 4279 747 4355 Ibidem
764 4278 1096 4355 ἐκπλαγέντες
1138 4280 1198 4335 in
1230 4280 1421 4336 tribus
1440 4278 1599 4355 'mss.
1648 4289 1767 4355 Νῦν,
1788 4282 1969 4354 paulo
2016 4290 2156 4355 post

508 4352 679 4407 deest
734 4351 793 4405 in
852 4351 1059 4421 tribus,
1101 4367 1211 4407 nec
1255 4353 1595 4408 necessaria
1643 4359 1729 4409 est
1757 4351 1885 4409 haec
1912 4351 2151 4412 voc—ula.

508 4423 688 4497 Paulo
715 4428 852 4497 post
871 4423 1118 4497 Basilius
1149 4424 1209 4478 in
1245 4423 1338 4478 his
1384 4424 1623 4497 verbis,
1661 4430 1753 4486 Τίς
1792 4428 1891 4497 γὰρ
1951 4425 2010 4477 ἆν
2062 4434 2151 4480 καὶ
2183 4433 2224 4487 D

508 4494 722 4565 λόγος...
756 4494 949 4566 ἰατρός,
982 4494 1213 4570 videtur
1238 4496 1530 4570 respicere
1554 4496 1629 4570 ad
1658 4494 1899 4570 versum
1925 4498 2154 4570 antiqui

506 4570 722 4637 poetis,
755 4565 936 4637 quem
968 4565 1107 4621 citat
1136 4565 1479 4622 PlutarChus
1504 4567 1671 4623 initio
1702 4566 1835 4622 libri
1887 4570 1973 4624 De
2014 4565 2152 4625 co'n-

508 4636 1029 4714 Solalione,_3'wzf,;
1058 4641 1314 4714 vosquam;
1344 4638 1475 4689 εἰσιν
1518 4638 1685 4714 ἰατροὶ
1723 4638 1890 4711 λόγοι,
1918 4642 2154 4698 Anima;

510 4710 855 4778 aegrotantis
884 4714 1025 4763 sunt
1054 4709 1270 4764 medici
1292 4709 1608 4766 sermones.

581 4779 695 4849 (51)
716 4786 990 4852 ξυμφορᾶς
1010 4782 1240 4852 μέγεθος.
1266 4781 1587 4837 Vaticanus
1605 4780 1793 4837 codex
1816 4798 1951 4837 cum
1973 4784 2154 4845 Regio

510 4850 1360 4935 secundo‘et‘Coisl.'secupdo
1411 4856 1685 4935 συμφορὰς
1724 4859 1998 4935 μεγίσταςέ
2032 4857 2153 4911 Sta-

510 4923 615 4977 tim
655 4922 715 4976 in
747 4921 988 4995 duobus
1020 4939 1162 4977 mss.
1194 4920 1466 4995 ἑδραίωμα
1481 4920 1594 4995 ’τῆς
1640 4920 1901 4989 ἀληθείας,
1950 4928 2155 4995 ﬁrma-

509 4999 772 5050 mentum
804 4994 1094 5050 veritatis.

580 5067 693 5149 (52)
721 5065 886 5127 Αὐτὸς
914 5069 1023 5136 μέν.
1057 5064 1279 5120 Vocula
1308 5064 1514 5121 addita
1541 5082 1607 5122 ex
1658 5067 1803 5123 Med.
1860 5073 1917 5123 et
1964 5068 2144 5125 Coisl.

550 5153 723 5194 l'lmO.

507 5154 1029 5283 Ρΐίξὲῗλῖαρῥησίας
1054 5226 1115 5283 τε.
1138 5204 1369 5275 δικαίας,
1402 5213 1511 5283 etc.
1543 5212 1604 5264 In
1640 5209 1731 5264 his
1758 5216 1813 5265 et
1856 5213 2151 5283 sequenti-

505 5281 621 5337 bus
650 5280 900 5337 vocibus
931 5280 1118 5335 secuti
1149 5295 1358 5335 sumus
1392 5281 1659 5352 quinque
1692 5288 1919 5338 veteres
1944 5280 2151 5349 libros,

504 5368 724 5425 nempe
756 5356 892 5425 Heg.
919 5357 1258 5423 utrumque.
1293 5352 1463 5406 Coisl.
1497 5358 1819 5423 utrumque
1846 5360 1902 5409 et
1929 5356 2155 5411 Vatica-

505 5424 673 5480 num.
719 5424 918 5480 Plures
974 5429 1172 5479 autem
1217 5439 1406 5484 quam
1465 5440 1569 5478 sex
1622 5440 1744 5477 non
1803 5425 2149 5484 habuimus.

506 5498 678 5572 Deest
705 5496 866 5572 enim
892 5495 1019 5551 haec
1040 5494 1292 5572 epistola
1318 5496 1377 5572 in
1406 5495 1607 5572 codice
1634 5494 1785 5572 Harl.
1816 5497 1972 5572 _F.diti
2009 5498 2149 5572 παῤ-

500 5566 689 5642 ῥησίας
711 5586 763 5619 τε
791 5567 963 5640 λόγοις
993 5562 1217 5640 χάριτος
1267 5565 1344 5619 ἐπ’
1374 5562 1685 5640 οἰκοδομήν.
1725 5567 1915 5625 Habet
1970 5562 2149 5627 etiam

2242 1788 2412 1858 σαθρά
2441 1805 2591 1837 τινων
2618 1787 2808 1857 φανερὰ
2858 1788 3094 1854 γένηται.
3130 1782 3434 1836 Κέκλεισται
3493 1788 3661 1856 στόμα
3708 1783 3843 1859 παῤ-

2238 1876 2431 1950 ῥησίας
2460 1893 2513 1926 τε
2561 1869 2907 1944 δικαίας
2944 1877 3035 1924 καὶ
3087 1871 3275 1943 λόγους
3316 1875 3541 1947 χάριτος
3585 1872 3665 1925 ἐπ’
3702 1874 3847 1926 οἰκο-

2243 1961 2380 2036 δομῇ
2440 1971 2535 2023 τῆς
2595 1965 2754 2023 ὄντως
2831 1961 2881 2012 ἐν
2986 1968 3100 2031 Θεῷ
3184 1963 3299 2031 (55)
3384 1965 3709 2033 κινουμένης.
3780 1961 3848 2013 Ὢ.

2244 2054 2471 2113 ποσάκις
2534 2071 2625 2124 μοι
2692 2054 3070 2123 (κατηγορήσω
3139 2052 3239 2124 γὰρ
3311 2049 3562 2120 ἐμαυτοῦ)
3626 2048 3846 2107 ὶπῆλθεν

2245 2141 2609 2215 ἀγανακτῆσαι
2664 2142 2800 2192 κατὰ
2826 2146 2918 2191 τοῦ
2965 2135 3156 2213 ἀνδρὸς
3188 2159 3201 2171 ·
3262 2140 3362 2205 ὃτι,
3414 2138 3539 2200 ὅλως
3576 2144 3850 2211 γενόμενος

2246 2242 2340 2293 τῆς
2388 2231 2665 2303 ἐπιθυμίας
2694 2237 2785 2283 τοῦ
2844 2228 3100 2281 ἀναλῦσαι
3143 2234 3233 2281 καὶ
3269 2232 3363 2281 σύν
3422 2236 3637 2303 Χριστῷ
3690 2227 3844 2300 εἶναι,

2246 2325 2303 2373 τό
2359 2320 2614 2393 ἐπιμεῖναι
2652 2319 2702 2372 ἐν
2757 2327 2818 2391 τῇ
2882 2323 3039 2393 σαρκὶ
3086 2318 3145 2369 οῦ
3202 2323 3518 2390 προετίμησε
3566 2314 3641 2370 δι’
3684 2321 3847 2390 ἡμᾶς.

2248 2415 2385 2484 Πρὸς
2425 2416 2543 2463 τίνα
2567 2409 2745 2462 λοιπὸν
2776 2412 2871 2471 τὰς
2914 2404 3190 2481 φροντίδας
3229 2416 3328 2460 τῶν
3363 2407 3683 2465 Ἐκκλησιῶν
3727 2409 3849 2477 (55)

2248 2501 2590 2575 ῦπερθῶμεθα
2620 2516 2633 2565 ;
2665 2504 2783 2551 τίνα
2833 2502 3072 2549 κοινωνὸν
3126 2506 3226 2550 τῶν
3269 2496 3512 2572 λυπηρῶν
3564 2496 3848 2569 λάϐωμεν;

2248 2595 2367 2641 τίνα
2394 2594 2644 2663 μεριστὴν
2678 2596 2771 2650 τῆς
2832 2587 3147 2662 εὐφροσύνης
3196 2588 3345 2656 (56);
3403 2586 3471 2637 Ὠ
3516 2593 3613 2648 τῆς
3670 2583 3852 2646 δεινῆς

2251 2683 2409 2740 ὄντως
2437 2684 2527 2730 καὶ
2550 2680 2861 2751 σκυθρωπῆς
2906 2676 3158 2752 ὶρημίαςξ
3219 2683 3331 2737 Πῶς
3370 2674 3594 2750 ἀκριϐῶς
3647 2677 3856 2747 ὡμοιώ-

2255 2770 2412 2840 θημεν
2477 2767 2715 2820 πελεκᾶνι
2779 2765 3011 2840 ἔρημικῷ
3052 2784 3065 2833 ;
3112 2763 3265 2818 Ἀλλὰ
3317 2768 3420 2837 μὴν
3471 2766 3538 2816 τά
3600 2783 3662 2834 γε
3723 2783 3855 2816 συν-

2253 2859 2475 2929 αφθέντα
2503 2856 2628 2929 μέλη
2670 2864 2764 2917 τῆς
2796 2854 3124 2921 Ἐκκλησίας,
3158 2854 3264 2906 οἷον
3306 2854 3407 2906 ῦπὸ
3461 2852 3649 2924 ψυχῆς
3692 2872 3855 2920 τινος,

2251 2954 2343 3006 τῆς
2394 2944 2585 2997 ἐκείνου
2646 2947 2998 3017 προστασίας,
3060 2943 3133 3005 εἰς
3193 2948 3317 3015 μίαν
3374 2944 3704 3015 συμπάθειαν
3768 2947 3857 2993 καὶ

2253 3033 2440 3107 ἀκριϐῆ
2502 3038 2769 3086 κοινωνίαν
2846 3034 3293 3107 συναρμοσθέντα,
3360 3036 3451 3084 καὶ
3524 3030 3858 3103 φυλάσσεται

2254 3122 2351 3178 διὰ
2378 3131 2469 3177 τοῦ
2502 3120 2802 3196 συνδέσμου
2830 3131 2925 3186 τῆς
2959 3123 3167 3198 εἰρήνης
3196 3126 3322 3195 πρὸς
3363 3126 3458 3181 τὴν
3495 3124 3859 3193 πνίυματικὴν

2254 3214 2572 3289 ἁρμολογίαν
2628 3218 2851 3285 παγίως,
2882 3217 2973 3266 καί
3012 3213 3415 3286 φυλαχθήσεται
3460 3211 3533 3274 εἰς
3558 3210 3657 3279 ἀεὶ,
3700 3219 3859 3263 τοῦτο

2253 3312 2346 3357 τοῦ
2400 3311 2533 3358 Θεοῦ
2586 3304 2964 3376 χαριζομένου,
3006 3298 3195 3376 ἐδραῑα
3243 3306 3409 3374 μένειν
3457 3306 3548 3353 καὶ
3606 3299 3862 3372 ἁμετακι-

2254 3414 2387 3452 νητα
2413 3402 2509 3455 τῆς
2540 3397 2804 3467 μακαρίας
2855 3390 3047 3452 ἐκείνης
3074 3390 3263 3463 ψυχῆς
3286 3393 3354 3443 τὰ
3399 3393 3545 3465 ἔργα,
3603 3393 3709 3442 ὅσα
3780 3389 3853 3442 ἐν·

2256 3481 2454 3540 ήθλησε
2504 3488 2618 3542 ταῖς
2684 3479 3018 3541 Ἐκκλησίαις
3088 3487 3179 3531 τοῦ
3230 3485 3383 3533 Θεοῦ·
3458 3477 3596 3536 Πλὴν
3667 3475 3783 3530 ἀλλ’
3837 3476 3862 3529 ὁ

2257 3570 2396 3643 ἀγὼν
2422 3573 2532 3642 (57)
2562 3570 2621 3623 οῦ
2673 3574 2880 3645 μικρὸς,
2928 3575 3000 3642 μή
3033 3587 3166 3631 τινες
3210 3568 3364 3621 πάλιν
3421 3564 3585 3643 ἔριδες
3624 3572 3731 3620 καὶ
3785 3565 3864 3621 διο

2256 3665 2574 3733 χοστασίαι,
2612 3659 2698 3712 ἐπὶ
2748 3664 2843 3719 τὴν
2887 3659 3103 3731 ἐκλογὴν
3148 3665 3240 3711 τοῦ
3278 3664 3696 3731 προστατοῦντος
3733 3656 3860 3710 ἁνα-

2260 3758 2491 3823 φυεῖσαι,
2517 3751 2689 3802 πάντα
2717 3751 2847 3823 ὁμοῦ
2869 3753 2955 3803 τὸν
2984 3752 3142 3803 κόπον
3172 3747 3227 3801 ἐκ
3264 3756 3359 3812 τῆς
3381 3750 3659 3820 τυχούσης
3680 3744 3862 3822 ἔριδος

2259 3837 2638 3915 ἀνατρέψωσιν.

2264 4211 2578 4285 Medicteus
2608 4210 2749 4269 cod.
2790 4210 2870 4263 ἐπ’
2898 4207 3183 4285 οἰκοδομῇ.

2338 4286 2451 4353 (54)
2480 4284 2560 4356 Ἐν
2594 4285 2709 4356 θεῷ.
2740 4280 3303 4356 peestAprtepositio
3332 4281 3389 4338 in
3419 4280 3661 4356 duobus
3688 4288 3868 4340 vetu-

2266 4354 2539 4427 stissimis
2570 4354 2879 4427 codicibus
2902 4353 3084 4410 CbislI
3105 4360 3161 4410 et
3181 4353 3329 4427 Med.
3355 4356 3483 4409 Non
3510 4353 3702 4409 multo
3730 4359 3873 4427 post

2267 4426 2579 4483 Medicaaus
2615 4434 2705 4498 τῇς
2735 4425 3010 4497 ἐπιθυμίας
3049 4434 3140 4478 τοῦ
3186 4424 3558 4498 ἀναχωρῆσαι,
3614 4424 3753 4497 qud
3796 4442 3873 4498 ex

2264 4498 2448 4554 verbo
2516 4496 2907 4553 conﬁrmatur
2962 4496 3379 4570 interpretatio
3431 4496 3875 4569 quam’secuti

2266 4586 2495 4625 sumus.

2336 4641 2448 4711 (55)
2480 4646 2591 4693 Τῶν
2624 4638 2962 4711 Ἐκκληγσιῶν.
2998 4640 3126 4694 Duo
3153 4637 3391 4694 codices
3420 4638 3583 4710 Regii
3601 4642 3658 4695 et
3681 4638 3869 4696 Coisl.

2266 4710 2568 4768 secundus
2588 4719 2685 4762 τῶν
2718 4710 2871 4767 ἐκκλη
2881 4718 3189 4765 σιαστικῶν.

2336 4786 2447 4857 (se)
2482 4781 2960 4857 Edepo_auvn_g_._8ic
2999 4786 3250 4857 uterque
3303 4783 3443 4851 Reg.
3495 4785 3553 4837 et
3610 4785 3875 4855 uterque

2266 4853 2441 4911 Coisl.
2474 4853 2616 4910 Male
2646 4853 2706 4908 in
2725 4853 2906 4925 editis
2938 4856 3299 4925 σωφροσύνης.

2337 4927 2455 4997 (57),
2486 4925 2622 4977 Ἀλλ’
2646 4923 2877 4997 ῥᾲίιγὼν.
2926 4922 3031 4979 δίο
3052 4922 3333 4997 quinque
3392 4922 3650 4979 codices.
3716 4923 3876 4980 Editi

2266 4996 2417 5058 ἄλλος
2435 4995 2593 5068 ἀγών.
2621 4995 2845 5068 Ibidem
2866 4998 3025 5068 πάγιν
3046 4995 3318 5051 additum
3340 5010 3411 5050 ex
3432 5000 3697 5068 quatuor
3718 5012 3873 5068 mss.

2268 5066 2502 5137 Legitur
2526 5066 2709 5139 paulo
2736 5072 2871 5139 post
2921 5066 2980 5121 in
3018 5067 3320 5139 Vaticano,
3354 5066 3536 5135 Regio
3590 5066 3876 5122 secundo

2266 5146 2321 5193 et
2349 5138 2821 5196 Coisl.’secundo
2861 5139 2945 5190 ἐπὶ
2971 5142 3063 5196 τὴν
3095 5138 3308 5208 ἐκλογὴν
3350 5145 3442 5189 τοῦ
3487 5142 3874 5210 μεταστάντος,

2268 5212 2400 5267 lites
2422 5218 2475 5267 et
2507 5210 2819 5266 discordia:
2840 5224 2974 5281 quae
3000 5214 3060 5265 in
3087 5211 3362 5278 defuncti
3390 5210 3677 5281 electione
3697 5225 3881 5265 exor-

2264 5287 2342 5338 tte
2376 5285 2648 5348 fuerant.
2694 5280 2806 5337 Sed
2847 5280 3070 5336 utravis
3126 5281 3298 5336 lectio
3357 5280 3667 5350 probetur,
3716 5280 3877 5336 illud

2264 5369 2500 5423 semper
2530 5370 2601 5406 ex
2633 5353 2724 5407 his
2744 5351 2975 5423 verbis,
3001 5368 3077 5408 ne
3103 5368 3316 5407 rursus
3350 5354 3502 5417 lites,
3554 5357 3694 5421 etc.,
3725 5368 3880 5408 con-

2262 5422 2499 5479 cludere
2530 5423 2682 5489 licet,
2708 5422 3054 5495 electionem
3088 5424 3395 5481 Athanasii
3419 5424 3877 5495 interpellatam

2261 5495 2739 5551 dissensionibus
2768 5494 2976 5553 fuisse.
