4102 6194
230 309 329 363 313

800 437 1137 487 ΕΠΙΣΤΟΛΗ
1180 433 1257 489 Λ’.

1237 305 1716 367 EPISTOLARUM
1754 304 2025 362 CLASSIS
2063 307 2105 365 Ι.
2149 311 2357 368 ΕΡ18Τ.
2411 313 2587 368 XXXI.

3482 309 3587 364 314

2395 438 2567 507 llo
2606 434 2939 491 EPISTOLA
2976 434 3145 490 XXX".

228 530 278 585 Ρ
280 544 314 583 ν
313 533 458 611 φέθν
479 529 991 611 πέονδοερήίεπῑεηῖ
1013 538 1067 611 εξ
1080 533 1484 611 emetientes
1498 543 1694 587 causa
1708 525 2010 611 Qasilium
2029 532 2392 611 prohibuere
2406 534 2489 589 ad
2500 533 2819 611 Euseoium
2840 532 3419 611 proﬁcisci.Motrem
3442 532 3588 587 ami-

295 600 561 673 sit,unde
575 602 817 657 morbus
838 600 1460 660 recruduitIEcctesiis
1480 618 1600 657 non
1624 601 1834 673 melius
1857 604 1942 653 est
1958 615 2137 669 quam
2156 607 2341 673 ipsius
2363 606 2862 673 corporiNarrat
2884 605 3096 659 electos
3121 606 3307 672 fuisse
3332 610 3587 672 Ancyrae

294 679 346 728 et
373 672 777 729 Neoczsarez
805 677 1127 745 episcopos.
1160 677 1445 733 Precibus
1478 672 1723 730 Eusebii
1750 676 2062 739 acceptum
2094 672 2300 745 refert,
2335 672 2496 749 quod
2522 677 2901 732 inimicorum
2934 676 3184 731 insidias
3211 676 3510 746 e/fugerit.

573 770 809 843 Εὖσεϐίῳ
840 770 1109 845 ὶπισκόπῳ
1139 777 1475 847 Σαμοσάτων.

297 868 358 921 Εἰ
429 870 607 931 πάσας
673 868 856 941 ἑφεξῆς
899 874 1156 945 γράφοιμι
1207 875 1301 933 τὰς
1371 872 1539 931 αἰτίας
1604 868 1688 941 ὑφ’
1758 867 1825 918 ὧν

228 961 389 1031 μέχρι
438 965 531 1009 τοῦ
587 962 834 1032 παρόντος
877 963 1247 1031 κατεσχέθην,
1296 964 1386 1013 καὶ
1443 962 1579 1013 πάνυ
1632 960 1820 1033 ὡρμη-

227 1051 374 1119 μένος
419 1050 550 1121 πρὸς
598 1051 691 1105 τὴν
746 1052 843 1106 σήν
894 1048 1219 1117 θεοσέϐειαν,
1263 1052 1486 1123 ἱστορίας
1543 1049 1604 1101 ἄν
1657 1056 1825 1120 μῆκος

226 1138 505 1208 ἀπέραντον
583 1135 983 1211 ἐκπληρώσαιμι
1016 1181 1030 1195 .
1088 1144 1289 1200 Νόσους
1345 1143 1433 1212 μεν
1514 1137 1824 1197 ἐπαλλήλους

224 1230 310 1276 καὶ
361 1233 619 1296 χειμῶνος
673 1224 960 1297 ὶπάχθειαν
1007 1229 1159 1299 (58),
1204 1232 1293 1281 καὶ
1337 1231 1653 1301 πραγμάτων
1707 1246 1825 1279 συν-

224 1319 354 1386 οχὴν
384 1321 615 1390 παρίμηι
652 1315 835 1387 λέγειν,
867 1322 1106 1392 γνώριμα
1142 1322 1265 1370 ὄντα
1302 1324 1391 1371 καὶ
1421 1315 1528 1377 ἤδη
1561 1314 1825 1391 προδεδη-

222 1403 421 1475 λωμένα
460 1409 568 1473 (59)
599 1412 660 1477 τῇ
702 1405 985 1464 τελειότητί
1016 1427 1131 1463 σου,
1162 1414 1271 1461 Νῦν
1319 1404 1379 1461 δὲ
1414 1413 1503 1460 καὶ
1562 1409 1621 1466 ἣν
1664 1412 1824 1480 μόνην

225 1490 368 1563 εἶχον
410 1500 505 1545 τοῦ
563 1492 688 1565 βίου
746 1498 1084 1567 παραμυθίαν
1114 1501 1209 1555 τὴν
1237 1502 1455 1569 μητέρα,
1490 1502 1578 1549 καὶ
1630 1500 1824 1555 ταύτην

225 1580 488 1655 ἀφῃρέθην
528 1584 628 1634 ὑπό
659 1590 761 1635 τῶν
795 1583 1061 1659 ἁμαρτιῶν
1092 1605 1192 1657 μου
1222 1586 1356 1656 (60).
1391 1592 1490 1639 Καὶ
1546 1591 1617 1658 μὴ
1669 1606 1826 1638 κατα-

220 1670 446 1742 γελάσῃς
473 1690 574 1742 μου
628 1674 697 1732 ὡς
740 1671 789 1724 ὶν
828 1676 995 1743 τούτῳ
1024 1682 1118 1737 τῆς
1157 1674 1360 1735 ἡλικίας
1402 1675 1644 1749 ὀρφανίαν
1694 1675 1824 1728 ἀπο-

220 1754 532 1831 δυρομένουο
580 1757 710 1811 ἀλλὰ
760 1763 1025 1832 σύγγνωθί
1053 1782 1144 1834 μοι
1192 1763 1375 1835 ψυχῆς
1417 1768 1694 1837 χωρισμόν
1742 1764 1825 1816 ἁν-

218 1854 379 1909 εκτώς
429 1853 502 1919 μὴ
566 1853 789 1922 φέροντι,
824 1851 881 1910 ἧς
919 1848 1070 1903 MJde
1112 1850 1349 1915 ἀντάξιον
1398 1852 1446 1904 ἐν
1498 1862 1608 1915 τοῖς
1657 1854 1824 1907 λειπο-

214 1940 393 2008 μένοις
437 1938 565 2011 ὁρῶ.
608 1938 769 1991 Πάλιν
822 1936 909 1991 οὖν
961 1959 1051 2011 μοι
1108 1941 1398 2015 ὑπέστρεψε
1443 1945 1508 1995 τὰ
1555 1941 1827 2018 ὰρῥωστὴ-

217 2045 379 2096 ματα,
438 2032 531 2079 καὶ
575 2027 730 2079 πάλιν
771 2026 852 2079 ἐπὶ
909 2028 1084 2091 κλίνης
1142 2033 1457 2104 κατάκειμαι
1505 2030 1589 2084 ἐπὶ
1632 2042 1826 2109 μικρᾶς

1855 769 1905 821 Α

2213 774 2486 844 Eusebio,
2520 776 2785 845 episcopo
2823 773 3299 829 Samosatorum.

2006 870 2064 927 Si
2093 887 2307 927 omnes
2343 872 2552 927 ordine
2600 871 2927 926 scriberem
2981 886 3217 938 causas,
3249 869 3475 941 quibus
3523 868 3585 924 in

1931 960 2094 1017 hunc
2143 978 2332 1034 usque
2373 962 2533 1017 diem
2586 962 2862 1017 detentus
2923 975 3081 1027 sum,
3113 974 3469 1031 quanquam
3508 958 3588 1013 ad

1932 1054 2101 1106 tuam
2130 1052 2411 1123 pietatem
2436 1051 2738 1124 proﬁcisci
2761 1049 3009 1106 omnino
3040 1048 3384 1120 cupiebam,
3407 1047 3587 1102 histo-

1932 1139 2032 1194 riae
2066 1141 2278 1196 seriem
2308 1140 2604 1195 inﬁnitam
2650 1143 3039 1211 pertexerem.
3063 1136 3295 1193 Morbos
3338 1134 3586 1207 quidem

1932 1228 2082 1284 alios
2110 1228 2239 1285 aliis
2270 1229 2677 1298 succedentes,
2709 1227 2924 1283 hiemis
2954 1222 3589 1293 molestiam,negotio-

1932 1333 2067 1373 rum
2100 1319 2549 1373 continuitatem
2607 1318 2817 1373 omitto
2860 1316 3081 1383 dicere,
3107 1330 3245 1369 cum
3272 1320 3415 1369 nota
3444 1312 3583 1381 sint,

1934 1412 1989 1463 et
2009 1408 2140 1478 jam
2162 1412 2328 1479 prius
2357 1407 2620 1463 indicata
2643 1405 2999 1478 praestantiae
3030 1407 3339 1459 tuae.Nunc
3360 1407 3583 1471 autem,

1933 1498 2101 1570 quod
2140 1497 2399 1552 unicum
2463 1496 2761 1552 habebam
2800 1496 2924 1549 vitae
2980 1493 3284 1560 solatium,
3329 1497 3585 1547 matrem

1934 1589 2113 1644 etiam
2144 1586 2224 1643 ob
2254 1603 2389 1642 mea
2419 1592 2665 1659 peccata
2697 1586 3025 1641 amisi.Nec
3053 1600 3148 1638 me
3174 1580 3585 1652 derideas,qui

1932 1678 1994 1734 id
2023 1678 2205 1733 astatis
2234 1676 2472 1745 lugeam
2512 1676 2853 1742 orbitatem,
2886 1673 2993 1728 sed
3022 1675 3267 1743 ignosce
3297 1670 3465 1735 mihi,
3497 1684 3585 1724 se-

1932 1767 2311 1839 parationem
2337 1766 2553 1821 animae
2587 1765 2877 1836 patienter
2901 1778 3024 1819 non
3054 1761 3281 1827 ferenti,
3315 1760 3411 1815 cui
3436 1757 3586 1814 nihil

1933 1855 2416 1929 comparandum
2445 1854 2505 1910 in
2535 1854 2779 1925 reliquis
2808 1854 2990 1909 rebus
3016 1852 3213 1908 video.
3234 1854 3461 1906 Rursus
3481 1847 3586 1917 igi-

1932 1952 2027 2003 tur
2068 1946 2217 2001 mihi
2259 1945 2483 2000 reversi
2528 1949 2669 1999 sunt
2697 1942 2913 2011 morbi,
2945 1956 3279 2013 rursusque
3326 1940 3387 1993 in
3430 1938 3583 1993 lecto

1932 2034 2253 2105 decumbo,
2305 2034 2535 2103 exiguis
2585 2048 2832 2104 prorsus
2878 2031 3103 2086 viribus
3157 2030 3477 2093 ﬂuctuans,
3529 2029 3587 2081 et

212 2115 479 2176 παντελῶς
524 2124 619 2178 τῆς
673 2114 938 2189 δυνάμεως
1009 2119 1235 2171 σκῖιεύων
1270 2162 1284 2186 ,
1341 2125 1430 2173 καὶ
1508 2127 1662 2193 μόνον
1712 2127 1826 2197 (61)

1939 2130 2168 2181 tantum
2203 2139 2324 2178 non
2356 2122 2605 2191 singulis
2628 2122 2789 2177 boris
2819 2119 3223 2176 necessarium
3250 2120 3383 2173 vitae
3402 2116 3584 2171 ﬁnem

214 2204 307 2255 οὐκ
350 2204 429 2276 ἐφ’
461 2205 690 2267 ἑκάστης
738 2209 871 2280 ὧρας
911 2210 969 2258 τό
1020 2206 1301 2280 ἀναγκαῖον
1354 2214 1515 2285 πέρας
1563 2221 1657 2274 τῆς
1692 2216 1826 2275 ζωῆς

214 2290 589 2366 ἐκδεχόμενος.
623 2298 688 2347 Αἱ
721 2292 779 2348 δὲ
808 2295 1113 2354 Ἐκκλησίαι
1146 2295 1344 2370 σχεδόν
1375 2319 1426 2351 τι
1446 2301 1824 2375 μαραπλησίως

213 2392 284 2453 τῷ
317 2390 537 2456 σώματί
583 2404 683 2457 μου
741 2382 1058 2455 διάκεινται,
1103 2385 1302 2458 ἀγαθῆς
1330 2392 1420 2460 μεν
1479 2388 1689 2453 ἐλπίδος
1740 2393 1824 2445 οὐ·

216 2469 410 2544 δεμιᾶς
468 2474 917 2546 ὑποφαινομένης,
968 2474 1045 2528 ἀεὶ
1099 2472 1158 2528 δὲ
1208 2480 1335 2549 πρός
1378 2481 1435 2529 τό
1487 2487 1665 2553 χεῖρον
1721 2490 1822 2533 τῶν

213 2564 548 2636 πραγμάτων
608 2562 974 2638 υποῤῥεόντων.
1006 2565 1119 2635 (62)
1145 2570 1279 2628 Τέως
1335 2563 1394 2619 δε
1449 2570 1478 2626 ἡ
1526 2573 1821 2623 Νεοκαισά-

210 2671 331 2724 ρεια
395 2657 488 2704 καὶ
539 2654 567 2711 ἡ
629 2652 869 2727 ’Δγκυρα
926 2651 1108 2716 ἑδοξαν
1174 2658 1313 2727 ἔχειν
1373 2653 1672 2730 διαδόχους
1723 2670 1821 2713 τῶν

211 2740 563 2807 ἀπελθόντων,
615 2746 705 2794 καὶ
758 2747 923 2817 μέχρι
977 2751 1069 2795 τοῦ
1113 2751 1201 2795 νῦν
1257 2746 1652 2817 ἡσυχάζουσιν.
1687 2749 1821 2803 Ἀλλ’

210 2826 337 2882 οὐδὲ
398 2832 530 2902 ἡμῖν
586 2833 635 2883 οἱ
681 2830 1094 2894 ἐπιϐουλεύοντες
1155 2839 1380 2892 ποιῆσαί
1418 2855 1467 2888 τι
1506 2844 1596 2889 τοῦ
1656 2840 1823 2911 θυμοῦ

209 2924 301 2971 καὶ
340 2927 440 2981 τῆς
484 2925 703 2995 πικρίας
758 2920 902 2983 ἄξιον
940 2924 1104 2996 μέχρι
1157 2929 1248 2975 τοῦ
1296 2929 1551 2999 παρόντος
1592 2945 1823 3000 συνεχω-

209 3011 481 3082 ρήθιεσαν.
522 3013 622 3062 Καὶ
668 3012 857 3063 τούτου
906 3015 999 3069 τὴν
1056 3010 1225 3063 αἰτίαν
1271 3020 1385 3073 ταῖς
1417 3022 1536 3077 σαῖς
1565 3017 1689 3091 ὑπὲρ
1722 3026 1822 3069 τῶν

212 3099 545 3157 Ἐκκλησιῶν
602 3099 901 3173 πρεσϐείαις
955 3098 1230 3175 προδήλως
1280 3104 1429 3175 ἡμεῖς
1496 3103 1816 3180 ἁνατίθεμεν.

1934 2218 2307 2286 exspectans.
2336 2212 2603 2267 Ecclesiae
2636 2216 2837 2266 autem
2868 2225 2989 2265 non
3012 2209 3129 2264 alio
3158 2208 3277 2263 fere
3298 2205 3482 2261 modo
3513 2218 3584 2259 ac

1933 2320 2152 2375 corpus
2182 2318 2387 2358 meum
2418 2300 2641 2357 affectae
2666 2300 2989 2368 sunt,bona
3018 2298 3266 2370 quidem
3298 2309 3405 2367 spe
3422 2292 3586 2348 nulla

1932 2395 2273 2462 aﬁ’ulgcnte,
2299 2392 2480 2447 rebus
2529 2406 2669 2446 vero
2718 2405 2957 2461 semper
2985 2390 3046 2444 in
3076 2388 3337 2443 deterius
3376 2383 3585 2439 subla-

1930 2484 2235 2541 bentibus.
2256 2482 2496 2536 Interim
2525 2483 2907 2536 Neocaesarea
2938 2483 2994 2534 et
3016 2482 3251 2549 Ancyra
3282 2475 3423 2530 visre
3447 2475 3588 2527 sunt

1930 2574 2155 2631 habere
2204 2586 2580 2626 successores
2624 2584 2835 2624 eorum
2879 2567 2984 2640 qui
3032 2566 3329 2626 obierunt,
3364 2568 3420 2618 et
3467 2562 3585 2617 huc

1931 2678 2124 2735 usque
2157 2659 2614 2731 conquiescunt.
2649 2656 2762 2715 Sed
2792 2672 2904 2712 nec
2946 2655 3037 2720 iis,
3076 2654 3182 2727 qui
3220 2652 3396 2709 nobis
3443 2648 3585 2705 insi-

1931 2751 2194 2818 diantur,
2219 2754 2283 2803 ut
2311 2748 2538 2819 aliquid
2569 2746 2882 2802 iracundia
2903 2760 3015 2800 sua
3054 2748 3110 2800 et
3138 2742 3462 2799 acerbitate
3492 2736 3585 2793 di-

1932 2855 2120 2911 gnum
2150 2837 2434 2901 facerent,
2468 2836 2759 2891 hactenus
2804 2848 3161 2890 concessum
3194 2834 3282 2885 est
3309 2848 3322 2897 ;
3351 2841 3585 2898 nosque

1932 2930 2062 3000 ejus
2085 2926 2168 2983 rei
2194 2941 2441 2982 causam
2474 2924 2589 2980 tuis
2628 2941 2738 2996 pro
2769 2922 3040 2979 Ecclesiis
3072 2919 3350 2992 precibus
3380 2914 3584 2987 palam

1931 3018 2271 3076 tribuimus.
2299 3016 2492 3080 Quare
2521 3029 2631 3085 pro
2664 3012 2937 3068 Ecclesiis
2975 3008 3281 3083 precando
3314 3010 3370 3062 et
3397 3008 3586 3061 Deum

1932 3105 2242 3164 exorando
2288 3120 2363 3159 ne
2415 3102 2757 3159 delasseris.
2789 3102 2864 3156 Iis
2894 3100 2999 3173 qui
3042 3098 3212 3169 digni
3261 3095 3448 3163 fuere,
3476 3091 3586 3164 qui

210 3188 373 3243 Ὠστε
426 3194 501 3261 μὴ
581 3188 863 3264 ἀποκάμῃς
912 3196 1340 3265 προσευχόμενος
1396 3195 1522 3269 ὑπὲρ
1571 3204 1671 3248 τῶν
1730 3198 1826 3251 Ἐκ.

1939 3202 2049 3255 tuae
2079 3192 2377 3251 sanctitati
2407 3193 2764 3257 ministrent,
2795 3191 2895 3246 dic
2938 3189 3194 3247 salutem
3236 3184 3588 3259 plurimam.

228 3278 485 3349 111300.69,
510 3282 602 3331 καὶ
633 3275 668 3331 δ
668 3287 900 3352 μσωπῶν
930 3282 1017 3331 τόν
1048 3284 1176 3333 θεόν
1208 3281 1338 3353 (63).
1369 3286 1497 3344 Τοὺς
1521 3285 1935 3349 καταξιωθέντας
1964 3284 2393 3359 ἑξυπηρετείσθαι
2422 3290 2482 3355 τῇ
2518 3283 2756 3339 όσιότητί
2800 3288 2892 3332 σου
2918 3276 3198 3351 πάμπολλα
3222 3278 3489 3349 πρόσειπε.

776 3408 1113 3458 ΕΠΙΣΤΟΛΗ
1153 3403 1278 3458 ΛΑ’.

2467 3407 2801 3463 EPISTULA
2839 3404 3062 3460 XXXI“.

213 3529 431 3587 Fames
450 3528 721 3586 nondum
748 3528 959 3586 sedata
997 3530 1298 3606 Basiliam
1318 3531 1562 3606 detinet,
1593 3535 1907 3606 quominus
1938 3536 2254 3593 comitetur
2291 3534 2625 3606 Hypatium
2653 3530 3165 3600 consanguineum
3189 3541 3383 3606 suum.
3408 3524 3589 3606 Hunc

290 3617 514 3657 sanare
534 3616 871 3657 concessum
893 3617 1004 3674 non
1014 3602 1222 3671 fuerat
1235 3602 1326 3657 his
1338 3604 1444 3674 qui
1458 3596 1618 3661 dona
1636 3610 2021 3663 curationum
2041 3596 2375 3663 habebant:
2370 3596 2757 3673 Quamobrem
2782 3596 2911 3657 eum
2934 3598 3300 3674 commendat
3315 3596 3584 3674 Eusebio,

294 3680 366 3728 ut
388 3674 475 3729 vet
483 3674 718 3743 fratres
739 3670 1216 3743 religiosissimos
1236 3670 1527 3745 accersat,
1548 3678 1655 3747 qui
1682 3680 1737 3734 ei
1764 3680 2139 3745 medeantur,
2158 3678 2252 3733 vel
2281 3670 2475 3745 ipsum
2507 3675 2588 3731 ad
2615 3675 2753 3729 illos
2775 3689 2909 3729 cum
2942 3672 3157 3727 litteris
3186 3670 3406 3723 mittat.

494 3769 732 3842 Εὐσεϐίῳ
764 3770 879 3841 (64)
912 3769 1179 3843 ἐπισκόπῳ
1218 3775 1556 3844 Σαμοσάτων.

289 3879 456 3932 ὣπω
494 3880 634 3950 ἡμᾶς
675 3878 701 3930 ό
740 3876 889 3951 λιμός
938 3876 1111 3937 ἀνῆκε·
1171 3874 1353 3955 διόπερ
1400 3878 1661 3952 ἀναγκαία
1702 3883 1826 3955 ἡμῖν

217 3968 359 4023 ἐστιν
418 3971 448 4027 ἡ
508 3966 594 4021 ἰπὶ
650 3976 745 4030 τῆς
791 3967 985 4029 πόλεως
1030 3964 1261 4041 διαγωὴ,
1296 3969 1325 4028 ἣ
1369 3968 1668 4044 οἰκονομίας
1718 3973 1826 4045 (65)

226 4183 240 4198 ν
285 4113 402 4197 (ξε)
447 4111 788 4183 Ἐποίχθειαν.
824 4110 917 4168 Sic
948 4110 1179 4183 antiqui
1228 4126 1334 4169 sex
1382 4111 1639 4169 codices.
1674 4113 1829 4173 Editi

226 4186 539 4237 απεγθειαν.

219 4202 539 4238 απεγυειαν.

286 4206 949 4328 (ἔεὶτιῧὶρόδεδηλωμένᾳη
973 4255 1106 4309 Haec
1143 4252 1515 4328 indicaverat
1546 4254 1608 4311 in
1634 4255 1818 4328 epist.

212 4332 321 4383 27:
355 4325 587 4399 nempe
627 4325 840 4396 praeter
892 4325 1155 4399 hiemem
1186 4330 1243 4381 et
1262 4326 1577 4399 morbum,
1628 4325 1828 4399 ipsam

214 4400 406 4454 etiam
428 4396 681 4469 famem,
710 4412 845 4468 quae
875 4396 1201 4469 plurimum
1222 4397 1276 4452 ei
1301 4397 1491 4453 dabat
1520 4396 1745 4469 negotii
1766 4398 1827 4455 in

215 4467 625 4525 sublevandis
669 4467 1059 4540 pauperibus.

284 4543 410 4610 (60}
447 4538 741 4612 ’Δμαρτιῶν
792 4538 914 4612 μου.
945 4541 1121 4595 Deest
1168 4538 1316 4595 illud
1367 4553 1704 4611 pronomen
1764 4539 1828 4596 in

214 4617 491 4684 quatuor
520 4627 643 4665 mss
657 4653 669 4665 .

280 4687 410 4759 (61)
444 4688 622 4759 Magaw
654 4681 767 4759 οᾷιι.
808 4684 945 4759 Tres
966 4680 1207 4738 codices
1227 4685 1379 4754 μόνον
1410 4681 1559 4754 οὐχί.

284 4753 409 4820 (62)
444 4753 592 4808 Vide
619 4753 939 4810 Addenda.

280 4831 411 4895 (63)
455 4830 557 4877 Τὸν
582 4830 730 4880 Θεόν.
761 4828 898 4882 Post
933 4825 1043 4881 has
1084 4839 1259 4881 voces
1287 4824 1430 4881 editi
1462 4822 1695 4881 addunt
1716 4829 1827 4895 καὶ,

212 4896 382 4969 quod
429 4897 689 4969 deestin
714 4912 818 4951 sex
845 4912 992 4969 mss.

277 4970 407 5037 (64)
450 4967 703 5039 Εὐσεϐίῳ.
731 4967 1017 5033 Quamvis
1049 4966 1285 5023 codices
1316 4982 1420 5022 sex
1450 4966 1716 5039 habeant
1736 4967 1831 5021 Εὐ-

216 5039 449 5110 σεςωνᾲ,
481 5040 607 5095 duo
637 5044 861 5106 autem,
890 5053 1111 5110 nempe
1136 5038 1455 5095 Vaticanus
1487 5044 1543 5110 et
1570 5038 1830 5110 aliusrin-

215 5108 415 5180 signis
474 5110 756 5166 Ecclesiae
802 5108 1171 5176 Parisiensis,
1202 5114 1327 5180 πρός
1375 5108 1677 5162 Εὐσιϐωνᾱν
1724 5109 1831 5162 ἐπί-

216 5198 582 5253 ποπον,ῠοῐι
607 5187 808 5238 tamen
832 5181 1195 5236 mutandum
1216 5180 1363 5253 duxi
1384 5181 1551 5253 quod
1578 5181 1639 5236 in
1657 5180 1831 5253 editis

212 5252 564 5323 legebatur.
597 5257 662 5308 In
692 5253 897 5309 codice
929 5252 1227 5315 Medicaao,
1262 5252 1362 5323 qui
1392 5252 1481 5307 est
1506 5252 1832 5323 vetustissi-

216 5322 695 5391 mus,recentior
714 5340 934 5396 manus
958 5326 1243 5396 apposuit
1268 5322 1410 5379 illud
1434 5322 1727 5394 Εὐσεϐωνᾴ.
1750 5326 1831 5379 Ex

213 5396 478 5454 aliorum
526 5402 737 5452 tamen
791 5395 1069 5451 codicum
1102 5396 1450 5451 auctoritate
1471 5395 1686 5463 conjici
1710 5411 1833 5451 non

218 5467 534 5541 immerito
556 5474 783 5541 posset,
803 5466 1125 5541 Eusebium
1146 5469 1633 5541 Samosatensem
1661 5470 1834 5541 Euse-

222 5536 455 5621 bonam
473 5536 643 5621 apud
663 5540 845 5621 $5303
866 5538 1255 5621 suosdictum
1277 5538 1484 5621 fuisse.
1500 5542 1569 5593 At
1591 5538 1836 5621 nondu-

222 5607 387 5669 bium
424 5607 581 5685 quin
612 5607 885 5670 ad'illum
917 5609 1139 5684 scripta
1164 5608 1341 5669 fuerit
1368 5609 1497 5667 hec
1527 5609 1782 5685 epistola
1815 5627 1829 5679 ;

2218 3774 2495 3843 Eusebio,
2529 3773 2801 3843 episcopo
2832 3770 3300 3827 Samosatorum.

2008 3881 2283 3939 Nondum
2312 3896 2425 3936 nos
2464 3879 2655 3935 fames
2685 3878 2960 3950 reliquit;
2993 3875 3363 3948 quapropter
3407 3868 3468 3925 in
3506 3867 3587 3924 ci-

1934 3968 2111 4029 vitate
2133 3986 2443 4028 remanere
2464 3984 2711 4026 necesse
2735 3967 3056 4036 habemus,
3082 3963 3175 4021 vel
3195 3959 3589 4035 dispensatio-

1937 4112 2238 4186 siquidem
2267 4111 2616 4186 Basilius,ut_
2638 4112 2697 4166 in
2730 4108 3049 4186 prioribus,
3073 4108 3325 4186 excusat
3340 4103 3588 4170 famem,

1938 4176 2045 4241 cur
2066 4184 2144 4240 ad
2166 4200 2305 4240 eum
2336 4198 2459 4239 non
2490 4183 2708 4239 veniat.
2732 4176 2801 4237 ln
2823 4176 3095 4253 pluribus
3117 4176 3425 4253 codicibus
3441 4191 3587 4253 mss.

1938 4256 2265 4327 conjuncta
2295 4260 2383 4311 est
2408 4254 2663 4327 epistola
2692 4246 2983 4327 cum'aliis
3003 4250 3082 4306 ad
3098 4247 3432 4327 .lSusebium
3454 4246 3593 4327 s‘cri-

1936 4317 2106 4400 ptis':_
2131 4343 2265 4383 eam
2309 4317 2511 4400 aute'm
2560 4326 2828 4397 proxime
2854 4325 2913 4400 in
2946 4320 3229 4400 omnibus
3267 4317 3592 4400 codicibus

1940 4388 2228 4470 sequitur
2260 4397 2524 4470 epistola
2560 4388 2827 4470 {46,quae
2874 4393 3161 4470 inscripta
3178 4394 3284 4470 .est
3318 4398 3391 4470 τῷ
3426 4388 3588 4470 αὐτῷ,

1937 4460 2158 4537 nempe
2183 4460 2379 4524 eidem
2419 4460 2763 4533 Euseboné,
2795 4460 3077 4537 quamvis
3120 4461 3199 4537 ad
3226 4460 3591 4537 Antiochum

1938 4486 2158 4595 nemge
2183 4486 2379 4524 elaem
2419 4486 2763 4533 nusenonae,
2795 4486 3077 4537 quamvrs
3120 4486 3199 4517 au
3226 4486 3401 4516 Λιιιιυ

1938 4543 2089 4597 Ense
2138 4540 2177 4595 ii
2203 4540 2399 4595 fratris
2435 4543 2537 4593 aut
2568 4538 2792 4593 sororis
2838 4536 3028 4591 ﬁlium
3061 4533 3281 4604 scripta
3307 4532 3404 4589 sit.

2009 4614 2128 4681 (65)
2169 4612 2518 4682 Oixovoptag.
2548 4609 2611 4664 1d
2669 4614 2776 4682 est,
2828 4612 2891 4663 ut
2918 4621 3236 4682 pauperes
3272 4604 3590 4682 adjuvem,

1936 4674 2033 4739 vel
2062 4674 2272 4739 saltem
2302 4674 2888 4737 commiserationem
2914 4674 3025 4733 illis
3046 4674 3593 4749 iinpendam.Seep_e

1861 4750 1904 4805 D
1939 4753 2428 4826 apudLBasilium
2461 4753 2731 4826 οἰκονομία
2754 4749 3062 4826 dicituuid
3104 4746 3271 4826 quod
3315 4746 3592 4826 pauperi-

1937 4821 2052 4881 bus
2083 4824 2478 4880 distribuitur.
2503 4821 2807 4895 Vituperat
2825 4821 2887 4876 in
2953 4823 3302 4895 Comment._
3323 4821 3386 4873 in
3432 4821 3587 4895 Ιεατ,

1936 4913 1998 4969 p.
2021 4899 2148 4965 418,
2181 4896 2468 4969 praesules
2500 4895 2603 4966 qui
2638 4889 2797 4969 male
2827 4897 3067 4969 partam
3089 4890 3410 4963 pecuniam
3433 4889 3591 4945 acci-

1938 4962 2257 5040 piunt—vel
2292 4967 2369 5023 ad
2400 4962 2543 5040 suos
2581 4965 2806 5040 ususti;
2830 4962 2920 5016 ἶπὶ
2971 4962 3106 5035 λόγῳ
3160 4970 3252 5040 τῆς
3296 4970 3394 5014 τῶν
3445 4980 3594 5014 πτω-

1939 5036 2200 5111 χευόντων
2238 5038 2285 5090 ἐν
2312 5047 2375 5111 τῇ
2408 5036 2698 5111 Ἐκκλησία.
2729 5036 3043 5111 οἰκονομίας,
3076 5036 3172 5111 pel
3206 5050 3318 5103 per
3347 5048 3591 5111 causam

1940 5094 2370 5185 distribuenttf
2408 5094 3171 5185 ραιιρενίριιε-Εξειᾷείᾷί.
3206 5094 3283 5185 ἰη
3326 5104 3592 5185 epistula

1939 5186 2008 5239 92
2035 5180 2360 5237 Orientales
2404 5173 2557 5235 inter
2594 5176 2760 5235 mala'
2797 5178 3068 5235 Ecclesiae
3097 5178 3243 5234 illud
3286 5173 3463 5231 etiam
3490 5173 3600 5230 de-'

1939 5252 2196 5325 plorant,
2224 5251 2391 5325 quod
2437 5251 2740 5325 ambitiosi
2788 5251 3077 5325 praesules
3123 5250 3418 5325 οἰκονομίας
3446 5264 3588 5297 πτω-

1938 5321 2072 5396 χῶν,
2101 5321 2391 5394 pecunias
2418 5321 3139 5394 pauperibus'destinatas
3167 5321 3228 5376 in
3270 5333 3413 5372 suos
3443 5332 3589 5396 usus

3241 5392 3591 5446 convertant

2011 5468 2033 5488 "
2062 5466 2219 5538 Alias
2250 5469 2364 5531 Vll,
2398 5466 2620 5538 scripta
2650 5481 2812 5522 anno
2844 5469 2968 5521 369.

2012 5538 2056 5560 “
2084 5537 2245 5595 Alias
2274 5536 2568 5603 CCLXVH,
2593 5538 2813 5611 scripta
2841 5550 3003 5592 anno
3034 5536 3155 5589 369.
