4070 6194
431 278 537 333 315

1794 269 1851 326 S.
1898 263 2148 321 BASILII
2187 263 2427 320 MAGNI.

3691 269 3804 323 316

431 400 525 457 nis
550 412 761 465 causa,
788 395 882 451 vel
913 395 1454 455 commiserationis
1477 394 1539 452 in
1560 394 1896 451 afﬂictatos.
1922 388 2089 446 Unde

2212 386 2394 459 ἕνεκεν,
2454 390 2484 448 ἢ
2545 392 2868 462 συμπαθείας
2919 397 3019 442 τῶν
3071 388 3379 461 θλιϐομένων
3410 429 3423 443 .
3470 386 3621 441 Ὅθεν
3673 386 3807 441 οὐδὲ

431 505 508 545 ne
538 504 700 545 nunc
747 486 995 558 quidem
1023 486 1188 557 potui
1219 486 1500 542 comitem
1532 501 1630 540 me
1679 483 1786 539 vim
1826 479 2091 553 praebere

434 575 856 635 colendissimo
882 574 1048 630 fratri
1076 574 1349 646 Hypatio,
1372 591 1555 647 quem
1586 589 1708 629 non
1731 574 1965 628 tantum
1987 567 2091 622 ho-

432 667 598 723 noris
635 668 678 735 1
699 668 740 735 1
760 667 802 734 1
854 679 1041 720 causa
1074 663 1316 719 fratrem
1343 664 1650 735 appellare
1680 675 1955 735 possum,
1984 655 2091 712 sed

434 760 679 829 propter
733 752 1070 808 naturalem
1100 768 1237 824 quae
1284 753 1436 808 inter
1473 768 1585 807 nos
1632 749 1942 807 intercedit
1987 762 2090 802 ne-

434 840 1370 910 cessitudinem:consanguinei
1416 841 1578 897 enim
1637 856 1867 895 sumus.
1923 835 2092 901 Quali
2151 889 2156 893 .

432 934 529 989 ille
559 931 775 987 morbo
805 929 1056 1001 laboret,
1082 946 1281 1001 neque
1302 934 1466 986 tuam
1486 929 1895 1003 praestantiam
1920 926 2088 995 fugit.

434 1020 717 1076 Dolemus
748 1024 972 1085 autem,
1005 1018 1172 1091 quod
1199 1021 1260 1073 in
1309 1036 1380 1075 eo
1412 1035 1547 1091 spes
1594 1017 1792 1074 omnis
1822 1015 2093 1071 abscissa

436 1110 511 1165 sit
560 1107 900 1169 levamenti,
954 1107 1453 1179 quandoquidem
1509 1106 1581 1162 iis
1619 1107 1726 1178 qui
1762 1102 2094 1161 sanationis

434 1197 598 1253 dona
633 1196 881 1267 habent,
912 1196 1060 1251 nihil
1088 1196 1149 1251 in
1179 1195 1278 1251 illo
1310 1213 1517 1252 eorum
1547 1212 1682 1268 quae
1715 1193 1926 1258 solent,
1953 1208 2094 1264 ope-

434 1286 554 1343 rari
582 1301 933 1341 concessum
971 1290 1080 1340 est.
1116 1285 1407 1350 Quocirca
1443 1300 1653 1340 rursus
1697 1298 1945 1355 precum
1968 1286 2094 1337 tua-

435 1390 572 1431 rum
602 1374 893 1431 auxilium
915 1373 1216 1445 implorat.
1246 1376 1330 1429 Tu
1370 1378 1574 1429 autem
1596 1372 1830 1428 exorari
1858 1376 1913 1427 te
1945 1370 2093 1441 sine,

435 1467 502 1520 ut
529 1479 708 1535 opem
737 1462 985 1519 solitam
1014 1478 1137 1518 non
1168 1462 1453 1532 deneges,
1489 1467 1618 1517 tum
1647 1461 1727 1517 ob
1759 1465 1922 1517 tuam
1954 1474 2097 1531 erga

439 1556 793 1623 aegrotantes
838 1551 1448 1619 commiserationem,
1481 1556 1608 1606 tum
1652 1555 1859 1606 nostra
1889 1564 2092 1613 causa,

437 1642 543 1714 qui
588 1657 698 1714 pro
739 1657 810 1697 eo
864 1657 1221 1713 precamur:
1270 1646 1325 1696 et
1354 1640 1405 1696 si
1448 1640 1575 1695 ﬁeri
1628 1644 1844 1712 potest,
1888 1639 2098 1694 fratres

2198 485 2285 527 νῦν
2335 474 2607 537 ἠδυνήθην
2646 489 2961 539 κοινωνῆσαι
2994 487 3082 539 τῆς
3120 475 3248 530 ὀδοῦ
3279 486 3348 548 τῷ
3396 474 3807 550 αὶδεσιμωτάτῳ

2199 562 2404 638 ἀδελφῷ
2450 573 2672 641 Ὕπατίῳ
2707 574 2842 639 (66),
2888 569 2939 620 ὃν
2983 569 3078 620 οὐκ
3109 567 3234 620 αὐτὸ
3267 564 3333 625 δὴ
3366 575 3515 620 τοῦτο
3546 566 3809 639 εὐφημίας

2200 653 2359 707 ἕνεκεν
2420 654 2638 730 ἀδελφὸν
2706 662 2814 731 ἔχω
2870 660 3314 734 προσαγορεύειν,
3372 654 3501 708 ἀλλὰ
3557 653 3651 708 διὰ
3706 661 3808 713 τὴν

2198 754 2500 819 προσοῦσαν
2556 749 2680 820 ἡμῖν
2728 747 2782 799 ἐκ
2835 751 3032 821 φύσεως
3080 746 3395 803 οἰκειότητα⁸
3446 746 3662 817 αἳματος
3697 748 3810 816 γάρ

2201 832 2350 907 ἐσμεν
2398 843 2488 887 τοῦ
2542 836 2722 893 αὐτοῦ.
2784 836 2875 898 Ὀς
2936 838 3099 889 ὁποῖα
3151 839 3240 908 μὲν
3290 838 3492 907 κάμνει,
3528 831 3652 886 οὐδὲ
3705 839 3811 891 τήν

2203 929 2299 982 σὴν
2354 924 2501 977 ἔλαθε
2542 931 2842 999 τιμιότητα⁶
2876 926 3027 979 λυπεῖ
3058 922 3117 978 δὲ
3164 927 3336 997 ἡμᾶς,
3368 925 3449 976 ὄτι
3504 929 3653 976 πᾶσα
3698 943 3814 976 πα-

2199 1016 2458 1088 ραμυθίας
2508 1014 2650 1077 ἐλπὶς
2696 1014 2776 1068 ἐπ’
2823 1015 2960 1086 αὐτῷ
3008 1019 3399 1088 περικέκοπται,
3440 1020 3539 1064 τῶν
3580 1011 3816 1084 ἐχόντων

2200 1107 2265 1155 τὰ
2294 1112 2389 1165 τῆς
2440 1105 2623 1166 ἰασέως
2671 1110 2989 1177 χαρίσματα
3032 1100 3183 1156 οὐδὲν
3227 1102 3305 1155 ἐπ’
3336 1102 3496 1155 αὐτοῦ
3544 1110 3643 1154 τῶν
3678 1121 3816 1154 συν-

2201 1195 2339 1250 ήθων
2403 1192 2676 1268 ἐνεργῆσαι
2729 1195 3202 1267 συγχωρηθέντων.
3234 1196 3321 1244 Διό
3352 1191 3505 1245 πάλιν
3557 1200 3656 1244 τῶν
3700 1199 3816 1243 σῶν

2200 1291 2512 1357 προσευχῶν
2554 1287 2645 1342 τὴν
2698 1282 2945 1356 βοήθειαν
2992 1281 3330 1337 ἐπικαλεῖται.
3361 1285 3427 1334 Σὺ
3470 1277 3529 1333 δε
3565 1283 3631 1333 τὰ
3675 1300 3814 1333 συν-

2201 1375 2303 1431 ἡθη
2356 1381 2669 1445 προστῆναι,
2699 1378 2789 1424 καὶ
2841 1369 2936 1424 διὰ
2978 1377 3071 1430 τὴν
3126 1378 3347 1424 σεαυτοῦ
3401 1375 3519 1445 περὶ
3548 1373 3668 1432 τοὺς
3701 1371 3813 1421 κοί-

2202 1482 2423 1535 μνοντας
2469 1461 2885 1533 εὐσπλαγχνίαν,
2917 1466 3006 1514 καὶ
3052 1457 3127 1513 δι’
3182 1462 3322 1532 ἡμᾶς
3360 1463 3482 1521 τοὺς
3534 1461 3660 1533 ὑπερ
3702 1460 3813 1510 αὑ-

2203 1560 2294 1606 τοῦ
2342 1550 2739 1627 πρεσϐεύοντας,
2785 1550 3141 1623 παραλήθητι·
3192 1554 3303 1616 καί,
3346 1548 3389 1602 εἰ
3439 1552 3529 1621 μὶν
3575 1547 3679 1600 οἷον
3730 1567 3813 1619 τε,

2204 1645 2335 1715 πρὸς
2412 1642 2590 1693 ἑαυτὸν
2666 1640 2996 1713 μεταστείλαι
3046 1640 3159 1710 (6⁵7)
3220 1642 3338 1701 τοὺς
3404 1636 3819 1698 εὐλαϐεστοὶτους

437 1731 923 1800 religiosissimos
949 1730 1028 1787 ad
1059 1730 1444 1802 temetipsum
1475 1746 1772 1797 accersas,
1798 1733 1864 1785 ut
1892 1729 1953 1784 in
1979 1728 2096 1784 tuis

2212 1739 2305 1782 τῶν
2332 1727 2584 1802 ἀδελφῶν,
2614 1731 2747 1781 ὥστε
2776 1730 2877 1781 ὑπὸ
2907 1737 3023 1791 ταῖς
3074 1735 3192 1789 σαῖς
3230 1727 3386 1797 ὂψεσι
3422 1728 3816 1800 προσαχθῆναι

434 1820 627 1893 ipsius
658 1820 850 1876 oculis
884 1819 936 1876 ei
961 1819 1196 1875 medela
1227 1818 1549 1887 efferatur;
1581 1819 1672 1874 sin
1693 1820 1809 1874 hoc
1842 1818 1973 1874 ﬁeri
1998 1834 2098 1874 ne'

437 1908 764 1981 quit,illum
790 1924 929 1964 cum
977 1908 1185 1964 litteris
1212 1908 1512 1963 dimittere
1536 1912 1592 1963 et
1620 1907 1904 1964 fratribus
1946 1907 2101 1964 ultra

438 1998 955 2055 commorantibus
987 1997 1419 2054 commendare
1450 1997 1737 2067 digneris.

962 2106 1299 2161 EPISTOLA
1341 2105 1569 2160 XXXll".

2209 1821 2345 1872 αὑτῶ
2402 1824 2496 1878 τὴν
2544 1817 2853 1891 ἐπιμέλειανο
2912 1818 2956 1870 εἰ
3009 1814 3069 1870 δὲ
3123 1824 3279 1869 τοῦτο
3328 1813 3624 1883 ἀδύνατον,
3676 1817 3821 1887 μετὰ

2206 1912 2524 1983 ’γραμμάτων
2599 1908 2753 1959 αὐτὸν
2809 1907 3156 1980 προπέμψαι,
3212 1911 3302 1959 καὶ
3370 1914 3641 1964 συστῆσαι
3705 1912 3823 1965 τοῖς

2208 2000 2495 2074 ἔμπροσθεν
2533 1997 2881 2061 καταξίωσον.

2754 2109 3093 2157 ΕΠΙΣΤΟΛΗ
3135 2104 3257 2158 AB'.

443 2212 592 2269 Cum
621 2214 917 2269 Caesarius
956 2214 1211 2269 moriens
1232 2229 1342 2268 sua
1364 2214 1565 2268 omnia
1593 2213 1959 2285 pauperibus
1993 2215 2265 2285 legasset,
2288 2218 2416 2285 ejus
2436 2219 2612 2283 pater
2637 2218 2695 2268 et
2717 2213 2918 2285 frater
2947 2211 3242 2285 quidquid
3274 2210 3721 2285 reliquum/uit
3742 2209 3820 2285 de

512 2286 697 2352 ipsius
729 2285 913 2347 bonis,
947 2300 1081 2355 qua?
1107 2287 1380 2353 expilata
1406 2285 1679 2353 fuerant,
1713 2284 1777 2338 id
1801 2287 2003 2340 statim
2036 2282 2097 2342 in
2119 2282 2487 2357 pauperibus
2517 2284 2903 2340 sublevandis
2932 2290 2986 2339 et
3028 2283 3393 2357 debitoribus
3434 2282 3823 2357 absolvendi:

513 2354 998 2423 insumpserunt;
1031 2357 1132 2411 sed
1150 2363 1356 2424 postea
1385 2356 1777 2424 sycophanta:
1808 2358 1986 2411 multi
2013 2354 2391 2427 prodierunt,
2418 2358 2522 2428 qui
2541 2357 2861 2428 pecuniam
2888 2372 2923 2428 ᾳ
2946 2370 3004 2410 se
3032 2356 3360 2410 Caesarium
3391 2354 3689 2428 accepisse
3718 2354 3814 2408 di-

512 2432 730 2484 cerent.
762 2428 930 2485 Unde
957 2428 1302 2497 Gregorium
1327 2428 1757 2483 molestissimis
1780 2425 2027 2497 negotiis
2055 2425 2443 2502 implicatum
2465 2429 2737 2485 Basilius
2762 2426 3097 2496 Sophronio
3119 2425 3522 2482 commendat.

922 2533 1260 2603 Sophronia
1291 2535 1602 2603 magistro.

516 2639 878 2712 l.Particeps
907 2645 999 2695 est
1024 2639 1311 2713 temporis
1327 2645 1384 2695 et
1406 2643 1523 2695 Deo
1545 2639 1969 2696 dilectissimus
1986 2642 2097 2697 fra-

439 2731 527 2785 ter
582 2733 785 2784 noster
816 2730 1131 2798 Gregorius
1187 2732 1528 2801 episcopus.
1562 2729 1729 2785 Dolet
1765 2731 1925 2786 enim
1957 2748 2096 2787 cum

440 2818 727 2873 omnibus
759 2823 816 2873 et
848 2819 974 2890 ipse
1012 2818 1244 2889 injuriis
1276 2818 1595 2884 continuis,
1626 2818 1784 2875 velut
1814 2821 2095 2893 inexspe-

440 2908 613 2962 ctatis
645 2906 1019 2979 quibusdam
1049 2906 1245 2979 plagis
1277 2907 1611 2979 perculsus.
1642 2911 1789 2964 Nam
1821 2909 2096 2965 homines

437 2996 625 3051 Deum
649 3012 770 3052 non
791 2997 1348 3066 timentes,fortasse
1379 2998 1561 3052 etiam
1592 3002 1648 3052 et
1677 2998 2096 3067 magnitudine

439 3086 740 3141 malorum
772 3086 984 3148 coacti,
1002 3086 1334 3141 calumnias
1352 3085 1434 3140 illi
1460 3086 1721 3143 inferunt
1741 3103 1811 3142 eo
1828 3088 2093 3157 nomine,

437 3175 604 3246 quod
649 3174 938 3229 Caesarius
976 3176 1265 3246 pecunias
1316 3175 1394 3229 ab
1442 3175 1589 3247 ipsis
1640 3177 1953 3247 acceperit.
1984 3181 2097 3232 Nec

438 3262 731 3317 damnum
754 3264 1073 3321 molestum
1097 3270 1184 3318 est
1210 3284 1221 3331 ;
1251 3264 1483 3318 dudum
1517 3266 1676 3320 enim
1700 3266 1905 3321 didicit
1920 3282 2098 3338 pecu-

438 3351 571 3405 nias
604 3356 1022 3418 contemnere;
1057 3353 1161 3407 sed
1195 3352 1338 3423 quia
1368 3369 1503 3407 cum
1540 3355 1817 3424 exiguam
1848 3356 2097 3410 omnino

438 3444 673 3511 partem
721 3439 1064 3510 acceperint
1107 3439 1266 3493 illius
1318 3441 1639 3513 bonorum,
1675 3458 1745 3497 eo
1788 3442 1953 3513 quod
1999 3458 2095 3497 res

439 3527 630 3599 ipsius
656 3541 841 3598 penes
893 3542 1099 3583 servos
1130 3531 1330 3583 essent
1356 3544 1426 3583 ac
1466 3530 1743 3584 homines
1787 3530 1971 3585 servis
2008 3531 2093 3585 ni-

438 3617 561 3673 hilo
593 3617 796 3673 indole
835 3616 1136 3680 meliores,
1169 3617 1294 3690 qui,
1327 3617 1626 3674 liberrime
1663 3620 2098 3692 pretiosissima

439 3723 697 3779 quaeque
748 3707 1367 3779 partiti,paucissima
1419 3708 1669 3764 omnino
1720 3710 1804 3765 eis
1833 3725 2097 3766 reserva-

437 3802 614 3864 runt;
647 3798 775 3852 haec
800 3796 881 3852 illi
912 3798 1320 3853 existimantes
1350 3796 1497 3852 nulli
1528 3797 1792 3855 obnoxia
1821 3815 1955 3855 esse
1977 3814 2097 3855 cre-

439 3884 637 3953 ditori,
665 3901 809 3940 mox
848 3886 908 3940 in
948 3902 1171 3955 egenos
1220 3886 1624 3958 insumpsere,
1654 3891 1780 3941 tum
1811 3887 1889 3943 ob
1919 3903 2095 3943 suam

437 3973 709 4045 ipsorum
739 3976 1229 4045 propensionem,
1263 3980 1391 4031 tum
1423 3975 1503 4031 ob
1548 3975 1815 4033 defuncti
1848 3993 2087 4033 vocem.

443 4064 644 4117 Fertur
664 4062 823 4117 enim
864 4062 1085 4118 dixisse
1126 4064 1571 4122 morienszMea
1600 4067 1799 4123 omnia
1821 4069 1953 4122 v::lo
1978 4082 2099 4124 esse

437 4166 793 4221 pauperum.
818 4154 1022 4224 Itaque
1044 4157 1108 4208 ut
1127 4154 1250 4210 dati
1280 4171 1316 4211 a
1347 4155 1605 4210 Caesario
1630 4155 1901 4211 mandati
1927 4157 2099 4211 mini-

442 4241 567 4307 stri,
622 4241 820 4297 statim
874 4242 1002 4298 haec
1059 4243 1489 4315 dispensarunt
1545 4244 1781 4300 utiliter.
1816 4248 1881 4301 Et
1935 4262 2099 4303 nunc

513 4360 534 4381 '
573 4358 735 4415 Alias
761 4361 1028 4432 LXXXIV,
1064 4360 1288 4432 scripta
1318 4376 1481 4416 anno
1512 4365 1639 4432 369.

442 4434 812 4486 convertant.
847 4430 992 4485 Hinc
1014 4432 1073 4485 in
1113 4430 1351 4501 Re‘gulis
1378 4431 2018 4501 fusioribus,lnterrog.
2043 4438 2094 4500 9,

442 4506 499 4557 et
546 4502 605 4555 in
652 4502 906 4582 epistola
956 4503 1227 4573 proxime
1277 4503 1549 4575 sequenti
1600 4505 1883 4576 οἰκονομεῖν
1935 4505 2100 4560 bona

441 4588 833 4646 pauperibus.

513 4642 624 4713 (66)
663 4642 887 4713 ’Υπατίῳ
920 4643 1013 4699 Sic
1066 4644 1223 4699 citati
1254 4661 1290 4700 a
1343 4644 1706 4701 Combeﬁsio
1760 4646 1999 4702 codices
2043 4650 2101 4701 et

443 4714 601 4788 Harl.
636 4718 692 4770 et
742 4714 841 4788 alii
872 4713 1094 4786 plures.
1126 4716 1273 4771 Editi
1298 4717 1560 4788 Ὺπαθίῳ.
1579 4716 1761 4771 Paulo
1791 4724 1928 4788 post
1957 4718 2099 4773 editi

446 4782 541 4859 δια
582 4790 679 4859 τὴν
728 4782 983 4859 ὑποῦσαν.
1013 4787 1423 4859 Antiquissimi
1455 4782 1692 4843 cedices
1714 4782 1894 4859 Hall,
1922 4789 2096 4859 Med.,

445 4856 617 4914 Coisl.
652 4860 709 4911 et
737 4856 837 4912 alii
867 4858 1143 4913 nonnulli
1164 4856 1228 4914 ut
1255 4859 1316 4914 in
1346 4864 1536 4915 textu.

518 4929 627 4999 (6'7)
668 4929 1034 5003 Μιταστείλαι.
1066 4934 1129 4984 ln
1155 4930 1269 4986 hac
1307 4946 1456 4987 voce
1507 4936 1562 4985 et
1605 4929 1725 4986 alia
1752 4946 1885 5003 quae
1916 4929 2099 5003 paulo

444 5005 585 5076 post
612 5001 892 5068 occurrit,
930 5016 1150 5076 nempe
1187 5002 1514 5076 προπέμψαι,
1544 5018 1666 5057 non
1717 5001 2102 5076 consentiunt

445 5071 684 5128 codices
718 5086 904 5144 mss.,
933 5071 1093 5127 aliis
1114 5071 1428 5129 accentum
1471 5073 1533 5127 in
1562 5073 1916 5144 penultima,
1971 5072 2101 5128 aliis

444 5144 507 5199 in‘
541 5143 1041 5216 antepenultima,
1066 5147 1131 5199 ut
1171 5144 1233 5199 in
1270 5143 1625 5216 imperativo
1673 5161 1784 5216 par
1831 5151 1919 5199 est
1948 5144 2098 5209 ﬁeri,

445 5214 832 5272 habentibus.
867 5215 981 5271 Sed
1029 5214 1386 5287 imperativo
1425 5216 1511 5270 uti
1559 5214 1759 5271 minus
1810 5216 2102 5271 familiare

448 5287 671 5355 Basilii,
715 5303 853 5342 cum
912 5287 1243 5359 praesertim
1294 5287 1615 5359 Eusebium
1674 5287 2099 5358 alloqueretur,

447 5374 629 5430 quem
661 5359 723 5414 in
756 5358 1019 5430 parentis
1040 5358 1172 5413 loco
1198 5358 1602 5413 reverebatur.

520 5430 645 5506 (_(_58)_
674 5429 941 5506 Σωφρονέῳ
964 5435 1262 5505 μαγίστρῳ.
1293 5430 1534 5506 Addunt
1566 5429 1779 5506 Regius
1802 5429 2103 5506 secundus

449 5504 507 5555 et
526 5500 842 5576 vaticanus
868 5500 1267 5576 δέάξιπρηγάριφ
1309 5500 1607 5576 ἐπίσκοπον,
1637 5501 1913 5571 Gregorii
1954 5504 2103 5576 epis-

449 5573 584 5642 copi
600 5587 806 5631 causa.
840 5571 1303 5647 Initio'epis'tolaa
1331 5572 1560 5632 habent
1602 5587 1815 5630 omnes
1863 5571 2103 5629 codices

2632 2536 2899 2607 Σωφρονίῳ
2951 2536 3227 2606 μαγίστρῳ
3266 2532 3402 2600 (68).

2284 2648 2331 2698 1.
2377 2640 2651 2693 Ἀπολαύει
2678 2648 2767 2692 τοῦ
2810 2646 2998 2713 καιροῦ
3045 2641 3180 2690 καὶὸ
3206 2638 3595 2709 θεοφιλέστατος
3660 2633 3820 2690 ἁδελ-

2208 2736 2300 2804 φὸς
2346 2736 2491 2803 ἡμῶν
2562 2734 2849 2802 Γρηγόριος
2902 2731 2926 2781 ὁ
2985 2727 3287 2789 ἐπίσκοπος·
3360 2724 3645 2780 Ὀδυνᾶται
3708 2730 3820 2803 γὰρ

2207 2825 2336 2896 μετὰ
2368 2823 2571 2873 πάντων
2610 2825 2699 2871 καὶ
2732 2819 2886 2880 αὐτὸς
2920 2818 3184 2893 ἐπηρείαις
3235 2816 3633 2878 ἁλλεπαλληλοις
3674 2818 3820 2887 (69),

2207 2913 2378 2983 ὥσπερ
2410 2914 2522 2961 τισὶ
2565 2908 2791 2979 πληγαῖς
2848 2904 3270 2981 ἀπροσδοκήτοις
3321 2910 3651 2978 τυπτόμενος.
3682 2903 3822 2957 Ἀν-

2126 3038 2166 3095 C
2210 3002 2405 3073 θρωποι
2442 3000 2540 3073 γὰρ
2582 3002 2653 3070 μὴ
2689 2996 2992 3069 φοϐουμενοι
3046 2999 3133 3048 τὸν
3187 2998 3335 3063 Θεὸν,
3363 2998 3508 3067 τάχα
3563 3014 3663 3047 που
3725 3000 3822 3046 καὶ

2207 3089 2306 3140 ὑπὸ
2362 3094 2453 3139 τοῦ
2510 3087 2755 3158 μεγέθους
2811 3093 2911 3136 τῶν
2968 3093 3140 3136 κακῶν
3199 3082 3532 3157 βιαζομενοι,
3594 3082 3825 3157 ἐπηρεά-

2211 3180 2389 3239 ζουσιν
2444 3175 2623 3245 αὐτῷ,
2674 3176 2739 3234 ὡς
2786 3178 3045 3247 χρήματα
3102 3178 3395 3246 Καισαρίου
3453 3170 3572 3247 παρ’
3641 3171 3821 3223 αὐτῶν

2210 3266 2490 3337 εἰληφότος.
2542 3269 2642 3317 Καὶ
2698 3263 2757 3315 οὐ
2805 3266 2863 3315 τὸ
2920 3271 3013 3324 τῆς
3065 3264 3262 3335 ζημίας
3305 3261 3471 3335 βαρύ·
3507 3260 3668 3313 πάλαι
3709 3264 3817 3335 γὰρ

2208 3355 2362 3425 ἔμαθε
2415 3354 2704 3426 χρημάτων
2761 3352 3037 3424 ὑπερορᾲνο
3093 3350 3199 3402 ἀλλ’
3250 3352 3349 3422 ὅτι,
3401 3351 3564 3425 μικρὰ
3618 3370 3817 3402 παντε-

2205 3442 2299 3502 λῶς
2332 3439 2599 3514 δεξάμενοι
2632 3448 2731 3492 τῶν
2763 3439 2976 3506 ἐκείνου,
3014 3436 3106 3492 διὰ
3149 3443 3208 3492 τὸ
3240 3439 3322 3493 ἐπὶ
3367 3440 3591 3499 οἰκέταις
3644 3439 3816 3492 αὐτοῦ

2205 3534 2445 3602 γενέσθαι
2472 3535 2556 3582 τὸν
2598 3529 2713 3603 βίον
2768 3534 2859 3581 καὶ
2909 3528 3195 3605 ἀνθρώποις
3246 3526 3397 3583 οὐδὲν
3429 3530 3636 3581 οἰκετῶν
3670 3531 3817 3602 αἱρε-

2205 3625 2442 3694 τωτέροις
2494 3624 2580 3671 τὸν
2641 3624 2830 3694 τρόπον
2863 3661 2876 3681 ,
2934 3621 2982 3670 οἱ
3047 3622 3183 3671 κατὰ
3246 3619 3437 3677 πολλὴν
3505 3614 3689 3670 ἄδειαν
3746 3621 3817 3671 τὰ

2205 3707 2450 3760 πλείστου
2515 3706 2641 3769 ἄξια
2723 3703 3150 3779 διανειμάμενοι,
3232 3706 3489 3779 ἐλάχιστα
3544 3706 3817 3767 παντελῶς

2208 3796 2486 3849 ἀπέσωσαν
2540 3800 2761 3856 τούτοις·
2803 3798 2837 3847 οἱ
2866 3800 3161 3869 νομίζοντες
3198 3799 3306 3868 (70)
3347 3793 3536 3869 μηδενὶ
3591 3798 3817 3847 ὑποκεῖ-

2209 3890 2352 3951 σθαι,
2422 3886 2570 3947 εὗθυς
2619 3883 2887 3937 ἀνάλωσαν
2938 3886 3009 3947 εἰς
3057 3891 3177 3947 τοὺς
3230 3883 3525 3959 δεομένους,
3564 3890 3655 3937 καὶ
3716 3881 3817 3937 διὰ

2206 3981 2298 4033 τὴν
2326 3976 2517 4027 ἑαυτῶν
2556 3980 2880 4049 προαίρεσιν,
2914 3979 3005 4026 καὶ
3060 3971 3153 4027 διὰ
3200 3980 3293 4033 τὴν
3326 3980 3495 4047 φωνὴν
3539 3982 3631 4026 τοῦ
3669 3994 3812 4026 κατι

2206 4069 2523 4137 οιχομὲνου.
2566 4068 2788 4134 Λέγεται
2845 4066 2945 4138 γὰρ
3013 4072 3166 4117 τοῦτο
3226 4064 3381 4117 εἰπεῖν
3436 4063 3815 4132 ἀποθνήσκων,

2207 4155 2285 4207 ὃτι
2345 4156 2426 4206 Τὰ
2482 4152 2579 4225 ἐμὰ
2649 4155 2820 4204 πάντα
2890 4152 3150 4226 βούλομαι
3222 4155 3461 4224 ’γενέσθαι
3516 4160 3615 4204 τῶν
3674 4172 3820 4204 πτω-

2206 4252 2340 4317 χῶν.
2374 4250 2461 4303 Ὠς
2491 4239 2576 4293 οὖν
2601 4239 2836 4294 διάκονοι
2868 4252 2959 4303 τῆς
2990 4242 3193 4303 ἐντολῆς
3222 4250 3312 4294 τοῦ
3347 4247 3637 4316 Καισαρίου
3668 4242 3813 4312 (Ἠ),

2207 4362 2231 4412 ὁ
2273 4359 2570 4418 ἐπίσκοπος.
2601 4357 2940 4413 Habuimus
2990 4363 3188 4414 autem
3248 4362 3477 4430 septem
3532 4358 3593 4414 in
3647 4357 3815 4430 hanc

2206 4430 2561 4509 epistolam,
2604 4445 2841 4509 nempe
2896 4430 3108 4509 Ha_rl.,
3166 4428 3552 4509 Med.:,_Vat_.,
3611 4428 3809 4509 Coisl‘,

2208 4500 3279 4573 utrumqueet_Regium_utrumque.
3312 4502 3402 4557 Sic
3441 4501 3619 4573 etiam
3667 4500 3813 4556 editi

2207 4570 2787 4646 praeterfarticulum.
2813 4571 2925 4628 Sed
2952 4572 3062 4627 etsi
3079 4570 3307 4646 magna
3349 4572 3632 4646 codicum,
3650 4588 3809 4627 mss.

2208 4642 2858 4713 ai'ctoritas,quantum
2884 4648 3087 4698 tamen
3113 4643 3227 4698 illis
3249 4644 3363 4699 hoc
3383 4643 3517 4699 loco
3545 4642 3811 4699 tribuen-

2208 4717 2354 4771 dum
2378 4715 2473 4775 sit,
2502 4714 2985 4769 examinabimus
3012 4715 3071 4769 in
3114 4716 3247 4770 Vita
3277 4716 3516 4770 Basilii.

2281 4788 2386 4857 (69)
2426 4784 2863 4857 Ἀλλεπαλλήλοις.
2888 4788 3028 4855 Reg.
3053 4786 3354 4841 secundus
3401 4791 3459 4841 et
3505 4785 3682 4843 Coisl.
3715 4800 3813 4842 re-

2208 4856 2435 4921 cenliOI‘
2474 4856 2789 4917 ἐπαλλήλοις.

2281 4931 2390 5001 (70)
2413 4932 2648 4990 Τούτοις,
2662 4928 2701 5001 οξ
2715 4928 3031 5001 νομίζοντες.
3053 4927 3148 4983 His
3175 4928 3236 4983 in
3262 4927 3462 4983 verbis
3478 4931 3535 4984 et
3556 4942 3815 5001 sequen-

2213 4999 2377 5056 tibus
2400 5016 2593 5072 usque
2629 4999 2709 5073 ad
2737 4999 2892 5073 ista,
2924 5009 3013 5073 καὶ
3070 5006 3158 5073 vi?»
3207 5003 3515 5073 περιέστηκε
3568 4999 3818 5073 codices

2210 5088 2423 5127 omnes
2478 5069 2623 5126 mss.
2652 5070 2880 5126 habent
2930 5069 3226 5142 pluralem
3271 5069 3627 5126 numerum.
3657 5070 3815 5128 Editi

2213 5159 2420 5199 secum
2477 5146 2768 5214 pugnant,
2804 5141 2950 5214 dum
2995 5141 3289 5214 pluralem
3337 5158 3662 5214 numerum
3716 5158 3818 5198 se-

2210 5211 2686 5287 quuntur'in'his
2717 5211 3403 5287 νροἱῢὶιεβιανειμάμενοι,
3437 5211 3535 5287 δια
3560 5218 3654 5271 τὴν
3687 5214 3817 5265 ἐαυ-

2210 5284 2307 5338 τῶν
2365 5290 2685 5358 προαίρεσιν,
2738 5284 3279 5358 singularemvero
3332 5284 3393 5339 in
3431 5285 3558 5341 istis
3617 5288 3815 5358 τούτῳ,

2210 5353 2461 5429 νομίζων,
2491 5353 2770 5421 ἀνάλωσεν,
2800 5353 3058 5419 διάκονος,
3091 5357 3413 5429 ᾠκονόμησε.

2282 5431 2392 5499 (Ἡ)
2432 5435 2534 5479 Τοῦ
2568 5431 2879 5499 Καισαρίου.
2913 5425 3203 5499 Quumvis
3255 5425 3362 5481 sex
3418 5425 3655 5499 codices
3694 5427 3815 5483 ha-

2210 5498 2395 5555 beant
2417 5506 2507 5551 τοῦ
2542 5498 2772 5571 Κυρίου,
2806 5498 2959 5571 Harl.
2992 5507 3083 5551 τοῦ
3128 5506 3383 5571 Χριστοῦ,
3404 5498 3577 5571 nolui
3606 5504 3816 5571 tamen

2214 5575 2449 5630 mutare
2466 5568 2772 5640 vulgatam
2789 5568 3305 5643 scripturamNon
3320 5570 3482 5628 enim
3500 5569 3599 5627 hic
3611 5570 3818 5641 agitur
