4070 6194
214 287 312 346 317

1189 285 1675 345 EPISTOLARUM
1714 281 1998 342 CLASSIS
2036 287 2078 343 Ι.
2119 290 2333 348 EPIST.
2374 293 2606 349 XXXIII.

3469 297 3575 355 318

215 413 361 474 εὐθὺς
391 410 526 464 αύτα
553 429 893 483 ῳκονομησαν
947 416 1324 485 συμφερόντως.
1375 416 1475 466 Καὶ
1528 406 1618 462 νῦν
1658 427 1792 483 περι·

1921 409 2270 470 circumstat
2302 415 2616 472 Christiani
2638 414 2885 488 quidem
2915 420 3448 492 paupertas,unius
3471 438 3576 479 au-

216 507 396 561 ἕστηκε
452 505 605 554 πενία
658 504 748 572 μὲν
796 501 909 569 (72)
940 508 1279 575 Χριστιανοῦ,
1328 500 1807 574 πολυπραγμοσύνη

217 588 272 645 δε
320 600 423 643 τῶν
475 590 737 664 ἀγοραίων
792 588 920 650 ἑνός.
955 593 1041 642 Διό
1095 589 1282 651 ἐπῆλθε
1341 598 1403 663 τῇ
1453 592 1625 643 πάντα
1662 586 1810 641 ἐπαι-

213 690 322 754 νετῇ
378 700 473 734 σου
504 677 863 751 καλοκάγαθίᾳ
902 675 1178 737 δηλῶσαι’
1223 682 1305 733 ἱνα
1357 680 1448 732 καί
1496 683 1584 731 τὸν
1642 674 1813 752 ἄνδρα

212 779 394 843 τιμῶν,
427 769 479 821 ὃν
508 768 563 821 ἑκ
600 768 827 821 παλαιοῦ
856 770 1147 842 γνωρίζεις,
1197 775 1288 822 καὶ
1341 772 1427 822 τὸν
1474 772 1663 843 Κύριον
1713 764 1808 819 δο-

217 860 386 923 ξάζων
414 863 495 912 τὸν
548 858 618 920 εἰς
667 858 850 910 ἑαυτὸν
904 856 1287 932 ἀναδεχόμενον
1339 862 1406 912 τὰ
1449 866 1556 920 τοῖς
1606 854 1811 917 δούλοις

216 948 377 1001 αὐτοῦ
453 952 710 1019 γινόμενα,
761 952 853 1001 καὶ
918 949 1058 1020 ἡμᾶς
1106 957 1271 1021 τιμῶν
1344 951 1461 1009 τούς
1526 946 1810 1020 ἐξαιρέτους

215 1044 455 1104 σεαυτοῦ,
503 1040 591 1087 καὶ
618 1032 909 1108 διαλεχθῇ
940 1037 1052 1108 (73)
1104 1046 1176 1107 τῷ
1220 1042 1411 1110 κόμητι
1462 1044 1563 1088 τῶν
1605 1038 1808 1094 θησαυ-

201 1134 304 1199 ρῶν
343 1131 460 1200 περὶ
488 1125 647 1177 αὑτοῦ
684 1127 752 1176 τὰ
803 1125 997 1193 εἰκότα,
1037 1130 1126 1178 καὶ
1157 1130 1343 1199 τρόπον
1392 1125 1696 1199 ἐπινοήσης,
1743 1133 1804 1197 τῇ

200 1215 397 1288 iur/«7a.;
462 1221 660 1267 σαυτοῦ
721 1219 947 1282 συνέσει,
988 1213 1290 1287 ἀπαλλαγῆς
1346 1224 1446 1269 τῶν
1485 1213 1803 1289 ἐφυϐρίστων

196 1308 387 1357 τούτων
417 1308 508 1355 καὶ
535 1302 802 1378 ἀφορήτων
827 1303 961 1375 ὀχλή
973 1323 1119 1357 σεων.

264 1397 322 1451 2.
356 1395 565 1454 Πάντως
592 1389 653 1446 δε
700 1390 879 1455 οὐδεὶς
927 1393 1085 1453 οὕτως
1114 1392 1286 1465 ἀγνοεί
1321 1397 1406 1447 τὸν
1436 1389 1625 1467 ἄνδρα.
1669 1393 1803 1444 ὥστε

196 1488 310 1558 περὶ
356 1483 520 1535 αὐτοῦ
559 1502 611 1534 τι
642 1491 742 1534 τῶν
792 1482 1031 1556 ἀπρεπῶν
1062 1482 1359 1550 ὑπολαϐεῖν,
1414 1486 1484 1546 ὡς
1538 1484 1662 1557 ἄρα,
1701 1490 1800 1534 τῶν

194 1574 487 1645 χρημάτων
544 1575 933 1645 περιεχόμενος,
976 1572 1369 1645 σχηματίζει-αι
1428 1574 1495 1624 τὰ
1549 1578 1790 1625 τοιαῦτα.

195 1660 440 1730 Ἐγγύθεν
469 1662 570 1733 γὰρ
626 1668 721 1721 τῆς
771 1658 1177 1733 ἐλευθεριότητος
1232 1660 1392 1713 αὐτοῦ
1444 1662 1473 1719 ἡ
1509 1656 1795 1722 ἀπόδειξις.

1921 503 2041 556 tem
2072 517 2144 558 ex
2174 504 2516 561 forensibus
2564 506 2914 562 hominibus
2944 510 3321 578 negotiorum
3360 511 3571 569 moles.

1923 590 2299 664 Quapropter
2328 594 2386 649 in
2409 593 2680 650 animum
2718 595 2896 653 subiit
2920 596 3044 653 haec
3073 602 3280 657 omnia
3306 606 3418 656 tua:
3449 617 3574 657 om-

1919 678 2065 734 nino
2094 680 2385 738 laudabili
2410 682 2688 753 probitati
2717 684 3002 754 indicare,
3037 691 3101 741 ut
3136 693 3195 743 et
3238 689 3435 745 virum
3465 691 3570 746 ho-

1918 771 2271 842 norans,qui
2302 771 2407 827 tibi
2423 772 2792 843 jampridem
2824 778 3001 829 notus
3029 779 3140 843 est,
3164 780 3218 831 et
3250 778 3571 835 Dominum

1920 856 2390 932 gloriﬁcans,qui
2420 861 2481 916 in
2514 877 2575 916 se
2607 860 2852 932 suscipit
2880 878 3013 932 quae
3048 864 3229 918 servis
3253 865 3375 919 suis
3394 866 3568 932 ﬁunt,

1918 950 1975 1001 et
1995 946 2287 1003 honorem
2300 948 2475 1004 nobis
2488 948 2852 1021 habens,qui
2865 950 3082 1006 eximio
3095 951 3365 1023 quodam
3385 954 3568 1010 modo

1918 1035 2001 1090 tui
2032 1052 2266 1107 sumus,
2306 1054 2447 1094 cum
2492 1054 2566 1094 ea
2594 1054 2731 1106 quae
2763 1040 3143 1109 convenient,
3175 1040 3248 1095 de
3278 1040 3394 1096 hoc
3441 1042 3569 1097 viro

1916 1123 2083 1179 dicas
2114 1126 2323 1181 Comiti
2352 1128 2794 1196 thesaurorum,
2820 1132 2945 1183 tum
2976 1128 3229 1184 modum
3266 1129 3568 1200 excogites

1915 1228 2156 1269 summa
2192 1217 2361 1285 112
2393 1221 2493 1271 tua
2522 1215 2863 1288 prudentia,
2896 1232 3019 1289 quo
3059 1217 3136 1273 ab
3182 1217 3307 1274 istis
3364 1222 3569 1275 contu-

1912 1300 2177 1357 meliosis
2207 1309 2264 1359 et
2290 1304 2680 1361 intolerandis
2706 1304 2995 1360 molestiis
3023 1305 3330 1362 liberetur.

1983 1394 2034 1444 2.
2069 1391 2324 1448 Omnino
2354 1398 2555 1448 autem
2587 1409 2767 1449 nemo
2819 1394 3012 1450 virum
3062 1394 3143 1450 ita
3190 1395 3448 1464 ignorat,
3504 1399 3569 1453 ut

1911 1477 2141 1551 aliquid
2156 1480 2230 1536 de
2243 1496 2313 1537 eo
2336 1482 2668 1553 suspicetur
2682 1482 3153 1555 indecori,quasi
3171 1484 3565 1556 pecuniarum

1909 1583 2115 1623 amore
2161 1570 2285 1625 haec
2332 1570 2541 1642 ﬁngat.
2576 1574 2670 1627 Est
2694 1572 2855 1627 enim
2886 1573 2946 1626 in
2987 1577 3274 1644 promptu
3300 1573 3565 1629 liberalis

1906 1655 2063 1711 illius
2109 1658 2294 1714 animi
2323 1658 2781 1716 demonstratio.
2829 1661 2998 1726 Quod
3043 1662 3203 1717 enim
3255 1662 3563 1735 reliquum

190 1745 382 1810 Ἡδέως
437 1748 705 1812 ἐξίσταται
748 1757 848 1801 τῶν
885 1749 1135 1820 λειψάνων
1169 1758 1265 1812 τῆς
1289 1750 1472 1813 οὐσίας
1530 1749 1689 1802 αύτοῦ
1726 1757 1792 1821 τῷ

1915 1750 1996 1802 est
2040 1747 2115 1803 de
2139 1749 2375 1804 Caesarii
2406 1749 2602 1817 bonis,
2630 1749 2691 1805 id
2737 1749 2993 1806 libenter
3022 1751 3177 1807 cedit
3226 1752 3461 1821 aerario,
3492 1757 3559 1810 ut

194 1845 439 1911 ταμιείῳο
470 1840 606 1891 ὥστε
630 1836 997 1911 ύποδεχθῆναι
1034 1843 1122 1912 μὶν
1156 1840 1315 1892 αὐτοῦ
1354 1844 1447 1898 τὴν
1478 1839 1683 1909 οὐσίαν,
1712 1840 1797 1891 τὸν

192 1924 250 1981 δὲ
315 1933 611 2001 συνήγορον
649 1936 741 1980 τοῦ
780 1933 1017 2001 ταμιείου
1070 1928 1282 2001 λέγοντα
1337 1928 1449 1999 (74)
1508 1932 1633 2003 πρὸς
1681 1932 1799 1988 τούς

191 2017 586 2089 ἕπιρυομενους,
626 2022 715 2070 καὶ
763 2016 1001 2070 ἀπαιτεῖν
1065 2021 1161 2081 τὰς
1205 2015 1521 2082 ἀποδείξεις,
1569 2014 1663 2070 διὰ
1737 2020 1795 2070 τὸ

188 2108 440 2180 ἡμέτερον
498 2111 624 2179 πρὸς
650 2108 719 2159 τὰ
762 2114 982 2159 τοιαῦτα
1021 2104 1404 2166 ἀνεπιτήδειον.
1437 2105 1642 2169 Ἔξεστι
1690 2109 1793 2181 γὰρ

184 2197 369 2266 μαθεῖν
418 2204 483 2268 τῇ
528 2195 814 2253 τελείοτητί
859 2214 975 2263 σου,
1006 2197 1107 2263 ὅτι,
1158 2197 1247 2256 ἕως
1306 2195 1422 2257 ἐξῆν
1456 2196 1585 2265 (75),
1621 2191 1797 2259 οὐδεὶς

184 2282 414 2342 ἀπῆλθεν
462 2282 747 2356 ἀποτυχων
792 2285 858 2336 ὧν
890 2284 1146 2355 ἐϐούλετο,
1180 2284 1306 2339 ἀλλὰ
1343 2290 1401 2338 τό
1446 2285 1794 2359 ἐπιζητούμε-

179 2394 262 2426 νον
316 2372 546 2432 ἀπονητὶ
583 2375 798 2435 ἕκαστος
854 2373 1135 2447 ἐκομίσατο
1178 2396 1191 2409 ο
1239 2377 1373 2428 ὥστε
1425 2380 1515 2428 καὶ
1564 2380 1793 2448 μεταμί-

177 2463 280 2515 λειν
310 2465 428 2525 τόίς
452 2462 679 2532 πολλοῖς,
712 2460 853 2516 διότι
905 2469 977 2536 μὴ
1005 2463 1155 2517 πλέον
1186 2468 1389 2537 ᾔτησαν
1450 2464 1535 2517 ἀπ’
1565 2464 1742 2540 ἀρχῆς
1777 2466 1790 2480 ’

177 2554 200 2604 ό
270 2558 366 2605 καὶ
423 2553 662 2625 μάλιστα
725 2552 944 2616 πολλοὺς
1003 2552 1215 2612 ἐποίησε
1263 2559 1385 2617 τοὺς
1450 2554 1790 2628 ἐπηρεαστάς.

176 2646 315 2714 Πρός
347 2644 453 2716 γὰρ
482 2646 543 2694 τό
582 2651 680 2693 τῶν
729 2641 1088 2717 προλαϐόντων
1146 2640 1443 2716 ὑπόδειγμα
1482 2642 1790 2719 ἀφορῶντεςν

172 2732 322 2793 ἄλλος
352 2732 513 2784 ἄλλον
545 2728 863 2803 διαδέχεται
923 2742 1275 2805 συκοφαντῶν.
1336 2737 1468 2809 Πρὸς
1497 2730 1584 2785 οὖν
1627 2742 1794 2787 ταῦτα

170 2825 347 2873 πάντα
380 2823 503 2891 (76)
538 2826 633 2878 τήν
682 2826 780 2878 σήν
822 2827 1116 2893 σεμνότητα
1143 2821 1540 2895 παρακαλοῦμεν
1582 2831 1789 2890 στῆναι,

169 2917 263 2963 καὶ
327 2912 511 2982 ὥσπερ
568 2930 622 2961 τι
692 2911 863 2984 ῥεῦμα
910 2909 1150 2982 ἐπισχεῖν
1208 2916 1296 2963 καὶ
1359 2907 1618 2981 διακόψαι
1692 2920 1791 2963 τῶν

167 3010 347 3051 κακῶν
406 3004 505 3057 τήν
559 3004 859 3071 συνέχειαν.
888 2997 1069 3063 Ὀἶδας
1125 2997 1182 3054 δι
1221 3002 1355 3061 ὅπως
1395 2999 1684 3073 βοηθήσεις
1720 3010 1791 3073 τῷ

167 3092 479 3161 πράγματι,
520 3091 654 3140 ὦστε
694 3092 766 3160 μή
801 3088 1064 3161 ἀναμένειν
1116 3090 1241 3164 παρ’
1281 3091 1427 3162 ἡμῶν
1454 3086 1791 3161 διδαχθῆναι
1821 3119 1860 3173 C

167 3181 259 3229 τὸν
288 3182 488 3251 τρόπον
513 3193 525 3204 ⁸
562 3179 612 3229 οἰ
633 3174 706 3229 δι’
741 3176 980 3252 ἀπειρίαν
1011 3180 1126 3249 (77)
1151 3187 1249 3230 τῶν
1288 3186 1380 3231 τοῦ
1405 3177 1526 3251 βίου
1547 3183 1791 3255 πραγμά-

168 3286 271 3318 των
299 3273 395 3318 καὶ
450 3267 577 3318 αὐτό
619 3274 771 3319 τοῦτο
805 3266 1111 3340 ἀγνοοῦμεν,
1144 3276 1250 3328 πῶς
1301 3268 1361 3319 ἄν
1408 3273 1607 3340 γίνοιτο
1664 3272 1789 3342 ἡμῖν

168 3365 263 3417 τῆς
323 3356 633 3426 ἀπαλλαγῆς
671 3364 877 3428 τυχεῖν.
914 3361 1013 3410 Καὶ
1054 3356 1347 3429 σύμϐουλος
1386 3359 1474 3411 οὗν
1527 3363 1617 3411 καὶ
1654 3379 1787 3432 προ-

171 3448 375 3506 στάτης
402 3446 555 3506 αὐτὸς
593 3454 769 3517 γενοῦ,
796 3449 853 3498 τὸ
878 3442 1011 3507 εἶδος
1036 3456 1128 3507 τῆς
1170 3445 1417 3519 βοηθείας
1445 3444 1540 3500 διὰ
1563 3456 1659 3511 τῆς
1695 3468 1787 3521 με·

167 3535 345 3605 Ἱσὶλης
370 3543 593 3588 σεαυτοῦ
618 3541 916 3609 φρονήσεως
944 3535 1161 3609 ἐξευρών
1192 3536 1328 3608 (78)·

719 3665 1056 3713 ΕΠΙΣΤΟΑΗ
1116 3658 1233 3716 ΛΓ.

1908 1851 2053 1908 opes
2080 1836 2269 1910 ipsius
2298 1837 2413 1893 illic
2452 1838 2887 1907 custodiantur,
2921 1844 3213 1911 patronus
3239 1857 3381 1897 vero
3412 1857 3561 1898 aera-

1904 1925 1975 1980 rii
2001 1927 2365 1997 respondeat
2396 1927 2467 1982 iis
2512 1928 2614 2000 qui
2672 1927 3047 1997 adoriuntur,
3080 1934 3137 1985 et
3168 1930 3558 2001 probationes

1902 2016 2190 2087 requirat,
2220 2016 2366 2088 quia
2386 2032 2495 2073 nos
2526 2017 2830 2087 ejusmodi
2860 2018 3042 2074 rebus
3072 2019 3272 2075 idonei
3301 2035 3425 2075 non
3464 2036 3558 2076 su-

1904 2121 2061 2159 mus.
2094 2106 2326 2162 Discere
2348 2106 2509 2161 enim
2536 2111 2732 2179 potest
2756 2106 3038 2178 perfectio
3071 2114 3194 2175 tua,
3227 2108 3557 2177 neminem,

1903 2194 2196 2265 quamdiu
2226 2194 2406 2257 licuit,
2438 2195 2794 2251 discessisse
2833 2212 2956 2252 non
2983 2201 3322 2268 compotem
3347 2212 3557 2253 eorum

1902 2298 2039 2355 quae
2066 2281 2436 2350 volebat,sed
2467 2284 2633 2339 nullo
2658 2300 2964 2357 quemque
2994 2285 3236 2355 negotio
3267 2301 3557 2341 consecu-

1902 2376 2030 2427 tum
2059 2387 2191 2427 esse
2211 2372 2376 2445 quod
2408 2373 2666 2445 petebat,
2702 2374 2785 2430 ita
2816 2379 2879 2429 ut
2908 2374 3130 2431 multos
3164 2377 3344 2432 etiam
3373 2376 3561 2447 poeni-

1902 2463 2070 2531 teret,
2097 2461 2264 2533 quod
2296 2477 2418 2517 non
2451 2461 2586 2535 plus
2634 2461 2713 2518 ab
2760 2463 2928 2519 initio
2978 2464 3305 2536 petiissent,
3338 2480 3407 2520 ex
3438 2480 3560 2537 quo

1902 2550 2082 2606 etiam
2101 2551 2363 2607 maxime
2377 2551 2576 2624 plures
2590 2552 2729 2608 facti
2753 2558 2891 2608 sunt
2917 2554 3561 2611 calumniatores.Dum

1903 2640 2061 2695 enim
2081 2640 2159 2695 ad
2180 2641 2448 2713 priorum
2476 2641 2821 2713 exemplum
2849 2642 3384 2714 respiciunt,alium
3407 2642 3560 2699 alius

1902 2729 2120 2802 excipit
2150 2730 2547 2801 sycophanta.
2578 2730 2988 2787 Adhortamur
3008 2732 3185 2803 igitur
3206 2732 3559 2803 gravitatem

1902 2822 2091 2884 tuam,
2120 2824 2181 2873 ut
2210 2818 2301 2873 his
2325 2820 2608 2875 omnibus
2640 2820 2911 2890 obsistat,
2948 2821 3370 2893 cohibeatque,
3396 2821 3559 2877 velut

1901 2906 2191 2962 ﬂuentum
2220 2907 2555 2979 quoddam,
2588 2923 2658 2964 ac
2688 2909 3002 2964 intercidat
3033 2909 3333 2964 malorum
3371 2909 3557 2964 conti-

1900 2996 2383 3053 nuitatem.Nosti
2414 3003 2616 3053 autem
2647 2997 2959 3068 quomodo
2984 2997 3064 3052 sis
3089 2996 3226 3052 huic
3258 2996 3341 3051 rei
3368 3012 3556 3054 reme-

1900 3084 2071 3141 dium
2097 3085 2410 3154 allaturus,
2464 3086 2544 3141 ita
2576 3090 2640 3142 ut
2670 3085 2915 3141 minime
2961 3089 3270 3158 exspectes
3325 3084 3473 3140 dum
3502 3090 3556 3142 te

1901 3175 2151 3232 modum
2182 3175 2683 3247 edoceamuszqui
2709 3192 2846 3230 cum
2879 3175 3067 3230 simus
3092 3175 3275 3245 hujus
3301 3174 3434 3230 vitae
3450 3191 3555 3231 ne-

1901 3265 2188 3334 gotiorum
2203 3264 2633 3337 inexperti.hoc
2648 3264 2848 3336 ipsum
2862 3262 3555 3334 ignoramus,quomodo

1898 3353 1992 3408 his
2039 3351 2278 3407 liberari
2322 3352 2645 3425 possimus.
2693 3357 2894 3423 Itaque
2927 3350 3006 3405 sis
3034 3350 3164 3421 ipse
3196 3354 3253 3405 et
3281 3350 3557 3406 consilia-

1898 3442 2021 3498 rius
2047 3446 2104 3497 et
2131 3446 2440 3513 patronus,
2497 3440 2701 3496 auxilii
2750 3455 2940 3510 genus
3000 3455 3240 3496 summa
3283 3443 3387 3496 tua
3418 3454 3556 3511 pru-

1899 3531 2103 3588 dentia
2131 3531 2503 3601 excogitans.

2415 3657 2756 3713 EPISTOLA
2802 3658 3044 3714 XXXIII'.

1120 3777 1283 3833 Idem
1312 3777 1594 3847 Gregorii
1618 3778 1921 3849 negotium
1947 3773 2203 3842 Aburgio
2230 3772 2623 3828 commendat.

766 3863 1056 3938 Ἀϐουργίῳ
1082 3870 1219 3935 (79).

249 3957 355 4005 Καὶ
402 3959 484 4017 τίς
539 3958 675 4007 οὕτω
728 3953 953 4006 παλαιὰν
1009 3954 1263 4028 ἑταιρείαν
1302 3951 1416 4007 οἶδε
1456 3961 1634 4028 τιμᾷν,
1704 3947 1795 4008 καὶ

172 4038 365 4116 ἀρετήν
414 4039 707 4112 αἰδεῖσθαι,
742 4048 837 4094 καὶ
864 4045 1126 4115 κάμνουσι
1170 4042 1465 4114 συναλγεῖν,
1524 4046 1593 4104 ὡς
1641 4043 1800 4105 αὐτὸς

172 4182 249 4239 de
274 4184 412 4257 lege
435 4189 496 4239 et
517 4188 830 4257 praecepto
864 4184 1122 4247 Domini,
1160 4184 1266 4257 sed
1297 4184 1372 4240 de
1401 4189 1670 4257 extremo
1704 4188 1798 4241 Cie

173 4256 316 4310 sarii
344 4254 666 4313 mandato.
698 4254 861 4311 Duas
892 4272 1108 4311 causas
1161 4254 1333 4311 affert
1366 4256 1633 4320 dasilius,
1688 4272 1794 4312 cur

171 4325 343 4382 bona
373 4327 615 4383 Caesarii
646 4327 845 4382 statim
874 4326 1283 4382 distribuerint
1316 4346 1327 4382 :

168 4413 307 4453 rum
333 4398 661 4479 propensio
686 4398 807 4479 sive
830 4398 1095 4479 studium
1118 4398 1407 4479 implendi
1432 4398 1519 4479 de.
1537 4399 1788 4479 elee‘mo-

174 4469 349 4539 syna‘
365 4471 648 4541 praecepti
679 4486 691 4523 :
726 4469 933 4537 altera,
979 4469 1220 4525 Caesarii
1230 4470 1555 4541 morientis
1574 4470 1787 4527 volun-

175 4545 265 4595 tas
286 4539 585 4605 extrema,
616 4541 714 4595 cui
742 4556 865 4613 non
896 4556 1109 4613 parere
1140 4539 1310 4613 nefas
1332 4540 1650 4613 duxerunt.
1685 4544 1775 4597 Ne-

176 4627 275 4667 mo
307 4618 520 4667 autem
551 4627 675 4684 non
704 4611 1100 4683 videtfquam
1122 4612 1385 4684 proclive
1410 4612 1583 4684 fuerit
1609 4612 1785 4670 libra-

176 4684 275 4737 riis
296 4684 357 4738 in
384 4684 485 4740 his
524 4683 775 4739 vocibus
808 4689 1001 4755 Κυρίου
1033 4689 1090 4739 et
1122 4683 1413 4757 Καισαρίου
1443 4683 1569 4740 labi
1616 4688 1673 4741 et
1702 4701 1787 4741 er-

175 4769 304 4810 rare
312 4799 325 4810 .

242 4830 354 4895 (72)
386 4831 555 4879 Ιιενία
583 4830 695 4897 μέν.
725 4825 1034 4899 Medicaeus
1061 4825 1252 4881 codex
1304 4825 1352 4877 ἓν
1378 4831 1528 4899 πενίᾳ
1566 4832 1675 4899 μέν.
1707 4828 1784 4884 Ει

175 4913 335 4954 nunc
374 4896 731 4967 circumstat
759 4901 819 4952 in
855 4896 1188 4953 Christiani
1214 4896 1592 4967 paupertate,
1636 4903 1745 4954 etc.

240 4972 351 5038 (73)
390 4974 493 5022 Καὶ
520 4964 780 5041 διαλεχθῇ
796 4989 834 5029 ς.
867 4968 957 5025 Sic
988 4964 1786 5041 codicumopeemendavi-

172 5027 305 5095 mus
338 5027 541 5111 totum
570 5027 737 5111 rhun'c
757 5027 982 5108 locum,
1014 5039 1119 5111 qui
1151 5040 1236 5095 sic
1265 5027 1527 5096 in‘editis
1552 5040 1786 5110 legeba-

170 5118 259 5185 tur
286 5130 300 5167 :
338 5114 435 5164 καί
467 5108 846 5182 διαλεχθεὶς...
878 5116 967 5164 καὶ
987 5108 1172 5185 τρόπον
1204 5111 1481 5173 ἐπινοήσας
1511 5108 1784 5184 τήςήμεγά-

166 5183 224 5241 in
237 5206 257 5245 ς
288 5186 458 5237 αὐτοῦ
492 5188 773 5245 συνέσεως.

230 5260 348 5323 (74)
380 5260 647 5327 Λέγοντα.
674 5256 761 5309 Ita
782 5253 1029 5327 codices
1078 5269 1181 5327 sex
1220 5269 1409 5327 Δωεεη
1439 5252 1622 5309 editio
1670 5257 1783 5312 Ha-

166 5342 304 5397 gan.
331 5335 393 5384 et
419 5323 626 5399 prima
661 5325 1033 5399 Basileensis.
1059 5324 1195 5380 Aliae
1220 5323 1382 5399 λέγειν
1404 5343 1475 5378 τε.

232 5407 345 5463 i751
377 5394 518 5459 Ἕως
547 5398 688 5461 ἐξῆν.
722 5397 815 5452 Sic
839 5396 1016 5451 iidem
1048 5412 1151 5453 sex
1173 5396 1427 5465 codices,
1462 5394 1643 5452 editio
1675 5399 1783 5452 Ha-

165 5486 297 5535 gan.
346 5479 410 5529 et
470 5471 678 5544 prima
698 5468 881 5544 _Basil.
916 5470 1195 5544 corrupte
1226 5466 1583 5544 i_r_1_secun_da
1610 5468 1778 5544 Basil.

166 5546 250 5606 ἕως
274 5538 561 5606 5.7m.de
584 5540 781 5597 multo
810 5538 1161 5595 mendosius
1184 5538 1473 5593 editiones
1495 5540 1783 5595 Parisien-

168 5630 251 5673 ses
277 5618 377 5681 ἕως
403 5617 499 5679 ῐζη
539 5615 858 5688 Καισάριος,
879 5611 1150 5684 quandiu
1170 5611 1323 5670 vixit
1342 5609 1659 5669 Caesarius.
1676 5614 1784 5670 Re-

2572 3860 2865 3916 Aburaio.

2572 3878 2865 3931 .‘lOUTglo.

1978 3954 2043 4007 Et
2072 3950 2205 4023 quis
2237 3951 2318 4006 ita
2346 3953 2606 4006 veterem
2635 3949 2961 4005 amicitiam
2997 3948 3162 4006 novit
3183 3948 3480 4005 honorare
3501 3951 3559 4003 et

1906 4040 2185 4097 virtutem
2206 4039 2544 4108 revereri,et
2562 4054 2700 4094 cum
2728 4037 2966 4094 afﬂictis
2993 4037 3287 4105 dolere,ut
3304 4042 3367 4093 tu
3394 4036 3558 4109 ipse?

1945 4188 2131 4255 ugnat
2161 4184 2301 4255 haec
2328 4183 2625 4255 scriptura
2650 4182 2953 4255 sententiae
2984 4182 3198 4238 Basilii.
3229 4186 3354 4238 Non
3394 4182 3558 4239 enim

1951 4254 2007 4311 ic'
2031 4256 2227 4325 agitur
2270 4254 2344 4309 de
2370 4255 2440 4309 iis
2487 4254 2595 4326 qui,
2622 4270 2657 4309 a
2690 4254 2951 4326 caesarie
2973 4259 3346 4326 acceperant,
3378 4258 3555 4325 (quo-

1402 4328 1551 4383 rima
1578 4333 1666 4383 est
1685 4344 1780 4384 eo-
1816 4330 1858 4383 Ι)
1892 4324 2087 4384 modo,
2105 4326 2265 4381 enim
2288 4324 2525 4381 Caesarii
2541 4325 2871 4397 liberalitas
2896 4324 3192 4397 plurimos
3222 4340 3297 4397 e_o_
3314 4324 3556 4397 mortuo

1898 4399 1976 4454 ad
1999 4397 2325 4469 petendum
2349 4397 2734 4467 excitasset?)
2777 4396 2881 4469 sed
2902 4394 3124 4469 'potius
3140 4396 3228 4469 de
3262 4395 3332 4449 iis
3355 4411 3391 4451 a
3419 4394 3554 4466 qui-

1896 4466 2016 4526 bus
2039 4468 2334 4524 Caesarius
2366 4480 2578 4540 mutuo
2633 4466 2941 4540 accepisse
2973 4466 3348 4540 dicebatur;
3398 4482 3554 4540 quos

1896 4557 2034 4597 cum
2059 4540 2376 4609 Gregorius
2398 4537 3057 4610 absolvisset,quandiu
3076 4537 3368 4610 superfuit
3395 4537 3556 4610 unde

1896 4612 1956 4668 id
1982 4608 2384 4683 faceret,illius
2419 4609 2771 4683 simplicitas
2802 4608 3020 4666 ansam
3052 4608 3445 4682 sycophantis
3475 4608 3555 4666 ad

1893 4684 2177 4754 injuriam
2210 4682 2393 4737 dedit.

1964 4751 2509 4827 (76)‘Haévraz._Hanc
2538 4768 2749 4827 vocem
2779 4751 2987 4827 addidi
3014 4767 3088 4827 ex
3120 4768 3225 4807 sex
3252 4769 3396 4827 mss.
3440 4752 3555 4809 Ibi-

1894 4822 2036 4881 dein
2064 4822 2189 4881 duo
2221 4824 2459 4881 codices
2489 4823 2900 4896 antiquissimi
2929 4822 3102 4880 Coisl.
3160 4830 3217 4879 et
3267 4824 3418 4882 Med.
3461 4830 3551 4883 τὴν

1897 4901 1994 4955 σήν
2038 4901 2465 4971 σεμνοπρέπειαν.

1964 4970 2081 5041 (7‘77),
2100 4966 2190 5041 ’Διί
2209 4966 2561 5041 ἀπειρίανλῖᾂ
2579 4970 2696 5041 tres
2726 4966 3117 5023 vetustissimi
3148 4966 3383 5023 codices
3407 4982 3547 5023 cum

1894 5039 2028 5095 aliis
2050 5035 2501 5111 duobustditi
2523 5035 2593 5090 δι’
2623 5037 2872 5111 ἀπορίαν.

1966 5110 2377 5183 (78))Ἐξευρῶν.
2422 5109 2534 5167 Sic.
2583 5107 2756 5178 Med.,
2799 5109 2973 5167 Coisl.
3001 5110 3237 5183 primus
3282 5113 3339 5165 et
3386 5107 3539 5165 Harl.

1894 5182 2040 5237 Edili
2070 5182 2399 5245 ἐξευρίσκων.

1965 5257 2079 5322 (79)
2110 5250 2419 5325 Ἀϐουργίῳ.
2448 5253 2682 5325 Ila_tres
2720 5252 3108 5325 vetustissimi
3138 5250 3374 5325 codices
3407 5265 3547 5325 cum

1891 5319 2131 5380 duobus
2164 5319 2379 5392 Regiis,
2410 5323 2587 5379 Coisl.
2622 5324 2892 5380 secundo
2923 5329 2979 5378 et
3011 5325 3192 5392 Bigot.
3235 5319 3407 5392 Solus
3439 5322 3545 5392 Va:

1894 5397 2127 5469 ticanus
2158 5390 2297 5469 cum
2312 5390 2841 5469 ⁸ιδάὶζὶετᾼίὶϐουρτίῳ,
2874 5394 2979 5466 qui
3009 5390 3212 5450 tamen
3245 5390 3437 5448 codex
3466 5390 3544 5451 ad

1891 5468 2195 5540 epist.7193
2228 5465 2742 5540 habet_’A€oupyia).

1962 5549 1978 5565 '
2002 5538 2162 5597 Alias
2193 5538 2511 5607 CCCLVIII,
2546 5538 2769 5611 scripta
2796 5552 2956 5595 anno
2979 5539 3103 5592 369.
