4070 6194
256 263 360 318 321

1223 265 1707 322 EPISTOLARUM
1749 263 2031 322 CLASSIS
2071 267 2111 320 Ι.
2156 265 2376 325 EPIST.
2431 270 2652 326 XXXVI.

3510 277 3616 332 322

255 385 330 436 οὐ
356 387 463 457 μὴν
495 383 642 452 ἀλλὰ,
688 389 872 460 καίπερ
915 386 1076 450 οὕτως
1106 387 1222 458 (88)
1268 389 1456 453 ἀθλίως
1486 393 1710 462 ἔχοντες,
1762 395 1853 462 μιᾷ

1974 389 2058 445 sic
2091 393 2312 448 misere
2335 393 2536 450 afﬂicti
2560 395 2773 464 simus,
2792 410 2912 450 una
2933 395 3160 452 utimur
3189 397 3625 469 consolatione,

252 476 565 548 παραμυθίᾳ
595 478 924 547 κεχρήμεθα,
965 482 1092 552 πρὸς
1139 484 1232 538 τὴν
1277 486 1374 539 σήν
1424 477 1631 532 ἀπιδεῖν
1666 482 1859 552 ἡμερό-

254 583 406 630 τητα,
460 569 553 616 καὶ
600 563 654 615 ἐκ
707 572 802 625 τῆς
853 575 950 628 σῆς
1000 566 1192 630 ἐννοίας
1243 575 1331 622 καὶ
1378 575 1587 642 μνήμης
1635 577 1862 636 πραϋναι

254 661 346 715 τῆς
376 654 567 724 ψυχης
613 657 671 704 τὸ
720 653 1058 727 λυπούμενον.
1109 656 1309 732 Ὠσπερ
1358 662 1456 733 γὰρ
1507 666 1614 721 τοῖς
1667 658 1861 730 ὀφθαλο

255 751 390 816 μοῖς,
449 740 660 795 ἐπειδάν
724 764 848 797 ποτε
907 752 1162 810 συντόνως
1214 752 1278 800 τὰ
1336 748 1549 822 λαμπρὰ
1611 748 1861 800 καταϐλέ-

256 835 427 904 ψωσι,
450 838 582 905 φέρει
621 837 739 885 τινὰ
775 835 1051 908 ῥᾳστώνην
1081 841 1208 910 πρὸς
1261 841 1326 890 τὰ
1374 841 1540 890 κυανὰ
1577 844 1663 890 καὶ
1689 837 1860 908 χλοά-

264 927 423 985 ζοντα
453 931 543 974 τῶν
572 925 868 996 χρωμάτων
902 924 1208 978 ἐπανελθεῖν·
1244 927 1378 979 οὕτω
1409 932 1497 979 καὶ
1529 934 1642 988 ταῖς
1674 929 1858 998 ἡμετέ-

257 1032 379 1085 ραις
408 1012 627 1083 ψυχαῖς,
660 1014 766 1065 οἷον
800 1017 917 1080 (89)
948 1018 1137 1090 πραεῖά
1165 1035 1246 1077 τις
1291 1019 1454 1088 ἐπαφὴ
1501 1021 1558 1068 τὸ
1602 1014 1859 1089 ὀδυνηρὸν

253 1101 558 1174 ἐξαιροῦσα,
591 1104 620 1158 ἠ
655 1109 834 1176 μνήμη
868 1111 964 1165 τῆς
1009 1114 1108 1167 σῆς
1149 1111 1442 1179 πραότητος
1472 1111 1562 1157 καὶ
1595 1104 1859 1178 ἐμμελείας

247 1189 382 1243 ἔστί·
448 1197 539 1243 καὶ
595 1192 830 1263 μάλιστα
889 1195 1011 1246 ὅταν
1064 1192 1447 1268 ἐνθυμηθῶμεν,
1499 1197 1580 1248 ὅτι
1623 1199 1680 1247 τὸ
1725 1197 1859 1246 κατὰ

249 1285 470 1332 σεαυτὸν
510 1281 647 1333 ᾶπαν
677 1281 1004 1356 ἐπλήρωσας.
1033 1283 1122 1346 Ἐξ
1165 1284 1232 1336 ὧν
1262 1287 1451 1346 ἱκανῶς
1480 1289 1568 1336 καὶ
1599 1286 1723 1356 ἡμῖν
1755 1292 1858 1346 τοῖς

250 1368 566 1442 ἀνθρωποις,
612 1369 695 1421 ἰὰν
727 1371 1056 1443 εὐγνωμόνως
1089 1373 1202 1442 (90)
1241 1376 1306 1425 τὰ
1336 1375 1623 1446 πράγματα
1665 1378 1855 1446 κρίνω-

248 1477 352 1529 μει,
390 1462 460 1518 ὡς
491 1455 644 1511 οὐδὲν
694 1458 748 1510 ἐκ
801 1470 897 1521 τῆς
946 1469 1046 1521 σῆς
1084 1465 1250 1522 αἰτίας
1291 1461 1546 1515 ἀπόλωλεν
1601 1459 1852 1525 ἐνεδείξω·

246 1552 337 1598 καὶ
364 1551 511 1620 παρὰ
541 1555 655 1618 Θεῷ
683 1556 776 1609 τῆς
803 1558 903 1600 τῶν
943 1550 1109 1602 καλῶν
1148 1554 1444 1625 προθύμίας
1469 1555 1631 1626 μέγαν
1657 1560 1854 1622 σεαυτῷ

243 1639 330 1687 τὸν
359 1639 554 1707 μισθὸν
583 1642 913 1696 κατεκτήσω.
955 1644 1250 1713 Χαρίσαιτο
1286 1638 1346 1694 δέ
1378 1661 1435 1694 σε
1466 1644 1589 1714 ἡμῖν
1621 1646 1708 1693 καὶ
1741 1648 1854 1702 ταῖς

1972 485 2036 535 ut
2067 481 2462 552 respiciamus
2507 483 2586 539 ad
2630 489 2794 540 tuam
2841 486 3398 555 mansuetudinem,
3441 504 3509 543 ac
3542 487 3627 544 tui

1973 570 2334 638 cogitatione
2353 578 2408 627 et
2434 573 2851 628 recordatione
2881 574 3151 630 dolorem
3181 576 3365 631 animi
3391 577 3626 646 mitige-

1971 673 2132 715 mus.
2176 661 2704 724 Quemadmodum
2752 663 2914 717 enim
2957 664 3180 732 oculis,
3221 671 3623 737 posteaquam

1971 748 2195 802 intente
2223 765 2316 804 res
2341 750 2693 820 splendidas
2721 756 3499 822 conspexere,recreationis
3517 755 3624 810 ali-

1970 837 2115 907 quid
2149 837 2320 893 atfert
2343 839 2422 894 ad
2455 839 2743 894 caeruleos
2776 856 2842 894 ac
2875 841 3096 894 virides
3129 840 3357 896 colores
3388 843 3622 911 redire;

1968 925 2051 981 ita
2079 943 2322 1000 quoque
2365 929 2584 984 animis
2615 931 2839 985 nostris
2870 929 3056 985 veluti
3088 930 3314 986 blanda
3344 933 3622 1002 quaedam

1969 1021 2361 1073 contrectatio
2388 1019 2662 1074 dolorem
2691 1019 3315 1090 abigens,recordatio
3339 1025 3452 1075 tua:
3482 1021 3629 1076 leni-

1968 1108 2104 1160 tatis
2137 1122 2208 1161 ac
2246 1107 2568 1177 diligentia:
2597 1113 2687 1164 est
2712 1125 2723 1174 ;
2753 1113 2810 1164 et
2830 1110 3092 1164 maxime
3116 1125 3253 1164 cum
3277 1109 3485 1165 omnia
3505 1126 3541 1166 a
3568 1115 3623 1166 te

1967 1211 2075 1266 pro
2107 1195 2256 1251 virili
2285 1197 2443 1253 facta
2475 1214 2606 1253 esse
2652 1198 3132 1254 consideremus.
3173 1201 3254 1254 Ex
3293 1199 3518 1271 quibus
3568 1204 3626 1257 et

1965 1282 2208 1339 abunde
2236 1285 2410 1339 nobis
2441 1285 2813 1350 hominibus,
2834 1285 2882 1340 si
2911 1285 2985 1340 de
3011 1286 3193 1341 rebus
3214 1303 3390 1358 aequo
3417 1288 3624 1344 animo

1961 1372 2330 1442 judicemus,
2364 1374 2511 1428 nihil
2541 1375 2724 1446 culpa
2755 1380 2856 1430 tua
2888 1375 3134 1446 periisse
3171 1377 3524 1446 ostendisti;
3569 1382 3626 1435 et

1964 1462 2130 1533 apud
2171 1466 2355 1518 Deum
2387 1463 2470 1518 tui
2509 1463 2812 1519 bonarum
2860 1480 3064 1519 rerum
3099 1464 3281 1520 studii
3330 1481 3622 1535 magnam

1963 1551 2071 1606 tibi
2103 1552 2446 1607 mercedem
2479 1553 2870 1624 comparasti.
2906 1553 3146 1608 Utinam
3178 1558 3380 1610 autem
3414 1571 3622 1611 conce-

1963 1640 2069 1696 dat
2099 1646 2150 1697 te
2183 1642 2358 1697 nobis
2382 1647 2437 1697 et
2460 1642 2582 1696 suis
2611 1642 2877 1697 ecclesiis
2905 1644 3194 1698 Dominus
3215 1645 3291 1699 ad
3308 1643 3620 1701 utilitatem

244 1724 435 1778 ἑαυτοῦ
462 1725 767 1788 ἐκκλησίαις
797 1729 822 1779 ὁ
854 1730 1056 1801 Κύριος,
1103 1728 1180 1781 ἐπ’
1212 1730 1424 1802 ὠφελείᾳ
1471 1739 1562 1783 τοῦ
1612 1730 1734 1803 βίου
1766 1735 1853 1782 καί

1966 1730 2101 1785 vitm
2146 1731 2463 1786 hominum
2497 1737 2552 1785 et
2585 1731 3071 1787 emendationem
3104 1735 3449 1789 animarum
3479 1750 3622 1790 nos-

243 1809 536 1884 διορθώσει
561 1822 660 1866 τῶν
685 1814 876 1886 ψυχῶν
904 1817 1072 1887 ἡμῶν,
1093 1821 1182 1869 καὶ
1213 1817 1552 1880 καταξιὼσειε
1581 1817 1733 1870 πάλιν
1763 1827 1854 1879 τῆς

244 1900 536 1973 ἕπωφελοῦς
571 1909 866 1976 συντυχίας
902 1923 1024 1962 σου.

798 2053 1137 2102 ΕΠΙΣΤΟΛΗ
1178 2047 1296 2104 ΛΗ.

1961 1823 2214 1889 trarum,
2237 1819 2534 1891 nobisque
2556 1820 2773 1875 iterum
2805 1821 3086 1892 dignetur
3116 1826 3284 1878 tuum
3307 1823 3619 1894 perutilem

1962 1923 2357 1978 congressum
2389 1909 2741 1964 concedere.

2485 2053 2819 2108 EPISTOLA
2860 2053 3082 2108 XXXV'.

961 2173 1352 2229 Commendat
1377 2173 1689 2230 Leontium
1714 2173 1985 2231 Basilius
2015 2180 2301 2247 tanquam
2328 2176 2588 2232 alterum
2618 2178 2899 2246 seipsum.

620 2297 968 2370 Ἀνεπίγραφο
978 2317 1018 2365 ς,
1043 2299 1139 2350 ὐπὶ
1144 2318 1174 2371 ρ
1207 2302 1473 2352 Λεοντίου.

311 2426 443 2497 Περὶ
491 2420 690 2473 πολλῶν
742 2424 853 2494 μὲν,
907 2424 973 2484 ὡς
1037 2420 1385 2500 διαφερόντων
1429 2443 1536 2496 μοι,
1587 2424 1854 2478 ἑπέστειλά

240 2532 346 2577 σοι,
392 2516 513 2586 περὶ
562 2511 802 2563 πλειόνων
855 2507 913 2564 δὲ
955 2516 1044 2564 καὶ
1094 2511 1364 2568 ἐπιστελῶ,
1419 2517 1551 2565 Οὔτε
1581 2517 1684 2588 γὰρ
1734 2518 1853 2577 τοὺς

237 2599 517 2674 δεομνους
559 2601 811 2654 ἐπιλιπεῖν
846 2599 1086 2667 δυνατὸν,
1129 2607 1242 2656 οὔτε
1273 2605 1412 2676 ἡμᾶς
1463 2603 1733 2679 ἀρνεῖσθαι
1759 2609 1851 2663 την

234 2695 403 2765 χάριν
435 2694 544 2743 οἷόν
571 2710 644 2745 τε.
696 2691 772 2742 Οὐ
822 2696 924 2763 μήν
972 2691 1086 2743 ἐστί
1134 2712 1214 2751 τις
1257 2692 1562 2765 οἰκειότερός
1595 2713 1707 2765 μοι,
1740 2697 1853 2745 οὔτε

231 2781 430 2853 μᾶλλον
460 2779 765 2831 ἁναπαῦσαί
800 2799 863 2852 με
894 2778 967 2852 ἐφ’
998 2781 1070 2840 οἷς
1101 2779 1158 2831 ἂν
1191 2777 1244 2832 εὖ
1279 2801 1327 2833 τι
1353 2783 1512 2833 πάθοι
1542 2785 1655 2851 (91)
1692 2778 1851 2833 δυνά·

233 2890 410 2942 μενος,
453 2876 548 2921 τοῦ
595 2865 1020 2942 αἰδεσιμωτάτου
1075 2866 1298 2942 ἀδελφοῦ
1346 2875 1605 2922 Λεοντίου·
1653 2871 1712 2922 οὗ
1758 2875 1850 2929 τὴν

234 2959 408 3011 οἰκίαν
443 2960 582 3010 οὕτω
611 2955 811 3028 διάθες,
845 2961 914 3020 ὡς
944 2957 1002 3008 ἄν
1035 2959 1077 3010 εἰ
1107 2959 1260 3010 αὑτὸν
1294 2959 1378 3032 ἐμὲ
1407 2959 1741 3027 καταλάϐοις,
1776 2965 1846 3034 μὴ

233 3047 281 3099 ἐν
409 3055 562 3120 πενία
582 3051 774 3120 ταύτῃ,
805 3045 851 3098 ἐν
933 3055 1019 3098 νῦν
1052 3049 1156 3120 εἰμι
1183 3052 1275 3100 σὺν
1311 3056 1443 3119 Θεῷ,
1474 3047 1580 3100 ἀλλ’
1609 3049 1850 3124 εὐπορίας

232 3143 369 3198 τινὸς
397 3137 790 3208 ἐπειλημμένον,
827 3141 915 3188 καὶ
956 3136 1149 3212 ἀγροὺς
1178 3143 1505 3210 κεκτημένον.
1541 3138 1698 3196 Δῆλον
1724 3142 1848 3213 γὰρ,

233 3227 314 3279 ὅτι
346 3226 442 3278 οὐκ
476 3225 535 3277 ἂν
568 3225 824 3285 ἐποίησάς
863 3245 925 3298 με
969 3230 1184 3293 πένητα,
1233 3225 1338 3278 ἀλλ’
1384 3225 1634 3298 ἐφύλαξας
1688 3227 1746 3278 ἂν
1785 3231 1851 3280 τὰ

233 3320 491 3389 παρόντκ,
525 3317 553 3372 ἣ
591 3314 848 3376 ἑπέτεινας
881 3319 970 3373 τὴν
1014 3315 1279 3388 εὐπορίαν,
1310 3322 1473 3368 Τοῦτο
1505 3312 1591 3366 οὖν
1626 3321 1850 3375 ποιῆσαί

239 3424 295 3456 σε
317 3409 408 3456 καὶ
441 3403 490 3455 ἐν
517 3412 578 3475 τῇ
607 3407 954 3478 προειρημένῃ
985 3423 1074 3475 μοι
1105 3405 1246 3476 οἰκίᾳ
1270 3411 1359 3456 τοῦ
1394 3401 1584 3477 ἀνδρὸς
1614 3425 1848 3480 παρακα-
1880 3379 1919 3434 C

233 3493 445 3565 λοῦμεν.
480 3495 686 3554 Μισθὸς
720 3489 779 3544 δέ
825 3512 908 3544 σοι
947 3494 1072 3565 ὑπὲρ
1122 3496 1325 3544 πάντων
1370 3495 1394 3545 ὁ
1447 3496 1672 3554 συνήθης
1723 3495 1847 3570 παρ’

240 3583 392 3655 ἐμοῦ,
416 3585 545 3654 εὐχὴ
578 3587 710 3656 πρὸς
731 3586 820 3634 τὸν
847 3583 995 3654 ἆγιον
1025 3587 1150 3636 Θεὸν
1182 3585 1308 3657 ὑπὲρ
1339 3584 1404 3634 ὧν
1437 3587 1667 3657 κάμνεις,
1692 3585 1847 3646 καλὸς

241 3692 299 3724 τε
325 3679 415 3724 καὶ
444 3672 632 3743 ἀγαθὸς
664 3674 753 3742 ὧν,
790 3679 880 3726 καὶ
927 3673 1301 3748 προλαμϐάνων
1335 3677 1427 3738 τὰς
1467 3676 1700 3738 αἰτήσεις
1745 3683 1845 3727 τῶν

240 3758 515 3834 δεομένων.

793 4035 1133 4085 ΕΠΙΣΤΟΛΗ
1177 4031 1295 4095 Af.

2303 2302 2442 2358 Sine
2471 2302 2886 2372 inscriptione,
2914 2302 2986 2358 de
3015 2303 3280 2359 Leontio.

2037 2424 2114 2478 De
2145 2423 2352 2479 multis
2397 2423 2666 2496 quidem,
2699 2429 2765 2480 ut
2795 2424 2874 2480 ad
2906 2440 3000 2479 me
3031 2424 3474 2496 pertinentibus
3506 2425 3617 2482 tibi

1966 2513 2179 2584 scripsi
2212 2530 2224 2566 :
2260 2513 2363 2568 sed
2397 2517 2452 2568 et
2482 2513 2555 2568 de
2583 2512 2861 2584 pluribus
2885 2514 3171 2570 scribam.
3190 2517 3338 2570 Nam
3359 2531 3468 2570 nec
3490 2515 3617 2570 ﬁeri

1963 2606 2158 2672 potest
2184 2606 2247 2656 ut
2275 2602 2612 2671 indigentes
2635 2603 2835 2658 desint
2857 2621 2868 2667 ;
2889 2620 2999 2658 nec
3028 2604 3485 2660 mibibeneﬁcia
3515 2603 3617 2660 de-

1962 2704 2184 2758 negare
2215 2689 2536 2759 integrum.
2577 2693 2618 2760 ι
2640 2690 2750 2762 14.
2783 2695 2910 2746 Non
2937 2696 3028 2747 est
3059 2697 3261 2747 tamen
3284 2693 3612 2764 quisquam

1962 2777 2109 2834 mihi
2149 2779 2550 2848 conjunctior,
2585 2785 2640 2834 et
2679 2781 2782 2851 qui
2814 2797 2931 2849 me,
2975 2781 3021 2835 si
3059 2781 3207 2852 quid
3239 2783 3290 2836 ei
3324 2797 3611 2852 prospere

1963 2868 2216 2938 eveniat,
2252 2869 2448 2938 magis
2473 2869 2772 2923 consolari
2805 2871 3014 2941 possit,
3043 2887 3230 2941 quam
3262 2870 3611 2925 colendissi-

1961 2971 2096 3010 mus
2138 2955 2317 3012 frater
2367 2957 2684 3012 Leontius:
2719 2959 2890 3028 cujus
2932 2958 3185 3012 domum
3236 2958 3317 3012 ita
3350 2958 3607 3028 suscipe,

1959 3044 2135 3116 quasi
2168 3044 2593 3116 memetipsum
2615 3050 2830 3099 nactus
2857 3045 3070 3099 fuisses
3101 3061 3222 3100 non
3264 3046 3324 3099 in
3366 3061 3437 3100 ea
3458 3061 3610 3117 pau-

1959 3139 2216 3206 pertate,
2240 3135 2297 3188 in
2331 3149 2456 3206 qua
2494 3149 2656 3188 nunc
2690 3133 2894 3189 divino
2917 3133 3215 3190 beneﬁcio
3242 3150 3471 3205 versor,
3504 3135 3611 3191 sed

1960 3223 2334 3295 opulentiam
2387 3223 2722 3295 quamdam
2776 3227 3191 3290 consecutum,
3263 3230 3316 3280 et
3383 3224 3614 3296 praedia

1958 3312 2388 3384 possidentem.
2421 3315 2568 3366 Nam
2612 3311 2817 3383 palam
2867 3316 2956 3367 est
3000 3312 3147 3377 fore,
3176 3318 3240 3368 ut
3278 3329 3613 3385 pauperem

1960 3417 2056 3456 me
2077 3417 2198 3456 non
2228 3402 2581 3467 faceres,sed
2601 3418 2872 3458 servares
2893 3403 3228 3474 praesentia,
3248 3409 3351 3458 aut
3371 3405 3612 3475 COpiam

1960 3509 2248 3563 augeres.
2294 3496 2412 3548 Hoc
2455 3494 2660 3565 itaque
2704 3493 2890 3548 facias
2943 3493 3125 3548 etiam
3165 3494 3466 3566 prmdictae
3506 3495 3613 3550 viri

1959 3583 2170 3638 domui
2215 3599 2522 3654 rogamus.
2574 3585 2691 3638 Erit
2747 3594 2950 3639 autem
2992 3583 3094 3638 tibi
3142 3600 3176 3638 a
3228 3600 3324 3638 me
3364 3600 3473 3656 pro
3519 3585 3612 3639 his

1959 3673 2245 3728 omnibus
2295 3677 2577 3727 consueta
2605 3688 2857 3739 merces,
2899 3688 3108 3744 preces
3138 3672 3216 3727 ad
3249 3675 3434 3728 Deum
3478 3689 3613 3728 san-

1959 3765 2120 3816 ctum
2156 3776 2266 3832 pro
2300 3761 2634 3829 laboribus,
2669 3778 2822 3833 quos
2879 3761 3138 3832 suscipis
3187 3760 3422 3816 bonum
3462 3766 3516 3816 te
3556 3765 3614 3818 et

1957 3849 2219 3922 probum
2251 3851 2549 3922 prmbens,
2579 3867 2649 3906 ac
2681 3850 2996 3922 petitiones
3024 3849 3424 3921 indigentium
3448 3855 3611 3907 ante-

1957 3945 2216 3997 vertens.

2442 4031 2785 4087 EPISTOLA
2829 4031 3118 4088 XXXVI".

231 4154 425 4225 Rogat
453 4153 743 4223 Basilius,
779 4162 844 4210 ut
869 4155 1217 4226 presbytero
1248 4157 1352 4229 qui
1382 4171 1516 4212 cum
1542 4157 1667 4225 ipso
1698 4156 1986 4229 educatus
2012 4155 2216 4223 fuerat
2241 4154 2410 4225 eique
2433 4155 2514 4209 ad
2553 4156 2774 4211 victum
2814 4154 3021 4211 labore
3050 4171 3156 4210 suo
3197 4155 3602 4221 ministrabat,

1433 4243 1589 4285 nova
1620 4228 1997 4299 percequatio
2027 4242 2146 4281 non
2180 4232 2410 4281 noceat.

543 4350 938 4425 Ἀνιπίγραφος,
982 4351 1064 4404 ἐπὶ
1103 4351 1378 4425 ἐπικουρίᾳ
1408 4353 1540 4421 (92).

305 4474 365 4526 Ὀ
404 4474 750 4549 πρεσϐύτερος
805 4484 895 4527 τοῦ
943 4481 1146 4550 χωρίου
1197 4473 1371 4544 τοῦδε,
1408 4478 1575 4548 οἶμαι,
1614 4476 1693 4527 ὅτι
1744 4477 1846 4527 πά-

237 4563 321 4616 λαι
380 4567 638 4635 ἔγνωσται
691 4574 751 4637 τῇ
810 4566 1036 4638 εὐγενείᾳ
1085 4587 1199 4633 σου,
1257 4570 1334 4618 ὅτι
1379 4566 1517 4619 ἐστὶν
1568 4565 1679 4638 ἐμοὶ
1730 4570 1846 4618 σύν-

234 4673 440 4726 τροσος.
499 4660 563 4706 Τί
619 4652 705 4706 οὖν
755 4655 876 4706 ἄλλο
936 4652 1016 4708 δεῖ
1064 4676 1126 4728 με
1184 4656 1341 4709 εἰπεῖν
1390 4660 1520 4729 πρὸς
1573 4659 1629 4707 τὸ
1671 4653 1844 4707 δυσω-

236 4751 408 4802 πῆσαί
457 4763 553 4796 σου
592 4751 687 4802 την
733 4749 1104 4817 χρηστότητα,
1145 4746 1341 4807 οἰκείως
1383 4746 1536 4798 αὐτὸν
1588 4742 1714 4796 ἰδεῖν
1759 4751 1847 4797 καὶ

239 4831 513 4905 βοηθῆσαι
563 4834 702 4906 αὗτῷ
762 4836 832 4898 εἰς
891 4838 956 4888 τὰ
1009 4837 1330 4911 πράγματα;
1395 4837 1455 4888 Εἰ
1502 4838 1591 4908 μὲν
1631 4838 1729 4908 γὰρ
1761 4835 1848 4907 ἐμὲ

239 4922 464 4996 ἀγαπᾷς,
524 4927 697 4998 ὥσπερ
755 4921 842 4977 οὖν
897 4924 1119 4999 ἀγαπᾷς,
1175 4924 1417 4985 δηλονότι
1461 4930 1545 4978 καὶ
1598 4925 1684 4987 οὓς
1740 4924 1846 4977 ἀντ’

306 5161 420 5228 (88)
463 5162 663 5231 Καίπιρ
713 5157 898 5218 οὕτως.
951 5159 1042 5214 Sic
1095 5176 1242 5214 mss.
1287 5175 1410 5214 sex.
1463 5158 1611 5214 Editi
1654 5162 1838 5232 καίπερ
1867 5199 1878 5205 -

240 5248 387 5290 οντως
398 5273 413 5286 ,

304 5305 415 5362 (89)
457 5298 604 5354 Οἶον.
643 5301 737 5356 Sic
773 5301 952 5355 etiam
987 5318 1132 5356 mss.
1163 5317 1286 5355 sex.
1318 5301 1467 5355 Editi
1494 5300 1598 5357 οἷα.

301 5377 410 5442 ‘9“)
458 5373 577 5425 ἐὰν
621 5373 979 5443 εὐγνωμόνως.
1033 5374 1124 5428 Sic
1183 5390 1326 5426 mss.
1371 5389 1496 5426 sex.
1550 5371 1695 5426 Editi
1748 5372 1840 5422 κᾶν

238 5444 586 5516 εὐγνωμόνως.
648 5511 669 5522 ο
863 5510 882 5522 ν
1561 5514 1570 5522 .
1727 5512 1762 5522 υ
1798 5512 1807 5522 θ

323 5510 414 5584 91)
457 5517 569 5588 ’ἕρφ’
612 5511 698 5588 οἷς
731 5514 792 5564 ἂν
835 5510 886 5565 εὖ
924 5534 974 5565 τι
1009 5517 1191 5588 πάθοιἶ
1229 5515 1515 5586 Corrupte
1542 5514 1617 5588 in
1671 5512 1842 5568 editis

237 5585 298 5656 ἐτ’
331 5583 405 5649 οῖς
436 5589 498 5640 ἀν
523 5583 606 5663 μὴ
646 5583 702 5639 εὖ
736 5605 788 5637 τι
815 5587 1056 5659 πάθοιμι.
1090 5587 1313 5644 Vulnus
1345 5583 1696 5643 sanavimus
1726 5599 1841 5656 ope

1877 4352 1922 4404 D

2242 4348 2382 4404 Sine
2423 4350 2834 4418 inscriptione,
2862 4351 3082 4406 auxilii
3119 4365 3319 4405 causa.

2028 4476 2270 4532 Novisse
2296 4472 2665 4545 jamdudum
2697 4473 3068 4528 nobilitatem
3118 4478 3284 4529 tuam
3329 4473 3605 4544 arbitror,

1955 4565 2069 4622 loci
2100 4565 2254 4619 illius
2293 4561 2712 4635 presbyterum
2751 4578 2870 4617 una
2909 4579 3152 4618 mecum
3178 4562 3361 4620 fuisse
3392 4563 3610 4621 educa-

1955 4659 2105 4710 tum.
2159 4653 2313 4719 Quid
2353 4652 2529 4720 igitur
2574 4650 2737 4706 aliud
2776 4651 3104 4707 dicendum
3139 4653 3285 4708 mihi
3329 4661 3436 4720 est,
3486 4670 3608 4726 quo

1956 4743 2391 4812 benignitatem
2417 4747 2580 4795 tuam
2597 4757 2860 4805 exorem,
2880 4747 2945 4796 ut
2970 4741 3176 4797 videas
3202 4742 3370 4798 illum
3393 4744 3605 4813 amice,

1959 4837 2137 4903 atque
2161 4831 2211 4886 ei
2237 4831 2312 4886 ad
2339 4830 2582 4900 negotia
2604 4846 2781 4901 opem
2806 4829 3000 4886 feras?
3033 4831 3088 4886 Si
3113 4831 3272 4886 enim
3295 4849 3392 4888 me
3413 4849 3602 4900 amas,

1959 4928 2023 4978 ut
2053 4921 2320 4994 profecto
2349 4937 2554 4990 amas;
2588 4935 2711 4976 non
2755 4919 3000 4978 dubium
3034 4921 3180 4993 quin
3219 4927 3276 4980 et
3312 4939 3466 4996 quos
3513 4937 3608 4980 eo-

1911 5199 1932 5204 -
1951 5153 2227 5210 codicum
2261 5155 2399 5219 Reg.
2422 5151 2670 5207 secundi
2690 5156 2745 5206 et
2770 5152 3115 5209 Coisliniani
3139 5153 3410 5209 secundi.
3435 5155 3606 5208 Deest

1951 5227 2129 5280 etiam
2163 5225 2404 5297 negatio
2451 5228 2585 5297 ante
2619 5219 2671 5297 ετξ
2699 5243 2747 5273 τι
2779 5224 2839 5278 in
2882 5226 3306 5297 antiquissimo
3337 5223 3514 5278 Coisl.
3549 5229 3606 5280 et

1951 5297 2121 5374 Med.,
2153 5295 2258 5374 sed
2289 5294 2768 5374 uterqueliabet,
2805 5302 2866 5350 ut
2895 5294 3052 5366 editi;
3088 5299 3330 5374 πάθοιμι.
3479 5363 3489 5374 ο

2022 5372 2134 5442 (92)
2178 5367 2502 5442 Ἐπικουρίᾳ.
2551 5366 2697 5422 Editi
2743 5366 3037 5442 ἐπικουρίας
3077 5371 3284 5421 contra
3328 5366 3601 5420 omnium

1950 5439 2227 5494 codicum
2260 5439 2466 5492 fidem.

2023 5513 2041 5533 °
2062 5511 2222 5565 Alias
2252 5509 2602 5574 CCXXXVI,
2639 5509 2859 5579 scripta
2888 5511 3023 5563 ante
3051 5507 3493 5579 episcopatum.

2021 5582 2239 5638 "Alias
2265 5580 2615 5645 CCXXVIII,
2640 5578 2861 5650 scripta
2881 5583 3018 5636 ante
3049 5578 3492 5652 episcopatum.
