4102 6194
508 277 611 332 323
1892 264 1951 321 S.
1989 258 2243 318 BASILII
2281 256 2504 319 MAGNI
3766 264 3870 322 324

509 399 651 456 dem
676 396 811 453 loco
843 408 912 451 ac
931 391 1233 466 meipsuin
1246 392 1466 461 habeo,
1480 390 1618 448 totis
1645 389 1866 446 viribus
1885 402 2143 444 recreare

2274 383 2500 457 ἓμαυτοῦ
2530 385 2640 457 (93)
2687 386 2817 458 ἔχω,
2850 383 3152 438 ἀναπαῦσαι
3179 384 3325 459 πάσῃ
3362 380 3581 460 δυνάμει
3620 396 3870 463 προαιρῇ.

510 487 765 545 coneris.
800 484 951 551 Quid
978 484 1157 555 igitur
1182 488 1273 538 est
1289 481 1453 554 quod
1472 484 1658 550 rogo?
1672 482 1738 536 Ut
1763 479 1815 535 ei
1837 476 2143 549 descriptic

2271 481 2333 528 Τί
2396 473 2485 528 οὖν
2533 475 2673 529 ἐστιν
2722 479 2748 529 ὃ
2803 475 3131 550 παρακαλῶ;
3187 476 3531 548 Φυλαχθῆναι
3583 479 3724 551 αὐτῷ
3776 485 3870 539 τὴν

509 579 762 650 antiqua
803 579 1091 631 servetur.
1126 573 1440 628 Enimvero
1480 587 1602 626 non
1648 585 1863 642 parum
1901 568 2138 623 laborat

2270 565 2495 618 παλαιὰν
2535 564 2863 640 ἀπογραφήν.
2907 571 3007 620 Καὶ
3051 568 3153 639 γὰρ
3203 571 3291 618 καὶ
3335 569 3518 639 κάμνει
3557 569 3616 621 οὐ
3655 574 3870 642 μετρίως

509 668 659 724 mihi
686 666 764 722 ad
796 664 1022 720 victum
1056 662 1431 731 ministrans,
1465 676 1536 716 eo
1568 659 1735 731 quod
1762 674 1897 730 ego,
1927 662 1990 712 ut
2027 656 2143 728 ipse

2270 656 2396 726 ἡμῖν
2464 656 2733 729 ὑπηρετῶν
2806 658 2934 729 πρὸς
2985 659 3073 707 τὸν
3127 653 3263 727 βίον,
3331 652 3423 708 διὰ
3483 660 3541 708 τὸ
3597 659 3755 731 ἡμᾶς,
3807 662 3871 719 ὡς

508 757 644 825 scis,
685 754 834 811 nihil
872 752 1186 825 proprium
1233 749 1493 805 habeam
1518 792 1530 815 ,
1574 748 1681 804 sed
1730 747 2067 803 amicorum
2106 749 2163 800 et

506 844 989 917 propinquorum
1019 840 1201 894 rebus
1235 842 1559 895 sustenter.
1591 841 1795 909 Itaque
1818 834 2065 909 perinde
2096 837 2161 889 ut

506 948 728 999 meam,
758 933 880 985 imo
906 933 971 984 ut
996 934 1163 984 tuam
1190 928 1348 983 habe
1378 928 1559 998 hujus
1583 926 1784 982 fratris
1804 925 2081 989 domum,
2104 927 2159 979 et

503 1036 613 1093 pro
636 1018 853 1074 collato
878 1018 939 1072 in
972 1033 1111 1072 eum
1133 1015 1425 1072 beneﬁcio
1447 1014 1736 1087 praebebit
1766 1016 1920 1069 Deus
1946 1016 2002 1068 et
2029 1011 2153 1074 tibi,

503 1114 560 1164 et
583 1107 812 1179 domui,
831 1111 887 1162 et
906 1107 1013 1162 toti
1034 1109 1133 1161 tuo
1161 1106 1365 1175 generi
1390 1120 1570 1177 opem
1592 1106 1963 1159 consuetam.
1994 1102 2156 1158 Scias

502 1203 705 1255 autem
737 1196 882 1252 mihi
914 1212 1164 1268 prorsus
1192 1211 1355 1251 cura;
1385 1210 1543 1259 esse,
1570 1198 1635 1249 ut
1655 1210 1725 1249 ex
1756 1190 2155 1267 peraequatio-

2271 744 2424 806 αὐτὸς
2473 744 2778 811 ἐπίστασαι,
2819 742 2986 818 μηδὲν
3042 746 3333 803 κεκτῆσθαι
3377 741 3536 812 ἴδιον,
3585 745 3712 799 ἀλλά
3760 755 3869 811 τοῖς

2267 842 2369 886 τῶν
2419 834 2573 906 φίλων
2630 839 2721 887 καὶ
2783 842 3045 906 συγγενῶν
3105 833 3381 908 ἀρκεῖσθαι
3435 836 3569 905 (94).
3643 835 3729 898 Ὠς
3780 845 3869 889 οῦν

2268 921 2387 995 ἐμὸν
2422 921 2583 992 οἷκον,
2632 923 2822 997 μᾶλλον
2881 920 2940 976 δε
2999 927 3063 984 ὡς
3109 923 3316 991 ἑαυτοῦ,
3370 924 3502 976 οὕτω
3561 927 3726 978 θέασα
3778 930 3868 979 τὸν

2264 1020 2356 1064 τοῦ
2395 1008 2619 1084 ἀδελφοῦ
2667 1007 2843 1065 τοῦδε’
2885 1015 2974 1064 καὶ
3032 1010 3145 1063 ἀντὶ
3192 1020 3289 1074 τῆς
3332 1011 3405 1072 εἰς
3447 1012 3602 1065 αὐτὸν
3634 1014 3867 1077 εὐποιίας

2264 1101 2472 1175 παρέξει
2526 1106 2655 1164 Θεὸς
2712 1106 2801 1154 καὶ
2861 1106 2965 1169 σοὶ,
3027 1106 3117 1153 καὶ
3169 1104 3315 1173 οἱκῳ,
3365 1107 3454 1154 καὶ
3518 1108 3651 1174 γένει
3710 1108 3867 1157 παντί

2248 1208 2362 1257 ⁷σου
2392 1195 2485 1249 τὴν
2519 1191 2718 1247 συνήθη
2752 1187 2999 1262 βοήθειαν
3033 1190 3168 1254 (95).
3218 1194 3443 1242 Γίνωσκε
3486 1187 3548 1243 δέ
3591 1211 3683 1263 μοι
3729 1196 3862 1243 πάνυ

499 1304 576 1345 ne
599 1287 767 1343 nulla
794 1287 934 1342 huic
960 1287 1090 1342 viro
1124 1285 1345 1357 injuria
1374 1283 1684 1340 inferatur.

980 1461 1327 1520 EPISTOLA
1365 1459 1666 1516 XXXVII‘.

2264 1276 2493 1350 ἐπιμελὲς
2526 1280 2677 1349 εἶναι,
2708 1274 2874 1352 μηδὲν
2914 1278 2970 1331 ἐκ
2999 1287 3093 1340 τῆς
3145 1277 3435 1342 ἐξισὼσεως
3477 1278 3865 1355 ἐπηρεασθῆναι

2260 1370 2348 1420 τὸν
2382 1370 2671 1441 ἄνθρωπον.

2813 1461 3140 1509 ΕΡΙΣΤΟΛΗ
3182 1456 3281 1510 ΔΖ’
3294 1501 3306 1514 .

1318 1559 1789 1617 Commendatur
1813 1557 1967 1613 idem
2001 1556 2338 1626 presbyter.
2367 1554 2687 1629 eademque
2724 1555 2797 1611 de
2835 1570 3041 1613 causa.

532 1662 677 1719 Sine
700 1661 1099 1733 inscriptione,
1134 1674 1317 1715 causa
1348 1659 1519 1714 illius
1557 1658 1663 1729 qui
1691 1672 1887 1713 secum
1908 1656 2116 1727 fuerat
2183 1660 2223 1713 Β

1166 1749 1491 1804 enutritus.

572 1844 928 1915 Suspectam
968 1839 1099 1911 jam
1140 1837 1339 1894 habeo
1381 1835 1775 1907 epistolarum
1822 1834 2152 1890 multitudi-

496 1947 633 1987 nem
646 1973 658 1986 .
674 1937 755 1986 Ac
777 1930 1163 1985 vehementer
1173 1926 1560 2000 quidem,nec
1581 1924 1910 1997 petentium
1927 1924 2151 1995 impor-

495 2021 813 2078 tunitatem
837 2018 1321 2087 ferens,clamare
1344 2030 1548 2085 cogor.
1566 2015 1679 2071 Sed
1706 2019 1906 2070 tamen
1928 2012 2145 2084 scribo,

496 2127 636 2167 cum
659 2109 841 2165 aliam
865 2109 981 2163 mei
1009 2105 1368 2179 expediendi
1391 2106 1552 2161 viam
1573 2104 1837 2159 invenire
1860 2119 1983 2159 non
2013 2119 2148 2175 pos-

499 2201 828 2271 sim,quam
848 2199 896 2252 si
916 2197 1054 2251 dem
1073 2195 1187 2250 illis
1204 2194 1430 2251 litteras
1456 2193 1870 2262 ﬂagitantibus
1888 2192 2145 2248 subinde

495 2304 533 2345 a
561 2288 763 2343 nobis.
781 2286 1004 2341 Vereor
1025 2284 1229 2356 itaque
1256 2300 1352 2353 ne,
1381 2284 1526 2355 quia
1559 2281 1731 2338 multi
1761 2282 1986 2338 litteras
2008 2297 2143 2353 per-

2617 1653 3007 1726 Ἀνεπίγραφος,
3033 1654 3160 1727 ὑπὲρ
3190 1657 3498 1727 συντρόφου.

2328 1830 2621 1908 ’Υφορῶμαι
2649 1830 2827 1883 λοιπὸν
2852 1838 2952 1883 τῶν
2983 1828 3265 1883 ἐπιστολῶν
3303 1833 3360 1883 τὸ
3399 1830 3614 1893 πλῆθος.
3667 1837 3862 1894 Βιαίως

2257 1923 2367 1993 μὲν,
2412 1926 2499 1972 καὶ
2545 1926 2616 1994 μὴ
2670 1925 2831 1993 φέρων
2877 1924 2972 1978 τὴν
3021 1918 3307 1991 ἐπάχθειαν
3357 1928 3456 1972 τῶν
3499 1919 3859 1974 ἀπαιτούντων

2257 2011 2415 2083 ἡμᾶς,
2478 2008 2714 2081 ἐκφωνεῖν
2755 2007 3139 2081 ἀναγκάζομαι.
3200 2011 3385 2082 Γράφω
3440 2006 3492 2061 δ’
3549 2006 3635 2062 οὖν
3692 2012 3853 2083 ὅμως,

2254 2098 2403 2150 ἄλλον
2434 2097 2740 2170 ἀπαλλαγῆς
2769 2103 2957 2171 τρόπον
2990 2096 3204 2149 ἐπινοεῖν
3250 2097 3345 2149 οὐκ
3392 2100 3528 2170 ἔχων
3584 2100 3614 2158 ἧ
3665 2096 3858 2162 διδοὺς

2255 2187 2432 2249 αὐτοῖς
2470 2190 2564 2249 τὰς
2602 2185 2874 2247 ἐπιστολὰς
2932 2186 3168 2239 αἰτοῦσιν
3217 2184 3463 2239 ἑκάστοτε
3518 2187 3640 2263 παρ’
3682 2190 3853 2261 ἡμῶν.

2254 2276 2519 2349 Φοϐοῦμαι
2573 2282 2744 2328 τοίνυν
2801 2281 2897 2348 μὴ,
2953 2272 3135 2334 ἐπειδὴ
3192 2275 3372 2329 πολλοὶ
3426 2278 3858 2352 προσκομίζουσι

2250 2368 2556 2439 γράμματα,
2604 2362 2675 2428 εἷς
2716 2374 2814 2417 τῶν
2857 2364 3054 2418 πολλῶν
3108 2368 3331 2439 νομισθῇ
3365 2372 3455 2419 καὶ
3498 2368 3524 2419 ό
3574 2364 3793 2440 ἀδελφὸς
3824 2370 3853 2420 ὁ

2253 2452 2416 2510 δεῖνα.
2470 2455 2602 2527 Ἐγὼ
2645 2458 2747 2528 γὰρ
2787 2454 3005 2517 πολλοὺς
3052 2454 3229 2527 φῦ.ους
3272 2461 3361 2508 καὶ
3406 2465 3669 2527 συγγενεῖς
3706 2460 3855 2529 ἔχειν

2252 2543 2334 2597 ἐπὶ
2364 2552 2457 2607 τῆς
2482 2541 2735 2618 πατρίδος
2764 2544 3015 2616 ὁμολογῶ,
3047 2549 3136 2597 καὶ
3175 2544 3331 2605 αὐτὸς
3362 2545 3428 2606 εἰς
3465 2551 3559 2604 τὴν
3589 2551 3857 2621 πατρικὴν

492 2376 712 2445 ferunt,
739 2390 897 2429 unus
921 2391 951 2429 e
971 2373 1171 2428 multis
1201 2372 1573 2428 existimetur
1600 2376 1656 2427 et
1678 2370 1861 2428 frater
1885 2370 2003 2426 ille.
2021 2371 2143 2439 Ego

494 2465 658 2520 enim
695 2463 915 2519 multos
955 2462 1102 2518 mihi
1141 2462 1201 2517 in
1240 2461 1436 2533 patria
1473 2461 1703 2517 amicos
1746 2477 1815 2516 ac
1850 2465 2140 2529 cognatos

496 2569 627 2610 esse
659 2552 869 2621 fateor,
893 2567 1111 2623 meque
1143 2550 1408 2623 parentis
1437 2549 1570 2605 loco
1602 2551 1993 2605 constitutum
2012 2563 2141 2603 esse

490 2647 737 2715 propter
749 2639 1302 2710 dignitatemillam,
1319 2639 1379 2693 in
1400 2655 1523 2711 qua
1544 2655 1679 2693 sum
1697 2654 1733 2694 a
1748 2638 2004 2694 Domino
2025 2636 2141 2692 col-

2252 2634 2394 2696 τάξιν
2443 2636 2721 2705 τετάχθαι,
2777 2630 2870 2685 διὰ
2925 2637 2984 2685 τὸ
3036 2642 3230 2706 σχῆμα
3275 2641 3429 2686 τοῦτο
3490 2634 3556 2695 εἰς
3608 2634 3633 2687 ὁ
3676 2635 3859 2699 ἔταξεν

489 2729 743 2786 locatus.
775 2731 941 2783 Hunc
968 2734 1169 2783 autem
1197 2726 1637 2782 collactaneum
1664 2725 1864 2781 habeo
1894 2724 2140 2781 nutricis

2252 2725 2387 2795 ἡμᾶς
2443 2724 2469 2774 ὀ
2529 2726 2739 2797 Κύριος.
2798 2725 3078 2795 Σύντροφον
3147 2719 3206 2775 δὲ
3257 2731 3352 2785 τῆς
3407 2723 3731 2797 Θρεψαμένης
3790 2745 3861 2798 με

490 2834 638 2874 meae
668 2833 861 2872 unum
890 2816 1105 2884 ﬁlium,
1134 2821 1190 2870 et
1209 2831 1443 2887 precor,
1466 2820 1529 2871 ut
1563 2816 1808 2885 domus,
1830 2814 1888 2870 in
1912 2831 2036 2887 qua
2056 2813 2141 2869 fui

2252 2813 2359 2863 υἱὸν
2390 2820 2569 2885 τοῦτον
2609 2815 2717 2884 ἔχω
2761 2812 2847 2864 ἕνα
2873 2812 3008 2884 (96),
3063 2816 3153 2864 καὶ
3202 2816 3430 2885 εὔχομαι
3466 2817 3549 2865 τὸν
3586 2811 3745 2883 οἶκον,
3802 2813 3860 2867 ἐν

489 2906 803 2974 enutritus,
826 2905 886 2960 in
918 2905 1133 2960 eodem
1162 2908 1317 2960 statu
1347 2909 1730 2976 permaneat;
1774 2920 1844 2959 ne
1869 2903 2142 2959 beneﬁca

2252 2900 2289 2971 ᾧ
2320 2898 2625 2974 ἀνετράφην,
2659 2900 2742 2953 ἐπὶ
2771 2910 2862 2962 τῆς
2905 2902 3088 2973 ὁμοίας
3136 2904 3508 2963 καταστάσεως
3557 2899 3859 2976 διαμεῖναι,

488 2994 550 3051 in
581 3010 793 3051 omnes
825 2996 867 3064 ι
887 2996 928 3063 1
946 2994 995 3065 5
1021 2992 1327 3062 dignitatis
1348 2998 1465 3048 tua:
1497 2993 1839 3064 praesentia,
1861 2992 2000 3048 huic
2012 2991 2139 3047 viro

490 3099 678 3140 causa
706 3084 781 3139 sit
812 3088 869 3138 et
896 3081 1132 3152 origino
1164 3108 1211 3135 υ.
1225 3081 1468 3137 olestize.
1487 3080 1603 3137 Sed
1631 3081 1777 3153 quia
1806 3081 2137 3138 etiamnum

488 3188 562 3228 ex
595 3173 808 3227 eadem
840 3171 1026 3226 domo
1058 3170 1206 3239 alor,
1241 3170 1388 3225 nihil
1426 3169 1660 3225 habens
1700 3186 1999 3239 meorum,
2033 3171 2139 3227 sed

488 3261 813 3317 charorum
841 3263 1206 3315 sustentatus
1236 3258 1649 3327 facultatibus;
1677 3275 1891 3331 precor
1917 3266 1981 3315 ut
1998 3260 2139 3317 huic

486 3349 693 3417 domo,
712 3348 775 3403 in
800 3364 924 3419 qua
947 3348 1204 3403 nutritus
1226 3363 1383 3415 sum,
1414 3348 1497 3404 ita
1521 3364 1760 3420 parcas,
1778 3354 1843 3404 ut
1862 3349 2010 3404 mihi
2036 3348 2140 3405 ali-

485 3436 923 3507 menticopiam
942 3439 1545 3492 conservaturus.Pro
1561 3438 1654 3492 his
1671 3442 1726 3493 te
1744 3437 1898 3493 Deus
1920 3444 2140 3494 aeterna

482 3526 690 3599 requie
705 3530 1065 3581 remuneret.
1088 3530 1279 3597 Atque
1301 3524 1449 3580 illud
1471 3527 1846 3600 etiam,quod
1865 3528 2137 3585 omnium

482 3615 868 3672 verissimum
890 3619 999 3682 est,
1022 3613 1297 3684 dignitati
1317 3619 1431 3670 tuae
1458 3619 1669 3671 notum
1692 3632 1824 3672 esse
1849 3616 2141 3687 volo,ser-

483 3705 769 3761 vitiorum
786 3708 1020 3777 partem
1041 3702 1377 3760 maximam
1398 3703 1567 3759 illum
1584 3720 1620 3760 a
1635 3705 1811 3761 nobis
1827 3706 2135 3776 habuisse,

483 3793 643 3850 hanc
674 3792 1017 3849 mercedem
1038 3792 1467 3848 alimentorum
1488 3808 1765 3849 meorum
1785 3795 2136 3867 parentibus

483 3884 635 3939 meis
668 3881 1218 3954 suppeditantibus.
1252 3884 1470 3937 Merces
1503 3887 1705 3939 autem
1745 3882 1848 3939 illa
1885 3900 2009 3940 non
2048 3890 2137 3942 est

481 3971 731 4029 omnino
758 3970 1013 4039 donum,
1038 3972 1144 4025 sed
1166 3987 1313 4026 usus
1337 3986 1444 4042 per
1465 3971 1671 4029 vitam.
1695 3974 1889 4038 Quare
1916 3974 1966 4028 si
1985 3974 2133 4047 quid

481 4076 666 4133 grave
692 4059 805 4114 illis
828 4058 1133 4123 acciderit,
1158 4058 1293 4115 licet
1315 4060 1367 4114 ei
1387 4060 1488 4116 illa
1513 4060 1590 4117 ad
1610 4076 1708 4116 me
1731 4062 2052 4132 remittere,
2076 4068 2133 4121 et

2252 4064 2351 4129 οεὰ,
2387 4060 2514 4114 ἀλλὰ
2540 4070 2743 4136 χρῆσις
2775 4059 2868 4114 διὰ
2913 4060 3057 4135 βίου.
3105 4061 3286 4133 Ὥστε,
3317 4061 3402 4114 ἐάν
3445 4081 3498 4113 τι
3528 4060 3665 4135 βαρύ
3712 4070 3856 4137 περὶ

480 4164 594 4220 ego
624 4148 723 4204 via
752 4147 873 4204 alia
902 4147 1141 4204 tributis
1169 4164 1240 4204 ac
1266 4149 1651 4205 exactoribus
1673 4166 1775 4207 ero
1806 4150 2127 4209 obnoxius.

2252 4152 2374 4206 κύτὰ
2393 4157 2626 4224 γένηται,
2656 4153 2850 4216 ἔξεστιν
2878 4153 3018 4225 αὐτῷ
3039 4155 3150 4225 (98)
3181 4156 3305 4227 πρὸς
3334 4154 3473 4226 ἡμᾶς
3504 4150 3856 4227 ἀποπέμψαι,

478 4243 569 4293 καὶ
599 4236 822 4311 ἐσόμεθα
850 4238 1000 4311 ἡμεῖς
1035 4233 1112 4290 δι’
1136 4237 1307 4311 ἑτέρας
1326 4234 1454 4291 ὁδοῦ
1480 4240 1759 4292 ὑπεύθυνοι
1780 4239 2061 4314 τελέσμασι
2080 4248 2170 4298 καὶ
2194 4242 2505 4305 ἀπαιτηταῐς
2534 4242 2687 4296 πάλιν
2712 4246 2993 4317 γινόμενοι.

2250 2990 2332 3042 ἵνα
2382 2996 2454 3063 μὴ
2501 3010 2554 3043 τι
2605 2993 2633 3049 ἡ
2688 2992 2880 3051 πάντας
2928 2990 3271 3065 εὐεργετοῦσα
3317 2988 3579 3065 ἐπιδημία
3614 3001 3709 3054 τῆς
3752 3001 3861 3054 σῆς

2247 3085 2598 3153 κοσμιότητος
2639 3079 2844 3155 ἀφορμὴ
2886 3084 3017 3154 πρὸς
3067 3080 3234 3139 λύπην
3284 3089 3357 3152 τῷ
3409 3078 3563 3156 ἀνδρὶ
3610 3086 3859 3154 γίνηται,

2248 3169 2384 3223 Ἀλλ’
2434 3166 2614 3229 ἐπειδὴ
2666 3173 2742 3222 ἔτι
2780 3175 2870 3222 καὶ
2904 3177 2991 3221 νῦν
3044 3168 3099 3221 ἐκ
3156 3177 3247 3222 τοῦ
3288 3170 3448 3223 αὐτοῦ
3499 3168 3860 3245 διατρέφομαι

2247 3262 2413 3328 οἴκου,
2455 3256 2605 3312 οὐδὲν
2651 3262 2787 3331 ἔχων
2834 3267 2934 3311 τῶν
2982 3256 3230 3332 ἐμαυτοῦ,
3281 3257 3590 3333 ἀρκούμενος
3638 3257 3698 3313 δε
3734 3269 3859 3324 τοῖς

2246 3356 2344 3401 τῶν
2374 3347 2675 3420 ἀγαπητῶν,
2706 3347 2994 3421 παρακαλῶ
3024 3348 3155 3400 οὕτω
3195 3350 3477 3420 φείσασθαι
3513 3357 3608 3411 τῆς
3650 3349 3857 3415 οἰκίας,

2247 3439 2278 3511 ᾖ
2308 3437 2601 3515 ἐνετράφην,
2636 3440 2705 3501 ὡς
2735 3437 2848 3511 ἐμοὶ
2874 3446 2969 3499 τῆς
2996 3446 3191 3512 τροφῆς
3218 3443 3312 3496 τὴν
3341 3442 3605 3512 χορηγίαν
3634 3434 3855 3492 διασώ-

2248 3527 2405 3588 ζοντα
2431 3533 2562 3599 (97).
2607 3532 2708 3581 Καί
2754 3546 2811 3580 σε
2854 3530 2879 3579 ό
2923 3530 3053 3588 Θεὸς
3095 3524 3210 3579 ἀντὶ
3262 3530 3458 3580 τούτων
3491 3535 3587 3588 τῆς
3630 3528 3855 3582 αἰωνίου

2247 3614 2579 3677 ἀναπαύσεως
2620 3614 2906 3678 ἀξιώσειεν.
2966 3616 3154 3669 Ἐκεῖνο
3200 3634 3259 3686 γε
3309 3619 3411 3688 μὴν
3458 3618 3660 3670 πάντων
3712 3615 3855 3676 ἀλη-

2248 3706 2492 3758 θέστατον
2543 3710 2815 3777 γινώσκειν
2875 3724 2971 3757 σου
3026 3709 3119 3763 τὴν
3172 3708 3498 3777 κοσμιότητα
3553 3704 3848 3778 βούλομαι,

2244 3795 2323 3846 ότι
2374 3803 2473 3846 τῶν
2527 3791 2873 3869 ἀνδραπόδων
2920 3797 2987 3846 τὰ
3019 3792 3239 3846 πλεῖστα
3266 3794 3391 3869 παρ’
3420 3795 3567 3868 ἡμῶν
3611 3795 3852 3871 ὑπῆρξεν

2243 3883 2384 3955 αὐτῷ
2434 3885 2627 3956 μισθὸς
2672 3892 2768 3946 τῆς
2814 3891 3007 3956 τροφῆς
3055 3885 3222 3956 ἡμῶν,
3282 3891 3381 3935 τῶν
3437 3888 3623 3955 γονέων
3688 3886 3853 3956 ἡμῶν

2242 3976 2681 4048 παρασχομένων.
2726 3972 2784 4024 ⁸0
2834 3969 2893 4025 δὲ
2940 3974 3131 4043 μισθὸς
3167 3972 3224 4024 οὐ
3272 3971 3520 4033 παντελής
3568 3971 3681 4025 ἐστι
3731 3970 3858 4026 δω-

548 4415 748 4491 fAlias
780 4416 1116 4491 CCXLVIII,
1147 4416 1369 4489 scripta
1398 4422 1536 4491 ante
1567 4418 2007 4491 episcopatum.

551 4486 664 4567 (.93)
702 4486 981 4560 Ἐμαυτοῦ.
1030 4486 1121 4567 Sic
1170 4486 1320 4567 mss.
1372 4489 1522 4567 Editi
1566 4486 1711 4567 ἐμοῦ.
1760 4486 1944 4547 Paulo
1990 4495 2131 4564 post

476 4559 771 4634 quinque;
786 4575 938 4634 mss.
991 4559 1328 4632 φυλαχθῆναι
1385 4560 1547 4631 αὐτῷ.
1589 4559 1777 4619 Βεθει
1823 4559 2130 4634 postrema

476 4644 589 4685 vox
611 4629 672 4684 in
704 4629 877 4685 editis
890 4672 901 4681 .

549 4702 660 4779 (9ft)
701 4701 1049 4779 ’Apxsiq9q¢._
1077 4703 1164 4758 Ita
1216 4702 1454 4779 codices
1508 4718 1632 4759 sex.
1653 4704 1821 4779 Editi
1858 4707 2123 4779 χρῆσθαι.

472 4771 656 4828 Paulo
688 4771 827 4844 pdst
847 4772 989 4828 editi
1017 4773 1083 4834 ὧς
1109 4782 1350 4844 σεαυτοῦ.
1384 4777 1518 4832 MSS.
1554 4780 1619 4830 ut
1648 4775 1710 4831 in
1738 4771 1916 4832 textu:

545 4843 659 4914 (95)
691 4843 821 4901 ’Tm
878 4847 1077 4903 συνήθη
1132 4843 1402 4914 βοήθειαν.
1452 4846 1647 4901 Potior
1709 4847 1942 4903 videtur
1993 4847 2124 4905 haec

472 4914 768 4986 scriptura
788 4915 1064 4971 codicum
1086 4914 1407 4973 Clarom.et
1422 4917 1936 4991 Combefis.quam
1957 4920 2124 4991 quod

470 4984 701 5061 habent
732 4986 831 5041 alii
857 4986 1093 5061 codices
1123 4994 1215 5061 τὴν
1248 4986 1517 5061 βοήθειαν,

1123 5008 1215 5046 την
1249 5007 1346 5046 ροη
1358 5007 1517 5045 manu

542 5057 657 5131 (96)
680 5055 830 5130 Ἐχω
852 5058 956 5112 ἕνα.
981 5058 1128 5116 Male
1152 5060 1214 5116 in
1237 5055 1414 5117 éditis
1434 5064 1564 5133 ἔχω,
1596 5060 1702 5130 ῖυα,
1728 5061 1895 5135 quod
1923 5078 1997 5119 ex
2020 5078 2123 5120 sex

2235 4420 3004 4504 mssemendavimusMox
3022 4421 3203 4504 iidem
3226 4421 3363 4504 editi
3387 4420 3640 4504 ἀνετραφη
3652 4442 3699 4504 ςι
3708 4438 3820 4481 me
3848 4459 3857 4464 -

2236 4492 2446 4567 lius_in
2475 4499 2736 4563 quatuor
2767 4492 3249 4567 mss.&vsrpd7nv.
3284 4493 3376 4550 Sic
3413 4492 3858 4556 enim'habent

2234 4564 2421 4637 paulo
2444 4570 2579 4636 post
2607 4580 2820 4620 omnes
2839 4564 2981 4621 editi
3002 4564 3233 4637 et‘mss.

2308 4640 2424 4716 (θη
2447 4635 2821 4716 ᾏιασῴςρντα.
2848 4637 2942 4716 Sic
2961 4635 3654 4716 Med.,Coisl.s_ecundus,
3668 4651 3855 4716 unus

2234 4722 2305 4762 ex
2332 4707 2528 4777 Regiis
2558 4712 2615 4762 et
2644 4708 2901 4765 Clarom.
2929 4711 2992 4763 in
3030 4708 3326 4777 margine.
3356 4708 3518 4763 Idem
3545 4708 3734 4777 codex
3765 4708 3853 4767 in

2232 4782 2397 4835 textu
2424 4774 2819 4839 ὃιασωζόντων.
2861 4778 3062 4835 Codex
3110 4774 3379 4835 Ecclesiae
3409 4779 3593 4835 Paris.
3629 4774 3857 4831 διασω-

2236 4853 2430 4913 ζούσης
2456 4850 2760 4924 __secunda
2794 4865 3029 4924 manu;
3079 4855 3140 4907 at
3182 4852 3382 4924 prima
3427 4865 3617 4907 manu
3644 4849 3861 4911 habet

2231 4936 2371 4978 cum
2401 4921 2575 4977 editis
2607 4918 3003 4983 διασώζουσαν.

2301 4995 2413 5066 (98)
2456 4993 2627 5065 Αὐτῷ.
2652 4995 2745 5051 Sic
2772 4993 3042 5067 quinque
3067 5010 3214 5051 mss.
3238 4992 3388 5050 Editi
3416 4992 3578 5053 αὐτά.
