4070 6194
185 279 287 334 325

739 395 1077 448 ΕΠΙΣΤΟΛΗ
1132 388 1263 449 AH'.

1140 258 1629 323 EPISTOLARUM
1667 252 1951 316 CLASSIS
1988 255 2030 312 Ῑ.
2073 253 2287 314 EPIST.
2326 255 2601 313 XXXVIII.

3463 259 3567 315 326

2395 380 2731 437 EPISTULA
2770 380 2969 436 XXXVI
2976 382 3059 435 II'.

194 526 342 584 Cum
371 525 661 579 metueret
692 519 977 587 Basilius,
1013 531 1086 572 ne
1115 514 1440 583 Gregorius
1460 511 1679 581 frater,
1704 512 1769 562 ut
1799 506 1981 587 multi
2022 505 2153 587 alii,
2186 506 2497 587 essentiam
2526 505 2599 559 ab
2644 504 2953 587 hypostasi
2981 521 3097 587 non
3126 505 3271 587 satis
3296 520 3571 587 ρεςρνηρ-

258 576 667 663 ¥éi,"e':pbnu
697 593 748 646 ei
796 590 944 661 quid
964 576 1209 643 [intersit
1233 576 1395 663 inter
1420 576 1751 663 utrumque
1773 595 1801 663 ς.
1822 583 2056 663 ac'tres'
2074 576 2440 663 ftypostases,
2475 592 2658 663 una’r‘n
2708 578 3018 663 essentiam
3136 577 3430 663 Trinitate
3473 577 3569 663 de:

258 648 693 737 féh'dii,'idque
722 648 999 737 illustrat
1028 660 1300 737 exemplo
1349 671 1423 713 ex
1453 654 1615 709 Iride
1642 648 1861 721 petito.
1889 649 2178 717 Explicat
2212 664 2325 719 quo
2369 663 2546 703 sensu
2576 649 2808 703 Paulus
2850 648 3225 716 splendorem
3266 650 3476 719 gloriae
3515 652 3569 703 et

261 732 522 810 ﬁguram
554 732 898 805 Iiypostasis
920 732 1166 788 dixerit.

198 841 472 911 Γρηγορίῳ
511 834 616 907 (99)
648 828 855 903 ἀδελφῷ
904 834 1021 911 περὶ
1053 824 1303 901 διαφορᾶς
1328 824 1509 884 ούσίας
1547 825 1637 874 καὶ
1669 821 1802 871 ύπο-
1834 865 1837 873 .

1958 817 2201 887 ῖνρρονίο
2230 818 2422 886 fratri
2476 818 2548 873 de
2585 816 2930 897 discrimine
2964 818 3227 872 essentia:
3271 824 3329 872 et
3376 819 3566 888 hypo-

889 903 1144 961 στάσεως.

278 1003 330 1055 1,
369 990 585 1051 Ἐπειδὴ
651 991 834 1045 πολλοι
888 994 946 1041 τό
1005 993 1173 1042 κοινὸν
1223 995 1319 1049 τῆς
1382 985 1565 1062 ούσίας
1608 982 1684 1052 (1)
1724 980 1806 1032 ἐπὶ

198 1096 300 1139 τῶν
359 1090 633 1158 μυστικῶν
702 1077 983 1153 δογμάτων
1035 1084 1105 1151 μὴ
1166 1074 1512 1150 διακρίνοντες
1563 1071 1662 1124 ἀπὸ
1715 1076 1807 1121 τοῦ

195 1179 493 1238 υπονοίαις,
571 1176 661 1223 καὶ
726 1173 921 1221 οἴονται
998 1165 1258 1241 διαφέρειν
1335 1161 1474 1237 μηδὲ
1536 1161 1720 1214 ούσίαν
1776 1158 1805 1215 ἢ

192 1268 499 1319 ὑπόστασιν
536 1262 699 1331 λέγειν
746 1260 883 1331 (ὅθεν
935 1262 1024 1309 καὶ
1066 1260 1219 1331 ἤρεσέ
1272 1274 1385 1307 τισι
1440 1260 1539 1305 τῶν
1582 1248 1811 1311 ἀνεξετά-

200 1374 337 1416 στως
382 1356 450 1404 τὰ
515 1358 739 1403 τοιαῦτα
798 1343 1261 1421 προσδεχομένων,
1325 1345 1498 1415 ὥσπερ
1554 1344 1677 1413 μίαν
1722 1335 1811 1424 0'3:-

202 1449 342 1509 σίαν,
384 1443 524 1494 οὕτω
568 1441 646 1510 (2)
706 1443 796 1490 καὶ
848 1442 972 1509 μίαν
1012 1438 1305 1487 ὑπόστασιν
1358 1432 1519 1503 λέγειν
1554 1447 1565 1459 ·
1627 1433 1716 1480 καὶ
1754 1428 1811 1478 το

198 1533 443 1606 ἔμπαλιν,
486 1532 537 1581 οἱ
575 1531 669 1589 τὰς
706 1534 840 1600 τρεῖς
880 1528 1200 1586 ὑποστάσεις
1254 1518 1684 1594 παραδεχόμενοι
1724 1520 1813 1568 καὶ

202 1628 288 1681 τὴν
342 1630 444 1673 τῶν
492 1618 685 1671 οὐσιῶν
741 1613 1023 1690 διαίρεσιν,
1070 1617 1203 1665 κατὰ
1253 1616 1340 1664 τὸν
1400 1615 1510 1663 ἴσον
1569 1610 1810 1681 αριθμὸν,

201 1710 258 1763 ἐκ
303 1718 404 1772 τῆς
462 1706 738 1780 ὁμολογίας
772 1708 965 1766 ταύτης
1028 1699 1368 1775 δογματίζειν
1406 1704 1599 1752 οἰονται
1646 1693 1808 1766 δεῖν)’

204 1796 297 1853 διὰ
354 1806 532 1864 τοῦτο,
566 1799 632 1856 ὡς
681 1794 741 1847 ἂν
799 1799 871 1867 μὴ
926 1797 1017 1845 καὶ
1069 1796 1134 1844 σὺ
1187 1796 1252 1843 τα
1300 1792 1455 1863 ὅμοια
1490 1790 1677 1849 πάθοις
1718 1787 1811 1855 (3),

204 1890 493 1961 ὑπόμνημά
543 1905 628 1938 σοι
677 1881 772 1936 διὰ
831 1882 1079 1958 βραχέων
1126 1884 1212 1932 τὸν
1266 1885 1384 1955 περὶ
1441 1881 1626 1931 τούτου
1669 1876 1813 1947 λέγον

206 1977 562 2049 ὶποιησάμην.
605 1974 760 2026 ’Ἐστι
812 1977 1004 2039 τοίνυν,
1045 1973 1113 2031 ὡς
1167 1968 1214 2022 ἐν
1255 1968 1410 2041 ὀλίγῳ
1447 1974 1811 2041 παραστῆσαι,

207 2070 429 2123 τοιαύτη
463 2072 565 2117 τῶν
594 2063 879 2134 λεγομένων
920 2062 948 2119 ἡ
986 2062 1169 2113 ἔννοια.

279 2162 333 2213 2,
369 2156 585 2207 Πάντων
615 2160 713 2204 τῶν
755 2150 1018 2223 ὀνομάτων
1064 2152 1125 2201 τὰ
1169 2150 1257 2220 μὲν
1299 2146 1386 2199 ἐπὶ
1441 2144 1682 2198 πλειόνων
1726 2147 1815 2194 καὶ
1846 2170 1887 2225 Β

203 2255 282 2317 τῷ
348 2244 557 2318 ἀριθμῷ
638 2238 986 2315 διαφερόντων
1059 2237 1306 2309 λεγόμενα
1361 2236 1679 2311 πραγμάτων
1739 2236 1816 2303 (4)

204 2335 629 2405 καθολικωτέραν
702 2332 821 2382 τινα
900 2334 991 2387 τὴν
1054 2332 1322 2400 σημασίαν
1382 2329 1513 2397 ἔχει,
1566 2325 1671 2376 οἷον
1731 2324 1817 2374 ἄν-

206 2428 442 2498 θρωπος.
471 2423 533 2474 Ὀ
580 2424 679 2495 γὰρ
734 2427 887 2471 τοῦτο
937 2418 1108 2487 εἰπὼν,
1168 2420 1261 2474 τὴν
1298 2419 1473 2485 κοινῂν
1531 2416 1685 2487 φύσιν
1727 2409 1821 2464 διὰ

204 2524 300 2569 τοῦ
368 2513 625 2584 ὀνόματος
694 2506 885 2576 δείξας,
938 2506 997 2559 ού
1053 2504 1368 2580 περιέγραψε
1416 2512 1477 2575 τῇ
1540 2510 1675 2575 φωνῇ
1732 2504 1819 2553 τόν

208 2607 332 2656 τινα
382 2603 679 2675 ἄνθρωπον,
734 2600 822 2648 τὸν
865 2592 1011 2657 ἰδίως
1071 2597 1170 2646 ὑπὸ
1224 2601 1315 2645 τοῦ
1355 2592 1599 2664 ὀνόματος
1636 2610 1821 2663 γνωρι-

208 2694 447 2765 ζόμενον.
505 2689 583 2742 Ού
636 2692 738 2761 γὰρ
789 2685 979 2759 μᾶλλον
1035 2688 1224 2756 Πέτρος
1262 2684 1527 2757 ἄνθρωπός
1588 2680 1748 2744 ἐστιν,
1788 2681 1817 2739 ἦ

208 2788 298 2837 καὶ
337 2777 614 2853 Ἀνδρέας,
678 2782 769 2828 καὶ
837 2776 1096 2843 Ἰωάννης,
1158 2778 1248 2824 καὶ
1314 2770 1578 2833 Ἰάκωϐος.
1620 2770 1676 2822 Ἠ
1736 2770 1822 2820 οὖν

207 2876 452 2930 κοινότης
501 2876 594 2920 τοῦ
642 2868 1045 2937 σημαινομένου,
1104 2863 1295 2934 ὁμοίως
1348 2860 1431 2912 ἐπὶ
1465 2863 1658 2919 πάντας
1704 2862 1823 2920 τοὺς

210 2966 314 3016 ὑπὸ
345 2966 404 3014 τὸ
437 2959 565 3012 αύτὸ
616 2958 693 3028 (5)
725 2960 887 3027 ὄνομα
922 2956 1254 3025 τεταγμένους
1312 2957 1587 3024 χωροῦσα,
1639 2953 1825 3021 χρείαν

213 3055 325 3125 ἔχει
382 3058 476 3109 τῆς
534 3042 950 3109 ύποδιαστολῆς,
1011 3038 1083 3093 δι’
1128 3042 1188 3102 ἧς
1230 3039 1287 3092 ού
1344 3043 1429 3091 τὸν
1468 3037 1691 3091 καθόλου
1740 3038 1827 3088 οἱν-

215 3145 445 3214 Θρωπον,
517 3136 649 3189 ἀλλὰ
691 3138 779 3186 τὸν
829 3137 1018 3206 Πέτρον
1068 3131 1096 3189 ἦ
1168 3133 1252 3182 τὸν
1322 3130 1559 3186 Ἰωάννην
1616 3126 1831 3198 gmw“-

219 3232 442 3302 σόμεθα.
494 3230 573 3280 Τὰ
632 3221 691 3277 δί
744 3231 843 3275 τῶν
895 3221 1154 3293 ὀνομάτων
1216 3215 1521 3292 ἰδικωτέραν
1580 3221 1693 3289 ἔχει
1741 3221 1832 3274 τὴν

217 3317 463 3381 ἔνδειξιν,
519 3313 590 3369 δι’
641 3316 699 3375 ἧς
730 3312 835 3384 οὐχ
888 3311 916 3370 ᾖ
960 3314 1199 3370 κοινότης
1255 3315 1351 3369 τῆς
1406 3311 1607 3379 φύσεως
1661 3306 1838 3359 ὲνθεω-

220 3419 393 3487 ρείται
468 3414 544 3476 τῷ
625 3404 1032 3476 σημαινομένῳ,
1116 3397 1245 3450 ἀλλὰ
1317 3401 1626 3472 πράγματός
1702 3396 1841 3448 τίνος

2641 890 2835 943 stasis.

1992 981 2039 1030 l.
2061 976 2360 1041 Quoniam
2390 976 2561 1032 multi
2586 976 3070 1049 essentiam,quae
3094 977 3435 1032 communis
3462 981 3571 1045 est,

1918 1067 1978 1122 in
2008 1068 2280 1139 mysticis
2306 1067 2695 1137 dogmatibus
2721 1083 2845 1123 non
2874 1071 3249 1122 secernentes
3276 1067 3354 1122 ab
3380 1067 3575 1139 hypo-

1920 1162 2169 1212 stasewn
2200 1158 2455 1225 ratione,
2486 1157 2548 1212 in
2580 1156 2827 1213 easdem
2853 1157 3126 1212 recidunt
3156 1156 3451 1220 notiones,
3482 1157 3577 1212 ni-

1920 1247 2124 1319 hilque
2156 1248 2501 1303 existimant
2528 1247 3050 1311 interesse,utrum
3074 1249 3335 1302 essentia
3363 1262 3441 1301 an
3473 1247 3581 1319 hy-

1922 1337 2184 1408 postasis
2205 1335 2633 1405 dicatur(unde
2655 1336 2835 1391 etiam
2866 1335 3087 1408 placuit
3109 1335 3417 1391 nonnullis
3451 1336 3580 1391 sine

1922 1426 2193 1481 examine
2204 1442 2298 1481 res
2311 1425 2612 1495 ejusmodi
2627 1424 3367 1493 admittentibus,utunam
3380 1440 3583 1480 essen-

1924 1514 2177 1579 tiam,ita
2206 1520 2263 1570 et
2290 1515 2668 1586 bypostasim
2690 1530 2878 1569 unam
2904 1514 3120 1571 dicere:
3156 1519 3211 1569 et
3234 1514 3359 1569 vice
3381 1530 3578 1577 versa,

1921 1605 2024 1677 qui
2054 1606 2415 1677 hypostases
2448 1611 2564 1661 tres
2589 1606 3147 1677 protitentur,etiam
3180 1605 3581 1661 essentiarum

1922 1692 2280 1749 divisionem
2312 1694 2649 1749 secundum
2694 1695 2978 1750 eumdem
3013 1710 3336 1750 numerum
3366 1710 3439 1749 ex
3468 1694 3583 1750 hac

1924 1782 2304 1838 confessione
2328 1783 2714 1838 statuendam
2730 1799 2860 1839 esse
2890 1784 3149 1855 putant):
3169 1788 3488 1855 propterea
3507 1798 3583 1839 ne

1924 1876 1986 1927 tu
2007 1888 2251 1944 quoque
2284 1872 2502 1927 similia
2529 1873 3045 1944 patiaris,brevem
3076 1889 3148 1929 ea
3175 1873 3249 1929 de
3271 1888 3333 1928 re
3356 1888 3583 1928 sermo-

1922 1977 2064 2017 nem
2097 1962 2199 2018 tibi
2226 1964 2644 2018 commentarii
2686 1962 2820 2018 loco
2851 1963 3099 2019 confeci.
3136 1966 3357 2019 Harum
3404 1963 3584 2033 igitur

1924 2066 2165 2123 vocum,
2201 2058 2265 2107 ut
2294 2053 2502 2124 paucis
2533 2068 2661 2107 rem
2693 2052 3020 2120 declarem,
3044 2054 3209 2108 notio
3235 2052 3358 2108 haec
3381 2056 3489 2108 est.

1996 2144 2137 2195 2.Ex
2166 2142 2453 2196 omnibus
2480 2140 2833 2197 nominibus
2858 2141 3078 2207 alia,de
3103 2141 3284 2197 rebus
3310 2140 3585 2213 pluribus

1927 2235 1983 2287 et
2012 2246 2267 2286 numero
2288 2230 2702 2287 differentibus
2728 2231 3221 2303 dicta,notionem
3252 2230 3587 2303 quamdam

1926 2322 2123 2389 magis
2141 2320 2482 2390 generalem
2504 2321 2919 2390 habent,velut
2943 2322 3253 2387 homo.Qui
3282 2320 3443 2376 enim
3473 2319 3589 2375 hoc

1927 2408 2420 2474 dixit,communi
2450 2416 2667 2466 natura
2696 2426 2802 2483 per
2830 2410 2892 2465 id
2917 2425 3141 2466 nomen
3171 2410 3589 2478 indicata,non

1930 2500 2398 2572 circumscripsit
2425 2502 2539 2557 hac
2581 2518 2729 2557 voce
2766 2506 2996 2557 certum
3023 2500 3354 2573 quemdam
3398 2499 3594 2556 homi-

1929 2604 2089 2658 nem,
2126 2590 2366 2660 prOprie
2395 2590 2506 2645 isto
2536 2590 2781 2646 nomine
2820 2590 3226 2659 designatum.
3260 2593 3385 2645 Non
3426 2589 3589 2644 enim

1929 2678 2127 2746 magis
2152 2681 2355 2733 Petrus
2375 2679 2560 2735 homo
2591 2684 2679 2735 est
2703 2696 2887 2752 quam
2922 2684 2979 2734 et
2998 2678 3290 2746 Andreas,
3324 2682 3381 2733 et
3406 2681 3593 2734 Joan-

1931 2784 2063 2837 nes,
2092 2773 2151 2823 et
2170 2769 2669 2842 Jacobus.ltaque
2697 2770 3104 2826 communitas
3130 2770 3212 2824 rei
3244 2768 3589 2837 signiﬁcatus

1934 2856 2205 2913 similiter
2226 2874 2457 2924 omnes,
2489 2860 2595 2931 qui
2619 2860 2732 2915 sub
2763 2860 2978 2915 eodem
3000 2860 3245 2915 nomine
3276 2873 3592 2913 recensen-

1935 2950 2049 3013 tur,
2083 2948 2624 3019 comprehendens,
2668 2948 3143 3004 subdivisionem
3175 2946 3457 3019 postulat,
3490 2960 3597 3018 per

1938 3050 2126 3108 quam
2170 3052 2293 3092 non
2342 3037 2650 3093 hominem
2682 3037 3165 3106 generatim,sed
3206 3040 3443 3091 Petrum
3490 3039 3597 3092 aut

1939 3126 2235 3180 Joannem
2264 3140 2728 3195 cognoscamus.
2763 3125 2892 3180 Alia
2938 3141 3078 3181 vero
3104 3127 3354 3181 nomina
3399 3124 3596 3195 magis

1946 3213 2313 3285 peculiarem
2338 3213 2566 3269 habent
2585 3217 2627 3284 1
2647 3216 2757 3285 ιθ
2780 3214 3109 3281 notionem,
3142 3231 3267 3287 qua
3289 3229 3415 3270 non
3440 3230 3605 3270 com-

1950 3304 2215 3360 munitas
2240 3308 2469 3359 naturm
2490 3304 2905 3359 consideratur
2922 3304 2984 3359 in
3012 3320 3077 3359 re
3100 3304 3456 3373 signiﬁcata,
3497 3303 3605 3359 sed

1955 3395 2276 3467 cujusdam
2292 3393 2375 3448 rei
2392 3394 2866 3465 circumscriptio
2888 3393 3117 3450 nullam
3138 3394 3371 3450 habens
3383 3409 3520 3449 cum
3534 3408 3605 3448 eo

222 3483 550 3574 περιγραφὴ,
629 3489 896 3566 μηδεμίαν
971 3491 1175 3560 ἔχουσα
1239 3490 1369 3559 πρὸς
1444 3490 1501 3538 τὸ
1580 3488 1837 3559 amyntas:

1958 3485 2122 3559 quod
2147 3484 2356 3539 similis
2385 3487 2473 3538 est
2499 3484 2816 3552 naturae,in
2843 3499 2911 3539 eo
2954 3483 3122 3556 quod
3153 3484 3466 3557 proprium
3497 3486 3605 3551 est,

229 3590 371 3641 κατὰ
397 3592 457 3638 τό
493 3581 726 3648 ἰδιάζον,
766 3585 863 3638 την
890 3582 1185 3648 κοινωνίαν,
1246 3578 1350 3628 οἷον
1405 3577 1430 3628 ό
1463 3574 1689 3641 Παῦλος,
1731 3576 1759 3634 ἣ
1819 3575 1843 3627 ὀ

234 3678 511 3748 Τιμόθεος.
564 3672 757 3725 Οὐκέτι
801 3671 904 3740 γὰρ
953 3668 983 3725 ἠ
1027 3670 1243 3723 τοιαύτη
1294 3671 1431 3739 φωνὴ
1494 3663 1577 3717 ἐπὶ
1619 3668 1676 3717 τό
1728 3684 1844 3717 κοι-

235 3770 323 3819 νὸν
379 3774 473 3824 τῆς
532 3766 734 3835 φύσεως
795 3762 1018 3833 φέρεται,
1089 3755 1217 3808 ἀλλὰ
1271 3760 1566 3829 χωρίσασα
1620 3757 1697 3826 (6)
1752 3762 1847 3817 τῆς

233 3855 622 3931 περιληπτικῆς
707 3852 981 3920 σημασίας
1011 3887 1025 3912 ,
1118 3848 1605 3920 περιγεγραμμένων
1697 3851 1845 3895 τινῶν

232 3944 558 4020 πραγμάτων
591 3943 815 4012 ἔμφασιν
871 3932 964 3988 διὰ
1014 3942 1114 3987 τῶν
1169 3934 1431 4006 ὀνομάτων
1485 3938 1838 4008 παρίστησιν.

230 4036 397 4089 Ὅταν
424 4028 513 4084 οὖν
568 4026 667 4082 δύο
699 4028 728 4085 ἦ
775 4031 865 4078 καὶ
896 4024 1139 4078 πλειόνων
1196 4025 1333 4075 κατὰ
1370 4026 1429 4074 τὸ
1485 4022 1611 4075 αὐτὸ
1669 4028 1848 4087 ὀντων,

176 4138 191 4179 (
231 4127 341 4178 οἷον
392 4120 603 4175 Παύλου
660 4121 749 4169 καὶ
798 4114 1078 4167 Σιλουανοῦ
1109 4117 1198 4165 καὶ
1258 4113 1537 4184 Τιμοθέου,
1580 4117 1698 4185 περὶ
1756 4120 1851 4172 τῆς

232 4215 425 4274 ούσίας
490 4216 593 4262 τῶν
662 4205 944 4282 ἀνθρώπων
1011 4203 1240 4263 ζητῆται
1296 4200 1447 4273 λόγος
1490 4216 1504 4230 ·

231 4324 311 4366 τις
367 4296 644 4353 ἀποδώσει
705 4304 800 4356 τῆς
865 4293 1049 4354 ούσίας
1123 4290 1205 4344 ἰπὶ
1258 4299 1350 4344 τοῦ
1400 4290 1607 4343 Παύλου
1679 4290 1850 4362 λόγον,

1564 4201 1659 4253 ούκ
1700 4200 1851 4252 ἄλλον

234 4398 410 4467 ἔτερον
462 4386 522 4442 δι
577 4386 661 4439 ἐπὶ
717 4384 809 4437 τοῦ
884 4382 1180 4448 Σιλουανοῦ,
1257 4386 1347 4433 καὶ
1398 4380 1548 4432 ἀλλον
1608 4380 1690 4432 ἐπὶ
1764 4386 1855 4430 τοῦ

603 4475 731 4529 ἀλλὰ
778 4469 850 4527 δι’
900 4473 965 4523 ὧν
1022 4471 1082 4523 ἆν
1132 4470 1295 4542 λόγων
1353 4471 1382 4529 ἡ
1427 4470 1584 4523 οὐσία
1634 4471 1708 4541 (7)
1766 4474 1858 4521 τοῦ

234 4483 505 4555 Τιμοθέου
534 4494 547 4507 ⁸

310 4680 432 4749 (99)
471 4674 766 4755 Γρηγορίῳ.
786 4665 1176 4755 Legiturnbaec
1204 4664 1865 4755 epistolaxinterOpera

239 4737 523 4821 Gregorii
553 4737 806 4821 N'y'ssen‘i
834 4745 979 4821 tom.
1016 4737 1704 4821 III,_p..28,sulln01_nni_ne
1722 4737 1864 4821 'Gre-

242 4808 401 4895 gorii
428 4808 692 4895 δῖος-ἑοὶ
724 4808 805 4865 ad
834 4812 1069 4895 Petrum
1107 4808 1866 4895 ᾳᾶιτοωῆὓονάὶίῐιξζθηιίιι

1954 3575 2480 3637 communionem;
2505 3574 2763 3645 exempli
2793 3590 3002 3643 causa,
3035 3574 3386 3641 Paulus,aut
3415 3574 3612 3629 Timo-

1955 3666 2282 3722 theus.Non
2295 3662 2456 3718 enim
2470 3664 2600 3733 jam
2621 3663 2923 3734 ejusmodi
2937 3679 3051 3719 vox
3073 3663 3134 3718 in
3146 3667 3428 3719 naturam
3450 3677 3611 3717 com-

1955 3769 2204 3811 munem
2235 3752 2441 3820 fertur,
2473 3752 2579 3807 sed
2611 3768 2648 3808 a
2677 3752 2937 3821 generali
2965 3752 3402 3822 signiﬁcatione
3435 3766 3612 3822 sepa-

1954 3858 2333 3910 rans,rerum
2358 3842 2769 3913 quarumdam
2800 3841 3387 3912 circumscriptarum
3413 3840 3613 3896 notio-

1956 3949 2098 3989 nem
2124 3930 2471 3987 nominibus
2502 3930 2791 3987 declarat.
2816 3934 3019 4003 Itaque
3049 3947 3189 3986 cum
3215 3930 3459 3986 duobus
3513 3932 3619 3986 aut

1958 4023 2139 4079 etiam
2167 4020 2441 4092 pluribus
2463 4019 2644 4075 simul
2674 4020 2807 4091 conj
2820 4019 3486 4093 unctis,puta,Paulo,et
3513 4019 3618 4074 Sil-

1957 4126 2139 4179 vano,
2172 4114 2229 4166 et
2266 4110 2604 4180 Timotheo,
2636 4110 2957 4183 inquiritur
3004 4110 3276 4166 essentiae
3325 4110 3614 4166 humanae

1960 4199 2245 4269 deﬁnitio,
2273 4214 2393 4254 non
2416 4197 2598 4255 aliam
2627 4198 2762 4276 quis
2792 4199 2854 4254 in
2880 4198 3068 4255 Paulo
3099 4199 3310 4254 reddet
3341 4198 3615 4254 essentise

1961 4288 2279 4355 rationem,
2308 4286 2492 4343 aliam
2508 4287 2570 4342 in
2599 4287 2861 4353 Silvano,
2896 4294 2953 4343 et
2971 4288 3154 4344 aliam
3182 4287 3244 4343 in
3274 4286 3577 4343 Timotheo
3602 4301 3615 4339 ι

1966 4377 2073 4433 sed
2094 4376 2316 4449 quibus
2336 4376 2533 4431 verbis
2556 4376 2727 4432 Pauli
2758 4378 3023 4433 essentia
3043 4382 3289 4433 ostensa
3304 4375 3499 4441 fuerit,
3529 4390 3624 4429 ea-

1967 4469 2109 4526 dem
2156 4467 2338 4524 etiam
2368 4466 2499 4523 aliis
2537 4467 2933 4535 convenient;
2980 4483 3051 4524 ac
3080 4464 3626 4524 consubstantiales

2042 4670 2121 4739 (2)
2154 4666 2327 4721 οὕτω.
2376 4669 2540 4722 Hanc
2561 4682 2795 4739 vocem
2826 4666 3177 4723 addidimus
3207 4681 3279 4723 ex
3312 4665 3502 4739 tribus
3525 4680 3628 4721 ve-

1974 4738 2322 4797 tuStissimis
2352 4745 2408 4795 et
2429 4738 2671 4795 duobus
2692 4739 2822 4794 aliis
2844 4741 3061 4795 mss.ln
3084 4740 3275 4795 tribus
3294 4738 3422 4795 aliis
3440 4739 3625 4798 οὕτως.

2048 4814 2123 4881 (3)
2177 4812 2373 4882 Ὅμοια
2423 4812 2629 4870 πάθοις.
2676 4810 2817 4865 Tres
2864 4828 3017 4869 mss.
3074 4812 3435 4867 recentiores
3477 4812 3633 4882 ὅμοια

242 4874 523 4953 ῗιῖςῖηιὶὲ
545 4892 602 4942 et
634 4882 1004 4957 hypostasis;
1039 4879 1143 4935 sed
1173 4895 1329 4957 eam-
1353 4874 1837 4957 Basilio'tribuun

1978 4874 2167 4957 πάθης,
2204 4874 2363 4957 biegil
2410 4882 2611 4937 statim
2637 4882 3033 4957 Combefisius
3058 4892 3158 4935 τῶν
3189 4888 3307 4957 περὶ
3336 4874 3521 4957 τούτού
3550 4880 3633 4932 λό-

242 4950 472 5023 omnes
510 4950 977 5014 nostri'ccdices
1032 4968 1177 5005 mss.
1211 4950 1655 5023 StylusiBasilii
1680 4955 1867 5010 fetum

243 5022 380 5095 esse
403 5030 683 5089 clamitat
715 5043 728 5080 :
758 5041 828 5080 ac
858 5024 992 5096 ipsa
1030 5024 1212 5096 etiam
1234 5022 1520 5096 synodus
1547 5024 1869 5081 Chalcedo-

243 5093 465 5167 nensis
499 5101 816 5175 parentem
836 5093 1091 5175 epistola
1118 5093 1871 5175 Basiliumagnoscigdum

246 5165 351 5247 in,
380 5165 689 5242 magnum
718 5165 1023 5247 Basiliam,
1048 5166 1247 5247 gratiae
1275 5165 1614 5247 ministrum
1661 5170 1722 5222 in
1754 5169 1874 5240 epi-

249 5236 408 5308 stola.
438 5236 861 5317 hfpostaseon
891 5236 1288 5317 differentiam
1318 5237 1702 5317 explanasse,
1734 5236 1874 5297 con-

252 5324 346 5380 cit.
372 5311 666 5378 Chalced.
706 5313 865 5384 partf
898 5324 985 5384 ut,
1010 5324 1143 5384 cap.
1171 5313 1218 5374 t,
1248 5323 1308 5380 p.
1341 5311 1463 5364 825.

324 5396 411 5463 (1)
440 5397 564 5463 ,Τῆς
593 5380 799 5442 οὐσίας.
834 5380 1010 5463 Coisl.
1038 5380 1270 5463 primﬂus
1312 5387 1435 5461 τῆς..
1453 5382 1666 5463 φύσεως.
1692 5381 1875 5463 Paulo

255 5452 544 5541 post'duo
576 5472 725 5541 mss.
752 5452 1440 5541 συμπίπτρνσινβιιοεοτὶἱ
1461 5455 1713 5541 Nysseni
1739 5470 1878 5510 con-

260 5522 458 5595 {extus
487 5534 553 5589 in
577 5530 699 5587 hoc
740 5522 1076 5599 primordio
1123 5523 1346 5579 mirum
1376 5523 1437 5579 in
1467 5522 1718 5581 modum
1749 5541 1880 5583 cor-

264 5612 497 5686 ruptus.

1978 4952 2107 5027 γωνζ
2139 4952 2253 5010 Sed
2290 4953 2419 5007 haec
2444 4953 2783 5027 emendatio
2812 4954 3057 5027 minime
3086 4952 3450 5010 necessaria.

2054 5028 2133 5095 (4)
2172 5028 2517 5096 Πραγμάτων.
2546 5026 2633 5080 Ita
2665 5040 2769 5079 sex
2798 5026 3035 5082 codices
3061 5044 3210 5083 mss.
3248 5026 3531 5095 Corrupte
3569 5019 3631 5076 in

1981 5096 2161 5170 editis
2180 5116 2486 5170 πράγματα.

2055 5172 2124 5240 (5)
2151 5166 2272 5219 Ὑπὸ
2316 5170 2374 5240 re
2403 5167 2550 5240 αὑτὸἒ
2600 5167 2717 5240 Sic.
2759 5168 2913 5224 Harl.
2941 5174 2997 5225 et
3026 5168 3201 5226 Coisl.
3235 5167 3466 5240 primus
3493 5177 3633 5219 cum

1983 5239 2173 5295 tribus
2214 5238 2434 5307 Regiis.
2475 5238 2621 5294 Editi
2646 5238 2730 5292 ἐπὶ
2761 5244 2817 5292 τὸ
2849 5242 2996 5295 αύτό.

2058 5315 2133 5385 (6),
2168 5315 2492 5385 Χωρίετασιι.Δ
2506 5316 2594 5385 tta
2625 5328 2728 5366 sex
2780 5330 2926 5368 mss.
2958 5317 3013 5368 et
3066 5309 3230 5383 apud
3262 5311 3627 5380 Nyssenum.

1986 5382 2289 5459 Editiones
2319 5382 2517 5459 Basilii
2546 5389 2862 5459 χωρήσασα.
3108 5382 3119 5383 ί
3226 5454 3234 5459 _
3286 5452 3328 5459 __
3488 5449 3527 5459 ,_

2060 5455 2140 5524 (7)
2162 5459 2343 5525 Λόγων
2374 5456 2403 5512 ἠ
2443 5446 2735 5512 ούσίἆ.’1ιει
2764 5472 2910 5511 mss.
2941 5468 3154 5510 omnes
3183 5454 3240 5508 et
3284 5452 3456 5523 Nyss.
3488 5446 3640 5506 Editi

1986 5524 2150 5597 λόγων
2173 5524 2261 5577 καὶ
2290 5526 2347 5578 ού
2355 5532 2459 5582 σία.

2061 5591 2081 5620 δ
2103 5597 2261 5655 Alias
2285 5598 2477 5655 XLIII.
2504 5599 2736 5669 Scripta
2766 5595 3001 5653 videtur
3027 5609 3192 5654 anno
3221 5595 3325 5653 369
3356 5597 3461 5652 aut
3502 5591 3633 5653 370.
