4070 6194
499 260 602 315 327

1874 240 1931 296 S.
1971 231 2227 292 BASlLII
2262 233 2485 294 MAGNI

3755 249 3869 305 328

497 384 648 442 inter
670 393 731 433 se
748 376 905 439 sunt,
921 371 1028 446 qui
1047 369 1261 427 eadem
1280 366 1547 424 essentiaa
1568 366 1799 423 ratione
1819 363 2123 433 designant

2256 360 2462 414 Παύλου
2497 360 2714 438 δειχθῇ,
2746 363 2890 429 οὑτοι
2940 371 3031 421 καὶ
3080 375 3191 431 τοῖς
3241 368 3417 432 ἄλλοις
3458 367 3826 445 ἐφαρμόσουσι
3854 388 3871 402 ⁸

496 476 607 528 tur.
641 468 747 525 Ubi
790 479 933 521 vero
970 461 1106 535 quis
1151 475 1240 524 eo,
1278 456 1443 530 quod
1474 470 1796 511 commune
1829 457 1937 520 est,
1968 450 2143 506 intel-

495 562 669 626 lecto,
693 557 772 613 ad
794 552 1229 628 proprietatum
1250 564 1311 602 se
1334 545 1688 601 converterit
1717 539 2142 599 consideratio-

494 664 771 721 nem,pcr
784 660 936 718 quas
954 642 1205 698 alterum
1228 636 1305 692 ab
1328 636 1513 692 altero
1531 640 1864 707 separatur:
1878 647 2000 687 non
2012 631 2142 721 jam

494 718 756 812 amplius
775 734 948 798 ratio,
971 746 1077 803 per
1104 743 1289 800 quam
1328 723 1820 812 unumquodque
1838 718 2143 791 cognosci-

494 811 618 897 tur,
636 843 773 884 cum
824 839 898 879 ea
949 820 1197 883 ratione,
1229 832 1363 888 quae
1395 814 1469 869 de
1514 814 1631 869 alio
1686 811 2004 884 profertur,
2036 824 2142 881 per

494 918 699 977 omnia
728 910 1073 975 consentiet,
1104 904 1383 978 quamvis
1413 904 1475 959 in
1508 902 1812 975 aliquibus
1866 915 2140 956 commu-

491 1010 741 1066 nitatem
770 1002 991 1059 habere
1012 995 1440 1068 comperiatur.

561 1102 614 1155 3.
651 1100 767 1152 Hoc
790 1092 971 1162 igitur
998 1088 1256 1144 dicimus
1292 1084 1494 1157 :quod
1525 1081 1765 1156 proprie
1797 1080 2037 1144 dicitur,
2075 1077 2140 1134 id

488 1184 837 1260 hypostasis
858 1178 1104 1237 nomine
1122 1172 1512 1240 indicari.Qui
1531 1171 1694 1229 enim
1720 1169 2031 1260 hominem
2052 1167 2139 1223 di-

486 1258 595 1348 xit,
640 1272 955 1331 confusam
1009 1264 1347 1339 quamdam
1389 1262 1589 1318 ideam
1625 1275 1733 1333 per
1758 1258 2137 1348 indeﬁnitam

486 1361 985 1436 signiﬁcationem
1015 1354 1263 1412 auribus
1295 1351 1512 1419 intulit,
1542 1350 1627 1406 sic
1652 1354 1717 1405 ut
1756 1353 1973 1404 natura
2002 1347 2135 1419 qui-

487 1456 627 1511 dem
659 1469 729 1508 eo
754 1448 999 1506 nomine
1024 1443 1394 1508 ostendatur,
1427 1440 1760 1497 subsistens
1784 1442 1985 1494 autem
2016 1452 2134 1502 res,

486 1550 542 1601 et
576 1542 816 1616 proprie
844 1536 1089 1593 nomine
1113 1529 1702 1602 designata,m1uime
1732 1525 2124 1616 signiﬁcetur.

488 1614 596 1702 Qui
617 1614 817 1689 autem
845 1625 1099 1683 Paulum
1124 1618 1559 1691 dixit,ostendit
1583 1617 1643 1673 in
1667 1633 1729 1672 re
1751 1617 1866 1671 hoc
1887 1614 2133 1671 nomine

2253 454 2342 502 xui
2400 451 2530 504 εἰσιν
2549 452 2813 516 Δόιλλιόλοις
2874 458 3164 529 όμοοὺσιοι,
3208 460 3257 510 οἱ
3286 468 3357 530 τῷ
3406 459 3545 530 αὐτῷ
3584 460 3719 533 λόγῳ
3768 470 3876 524 τῆς

2254 538 2434 600 οὐσίας
2491 542 2931 617 ὑπογραφόμενοι.
2993 543 3231 600 Ἐπειδὰν
3300 543 3360 600 δέ
3413 568 3513 611 τις,
3567 553 3626 601 τό
3691 554 3871 602 κοινὸν

2251 632 2448 701 μαθὼν,
2478 630 2562 684 ἐπὶ
2610 636 2677 685 τὰ
2735 632 3011 697 ἰδιάζοντα
3060 637 3224 712 τρέψῃ
3282 642 3376 695 τὴν
3420 640 3651 712 θεωρίαν,
3689 637 3768 692 δι’
3797 640 3869 692 ὧν

2250 720 2540 794 χωρίζεται
2588 730 2680 775 τοῦ
2732 723 2905 797 ἑτέρου
2950 729 3009 777 τό
3076 728 3263 799 ἕτερον,
3326 727 3499 780 οὐκέτι
3546 730 3571 780 ό
3635 729 3867 782 ἑκάστου

2248 815 2590 882 γνωριστικὸς
2660 811 2808 885 λόγος
2880 823 2952 886 τῷ
3008 821 3127 890 περί
3168 824 3258 868 τοῦ
3306 816 3461 869 ἀλλον
3515 814 3611 869 διὰ
3654 820 3865 871 πάντων

2251 902 2709 971 συνενεχθήσεται,
2736 902 2831 955 κᾶν
2856 906 2905 957 ἓν
2924 923 3064 957 τισιν
3092 906 3268 981 εὑρεθῆ
3298 909 3357 959 τὸ
3388 910 3557 960 κοινόν
3589 910 3746 981 ἔχων.

2317 1080 2375 1133 3.
2404 1078 2568 1132 Τοῦτο
2588 1083 2757 1133 τοίνυν
2789 1086 2950 1155 φαμέν
2983 1099 2996 1112 '
3028 1086 3087 1135 τὸ
3134 1079 3283 1145 ἰδίως
3320 1082 3588 1157 λεγόμενον
3636 1094 3709 1157 τῷ
3759 1094 3891 1149 τῆςι

2247 1166 2586 1231 ὑποστάσεως
2633 1166 2931 1227 δηλοῦσθαι
3002 1173 3222 1247 ῥήματι.
3276 1172 3334 1225 ’0
3406 1176 3507 1247 γὰρ
3583 1175 3859 1248 ἄνθρωπον

2246 1255 2399 1307 εἰπὼν
2465 1254 2852 1332 ἐσκεδασμένην
2907 1264 3024 1314 τινὰ
3076 1259 3314 1315 διάνοιαν
3362 1270 3434 1334 τῷ
3474 1262 3704 1337 ἀορίστῳ
3761 1273 3861 1327 τῆς

2248 1350 2512 1417 σημασίας
2568 1356 2629 1421 τῇ
2686 1348 2814 1423 ἀκοῆ
2876 1350 3167 1410 ἐνεποίησεν
3199 1371 3213 1386 ο
3258 1354 3394 1404 ὥστε
3448 1356 3540 1410 τὴν
3605 1356 3695 1425 μὲν
3762 1356 3861 1429 φρό-

2246 1452 2327 1485 σιν
2368 1433 2421 1487 ἐκ
2460 1444 2552 1489 τοῦ
2610 1438 2855 1511 ὀνόματος
2913 1436 3235 1507 δηλωθῆναι,
3277 1444 3336 1493 τὸ
3382 1438 3442 1494 δε
3484 1442 3719 1514 ὑφεστὼς
3776 1444 3853 1514 (8)

2240 1528 2331 1576 xui
2361 1521 2675 1601 δηλούμενον
2719 1526 2869 1591 ἰδίως
2926 1533 3025 1583 ὑπὸ
3055 1538 3146 1583 τοῦ
3201 1533 3455 1603 ὀνόματος
3502 1533 3718 1606 πρᾶγμά
3775 1537 3851 1605 μὴ

2244 1618 2595 1687 σημανθῆναι.
2641 1618 2699 1670 Ὀ
2759 1616 2817 1672 δὲ
2866 1619 3067 1672 Παῦλον
3107 1620 3258 1672 εἰπὼν
3286 1617 3476 1683 ἔδειξεν
3523 1618 3571 1672 έν
3627 1629 3699 1692 τῷ
3754 1618 3859 1680 δη-

484 1723 818 1795 signiﬁcata
848 1715 1270 1772 subsistentem
1301 1709 1731 1765 naturam.Hoc
1750 1705 1929 1775 igitur
1946 1705 2123 1795 hypo-

2239 1704 2467 1778 λουμένῳ
2545 1709 2645 1760 ὑπὸ
2711 1716 2802 1761 τοῦ
2878 1709 3129 1782 ὀνόματος
3199 1712 3468 1784 πράγματι
3542 1710 3853 1782 ὑφεστῶσαν

484 1793 660 1871 stasis
692 1815 800 1878 est,
830 1822 953 1864 non
983 1801 1297 1859 indeﬁnita
1322 1798 1595 1855 essentia
1631 1796 1817 1864 notio,
1867 1810 2004 1867 qua:
2052 1793 2132 1850 ob

484 1900 977 1960 communitatem
986 1892 1069 1949 rei
1083 1888 1427 1961 signiﬁcate
1441 1885 1661 1942 nullam
1676 1884 1880 1940 sedem
1893 1883 2131 1956 reperit,

482 1991 589 2047 sed
608 2006 743 2063 quae
761 1983 929 2059 quod
953 1994 1277 2038 commune
1302 1978 1363 2032 in
1390 1975 1591 2047 aliqua
1621 1990 1683 2029 re
1722 1978 1778 2029 et
1807 1972 2130 2028 incircum-

482 2080 770 2153 scriptum
800 2078 906 2142 est,
934 2087 1040 2145 per
1069 2068 1428 2140 conspicuas
1456 2063 1848 2137 proprietates
1888 2064 2133 2118 restrin-

484 2170 567 2241 git
598 2185 667 2225 ac
696 2160 1161 2229 circumscribit;
1193 2152 1716 2230 quemadmodum
1748 2156 1805 2208 et
1829 2153 2133 2241 Scriptura

482 2239 619 2331 ipsa
659 2254 810 2311 solet
837 2250 1029 2307 simile
1054 2246 1369 2320 quidpiam
1402 2244 1617 2331 facere,
1652 2257 1786 2297 cum
1820 2241 1878 2296 in
1927 2239 2132 2331 multis

482 2328 611 2405 aliis
662 2343 830 2410 locis,
870 2345 998 2396 tum
1055 2338 1114 2393 in
1166 2333 1415 2391 historia
1460 2330 1616 2387 Jobi.
1664 2333 1813 2386 Nam
1860 2346 1997 2402 quas
2053 2328 2132 2385 ad

479 2438 682 2510 ipsum
704 2432 957 2489 attinent
986 2426 1651 2495 narratura,postquam
1669 2420 1865 2491 primo
1885 2419 1946 2473 id
1966 2418 2132 2491 quod

481 2537 804 2583 commune
830 2524 887 2576 et
923 2512 1443 2579 commemoravit,
1472 2517 1529 2566 et
1556 2510 1723 2580 dixit,
1768 2510 1939 2565 homo
1964 2526 1977 2574 ;
2006 2513 2131 2564 sta-

477 2617 584 2672 tim
602 2611 952 2682 dirimitper
973 2606 1034 2662 id
1058 2604 1223 2678 quod
1246 2602 1556 2674 proprium
1582 2596 2133 2668 est,addendo,qui—

478 2705 690 2761 dam“.
727 2699 839 2757 Sed
862 2696 1125 2753 essentia:
1147 2692 1397 2765 quidem
1423 2688 1985 2760 descriptionem,ut
2014 2702 2134 2741 ser-

476 2792 674 2850 monis
695 2788 1003 2862 proposito
1042 2782 1188 2839 nihil
1225 2780 1661 2836 conducentem
1688 2776 1947 2832 reticuit:
1982 2774 2130 2830 illud

475 2890 674 2940 autem
706 2878 951 2951 quidam
971 2870 1227 2947 propriis
1247 2869 1401 2924 notis
1428 2868 1735 2934 indicat,et
1754 2864 1952 2921 locum
1984 2864 2129 2919 refe-

471 2988 611 3030 rens
640 2973 697 3025 et
722 2981 961 3022 morum
998 2960 1241 3029 indicia,
1265 2964 1320 3014 et
1349 2972 1730 3030 quascunque
1760 2953 2125 3010 extrinsecus

2239 1799 2333 1852 τὴν
2366 1799 2536 1868 φύσιν.
2568 1804 2732 1850 Τοῦτο
2772 1795 2859 1850 οὖν
2903 1797 3041 1852 έστιν
3095 1802 3124 1857 ἠ
3176 1800 3488 1868 ὑπόστασις,
3538 1800 3643 1872 οὐχ
3698 1802 3726 1858 ἠ
3765 1799 3855 1853 ἀό-

2240 1904 2418 1957 ριστος
2445 1895 2541 1947 τῆς
2589 1887 2774 1948 οὐσίας
2816 1890 3003 1959 ἔννοια,
3044 1885 3325 1961 μηδεμίαν’
3362 1892 3417 1941 έκ
3466 1897 3562 1951 τῆς
3614 1894 3855 1948 κοινότη-

2240 2068 2269 2123 ἡ
2330 2068 2388 2117 τὸ
2444 2066 2519 2136 (9)
2562 2071 2730 2118 κοινόν
2803 2086 2859 2119 τε
2931 2071 3021 2119 καὶ
3096 2065 3481 2140 ἀπερίγραπτον
3526 2066 3573 2120 ἓν
3630 2077 3702 2139 τῷ
3747 2074 3858 2123 τινὶ

2238 2157 2509 2229 πράγματι
2558 2152 2652 2208 διὰ
2720 2164 2819 2207 τῶν
2895 2154 3294 2229 ἐπιφαινομένων
3359 2153 3657 2229 ἰδιωμάτων
3702 2178 3848 2235 παρ-

2239 1992 2326 2035 τος
2400 1983 2492 2027 τοῦ
2570 1982 2954 2049 σημαινομένου
3032 1981 3221 2031 στάσιν
3296 1979 3618 2052 εὑρίσκουσα
3648 2023 3662 2048 ,

2243 2253 2448 2297 ιστῶσα
2494 2249 2583 2297 καὶ
2645 2247 3043 2320 περιγράφουσα
3074 2262 3087 2275 '
3134 2248 3197 2306 ὡς
3251 2250 3339 2299 καὶ
3388 2255 3448 2319 τῇ
3498 2252 3674 2322 Γραφῇ
3724 2252 3849 2301 σύν-

2241 2338 2362 2397 ηθες
2388 2339 2446 2388 τὸ
2485 2342 2717 2388 τοιοῦτον
2756 2343 2920 2388 ποιεῖν
2973 2338 3021 2388 ἓν
3074 2334 3242 2397 ἄλλοις
3286 2354 3341 2388 τε
3398 2336 3604 2399 πολλοῖς
3659 2342 3751 2389 καί
3797 2338 3846 2391 ἐν

2239 2434 2300 2497 τῇ
2346 2428 2482 2477 κατὰ
2533 2428 2619 2477 τόν
2679 2424 2795 2478 Ἰὼϐ
2852 2427 3088 2499 ἱστορίᾳ.
3149 2421 3359 2483 Ἐπειδὴ
3401 2428 3501 2498 γὰρ
3558 2425 3725 2498 ἔμελλε
3778 2430 3846 2480 τὰ

2237 2521 2355 2588 περὶ
2404 2516 2562 2567 αὐτοῦ
2617 2511 2941 2585 διηγεῖσθαι,
2985 2518 3231 2589 πρότερον
3283 2522 3373 2567 τοῦ
3404 2522 3576 2567 κοινοῦ
3641 2536 3849 2589 μνημοο

2238 2608 2487 2675 νεὺσασα,
2554 2610 2645 2656 καὶ
2706 2604 2944 2669 εἰποῦσα,
3024 2605 3314 2677 ἄνθρωπος,
3366 2604 3515 2666 εὐθύς
3570 2603 3847 2678 ἀποτέμνει

2238 2704 2310 2767 τῷ
2365 2691 2625 2757 ἰδιάζοντι
2679 2694 2727 2745 έν
2793 2702 2855 2766 τῇ
2910 2696 3186 2765 προσθήκῃ
3239 2700 3354 2762 τοῦ,
3404 2713 3503 2756 τις.
3539 2693 3695 2746 Ἀλλὰ
3748 2704 3847 2755 τῆς

2238 2790 2326 2859 μεν
2358 2786 2540 2848 οὐσίας
2570 2790 2663 2843 τὴν
2717 2787 3041 2859 ὑπογραφὴν,
3097 2788 3161 2845 ὡς
3214 2781 3367 2837 οὐδὲν
3420 2790 3674 2860 φέρουσαν
3727 2792 3851 2862 κέρ-

2238 2872 2330 2935 δος
2385 2879 2510 2948 πρὸς
2561 2878 2646 2926 τόν
2697 2878 3027 2949 προκείμενον
3078 2881 3169 2925 τοῦ
3217 2872 3373 2944 λόγου
3412 2878 3625 2940 σκοπόν,
3688 2874 3848 2927 ἐσιώ-

2234 2985 2413 3022 πησε·
2470 2968 2555 3017 τόν
2615 2961 2673 3017 δι
2730 2967 2843 3016 τινὰ
2921 2961 3015 3016 διὰ
3059 2972 3160 3016 τῶν
3212 2964 3414 3016 οἰκείων
3461 2968 3846 3038 γνωρισμάτων

474 3061 721 3118 collecta
756 3055 1113 3112 distinctura
1159 3050 1324 3105 illum
1359 3052 1548 3114 erant,
1575 3050 1686 3101 eta
1716 3043 2024 3100 communi
2052 3043 2123 3098 si-

2234 3055 2638 3127 χαρακτηρίξει,
2685 3059 2775 3106 xui
2805 3058 2959 3105 τόπον
3007 3053 3233 3125 λέγουσα
3281 3058 3367 3106 xui
3418 3055 3482 3105 τόι
3544 3062 3634 3106 τοῦ
3683 3056 3849 3116 ἤθους

470 3151 757 3223 gniticatu
778 3148 1143 3217 separatura;
1160 3139 1315 3195 adeo
1334 3144 1397 3192 ut
1413 3135 1731 3210 perspicua
1747 3134 1807 3189 in
1836 3132 2121 3189 omnibus

469 3244 629 3297 esset
656 3237 834 3302 illius,
866 3233 1041 3304 cujus
1069 3247 1162 3286 res
1184 3233 1365 3299 gesta:
1392 3230 1731 3291 narrantur,
1774 3223 2117 3294 descriptio,

470 3345 541 3384 ex
570 3326 833 3388 nomine,
863 3339 934 3377 ex
956 3322 1109 3385 loco,
1143 3335 1216 3372 ex
1246 3316 1433 3373 animi
1456 3312 2014 3387 proprietatibus,“
2043 3311 2115 3366 iis

467 3432 603 3490 quae
630 3412 997 3469 extrinsecus
1044 3409 1105 3463 in
1161 3422 1231 3461 eo
1282 3403 1824 3476 conspiciebantur.
1866 3399 2037 3461 Quod
2068 3400 2116 3455 si

467 3503 740 3562 essentia
770 3499 1033 3555 dedisset
1069 3495 1385 3562 rationem,
1410 3493 1575 3547 nulla
1607 3508 1750 3545 sane
1775 3490 1978 3545 fuisset
2017 3505 2114 3545 eo-

465 3611 620 3663 rum,
646 3608 779 3665 quae
810 3590 971 3644 dicta
1001 3589 1157 3651 sunt,
1176 3585 1236 3638 in
1265 3586 1493 3638 naturae
1524 3581 1917 3653 explicatione
1938 3594 2111 3633 men-

462 3685 572 3743 tio.
609 3682 831 3739 Eadem
879 3676 1042 3733 enim
1079 3673 1228 3729 ratio
1274 3671 1478 3727 fuisset
1505 3688 1575 3726 ac
1601 3671 1675 3726 de
1707 3668 1934 3725 Baldad
1966 3670 2109 3724 Sau-

465 3775 642 3841 chita,
673 3771 867 3843 deque
900 3766 1131 3838 Sophar
1170 3762 1439 3827 Minnaeo,
1464 3766 1520 3815 et
1546 3759 1621 3815 de
1649 3758 1923 3830 singulis,
1952 3772 2112 3829 quo-

464 3879 599 3919 rum
629 3862 711 3917 ibi
733 3857 956 3915 mentio
986 3855 1071 3924 ﬁt,
1092 3850 1438 3909 hominibus
1472 3852 1540 3904 ιθ.
1600 3852 1792 3915 Quam
1830 3848 2011 3918 igitur
2051 3845 2113 3901 in

463 3950 683 4008 nostris
714 3948 893 4003 rebus
923 3942 1224 4014 agnovisti
1253 3938 1614 3996 discriminis
1646 3940 1938 3995 rationem
1962 3937 2116 3992 inter

463 4038 787 4096 essentiam
806 4041 863 4091 et
883 4033 1418 4106 hypostasim,eam
1435 4035 1489 4085 et
1511 4028 1589 4085 ad
1603 4029 1808 4084 divina
1826 4028 2117 4097 dogmata

462 4127 847 4193 transferens,
880 4140 1002 4179 non
1033 4122 1281 4178 errabis.
1310 4122 1389 4176 De
1434 4120 1624 4175 Patris
1656 4119 1912 4174 essentia
1939 4120 2113 4190 quid-

462 4218 610 4293 quid
630 4219 672 4288 ι
692 4217 795 4287 17
816 4214 919 4271 tibi
945 4216 1223 4281 suggeret
1248 4210 1529 4280 cogitatio
1559 4209 1670 4280 (fas
1699 4209 1860 4264 enim
1883 4224 2005 4265 non
2023 4212 2115 4266 est

461 4308 541 4367 ad
553 4314 773 4365 certam
788 4304 973 4361 ullam
992 4318 1060 4357 ac
1076 4301 1388 4357 deﬁnitam
1401 4300 1822 4369 cogitationem
1838 4300 2110 4355 animum

2229 3150 2589 3218 γνωρίσματα,
2640 3148 2729 3196 καὶ
2782 3146 2883 3195 ὅσα
2917 3151 3016 3195 τῶν
3088 3142 3268 3206 ἔξωθεν
3329 3141 3849 3217 συμπαραληφθέντα

2227 3235 2480 3309 χωρίζειν
2536 3234 2693 3286 αὐτόν
2758 3238 2842 3285 καὶ
2904 3231 3126 3305 ἁφιστᾲν
3158 3232 3327 3305 ἔμελλε
3375 3242 3469 3295 τῆς
3510 3242 3686 3295 κοινῆς
3738 3253 3843 3292 ση-

2224 3330 2424 3398 μασίας
2458 3340 2472 3356 ⁸
2520 3328 2653 3377 ὥστε
2698 3320 2791 3376 διὰ
2829 3326 3033 3375 πάντων
3088 3322 3275 3397 ἐναργῆ
3322 3330 3411 3374 τοῦ
3468 3325 3840 3397 ἱστορουμένου

2223 3417 2464 3486 γενέσθαι
2531 3420 2625 3472 τῆν
2674 3416 3004 3486 ὑπογραφὴν,
3046 3411 3100 3464 ἐκ
3150 3420 3241 3464 τοῦ
3302 3412 3573 3484 ὀνόματος,
3620 3410 3676 3463 ix
3744 3421 3841 3466 τοῦ

2220 3509 2402 3573 τόπου,
2436 3504 2489 3556 ix
2532 3512 2631 3556 τῶν
2688 3511 2781 3564 τῆς
2838 3502 3025 3573 ψυχῆς
3081 3497 3399 3573 ἰδιωμάτων,
3454 3502 3507 3553 ἐκ
3555 3509 3655 3552 τῶν
3712 3502 3842 3565 ἔξω-

2223 3594 2303 3644 θεν
2334 3599 2453 3666 περὶ
2512 3593 2667 3644 αὐτόν
2710 3595 3087 3665 θεωρουμένων.
3144 3590 3208 3646 Εἰ
3257 3586 3316 3643 δὲ
3354 3594 3441 3641 τὸν
3496 3598 3587 3650 τῆς
3644 3590 3841 3654 οὐσίας

2221 3678 2403 3733 ἐδίδου
2466 3681 2616 3752 λόγον
2674 3686 2804 3749 (10),
2845 3677 3070 3753 οὐδεμία
3120 3679 3180 3731 ἆν
3238 3679 3433 3751 ἐγένετο
3483 3688 3580 3732 τῶν
3624 3680 3838 3754 εἰρημέθ

2219 3791 2315 3822 νων
2364 3771 2411 3823 έν
2462 3780 2523 3843 τῆ
2584 3780 2674 3831 τῆς
2728 3774 2931 3843 φύσεως
2962 3770 3205 3843 ἑρμηνείᾳ
3257 3775 3458 3842 μνήμη.
3501 3769 3558 3821 Ὀ
3595 3772 3695 3845 γὰρ
3731 3771 3835 3823 αὐ-

2221 3865 2309 3921 τός
2356 3860 2414 3912 ἆν
2466 3857 2525 3917 ἧν
2556 3860 2724 3932 λόγος,
2775 3860 2825 3920 ὃς
2872 3865 2961 3912 καὶ
3001 3859 3083 3911 ἐπὶ
3121 3866 3212 3911 τοῦ
3240 3855 3458 3911 Βαλδὰδ
3506 3867 3597 3911 τοῦ
3631 3866 3837 3933 Σαυχίο

2221 3969 2333 4017 του,
2397 3954 2486 4001 καὶ
2525 3953 2689 4025 Σοφὰρ
2740 3956 2835 4001 τοῦ
2892 3953 3168 4013 Μινναίου,
3208 3953 3298 4000 καὶ
3352 3948 3426 4021 ἐφ’
3467 3948 3684 4001 ἑκάστου
3726 3959 3833 4001 τῶν

2223 4038 2325 4090 ἐκεῖ
2362 4040 2810 4111 μνημονευθέντων
2863 4036 3167 4111 ἀνθρώπων.
3225 4036 3318 4089 "Ov
3385 4041 3553 4089 τοίνυν
3610 4036 3658 4089 ἐν
3716 4046 3839 4102 τοῖς

2221 4127 2336 4179 καθ’
2389 4131 2518 4201 ἡμᾶς
2550 4130 2700 4200 ἔγνως
2756 4124 3014 4202 διαφορᾶς
3065 4126 3215 4199 λόγον
3283 4126 3369 4179 ἐπὶ
3411 4145 3465 4179 τε
3502 4135 3597 4189 τῆς
3639 4127 3835 4191 οὐσίας

2220 4222 2309 4269 καὶ
2338 4226 2432 4278 τῆς
2480 4219 2837 4286 ὑποστάσεως,
2878 4225 3056 4269 τοῦτον
3105 4218 3401 4289 μετατιθεὶς
3447 4220 3534 4267 καὶ
3581 4217 3662 4268 ἐπὶ
3724 4226 3830 4269 τῶν

2222 4308 2366 4359 θείων
2410 4303 2704 4380 δογμάτων,
2746 4306 2851 4378 οὐχ
2910 4306 3249 4381 ἁμαρτήσεις.
3295 4313 3407 4366 Πῶς
3462 4309 3519 4358 τὸ
3564 4302 3691 4358 εἶναι
3733 4315 3829 4359 τοῦ

463 4399 693 4467 sistere,
726 4412 797 4452 eo
822 4392 988 4468 quod
1005 4406 1365 4464 persuasum
1385 4390 1459 4445 sit
1478 4389 1635 4445 hanc
1655 4389 1978 4444 essentiam
2010 4408 2109 4446 su-

2234 4401 2443 4471 Ἱατρός,
2499 4399 2524 4449 ὁ
2568 4416 2620 4449 τι
2676 4400 2799 4449 ποτε
2874 4398 3178 4448 ὑποτίθεται
3228 4415 3322 4448 σου
3375 4398 3404 4453 ἠ
3455 4398 3619 4447 ἔννοια
3667 4399 3831 4469 (πρός

459 4502 571 4561 pra
589 4501 834 4542 omnem
866 4498 994 4538 esse
1015 4480 1479 4552 cogitationem),
1503 4478 1564 4533 id
1592 4484 1646 4534 et
1670 4478 1743 4533 de
1776 4478 1915 4535 Filio
1943 4480 2107 4536 intel-

456 4576 629 4647 liges,
654 4574 920 4629 similiter
948 4576 1005 4627 et
1023 4572 1097 4626 de
1125 4570 1343 4643 Spiritu
1379 4574 1609 4624 sancto.
1652 4571 1801 4624 Nam
1831 4570 1985 4626 ratio
2015 4570 2105 4625 in-

458 4664 642 4723 creati
662 4668 719 4719 et
740 4658 1365 4733 incomprehensibilis
1387 4674 1508 4714 una
1529 4662 1584 4714 et
1613 4658 1907 4715 eademin
1934 4661 2105 4716 Patre

458 4759 516 4811 et
536 4754 597 4809 in
616 4752 757 4808 Filio
777 4756 831 4807 et
851 4750 913 4805 in
934 4749 1151 4821 Spiritu
1165 4753 1373 4805 sancto
1392 4753 1499 4803 est.
1524 4750 1723 4819 Neque
1751 4748 1913 4803 enim
1943 4748 2107 4805 aliud

456 4843 653 4914 magis
684 4846 774 4897 est
800 4836 1535 4911 incomprehensibile,aut
1559 4838 1915 4905 increatum,
1941 4838 2107 4896 aliud

455 4931 987 4998 minus.Quoniam
1012 4934 1211 4986 autem
1233 4932 1467 5001 oportet
1486 4943 1592 5002 per
1611 4929 1886 5002 proprias
1911 4930 2107 4988 notio-

530 5079 574 5115 ιε
614 5078 724 5135 Job
747 5093 783 5143 ι,
812 5079 860 5131 t.
942 5075 987 5111 ¹⁶
1014 5073 1125 5131 Job
1155 5075 1334 5145 11,11.

524 5224 604 5291 (8)
632 5217 907 5295 έΥφεστως.
939 5220 1075 5295 Dug
1096 5234 1243 5272 mss.
1278 5218 1588 5288 ὑφεστηκὸς.

525 5289 600 5363 (9)
628 5289 763 5348 Ἀλλ’
796 5296 824 5350 ἡ
882 5296 985 5364 τό.Δ
1024 5291 1114 5345 Sic
1168 5305 1311 5343 mss.
1363 5305 1575 5345 omnes
1625 5293 1681 5345 et
1725 5289 1889 5362 apud
1929 5295 2102 5364 Nyss.

453 5361 607 5421 Εάιιὶ
640 5365 767 5417 ἀλλὰ
789 5368 865 5415 τό.
898 5361 1053 5417 Infra
1082 5367 1216 5415 tres.
1239 5376 1387 5417 mss.
1420 5364 1475 5411 τό
1503 5370 1708 5414 τοιοῦτο
1738 5361 1922 5417 ποιεῖν.

522 5439 635 5507 (10)
662 5434 876 5490 Ἐδίδου
906 5434 1074 5505 λόγον.
1102 5432 1514 5507 Coisl.primus
1538 5428 1725 5507 ἐδήλου
1746 5433 2104 5505 λογον,Ρδ,υιο

449 5503 587 5579 post
619 5503 769 5562 editi
794 5514 886 5559 τοῦ
934 5503 1519 5579 ﬁiuyzirouiJSeptem
1570 5503 1820 5579 codices
1846 5512 1902 5563 et
1930 5510 2101 5579 Nyss.

449 5570 517 5659 iit
545 5578 605 5634 in
636 5583 819 5636 textu.
849 5570 1115 5635 Subinde
1142 5574 1283 5632 editi
1306 5570 1423 5637 Πῶς
1450 5570 1559 5647 οὑν,
1583 5575 1690 5633 sed
1726 5576 1895 5635 deest
1923 5570 2011 5631 οὖν
2042 5579 2105 5635 in

2216 4484 2367 4540 οὐδὲν
2412 4489 2513 4561 γὰρ
2560 4485 2698 4538 ἐστιν
2749 4483 3159 4556 ἀποτεταγμένον
3206 4489 3376 4557 νόημα
3418 4485 3531 4553 (11)
3560 4488 3651 4541 τὴν
3711 4484 3830 4555 ψυ-

2215 4582 2323 4649 χὴν
2382 4571 2680 4650 ἐπερείδειν·
2738 4570 2833 4626 διὰ
2883 4578 2941 4626 τό
3006 4576 3286 4627 πεπεῖσθαι
3341 4573 3467 4625 αὐτὸ
3515 4575 3640 4646 ὑπερ
3718 4580 3827 4627 πᾶν

2215 4664 2344 4719 εἶναι
2372 4666 2583 4738 νόημα),
2630 4672 2784 4716 τοῦτο
2826 4668 2917 4715 καὶ
2969 4662 3052 4716 ἐπὶ
3108 4670 3199 4715 τοῦ
3256 4666 3380 4716 Υὶοῦ
3417 4667 3639 4732 νοήσεις,
3666 4670 3826 4716 τοῦτο

2214 4758 2461 4816 ὡσαύτως
2511 4759 2601 4807 καὶ
2638 4752 2721 4806 ἐπὶ
2759 4760 2849 4805 τοῦ
2906 4755 3195 4826 Πνεὺματος
3240 4759 3331 4805 τοῦ
3388 4750 3563 4823 ἁγίου.
3600 4750 3659 4803 '0
3717 4754 3825 4827 γὰρ

2213 4854 2305 4899 τοῦ
2354 4844 2606 4898 ἀκτίστου
2657 4848 2747 4896 καὶ
2801 4849 2894 4896 τοῦ
2938 4840 3305 4901 ἀκαταλήπτου
3354 4840 3501 4914 λόγος
3539 4841 3607 4902 εἷς
3643 4845 3738 4894 καὶ
3797 4842 3824 4895 ὃ

2215 4933 2369 4998 αὐτὸς
2397 4933 2481 4988 ἐπί
2502 4953 2555 4987 τε
2605 4942 2698 4987 τοῦ
2747 4935 2952 5009 Πατρός
2995 4937 3087 4986 καὶ
3122 4939 3214 4986 τοῦ
3243 4933 3367 4986 Υὶοῦ
3422 4934 3632 4985 καὶτοῦ
3662 4929 3826 5003 ἁγίου

2215 5220 2435 5278 nostris
2473 5218 2810 5283 codicibus,
2833 5222 2891 5275 et
2919 5217 3285 5273 editionibus
3312 5220 3540 5287 Hagan.
3569 5220 3629 5274 et
3656 5218 3826 5275 Basi-

2214 5293 2399 5349 leensi
2429 5292 2643 5363 prima.
2677 5294 2808 5347 Mox
2838 5290 2961 5345 duo
2987 5290 3443 5363 mssénorieirui
3474 5309 3577 5363 σοι.

2290 5365 2396 5433 (11)
2427 5360 2635 5433 Νόημα.
2670 5365 2841 5418 Deest
2860 5363 2921 5417 in
2972 5360 3129 5416 Harl.
3158 5367 3217 5417 et
3258 5361 3393 5433 alio,
3423 5361 3652 5433 codice,
3702 5378 3821 5418 nec

2215 5432 2622 5491 necessarium
2652 5433 2909 5489 videtur.
2930 5435 2997 5501 lu
3024 5432 3237 5488 iisdem
3264 5432 3575 5488 codicibus
3596 5432 3823 5501 legitur

2217 5503 2525 5579 ἀπερείδειν.
2560 5504 2706 5561 Editi
2735 5500 3046 5580 ὑπερείδειν.
3102 5504 3375 5577 Quinque
3425 5520 3576 5560 mss.
3638 5500 3707 5560 lit
3752 5506 3819 5562 in

2214 5582 2396 5636 textu.

3906 608 3921 639 )
