  <div class='ocr_page' id='page_1' title='image "/cluster/home/n/w/nwhite01/storage/ocr_20150623/32/hvd.32044048207401/171.png"; bbox 0 0 4070 6194; ppageno 0'>
   <div class='ocr_carea' id='block_1_1' title="bbox 477 276 578 332">
    <p class='ocr_par' dir='ltr' id='par_1_1' title="bbox 477 276 578 332">
     <span class='ocr_line' id='line_1_1' title="bbox 477 276 578 332; baseline -0.02 0"><span class='ocrx_word' id='word_1_1' title='bbox 477 276 578 332; x_wconf 84' lang='grc'><strong>331</strong></span> 
     </span>
    </p>
   </div>
   <div class='ocr_carea' id='block_1_2' title="bbox 1865 251 2468 316">
    <p class='ocr_par' dir='ltr' id='par_1_2' title="bbox 1865 251 2468 316">
     <span class='ocr_line' id='line_1_2' title="bbox 1865 251 2468 316; baseline -0.008 -1"><span class='ocrx_word' id='word_1_2' title='bbox 1865 259 1920 316; x_wconf 91' lang='lat' dir='ltr'><strong>S.</strong></span> <span class='ocrx_word' id='word_1_3' title='bbox 1961 251 2212 310; x_wconf 79' lang='lat' dir='ltr'><strong>BASILII</strong></span> <span class='ocrx_word' id='word_1_4' title='bbox 2247 253 2468 310; x_wconf 78' lang='lat' dir='ltr'><strong>MAGNI</strong></span> 
     </span>
    </p>
   </div>
   <div class='ocr_carea' id='block_1_3' title="bbox 3733 257 3852 314">
    <p class='ocr_par' dir='ltr' id='par_1_3' title="bbox 3733 257 3852 314">
     <span class='ocr_line' id='line_1_3' title="bbox 3733 257 3852 314; baseline 0.017 -2"><span class='ocrx_word' id='word_1_5' title='bbox 3733 257 3852 314; x_wconf 81' lang='lat'><strong>332</strong></span> 
     </span>
    </p>
   </div>
   <div class='ocr_carea' id='block_1_4' title="bbox 478 375 2114 462">
    <p class='ocr_par' dir='ltr' id='par_1_4' title="bbox 478 388 2114 462">
     <span class='ocr_line' id='line_1_4' title="bbox 478 388 2114 462; baseline -0.012 -7"><span class='ocrx_word' id='word_1_6' title='bbox 478 398 746 455; x_wconf 83' lang='lat' dir='ltr'><strong>subsistit</strong></span> <span class='ocrx_word' id='word_1_7' title='bbox 793 411 864 452; x_wconf 80' lang='lat' dir='ltr'><strong>ex</strong></span> <span class='ocrx_word' id='word_1_8' title='bbox 909 410 1117 462; x_wconf 87' lang='lat' dir='ltr'><strong>causa,</strong></span> <span class='ocrx_word' id='word_1_9' title='bbox 1157 393 1322 449; x_wconf 84' lang='lat' dir='ltr'><strong>solus</strong></span> <span class='ocrx_word' id='word_1_10' title='bbox 1369 391 1590 458; x_wconf 84' lang='lat' dir='ltr'><strong>habet;</strong></span> <span class='ocrx_word' id='word_1_11' title='bbox 1650 388 1887 458; x_wconf 91' lang='lat' dir='ltr'><strong>hocque</strong></span> <span class='ocrx_word' id='word_1_12' title='bbox 1911 395 2114 438; x_wconf 82' lang='lat' dir='ltr'><strong>rursus</strong></span> 
     </span>
    </p>
   </div>
   <div class='ocr_carea' id='block_1_5' title="bbox 2226 375 3852 462">
    <p class='ocr_par' dir='ltr' id='par_1_5' title="bbox 2233 375 3852 452">
     <span class='ocr_line' id='line_1_5' title="bbox 2233 375 3852 452; baseline 0.001 -23"><span class='ocrx_word' id='word_1_13' title='bbox 2233 383 2322 430; x_wconf 89' lang='grc' dir='ltr'><strong>καὶ</strong></span> <span class='ocrx_word' id='word_1_14' title='bbox 2368 378 2422 430; x_wconf 84' lang='grc' dir='ltr'><strong>ἐκ</strong></span> <span class='ocrx_word' id='word_1_15' title='bbox 2470 375 2737 452; x_wconf 79' lang='grc' dir='ltr'><strong>μηδεμιᾶς</strong></span> <span class='ocrx_word' id='word_1_16' title='bbox 2777 377 2887 450; x_wconf 83' lang='grc'>(16)</span> <span class='ocrx_word' id='word_1_17' title='bbox 2927 375 3098 438; x_wconf 80' lang='grc' dir='ltr'><strong>αἰτίας</strong></span> <span class='ocrx_word' id='word_1_18' title='bbox 3135 376 3448 444; x_wconf 77' lang='grc' dir='ltr'><strong>ὑποστῆναι,</strong></span> <span class='ocrx_word' id='word_1_19' title='bbox 3491 380 3652 450; x_wconf 82' lang='grc' dir='ltr'><strong>μόνος</strong></span> <span class='ocrx_word' id='word_1_20' title='bbox 3685 380 3808 450; x_wconf 75' lang='grc' dir='ltr'>ἔχει</span> <span class='ocrx_word' id='word_1_21' title='bbox 3837 397 3852 410; x_wconf 90' lang='grc'><strong>·</strong></span> 
     </span>
    </p>
   </div>
   <div class='ocr_carea' id='block_1_6' title="bbox 476 469 2124 558">
    <p class='ocr_par' dir='ltr' id='par_1_6' title="bbox 476 469 2124 558">
     <span class='ocr_line' id='line_1_6' title="bbox 476 469 2124 558; baseline -0.013 -13"><span class='ocrx_word' id='word_1_22' title='bbox 476 489 697 544; x_wconf 91' lang='lat' dir='ltr'><strong>indicio</strong></span> <span class='ocrx_word' id='word_1_23' title='bbox 721 491 777 542; x_wconf 92' lang='lat' dir='ltr'><strong>et</strong></span> <span class='ocrx_word' id='word_1_24' title='bbox 801 487 929 558; x_wconf 90' lang='lat' dir='ltr'><strong>ipse</strong></span> <span class='ocrx_word' id='word_1_25' title='bbox 958 484 1197 557; x_wconf 86' lang='lat' dir='ltr'><strong>proprie</strong></span> <span class='ocrx_word' id='word_1_26' title='bbox 1228 481 1627 552; x_wconf 79' lang='lat' dir='ltr'><strong>cognoscitur.</strong></span> <span class='ocrx_word' id='word_1_27' title='bbox 1663 477 2039 548; x_wconf 84' lang='lat' dir='ltr'><strong>Quapropter</strong></span> <span class='ocrx_word' id='word_1_28' title='bbox 2063 469 2124 524; x_wconf 92' lang='lat' dir='ltr'><strong>in</strong></span> 
     </span>
    </p>
   </div>
   <div class='ocr_carea' id='block_1_7' title="bbox 477 565 2125 632">
    <p class='ocr_par' dir='ltr' id='par_1_7' title="bbox 477 565 2125 632">
     <span class='ocr_line' id='line_1_7' title="bbox 477 565 2125 632; baseline -0.012 0"><span class='ocrx_word' id='word_1_29' title='bbox 477 576 747 632; x_wconf 82' lang='lat' dir='ltr'><strong>essentiae</strong></span> <span class='ocrx_word' id='word_1_30' title='bbox 774 572 1202 630; x_wconf 81' lang='lat' dir='ltr'><strong>communitate</strong></span> <span class='ocrx_word' id='word_1_31' title='bbox 1232 565 1487 625; x_wconf 87' lang='lat' dir='ltr'><strong>dicimus</strong></span> <span class='ocrx_word' id='word_1_32' title='bbox 1523 583 1636 623; x_wconf 91' lang='lat' dir='ltr'><strong>nec</strong></span> <span class='ocrx_word' id='word_1_33' title='bbox 1667 565 1986 624; x_wconf 66' lang='lat' dir='ltr'><strong>cohaerere,</strong></span> <span class='ocrx_word' id='word_1_34' title='bbox 2014 573 2125 613; x_wconf 90' lang='lat' dir='ltr'><strong>nec</strong></span> 
     </span>
    </p>
   </div>
   <div class='ocr_carea' id='block_1_8' title="bbox 477 648 2126 734">
    <p class='ocr_par' dir='ltr' id='par_1_8' title="bbox 477 648 2126 734">
     <span class='ocr_line' id='line_1_8' title="bbox 477 648 2126 734; baseline -0.012 -13"><span class='ocrx_word' id='word_1_35' title='bbox 477 663 914 721; x_wconf 89' lang='lat' dir='ltr'><strong>communicari</strong></span> <span class='ocrx_word' id='word_1_36' title='bbox 939 677 1114 734; x_wconf 90' lang='lat' dir='ltr'><strong>posse</strong></span> <span class='ocrx_word' id='word_1_37' title='bbox 1135 677 1272 733; x_wconf 67' lang='lat' dir='ltr'><strong>quae</strong></span> <span class='ocrx_word' id='word_1_38' title='bbox 1296 657 1748 714; x_wconf 77' lang='lat' dir='ltr'><strong>considerantur</strong></span> <span class='ocrx_word' id='word_1_39' title='bbox 1767 653 1827 708; x_wconf 91' lang='lat' dir='ltr'><strong>in</strong></span> <span class='ocrx_word' id='word_1_40' title='bbox 1847 648 2126 708; x_wconf 80' lang='lat' dir='ltr'><strong>Trinitate</strong></span> 
     </span>
    </p>
   </div>
   <div class='ocr_carea' id='block_1_9' title="bbox 475 741 2124 827">
    <p class='ocr_par' dir='ltr' id='par_1_9' title="bbox 475 741 2124 827">
     <span class='ocr_line' id='line_1_9' title="bbox 475 741 2124 827; baseline -0.012 -15"><span class='ocrx_word' id='word_1_41' title='bbox 475 755 718 825; x_wconf 89' lang='lat' dir='ltr'><strong>indicia,</strong></span> <span class='ocrx_word' id='word_1_42' title='bbox 733 769 840 827; x_wconf 90' lang='lat' dir='ltr'><strong>per</strong></span> <span class='ocrx_word' id='word_1_43' title='bbox 856 769 990 824; x_wconf 83' lang='lat' dir='ltr'><strong>quae</strong></span> <span class='ocrx_word' id='word_1_44' title='bbox 1007 751 1342 824; x_wconf 84' lang='lat' dir='ltr'><strong>proprietas</strong></span> <span class='ocrx_word' id='word_1_45' title='bbox 1369 747 1747 804; x_wconf 83' lang='lat' dir='ltr'><strong>constituitur</strong></span> <span class='ocrx_word' id='word_1_46' title='bbox 1767 741 2124 827; x_wconf 84' lang='lat' dir='ltr'><strong>traditarum</strong></span> 
     </span>
    </p>
   </div>
   <div class='ocr_carea' id='block_1_10' title="bbox 475 826 2124 915">
    <p class='ocr_par' dir='ltr' id='par_1_10' title="bbox 475 826 2124 915">
     <span class='ocr_line' id='line_1_10' title="bbox 475 826 2124 915; baseline -0.012 -15"><span class='ocrx_word' id='word_1_47' title='bbox 475 846 535 902; x_wconf 89' lang='lat' dir='ltr'><strong>in</strong></span> <span class='ocrx_word' id='word_1_48' title='bbox 567 845 685 899; x_wconf 86' lang='lat' dir='ltr'><strong>fide</strong></span> <span class='ocrx_word' id='word_1_49' title='bbox 715 826 1132 915; x_wconf 87' lang='lat' dir='ltr'><strong>personarum,</strong></span> <span class='ocrx_word' id='word_1_50' title='bbox 1167 853 1537 912; x_wconf 88' lang='lat' dir='ltr'><strong>unaquaque</strong></span> <span class='ocrx_word' id='word_1_51' title='bbox 1585 833 1843 908; x_wconf 85' lang='lat' dir='ltr'><strong>propriis</strong></span> <span class='ocrx_word' id='word_1_52' title='bbox 1889 826 2124 886; x_wconf 88' lang='lat' dir='ltr'><strong>indiciis</strong></span> 
     </span>
    </p>
   </div>
   <div class='ocr_carea' id='block_1_11' title="bbox 475 916 2122 994">
    <p class='ocr_par' dir='ltr' id='par_1_11' title="bbox 475 916 2122 994">
     <span class='ocr_line' id='line_1_11' title="bbox 475 916 2122 994; baseline -0.011 -6"><span class='ocrx_word' id='word_1_53' title='bbox 475 933 725 988; x_wconf 90' lang='lat' dir='ltr'><strong>discrete</strong></span> <span class='ocrx_word' id='word_1_54' title='bbox 769 929 1098 994; x_wconf 88' lang='lat' dir='ltr'><strong>intellecta;</strong></span> <span class='ocrx_word' id='word_1_55' title='bbox 1131 929 1212 983; x_wconf 86' lang='lat' dir='ltr'><strong>ita</strong></span> <span class='ocrx_word' id='word_1_56' title='bbox 1254 932 1320 984; x_wconf 90' lang='lat' dir='ltr'><strong>ut</strong></span> <span class='ocrx_word' id='word_1_57' title='bbox 1367 943 1432 981; x_wconf 82' lang='lat' dir='ltr'><strong>ex</strong></span> <span class='ocrx_word' id='word_1_58' title='bbox 1471 924 1642 980; x_wconf 91' lang='lat' dir='ltr'><strong>dictis</strong></span> <span class='ocrx_word' id='word_1_59' title='bbox 1685 921 1918 978; x_wconf 90' lang='lat' dir='ltr'><strong>indiciis</strong></span> <span class='ocrx_word' id='word_1_60' title='bbox 1950 916 2122 972; x_wconf 82' lang='lat' dir='ltr'><strong>diffe—</strong></span> 
     </span>
    </p>
   </div>
   <div class='ocr_carea' id='block_1_12' title="bbox 471 1013 2123 1092">
    <p class='ocr_par' dir='ltr' id='par_1_12' title="bbox 471 1013 2123 1092">
     <span class='ocr_line' id='line_1_12' title="bbox 471 1013 2123 1092; baseline -0.01 -16"><span class='ocrx_word' id='word_1_61' title='bbox 471 1021 666 1076; x_wconf 87' lang='lat' dir='ltr'><strong>rentia</strong></span> <span class='ocrx_word' id='word_1_62' title='bbox 685 1020 1102 1092; x_wconf 77' lang='lat' dir='ltr'><strong>hypostasemn</strong></span> <span class='ocrx_word' id='word_1_63' title='bbox 1121 1013 1610 1088; x_wconf 85' lang='lat' dir='ltr'><strong>deprehendatur</strong></span> <span class='ocrx_word' id='word_1_64' title='bbox 1629 1031 1641 1080; x_wconf 87' lang='lat'><strong>;</strong></span> <span class='ocrx_word' id='word_1_65' title='bbox 1675 1017 1735 1068; x_wconf 90' lang='lat' dir='ltr'><strong>at</strong></span> <span class='ocrx_word' id='word_1_66' title='bbox 1753 1026 1915 1074; x_wconf 80' lang='lat' dir='ltr'><strong>vero,</strong></span> <span class='ocrx_word' id='word_1_67' title='bbox 1938 1021 2123 1080; x_wconf 89' lang='lat' dir='ltr'><strong>quan-</strong></span> 
     </span>
    </p>
   </div>
   <div class='ocr_carea' id='block_1_13' title="bbox 473 1099 2125 1178">
    <p class='ocr_par' dir='ltr' id='par_1_13' title="bbox 473 1099 2125 1178">
     <span class='ocr_line' id='line_1_13' title="bbox 473 1099 2125 1178; baseline -0.008 -12"><span class='ocrx_word' id='word_1_68' title='bbox 473 1115 602 1166; x_wconf 89' lang='lat' dir='ltr'><strong>tum</strong></span> <span class='ocrx_word' id='word_1_69' title='bbox 630 1109 837 1164; x_wconf 85' lang='lat' dir='ltr'><strong>attinet</strong></span> <span class='ocrx_word' id='word_1_70' title='bbox 863 1107 940 1163; x_wconf 88' lang='lat' dir='ltr'><strong>ad</strong></span> <span class='ocrx_word' id='word_1_71' title='bbox 969 1106 1031 1162; x_wconf 92' lang='lat' dir='ltr'><strong>id</strong></span> <span class='ocrx_word' id='word_1_72' title='bbox 1061 1105 1227 1178; x_wconf 93' lang='lat' dir='ltr'><strong>quod</strong></span> <span class='ocrx_word' id='word_1_73' title='bbox 1254 1105 1623 1160; x_wconf 90' lang='lat' dir='ltr'><strong>immensum</strong></span> <span class='ocrx_word' id='word_1_74' title='bbox 1645 1105 1752 1168; x_wconf 89' lang='lat' dir='ltr'><strong>est,</strong></span> <span class='ocrx_word' id='word_1_75' title='bbox 1771 1099 1937 1172; x_wconf 90' lang='lat' dir='ltr'><strong>quod</strong></span> <span class='ocrx_word' id='word_1_76' title='bbox 1965 1114 2125 1153; x_wconf 86' lang='lat' dir='ltr'><strong>com-</strong></span> 
     </span>
    </p>
   </div>
   <div class='ocr_carea' id='block_1_14' title="bbox 471 1185 2122 1276">
    <p class='ocr_par' dir='ltr' id='par_1_14' title="bbox 471 1185 2122 1276">
     <span class='ocr_line' id='line_1_14' title="bbox 471 1185 2122 1276; baseline -0.008 -22"><span class='ocrx_word' id='word_1_77' title='bbox 471 1197 768 1272; x_wconf 84' lang='lat' dir='ltr'><strong>prehendi</strong></span> <span class='ocrx_word' id='word_1_78' title='bbox 792 1211 914 1252; x_wconf 89' lang='lat' dir='ltr'><strong>non</strong></span> <span class='ocrx_word' id='word_1_79' title='bbox 945 1197 1164 1276; x_wconf 86' lang='lat' dir='ltr'><strong>potest,</strong></span> <span class='ocrx_word' id='word_1_80' title='bbox 1188 1193 1356 1265; x_wconf 88' lang='lat' dir='ltr'><strong>quod</strong></span> <span class='ocrx_word' id='word_1_81' title='bbox 1385 1195 1654 1248; x_wconf 90' lang='lat' dir='ltr'><strong>creatum</strong></span> <span class='ocrx_word' id='word_1_82' title='bbox 1681 1205 1804 1245; x_wconf 90' lang='lat' dir='ltr'><strong>non</strong></span> <span class='ocrx_word' id='word_1_83' title='bbox 1831 1191 1936 1257; x_wconf 90' lang='lat' dir='ltr'><strong>est,</strong></span> <span class='ocrx_word' id='word_1_84' title='bbox 1956 1185 2122 1260; x_wconf 91' lang='lat' dir='ltr'><strong>quod</strong></span> 
     </span>
    </p>
   </div>
   <div class='ocr_carea' id='block_1_15' title="bbox 469 1276 2121 1352">
    <p class='ocr_par' dir='ltr' id='par_1_15' title="bbox 469 1276 2121 1352">
     <span class='ocr_line' id='line_1_15' title="bbox 469 1276 2121 1352; baseline -0.008 -8"><span class='ocrx_word' id='word_1_85' title='bbox 469 1287 602 1344; x_wconf 92' lang='lat' dir='ltr'><strong>loco</strong></span> <span class='ocrx_word' id='word_1_86' title='bbox 632 1285 797 1343; x_wconf 91' lang='lat' dir='ltr'><strong>nullo</strong></span> <span class='ocrx_word' id='word_1_87' title='bbox 853 1283 1382 1346; x_wconf 85' lang='lat' dir='ltr'><strong>circumscribitur,</strong></span> <span class='ocrx_word' id='word_1_88' title='bbox 1433 1285 1489 1337; x_wconf 90' lang='lat' dir='ltr'><strong>et</strong></span> <span class='ocrx_word' id='word_1_89' title='bbox 1543 1281 1776 1352; x_wconf 88' lang='lat' dir='ltr'><strong>reliqua</strong></span> <span class='ocrx_word' id='word_1_90' title='bbox 1822 1276 2121 1348; x_wconf 85' lang='lat' dir='ltr'><strong>ejusmodi</strong></span> 
     </span>
    </p>
   </div>
   <div class='ocr_carea' id='block_1_16' title="bbox 471 1369 2117 1439">
    <p class='ocr_par' dir='ltr' id='par_1_16' title="bbox 471 1369 2117 1439">
     <span class='ocr_line' id='line_1_16' title="bbox 471 1369 2117 1439; baseline -0.008 -7"><span class='ocrx_word' id='word_1_91' title='bbox 471 1377 695 1439; x_wconf 86' lang='lat' dir='ltr'><strong>omnia,</strong></span> <span class='ocrx_word' id='word_1_92' title='bbox 748 1373 1072 1429; x_wconf 87' lang='lat' dir='ltr'><strong>discrimen</strong></span> <span class='ocrx_word' id='word_1_93' title='bbox 1127 1371 1359 1426; x_wconf 91' lang='lat' dir='ltr'><strong>nullum</strong></span> <span class='ocrx_word' id='word_1_94' title='bbox 1403 1371 1478 1426; x_wconf 91' lang='lat' dir='ltr'><strong>sit</strong></span> <span class='ocrx_word' id='word_1_95' title='bbox 1505 1371 1566 1424; x_wconf 92' lang='lat' dir='ltr'><strong>in</strong></span> <span class='ocrx_word' id='word_1_96' title='bbox 1595 1369 1828 1424; x_wconf 77' lang='lat' dir='ltr'><strong>vivitica</strong></span> <span class='ocrx_word' id='word_1_97' title='bbox 1857 1371 2072 1422; x_wconf 88' lang='lat' dir='ltr'><strong>natura</strong></span> <span class='ocrx_word' id='word_1_98' title='bbox 2105 1382 2117 1420; x_wconf 93' lang='lat'><strong>:</strong></span> 
     </span>
    </p>
   </div>
   <div class='ocr_carea' id='block_1_17' title="bbox 467 1453 2121 1538">
    <p class='ocr_par' dir='ltr' id='par_1_17' title="bbox 467 1453 2121 1538">
     <span class='ocr_line' id='line_1_17' title="bbox 467 1453 2121 1538; baseline -0.007 -18"><span class='ocrx_word' id='word_1_99' title='bbox 467 1466 529 1520; x_wconf 92' lang='lat' dir='ltr'><strong>in</strong></span> <span class='ocrx_word' id='word_1_100' title='bbox 561 1468 748 1528; x_wconf 83' lang='lat' dir='ltr'><strong>Patre,</strong></span> <span class='ocrx_word' id='word_1_101' title='bbox 787 1463 1061 1535; x_wconf 83' lang='lat' dir='ltr'><strong>inquam,</strong></span> <span class='ocrx_word' id='word_1_102' title='bbox 1097 1464 1154 1516; x_wconf 90' lang='lat' dir='ltr'><strong>et</strong></span> <span class='ocrx_word' id='word_1_103' title='bbox 1197 1459 1360 1526; x_wconf 91' lang='lat' dir='ltr'><strong>Filio,</strong></span> <span class='ocrx_word' id='word_1_104' title='bbox 1391 1463 1445 1514; x_wconf 91' lang='lat' dir='ltr'><strong>et</strong></span> <span class='ocrx_word' id='word_1_105' title='bbox 1489 1459 1708 1532; x_wconf 86' lang='lat' dir='ltr'><strong>Spiritu</strong></span> <span class='ocrx_word' id='word_1_106' title='bbox 1758 1459 1986 1538; x_wconf 84' lang='lat' dir='ltr'><strong>sancto,</strong></span> <span class='ocrx_word' id='word_1_107' title='bbox 2015 1453 2121 1510; x_wconf 89' lang='lat' dir='ltr'><strong>sed</strong></span> 
     </span>
    </p>
   </div>
   <div class='ocr_carea' id='block_1_18' title="bbox 468 1545 2121 1625">
    <p class='ocr_par' dir='ltr' id='par_1_18' title="bbox 468 1545 2121 1625">
     <span class='ocr_line' id='line_1_18' title="bbox 468 1545 2121 1625; baseline -0.007 -15"><span class='ocrx_word' id='word_1_108' title='bbox 468 1554 754 1611; x_wconf 88' lang='lat' dir='ltr'><strong>continua</strong></span> <span class='ocrx_word' id='word_1_109' title='bbox 775 1552 1058 1625; x_wconf 77' lang='lat' dir='ltr'><strong>quaedam</strong></span> <span class='ocrx_word' id='word_1_110' title='bbox 1085 1554 1141 1606; x_wconf 92' lang='lat' dir='ltr'><strong>et</strong></span> <span class='ocrx_word' id='word_1_111' title='bbox 1165 1549 1425 1606; x_wconf 88' lang='lat' dir='ltr'><strong>indivisa</strong></span> <span class='ocrx_word' id='word_1_112' title='bbox 1449 1548 1702 1604; x_wconf 84' lang='lat' dir='ltr'><strong>societas</strong></span> <span class='ocrx_word' id='word_1_113' title='bbox 1725 1548 1784 1602; x_wconf 90' lang='lat' dir='ltr'><strong>in</strong></span> <span class='ocrx_word' id='word_1_114' title='bbox 1817 1545 1960 1620; x_wconf 87' lang='lat' dir='ltr'><strong>ipsis</strong></span> <span class='ocrx_word' id='word_1_115' title='bbox 1989 1560 2121 1616; x_wconf 90' lang='lat' dir='ltr'><strong>per-</strong></span> 
     </span>
    </p>
   </div>
   <div class='ocr_carea' id='block_1_19' title="bbox 469 1634 2118 1717">
    <p class='ocr_par' dir='ltr' id='par_1_19' title="bbox 469 1634 2118 1717">
     <span class='ocr_line' id='line_1_19' title="bbox 469 1634 2118 1717; baseline -0.007 -17"><span class='ocrx_word' id='word_1_116' title='bbox 469 1643 776 1717; x_wconf 88' lang='lat' dir='ltr'><strong>spiciatur.</strong></span> <span class='ocrx_word' id='word_1_117' title='bbox 809 1646 999 1714; x_wconf 80' lang='lat' dir='ltr'><strong>Atque</strong></span> <span class='ocrx_word' id='word_1_118' title='bbox 1025 1657 1132 1713; x_wconf 91' lang='lat' dir='ltr'><strong>per</strong></span> <span class='ocrx_word' id='word_1_119' title='bbox 1161 1657 1316 1713; x_wconf 89' lang='lat' dir='ltr'><strong>quas</strong></span> <span class='ocrx_word' id='word_1_120' title='bbox 1345 1640 1478 1712; x_wconf 89' lang='lat' dir='ltr'><strong>quis</strong></span> <span class='ocrx_word' id='word_1_121' title='bbox 1509 1638 1900 1709; x_wconf 81' lang='lat' dir='ltr'><strong>cogitationes</strong></span> <span class='ocrx_word' id='word_1_122' title='bbox 1933 1634 2118 1706; x_wconf 88' lang='lat' dir='ltr'><strong>maje-</strong></span> 
     </span>
    </p>
   </div>
   <div class='ocr_carea' id='block_1_20' title="bbox 2233 465 3858 539">
    <p class='ocr_par' dir='ltr' id='par_1_20' title="bbox 2233 465 3858 539">
     <span class='ocr_line' id='line_1_20' title="bbox 2233 465 3858 539; baseline 0 -19"><span class='ocrx_word' id='word_1_123' title='bbox 2233 472 2323 520; x_wconf 85' lang='grc' dir='ltr'>καὶ</span> <span class='ocrx_word' id='word_1_124' title='bbox 2357 465 2449 520; x_wconf 73' lang='grc' dir='ltr'><strong>διὰ</strong></span> <span class='ocrx_word' id='word_1_125' title='bbox 2478 472 2663 521; x_wconf 89' lang='grc' dir='ltr'>τούτου</span> <span class='ocrx_word' id='word_1_126' title='bbox 2715 468 2867 520; x_wconf 75' lang='grc' dir='ltr'>πάλιν</span> <span class='ocrx_word' id='word_1_127' title='bbox 2899 474 2990 520; x_wconf 82' lang='grc' dir='ltr'><strong>τοῦ</strong></span> <span class='ocrx_word' id='word_1_128' title='bbox 3023 471 3242 539; x_wconf 76' lang='grc' dir='ltr'><strong>σημείου</strong></span> <span class='ocrx_word' id='word_1_129' title='bbox 3275 471 3364 520; x_wconf 86' lang='grc' dir='ltr'><strong>καὶ</strong></span> <span class='ocrx_word' id='word_1_130' title='bbox 3405 467 3572 530; x_wconf 70' lang='grc' dir='ltr'>αὐτὸς</span> <span class='ocrx_word' id='word_1_131' title='bbox 3613 465 3858 530; x_wconf 73' lang='grc' dir='ltr'><strong>ἰδιαζόν-</strong></span> 
     </span>
    </p>
   </div>
   <div class='ocr_carea' id='block_1_21' title="bbox 2233 555 3856 630">
    <p class='ocr_par' dir='ltr' id='par_1_21' title="bbox 2233 555 3856 630">
     <span class='ocr_line' id='line_1_21' title="bbox 2233 555 3856 630; baseline -0.001 -20"><span class='ocrx_word' id='word_1_132' title='bbox 2233 555 2801 630; x_wconf 78' lang='grc' dir='ltr'><strong>τως’ἐπιγινώσκεται.</strong></span> <span class='ocrx_word' id='word_1_133' title='bbox 2865 559 3062 610; x_wconf 83' lang='grc' dir='ltr'><strong>Τούτου</strong></span> <span class='ocrx_word' id='word_1_134' title='bbox 3123 557 3282 608; x_wconf 81' lang='grc' dir='ltr'>ἕνεκεν</span> <span class='ocrx_word' id='word_1_135' title='bbox 3333 555 3379 607; x_wconf 77' lang='grc' dir='ltr'><strong>ἓν</strong></span> <span class='ocrx_word' id='word_1_136' title='bbox 3425 565 3488 630; x_wconf 76' lang='grc' dir='ltr'>τῇ</span> <span class='ocrx_word' id='word_1_137' title='bbox 3533 565 3627 619; x_wconf 82' lang='grc' dir='ltr'><strong>τῆς</strong></span> <span class='ocrx_word' id='word_1_138' title='bbox 3657 559 3856 620; x_wconf 76' lang='grc' dir='ltr'>οὐσίας</span> 
     </span>
    </p>
   </div>
   <div class='ocr_carea' id='block_1_22' title="bbox 2234 642 3856 720">
    <p class='ocr_par' dir='ltr' id='par_1_22' title="bbox 2234 642 3856 720">
     <span class='ocr_line' id='line_1_22' title="bbox 2234 642 3856 720; baseline 0.001 -23"><span class='ocrx_word' id='word_1_139' title='bbox 2234 651 2495 704; x_wconf 87' lang='grc' dir='ltr'>κοινότητι</span> <span class='ocrx_word' id='word_1_140' title='bbox 2544 646 2823 720; x_wconf 75' lang='grc' dir='ltr'>ἆσύμϐατοί</span> <span class='ocrx_word' id='word_1_141' title='bbox 2869 665 3029 720; x_wconf 78' lang='grc' dir='ltr'>φαμεν</span> <span class='ocrx_word' id='word_1_142' title='bbox 3080 642 3207 698; x_wconf 82' lang='grc' dir='ltr'>εἶναι</span> <span class='ocrx_word' id='word_1_143' title='bbox 3255 644 3346 696; x_wconf 81' lang='grc' dir='ltr'><strong>καὶ</strong></span> <span class='ocrx_word' id='word_1_144' title='bbox 3397 643 3726 705; x_wconf 74' lang='grc' dir='ltr'><strong>ἀκοινώνητα</strong></span> <span class='ocrx_word' id='word_1_145' title='bbox 3779 649 3856 699; x_wconf 79' lang='grc' dir='ltr'><strong>τὰ</strong></span> 
     </span>
    </p>
   </div>
   <div class='ocr_carea' id='block_1_23' title="bbox 2234 731 3852 812">
    <p class='ocr_par' dir='ltr' id='par_1_23' title="bbox 2234 731 3852 812">
     <span class='ocr_line' id='line_1_23' title="bbox 2234 731 3852 812; baseline 0 -24"><span class='ocrx_word' id='word_1_146' title='bbox 2234 735 2646 811; x_wconf 79' lang='grc' dir='ltr'>ἐπιθεωρούμενα</span> <span class='ocrx_word' id='word_1_147' title='bbox 2677 743 2736 810; x_wconf 74' lang='grc' dir='ltr'>τῇ</span> <span class='ocrx_word' id='word_1_148' title='bbox 2781 732 2976 812; x_wconf 74' lang='grc' dir='ltr'>Τριαδι</span> <span class='ocrx_word' id='word_1_149' title='bbox 3017 739 3384 810; x_wconf 68' lang='grc' dir='ltr'><strong>γνωρίσματα,</strong></span> <span class='ocrx_word' id='word_1_150' title='bbox 3417 731 3491 787; x_wconf 75' lang='grc' dir='ltr'><strong>δι’</strong></span> <span class='ocrx_word' id='word_1_151' title='bbox 3523 731 3590 786; x_wconf 82' lang='grc' dir='ltr'><strong>ὧν</strong></span> <span class='ocrx_word' id='word_1_152' title='bbox 3633 738 3664 794; x_wconf 78' lang='grc' dir='ltr'>ἡ</span> <span class='ocrx_word' id='word_1_153' title='bbox 3703 733 3852 788; x_wconf 79' lang='grc' dir='ltr'>ἰδιό-</span> 
     </span>
    </p>
   </div>
   <div class='ocr_carea' id='block_1_24' title="bbox 2233 819 3848 900">
    <p class='ocr_par' dir='ltr' id='par_1_24' title="bbox 2233 819 3848 900">
     <span class='ocr_line' id='line_1_24' title="bbox 2233 819 3848 900; baseline 0.003 -24"><span class='ocrx_word' id='word_1_154' title='bbox 2233 845 2328 884; x_wconf 80' lang='grc' dir='ltr'><strong>της</strong></span> <span class='ocrx_word' id='word_1_155' title='bbox 2357 830 2680 900; x_wconf 79' lang='grc' dir='ltr'>παρίσταται</span> <span class='ocrx_word' id='word_1_156' title='bbox 2731 833 2829 878; x_wconf 87' lang='grc' dir='ltr'>τῶν</span> <span class='ocrx_word' id='word_1_157' title='bbox 2879 823 2925 876; x_wconf 81' lang='grc' dir='ltr'>ἐν</span> <span class='ocrx_word' id='word_1_158' title='bbox 2958 831 3019 897; x_wconf 79' lang='grc' dir='ltr'>τῇ</span> <span class='ocrx_word' id='word_1_159' title='bbox 3053 827 3232 876; x_wconf 80' lang='grc' dir='ltr'>πίστει</span> <span class='ocrx_word' id='word_1_160' title='bbox 3259 819 3702 900; x_wconf 74' lang='grc' dir='ltr'><strong>παραδεδομένων</strong></span> <span class='ocrx_word' id='word_1_161' title='bbox 3727 825 3848 897; x_wconf 78' lang='grc'>(1⁸7)</span> 
     </span>
    </p>
   </div>
   <div class='ocr_carea' id='block_1_25' title="bbox 2233 909 3846 990">
    <p class='ocr_par' dir='ltr' id='par_1_25' title="bbox 2233 909 3846 990">
     <span class='ocr_line' id='line_1_25' title="bbox 2233 909 3846 990; baseline 0 -24"><span class='ocrx_word' id='word_1_162' title='bbox 2233 921 2542 988; x_wconf 77' lang='grc' dir='ltr'><strong>προσώπων,</strong></span> <span class='ocrx_word' id='word_1_163' title='bbox 2590 914 2812 968; x_wconf 73' lang='grc' dir='ltr'>ἕκαστον</span> <span class='ocrx_word' id='word_1_164' title='bbox 2855 921 2960 974; x_wconf 87' lang='grc' dir='ltr'>τοῖς</span> <span class='ocrx_word' id='word_1_165' title='bbox 3003 909 3162 974; x_wconf 75' lang='grc' dir='ltr'>ἰδίοις</span> <span class='ocrx_word' id='word_1_166' title='bbox 3189 918 3524 986; x_wconf 81' lang='grc' dir='ltr'>γνωρίσμασι</span> <span class='ocrx_word' id='word_1_167' title='bbox 3557 909 3846 990; x_wconf 77' lang='grc' dir='ltr'>διακεκρι-</span> 
     </span>
    </p>
   </div>
   <div class='ocr_carea' id='block_1_26' title="bbox 2233 997 3843 1076">
    <p class='ocr_par' dir='ltr' id='par_1_26' title="bbox 2233 997 3843 1076">
     <span class='ocr_line' id='line_1_26' title="bbox 2233 997 3843 1076; baseline 0 -22"><span class='ocrx_word' id='word_1_168' title='bbox 2233 1007 2389 1074; x_wconf 82' lang='grc' dir='ltr'>μένως</span> <span class='ocrx_word' id='word_1_169' title='bbox 2440 1003 3002 1076; x_wconf 73' lang='grc' dir='ltr'>καταλαμϐανομένου·</span> <span class='ocrx_word' id='word_1_170' title='bbox 3061 1007 3196 1053; x_wconf 81' lang='grc' dir='ltr'>ὥστε</span> <span class='ocrx_word' id='word_1_171' title='bbox 3251 997 3343 1052; x_wconf 72' lang='grc' dir='ltr'><strong>διὰ</strong></span> <span class='ocrx_word' id='word_1_172' title='bbox 3399 1009 3499 1053; x_wconf 79' lang='grc' dir='ltr'><strong>τῶν</strong></span> <span class='ocrx_word' id='word_1_173' title='bbox 3549 1001 3843 1074; x_wconf 77' lang='grc' dir='ltr'><strong>εἰρημένων</strong></span> 
     </span>
    </p>
   </div>
   <div class='ocr_carea' id='block_1_27' title="bbox 2235 1091 3850 1168">
    <p class='ocr_par' dir='ltr' id='par_1_27' title="bbox 2235 1091 3850 1168">
     <span class='ocr_line' id='line_1_27' title="bbox 2235 1091 3850 1168; baseline 0.001 -24"><span class='ocrx_word' id='word_1_174' title='bbox 2235 1097 2462 1164; x_wconf 75' lang='grc' dir='ltr'><strong>σημείων</strong></span> <span class='ocrx_word' id='word_1_175' title='bbox 2521 1099 2578 1144; x_wconf 85' lang='grc' dir='ltr'>τό</span> <span class='ocrx_word' id='word_1_176' title='bbox 2634 1096 3022 1166; x_wconf 72' lang='grc' dir='ltr'><strong>κεχωρισμένον</strong></span> <span class='ocrx_word' id='word_1_177' title='bbox 3085 1099 3184 1142; x_wconf 82' lang='grc' dir='ltr'><strong>τῶν</strong></span> <span class='ocrx_word' id='word_1_178' title='bbox 3242 1091 3582 1143; x_wconf 78' lang='grc' dir='ltr'>ύποστάσιων</span> <span class='ocrx_word' id='word_1_179' title='bbox 3645 1091 3850 1168; x_wconf 65' lang='grc' dir='ltr'>ἔξευρε-</span> 
     </span>
    </p>
   </div>
   <div class='ocr_carea' id='block_1_28' title="bbox 2235 1177 3846 1254">
    <p class='ocr_par' dir='ltr' id='par_1_28' title="bbox 2235 1177 3846 1254">
     <span class='ocr_line' id='line_1_28' title="bbox 2235 1177 3846 1254; baseline 0.001 -21"><span class='ocrx_word' id='word_1_180' title='bbox 2235 1183 2422 1239; x_wconf 72' lang='grc' dir='ltr'>θῆναιο</span> <span class='ocrx_word' id='word_1_181' title='bbox 2483 1184 2617 1233; x_wconf 81' lang='grc' dir='ltr'>κατὰ</span> <span class='ocrx_word' id='word_1_182' title='bbox 2675 1179 2733 1234; x_wconf 75' lang='grc' dir='ltr'><strong>δὲ</strong></span> <span class='ocrx_word' id='word_1_183' title='bbox 2783 1185 2840 1234; x_wconf 90' lang='grc' dir='ltr'><strong>τὸ</strong></span> <span class='ocrx_word' id='word_1_184' title='bbox 2896 1183 3127 1254; x_wconf 72' lang='grc' dir='ltr'>ἄπειρον,</span> <span class='ocrx_word' id='word_1_185' title='bbox 3179 1185 3269 1232; x_wconf 82' lang='grc' dir='ltr'><strong>καὶ</strong></span> <span class='ocrx_word' id='word_1_186' title='bbox 3325 1177 3712 1248; x_wconf 77' lang='grc' dir='ltr'>ἀκατάληπτον,</span> <span class='ocrx_word' id='word_1_187' title='bbox 3745 1185 3846 1234; x_wconf 80' lang='grc' dir='ltr'><strong>καὶ</strong></span> 
     </span>
    </p>
   </div>
   <div class='ocr_carea' id='block_1_29' title="bbox 2231 1267 3842 1344">
    <p class='ocr_par' dir='ltr' id='par_1_29' title="bbox 2231 1267 3842 1344">
     <span class='ocr_line' id='line_1_29' title="bbox 2231 1267 3842 1344; baseline 0 -22"><span class='ocrx_word' id='word_1_188' title='bbox 2231 1274 2286 1322; x_wconf 91' lang='grc' dir='ltr'>τό</span> <span class='ocrx_word' id='word_1_189' title='bbox 2319 1269 2576 1332; x_wconf 82' lang='grc' dir='ltr'>ἀκτίστως</span> <span class='ocrx_word' id='word_1_190' title='bbox 2609 1267 2758 1337; x_wconf 79' lang='grc' dir='ltr'>εἶναι,</span> <span class='ocrx_word' id='word_1_191' title='bbox 2790 1274 2875 1323; x_wconf 79' lang='grc' dir='ltr'><strong>καὶ</strong></span> <span class='ocrx_word' id='word_1_192' title='bbox 2909 1267 3098 1344; x_wconf 74' lang='grc' dir='ltr'>μηδενὶ</span> <span class='ocrx_word' id='word_1_193' title='bbox 3139 1273 3280 1340; x_wconf 83' lang='grc' dir='ltr'><strong>τόπῳ</strong></span> <span class='ocrx_word' id='word_1_194' title='bbox 3324 1267 3711 1344; x_wconf 75' lang='grc' dir='ltr'>περιειλῆφθαι,</span> <span class='ocrx_word' id='word_1_195' title='bbox 3745 1275 3842 1322; x_wconf 78' lang='grc' dir='ltr'>καὶ</span> 
     </span>
    </p>
   </div>
   <div class='ocr_carea' id='block_1_30' title="bbox 2229 1354 3840 1432">
    <p class='ocr_par' dir='ltr' id='par_1_30' title="bbox 2229 1354 3840 1432">
     <span class='ocr_line' id='line_1_30' title="bbox 2229 1354 3840 1432; baseline 0.001 -22"><span class='ocrx_word' id='word_1_196' title='bbox 2229 1365 2362 1411; x_wconf 77' lang='grc' dir='ltr'><strong>πᾶσι</strong></span> <span class='ocrx_word' id='word_1_197' title='bbox 2399 1367 2502 1419; x_wconf 85' lang='grc' dir='ltr'>τοῖς</span> <span class='ocrx_word' id='word_1_198' title='bbox 2549 1362 2826 1426; x_wconf 79' lang='grc' dir='ltr'>τοιούτοις,</span> <span class='ocrx_word' id='word_1_199' title='bbox 2889 1356 3152 1432; x_wconf 74' lang='grc' dir='ltr'>μηδεμίαν</span> <span class='ocrx_word' id='word_1_200' title='bbox 3208 1354 3337 1410; x_wconf 83' lang='grc' dir='ltr'>εἶναι</span> <span class='ocrx_word' id='word_1_201' title='bbox 3393 1357 3727 1431; x_wconf 80' lang='grc' dir='ltr'>παραλλαγὴν</span> <span class='ocrx_word' id='word_1_202' title='bbox 3789 1357 3840 1412; x_wconf 81' lang='grc' dir='ltr'><strong>ἐν</strong></span> 
     </span>
    </p>
   </div>
   <div class='ocr_carea' id='block_1_31' title="bbox 2227 1446 3840 1523">
    <p class='ocr_par' dir='ltr' id='par_1_31' title="bbox 2227 1446 3840 1523">
     <span class='ocr_line' id='line_1_31' title="bbox 2227 1446 3840 1523; baseline 0.001 -24"><span class='ocrx_word' id='word_1_203' title='bbox 2227 1456 2286 1520; x_wconf 74' lang='grc' dir='ltr'>τῇ</span> <span class='ocrx_word' id='word_1_204' title='bbox 2345 1450 2581 1520; x_wconf 80' lang='grc' dir='ltr'><strong>ζωοποιῲ</strong></span> <span class='ocrx_word' id='word_1_205' title='bbox 2637 1451 2808 1520; x_wconf 77' lang='grc' dir='ltr'>φύσει,</span> <span class='ocrx_word' id='word_1_206' title='bbox 2853 1447 2936 1500; x_wconf 79' lang='grc' dir='ltr'><strong>ἐπὶ</strong></span> <span class='ocrx_word' id='word_1_207' title='bbox 2991 1451 3192 1523; x_wconf 87' lang='grc' dir='ltr'>Πατρὸς</span> <span class='ocrx_word' id='word_1_208' title='bbox 3239 1446 3370 1518; x_wconf 81' lang='grc' dir='ltr'>λέγω</span> <span class='ocrx_word' id='word_1_209' title='bbox 3417 1451 3507 1499; x_wconf 83' lang='grc' dir='ltr'>καὶ</span> <span class='ocrx_word' id='word_1_210' title='bbox 3561 1449 3685 1500; x_wconf 63' lang='lat' dir='ltr'><strong>Tim)</strong></span> <span class='ocrx_word' id='word_1_211' title='bbox 3743 1453 3840 1500; x_wconf 82' lang='grc' dir='ltr'><strong>καὶ</strong></span> 
     </span>
    </p>
   </div>
   <div class='ocr_carea' id='block_1_32' title="bbox 2231 1533 3838 1610">
    <p class='ocr_par' dir='ltr' id='par_1_32' title="bbox 2231 1533 3838 1610">
     <span class='ocr_line' id='line_1_32' title="bbox 2231 1533 3838 1610; baseline 0 -20"><span class='ocrx_word' id='word_1_212' title='bbox 2231 1540 2527 1610; x_wconf 84' lang='grc' dir='ltr'>Πνεύματος</span> <span class='ocrx_word' id='word_1_213' title='bbox 2571 1538 2758 1609; x_wconf 85' lang='grc' dir='ltr'>ἁγίου·</span> <span class='ocrx_word' id='word_1_214' title='bbox 2807 1537 2936 1590; x_wconf 75' lang='grc' dir='ltr'>ἀλλὰ</span> <span class='ocrx_word' id='word_1_215' title='bbox 2987 1557 3103 1589; x_wconf 91' lang='grc' dir='ltr'>τινα</span> <span class='ocrx_word' id='word_1_216' title='bbox 3159 1541 3354 1608; x_wconf 85' lang='grc' dir='ltr'>συνεχή</span> <span class='ocrx_word' id='word_1_217' title='bbox 3429 1541 3517 1590; x_wconf 82' lang='grc' dir='ltr'>καὶ</span> <span class='ocrx_word' id='word_1_218' title='bbox 3566 1533 3838 1590; x_wconf 72' lang='grc' dir='ltr'><strong>ἀδιάσπαο</strong></span> 
     </span>
    </p>
   </div>
   <div class='ocr_carea' id='block_1_33' title="bbox 2231 1623 3838 1699">
    <p class='ocr_par' dir='ltr' id='par_1_33' title="bbox 2231 1623 3838 1699">
     <span class='ocr_line' id='line_1_33' title="bbox 2231 1623 3838 1699; baseline -0.001 -21"><span class='ocrx_word' id='word_1_219' title='bbox 2231 1645 2350 1679; x_wconf 91' lang='grc' dir='ltr'>στον</span> <span class='ocrx_word' id='word_1_220' title='bbox 2401 1627 2512 1699; x_wconf 89' lang='grc'><strong>(18)</strong></span> <span class='ocrx_word' id='word_1_221' title='bbox 2565 1632 2833 1678; x_wconf 75' lang='grc' dir='ltr'><strong>κοινωνίαν</strong></span> <span class='ocrx_word' id='word_1_222' title='bbox 2879 1626 2926 1678; x_wconf 84' lang='grc' dir='ltr'><strong>ἐν</strong></span> <span class='ocrx_word' id='word_1_223' title='bbox 2975 1629 3153 1690; x_wconf 73' lang='grc' dir='ltr'>αὐτοῖς</span> <span class='ocrx_word' id='word_1_224' title='bbox 3209 1627 3534 1698; x_wconf 77' lang='grc' dir='ltr'><strong>θεωρεῖσθαι.</strong></span> <span class='ocrx_word' id='word_1_225' title='bbox 3599 1631 3698 1678; x_wconf 79' lang='grc' dir='ltr'><strong>Καὶ</strong></span> <span class='ocrx_word' id='word_1_226' title='bbox 3757 1623 3838 1678; x_wconf 74' lang='grc' dir='ltr'><strong>δι’</strong></span> 
     </span>
    </p>
   </div>
   <div class='ocr_carea' id='block_1_34' title="bbox 467 1713 2114 1802">
    <p class='ocr_par' dir='ltr' id='par_1_34' title="bbox 467 1713 2114 1802">
     <span class='ocr_line' id='line_1_34' title="bbox 467 1713 2114 1802; baseline -0.008 -12"><span class='ocrx_word' id='word_1_227' title='bbox 467 1713 682 1790; x_wconf 77' lang='lat' dir='ltr'><strong>statem</strong></span> <span class='ocrx_word' id='word_1_228' title='bbox 715 1713 1154 1792; x_wconf 23' lang='lat' dir='ltr'><strong>uniusiearum,</strong></span> <span class='ocrx_word' id='word_1_229' title='bbox 1186 1745 1321 1802; x_wconf 62' lang='lat' dir='ltr'><strong>quas</strong></span> <span class='ocrx_word' id='word_1_230' title='bbox 1353 1729 1413 1783; x_wconf 87' lang='lat' dir='ltr'><strong>in</strong></span> <span class='ocrx_word' id='word_1_231' title='bbox 1449 1727 1730 1784; x_wconf 88' lang='lat' dir='ltr'><strong>Trinitate</strong></span> <span class='ocrx_word' id='word_1_232' title='bbox 1771 1725 2114 1790; x_wconf 88' lang='lat' dir='ltr'><strong>creduntur,</strong></span> 
     </span>
    </p>
   </div>
   <div class='ocr_carea' id='block_1_35' title="bbox 2226 1713 3834 1802">
    <p class='ocr_par' dir='ltr' id='par_1_35' title="bbox 2227 1713 3834 1788">
     <span class='ocr_line' id='line_1_35' title="bbox 2227 1713 3834 1788; baseline 0 -22"><span class='ocrx_word' id='word_1_233' title='bbox 2227 1717 2293 1767; x_wconf 80' lang='grc' dir='ltr'>ὧν</span> <span class='ocrx_word' id='word_1_234' title='bbox 2335 1717 2396 1767; x_wconf 82' lang='grc' dir='ltr'>οἷν</span> <span class='ocrx_word' id='word_1_235' title='bbox 2448 1736 2522 1776; x_wconf 86' lang='grc' dir='ltr'>τις</span> <span class='ocrx_word' id='word_1_236' title='bbox 2569 1718 2839 1788; x_wconf 75' lang='grc' dir='ltr'><strong>νοημάτων</strong></span> <span class='ocrx_word' id='word_1_237' title='bbox 2889 1719 2946 1768; x_wconf 88' lang='grc' dir='ltr'>τό</span> <span class='ocrx_word' id='word_1_238' title='bbox 2997 1715 3264 1788; x_wconf 75' lang='grc' dir='ltr'><strong>μεγαλεῖον</strong></span> <span class='ocrx_word' id='word_1_239' title='bbox 3311 1714 3418 1775; x_wconf 84' lang='grc' dir='ltr'>ἑνός</span> <span class='ocrx_word' id='word_1_240' title='bbox 3465 1735 3603 1778; x_wconf 87' lang='grc' dir='ltr'>τινος</span> <span class='ocrx_word' id='word_1_241' title='bbox 3649 1724 3750 1767; x_wconf 80' lang='grc' dir='ltr'><strong>τῶν</strong></span> <span class='ocrx_word' id='word_1_242' title='bbox 3783 1713 3834 1767; x_wconf 78' lang='grc' dir='ltr'>ἓν</span> 
     </span>
    </p>
   </div>
   <div class='ocr_carea' id='block_1_36' title="bbox 464 1813 2117 1896">
    <p class='ocr_par' dir='ltr' id='par_1_36' title="bbox 464 1813 2117 1896">
     <span class='ocr_line' id='line_1_36' title="bbox 464 1813 2117 1896; baseline -0.007 -18"><span class='ocrx_word' id='word_1_243' title='bbox 464 1837 865 1896; x_wconf 87' lang='lat' dir='ltr'><strong>personarum</strong></span> <span class='ocrx_word' id='word_1_244' title='bbox 886 1818 1258 1884; x_wconf 84' lang='lat' dir='ltr'><strong>intellexerit,</strong></span> <span class='ocrx_word' id='word_1_245' title='bbox 1272 1833 1380 1890; x_wconf 89' lang='lat' dir='ltr'><strong>per</strong></span> <span class='ocrx_word' id='word_1_246' title='bbox 1396 1816 1644 1872; x_wconf 89' lang='lat' dir='ltr'><strong>easdem</strong></span> <span class='ocrx_word' id='word_1_247' title='bbox 1666 1816 1791 1870; x_wconf 89' lang='lat' dir='ltr'><strong>sine</strong></span> <span class='ocrx_word' id='word_1_248' title='bbox 1815 1813 1934 1869; x_wconf 91' lang='lat' dir='ltr'><strong>ullo</strong></span> <span class='ocrx_word' id='word_1_249' title='bbox 1955 1828 2117 1886; x_wconf 80' lang='lat' dir='ltr'><strong>pror~</strong></span> 
     </span>
    </p>
   </div>
   <div class='ocr_carea' id='block_1_37' title="bbox 467 1901 2116 1982">
    <p class='ocr_par' dir='ltr' id='par_1_37' title="bbox 467 1901 2116 1982">
     <span class='ocr_line' id='line_1_37' title="bbox 467 1901 2116 1982; baseline -0.006 -16"><span class='ocrx_word' id='word_1_250' title='bbox 467 1929 569 1967; x_wconf 89' lang='lat' dir='ltr'><strong>sus</strong></span> <span class='ocrx_word' id='word_1_251' title='bbox 605 1910 954 1966; x_wconf 88' lang='lat' dir='ltr'><strong>discrimine</strong></span> <span class='ocrx_word' id='word_1_252' title='bbox 983 1907 1290 1982; x_wconf 87' lang='lat' dir='ltr'><strong>procedet,</strong></span> <span class='ocrx_word' id='word_1_253' title='bbox 1324 1907 1386 1962; x_wconf 91' lang='lat' dir='ltr'><strong>in</strong></span> <span class='ocrx_word' id='word_1_254' title='bbox 1429 1909 1616 1970; x_wconf 86' lang='lat' dir='ltr'><strong>Patre,</strong></span> <span class='ocrx_word' id='word_1_255' title='bbox 1649 1909 1704 1960; x_wconf 90' lang='lat' dir='ltr'><strong>et</strong></span> <span class='ocrx_word' id='word_1_256' title='bbox 1735 1903 1874 1958; x_wconf 89' lang='lat' dir='ltr'><strong>Filio</strong></span> <span class='ocrx_word' id='word_1_257' title='bbox 1907 1906 1962 1957; x_wconf 94' lang='lat' dir='ltr'><strong>et</strong></span> <span class='ocrx_word' id='word_1_258' title='bbox 1993 1901 2116 1972; x_wconf 86' lang='lat' dir='ltr'><strong>Spi-</strong></span> 
     </span>
    </p>
   </div>
   <div class='ocr_carea' id='block_1_38' title="bbox 463 1996 2111 2069">
    <p class='ocr_par' dir='ltr' id='par_1_38' title="bbox 463 1996 2111 2069">
     <span class='ocr_line' id='line_1_38' title="bbox 463 1996 2111 2069; baseline -0.007 -13"><span class='ocrx_word' id='word_1_259' title='bbox 463 2002 581 2057; x_wconf 89' lang='lat' dir='ltr'><strong>ritu</strong></span> <span class='ocrx_word' id='word_1_260' title='bbox 622 2003 830 2055; x_wconf 89' lang='lat' dir='ltr'><strong>sancto</strong></span> <span class='ocrx_word' id='word_1_261' title='bbox 863 1997 1116 2068; x_wconf 85' lang='lat' dir='ltr'><strong>gloriam</strong></span> <span class='ocrx_word' id='word_1_262' title='bbox 1161 1999 1340 2069; x_wconf 87' lang='lat' dir='ltr'><strong>atque</strong></span> <span class='ocrx_word' id='word_1_263' title='bbox 1389 1996 1770 2066; x_wconf 88' lang='lat' dir='ltr'><strong>majestatem</strong></span> <span class='ocrx_word' id='word_1_264' title='bbox 1818 2007 2111 2048; x_wconf 88' lang='lat' dir='ltr'><strong>cernens:</strong></span> 
     </span>
    </p>
   </div>
   <div class='ocr_carea' id='block_1_39' title="bbox 469 2081 2116 2163">
    <p class='ocr_par' dir='ltr' id='par_1_39' title="bbox 469 2081 2116 2163">
     <span class='ocr_line' id='line_1_39' title="bbox 469 2081 2116 2163; baseline -0.005 -17"><span class='ocrx_word' id='word_1_265' title='bbox 469 2091 637 2146; x_wconf 90' lang='lat' dir='ltr'><strong>nullo</strong></span> <span class='ocrx_word' id='word_1_266' title='bbox 675 2089 867 2163; x_wconf 89' lang='lat' dir='ltr'><strong>spatio</strong></span> <span class='ocrx_word' id='word_1_267' title='bbox 907 2089 1062 2143; x_wconf 90' lang='lat' dir='ltr'><strong>inter</strong></span> <span class='ocrx_word' id='word_1_268' title='bbox 1087 2090 1339 2152; x_wconf 87' lang='lat' dir='ltr'><strong>Patrem,</strong></span> <span class='ocrx_word' id='word_1_269' title='bbox 1375 2089 1430 2141; x_wconf 89' lang='lat' dir='ltr'><strong>et</strong></span> <span class='ocrx_word' id='word_1_270' title='bbox 1459 2084 1690 2151; x_wconf 85' lang='lat' dir='ltr'><strong>Filium,</strong></span> <span class='ocrx_word' id='word_1_271' title='bbox 1732 2088 1787 2138; x_wconf 91' lang='lat' dir='ltr'><strong>et</strong></span> <span class='ocrx_word' id='word_1_272' title='bbox 1832 2081 2116 2154; x_wconf 88' lang='lat' dir='ltr'><strong>Spiritum</strong></span> 
     </span>
    </p>
   </div>
   <div class='ocr_carea' id='block_1_40' title="bbox 466 2172 2116 2248">
    <p class='ocr_par' dir='ltr' id='par_1_40' title="bbox 466 2172 2116 2248">
     <span class='ocr_line' id='line_1_40' title="bbox 466 2172 2116 2248; baseline -0.004 -13"><span class='ocrx_word' id='word_1_273' title='bbox 466 2185 747 2237; x_wconf 89' lang='lat' dir='ltr'><strong>sanctum</strong></span> <span class='ocrx_word' id='word_1_274' title='bbox 789 2177 1214 2246; x_wconf 89' lang='lat' dir='ltr'><strong>intercedente,</strong></span> <span class='ocrx_word' id='word_1_275' title='bbox 1255 2177 1316 2230; x_wconf 89' lang='lat' dir='ltr'><strong>in</strong></span> <span class='ocrx_word' id='word_1_276' title='bbox 1355 2191 1475 2248; x_wconf 89' lang='lat' dir='ltr'><strong>quo</strong></span> <span class='ocrx_word' id='word_1_277' title='bbox 1507 2191 1677 2230; x_wconf 91' lang='lat' dir='ltr'><strong>mens</strong></span> <span class='ocrx_word' id='word_1_278' title='bbox 1707 2172 1869 2228; x_wconf 84' lang='lat' dir='ltr'><strong>velut</strong></span> <span class='ocrx_word' id='word_1_279' title='bbox 1922 2186 2116 2228; x_wconf 84' lang='lat' dir='ltr'><strong>vacuo</strong></span> 
     </span>
    </p>
   </div>
   <div class='ocr_carea' id='block_1_41' title="bbox 463 2263 2119 2336">
    <p class='ocr_par' dir='ltr' id='par_1_41' title="bbox 463 2263 2119 2336">
     <span class='ocr_line' id='line_1_41' title="bbox 463 2263 2119 2336; baseline -0.005 -12"><span class='ocrx_word' id='word_1_280' title='bbox 463 2267 840 2325; x_wconf 89' lang='lat' dir='ltr'><strong>obambulet.</strong></span> <span class='ocrx_word' id='word_1_281' title='bbox 882 2265 1036 2320; x_wconf 86' lang='lat' dir='ltr'><strong>Nihil</strong></span> <span class='ocrx_word' id='word_1_282' title='bbox 1065 2265 1226 2320; x_wconf 91' lang='lat' dir='ltr'><strong>enim</strong></span> <span class='ocrx_word' id='word_1_283' title='bbox 1255 2269 1367 2334; x_wconf 91' lang='lat' dir='ltr'><strong>est,</strong></span> <span class='ocrx_word' id='word_1_284' title='bbox 1399 2263 1566 2336; x_wconf 92' lang='lat' dir='ltr'><strong>quod</strong></span> <span class='ocrx_word' id='word_1_285' title='bbox 1613 2264 1764 2318; x_wconf 91' lang='lat' dir='ltr'><strong>inter</strong></span> <span class='ocrx_word' id='word_1_286' title='bbox 1794 2263 1955 2334; x_wconf 90' lang='lat' dir='ltr'><strong>ipsos</strong></span> <span class='ocrx_word' id='word_1_287' title='bbox 1998 2275 2119 2315; x_wconf 91' lang='lat' dir='ltr'><strong>me-</strong></span> 
     </span>
    </p>
   </div>
   <div class='ocr_carea' id='block_1_42' title="bbox 465 2351 2116 2426">
    <p class='ocr_par' dir='ltr' id='par_1_42' title="bbox 465 2351 2116 2426">
     <span class='ocr_line' id='line_1_42' title="bbox 465 2351 2116 2426; baseline -0.004 -15"><span class='ocrx_word' id='word_1_288' title='bbox 465 2357 634 2412; x_wconf 90' lang='lat' dir='ltr'><strong>dium</strong></span> <span class='ocrx_word' id='word_1_289' title='bbox 678 2355 977 2410; x_wconf 86' lang='lat' dir='ltr'><strong>inseratur</strong></span> <span class='ocrx_word' id='word_1_290' title='bbox 1008 2370 1021 2408; x_wconf 91' lang='lat'><strong>:</strong></span> <span class='ocrx_word' id='word_1_291' title='bbox 1055 2368 1252 2426; x_wconf 90' lang='lat' dir='ltr'><strong>neque</strong></span> <span class='ocrx_word' id='word_1_292' title='bbox 1291 2357 1502 2425; x_wconf 59' lang='lat' dir='ltr'><strong>prater</strong></span> <span class='ocrx_word' id='word_1_293' title='bbox 1541 2351 1808 2407; x_wconf 83' lang='lat' dir='ltr'><strong>divinam</strong></span> <span class='ocrx_word' id='word_1_294' title='bbox 1837 2355 2116 2406; x_wconf 88' lang='lat' dir='ltr'><strong>naturam</strong></span> 
     </span>
    </p>
   </div>
   <div class='ocr_carea' id='block_1_43' title="bbox 463 2441 2118 2514">
    <p class='ocr_par' dir='ltr' id='par_1_43' title="bbox 463 2441 2118 2514">
     <span class='ocr_line' id='line_1_43' title="bbox 463 2441 2118 2514; baseline -0.004 -13"><span class='ocrx_word' id='word_1_295' title='bbox 463 2445 587 2501; x_wconf 90' lang='lat' dir='ltr'><strong>ulla</strong></span> <span class='ocrx_word' id='word_1_296' title='bbox 619 2443 736 2500; x_wconf 86' lang='lat' dir='ltr'><strong>alia</strong></span> <span class='ocrx_word' id='word_1_297' title='bbox 774 2459 869 2499; x_wconf 90' lang='lat' dir='ltr'><strong>res</strong></span> <span class='ocrx_word' id='word_1_298' title='bbox 913 2447 1000 2498; x_wconf 91' lang='lat' dir='ltr'><strong>est</strong></span> <span class='ocrx_word' id='word_1_299' title='bbox 1029 2442 1380 2510; x_wconf 88' lang='lat' dir='ltr'><strong>subsistens,</strong></span> <span class='ocrx_word' id='word_1_300' title='bbox 1411 2457 1546 2514; x_wconf 67' lang='lat' dir='ltr'><strong>quae</strong></span> <span class='ocrx_word' id='word_1_301' title='bbox 1585 2442 1781 2514; x_wconf 90' lang='lat' dir='ltr'><strong>ipsam</strong></span> <span class='ocrx_word' id='word_1_302' title='bbox 1831 2456 1867 2496; x_wconf 92' lang='lat' dir='ltr'><strong>a</strong></span> <span class='ocrx_word' id='word_1_303' title='bbox 1917 2441 2118 2511; x_wconf 85' lang='lat' dir='ltr'><strong>seipsa</strong></span> 
     </span>
    </p>
   </div>
   <div class='ocr_carea' id='block_1_44' title="bbox 465 2527 2118 2605">
    <p class='ocr_par' dir='ltr' id='par_1_44' title="bbox 465 2527 2118 2605">
     <span class='ocr_line' id='line_1_44' title="bbox 465 2527 2118 2605; baseline -0.005 -14"><span class='ocrx_word' id='word_1_304' title='bbox 465 2535 548 2591; x_wconf 92' lang='lat' dir='ltr'><strong>rei</strong></span> <span class='ocrx_word' id='word_1_305' title='bbox 576 2533 785 2591; x_wconf 64' lang='lat' dir='ltr'><strong>alienae</strong></span> <span class='ocrx_word' id='word_1_306' title='bbox 809 2531 1160 2605; x_wconf 89' lang='lat' dir='ltr'><strong>interpositu</strong></span> <span class='ocrx_word' id='word_1_307' title='bbox 1189 2531 1454 2586; x_wconf 83' lang='lat' dir='ltr'><strong>dividere</strong></span> <span class='ocrx_word' id='word_1_308' title='bbox 1475 2535 1686 2603; x_wconf 88' lang='lat' dir='ltr'><strong>queat;</strong></span> <span class='ocrx_word' id='word_1_309' title='bbox 1717 2545 1912 2602; x_wconf 87' lang='lat' dir='ltr'><strong>neque</strong></span> <span class='ocrx_word' id='word_1_310' title='bbox 1940 2527 2118 2601; x_wconf 90' lang='lat' dir='ltr'><strong>spatii</strong></span> 
     </span>
    </p>
   </div>
   <div class='ocr_carea' id='block_1_45' title="bbox 468 2617 2115 2696">
    <p class='ocr_par' dir='ltr' id='par_1_45' title="bbox 468 2617 2115 2696">
     <span class='ocr_line' id='line_1_45' title="bbox 468 2617 2115 2696; baseline -0.005 -16"><span class='ocrx_word' id='word_1_311' title='bbox 468 2623 810 2696; x_wconf 88' lang='lat' dir='ltr'><strong>cujuspiam</strong></span> <span class='ocrx_word' id='word_1_312' title='bbox 867 2637 990 2677; x_wconf 91' lang='lat' dir='ltr'><strong>non</strong></span> <span class='ocrx_word' id='word_1_313' title='bbox 1043 2621 1426 2676; x_wconf 89' lang='lat' dir='ltr'><strong>subsistentis</strong></span> <span class='ocrx_word' id='word_1_314' title='bbox 1481 2619 1747 2675; x_wconf 87' lang='lat' dir='ltr'><strong>vacuitas</strong></span> <span class='ocrx_word' id='word_1_315' title='bbox 1785 2617 2115 2686; x_wconf 89' lang='lat' dir='ltr'><strong>intercedit,</strong></span> 
     </span>
    </p>
   </div>
   <div class='ocr_carea' id='block_1_46' title="bbox 467 2707 2116 2786">
    <p class='ocr_par' dir='ltr' id='par_1_46' title="bbox 467 2707 2116 2786">
     <span class='ocr_line' id='line_1_46' title="bbox 467 2707 2116 2786; baseline -0.003 -18"><span class='ocrx_word' id='word_1_316' title='bbox 467 2729 604 2786; x_wconf 84' lang='lat' dir='ltr'><strong>quae</strong></span> <span class='ocrx_word' id='word_1_317' title='bbox 635 2713 855 2768; x_wconf 75' lang='lat' dir='ltr'><strong>divinae</strong></span> <span class='ocrx_word' id='word_1_318' title='bbox 879 2712 1156 2767; x_wconf 75' lang='lat' dir='ltr'><strong>essentiae</strong></span> <span class='ocrx_word' id='word_1_319' title='bbox 1177 2711 1558 2767; x_wconf 88' lang='lat' dir='ltr'><strong>harmoniam</strong></span> <span class='ocrx_word' id='word_1_320' title='bbox 1583 2709 1850 2765; x_wconf 88' lang='lat' dir='ltr'><strong>hiulcam</strong></span> <span class='ocrx_word' id='word_1_321' title='bbox 1882 2707 2116 2778; x_wconf 80' lang='lat' dir='ltr'><strong>efﬁciat,</strong></span> 
     </span>
    </p>
   </div>
   <div class='ocr_carea' id='block_1_47' title="bbox 469 2798 2120 2872">
    <p class='ocr_par' dir='ltr' id='par_1_47' title="bbox 469 2798 2120 2872">
     <span class='ocr_line' id='line_1_47' title="bbox 469 2798 2120 2872; baseline -0.002 -14"><span class='ocrx_word' id='word_1_322' title='bbox 469 2802 827 2858; x_wconf 90' lang='lat' dir='ltr'><strong>continuum</strong></span> <span class='ocrx_word' id='word_1_323' title='bbox 851 2800 1166 2872; x_wconf 89' lang='lat' dir='ltr'><strong>interjectu</strong></span> <span class='ocrx_word' id='word_1_324' title='bbox 1185 2800 1362 2856; x_wconf 84' lang='lat' dir='ltr'><strong>vacui</strong></span> <span class='ocrx_word' id='word_1_325' title='bbox 1393 2799 1701 2854; x_wconf 89' lang='lat' dir='ltr'><strong>dirimens.</strong></span> <span class='ocrx_word' id='word_1_326' title='bbox 1743 2798 1856 2853; x_wconf 89' lang='lat' dir='ltr'><strong>Sed</strong></span> <span class='ocrx_word' id='word_1_327' title='bbox 1881 2799 1986 2870; x_wconf 89' lang='lat' dir='ltr'><strong>qui</strong></span> <span class='ocrx_word' id='word_1_328' title='bbox 2017 2799 2120 2854; x_wconf 88' lang='lat' dir='ltr'><strong>Pa-</strong></span> 
     </span>
    </p>
   </div>
   <div class='ocr_carea' id='block_1_48' title="bbox 469 2887 2108 2962">
    <p class='ocr_par' dir='ltr' id='par_1_48' title="bbox 469 2887 2108 2962">
     <span class='ocr_line' id='line_1_48' title="bbox 469 2887 2108 2962; baseline -0.002 -16"><span class='ocrx_word' id='word_1_329' title='bbox 469 2895 622 2947; x_wconf 85' lang='lat' dir='ltr'><strong>trem</strong></span> <span class='ocrx_word' id='word_1_330' title='bbox 662 2890 968 2952; x_wconf 83' lang='lat' dir='ltr'><strong>intellexit,</strong></span> <span class='ocrx_word' id='word_1_331' title='bbox 993 2893 1048 2946; x_wconf 89' lang='lat' dir='ltr'><strong>et</strong></span> <span class='ocrx_word' id='word_1_332' title='bbox 1093 2906 1232 2944; x_wconf 91' lang='lat' dir='ltr'><strong>eum</strong></span> <span class='ocrx_word' id='word_1_333' title='bbox 1273 2889 1334 2944; x_wconf 90' lang='lat' dir='ltr'><strong>in</strong></span> <span class='ocrx_word' id='word_1_334' title='bbox 1379 2889 1582 2962; x_wconf 88' lang='lat' dir='ltr'><strong>seipso</strong></span> <span class='ocrx_word' id='word_1_335' title='bbox 1608 2887 1914 2954; x_wconf 86' lang='lat' dir='ltr'><strong>intellexit,</strong></span> <span class='ocrx_word' id='word_1_336' title='bbox 1949 2891 2005 2943; x_wconf 93' lang='lat' dir='ltr'><strong>et</strong></span> <span class='ocrx_word' id='word_1_337' title='bbox 2033 2887 2108 2942; x_wconf 85' lang='lat' dir='ltr'><strong>Fi-</strong></span> 
     </span>
    </p>
   </div>
   <div class='ocr_carea' id='block_1_49' title="bbox 467 2965 2121 3052">
    <p class='ocr_par' dir='ltr' id='par_1_49' title="bbox 467 2965 2121 3052">
     <span class='ocr_line' id='line_1_49' title="bbox 467 2965 2121 3052; baseline -0.003 -17"><span class='ocrx_word' id='word_1_338' title='bbox 467 2979 616 3036; x_wconf 90' lang='lat' dir='ltr'><strong>lium</strong></span> <span class='ocrx_word' id='word_1_339' title='bbox 643 2979 828 3035; x_wconf 88' lang='lat' dir='ltr'><strong>animi</strong></span> <span class='ocrx_word' id='word_1_340' title='bbox 855 2978 1237 3052; x_wconf 81' lang='lat' dir='ltr'><strong>perceptione</strong></span> <span class='ocrx_word' id='word_1_341' title='bbox 1259 2965 1440 3033; x_wconf 84' lang='lat' dir='ltr'><strong>simul</strong></span> <span class='ocrx_word' id='word_1_342' title='bbox 1469 2981 1555 3033; x_wconf 92' lang='lat' dir='ltr'><strong>est</strong></span> <span class='ocrx_word' id='word_1_343' title='bbox 1593 2977 1963 3050; x_wconf 80' lang='lat' dir='ltr'><strong>complexus.</strong></span> <span class='ocrx_word' id='word_1_344' title='bbox 2010 2976 2121 3041; x_wconf 88' lang='lat' dir='ltr'><strong>Qui</strong></span> 
     </span>
    </p>
   </div>
   <div class='ocr_carea' id='block_1_50' title="bbox 470 3067 2190 3140">
    <p class='ocr_par' dir='ltr' id='par_1_50' title="bbox 470 3067 2190 3140">
     <span class='ocr_line' id='line_1_50' title="bbox 470 3067 2190 3140; baseline -0.002 -15"><span class='ocrx_word' id='word_1_345' title='bbox 470 3075 675 3126; x_wconf 90' lang='lat' dir='ltr'><strong>autem</strong></span> <span class='ocrx_word' id='word_1_346' title='bbox 697 3067 963 3140; x_wconf 88' lang='lat' dir='ltr'><strong>percepit</strong></span> <span class='ocrx_word' id='word_1_347' title='bbox 987 3067 1224 3138; x_wconf 88' lang='lat' dir='ltr'><strong>Filium,</strong></span> <span class='ocrx_word' id='word_1_348' title='bbox 1257 3083 1292 3123; x_wconf 89' lang='lat' dir='ltr'><strong>a</strong></span> <span class='ocrx_word' id='word_1_349' title='bbox 1321 3067 1458 3124; x_wconf 85' lang='lat' dir='ltr'><strong>Filio</strong></span> <span class='ocrx_word' id='word_1_350' title='bbox 1489 3067 1774 3139; x_wconf 87' lang='lat' dir='ltr'><strong>Spiritum</strong></span> <span class='ocrx_word' id='word_1_351' title='bbox 1801 3082 1925 3122; x_wconf 92' lang='lat' dir='ltr'><strong>non</strong></span> <span class='ocrx_word' id='word_1_352' title='bbox 1949 3081 2118 3138; x_wconf 87' lang='lat' dir='ltr'><strong>sepa-</strong></span> <span class='ocrx_word' id='word_1_353' title='bbox 2151 3085 2190 3138; x_wconf 62' lang='grc' dir='ltr'><strong>ς</strong></span> 
     </span>
    </p>
   </div>
   <div class='ocr_carea' id='block_1_51' title="bbox 469 3154 2116 3229">
    <p class='ocr_par' dir='ltr' id='par_1_51' title="bbox 469 3154 2116 3229">
     <span class='ocr_line' id='line_1_51' title="bbox 469 3154 2116 3229; baseline -0.002 -15"><span class='ocrx_word' id='word_1_354' title='bbox 469 3157 757 3224; x_wconf 85' lang='lat' dir='ltr'><strong>ravit,sed</strong></span> <span class='ocrx_word' id='word_1_355' title='bbox 769 3157 1458 3229; x_wconf 90' lang='lat' dir='ltr'><strong>consequenterquidem</strong></span> <span class='ocrx_word' id='word_1_356' title='bbox 1475 3156 1811 3211; x_wconf 90' lang='lat' dir='ltr'><strong>secundum</strong></span> <span class='ocrx_word' id='word_1_357' title='bbox 1824 3154 2116 3222; x_wconf 85' lang='lat' dir='ltr'><strong>ordinem,</strong></span> 
     </span>
    </p>
   </div>
   <div class='ocr_carea' id='block_1_52' title="bbox 472 3244 2122 3315">
    <p class='ocr_par' dir='ltr' id='par_1_52' title="bbox 472 3244 2122 3315">
     <span class='ocr_line' id='line_1_52' title="bbox 472 3244 2122 3315; baseline -0.001 -14"><span class='ocrx_word' id='word_1_358' title='bbox 472 3247 791 3315; x_wconf 91' lang='lat' dir='ltr'><strong>conjuncte</strong></span> <span class='ocrx_word' id='word_1_359' title='bbox 829 3261 972 3301; x_wconf 79' lang='lat' dir='ltr'><strong>vero</strong></span> <span class='ocrx_word' id='word_1_360' title='bbox 1028 3245 1362 3301; x_wconf 90' lang='lat' dir='ltr'><strong>secundum</strong></span> <span class='ocrx_word' id='word_1_361' title='bbox 1403 3250 1704 3312; x_wconf 88' lang='lat' dir='ltr'><strong>naturam,</strong></span> <span class='ocrx_word' id='word_1_362' title='bbox 1735 3245 1911 3300; x_wconf 87' lang='lat' dir='ltr'><strong>trium</strong></span> <span class='ocrx_word' id='word_1_363' title='bbox 1945 3244 2122 3300; x_wconf 89' lang='lat' dir='ltr'><strong>simul</strong></span> 
     </span>
    </p>
   </div>
   <div class='ocr_carea' id='block_1_53' title="bbox 470 3333 2122 3407">
    <p class='ocr_par' dir='ltr' id='par_1_53' title="bbox 470 3333 2122 3407">
     <span class='ocr_line' id='line_1_53' title="bbox 470 3333 2122 3407; baseline 0.001 -19"><span class='ocrx_word' id='word_1_364' title='bbox 470 3333 824 3406; x_wconf 89' lang='lat' dir='ltr'><strong>permistam</strong></span> <span class='ocrx_word' id='word_1_365' title='bbox 855 3334 915 3388; x_wconf 92' lang='lat' dir='ltr'><strong>in</strong></span> <span class='ocrx_word' id='word_1_366' title='bbox 945 3334 1144 3406; x_wconf 89' lang='lat' dir='ltr'><strong>seipso</strong></span> <span class='ocrx_word' id='word_1_367' title='bbox 1173 3335 1357 3390; x_wconf 86' lang='lat' dir='ltr'><strong>ﬁdem</strong></span> <span class='ocrx_word' id='word_1_368' title='bbox 1401 3335 1711 3407; x_wconf 78' lang='lat' dir='ltr'><strong>expressit.</strong></span> <span class='ocrx_word' id='word_1_369' title='bbox 1743 3337 1809 3390; x_wconf 87' lang='lat' dir='ltr'><strong>Et</strong></span> <span class='ocrx_word' id='word_1_370' title='bbox 1850 3333 1952 3406; x_wconf 89' lang='lat' dir='ltr'><strong>qui</strong></span> <span class='ocrx_word' id='word_1_371' title='bbox 1999 3333 2122 3406; x_wconf 91' lang='lat' dir='ltr'><strong>Spi-</strong></span> 
     </span>
    </p>
   </div>
   <div class='ocr_carea' id='block_1_54' title="bbox 469 3421 2122 3493">
    <p class='ocr_par' dir='ltr' id='par_1_54' title="bbox 469 3421 2122 3493">
     <span class='ocr_line' id='line_1_54' title="bbox 469 3421 2122 3493; baseline 0 -15"><span class='ocrx_word' id='word_1_372' title='bbox 469 3423 652 3478; x_wconf 87' lang='lat' dir='ltr'><strong>ritum</strong></span> <span class='ocrx_word' id='word_1_373' title='bbox 677 3425 914 3476; x_wconf 87' lang='lat' dir='ltr'><strong>tantum</strong></span> <span class='ocrx_word' id='word_1_374' title='bbox 934 3421 1101 3490; x_wconf 82' lang='lat' dir='ltr'><strong>dixit,</strong></span> <span class='ocrx_word' id='word_1_375' title='bbox 1141 3423 1597 3493; x_wconf 90' lang='lat' dir='ltr'><strong>comprehendit</strong></span> <span class='ocrx_word' id='word_1_376' title='bbox 1628 3423 1806 3478; x_wconf 89' lang='lat' dir='ltr'><strong>simul</strong></span> <span class='ocrx_word' id='word_1_377' title='bbox 1837 3423 1950 3479; x_wconf 86' lang='lat' dir='ltr'><strong>hac</strong></span> <span class='ocrx_word' id='word_1_378' title='bbox 1983 3440 2122 3479; x_wconf 90' lang='lat' dir='ltr'><strong>con-</strong></span> 
     </span>
    </p>
   </div>
   <div class='ocr_carea' id='block_1_55' title="bbox 470 3511 2122 3586">
    <p class='ocr_par' dir='ltr' id='par_1_55' title="bbox 470 3511 2122 3586">
     <span class='ocr_line' id='line_1_55' title="bbox 470 3511 2122 3586; baseline 0.001 -19"><span class='ocrx_word' id='word_1_379' title='bbox 470 3511 729 3567; x_wconf 82' lang='lat' dir='ltr'><strong>fessione</strong></span> <span class='ocrx_word' id='word_1_380' title='bbox 751 3513 808 3566; x_wconf 91' lang='lat' dir='ltr'><strong>et</strong></span> <span class='ocrx_word' id='word_1_381' title='bbox 837 3526 976 3566; x_wconf 91' lang='lat' dir='ltr'><strong>eum</strong></span> <span class='ocrx_word' id='word_1_382' title='bbox 1015 3511 1187 3580; x_wconf 88' lang='lat' dir='ltr'><strong>cujus</strong></span> <span class='ocrx_word' id='word_1_383' title='bbox 1218 3511 1467 3582; x_wconf 89' lang='lat' dir='ltr'><strong>Spiritus</strong></span> <span class='ocrx_word' id='word_1_384' title='bbox 1499 3517 1604 3567; x_wconf 91' lang='lat' dir='ltr'><strong>est.</strong></span> <span class='ocrx_word' id='word_1_385' title='bbox 1631 3517 1695 3567; x_wconf 90' lang='lat' dir='ltr'><strong>Et</strong></span> <span class='ocrx_word' id='word_1_386' title='bbox 1733 3513 1875 3586; x_wconf 88' lang='lat' dir='ltr'><strong>quia</strong></span> <span class='ocrx_word' id='word_1_387' title='bbox 1907 3513 2122 3568; x_wconf 88' lang='lat' dir='ltr'><strong>Christi</strong></span> 
     </span>
    </p>
   </div>
   <div class='ocr_carea' id='block_1_56' title="bbox 471 3593 2119 3674">
    <p class='ocr_par' dir='ltr' id='par_1_56' title="bbox 471 3593 2119 3674">
     <span class='ocr_line' id='line_1_56' title="bbox 471 3593 2119 3674; baseline -0.001 -17"><span class='ocrx_word' id='word_1_388' title='bbox 471 3605 560 3657; x_wconf 90' lang='lat' dir='ltr'><strong>est</strong></span> <span class='ocrx_word' id='word_1_389' title='bbox 587 3593 856 3674; x_wconf 85' lang='lat' dir='ltr'><strong>Spiritus,</strong></span> <span class='ocrx_word' id='word_1_390' title='bbox 891 3603 948 3656; x_wconf 86' lang='lat' dir='ltr'><strong>et</strong></span> <span class='ocrx_word' id='word_1_391' title='bbox 975 3615 1046 3654; x_wconf 80' lang='lat' dir='ltr'><strong>ex</strong></span> <span class='ocrx_word' id='word_1_392' title='bbox 1079 3599 1217 3664; x_wconf 93' lang='lat' dir='ltr'><strong>Deo,</strong></span> <span class='ocrx_word' id='word_1_393' title='bbox 1249 3601 1770 3672; x_wconf 88' lang='lat' dir='ltr'><strong>quemadmodum</strong></span> <span class='ocrx_word' id='word_1_394' title='bbox 1801 3602 1940 3658; x_wconf 87' lang='lat' dir='ltr'><strong>dicit</strong></span> <span class='ocrx_word' id='word_1_395' title='bbox 1970 3603 2119 3656; x_wconf 88' lang='lat' dir='ltr'><strong>Pau-</strong></span> 
     </span>
    </p>
   </div>
   <div class='ocr_carea' id='block_1_57' title="bbox 467 3691 2122 3764">
    <p class='ocr_par' dir='ltr' id='par_1_57' title="bbox 467 3691 2122 3764">
     <span class='ocr_line' id='line_1_57' title="bbox 467 3691 2122 3764; baseline 0 -18"><span class='ocrx_word' id='word_1_396' title='bbox 467 3691 562 3746; x_wconf 92' lang='lat' dir='ltr'><strong>lus</strong></span> <span class='ocrx_word' id='word_1_397' title='bbox 584 3691 632 3725; x_wconf 83' lang='grc'><strong>²⁰</strong></span> <span class='ocrx_word' id='word_1_398' title='bbox 662 3709 674 3746; x_wconf 92' lang='lat'><strong>:</strong></span> <span class='ocrx_word' id='word_1_399' title='bbox 703 3693 769 3746; x_wconf 90' lang='lat' dir='ltr'><strong>ut</strong></span> <span class='ocrx_word' id='word_1_400' title='bbox 793 3706 864 3745; x_wconf 90' lang='lat' dir='ltr'><strong>ex</strong></span> <span class='ocrx_word' id='word_1_401' title='bbox 909 3693 1119 3744; x_wconf 90' lang='lat' dir='ltr'><strong>catena</strong></span> <span class='ocrx_word' id='word_1_402' title='bbox 1157 3693 1493 3744; x_wconf 86' lang='lat' dir='ltr'><strong>extremum</strong></span> <span class='ocrx_word' id='word_1_403' title='bbox 1539 3705 1728 3746; x_wconf 90' lang='lat' dir='ltr'><strong>unum</strong></span> <span class='ocrx_word' id='word_1_404' title='bbox 1770 3691 1874 3763; x_wconf 89' lang='lat' dir='ltr'><strong>qui</strong></span> <span class='ocrx_word' id='word_1_405' title='bbox 1911 3706 2122 3764; x_wconf 87' lang='lat' dir='ltr'><strong>appre-</strong></span> 
     </span>
    </p>
   </div>
   <div class='ocr_carea' id='block_1_58' title="bbox 467 3777 2114 3848">
    <p class='ocr_par' dir='ltr' id='par_1_58' title="bbox 467 3777 2114 3848">
     <span class='ocr_line' id='line_1_58' title="bbox 467 3777 2114 3848; baseline 0 -12"><span class='ocrx_word' id='word_1_406' title='bbox 467 3779 698 3848; x_wconf 91' lang='lat' dir='ltr'><strong>hendit,</strong></span> <span class='ocrx_word' id='word_1_407' title='bbox 741 3779 994 3834; x_wconf 90' lang='lat' dir='ltr'><strong>alterum</strong></span> <span class='ocrx_word' id='word_1_408' title='bbox 1035 3777 1214 3834; x_wconf 87' lang='lat' dir='ltr'><strong>etiam</strong></span> <span class='ocrx_word' id='word_1_409' title='bbox 1257 3782 1590 3833; x_wconf 87' lang='lat' dir='ltr'><strong>extremum</strong></span> <span class='ocrx_word' id='word_1_410' title='bbox 1633 3779 1810 3834; x_wconf 90' lang='lat' dir='ltr'><strong>simul</strong></span> <span class='ocrx_word' id='word_1_411' title='bbox 1841 3781 2114 3846; x_wconf 76' lang='lat' dir='ltr'><strong>attraxit;</strong></span> 
     </span>
    </p>
   </div>
   <div class='ocr_carea' id='block_1_59' title="bbox 469 3867 2120 3942">
    <p class='ocr_par' dir='ltr' id='par_1_59' title="bbox 469 3867 2120 3942">
     <span class='ocr_line' id='line_1_59' title="bbox 469 3867 2120 3942; baseline 0.001 -18"><span class='ocrx_word' id='word_1_412' title='bbox 469 3870 551 3925; x_wconf 88' lang='lat' dir='ltr'><strong>ita</strong></span> <span class='ocrx_word' id='word_1_413' title='bbox 602 3869 706 3941; x_wconf 87' lang='lat' dir='ltr'><strong>qui</strong></span> <span class='ocrx_word' id='word_1_414' title='bbox 763 3869 1044 3940; x_wconf 87' lang='lat' dir='ltr'><strong>Spiritum</strong></span> <span class='ocrx_word' id='word_1_415' title='bbox 1084 3869 1340 3938; x_wconf 82' lang='lat' dir='ltr'><strong>attraxit,</strong></span> <span class='ocrx_word' id='word_1_416' title='bbox 1399 3871 1463 3922; x_wconf 90' lang='lat' dir='ltr'><strong>ut</strong></span> <span class='ocrx_word' id='word_1_417' title='bbox 1515 3867 1594 3923; x_wconf 89' lang='lat' dir='ltr'><strong>ait</strong></span> <span class='ocrx_word' id='word_1_418' title='bbox 1639 3869 2020 3942; x_wconf 71' lang='lat' dir='ltr'><strong>Propheta&quot;,</strong></span> <span class='ocrx_word' id='word_1_419' title='bbox 2063 3875 2120 3926; x_wconf 90' lang='lat' dir='ltr'><strong>et</strong></span> 
     </span>
    </p>
   </div>
   <div class='ocr_carea' id='block_1_60' title="bbox 469 3957 2112 4030">
    <p class='ocr_par' dir='ltr' id='par_1_60' title="bbox 469 3957 2112 4030">
     <span class='ocr_line' id='line_1_60' title="bbox 469 3957 2112 4030; baseline 0.002 -18"><span class='ocrx_word' id='word_1_420' title='bbox 469 3959 681 4013; x_wconf 88' lang='lat' dir='ltr'><strong>Filium</strong></span> <span class='ocrx_word' id='word_1_421' title='bbox 711 3961 768 4013; x_wconf 87' lang='lat' dir='ltr'><strong>et</strong></span> <span class='ocrx_word' id='word_1_422' title='bbox 811 3961 1042 4013; x_wconf 82' lang='lat' dir='ltr'><strong>Patrem</strong></span> <span class='ocrx_word' id='word_1_423' title='bbox 1081 3973 1188 4028; x_wconf 88' lang='lat' dir='ltr'><strong>per</strong></span> <span class='ocrx_word' id='word_1_424' title='bbox 1239 3961 1440 4030; x_wconf 88' lang='lat' dir='ltr'><strong>ipsum</strong></span> <span class='ocrx_word' id='word_1_425' title='bbox 1493 3957 1672 4012; x_wconf 89' lang='lat' dir='ltr'><strong>simul</strong></span> <span class='ocrx_word' id='word_1_426' title='bbox 1721 3960 1914 4014; x_wconf 82' lang='lat' dir='ltr'><strong>traxit.</strong></span> <span class='ocrx_word' id='word_1_427' title='bbox 1963 3961 2112 4025; x_wconf 90' lang='lat' dir='ltr'><strong>Quin</strong></span> 
     </span>
    </p>
   </div>
   <div class='ocr_carea' id='block_1_61' title="bbox 467 4043 2116 4118">
    <p class='ocr_par' dir='ltr' id='par_1_61' title="bbox 467 4043 2116 4118">
     <span class='ocr_line' id='line_1_61' title="bbox 467 4043 2116 4118; baseline 0.004 -19"><span class='ocrx_word' id='word_1_428' title='bbox 467 4045 650 4100; x_wconf 89' lang='lat' dir='ltr'><strong>etiam</strong></span> <span class='ocrx_word' id='word_1_429' title='bbox 673 4043 886 4099; x_wconf 82' lang='lat' dir='ltr'><strong>Filium</strong></span> <span class='ocrx_word' id='word_1_430' title='bbox 935 4045 984 4098; x_wconf 91' lang='lat' dir='ltr'><strong>si</strong></span> <span class='ocrx_word' id='word_1_431' title='bbox 1011 4045 1146 4116; x_wconf 89' lang='lat' dir='ltr'><strong>quis</strong></span> <span class='ocrx_word' id='word_1_432' title='bbox 1185 4061 1322 4100; x_wconf 75' lang='lat' dir='ltr'><strong>vere</strong></span> <span class='ocrx_word' id='word_1_433' title='bbox 1354 4046 1837 4118; x_wconf 86' lang='lat' dir='ltr'><strong>apprehenderit,</strong></span> <span class='ocrx_word' id='word_1_434' title='bbox 1869 4047 2116 4105; x_wconf 69' lang='lat' dir='ltr'><strong>habebit</strong></span> 
     </span>
    </p>
   </div>
   <div class='ocr_carea' id='block_1_62' title="bbox 465 4132 2112 4205">
    <p class='ocr_par' dir='ltr' id='par_1_62' title="bbox 465 4132 2112 4205">
     <span class='ocr_line' id='line_1_62' title="bbox 465 4132 2112 4205; baseline 0.004 -17"><span class='ocrx_word' id='word_1_435' title='bbox 465 4149 604 4188; x_wconf 90' lang='lat' dir='ltr'><strong>eum</strong></span> <span class='ocrx_word' id='word_1_436' title='bbox 635 4132 938 4202; x_wconf 87' lang='lat' dir='ltr'><strong>utrinque,</strong></span> <span class='ocrx_word' id='word_1_437' title='bbox 969 4133 1108 4188; x_wconf 91' lang='lat' dir='ltr'><strong>hinc</strong></span> <span class='ocrx_word' id='word_1_438' title='bbox 1155 4134 1402 4205; x_wconf 84' lang='lat' dir='ltr'><strong>quidem</strong></span> <span class='ocrx_word' id='word_1_439' title='bbox 1445 4137 1678 4190; x_wconf 85' lang='lat' dir='ltr'><strong>Patrem</strong></span> <span class='ocrx_word' id='word_1_440' title='bbox 1721 4153 1919 4202; x_wconf 90' lang='lat' dir='ltr'><strong>suum,</strong></span> <span class='ocrx_word' id='word_1_441' title='bbox 1953 4137 2112 4194; x_wconf 90' lang='lat' dir='ltr'><strong>illinc</strong></span> 
     </span>
    </p>
   </div>
   <div class='ocr_carea' id='block_1_63' title="bbox 463 4221 2108 4294">
    <p class='ocr_par' dir='ltr' id='par_1_63' title="bbox 463 4221 2108 4294">
     <span class='ocr_line' id='line_1_63' title="bbox 463 4221 2108 4294; baseline 0.001 -16"><span class='ocrx_word' id='word_1_442' title='bbox 463 4238 606 4278; x_wconf 84' lang='lat' dir='ltr'><strong>vero</strong></span> <span class='ocrx_word' id='word_1_443' title='bbox 627 4221 910 4294; x_wconf 90' lang='lat' dir='ltr'><strong>Spiritum</strong></span> <span class='ocrx_word' id='word_1_444' title='bbox 937 4223 1252 4294; x_wconf 90' lang='lat' dir='ltr'><strong>proprium</strong></span> <span class='ocrx_word' id='word_1_445' title='bbox 1292 4239 1414 4278; x_wconf 86' lang='lat' dir='ltr'><strong>una</strong></span> <span class='ocrx_word' id='word_1_446' title='bbox 1451 4239 1655 4278; x_wconf 84' lang='lat' dir='ltr'><strong>secum</strong></span> <span class='ocrx_word' id='word_1_447' title='bbox 1686 4223 2108 4280; x_wconf 86' lang='lat' dir='ltr'><strong>adducentem.</strong></span> 
     </span>
    </p>
   </div>
   <div class='ocr_carea' id='block_1_64' title="bbox 461 4311 2110 4386">
    <p class='ocr_par' dir='ltr' id='par_1_64' title="bbox 461 4311 2110 4386">
     <span class='ocr_line' id='line_1_64' title="bbox 461 4311 2110 4386; baseline 0.001 -19"><span class='ocrx_word' id='word_1_448' title='bbox 461 4315 662 4385; x_wconf 87' lang='lat' dir='ltr'><strong>Neque</strong></span> <span class='ocrx_word' id='word_1_449' title='bbox 690 4311 848 4368; x_wconf 89' lang='lat' dir='ltr'><strong>enim</strong></span> <span class='ocrx_word' id='word_1_450' title='bbox 877 4328 914 4368; x_wconf 78' lang='grc' dir='ltr'>ει</span> <span class='ocrx_word' id='word_1_451' title='bbox 941 4315 1110 4367; x_wconf 86' lang='lat' dir='ltr'><strong>Patre</strong></span> <span class='ocrx_word' id='word_1_452' title='bbox 1149 4313 1254 4386; x_wconf 91' lang='lat' dir='ltr'><strong>qui</strong></span> <span class='ocrx_word' id='word_1_453' title='bbox 1299 4329 1538 4384; x_wconf 88' lang='lat' dir='ltr'><strong>semper</strong></span> <span class='ocrx_word' id='word_1_454' title='bbox 1585 4317 1670 4369; x_wconf 88' lang='lat' dir='ltr'><strong>est</strong></span> <span class='ocrx_word' id='word_1_455' title='bbox 1713 4314 1772 4367; x_wconf 91' lang='lat' dir='ltr'><strong>in</strong></span> <span class='ocrx_word' id='word_1_456' title='bbox 1809 4317 1976 4370; x_wconf 86' lang='lat' dir='ltr'><strong>Patre</strong></span> <span class='ocrx_word' id='word_1_457' title='bbox 2009 4314 2110 4370; x_wconf 88' lang='lat' dir='ltr'><strong>ab-</strong></span> 
     </span>
    </p>
   </div>
   <div class='ocr_carea' id='block_1_65' title="bbox 460 4401 2186 4490">
    <p class='ocr_par' dir='ltr' id='par_1_65' title="bbox 460 4401 2186 4490">
     <span class='ocr_line' id='line_1_65' title="bbox 460 4401 2186 4490; baseline 0.002 -36"><span class='ocrx_word' id='word_1_458' title='bbox 460 4401 654 4457; x_wconf 89' lang='lat' dir='ltr'><strong>scindi</strong></span> <span class='ocrx_word' id='word_1_459' title='bbox 683 4401 929 4490; x_wconf 84' lang='lat' dir='ltr'><strong>poterit,</strong></span> <span class='ocrx_word' id='word_1_460' title='bbox 957 4417 1152 4490; x_wconf 89' lang='lat' dir='ltr'><strong>neque</strong></span> <span class='ocrx_word' id='word_1_461' title='bbox 1203 4417 1238 4458; x_wconf 87' lang='lat' dir='ltr'><strong>a</strong></span> <span class='ocrx_word' id='word_1_462' title='bbox 1277 4402 1522 4490; x_wconf 80' lang='lat' dir='ltr'><strong>proprio</strong></span> <span class='ocrx_word' id='word_1_463' title='bbox 1577 4403 1796 4474; x_wconf 88' lang='lat' dir='ltr'><strong>Spiritu</strong></span> <span class='ocrx_word' id='word_1_464' title='bbox 1837 4419 2104 4476; x_wconf 89' lang='lat' dir='ltr'><strong>unquam</strong></span> <span class='ocrx_word' id='word_1_465' title='bbox 2137 4435 2186 4490; x_wconf 76' lang='grc' dir='ltr'><strong>Ι)</strong></span> 
     </span>
    </p>
   </div>
   <div class='ocr_carea' id='block_1_66' title="bbox 457 4488 2104 4560">
    <p class='ocr_par' dir='ltr' id='par_1_66' title="bbox 457 4488 2104 4560">
     <span class='ocr_line' id='line_1_66' title="bbox 457 4488 2104 4560; baseline 0.003 -17"><span class='ocrx_word' id='word_1_466' title='bbox 457 4490 806 4560; x_wconf 67' lang='lat' dir='ltr'><strong>sejungatur</strong></span> <span class='ocrx_word' id='word_1_467' title='bbox 831 4489 935 4560; x_wconf 86' lang='lat' dir='ltr'><strong>qui</strong></span> <span class='ocrx_word' id='word_1_468' title='bbox 971 4489 1032 4542; x_wconf 92' lang='lat' dir='ltr'><strong>in</strong></span> <span class='ocrx_word' id='word_1_469' title='bbox 1061 4488 1195 4560; x_wconf 90' lang='lat' dir='ltr'><strong>ipso</strong></span> <span class='ocrx_word' id='word_1_470' title='bbox 1238 4488 1416 4544; x_wconf 81' lang='lat' dir='ltr'><strong>efﬁcit</strong></span> <span class='ocrx_word' id='word_1_471' title='bbox 1446 4491 1672 4545; x_wconf 90' lang='lat' dir='ltr'><strong>omnia.</strong></span> <span class='ocrx_word' id='word_1_472' title='bbox 1701 4491 1975 4547; x_wconf 87' lang='lat' dir='ltr'><strong>Similiter</strong></span> <span class='ocrx_word' id='word_1_473' title='bbox 2005 4509 2104 4548; x_wconf 88' lang='lat' dir='ltr'><strong>au-</strong></span> 
     </span>
    </p>
   </div>
   <div class='ocr_carea' id='block_1_67' title="bbox 453 4577 2104 4652">
    <p class='ocr_par' dir='ltr' id='par_1_67' title="bbox 453 4577 2104 4652">
     <span class='ocr_line' id='line_1_67' title="bbox 453 4577 2104 4652; baseline 0.003 -19"><span class='ocrx_word' id='word_1_474' title='bbox 453 4581 574 4633; x_wconf 89' lang='lat' dir='ltr'><strong>tem</strong></span> <span class='ocrx_word' id='word_1_475' title='bbox 605 4581 660 4632; x_wconf 90' lang='lat' dir='ltr'><strong>et</strong></span> <span class='ocrx_word' id='word_1_476' title='bbox 685 4577 790 4649; x_wconf 89' lang='lat' dir='ltr'><strong>qui</strong></span> <span class='ocrx_word' id='word_1_477' title='bbox 815 4579 1045 4633; x_wconf 89' lang='lat' dir='ltr'><strong>Patrem</strong></span> <span class='ocrx_word' id='word_1_478' title='bbox 1075 4579 1316 4651; x_wconf 87' lang='lat' dir='ltr'><strong>recepit,</strong></span> <span class='ocrx_word' id='word_1_479' title='bbox 1343 4579 1520 4633; x_wconf 91' lang='lat' dir='ltr'><strong>simul</strong></span> <span class='ocrx_word' id='word_1_480' title='bbox 1540 4595 1782 4652; x_wconf 92' lang='lat' dir='ltr'><strong>quoque</strong></span> <span class='ocrx_word' id='word_1_481' title='bbox 1813 4585 1870 4636; x_wconf 89' lang='lat' dir='ltr'><strong>et</strong></span> <span class='ocrx_word' id='word_1_482' title='bbox 1893 4581 2104 4638; x_wconf 87' lang='lat' dir='ltr'><strong>Filium</strong></span> 
     </span>
    </p>
   </div>
   <div class='ocr_carea' id='block_1_68' title="bbox 451 4667 2102 4742">
    <p class='ocr_par' dir='ltr' id='par_1_68' title="bbox 451 4667 2102 4742">
     <span class='ocr_line' id='line_1_68' title="bbox 451 4667 2102 4742; baseline 0.004 -20"><span class='ocrx_word' id='word_1_483' title='bbox 451 4671 508 4722; x_wconf 91' lang='lat' dir='ltr'><strong>et</strong></span> <span class='ocrx_word' id='word_1_484' title='bbox 539 4667 822 4739; x_wconf 89' lang='lat' dir='ltr'><strong>Spiritum</strong></span> <span class='ocrx_word' id='word_1_485' title='bbox 843 4669 1134 4738; x_wconf 87' lang='lat' dir='ltr'><strong>potestate</strong></span> <span class='ocrx_word' id='word_1_486' title='bbox 1169 4669 1412 4740; x_wconf 87' lang='lat' dir='ltr'><strong>recepit.</strong></span> <span class='ocrx_word' id='word_1_487' title='bbox 1431 4673 1556 4724; x_wconf 90' lang='lat' dir='ltr'><strong>Non</strong></span> <span class='ocrx_word' id='word_1_488' title='bbox 1579 4669 1741 4724; x_wconf 90' lang='lat' dir='ltr'><strong>enim</strong></span> <span class='ocrx_word' id='word_1_489' title='bbox 1761 4675 1956 4742; x_wconf 88' lang='lat' dir='ltr'><strong>potest</strong></span> <span class='ocrx_word' id='word_1_490' title='bbox 1983 4671 2102 4728; x_wconf 91' lang='lat' dir='ltr'><strong>ullo</strong></span> 
     </span>
    </p>
   </div>
   <div class='ocr_carea' id='block_1_69' title="bbox 448 4757 2100 4828">
    <p class='ocr_par' dir='ltr' id='par_1_69' title="bbox 448 4757 2100 4828">
     <span class='ocr_line' id='line_1_69' title="bbox 448 4757 2100 4828; baseline 0.002 -15"><span class='ocrx_word' id='word_1_491' title='bbox 448 4757 634 4813; x_wconf 89' lang='lat' dir='ltr'><strong>modo</strong></span> <span class='ocrx_word' id='word_1_492' title='bbox 665 4757 847 4812; x_wconf 88' lang='lat' dir='ltr'><strong>sectio</strong></span> <span class='ocrx_word' id='word_1_493' title='bbox 880 4761 984 4812; x_wconf 89' lang='lat' dir='ltr'><strong>aut</strong></span> <span class='ocrx_word' id='word_1_494' title='bbox 1011 4757 1226 4812; x_wconf 85' lang='lat' dir='ltr'><strong>divisio</strong></span> <span class='ocrx_word' id='word_1_495' title='bbox 1260 4759 1605 4828; x_wconf 79' lang='lat' dir='ltr'><strong>excogitari,</strong></span> <span class='ocrx_word' id='word_1_496' title='bbox 1640 4759 1719 4814; x_wconf 88' lang='lat' dir='ltr'><strong>ita</strong></span> <span class='ocrx_word' id='word_1_497' title='bbox 1765 4764 1828 4815; x_wconf 90' lang='lat' dir='ltr'><strong>ut</strong></span> <span class='ocrx_word' id='word_1_498' title='bbox 1866 4767 1969 4817; x_wconf 87' lang='lat' dir='ltr'><strong>aut</strong></span> <span class='ocrx_word' id='word_1_499' title='bbox 2019 4763 2100 4817; x_wconf 85' lang='lat' dir='ltr'><strong>Fi-</strong></span> 
     </span>
    </p>
   </div>
   <div class='ocr_carea' id='block_1_70' title="bbox 445 4846 2100 4922">
    <p class='ocr_par' dir='ltr' id='par_1_70' title="bbox 445 4846 2100 4922">
     <span class='ocr_line' id='line_1_70' title="bbox 445 4846 2100 4922; baseline 0.003 -20"><span class='ocrx_word' id='word_1_500' title='bbox 445 4846 560 4902; x_wconf 90' lang='lat' dir='ltr'><strong>lius</strong></span> <span class='ocrx_word' id='word_1_501' title='bbox 587 4846 819 4919; x_wconf 88' lang='lat' dir='ltr'><strong>absque</strong></span> <span class='ocrx_word' id='word_1_502' title='bbox 857 4850 1025 4904; x_wconf 89' lang='lat' dir='ltr'><strong>Patre</strong></span> <span class='ocrx_word' id='word_1_503' title='bbox 1067 4847 1449 4919; x_wconf 88' lang='lat' dir='ltr'><strong>intelligatur,</strong></span> <span class='ocrx_word' id='word_1_504' title='bbox 1489 4853 1592 4905; x_wconf 89' lang='lat' dir='ltr'><strong>aut</strong></span> <span class='ocrx_word' id='word_1_505' title='bbox 1624 4849 1874 4921; x_wconf 89' lang='lat' dir='ltr'><strong>Spiritus</strong></span> <span class='ocrx_word' id='word_1_506' title='bbox 1904 4852 2100 4922; x_wconf 89' lang='lat' dir='ltr'><strong>sejun-</strong></span> 
     </span>
    </p>
   </div>
   <div class='ocr_carea' id='block_1_71' title="bbox 446 4935 2100 5012">
    <p class='ocr_par' dir='ltr' id='par_1_71' title="bbox 446 4935 2100 5012">
     <span class='ocr_line' id='line_1_71' title="bbox 446 4935 2100 5012; baseline 0.003 -19"><span class='ocrx_word' id='word_1_507' title='bbox 446 4941 621 5007; x_wconf 86' lang='lat' dir='ltr'><strong>gatur</strong></span> <span class='ocrx_word' id='word_1_508' title='bbox 667 4953 704 4993; x_wconf 89' lang='lat' dir='ltr'><strong>a</strong></span> <span class='ocrx_word' id='word_1_509' title='bbox 743 4935 883 4992; x_wconf 88' lang='lat' dir='ltr'><strong>Filio</strong></span> <span class='ocrx_word' id='word_1_510' title='bbox 918 4936 1067 4992; x_wconf 90' lang='lat' dir='ltr'><strong>:sed</strong></span> <span class='ocrx_word' id='word_1_511' title='bbox 1108 4937 1171 4992; x_wconf 89' lang='lat' dir='ltr'><strong>in</strong></span> <span class='ocrx_word' id='word_1_512' title='bbox 1214 4937 1308 4992; x_wconf 91' lang='lat' dir='ltr'><strong>his</strong></span> <span class='ocrx_word' id='word_1_513' title='bbox 1347 4937 1667 4994; x_wconf 79' lang='lat' dir='ltr'><strong>ineffabilis</strong></span> <span class='ocrx_word' id='word_1_514' title='bbox 1707 4939 1991 5012; x_wconf 77' lang='lat' dir='ltr'><strong>quaedam</strong></span> <span class='ocrx_word' id='word_1_515' title='bbox 2045 4947 2100 4998; x_wconf 89' lang='lat' dir='ltr'><strong>et</strong></span> 
     </span>
    </p>
   </div>
   <div class='ocr_carea' id='block_1_72' title="bbox 515 5063 1669 5132">
    <p class='ocr_par' dir='ltr' id='par_1_72' title="bbox 515 5063 1669 5132">
     <span class='ocr_line' id='line_1_72' title="bbox 515 5063 1669 5132; baseline 0.002 -12"><span class='ocrx_word' id='word_1_516' title='bbox 515 5065 563 5101; x_wconf 78' lang='grc'><strong>²⁰</strong></span> <span class='ocrx_word' id='word_1_517' title='bbox 589 5067 762 5122; x_wconf 83' lang='lat' dir='ltr'><strong>Rom.</strong></span> <span class='ocrx_word' id='word_1_518' title='bbox 793 5079 914 5127; x_wconf 79' lang='lat' dir='ltr'><strong>vui,</strong></span> <span class='ocrx_word' id='word_1_519' title='bbox 939 5067 992 5119; x_wconf 89' lang='lat'><strong>9.</strong></span> <span class='ocrx_word' id='word_1_520' title='bbox 1071 5065 1116 5100; x_wconf 77' lang='grc' dir='ltr'><strong>²ί</strong></span> <span class='ocrx_word' id='word_1_521' title='bbox 1139 5063 1294 5131; x_wconf 89' lang='lat' dir='ltr'><strong>Psal,</strong></span> <span class='ocrx_word' id='word_1_522' title='bbox 1325 5080 1510 5132; x_wconf 76' lang='lat' dir='ltr'><strong>cxvui,</strong></span> <span class='ocrx_word' id='word_1_523' title='bbox 1549 5069 1669 5122; x_wconf 79' lang='lat' dir='ltr'><strong>t3l.</strong></span> 
     </span>
    </p>
   </div>
   <div class='ocr_carea' id='block_1_73' title="bbox 511 5187 2093 5266">
    <p class='ocr_par' dir='ltr' id='par_1_73' title="bbox 511 5187 2093 5266">
     <span class='ocr_line' id='line_1_73' title="bbox 511 5187 2093 5266; baseline 0.02 -37"><span class='ocrx_word' id='word_1_524' title='bbox 511 5191 624 5266; x_wconf 70' lang='grc' dir='ltr'>(ιδ)</span> <span class='ocrx_word' id='word_1_525' title='bbox 676 5191 764 5266; x_wconf 64' lang='grc' dir='ltr'><strong>’ξεκ</strong></span> <span class='ocrx_word' id='word_1_526' title='bbox 810 5187 1362 5266; x_wconf 41' lang='grc' dir='ltr'><strong>μηδεμιᾶς.ηῐ]οοι·ιιι</strong></span> <span class='ocrx_word' id='word_1_527' title='bbox 1407 5191 1471 5246; x_wconf 88' lang='lat' dir='ltr'><strong>in</strong></span> <span class='ocrx_word' id='word_1_528' title='bbox 1515 5191 1685 5248; x_wconf 87' lang='lat' dir='ltr'><strong>editis</strong></span> <span class='ocrx_word' id='word_1_529' title='bbox 1742 5195 2093 5266; x_wconf 61' lang='lat' dir='ltr'><strong>praepositio</strong></span> 
     </span>
    </p>
   </div>
   <div class='ocr_carea' id='block_1_74' title="bbox 436 5261 1411 5334">
    <p class='ocr_par' dir='ltr' id='par_1_74' title="bbox 436 5261 1411 5334">
     <span class='ocr_line' id='line_1_74' title="bbox 436 5261 1411 5334; baseline 0 -16"><span class='ocrx_word' id='word_1_530' title='bbox 436 5261 572 5334; x_wconf 73' lang='lat' dir='ltr'><strong>quae</strong></span> <span class='ocrx_word' id='word_1_531' title='bbox 601 5261 913 5334; x_wconf 79' lang='lat' dir='ltr'><strong>legitur_ir_1</strong></span> <span class='ocrx_word' id='word_1_532' title='bbox 946 5261 1231 5318; x_wconf 78' lang='lat' dir='ltr'><strong>Omnibus</strong></span> <span class='ocrx_word' id='word_1_533' title='bbox 1263 5279 1411 5318; x_wconf 90' lang='lat' dir='ltr'><strong>mss.</strong></span> 
     </span>
    </p>
   </div>
   <div class='ocr_carea' id='block_1_75' title="bbox 507 5331 2089 5409">
    <p class='ocr_par' dir='ltr' id='par_1_75' title="bbox 507 5331 2089 5409">
     <span class='ocr_line' id='line_1_75' title="bbox 507 5331 2089 5409; baseline 0.003 -20"><span class='ocrx_word' id='word_1_534' title='bbox 507 5335 617 5409; x_wconf 75' lang='lat' dir='ltr'><strong>_(_l7)</strong></span> <span class='ocrx_word' id='word_1_535' title='bbox 661 5331 1121 5409; x_wconf 58' lang='grc' dir='ltr'><strong>[Ιαρριᾷεὸομένων.</strong></span> <span class='ocrx_word' id='word_1_536' title='bbox 1181 5335 1265 5389; x_wconf 89' lang='lat' dir='ltr'><strong>Ita</strong></span> <span class='ocrx_word' id='word_1_537' title='bbox 1301 5349 1534 5409; x_wconf 82' lang='lat' dir='ltr'><strong>omnes</strong></span> <span class='ocrx_word' id='word_1_538' title='bbox 1593 5351 1750 5409; x_wconf 78' lang='lat' dir='ltr'><strong>mss._</strong></span> <span class='ocrx_word' id='word_1_539' title='bbox 1803 5341 1858 5392; x_wconf 90' lang='lat' dir='ltr'><strong>et</strong></span> <span class='ocrx_word' id='word_1_540' title='bbox 1903 5340 2089 5409; x_wconf 19' lang='lat' dir='ltr'><strong>&quot;Nyss.</strong></span> 
     </span>
    </p>
   </div>
   <div class='ocr_carea' id='block_1_76' title="bbox 433 5403 2090 5486">
    <p class='ocr_par' dir='ltr' id='par_1_76' title="bbox 433 5403 2090 5486">
     <span class='ocr_line' id='line_1_76' title="bbox 433 5403 2090 5486; baseline 0.004 -26"><span class='ocrx_word' id='word_1_541' title='bbox 433 5403 1064 5486; x_wconf 46' lang='grc' dir='ltr'><strong>Ειῖἱίίπαραξιὸομένων,</strong></span> <span class='ocrx_word' id='word_1_542' title='bbox 1101 5407 1350 5478; x_wconf 85' lang='lat' dir='ltr'><strong>excepta</strong></span> <span class='ocrx_word' id='word_1_543' title='bbox 1381 5409 1583 5461; x_wconf 86' lang='lat' dir='ltr'><strong>tamen</strong></span> <span class='ocrx_word' id='word_1_544' title='bbox 1615 5406 1871 5464; x_wconf 84' lang='lat' dir='ltr'><strong>editione</strong></span> <span class='ocrx_word' id='word_1_545' title='bbox 1899 5403 2090 5480; x_wconf 76' lang='lat' dir='ltr'><strong>Haga-</strong></span> 
     </span>
    </p>
   </div>
   <div class='ocr_carea' id='block_1_77' title="bbox 430 5477 1181 5546">
    <p class='ocr_par' dir='ltr' id='par_1_77' title="bbox 430 5477 1181 5546">
     <span class='ocr_line' id='line_1_77' title="bbox 430 5477 1181 5546; baseline 0 -15"><span class='ocrx_word' id='word_1_546' title='bbox 430 5477 646 5532; x_wconf 89' lang='lat' dir='ltr'><strong>noensi</strong></span> <span class='ocrx_word' id='word_1_547' title='bbox 674 5477 732 5534; x_wconf 86' lang='lat' dir='ltr'><strong>et</strong></span> <span class='ocrx_word' id='word_1_548' title='bbox 765 5477 936 5534; x_wconf 88' lang='lat' dir='ltr'><strong>Basil.</strong></span> <span class='ocrx_word' id='word_1_549' title='bbox 961 5479 1181 5546; x_wconf 87' lang='lat' dir='ltr'><strong>prima.</strong></span> 
     </span>
    </p>
   </div>
   <div class='ocr_carea' id='block_1_78' title="bbox 500 5546 2087 5622">
    <p class='ocr_par' dir='ltr' id='par_1_78' title="bbox 500 5546 2087 5622">
     <span class='ocr_line' id='line_1_78' title="bbox 500 5546 2087 5622; baseline 0.004 -20"><span class='ocrx_word' id='word_1_550' title='bbox 500 5547 613 5618; x_wconf 80' lang='grc'>(18)</span> <span class='ocrx_word' id='word_1_551' title='bbox 657 5546 1078 5604; x_wconf 75' lang='grc' dir='ltr'><strong>’Λδιάσπαστον.</strong></span> <span class='ocrx_word' id='word_1_552' title='bbox 1117 5547 1272 5606; x_wconf 80' lang='lat' dir='ltr'><strong>Harl.</strong></span> <span class='ocrx_word' id='word_1_553' title='bbox 1308 5551 1364 5604; x_wconf 91' lang='lat' dir='ltr'><strong>et</strong></span> <span class='ocrx_word' id='word_1_554' title='bbox 1394 5564 1548 5604; x_wconf 90' lang='lat' dir='ltr'><strong>unus</strong></span> <span class='ocrx_word' id='word_1_555' title='bbox 1596 5564 1666 5604; x_wconf 79' lang='lat' dir='ltr'><strong>ex</strong></span> <span class='ocrx_word' id='word_1_556' title='bbox 1697 5551 1890 5622; x_wconf 81' lang='lat' dir='ltr'><strong>Regiis</strong></span> <span class='ocrx_word' id='word_1_557' title='bbox 1934 5549 2087 5608; x_wconf 71' lang='grc' dir='ltr'><strong>ἀδιά-</strong></span> 
     </span>
    </p>
   </div>
   <div class='ocr_carea' id='block_1_79' title="bbox 2227 1802 3886 1878">
    <p class='ocr_par' dir='ltr' id='par_1_79' title="bbox 2227 1802 3886 1878">
     <span class='ocr_line' id='line_1_79' title="bbox 2227 1802 3886 1878; baseline 0 -22"><span class='ocrx_word' id='word_1_558' title='bbox 2227 1814 2288 1878; x_wconf 75' lang='grc' dir='ltr'><em>τῇ</em></span> <span class='ocrx_word' id='word_1_559' title='bbox 2337 1805 2462 1877; x_wconf 77' lang='grc' dir='ltr'>ἁγίᾳ</span> <span class='ocrx_word' id='word_1_560' title='bbox 2514 1804 2707 1878; x_wconf 73' lang='grc' dir='ltr'>Τριάδι</span> <span class='ocrx_word' id='word_1_561' title='bbox 2763 1809 3146 1877; x_wconf 74' lang='grc' dir='ltr'><strong>πιστευομένων</strong></span> <span class='ocrx_word' id='word_1_562' title='bbox 3191 1809 3546 1870; x_wconf 77' lang='grc' dir='ltr'><strong>κατανοήσειε,</strong></span> <span class='ocrx_word' id='word_1_563' title='bbox 3582 1802 3676 1857; x_wconf 73' lang='grc' dir='ltr'><strong>διὰ</strong></span> <span class='ocrx_word' id='word_1_564' title='bbox 3727 1813 3886 1856; x_wconf 61' lang='grc' dir='ltr'><strong>τῶν)</strong></span> 
     </span>
    </p>
   </div>
   <div class='ocr_carea' id='block_1_80' title="bbox 2226 1891 3830 1968">
    <p class='ocr_par' dir='ltr' id='par_1_80' title="bbox 2226 1891 3830 1968">
     <span class='ocr_line' id='line_1_80' title="bbox 2226 1891 3830 1968; baseline -0.001 -23"><span class='ocrx_word' id='word_1_565' title='bbox 2226 1893 2393 1945; x_wconf 81' lang='grc' dir='ltr'>αύτῶν</span> <span class='ocrx_word' id='word_1_566' title='bbox 2461 1893 2862 1968; x_wconf 77' lang='grc' dir='ltr'>προσελεύσεταί</span> <span class='ocrx_word' id='word_1_567' title='bbox 2921 1891 3330 1968; x_wconf 74' lang='grc' dir='ltr'><strong>ἀπαραλλάκτως</strong></span> <span class='ocrx_word' id='word_1_568' title='bbox 3364 1935 3377 1960; x_wconf 95' lang='grc'>,</span> <span class='ocrx_word' id='word_1_569' title='bbox 3447 1891 3531 1944; x_wconf 79' lang='grc' dir='ltr'><strong>ἐπὶ</strong></span> <span class='ocrx_word' id='word_1_570' title='bbox 3599 1896 3830 1968; x_wconf 81' lang='grc' dir='ltr'>Πατρός,</span> 
     </span>
    </p>
   </div>
   <div class='ocr_carea' id='block_1_81' title="bbox 2225 1977 3828 2054">
    <p class='ocr_par' dir='ltr' id='par_1_81' title="bbox 2225 1977 3828 2054">
     <span class='ocr_line' id='line_1_81' title="bbox 2225 1977 3828 2054; baseline -0.001 -20"><span class='ocrx_word' id='word_1_571' title='bbox 2225 1987 2314 2034; x_wconf 85' lang='grc' dir='ltr'>καὶ</span> <span class='ocrx_word' id='word_1_572' title='bbox 2361 1984 2505 2048; x_wconf 76' lang='grc' dir='ltr'>Υὶού,</span> <span class='ocrx_word' id='word_1_573' title='bbox 2559 1987 2648 2033; x_wconf 83' lang='grc' dir='ltr'><strong>καὶ</strong></span> <span class='ocrx_word' id='word_1_574' title='bbox 2701 1985 2992 2053; x_wconf 84' lang='grc' dir='ltr'>Πνεύματος</span> <span class='ocrx_word' id='word_1_575' title='bbox 3042 1981 3192 2052; x_wconf 82' lang='grc' dir='ltr'>ἁγίου</span> <span class='ocrx_word' id='word_1_576' title='bbox 3245 1985 3337 2038; x_wconf 82' lang='grc' dir='ltr'>τὴν</span> <span class='ocrx_word' id='word_1_577' title='bbox 3389 1977 3547 2044; x_wconf 83' lang='grc' dir='ltr'>δόξαν</span> <span class='ocrx_word' id='word_1_578' title='bbox 3599 1980 3828 2054; x_wconf 75' lang='grc' dir='ltr'><strong>βλέπων,</strong></span> 
     </span>
    </p>
   </div>
   <div class='ocr_carea' id='block_1_82' title="bbox 2226 2067 3832 2146">
    <p class='ocr_par' dir='ltr' id='par_1_82' title="bbox 2226 2067 3832 2146">
     <span class='ocr_line' id='line_1_82' title="bbox 2226 2067 3832 2146; baseline 0 -23"><span class='ocrx_word' id='word_1_579' title='bbox 2226 2069 2274 2123; x_wconf 77' lang='grc' dir='ltr'><strong>ἓν</strong></span> <span class='ocrx_word' id='word_1_580' title='bbox 2333 2067 2504 2123; x_wconf 67' lang='grc' dir='ltr'>οὐδενὶ</span> <span class='ocrx_word' id='word_1_581' title='bbox 2545 2067 2885 2143; x_wconf 73' lang='grc' dir='ltr'>διαλείμματι</span> <span class='ocrx_word' id='word_1_582' title='bbox 2941 2070 3136 2143; x_wconf 81' lang='grc' dir='ltr'>μεταξύ</span> <span class='ocrx_word' id='word_1_583' title='bbox 3189 2075 3393 2146; x_wconf 86' lang='grc' dir='ltr'>Πατρός</span> <span class='ocrx_word' id='word_1_584' title='bbox 3437 2075 3526 2122; x_wconf 74' lang='grc' dir='ltr'>καὶ</span> <span class='ocrx_word' id='word_1_585' title='bbox 3575 2073 3700 2123; x_wconf 78' lang='grc' dir='ltr'><strong>Υἱοῦ</strong></span> <span class='ocrx_word' id='word_1_586' title='bbox 3741 2076 3832 2124; x_wconf 76' lang='grc' dir='ltr'><strong>καὶ</strong></span> 
     </span>
    </p>
   </div>
   <div class='ocr_carea' id='block_1_83' title="bbox 2227 2157 3832 2233">
    <p class='ocr_par' dir='ltr' id='par_1_83' title="bbox 2227 2157 3832 2233">
     <span class='ocr_line' id='line_1_83' title="bbox 2227 2157 3832 2233; baseline 0 -21"><span class='ocrx_word' id='word_1_587' title='bbox 2227 2159 2375 2233; x_wconf 83' lang='grc' dir='ltr'><strong>ἁγίου</strong></span> <span class='ocrx_word' id='word_1_588' title='bbox 2436 2163 2730 2232; x_wconf 84' lang='grc' dir='ltr'>Πνεύματος</span> <span class='ocrx_word' id='word_1_589' title='bbox 2785 2169 2882 2222; x_wconf 79' lang='grc' dir='ltr'><strong>τῆς</strong></span> <span class='ocrx_word' id='word_1_590' title='bbox 2940 2157 3172 2222; x_wconf 76' lang='grc' dir='ltr'>διανοίας</span> <span class='ocrx_word' id='word_1_591' title='bbox 3219 2158 3656 2232; x_wconf 79' lang='grc' dir='ltr'>κενεμϐατούσης.</span> <span class='ocrx_word' id='word_1_592' title='bbox 3687 2165 3832 2212; x_wconf 83' lang='grc' dir='ltr'>Διότι</span> 
     </span>
    </p>
   </div>
   <div class='ocr_carea' id='block_1_84' title="bbox 2226 2246 3834 2324">
    <p class='ocr_par' dir='ltr' id='par_1_84' title="bbox 2226 2246 3834 2324">
     <span class='ocr_line' id='line_1_84' title="bbox 2226 2246 3834 2324; baseline 0.001 -23"><span class='ocrx_word' id='word_1_593' title='bbox 2226 2247 2376 2302; x_wconf 70' lang='grc' dir='ltr'><strong>οὐδέν</strong></span> <span class='ocrx_word' id='word_1_594' title='bbox 2408 2248 2522 2301; x_wconf 82' lang='grc' dir='ltr'>ἐστι</span> <span class='ocrx_word' id='word_1_595' title='bbox 2561 2253 2616 2300; x_wconf 90' lang='lat'><strong>1&#39;6</strong></span> <span class='ocrx_word' id='word_1_596' title='bbox 2651 2246 2744 2301; x_wconf 71' lang='grc' dir='ltr'><strong>διὰ</strong></span> <span class='ocrx_word' id='word_1_597' title='bbox 2783 2253 2943 2322; x_wconf 86' lang='grc' dir='ltr'>μέσου</span> <span class='ocrx_word' id='word_1_598' title='bbox 2999 2253 3192 2301; x_wconf 87' lang='grc' dir='ltr'>τούτων</span> <span class='ocrx_word' id='word_1_599' title='bbox 3227 2252 3667 2324; x_wconf 81' lang='grc' dir='ltr'>παρενειρόμενον,</span> <span class='ocrx_word' id='word_1_600' title='bbox 3713 2253 3834 2302; x_wconf 71' lang='grc' dir='ltr'>οὔτε</span> 
     </span>
    </p>
   </div>
   <div class='ocr_carea' id='block_1_85' title="bbox 2225 2337 3834 2412">
    <p class='ocr_par' dir='ltr' id='par_1_85' title="bbox 2225 2337 3834 2412">
     <span class='ocr_line' id='line_1_85' title="bbox 2225 2337 3834 2412; baseline 0.012 -30"><span class='ocrx_word' id='word_1_601' title='bbox 2225 2345 2445 2412; x_wconf 78' lang='grc' dir='ltr'>πρᾶγμα</span> <span class='ocrx_word' id='word_1_602' title='bbox 2491 2341 2717 2410; x_wconf 71' lang='grc' dir='ltr'>ὑφεστὼς</span> <span class='ocrx_word' id='word_1_603' title='bbox 2761 2337 2881 2390; x_wconf 76' lang='grc' dir='ltr'>ἀλλο</span> <span class='ocrx_word' id='word_1_604' title='bbox 2933 2357 2986 2389; x_wconf 88' lang='grc' dir='ltr'>τι</span> <span class='ocrx_word' id='word_1_605' title='bbox 3033 2340 3175 2410; x_wconf 82' lang='grc' dir='ltr'>παρὰ</span> <span class='ocrx_word' id='word_1_606' title='bbox 3225 2342 3316 2395; x_wconf 75' lang='grc' dir='ltr'><strong>τὴν</strong></span> <span class='ocrx_word' id='word_1_607' title='bbox 3352 2339 3489 2390; x_wconf 75' lang='grc' dir='ltr'>θείαν</span> <span class='ocrx_word' id='word_1_608' title='bbox 3539 2341 3714 2410; x_wconf 69' lang='grc' dir='ltr'><strong>φύσιν,</strong></span> <span class='ocrx_word' id='word_1_609' title='bbox 3765 2341 3834 2402; x_wconf 75' lang='grc' dir='ltr'><strong>ὡς</strong></span> 
     </span>
    </p>
   </div>
   <div class='ocr_carea' id='block_1_86' title="bbox 2225 2424 3832 2504">
    <p class='ocr_par' dir='ltr' id='par_1_86' title="bbox 2225 2424 3832 2504">
     <span class='ocr_line' id='line_1_86' title="bbox 2225 2424 3832 2504; baseline -0.001 -24"><span class='ocrx_word' id='word_1_610' title='bbox 2225 2429 2588 2504; x_wconf 76' lang='grc' dir='ltr'>καταμερίζειν</span> <span class='ocrx_word' id='word_1_611' title='bbox 2644 2427 2802 2486; x_wconf 70' lang='grc' dir='ltr'>αὐτὴν</span> <span class='ocrx_word' id='word_1_612' title='bbox 2853 2431 2980 2502; x_wconf 87' lang='grc' dir='ltr'><strong>πρὸς</strong></span> <span class='ocrx_word' id='word_1_613' title='bbox 3035 2427 3220 2485; x_wconf 79' lang='grc' dir='ltr'>ἑαυτὴν</span> <span class='ocrx_word' id='word_1_614' title='bbox 3263 2424 3357 2480; x_wconf 77' lang='grc' dir='ltr'><strong>διὰ</strong></span> <span class='ocrx_word' id='word_1_615' title='bbox 3401 2436 3492 2487; x_wconf 81' lang='grc' dir='ltr'><strong>τῆς</strong></span> <span class='ocrx_word' id='word_1_616' title='bbox 3535 2435 3628 2479; x_wconf 76' lang='grc' dir='ltr'><strong>τοῦ</strong></span> <span class='ocrx_word' id='word_1_617' title='bbox 3682 2425 3832 2479; x_wconf 77' lang='grc' dir='ltr'>ἄλλο·</span> 
     </span>
    </p>
   </div>
   <div class='ocr_carea' id='block_1_87' title="bbox 2228 2515 3836 2593">
    <p class='ocr_par' dir='ltr' id='par_1_87' title="bbox 2228 2515 3836 2593">
     <span class='ocr_line' id='line_1_87' title="bbox 2228 2515 3836 2593; baseline 0.001 -22"><span class='ocrx_word' id='word_1_618' title='bbox 2228 2525 2369 2593; x_wconf 89' lang='grc' dir='ltr'>τρίου</span> <span class='ocrx_word' id='word_1_619' title='bbox 2436 2526 2861 2592; x_wconf 81' lang='grc' dir='ltr'>παρεμπτώσεως</span> <span class='ocrx_word' id='word_1_620' title='bbox 2927 2517 3231 2572; x_wconf 74' lang='grc' dir='ltr'><strong>δύνασθαν·</strong></span> <span class='ocrx_word' id='word_1_621' title='bbox 3299 2523 3414 2572; x_wconf 72' lang='grc' dir='ltr'>οὔτε</span> <span class='ocrx_word' id='word_1_622' title='bbox 3471 2515 3836 2592; x_wconf 72' lang='grc' dir='ltr'>διαστήματός</span> 
     </span>
    </p>
   </div>
   <div class='ocr_carea' id='block_1_88' title="bbox 2227 2607 3834 2682">
    <p class='ocr_par' dir='ltr' id='par_1_88' title="bbox 2227 2607 3834 2682">
     <span class='ocr_line' id='line_1_88' title="bbox 2227 2607 3834 2682; baseline -0.001 -20"><span class='ocrx_word' id='word_1_623' title='bbox 2227 2629 2364 2672; x_wconf 90' lang='grc' dir='ltr'>τινος</span> <span class='ocrx_word' id='word_1_624' title='bbox 2397 2607 2760 2662; x_wconf 78' lang='grc' dir='ltr'>ἁνυποστοὲτον</span> <span class='ocrx_word' id='word_1_625' title='bbox 2800 2614 3033 2678; x_wconf 81' lang='grc' dir='ltr'><strong>κενότης,</strong></span> <span class='ocrx_word' id='word_1_626' title='bbox 3083 2613 3197 2670; x_wconf 79' lang='grc' dir='ltr'>ἥτις</span> <span class='ocrx_word' id='word_1_627' title='bbox 3227 2612 3502 2682; x_wconf 77' lang='grc' dir='ltr'>κεχηνέναι</span> <span class='ocrx_word' id='word_1_628' title='bbox 3549 2615 3690 2662; x_wconf 86' lang='grc' dir='ltr'>ποιεῖ</span> <span class='ocrx_word' id='word_1_629' title='bbox 3733 2617 3834 2674; x_wconf 81' lang='grc' dir='ltr'>τῆς</span> 
     </span>
    </p>
   </div>
   <div class='ocr_carea' id='block_1_89' title="bbox 2232 2697 3836 2774">
    <p class='ocr_par' dir='ltr' id='par_1_89' title="bbox 2232 2697 3836 2774">
     <span class='ocr_line' id='line_1_89' title="bbox 2232 2697 3836 2774; baseline -0.001 -24"><span class='ocrx_word' id='word_1_630' title='bbox 2232 2701 2372 2760; x_wconf 82' lang='grc' dir='ltr'>θείας</span> <span class='ocrx_word' id='word_1_631' title='bbox 2419 2697 2603 2760; x_wconf 83' lang='grc' dir='ltr'>ούσίας</span> <span class='ocrx_word' id='word_1_632' title='bbox 2649 2703 2741 2757; x_wconf 75' lang='grc' dir='ltr'>την</span> <span class='ocrx_word' id='word_1_633' title='bbox 2791 2702 2920 2772; x_wconf 85' lang='grc' dir='ltr'><strong>πρὸς</strong></span> <span class='ocrx_word' id='word_1_634' title='bbox 2969 2698 3158 2756; x_wconf 76' lang='grc' dir='ltr'>ἑαυτὴν</span> <span class='ocrx_word' id='word_1_635' title='bbox 3207 2699 3479 2774; x_wconf 80' lang='grc' dir='ltr'><strong>ἁρμονίαν,</strong></span> <span class='ocrx_word' id='word_1_636' title='bbox 3528 2705 3589 2770; x_wconf 74' lang='grc' dir='ltr'>τῇ</span> <span class='ocrx_word' id='word_1_637' title='bbox 3637 2718 3836 2770; x_wconf 83' lang='grc' dir='ltr'>παρεν-</span> 
     </span>
    </p>
   </div>
   <div class='ocr_carea' id='block_1_90' title="bbox 2231 2785 3838 2860">
    <p class='ocr_par' dir='ltr' id='par_1_90' title="bbox 2231 2785 3838 2860">
     <span class='ocr_line' id='line_1_90' title="bbox 2231 2785 3838 2860; baseline 0 -20"><span class='ocrx_word' id='word_1_638' title='bbox 2231 2789 2362 2859; x_wconf 73' lang='grc' dir='ltr'>θήκη</span> <span class='ocrx_word' id='word_1_639' title='bbox 2393 2795 2482 2839; x_wconf 77' lang='grc' dir='ltr'>τού</span> <span class='ocrx_word' id='word_1_640' title='bbox 2521 2795 2668 2840; x_wconf 69' lang='grc' dir='ltr'>κενοῦ</span> <span class='ocrx_word' id='word_1_641' title='bbox 2721 2791 2778 2840; x_wconf 87' lang='grc' dir='ltr'><strong>τό</strong></span> <span class='ocrx_word' id='word_1_642' title='bbox 2825 2791 3041 2860; x_wconf 76' lang='grc' dir='ltr'>σύνεχὲς</span> <span class='ocrx_word' id='word_1_643' title='bbox 3075 2785 3480 2842; x_wconf 74' lang='grc' dir='ltr'><strong>διαστέλλουσα.</strong></span> <span class='ocrx_word' id='word_1_644' title='bbox 3523 2786 3659 2840; x_wconf 82' lang='grc' dir='ltr'><strong>Ἀλλ’</strong></span> <span class='ocrx_word' id='word_1_645' title='bbox 3689 2789 3714 2840; x_wconf 90' lang='lat'><strong>6</strong></span> <span class='ocrx_word' id='word_1_646' title='bbox 3744 2791 3838 2840; x_wconf 86' lang='grc' dir='ltr'>τόν</span> 
     </span>
    </p>
   </div>
   <div class='ocr_carea' id='block_1_91' title="bbox 2233 2875 3834 2952">
    <p class='ocr_par' dir='ltr' id='par_1_91' title="bbox 2233 2875 3834 2952">
     <span class='ocr_line' id='line_1_91' title="bbox 2233 2875 3834 2952; baseline 0 -24"><span class='ocrx_word' id='word_1_647' title='bbox 2233 2881 2436 2952; x_wconf 77' lang='grc' dir='ltr'><strong>Πατέρα</strong></span> <span class='ocrx_word' id='word_1_648' title='bbox 2481 2881 2677 2938; x_wconf 77' lang='grc' dir='ltr'>νοήσας</span> <span class='ocrx_word' id='word_1_649' title='bbox 2726 2876 2880 2928; x_wconf 70' lang='grc' dir='ltr'>αὐτόν</span> <span class='ocrx_word' id='word_1_650' title='bbox 2921 2895 2973 2928; x_wconf 88' lang='grc' dir='ltr'><strong>τε</strong></span> <span class='ocrx_word' id='word_1_651' title='bbox 3032 2875 3106 2950; x_wconf 68' lang='grc' dir='ltr'><strong>ἐφ’</strong></span> <span class='ocrx_word' id='word_1_652' title='bbox 3139 2876 3325 2928; x_wconf 83' lang='grc' dir='ltr'>ἑαυτοῦ</span> <span class='ocrx_word' id='word_1_653' title='bbox 3371 2875 3571 2940; x_wconf 79' lang='grc' dir='ltr'><strong>ἐνόησε,</strong></span> <span class='ocrx_word' id='word_1_654' title='bbox 3615 2881 3704 2928; x_wconf 78' lang='grc' dir='ltr'>καὶ</span> <span class='ocrx_word' id='word_1_655' title='bbox 3745 2879 3834 2928; x_wconf 83' lang='grc' dir='ltr'>τὸν</span> 
     </span>
    </p>
   </div>
   <div class='ocr_carea' id='block_1_92' title="bbox 2227 2961 3836 3040">
    <p class='ocr_par' dir='ltr' id='par_1_92' title="bbox 2227 2961 3836 3040">
     <span class='ocr_line' id='line_1_92' title="bbox 2227 2961 3836 3040; baseline -0.002 -22"><span class='ocrx_word' id='word_1_656' title='bbox 2227 2965 2346 3018; x_wconf 87' lang='grc' dir='ltr'><strong>Υἰὸν</strong></span> <span class='ocrx_word' id='word_1_657' title='bbox 2374 2973 2434 3024; x_wconf 79' lang='grc' dir='ltr'>τῆ</span> <span class='ocrx_word' id='word_1_658' title='bbox 2493 2961 2702 3037; x_wconf 79' lang='grc' dir='ltr'>διανοίᾳ</span> <span class='ocrx_word' id='word_1_659' title='bbox 2743 2962 3197 3040; x_wconf 76' lang='grc' dir='ltr'>συμπαρεδέξατο.</span> <span class='ocrx_word' id='word_1_660' title='bbox 3231 2965 3288 3017; x_wconf 74' lang='grc' dir='ltr'><strong>Ὀ</strong></span> <span class='ocrx_word' id='word_1_661' title='bbox 3333 2961 3392 3018; x_wconf 73' lang='grc' dir='ltr'><strong>δὲ</strong></span> <span class='ocrx_word' id='word_1_662' title='bbox 3429 2972 3607 3018; x_wconf 76' lang='grc' dir='ltr'>τοῦτον</span> <span class='ocrx_word' id='word_1_663' title='bbox 3637 2964 3836 3036; x_wconf 75' lang='grc' dir='ltr'>λαϐὼν,</span> 
     </span>
    </p>
   </div>
   <div class='ocr_carea' id='block_1_93' title="bbox 2227 3053 3840 3132">
    <p class='ocr_par' dir='ltr' id='par_1_93' title="bbox 2227 3053 3840 3132">
     <span class='ocr_line' id='line_1_93' title="bbox 2227 3053 3840 3132; baseline -0.001 -24"><span class='ocrx_word' id='word_1_664' title='bbox 2227 3063 2320 3108; x_wconf 77' lang='grc' dir='ltr'><strong>τοῦ</strong></span> <span class='ocrx_word' id='word_1_665' title='bbox 2367 3057 2488 3106; x_wconf 78' lang='grc' dir='ltr'><strong>Υἱοΰ</strong></span> <span class='ocrx_word' id='word_1_666' title='bbox 2533 3058 2590 3106; x_wconf 87' lang='grc' dir='ltr'>τό</span> <span class='ocrx_word' id='word_1_667' title='bbox 2633 3062 2840 3127; x_wconf 73' lang='grc' dir='ltr'>Πνεῦμα</span> <span class='ocrx_word' id='word_1_668' title='bbox 2895 3053 2988 3107; x_wconf 83' lang='grc' dir='ltr'>ούκ</span> <span class='ocrx_word' id='word_1_669' title='bbox 3018 3054 3346 3132; x_wconf 80' lang='grc' dir='ltr'>ἀπεμέρισεν,</span> <span class='ocrx_word' id='word_1_670' title='bbox 3382 3053 3490 3107; x_wconf 77' lang='grc' dir='ltr'>ἀλλ’</span> <span class='ocrx_word' id='word_1_671' title='bbox 3541 3053 3840 3116; x_wconf 72' lang='grc' dir='ltr'>ἀκολούθως</span> 
     </span>
    </p>
   </div>
   <div class='ocr_carea' id='block_1_94' title="bbox 2229 3139 3838 3218">
    <p class='ocr_par' dir='ltr' id='par_1_94' title="bbox 2229 3139 3838 3218">
     <span class='ocr_line' id='line_1_94' title="bbox 2229 3139 3838 3218; baseline 0.001 -24"><span class='ocrx_word' id='word_1_672' title='bbox 2229 3145 2318 3216; x_wconf 73' lang='grc' dir='ltr'>μὲν</span> <span class='ocrx_word' id='word_1_673' title='bbox 2349 3145 2484 3194; x_wconf 81' lang='grc' dir='ltr'>κατὰ</span> <span class='ocrx_word' id='word_1_674' title='bbox 2529 3147 2622 3200; x_wconf 75' lang='grc' dir='ltr'><strong>τὴν</strong></span> <span class='ocrx_word' id='word_1_675' title='bbox 2664 3143 2830 3210; x_wconf 75' lang='grc' dir='ltr'>τάξιν,</span> <span class='ocrx_word' id='word_1_676' title='bbox 2890 3147 3224 3218; x_wconf 78' lang='grc' dir='ltr'>συνημμένως</span> <span class='ocrx_word' id='word_1_677' title='bbox 3275 3139 3332 3196; x_wconf 72' lang='grc' dir='ltr'><strong>δὲ</strong></span> <span class='ocrx_word' id='word_1_678' title='bbox 3374 3145 3511 3196; x_wconf 79' lang='grc' dir='ltr'>κατὰ</span> <span class='ocrx_word' id='word_1_679' title='bbox 3538 3148 3629 3202; x_wconf 76' lang='grc' dir='ltr'><strong>τὴν</strong></span> <span class='ocrx_word' id='word_1_680' title='bbox 3674 3146 3838 3218; x_wconf 64' lang='grc' dir='ltr'>φύσιν</span> 
     </span>
    </p>
   </div>
   <div class='ocr_carea' id='block_1_95' title="bbox 2229 3234 3838 3310">
    <p class='ocr_par' dir='ltr' id='par_1_95' title="bbox 2229 3234 3838 3310">
     <span class='ocr_line' id='line_1_95' title="bbox 2229 3234 3838 3310; baseline -0.001 -24"><span class='ocrx_word' id='word_1_681' title='bbox 2229 3243 2328 3286; x_wconf 84' lang='grc' dir='ltr'>τῶν</span> <span class='ocrx_word' id='word_1_682' title='bbox 2361 3243 2516 3308; x_wconf 81' lang='grc' dir='ltr'>τριῶν</span> <span class='ocrx_word' id='word_1_683' title='bbox 2563 3237 2698 3286; x_wconf 80' lang='grc' dir='ltr'>κατὰ</span> <span class='ocrx_word' id='word_1_684' title='bbox 2745 3237 2932 3286; x_wconf 84' lang='grc' dir='ltr'>ταυτὸν</span> <span class='ocrx_word' id='word_1_685' title='bbox 2974 3239 3396 3310; x_wconf 83' lang='grc' dir='ltr'>συγκεκραμένην</span> <span class='ocrx_word' id='word_1_686' title='bbox 3429 3234 3475 3287; x_wconf 84' lang='grc' dir='ltr'><em>ἐν</em></span> <span class='ocrx_word' id='word_1_687' title='bbox 3523 3234 3690 3306; x_wconf 81' lang='grc' dir='ltr'>ἐαυτῷ</span> <span class='ocrx_word' id='word_1_688' title='bbox 3737 3239 3838 3292; x_wconf 75' lang='grc' dir='ltr'>τὴν</span> 
     </span>
    </p>
   </div>
   <div class='ocr_carea' id='block_1_96' title="bbox 2229 3321 3840 3398">
    <p class='ocr_par' dir='ltr' id='par_1_96' title="bbox 2229 3321 3840 3398">
     <span class='ocr_line' id='line_1_96' title="bbox 2229 3321 3840 3398; baseline -0.001 -23"><span class='ocrx_word' id='word_1_689' title='bbox 2229 3327 2410 3376; x_wconf 88' lang='grc' dir='ltr'>πίστιν</span> <span class='ocrx_word' id='word_1_690' title='bbox 2465 3321 2851 3378; x_wconf 78' lang='grc' dir='ltr'>ἀνετυπώσατο.</span> <span class='ocrx_word' id='word_1_691' title='bbox 2899 3328 2998 3376; x_wconf 85' lang='grc' dir='ltr'><strong>Καὶ</strong></span> <span class='ocrx_word' id='word_1_692' title='bbox 3052 3325 3076 3374; x_wconf 90' lang='lat'><strong>6</strong></span> <span class='ocrx_word' id='word_1_693' title='bbox 3121 3327 3178 3374; x_wconf 90' lang='lat'><strong>1&#39;6</strong></span> <span class='ocrx_word' id='word_1_694' title='bbox 3225 3331 3434 3398; x_wconf 75' lang='grc' dir='ltr'>Πνεῦμα</span> <span class='ocrx_word' id='word_1_695' title='bbox 3474 3328 3626 3396; x_wconf 86' lang='grc' dir='ltr'>μόνον</span> <span class='ocrx_word' id='word_1_696' title='bbox 3677 3323 3840 3376; x_wconf 76' lang='grc' dir='ltr'>εἰπὼν</span> 
     </span>
    </p>
   </div>
   <div class='ocr_carea' id='block_1_97' title="bbox 2233 3411 3840 3488">
    <p class='ocr_par' dir='ltr' id='par_1_97' title="bbox 2233 3411 3840 3488">
     <span class='ocr_line' id='line_1_97' title="bbox 2233 3411 3840 3488; baseline 0.001 -24"><span class='ocrx_word' id='word_1_697' title='bbox 2233 3411 2608 3486; x_wconf 76' lang='grc' dir='ltr'><strong>συμπεριέλαϐε</strong></span> <span class='ocrx_word' id='word_1_698' title='bbox 2769 3412 3020 3486; x_wconf 81' lang='grc' dir='ltr'><strong>ὁμολογίᾳ</strong></span> <span class='ocrx_word' id='word_1_699' title='bbox 3057 3432 3221 3488; x_wconf 69' lang='grc' dir='ltr'>ταυτῃ</span> <span class='ocrx_word' id='word_1_700' title='bbox 3271 3417 3363 3466; x_wconf 83' lang='grc' dir='ltr'><strong>καὶ</strong></span> <span class='ocrx_word' id='word_1_701' title='bbox 3416 3415 3501 3464; x_wconf 90' lang='grc' dir='ltr'><strong>τὸν</strong></span> <span class='ocrx_word' id='word_1_702' title='bbox 3535 3413 3594 3464; x_wconf 75' lang='grc' dir='ltr'><strong>οὗ</strong></span> <span class='ocrx_word' id='word_1_703' title='bbox 3627 3413 3746 3466; x_wconf 80' lang='grc' dir='ltr'>ἐστι</span> <span class='ocrx_word' id='word_1_704' title='bbox 3779 3417 3840 3466; x_wconf 81' lang='grc' dir='ltr'><strong>τὸ</strong></span> 
     </span>
    </p>
   </div>
   <div class='ocr_carea' id='block_1_98' title="bbox 2233 3498 3838 3576">
    <p class='ocr_par' dir='ltr' id='par_1_98' title="bbox 2233 3498 3838 3576">
     <span class='ocr_line' id='line_1_98' title="bbox 2233 3498 3838 3576; baseline 0.002 -24"><span class='ocrx_word' id='word_1_705' title='bbox 2233 3509 2458 3574; x_wconf 79' lang='grc' dir='ltr'><strong>Πνεῦμα.</strong></span> <span class='ocrx_word' id='word_1_706' title='bbox 2521 3501 2622 3554; x_wconf 80' lang='grc' dir='ltr'><strong>Καὶ</strong></span> <span class='ocrx_word' id='word_1_707' title='bbox 2675 3498 2853 3560; x_wconf 78' lang='grc' dir='ltr'><strong>ἐπειδὴ</strong></span> <span class='ocrx_word' id='word_1_708' title='bbox 2907 3509 3000 3554; x_wconf 77' lang='grc' dir='ltr'><strong>τοῦ</strong></span> <span class='ocrx_word' id='word_1_709' title='bbox 3055 3509 3289 3576; x_wconf 81' lang='grc' dir='ltr'><strong>Χριστοῦ</strong></span> <span class='ocrx_word' id='word_1_710' title='bbox 3341 3499 3453 3556; x_wconf 79' lang='grc' dir='ltr'>ἐστι</span> <span class='ocrx_word' id='word_1_711' title='bbox 3499 3505 3558 3553; x_wconf 89' lang='lat'><strong>1&#39;6</strong></span> <span class='ocrx_word' id='word_1_712' title='bbox 3599 3508 3838 3576; x_wconf 77' lang='grc' dir='ltr'>Πνεῦμα,</span> 
     </span>
    </p>
   </div>
   <div class='ocr_carea' id='block_1_99' title="bbox 2229 3591 3838 3666">
    <p class='ocr_par' dir='ltr' id='par_1_99' title="bbox 2229 3591 3838 3666">
     <span class='ocr_line' id='line_1_99' title="bbox 2229 3591 3838 3666; baseline 0.002 -24"><span class='ocrx_word' id='word_1_713' title='bbox 2229 3597 2318 3643; x_wconf 87' lang='grc' dir='ltr'>καὶ</span> <span class='ocrx_word' id='word_1_714' title='bbox 2349 3592 2406 3644; x_wconf 86' lang='grc' dir='ltr'><strong>ἐκ</strong></span> <span class='ocrx_word' id='word_1_715' title='bbox 2435 3599 2525 3643; x_wconf 74' lang='grc' dir='ltr'>τού</span> <span class='ocrx_word' id='word_1_716' title='bbox 2558 3599 2712 3662; x_wconf 77' lang='grc' dir='ltr'>Θεοῦ,</span> <span class='ocrx_word' id='word_1_717' title='bbox 2757 3593 2924 3653; x_wconf 77' lang='grc' dir='ltr'>καθώς</span> <span class='ocrx_word' id='word_1_718' title='bbox 2973 3611 3132 3664; x_wconf 67' lang='grc' dir='ltr'>φησιν</span> <span class='ocrx_word' id='word_1_719' title='bbox 3179 3594 3203 3644; x_wconf 98' lang='lat'><strong>6</strong></span> <span class='ocrx_word' id='word_1_720' title='bbox 3235 3591 3434 3652; x_wconf 84' lang='grc' dir='ltr'>Παῦλος</span> <span class='ocrx_word' id='word_1_721' title='bbox 3464 3592 3612 3662; x_wconf 90' lang='grc'>(19)·</span> <span class='ocrx_word' id='word_1_722' title='bbox 3657 3593 3838 3666; x_wconf 82' lang='grc' dir='ltr'>ὥσπερ</span> 
     </span>
    </p>
   </div>
   <div class='ocr_carea' id='block_1_100' title="bbox 2229 3679 3840 3756">
    <p class='ocr_par' dir='ltr' id='par_1_100' title="bbox 2229 3679 3840 3756">
     <span class='ocr_line' id='line_1_100' title="bbox 2229 3679 3840 3756; baseline 0.003 -25"><span class='ocrx_word' id='word_1_723' title='bbox 2229 3679 2283 3742; x_wconf 81' lang='grc' dir='ltr'><strong>ἐξ</strong></span> <span class='ocrx_word' id='word_1_724' title='bbox 2311 3680 2543 3742; x_wconf 80' lang='grc' dir='ltr'>ἁλύσεως</span> <span class='ocrx_word' id='word_1_725' title='bbox 2585 3683 2608 3731; x_wconf 91' lang='lat'><strong>6</strong></span> <span class='ocrx_word' id='word_1_726' title='bbox 2648 3687 2739 3732; x_wconf 78' lang='grc' dir='ltr'><strong>τοῦ</strong></span> <span class='ocrx_word' id='word_1_727' title='bbox 2789 3681 2896 3743; x_wconf 85' lang='grc' dir='ltr'>ἐνὸς</span> <span class='ocrx_word' id='word_1_728' title='bbox 2941 3681 3104 3756; x_wconf 82' lang='grc' dir='ltr'>ἄκρου</span> <span class='ocrx_word' id='word_1_729' title='bbox 3139 3680 3402 3756; x_wconf 68' lang='grc' dir='ltr'><strong>ἁψάμενος</strong></span> <span class='ocrx_word' id='word_1_730' title='bbox 3444 3685 3533 3732; x_wconf 85' lang='grc' dir='ltr'><strong>καὶ</strong></span> <span class='ocrx_word' id='word_1_731' title='bbox 3576 3679 3634 3732; x_wconf 85' lang='grc' dir='ltr'><strong>τό</strong></span> <span class='ocrx_word' id='word_1_732' title='bbox 3665 3682 3840 3754; x_wconf 78' lang='grc' dir='ltr'>ἕτερον</span> 
     </span>
    </p>
   </div>
   <div class='ocr_carea' id='block_1_101' title="bbox 2228 3769 3834 3844">
    <p class='ocr_par' dir='ltr' id='par_1_101' title="bbox 2228 3769 3834 3844">
     <span class='ocr_line' id='line_1_101' title="bbox 2228 3769 3834 3844; baseline 0 -23"><span class='ocrx_word' id='word_1_733' title='bbox 2228 3771 2386 3844; x_wconf 79' lang='grc' dir='ltr'>ἄκρον</span> <span class='ocrx_word' id='word_1_734' title='bbox 2433 3771 2882 3837; x_wconf 73' lang='grc' dir='ltr'>συνεπεσπάσατο,</span> <span class='ocrx_word' id='word_1_735' title='bbox 2939 3771 3104 3832; x_wconf 78' lang='grc' dir='ltr'>οὕτως</span> <span class='ocrx_word' id='word_1_736' title='bbox 3160 3771 3186 3822; x_wconf 90' lang='lat'><strong>6</strong></span> <span class='ocrx_word' id='word_1_737' title='bbox 3243 3774 3299 3822; x_wconf 89' lang='lat'><strong>1&#39;6</strong></span> <span class='ocrx_word' id='word_1_738' title='bbox 3355 3777 3564 3844; x_wconf 72' lang='grc' dir='ltr'>Πνεῦμα</span> <span class='ocrx_word' id='word_1_739' title='bbox 3591 3769 3834 3842; x_wconf 60' lang='lat' dir='ltr'><strong>ﬂat-3501;,</strong></span> 
     </span>
    </p>
   </div>
   <div class='ocr_carea' id='block_1_102' title="bbox 2225 3856 3841 3932">
    <p class='ocr_par' dir='ltr' id='par_1_102' title="bbox 2225 3856 3841 3932">
     <span class='ocr_line' id='line_1_102' title="bbox 2225 3856 3841 3932; baseline 0.001 -21"><span class='ocrx_word' id='word_1_740' title='bbox 2225 3862 2398 3919; x_wconf 83' lang='grc' dir='ltr'>καθὼς</span> <span class='ocrx_word' id='word_1_741' title='bbox 2425 3878 2582 3932; x_wconf 70' lang='grc' dir='ltr'>φησιν</span> <span class='ocrx_word' id='word_1_742' title='bbox 2616 3860 2640 3910; x_wconf 90' lang='lat'><strong>6</strong></span> <span class='ocrx_word' id='word_1_743' title='bbox 2673 3865 2972 3932; x_wconf 65' lang='grc' dir='ltr'>Προφήτης,</span> <span class='ocrx_word' id='word_1_744' title='bbox 3003 3856 3076 3911; x_wconf 72' lang='grc' dir='ltr'><strong>δι’</strong></span> <span class='ocrx_word' id='word_1_745' title='bbox 3105 3859 3264 3912; x_wconf 71' lang='grc' dir='ltr'>αὐτοῦ</span> <span class='ocrx_word' id='word_1_746' title='bbox 3319 3864 3408 3912; x_wconf 83' lang='grc' dir='ltr'><strong>καὶ</strong></span> <span class='ocrx_word' id='word_1_747' title='bbox 3459 3861 3542 3911; x_wconf 90' lang='grc' dir='ltr'>τόν</span> <span class='ocrx_word' id='word_1_748' title='bbox 3585 3861 3704 3911; x_wconf 77' lang='grc' dir='ltr'>Υἱόν</span> <span class='ocrx_word' id='word_1_749' title='bbox 3745 3865 3841 3912; x_wconf 86' lang='grc' dir='ltr'>καὶ</span> 
     </span>
    </p>
   </div>
   <div class='ocr_carea' id='block_1_103' title="bbox 2224 3945 3840 4022">
    <p class='ocr_par' dir='ltr' id='par_1_103' title="bbox 2224 3945 3840 4022">
     <span class='ocr_line' id='line_1_103' title="bbox 2224 3945 3840 4022; baseline 0 -22"><span class='ocrx_word' id='word_1_750' title='bbox 2224 3952 2309 4000; x_wconf 86' lang='grc' dir='ltr'><strong>τὸν</strong></span> <span class='ocrx_word' id='word_1_751' title='bbox 2341 3953 2544 4022; x_wconf 84' lang='grc' dir='ltr'>Πατέρα</span> <span class='ocrx_word' id='word_1_752' title='bbox 2574 3948 3028 4020; x_wconf 81' lang='grc' dir='ltr'>συνεφειλκύσατο,</span> <span class='ocrx_word' id='word_1_753' title='bbox 3063 3953 3163 4001; x_wconf 81' lang='grc' dir='ltr'><strong>Καὶ</strong></span> <span class='ocrx_word' id='word_1_754' title='bbox 3195 3949 3238 4002; x_wconf 86' lang='grc' dir='ltr'><strong>εἰ</strong></span> <span class='ocrx_word' id='word_1_755' title='bbox 3279 3951 3365 4000; x_wconf 88' lang='grc' dir='ltr'>τὸν</span> <span class='ocrx_word' id='word_1_756' title='bbox 3410 3950 3529 4000; x_wconf 82' lang='grc' dir='ltr'><strong>Υἰὸν</strong></span> <span class='ocrx_word' id='word_1_757' title='bbox 3575 3945 3840 4010; x_wconf 72' lang='grc' dir='ltr'><strong>ἀληθινῶς</strong></span> 
     </span>
    </p>
   </div>
   <div class='ocr_carea' id='block_1_104' title="bbox 2223 4035 3839 4112">
    <p class='ocr_par' dir='ltr' id='par_1_104' title="bbox 2223 4035 3839 4112">
     <span class='ocr_line' id='line_1_104' title="bbox 2223 4035 3839 4112; baseline 0 -23"><span class='ocrx_word' id='word_1_758' title='bbox 2223 4057 2304 4099; x_wconf 89' lang='grc' dir='ltr'><strong>τις</strong></span> <span class='ocrx_word' id='word_1_759' title='bbox 2331 4035 2501 4100; x_wconf 78' lang='grc' dir='ltr'>λάϐοι,</span> <span class='ocrx_word' id='word_1_760' title='bbox 2545 4037 2644 4099; x_wconf 81' lang='grc' dir='ltr'>ἕξει</span> <span class='ocrx_word' id='word_1_761' title='bbox 2684 4037 2839 4089; x_wconf 83' lang='grc' dir='ltr'>αύτόν</span> <span class='ocrx_word' id='word_1_762' title='bbox 2881 4038 3212 4112; x_wconf 81' lang='grc' dir='ltr'>ἑκατέρωθεν,</span> <span class='ocrx_word' id='word_1_763' title='bbox 3265 4041 3335 4096; x_wconf 75' lang='grc' dir='ltr'>πη</span> <span class='ocrx_word' id='word_1_764' title='bbox 3389 4039 3476 4110; x_wconf 76' lang='grc' dir='ltr'>μὲν</span> <span class='ocrx_word' id='word_1_765' title='bbox 3517 4039 3602 4088; x_wconf 88' lang='grc' dir='ltr'>τόν</span> <span class='ocrx_word' id='word_1_766' title='bbox 3643 4037 3839 4089; x_wconf 74' lang='grc' dir='ltr'>ἑαυτοῦ</span> 
     </span>
    </p>
   </div>
   <div class='ocr_carea' id='block_1_105' title="bbox 2225 4123 3840 4202">
    <p class='ocr_par' dir='ltr' id='par_1_105' title="bbox 2225 4123 3840 4202">
     <span class='ocr_line' id='line_1_105' title="bbox 2225 4123 3840 4202; baseline 0 -24"><span class='ocrx_word' id='word_1_767' title='bbox 2225 4131 2447 4202; x_wconf 83' lang='grc' dir='ltr'>Πατέρα,</span> <span class='ocrx_word' id='word_1_768' title='bbox 2483 4131 2553 4185; x_wconf 76' lang='grc' dir='ltr'><strong>πή</strong></span> <span class='ocrx_word' id='word_1_769' title='bbox 2603 4123 2662 4179; x_wconf 71' lang='grc' dir='ltr'><strong>δὲ</strong></span> <span class='ocrx_word' id='word_1_770' title='bbox 2709 4130 2766 4178; x_wconf 87' lang='grc' dir='ltr'><strong>τό</strong></span> <span class='ocrx_word' id='word_1_771' title='bbox 2800 4123 2936 4178; x_wconf 79' lang='grc' dir='ltr'>ἴδιον</span> <span class='ocrx_word' id='word_1_772' title='bbox 2969 4134 3178 4200; x_wconf 78' lang='grc' dir='ltr'>Πνεῦμα</span> <span class='ocrx_word' id='word_1_773' title='bbox 3219 4129 3647 4198; x_wconf 82' lang='grc' dir='ltr'>συνεπαγόμενον.</span> <span class='ocrx_word' id='word_1_774' title='bbox 3693 4131 3840 4178; x_wconf 61' lang='grc' dir='ltr'><strong>Οὔτε</strong></span> 
     </span>
    </p>
   </div>
   <div class='ocr_carea' id='block_1_106' title="bbox 2218 4213 3834 4290">
    <p class='ocr_par' dir='ltr' id='par_1_106' title="bbox 2218 4213 3834 4290">
     <span class='ocr_line' id='line_1_106' title="bbox 2218 4213 3834 4290; baseline -0.001 -22"><span class='ocrx_word' id='word_1_775' title='bbox 2218 4219 2320 4288; x_wconf 81' lang='grc' dir='ltr'><strong>γὰρ</strong></span> <span class='ocrx_word' id='word_1_776' title='bbox 2370 4225 2461 4268; x_wconf 76' lang='grc' dir='ltr'>τοῦ</span> <span class='ocrx_word' id='word_1_777' title='bbox 2496 4220 2698 4290; x_wconf 76' lang='grc' dir='ltr'>Πατρός</span> <span class='ocrx_word' id='word_1_778' title='bbox 2745 4217 2768 4266; x_wconf 89' lang='grc' dir='ltr'><strong>ό</strong></span> <span class='ocrx_word' id='word_1_779' title='bbox 2819 4215 2898 4268; x_wconf 78' lang='grc' dir='ltr'><strong>ἀεὶ</strong></span> <span class='ocrx_word' id='word_1_780' title='bbox 2947 4215 2994 4268; x_wconf 80' lang='grc' dir='ltr'>ἓν</span> <span class='ocrx_word' id='word_1_781' title='bbox 3039 4223 3110 4287; x_wconf 80' lang='grc' dir='ltr'>τῷ</span> <span class='ocrx_word' id='word_1_782' title='bbox 3143 4221 3311 4290; x_wconf 81' lang='grc' dir='ltr'>Πατρὶ</span> <span class='ocrx_word' id='word_1_783' title='bbox 3343 4216 3408 4266; x_wconf 78' lang='grc' dir='ltr'><em>ὢν</em></span> <span class='ocrx_word' id='word_1_784' title='bbox 3456 4213 3834 4288; x_wconf 73' lang='grc' dir='ltr'><strong>ἀποτμηθῆναι</strong></span> 
     </span>
    </p>
   </div>
   <div class='ocr_carea' id='block_1_107' title="bbox 2221 4301 3836 4378">
    <p class='ocr_par' dir='ltr' id='par_1_107' title="bbox 2221 4301 3836 4378">
     <span class='ocr_line' id='line_1_107' title="bbox 2221 4301 3836 4378; baseline -0.001 -20"><span class='ocrx_word' id='word_1_785' title='bbox 2221 4302 2527 4375; x_wconf 73' lang='grc' dir='ltr'><strong>δυνήσεται,</strong></span> <span class='ocrx_word' id='word_1_786' title='bbox 2570 4309 2685 4357; x_wconf 71' lang='grc' dir='ltr'>οὔτε</span> <span class='ocrx_word' id='word_1_787' title='bbox 2735 4313 2825 4357; x_wconf 75' lang='grc' dir='ltr'><strong>τοῦ</strong></span> <span class='ocrx_word' id='word_1_788' title='bbox 2861 4308 3161 4378; x_wconf 84' lang='grc' dir='ltr'>Πνεύματός</span> <span class='ocrx_word' id='word_1_789' title='bbox 3207 4324 3332 4358; x_wconf 79' lang='grc' dir='ltr'>ποτε</span> <span class='ocrx_word' id='word_1_790' title='bbox 3365 4301 3836 4376; x_wconf 77' lang='grc' dir='ltr'><strong>διαζευχϐήσεται</strong></span> 
     </span>
    </p>
   </div>
   <div class='ocr_carea' id='block_1_108' title="bbox 2215 4389 3836 4468">
    <p class='ocr_par' dir='ltr' id='par_1_108' title="bbox 2215 4389 3836 4468">
     <span class='ocr_line' id='line_1_108' title="bbox 2215 4389 3836 4468; baseline 0.002 -23"><span class='ocrx_word' id='word_1_791' title='bbox 2215 4403 2307 4446; x_wconf 76' lang='grc' dir='ltr'>τού</span> <span class='ocrx_word' id='word_1_792' title='bbox 2339 4390 2478 4446; x_wconf 71' lang='grc' dir='ltr'>ἰδίου</span> <span class='ocrx_word' id='word_1_793' title='bbox 2525 4395 2549 4446; x_wconf 90' lang='lat'><strong>6</strong></span> <span class='ocrx_word' id='word_1_794' title='bbox 2595 4397 2763 4446; x_wconf 77' lang='grc' dir='ltr'>πάντα</span> <span class='ocrx_word' id='word_1_795' title='bbox 2801 4393 2849 4444; x_wconf 87' lang='grc' dir='ltr'>ἐν</span> <span class='ocrx_word' id='word_1_796' title='bbox 2881 4395 3021 4466; x_wconf 80' lang='grc' dir='ltr'>αύτῷ</span> <span class='ocrx_word' id='word_1_797' title='bbox 3063 4393 3295 4468; x_wconf 84' lang='grc' dir='ltr'>ἐνεργῶν.</span> <span class='ocrx_word' id='word_1_798' title='bbox 3323 4393 3588 4453; x_wconf 80' lang='grc' dir='ltr'>Ὡσαύτως</span> <span class='ocrx_word' id='word_1_799' title='bbox 3639 4389 3700 4445; x_wconf 72' lang='grc' dir='ltr'><strong>δί</strong></span> <span class='ocrx_word' id='word_1_800' title='bbox 3739 4399 3836 4448; x_wconf 81' lang='grc' dir='ltr'><strong>καὶ</strong></span> 
     </span>
    </p>
   </div>
   <div class='ocr_carea' id='block_1_109' title="bbox 2217 4480 3838 4558">
    <p class='ocr_par' dir='ltr' id='par_1_109' title="bbox 2217 4480 3838 4558">
     <span class='ocr_line' id='line_1_109' title="bbox 2217 4480 3838 4558; baseline 0.001 -23"><span class='ocrx_word' id='word_1_801' title='bbox 2217 4485 2356 4536; x_wconf 84' lang='grc' dir='ltr'>ότόν</span> <span class='ocrx_word' id='word_1_802' title='bbox 2403 4489 2608 4558; x_wconf 84' lang='grc' dir='ltr'>Πατέρα</span> <span class='ocrx_word' id='word_1_803' title='bbox 2653 4480 2929 4556; x_wconf 67' lang='grc' dir='ltr'>δεξάμενος</span> <span class='ocrx_word' id='word_1_804' title='bbox 2959 4488 3047 4536; x_wconf 83' lang='grc' dir='ltr'><strong>καὶ</strong></span> <span class='ocrx_word' id='word_1_805' title='bbox 3097 4487 3183 4536; x_wconf 86' lang='grc' dir='ltr'>τὸν</span> <span class='ocrx_word' id='word_1_806' title='bbox 3233 4486 3350 4536; x_wconf 82' lang='grc' dir='ltr'><strong>Υὶὸν</strong></span> <span class='ocrx_word' id='word_1_807' title='bbox 3399 4487 3487 4534; x_wconf 83' lang='grc' dir='ltr'>καὶ</span> <span class='ocrx_word' id='word_1_808' title='bbox 3525 4485 3581 4536; x_wconf 85' lang='grc' dir='ltr'><strong>τὸ</strong></span> <span class='ocrx_word' id='word_1_809' title='bbox 3615 4489 3838 4556; x_wconf 65' lang='grc' dir='ltr'>Πνεῦμα</span> 
     </span>
    </p>
   </div>
   <div class='ocr_carea' id='block_1_110' title="bbox 2215 4569 3834 4648">
    <p class='ocr_par' dir='ltr' id='par_1_110' title="bbox 2215 4569 3834 4648">
     <span class='ocr_line' id='line_1_110' title="bbox 2215 4569 3834 4648; baseline 0 -24"><span class='ocrx_word' id='word_1_810' title='bbox 2215 4570 2646 4646; x_wconf 73' lang='grc' dir='ltr'>συμπαρεὸέξατο</span> <span class='ocrx_word' id='word_1_811' title='bbox 2787 4569 3026 4648; x_wconf 75' lang='grc' dir='ltr'><strong>δυνάμει.</strong></span> <span class='ocrx_word' id='word_1_812' title='bbox 3075 4573 3148 4626; x_wconf 83' lang='grc' dir='ltr'><strong>Ού</strong></span> <span class='ocrx_word' id='word_1_813' title='bbox 3197 4575 3298 4648; x_wconf 85' lang='grc' dir='ltr'>γὰρ</span> <span class='ocrx_word' id='word_1_814' title='bbox 3353 4575 3496 4624; x_wconf 82' lang='grc' dir='ltr'>ἔστιν</span> <span class='ocrx_word' id='word_1_815' title='bbox 3547 4570 3834 4628; x_wconf 72' lang='grc' dir='ltr'><strong>ἐπινοῆσαι</strong></span> 
     </span>
    </p>
   </div>
   <div class='ocr_carea' id='block_1_111' title="bbox 2211 4658 3832 4738">
    <p class='ocr_par' dir='ltr' id='par_1_111' title="bbox 2211 4658 3832 4738">
     <span class='ocr_line' id='line_1_111' title="bbox 2211 4658 3832 4738; baseline -0.001 -25"><span class='ocrx_word' id='word_1_816' title='bbox 2211 4667 2374 4736; x_wconf 80' lang='grc' dir='ltr'>τομὴν</span> <span class='ocrx_word' id='word_1_817' title='bbox 2433 4664 2460 4720; x_wconf 73' lang='grc' dir='ltr'>ἡ</span> <span class='ocrx_word' id='word_1_818' title='bbox 2524 4659 2784 4738; x_wconf 70' lang='grc' dir='ltr'>διαίρεσιν</span> <span class='ocrx_word' id='word_1_819' title='bbox 2829 4662 2942 4714; x_wconf 85' lang='grc' dir='ltr'>κατ’</span> <span class='ocrx_word' id='word_1_820' title='bbox 2989 4658 3178 4714; x_wconf 70' lang='grc' dir='ltr'>ούνῖἐνα</span> <span class='ocrx_word' id='word_1_821' title='bbox 3229 4665 3436 4736; x_wconf 82' lang='grc' dir='ltr'>τρόπον,</span> <span class='ocrx_word' id='word_1_822' title='bbox 3493 4662 3560 4722; x_wconf 80' lang='grc' dir='ltr'>ὡς</span> <span class='ocrx_word' id='word_1_823' title='bbox 3611 4661 3642 4719; x_wconf 70' lang='grc' dir='ltr'><em>ἦ</em></span> <span class='ocrx_word' id='word_1_824' title='bbox 3703 4663 3832 4713; x_wconf 79' lang='grc' dir='ltr'><strong>Υἱὸν</strong></span> 
     </span>
    </p>
   </div>
   <div class='ocr_carea' id='block_1_112' title="bbox 2209 4747 3834 4827">
    <p class='ocr_par' dir='ltr' id='par_1_112' title="bbox 2209 4747 3834 4827">
     <span class='ocr_line' id='line_1_112' title="bbox 2209 4747 3834 4827; baseline 0.001 -25"><span class='ocrx_word' id='word_1_825' title='bbox 2209 4757 2377 4826; x_wconf 82' lang='grc' dir='ltr'>χωρὶς</span> <span class='ocrx_word' id='word_1_826' title='bbox 2407 4755 2614 4827; x_wconf 84' lang='grc' dir='ltr'>Πατρός</span> <span class='ocrx_word' id='word_1_827' title='bbox 2641 4754 2910 4822; x_wconf 80' lang='grc' dir='ltr'>νοηθῆναι,</span> <span class='ocrx_word' id='word_1_828' title='bbox 2946 4753 2974 4811; x_wconf 76' lang='grc' dir='ltr'><em>ἡ</em></span> <span class='ocrx_word' id='word_1_829' title='bbox 3025 4755 3082 4803; x_wconf 86' lang='grc' dir='ltr'>τὸ</span> <span class='ocrx_word' id='word_1_830' title='bbox 3137 4759 3344 4824; x_wconf 77' lang='grc' dir='ltr'>Πνεῦμα</span> <span class='ocrx_word' id='word_1_831' title='bbox 3393 4758 3484 4803; x_wconf 76' lang='grc' dir='ltr'><strong>τοῦ</strong></span> <span class='ocrx_word' id='word_1_832' title='bbox 3527 4752 3649 4802; x_wconf 81' lang='grc' dir='ltr'><strong>Υἱοῦ</strong></span> <span class='ocrx_word' id='word_1_833' title='bbox 3707 4747 3834 4804; x_wconf 63' lang='grc' dir='ltr'>δια-</span> 
     </span>
    </p>
   </div>
   <div class='ocr_carea' id='block_1_113' title="bbox 2213 4839 3874 4916">
    <p class='ocr_par' dir='ltr' id='par_1_113' title="bbox 2213 4839 3874 4916">
     <span class='ocr_line' id='line_1_113' title="bbox 2213 4839 3874 4916; baseline -0.001 -22"><span class='ocrx_word' id='word_1_834' title='bbox 2213 4842 2539 4911; x_wconf 74' lang='grc' dir='ltr'><strong>ζευχθῆναισ</strong></span> <span class='ocrx_word' id='word_1_835' title='bbox 2597 4840 2726 4894; x_wconf 82' lang='grc' dir='ltr'>ἀλλὰ</span> <span class='ocrx_word' id='word_1_836' title='bbox 2779 4861 2860 4902; x_wconf 92' lang='grc' dir='ltr'>τις</span> <span class='ocrx_word' id='word_1_837' title='bbox 2926 4840 3154 4916; x_wconf 75' lang='grc' dir='ltr'>οἶρῥητος</span> <span class='ocrx_word' id='word_1_838' title='bbox 3213 4845 3302 4892; x_wconf 80' lang='grc' dir='ltr'><strong>καὶ</strong></span> <span class='ocrx_word' id='word_1_839' title='bbox 3365 4839 3722 4900; x_wconf 79' lang='grc' dir='ltr'>ἀκατανόητος</span> <span class='ocrx_word' id='word_1_840' title='bbox 3777 4839 3874 4892; x_wconf 67' lang='grc' dir='ltr'><strong>ἐι)</strong></span> 
     </span>
    </p>
   </div>
   <div class='ocr_carea' id='block_1_114' title="bbox 2208 4925 3830 5004">
    <p class='ocr_par' dir='ltr' id='par_1_114' title="bbox 2208 4925 3830 5004">
     <span class='ocr_line' id='line_1_114' title="bbox 2208 4925 3830 5004; baseline 0.001 -23"><span class='ocrx_word' id='word_1_841' title='bbox 2208 4934 2411 4994; x_wconf 86' lang='grc' dir='ltr'>τούτοις</span> <span class='ocrx_word' id='word_1_842' title='bbox 2449 4930 2896 5004; x_wconf 74' lang='grc' dir='ltr'>καταλαμϐάνεται</span> <span class='ocrx_word' id='word_1_843' title='bbox 2935 4935 3025 4982; x_wconf 85' lang='grc' dir='ltr'>καὶ</span> <span class='ocrx_word' id='word_1_844' title='bbox 3057 4932 3086 4989; x_wconf 78' lang='grc' dir='ltr'><strong>ἡ</strong></span> <span class='ocrx_word' id='word_1_845' title='bbox 3133 4935 3376 4984; x_wconf 85' lang='grc' dir='ltr'>κοινωνία</span> <span class='ocrx_word' id='word_1_846' title='bbox 3413 4931 3562 4988; x_wconf 83' lang='grc' dir='ltr'>καὶὴ</span> <span class='ocrx_word' id='word_1_847' title='bbox 3601 4925 3830 5004; x_wconf 62' lang='grc' dir='ltr'>διακρυ-</span> 
     </span>
    </p>
   </div>
   <div class='ocr_carea' id='block_1_115' title="bbox 2207 5218 2416 5254">
    <p class='ocr_par' dir='ltr' id='par_1_115' title="bbox 2207 5218 2416 5254">
     <span class='ocr_line' id='line_1_115' title="bbox 2207 5218 2416 5254; baseline 0.019 -4"><span class='ocrx_word' id='word_1_848' title='bbox 2207 5218 2416 5254; x_wconf 87' lang='grc' dir='ltr'><strong>στατον.</strong></span> 
     </span>
    </p>
   </div>
   <div class='ocr_carea' id='block_1_116' title="bbox 2277 5269 3820 5343">
    <p class='ocr_par' dir='ltr' id='par_1_116' title="bbox 2277 5269 3820 5343">
     <span class='ocr_line' id='line_1_116' title="bbox 2277 5269 3820 5343; baseline -0.003 -17"><span class='ocrx_word' id='word_1_849' title='bbox 2277 5273 2384 5343; x_wconf 78' lang='grc'>(19)</span> <span class='ocrx_word' id='word_1_850' title='bbox 2423 5271 2480 5323; x_wconf 91' lang='lat'><strong>&#39;0</strong></span> <span class='ocrx_word' id='word_1_851' title='bbox 2529 5271 2748 5334; x_wconf 82' lang='grc' dir='ltr'>Παῦλος.</span> <span class='ocrx_word' id='word_1_852' title='bbox 2794 5270 2952 5328; x_wconf 86' lang='lat' dir='ltr'><strong>Harl.</strong></span> <span class='ocrx_word' id='word_1_853' title='bbox 2999 5275 3056 5328; x_wconf 91' lang='lat' dir='ltr'><strong>et</strong></span> <span class='ocrx_word' id='word_1_854' title='bbox 3085 5275 3201 5327; x_wconf 87' lang='lat' dir='ltr'><strong>tres</strong></span> <span class='ocrx_word' id='word_1_855' title='bbox 3249 5269 3348 5326; x_wconf 87' lang='lat' dir='ltr'><strong>alii</strong></span> <span class='ocrx_word' id='word_1_856' title='bbox 3395 5269 3820 5343; x_wconf 55' lang='lat' dir='ltr'><strong>o&#39;__’A1réoj-o)og.</strong></span> 
     </span>
    </p>
   </div>
   <div class='ocr_carea' id='block_1_117' title="bbox 2203 5340 3826 5415">
    <p class='ocr_par' dir='ltr' id='par_1_117' title="bbox 2203 5340 3826 5415">
     <span class='ocr_line' id='line_1_117' title="bbox 2203 5340 3826 5415; baseline 0.002 -20"><span class='ocrx_word' id='word_1_857' title='bbox 2203 5340 2384 5398; x_wconf 88' lang='lat' dir='ltr'><strong>Paulo</strong></span> <span class='ocrx_word' id='word_1_858' title='bbox 2411 5348 2546 5415; x_wconf 86' lang='lat' dir='ltr'><strong>post</strong></span> <span class='ocrx_word' id='word_1_859' title='bbox 2571 5343 2822 5415; x_wconf 89' lang='lat' dir='ltr'><strong>quidam</strong></span> <span class='ocrx_word' id='word_1_860' title='bbox 2851 5359 2996 5398; x_wconf 86' lang='lat' dir='ltr'><strong>mss.</strong></span> <span class='ocrx_word' id='word_1_861' title='bbox 3023 5348 3112 5396; x_wconf 81' lang='grc' dir='ltr'><strong>καὶ</strong></span> <span class='ocrx_word' id='word_1_862' title='bbox 3137 5347 3222 5394; x_wconf 84' lang='grc' dir='ltr'><strong>τὸν</strong></span> <span class='ocrx_word' id='word_1_863' title='bbox 3255 5345 3374 5394; x_wconf 57' lang='lat' dir='ltr'><strong>Tib»</strong></span> <span class='ocrx_word' id='word_1_864' title='bbox 3399 5340 3610 5403; x_wconf 79' lang='grc' dir='ltr'>ἀληθῶς</span> <span class='ocrx_word' id='word_1_865' title='bbox 3638 5341 3826 5399; x_wconf 71' lang='grc' dir='ltr'><strong>λάϐοι,</strong></span> 
     </span>
    </p>
   </div>
   <div class='ocr_carea' id='block_1_118' title="bbox 2201 5414 3826 5487">
    <p class='ocr_par' dir='ltr' id='par_1_118' title="bbox 2201 5414 3826 5487">
     <span class='ocr_line' id='line_1_118' title="bbox 2201 5414 3826 5487; baseline 0.002 -19"><span class='ocrx_word' id='word_1_866' title='bbox 2201 5415 2328 5487; x_wconf 73' lang='lat' dir='ltr'><strong>Mox</strong></span> <span class='ocrx_word' id='word_1_867' title='bbox 2357 5414 2500 5487; x_wconf 78' lang='lat' dir='ltr'><strong>editi</strong></span> <span class='ocrx_word' id='word_1_868' title='bbox 2528 5414 2762 5484; x_wconf 52' lang='lat' dir='ltr'><strong>rain/tot:</strong></span> <span class='ocrx_word' id='word_1_869' title='bbox 2805 5422 3032 5486; x_wconf 73' lang='grc' dir='ltr'>Πνεῦμα.</span> <span class='ocrx_word' id='word_1_870' title='bbox 3077 5419 3312 5487; x_wconf 84' lang='lat' dir='ltr'><strong>Septem</strong></span> <span class='ocrx_word' id='word_1_871' title='bbox 3343 5429 3488 5470; x_wconf 89' lang='lat' dir='ltr'><strong>mss.</strong></span> <span class='ocrx_word' id='word_1_872' title='bbox 3525 5417 3583 5468; x_wconf 90' lang='lat' dir='ltr'><strong>et</strong></span> <span class='ocrx_word' id='word_1_873' title='bbox 3635 5415 3826 5486; x_wconf 82' lang='lat' dir='ltr'><strong>Greg.</strong></span> 
     </span>
    </p>
   </div>
   <div class='ocr_carea' id='block_1_119' title="bbox 2199 5485 2762 5558">
    <p class='ocr_par' dir='ltr' id='par_1_119' title="bbox 2199 5485 2762 5558">
     <span class='ocr_line' id='line_1_119' title="bbox 2199 5485 2762 5558; baseline 0.007 -20"><span class='ocrx_word' id='word_1_874' title='bbox 2199 5486 2372 5558; x_wconf 85' lang='lat' dir='ltr'><strong>Nyss.</strong></span> <span class='ocrx_word' id='word_1_875' title='bbox 2403 5493 2469 5542; x_wconf 83' lang='lat' dir='ltr'><strong>ut</strong></span> <span class='ocrx_word' id='word_1_876' title='bbox 2487 5485 2548 5544; x_wconf 87' lang='lat' dir='ltr'><strong>in</strong></span> <span class='ocrx_word' id='word_1_877' title='bbox 2581 5490 2762 5543; x_wconf 81' lang='lat' dir='ltr'><strong>textu.</strong></span> 
     </span>
    </p>
   </div>
  </div>
