4102 6194
229 279 348 333 333

1206 272 1701 330 EPISTOLARUM
1732 268 2011 327 CLASSIS
2040 267 2084 326 Ι.
2122 269 2347 327 EPIST.
2382 272 2667 329 XXXVIII.

3513 279 3617 337 33L

234 422 356 469 σις,
414 402 533 455 οὗτε
594 408 688 461 τῆς
742 408 843 453 τῶν
908 400 1249 455 ύποστάσεων
1306 396 1563 473 διαφορᾶς
1640 399 1699 449 τὸ
1758 404 1848 455 τῆς

1971 393 2593 467 incomprehensibilis
2622 398 3091 471 deprehenditur
3150 403 3277 456 tum
3335 399 3614 473 societas,

234 496 456 564 φύσεως
501 494 718 561 συνεχὲς
772 486 1111 557 διασπωσης,
1178 493 1293 541 οὔτε
1339 497 1431 548 τῆς
1482 488 1612 541 κατά
1642 490 1735 544 την
1766 485 1851 537 ού-

236 586 370 633 σίαν
413 586 709 640 κοινότητος
758 583 817 631 τό
878 576 1085 639 ἰδιάζον
1150 586 1247 630 τῶν
1302 579 1681 651 γνωρισμάτων
1730 572 1850 626 ἀνα-

233 674 488 741 χεούσης
518 672 655 738 ('20).
699 673 783 726 Μὴ
843 670 1122 739 θαυμάσῃς
1176 664 1251 737 δὲ,
1287 667 1403 719 εἰτὸ
1445 666 1571 719 αύτό
1602 670 1692 718 καὶ
1724 684 1851 716 συν-

236 764 480 832 ημμένον
546 762 634 810 καὶ
702 754 1092 832 διακεκριμένον
1149 756 1276 810 εἷναί
1334 776 1517 829 φαμεν,
1567 760 1657 808 καί
1737 774 1853 806 τινα

237 849 573 920 ἐπινοοῦμεν,
633 851 805 921 ὥσπερ
857 847 904 899 ἐν
961 848 1255 919 αἰνίγματι,
1313 852 1493 904 καινην
1545 850 1635 898 καὶ
1684 848 1851 917 παρά-

177 956 201 1001 \
239 938 406 1003 δοξον
464 936 736 1014 διάκρισίν
794 958 848 991 τε
888 944 1237 1011 συνημμένην,
1298 942 1386 990 καὶ
1452 934 1849 1009 ὃιακεκριμένην

240 1033 560 1101 συνάγειαν.
626 1029 685 1081 Εἰ
720 1048 821 1102 γαρ
876 1034 945 1099 μή
987 1048 1067 1090 τις
1115 1032 1388 1103 εριστικὼς
1440 1032 1531 1079 καὶ
1570 1030 1698 1101 πρός
1757 1025 1850 1077 ἐπ-

234 1124 431 1191 ήρειαν
473 1120 658 1170 ἀκούοι
702 1120 817 1188 (2t)
878 1124 967 1169 τοῦ
1010 1117 1187 1188 λόγου,
1228 1122 1318 1169 καὶ
1370 1116 1417 1169 ἐν
1446 1123 1554 1177 τοῖς
1584 1116 1854 1176 αἰσθητοῖς

234 1205 477 1261 δυνατόν
502 1206 617 1260 ἔστι
656 1226 714 1259 το
741 1214 973 1259 τοιοῦτον
1003 1209 1183 1281 εύρεῐν,

325 1499 381 1550 5.
415 1498 515 1546 Καί
563 1512 665 1564 μου
724 1487 945 1554 δέξασθε
1000 1490 1297 1561 τὸνλόγον,
1352 1495 1421 1552 ὡς
1448 1486 1746 1561 ὑπόδειγμα
1769 1494 1859 1542 καὶ

240 1586 412 1635 σκιὰν
472 1581 735 1647 ἀληθείας,
802 1581 905 1652 οὐχ
981 1583 1049 1642 ὡς
1135 1580 1296 1637 αὐτὴν
1349 1588 1447 1631 τῶν
1538 1581 1859 1652 πραγμάτων

237 1672 522 1729 ἀλήθειαν.
594 1670 670 1722 Ού
722 1674 823 1745 γὰρ
852 1666 1074 1721 δυνατόν
1116 1669 1230 1721 ἐστι
1278 1665 1369 1721 δια
1391 1671 1594 1720 πάντων
1626 1668 1858 1743 ἐφαρμο-

1956 488 2082 539 tum
2114 484 2441 551 distinctio,
2473 502 2668 561 neque
2702 488 3119 561 hypostasemn
3142 489 3481 548 differentia
3500 508 3610 549 na-

1960 578 2107 629 turm
2158 576 2649 645 conjunctionem
2698 577 3031 645 divellente,
3081 593 3278 651 neque
3336 582 3613 637 essentia:

1959 664 2368 720 communitate
2380 665 2732 721 indiciorum
2747 669 3171 739 proprietatem
3187 668 3615 727 confundente.

1962 754 2042 807 Ne
2072 754 2305 809 mireris
2326 759 2529 810 autem
2556 755 2603 810 si
2629 754 2793 810 idem
2815 760 2866 810 et
2883 756 3273 825 conjunctum
3295 762 3351 813 et
3391 758 3611 815 discre-

1960 845 2086 896 tum
2113 858 2244 898 esse
2266 842 2543 913 dicimus,
2565 850 2620 901 et
2641 844 2977 916 quamdam
2998 846 3357 915 cogitamus,
3372 847 3534 903 velut
3556 848 3617 904 in

1960 931 2297 1001 aenigmate,
2322 948 2548 989 novam
2588 936 2760 1006 119
2821 939 2877 990 et
2923 934 3347 990 admirabilem
3402 935 3622 992 discre-

1959 1022 2182 1077 tionem
2213 1023 2624 1093 conjunctam,
2650 1030 2707 1080 et
2734 1024 3222 1094 conjunctionem
3276 1024 3617 1081 discretam.

1962 1112 2193 1166 Etenim
2225 1112 2273 1166 si
2299 1113 2435 1183 quis
2467 1128 2591 1168 non
2621 1129 2694 1169 ex
2726 1112 3132 1169 contendeudi
3154 1116 3211 1168 et
3240 1113 3618 1169 calumnian-

1963 1201 2024 1255 di
2044 1200 2243 1255 studio
2268 1217 2613 1257 sermonem
2643 1202 2813 1258 audit
2842 1207 3041 1274 potest
3070 1201 3253 1258 etiam
3282 1203 3344 1257 in
3410 1203 3618 1275 rebus,

1963 1305 2101 1360 quae
2149 1306 2336 1346 sensu
2392 1291 2823 1364 percipiuntur,
2877 1290 3175 1364 quiddam
3235 1292 3427 1349 simile
3457 1292 3621 1350 inve-

1964 1379 2079 1434 niri
2092 1421 2105 1434 .

2038 1473 2090 1524 5.
2110 1473 2192 1523 Ac
2230 1469 2413 1525 verba
2433 1468 2679 1541 quidem
2709 1484 2846 1525 mea
2873 1468 3147 1540 accipite,
3172 1473 3236 1525 ut
3270 1471 3621 1543 exemplum

1969 1562 2025 1613 et
2050 1558 2331 1613 umbram
2363 1560 2646 1629 veritatis,
2680 1574 2804 1614 non
2834 1564 2900 1614 ut
2927 1558 3126 1632 ipsam
3156 1574 3357 1615 rerum
3408 1560 3624 1616 verita-

1970 1652 2109 1703 tem.
2164 1651 2291 1703 Non
2334 1649 2495 1703 enim
2542 1648 2671 1703 ﬁeri
2724 1652 2938 1721 potest,
2998 1654 3063 1704 ut
3092 1648 3341 1704 omnino
3368 1651 3626 1721 quadret

236 1764 453 1819 σθῆναι
490 1764 546 1811 τὸ
600 1760 649 1811 ἐν
706 1767 813 1821 τοῖς
844 1756 1204 1831 ύποὸείγμασι
1230 1761 1571 1830 Θεωρούμενον
1600 1766 1709 1819 τοῖς
1737 1761 1858 1832 πρὸς

1971 1736 2031 1792 id
2060 1738 2228 1809 quod
2251 1738 2312 1792 in
2344 1736 2633 1809 exemplis
2655 1736 3060 1809 speculamur,
3094 1754 3233 1793 cum
3255 1738 3349 1805 iis,
3386 1738 3461 1793 ad
3487 1755 3622 1811 quae

232 1852 335 1909 ἀὴ
384 1859 483 1902 τῶν
535 1845 935 1921 ὑποδειγμάτων
998 1852 1153 1920 χρεία
1179 1846 1655 1921 παραλαμϐάνεται.
1702 1848 1861 1898 Πόθεν

230 1938 345 1994 οὖν
407 1958 566 2014 parum
623 1942 681 1990 τὸ
736 1935 1126 2009 διακεκριμένον
1182 1937 1293 2008 ἅμα
1349 1942 1438 1989 καὶ
1490 1939 1703 2007 συναφὲς
1747 1937 1862 2006 (22)

236 2028 438 2079 ἐκτῶν
493 2030 622 2079 κατά
671 2031 763 2085 τὴν
824 2028 1076 2083 αἴσθησιν
1130 2028 1256 2097 ἡμῖν
1286 2030 1701 2099 προφαινομένων
1733 2024 1861 2075 ἀνα-

231 2118 613 2188 ).ογίζεσ6αι;
662 2113 805 2172 Ἤδη
864 2118 988 2167 ποτὲ
1030 2123 1121 2167 τοῦ
1174 2114 1220 2166 ἐν
1272 2122 1331 2187 τῇ
1380 2115 1553 2186 νεφέλη
1589 2114 1740 2176 τόξου
1769 2117 1861 2171 τὴν

228 2204 574 2281 λαμπηδόνα
630 2209 769 2258 κατὰ
832 2209 890 2258 τό
950 2208 1036 2279 ἔαρ
1085 2206 1348 2257 τεθέασαι·
1412 2202 1569 2255 έκεῖνο
1625 2203 1755 2274 λέγω
1802 2205 1861 2253 τὸ

232 2299 429 2367 τόξον,
489 2298 607 2369 ὅπερ
668 2298 693 2347 ό
740 2299 909 2356 κοινὸς
972 2294 1122 2365 λόγος
1156 2297 1257 2367 ἶριν
1300 2294 1469 2345 εἴωθεν
1502 2291 1857 2364 ἐπονομάζειν·

238 2390 267 2440 ὀ
304 2406 474 2458 φασιν
528 2389 575 2437 οἱ
631 2391 748 2459 περὶ
792 2393 958 2437 ταῦτα
988 2379 1148 2436 δεινοὶ
1178 2387 1293 2434 τότε
1328 2384 1705 2449 συνίστασθαι,
1740 2384 1861 2433 ὅταν

240 2479 642 2549 ἀνοικεκραμένη
698 2494 779 2535 τις
922 2477 1052 2548 πρὸς
1102 2477 1189 2525 τὸν
1231 2471 1355 2545 ἀέρα
1410 2477 1568 2538 νοτὶς,
1619 2481 1711 2534 τῆς
1760 2481 1860 2524 τῶν

240 2570 562 2638 πνευμάτων
617 2563 737 2637 βίας
790 2568 848 2615 τό
909 2563 956 2615 ἐν
1011 2569 1116 2623 τοῖς
1158 2561 1342 2635 ἀτμοῖς
1380 2563 1537 2634 ὑγρόν
1569 2566 1657 2613 καὶ
1684 2566 1857 2633 παχὺ,

238 2652 482 2729 νεφῶδες
506 2651 612 2713 ἤδη
654 2658 939 2725 γενόμενον,
974 2653 1038 2713 εἰς
1086 2654 1230 2705 ὑετὸν
1262 2651 1671 2713 ἀποθλιϐούσης.
1733 2659 1861 2704 Συν-

242 2746 513 2798 ίστασθαι
562 2740 621 2795 δὲ
672 2743 914 2813 λέγουσιν
971 2750 1151 2804 ούτώς.
1210 2737 1455 2794 Ἐπειδὰν
1503 2743 1532 2799 ἡ
1580 2747 1671 2791 τοῦ
1710 2740 1861 2797 ἡλίου

242 2836 404 2895 ἀκτὶς
457 2836 594 2885 κατὰ
634 2836 691 2885 τό
748 2832 968 2903 πλάγιον
1018 2828 1409 2906 ὑποδραμοῦσα
1458 2834 1516 2882 τό
1566 2829 1760 2882 πυκνόν
1809 2848 1863 2882 τε

241 2932 342 2977 καὶ
412 2926 693 2997 συνηρεφὲς
744 2930 841 2983 τῆς
866 2926 1155 2994 νεφωσεως,
1190 2928 1298 2972 εῖτα
1334 2922 1470 2971 κατά
1494 2924 1553 2971 τὸ
1584 2920 1705 2971 εύθὺ
1728 2920 1862 2991 νέφει

234 3022 350 3067 τινῖ
402 3018 491 3065 τὸν
541 3009 679 3064 ἴδιον
732 3011 917 3063 κύκλον
976 3010 1393 3083 ἐναπερείσηται,
1448 3011 1553 3062 οἷόν
1574 3029 1651 3071 τις
1676 3014 1858 3083 καμπὴ

240 3110 341 3157 καὶ
404 3099 654 3161 ἐπάνοδος
707 3108 799 3152 τοῦ
851 3103 1018 3173 φωτὸς

241 3198 425 3266 αὐγῆς
464 3196 597 3266 πρός
625 3194 682 3242 τό
714 3190 931 3262 ἔμπαλιν
954 3188 1054 3241 ἀπὸ
1093 3196 1185 3241 τοῦ
1230 3189 1391 3262 ὑγροῦ
1454 3209 1508 3241 τε
1568 3194 1656 3241 καὶ
1712 3189 1859 3241 στίλ-

242 3280 790 3342 ϐοντοςάναλυούσης
820 3282 952 3353 (23).
987 3275 1202 3336 Ἐπειδή
1237 3281 1337 3351 γὰρ
1371 3281 1526 3351 φύσις
1579 3277 1691 3329 ἐστὶ
1746 3286 1862 3341 ταῖς

244 3368 548 3443 φλογωὸεσι
595 3376 983 3442 μαρμαρυγαῖς,
1040 3371 1082 3420 εἰ
1128 3388 1229 3420 τινι
1318 3373 1432 3439 λείῳ
1492 3372 1855 3441 προσπέσοιεν,

242 3466 382 3535 πρὸς
427 3461 613 3521 ἑαυτὰς
668 3459 821 3511 πάλιν
882 3457 1289 3523 ἐπανακλᾱισθαι,
1351 3457 1650 3533 κυκλοτερὲς
1679 3454 1737 3510 δε
1766 3465 1858 3509 τοῦ

246 3550 406 3607 ἡλίου
454 3554 511 3601 τό
563 3558 776 3620 σχῆμα,
830 3551 886 3599 τό
938 3544 1029 3598 δια
1067 3555 1157 3606 τῆς
1206 3545 1410 3607 ἀκτῖνος
1450 3545 1497 3597 ἐν
1525 3555 1605 3618 πῷ
1632 3547 1773 3619 ὑγρῷ
1805 3566 1858 3598 τε

250 3645 355 3690 καὶ
402 3638 517 3710 λείῳ
572 3646 665 3689 τοῦ
718 3636 865 3709 ἀέρος
907 3641 1187 3708 γινόμενον·
1249 3634 1302 3698 ἐξ
1355 3635 1591 3706 ἀνάγκης
1644 3639 1856 3688 κατὰτὸ

253 3736 457 3799 σχῆμα
498 3737 586 3780 τοῦ
640 3728 861 3786 ἡλιακοῦ
917 3726 1105 3777 κύκλου
1174 3731 1261 3777 καὶ
1316 3728 1340 3776 6
1390 3731 1857 3799 παρακείμενοςτῷ

247 3824 393 3890 νέφει
456 3817 554 3892 ἀήρ
606 3814 699 3869 διὰ
750 3825 842 3877 τῆς
917 3814 1338 3874 ἀποστιλϐούσης
1402 3815 1569 3886 αὐγῆς
1612 3817 1856 3889 περιγρά-

252 3926 425 3980 ῖεται·
482 3908 621 3978 Αὕτη
680 3912 851 3957 τοίνυν
904 3908 933 3963 ἡ
990 3904 1123 3975 αύγὴ
1172 3910 1258 3955 καὶ
1321 3909 1551 3975 συνεχής
1587 3902 1858 3977 ἐστιπρός

251 3998 468 4061 ἑαυτὴν,
537 4001 627 4048 καὶ
687 3993 961 4069 διῄρηται.
1002 3994 1308 4069 Πολύχροος
1340 3994 1453 4064 (24)
1480 3996 1580 4068 γάρ
1616 4013 1692 4053 τις
1724 4000 1857 4045 οὐσα

249 4095 343 4139 καὶ
393 4083 691 4152 πολυειδὴς,
742 4085 947 4159 ἀφανῶς
998 4093 1103 4147 τοῖς
1130 4085 1382 4145 ποίκῦοις
1414 4086 1592 4136 ἄνθεσι
1625 4092 1717 4145 τῆς
1759 4083 1857 4155 βα-

252 4187 354 4248 φῆς
411 4179 538 4250 πρὸς
598 4175 783 4232 ἑαυτὴν
830 4180 1206 4246 κατακιρνάται
1262 4182 1362 4224 τῶν
1416 4172 1855 4247 ἐτεροχροούντων

252 4274 347 4323 τὴν
396 4270 524 4340 πρός
564 4264 761 4321 άλληλα
824 4262 1088 4335 συμϐολὴν
1136 4262 1188 4314 ἐκ
1220 4270 1319 4313 τῶν
1347 4261 1510 4332 ὄψεων
1537 4264 1683 4333 ημῶν
1721 4264 1855 4314 κατά

252 4360 310 4407 τό
348 4355 559 4415 λεληθὸς
603 4354 1016 4406 ύποκ).ἐπτουσα·
1086 4355 1149 4412 ως
1200 4356 1271 4425 μὴ
1350 4350 1409 4402 ἀν
1470 4350 1855 4421 ἐπιγνωσθῆναι

256 4452 346 4496 τού
393 4444 629 4516 γλαυκοῦ
674 4447 799 4517 πρὸς
848 4447 906 4493 τό
944 4443 1207 4514 πυραυγὲς
1255 4444 1341 4492 τόν
1371 4438 1463 4493 διὰ
1507 4444 1669 4512 μέσου
1699 4444 1853 4492 τόπον
1888 4464 1932 4518 D

260 4540 343 4585 τόν
370 4536 659 4606 μιγνύοντα
832 4528 904 4583 δι’
939 4530 1125 4583 ἑαυτοῦ
1154 4535 1245 4581 καὶ
1271 4531 1576 4603 χωρίζοντα
1605 4534 1697 4587 τὴν
1754 4539 1853 4582 τῶν

262 4632 435 4700 χροῶν
498 4621 795 4696 ἑτερότητα,
848 4628 877 4679 ῆ
943 4628 1035 4673 τού
1090 4627 1392 4693 πυραυγους
1413 4622 1541 4692 πρός
1566 4622 1624 4671 τό
1656 4623 1851 4691 ωορφύ-

328 4752 444 4814 (20)
482 4746 861 4816 Ἀναχεούσης.
910 4746 1071 4799 Unus
1102 4747 1243 4813 Reg.
1272 4745 1630 4815 συγχεούσης.
1678 4742 1860 4800 Paulo

263 4827 393 4893 post
412 4818 540 4893 duo
572 4835 716 4893 mss.
747 4820 951 4893 ἔγαμεν.

331 4896 442 4955 (21)
499 4891 730 4943 Ἀκούοι.
776 4885 879 4945 Sic
954 4886 1107 4942 Harl.
1158 4892 1215 4942 et
1257 4885 1429 4941 Coisl.
1460 4886 1692 4957 primus
1721 4902 1859 4941 cum

262 4963 450 5018 tribus
479 4960 794 5016 aliis.Editi
825 4958 1213 5030 ἀκούει.Νγ88.
1245 4957 1504 5010 ἀκούοιτο.
1540 4958 1860 5029 Aliquanto

262 5035 413 5090 infra
434 5048 562 5089 non
594 5032 749 5087 male
774 5033 834 5085 in
876 5030 1088 5086 eodem
1150 5030 1321 5102 Coisl.
1364 5030 1533 5084 deest
1585 5037 1693 5089 τοῖς
1724 5033 1862 5102 post

265 5108 633 5181 θεωρούμενον,
658 5103 890 5181 Ibidem
924 5102 1047 5157 duo
1080 5118 1223 5181 mss.
1260 5100 1677 5181 ἐφρρμόσασοαι.

328 5170 465 5243 (ἒὲί
516 5179 753 5247 Συναφές.
808 5176 941 5229 Hrec
1000 5170 1570 5247 scriptura'codicis
1595 5170 1756 5228 Harl.
1807 5175 1864 5227 et

258 5249 521 5305 duorum
554 5244 695 5317 Reg.
728 5247 907 5315 longe
930 5245 1297 5317 praeferenda
1334 5244 1585 5317 vulgatae
1614 5247 1859 5317 συμφυές.

262 5295 868 5392 ὗῖιῖιίἷξυῖὲιέᾜιᾞέἓ
884 5295 1042 5370 ὦῶ
1055 5295 1320 5392 sagina.
1341 5295 1657 5392 sﬁB’ﬁhem
1682 5295 1860 5385 hujus

258 5386 546 5464 epistoléz;
566 5390 878 5464 sedeam,
900 5392 963 5441 ut
986 5404 1100 5464 sua
1131 5390 1341 5464 sponte
1372 5386 1572 5464 minus
1587 5400 1840 5464 commo

258 5453 418 5531 dam,
454 5453 605 5518 lenit
638 5453 924 5532 addendo
951 5458 1120 5532 οἱονεί,
1156 5453 1338 5532 Paulo
1367 5463 1505 5532 post
1534 5456 1673 5512 editi
1696 5458 1739 5508 εἰ
1770 5453 1866 5514 δὴ·

259 5528 410 5592 ποτε..
430 5538 568 5590 Duo
617 5548 767 5589 mss.
830 5531 872 5582 εἰ
916 5548 1055 5585 ποτε.
1091 5528 1489 5601 Ουὶηᾳυοόιὶἱ
1515 5533 1571 5585 et
1600 5532 1775 5600 Nyss.
1805 5532 1868 5585 ut

260 5607 315 5661 in
346 5611 539 5664 textu.

1974 1842 2122 1881 usus
2148 1826 2564 1899 exemplorum
2587 1826 2930 1883 adhibetur.
2964 1827 3127 1883 Unde
3152 1828 3333 1897 igitur
3364 1827 3624 1884 dicimus

1970 1914 2294 1972 discretum
2326 1916 2506 1971 simul
2534 1916 2997 1986 etconjunctum
3022 1932 3096 1971 ex
3124 1916 3217 1986 iis,
3241 1932 3378 1989 quae
3403 1917 3627 1973 nostris

1970 2005 2251 2061 sensibus
2281 2006 2613 2077 conspicua
2637 2009 2795 2073 sunt,
2830 2006 3119 2077 spectari?
3131 2006 3159 2057 J
3168 2022 3265 2061 am
3289 2005 3433 2061 olim
3448 2021 3626 2061 arcus

1967 2095 2029 2151 in
2055 2095 2216 2151 nube
2245 2094 2630 2167 splendorem
2658 2111 2845 2151 verno
2864 2100 3133 2168 tempore
3162 2095 3384 2164 vidisti;
3416 2111 3627 2152 arcum

1969 2186 2137 2240 illum
2158 2186 2312 2256 dico,
2346 2201 2531 2258 quem
2557 2186 2898 2241 communis
2923 2185 3215 2257 loquendi
3246 2202 3391 2241 usus
3412 2186 3627 2243 iridem

1970 2290 2186 2331 vocare
2241 2274 2593 2331 consuevit:
2654 2290 2838 2346 quem
2905 2274 3155 2347 quidem
3184 2274 3403 2330 harum
3425 2290 3629 2332 rerum

1969 2364 2138 2435 periti
2163 2364 2370 2421 dicunt
2396 2364 2666 2431 conﬂari,
2692 2368 2819 2419 tum
2850 2379 2991 2419 cum
3020 2363 3387 2419 admiscetur
3410 2363 3631 2420 humor

1972 2452 2189 2525 aliquis
2221 2454 2345 2509 aeri
2379 2472 2391 2522 ;
2426 2453 2484 2509 vi
2517 2458 2834 2509 ventorum
2860 2452 2921 2507 id
2950 2452 3120 2526 quod
3182 2453 3242 2509 in
3296 2453 3631 2525 vaporibus

1970 2542 2292 2599 humidum
2320 2558 2391 2598 ac
2413 2558 2686 2598 crassum
2704 2540 3084 2597 esteﬁectum
3094 2541 3221 2613 jam
3239 2540 3629 2610 nebulosum,

1968 2632 2030 2687 in
2058 2631 2327 2703 pluviam
2342 2631 2714 2703 exprimente
2740 2630 3412 2687 acresolvente.Ferunt
3428 2635 3632 2687 autem

1968 2720 2097 2775 ﬁeri
2125 2721 2238 2777 hoc
2267 2721 2474 2777 modo.
2512 2720 2619 2775 Ubi
2646 2719 2787 2776 solis
2803 2720 3008 2775 radius
3040 2719 3283 2791 oblique
3298 2719 3359 2774 id
3376 2719 3544 2793 quod
3568 2720 3632 2776 in

1966 2808 2193 2866 nebula
2224 2810 2483 2865 densum
2516 2813 2571 2865 et
2596 2825 2861 2881 opacum
2891 2813 2999 2879 est,
3030 2808 3386 2881 penetravit,
3410 2808 3629 2864 deinde

1968 2903 2131 2954 recta
2160 2898 2371 2955 orbem
2406 2914 2586 2953 suum
2612 2898 2673 2953 in
2706 2896 3101 2970 aliqua'nube
3123 2896 3425 2968 impressit
3454 2913 3467 2964 ;
3500 2896 3631 2969 qui-

1967 2987 2113 3044 dam
2165 2988 2412 3044 luminis
2461 2987 2639 3059 quasi
2691 3001 3080 3059 repercussus
3147 3002 3216 3041 ac
3263 2983 3492 3040 reditus
3546 2984 3628 3041 ad

1094 3104 1224 3172 πρὸς
1271 3102 1423 3152 ἑαυτό
1477 3104 1697 3170 γίνεται,
1770 3108 1858 3171 τῇς

1971 3078 2237 3151 seipsum
2290 3077 2377 3148 ﬁt,
2430 3076 2751 3149 splendore
2800 3075 2879 3132 ab
2918 3091 2988 3132 eo
3015 3074 3180 3149 quod
3214 3073 3539 3131 humidum
3570 3078 3627 3132 et

1970 3170 2162 3225 nitens
2183 3174 2271 3225 est
2294 3168 2660 3225 contrariam
2680 3168 3008 3239 in‘partem
3062 3166 3284 3222 reﬂexo
3298 3209 3310 3221 .
3326 3166 3625 3232 Quoniam

1968 3259 2132 3315 enim
2164 3275 2235 3314 ea
2264 3260 2417 3315 inest
2448 3257 2749 3314 ﬂammeis
2776 3256 3112 3326 fulgoribus
3132 3260 3370 3325 natura,
3404 3260 3469 3312 ut
3491 3256 3626 3312 siin

1967 3366 2096 3406 rem
2126 3350 2483 3422 quampiam
2506 3348 2720 3404 lmvem
2741 3347 3081 3411 inciderint,
3096 3346 3624 3405 rursusreﬂectan—

1968 3443 2062 3495 tur
2090 3438 2169 3495 ad
2192 3437 2573 3509 semetipsos,
2596 3436 2858 3492 rotunda
2884 3441 2973 3492 est
2992 3441 3193 3493 autem
3225 3436 3365 3491 solis
3402 3435 3623 3508 ﬁgura,

1965 3544 2103 3600 qua:
2123 3543 2230 3600 per
2256 3526 2495 3582 radium
2524 3526 2587 3582 in
2614 3524 2869 3582 humido
2894 3524 3151 3598 laevique
3174 3540 3306 3582 aere
3332 3526 3625 3599 imprimi-

1964 3621 2081 3682 tur;
2112 3621 2431 3689 propterea
2461 3614 2801 3671 necessario
2850 3614 3186 3670 secundum
3217 3614 3428 3671 solaris
3458 3614 3621 3671 orbis

1964 3706 2245 3775 ﬁguram,
2314 3721 2417 3761 aer
2468 3704 2650 3760 etiam
2697 3704 2802 3775 qui
2849 3703 2999 3759 nubi
3024 3703 3340 3775 proximus
3373 3706 3478 3774 est,
3514 3718 3621 3775 per

1966 3793 2481 3865 splendescentem
2510 3792 2807 3862 fulgorem
2865 3789 3389 3846 circumscribitur.
3416 3794 3619 3862 Itaque

1965 3883 2013 3939 is
2043 3882 2241 3953 fulgor
2296 3887 2351 3937 et
2408 3882 2471 3937 in
2502 3897 2564 3936 se
2594 3880 2917 3937 continuus
2948 3885 3005 3935 et
3037 3878 3265 3935 divisus
3292 3883 3405 3936 est.
3436 3878 3620 3936 Multi-

1966 3972 2128 4029 color
2148 3971 2309 4027 enim
2342 3987 2411 4027 ac
2438 3969 2821 4027 multiformis
2845 3984 2984 4023 cum
3040 3968 3134 4031 sit,
3190 3984 3395 4023 secum
3434 3969 3619 4025 variis

1964 4062 2234 4119 tincturae
2275 4060 2524 4116 ﬂoribus
2572 4058 2825 4114 latenter
2872 4056 3315 4125 cominiscetur,
3347 4056 3619 4115 colorum

1963 4150 2116 4207 inter
2145 4166 2207 4204 se
2236 4149 2612 4205 diversorum
2671 4146 3135 4203 commissuram
3176 4151 3356 4219 atque
3403 4146 3622 4218 permi-

1966 4240 2224 4296 stionem
2263 4238 2450 4293 oculis
2480 4236 2723 4300 nostris,
2766 4236 3005 4291 nemine
3062 4236 3370 4299 sentiente,
3418 4235 3619 4291 subri-

1964 4328 2329 4401 piens;adeo
2363 4333 2424 4382 ut
2450 4342 2574 4382 non
2604 4330 2971 4395 agnoscatur
2986 4324 3223 4380 medius
3244 4324 3622 4380 intercedens

1964 4419 2281 4475 caeruleum
2338 4418 2491 4473 inter
2512 4420 2567 4472 et
2607 4415 2853 4472 rutilum
2908 4415 3096 4485 locus,
3127 4431 3197 4471 ac
3225 4414 3486 4470 miscens
3514 4430 3622 4487 per

1965 4526 2027 4566 se
2057 4515 2113 4565 et
2144 4523 2435 4580 separans
2458 4506 2858 4563 diversitatem
2886 4504 3178 4573 colorum,
3236 4508 3339 4561 aut
3375 4504 3622 4563 rutilum

1964 4601 2115 4655 inter
2144 4604 2200 4654 et
2225 4613 2619 4670 purpureum,
2648 4600 2751 4652 aut
2772 4595 2955 4651 istum
2983 4594 3137 4651 inter
3167 4599 3223 4651 et
3245 4593 3618 4653 electrinum.

2042 4742 2155 4811 (25)
2212 4738 2588 4800 Ἀναλυούσης.
2660 4739 2777 4811 Sic
2818 4754 2967 4811 mss.
3028 4751 3242 4811 omnes
3296 4741 3354 4811 et
3392 4740 3615 4811 _Nyss.

1970 4828 2079 4885 pro
2107 4808 2177 4885 eo
2230 4812 2395 4883 quod
2454 4815 2606 4885 erat
2644 4808 3008 4885 editionibus
3052 4808 3247 4863 Basilii
3295 4808 3625 4885 ἀναλαμπρςάτ

1972 4879 2279 4947 σηςΕάὶῑὶὃ
2309 4886 2457 4952 Hag.
2498 4880 2872 4940 ἀναλαϐούσης.
2922 4879 3240 4952 Aliquanto
3298 4879 3626 4952 post'editi

1970 4962 2025 5011 et
2068 4972 2220 5011 mss.
2265 4948 2527 5026 quatuor
2587 4953 2888 5025 κυκλοτερὲς
2913 4948 2996 5026 ,δὲ
3031 4948 3201 5004 ’τοῦτο
3226 4948 3461 5026 -σὶῆμα,
3501 4949 3624 5026 -ὃιά

1970 5036 2084 5089 τῆς.
2138 5026 2250 5083 Sed
2284 5022 2502 5080 melior
2532 5026 2659 5080 visa
2690 5029 2778 5079 est
2803 5022 3105 5096 scriptura
3132 5022 3353 5079 codicis
3369 5022 3625 5096 ‘Harl._et

1970 5099 2147 5154 unius
2172 5113 2244 5151 ex
2274 5097 2466 5164 Regiis
2498 5112 2685 5168 quam
2716 5096 2896 5152 secuti
2924 5093 3156 5151 sumus.
3192 5096 3285 5151 Sic
3313 5096 3493 5151 etiam
3544 5093 3623 5149 le-

1970 5171 2125 5241 gitur
2148 5170 2311 5244 apud
2342 5172 2511 5240 Nyss.
2575 5240 2600 5244 ﬁ
2651 5237 2714 5244 __
2841 5241 2847 5244 _
3143 5241 3150 5244 Α
3408 5237 3444 5244 ἢ
3535 5233 3545 5244 _

2044 5244 2149 5308 (24)
2186 5237 2503 5313 ῘΙολύχροος.
2564 5237 2739 5294 Coisl.
2790 5241 3040 5311 uterque
3102 5241 3158 5294 et
3199 5251 3355 5294 unus
3408 5237 3624 5305 Regius

1968 5312 2362 5385 πολύχρωμος..

2045 5380 2159 5452 (2⁷5)
2208 5380 2374 5436 Τόπον
2440 5386 2527 5435 τὸν
2585 5385 2884 5455 μιγνύοντα.
2964 5384 3089 5436 Duo
3167 5393 3311 5455 mss.
3366 5380 3468 5455 Δτὸν
3540 5396 3626 5449 μι-

1972 5450 2184 5526 γνύντα.
2247 5456 2483 5527 Legitur
2532 5450 2697 5528 apud
2750 5457 2919 5524 Greg.
2979 5456 3152 5523 Nyss,
3184 5450 3299 5522 ὅρον
3323 5450 3410 5501 τὸν
3440 5468 3625 5523 μιγνυ-

1975 5545 2142 5598 μενον.
