4102 6194
271 294 387 350 337

273 419 409 488 τρός
435 417 775 486 γνωρίσμασι
812 410 1330 484 χαρακτηριζόριενον
1360 427 1372 474 ;

278 523 480 565 στασις
535 506 594 554 τό
637 498 844 561 ἰδιάζον
910 508 1006 560 τῆς
1065 499 1285 552 ἑκάστον
1343 499 1604 574 ὑπάρξεως
1674 500 1890 570 σημεῖόν

276 592 418 661 ἐστι,
453 599 545 644 τοῦ
577 587 636 643 δε
669 595 868 665 Πατρός
898 584 1036 640 ἴδιον
1065 592 1124 639 τό
1182 587 1474 658 ἀγεννήτως
1526 587 1656 639 εἶναι
1711 585 1891 658 ὁμολο-

270 691 479 754 γεῖται,
529 686 867 754 μεμόρφωται
910 675 968 730 δε
1006 680 1031 729 ό
1065 681 1180 740 Υἱός
1230 686 1341 740 τοῖς
1370 686 1461 730 τοῦ
1498 681 1700 750 Πατρός
1736 673 1888 727 ἰδιω-

270 790 448 842 μασιν
471 791 485 802 ο
519 771 624 843 οῐρα
653 767 826 820 οὐκέτι
877 763 1108 838 διαμένει
1138 775 1208 835 τῷ
1243 770 1410 839 Πατρὶ
1463 767 1579 818 κατ’
1632 765 1889 838 ἐξαίρετον

271 859 362 911 ἐπ’
386 859 548 910 αὶτοῦ
573 862 734 929 μόνον
764 860 822 908 τό
852 855 1125 927 ἀγέννητον
1164 854 1428 926 λέγεσθαι,
1467 859 1604 929 εἰπερ
1642 862 1712 923 τῷ
1748 849 1888 905 ἰδιά-

271 949 548 1008 ζοντιτοῦ
601 950 807 1019 Πατρός
849 945 877 1002 η
928 953 1018 996 τοῦ
1069 952 1385 1016 Μονογενοῦς
1433 947 1889 1018 χαρακτηρίζεται

269 1037 524 1111 ὗπαρξις.

365 1132 406 1180 ἲ.
477 1124 612 1178 Ἀλλ’
680 1126 830 1196 ἡμεῖς
879 1127 1032 1175 τοῦτό
1091 1141 1275 1194 φαμεν,
1334 1125 1414 1174 ότι
1478 1124 1643 1197 ἕτερον
1697 1119 1888 1193 πληροῖ

267 1219 478 1266 σκοπόν
539 1213 762 1266 ἐνταῦθα
817 1222 889 1284 τῷ
955 1211 1261 1282 Ἀποστόλῳ
1329 1212 1354 1262 ό
1418 1210 1590 1282 ὶόγος,
1646 1213 1772 1283 πρός
1833 1207 1886 1259 όν

262 1303 486 1376 βὶέπων
561 1306 778 1364 ταύταις
861 1301 1134 1376 ἐχρήσατο
1220 1309 1332 1360 ταῖς
1425 1308 1636 1372 φωναῖς,
1725 1295 1884 1359 δόξης

263 1391 614 1464 ἀπαύγασμα
680 1391 857 1462 λέγων,
927 1396 1016 1442 καὶ
1091 1397 1413 1462 χαρακτῆρα
1485 1390 1826 1446 ὑποστάσεως
1868 1407 1881 1419 ·

259 1483 431 1553 ὅνπερ
486 1483 511 1532 ό
568 1478 797 1554 ἀκριϐῶς
856 1484 1051 1539 νόησας
1113 1474 1266 1530 οὐδέν
1333 1479 1544 1552 εὑρήσει
1604 1483 1712 1538 τοῖς
1762 1474 1882 1543 παρ’

1228 281 1726 347 EPISTOLARUM
1765 283 2046 342 CLASSIS
2085 285 2127 338 Ι.
2167 283 2380 342 EPIST.
2426 286 2699 343 XXXVIII.

1425 411 1484 463 Ei
1521 412 1622 484 γὰρ
1681 412 1708 468 ἡ
1761 410 1887 460 ὑπό·
1919 410 1965 463 Α
2004 406 2317 478 proprium
2347 408 2676 464 existentia:
2711 407 3184 479 uniuscujusque
3241 404 3486 475 signum
3520 409 3608 460 est
3639 423 3652 474 ;

3550 283 3654 338 338

2003 497 2190 552 Patris
2223 502 2425 552 autem
2449 497 2762 570 proprium
2795 497 2944 552 illud
2965 513 3116 562 esse,
3142 503 3206 552 ut
3230 494 3527 566 ingenitus
3558 495 3650 566 sit,

2002 584 2314 656 explorata
2345 602 2437 640 res
2469 591 2577 655 est,
2609 601 2680 642 ac
2714 586 2902 642 Patris
2948 591 3151 640 tamen
3188 582 3654 656 proprietatibus

2002 673 2174 729 Filius
2225 675 2520 744 tiguratur
2576 691 2646 730 ac
2689 674 3084 746 designatur;
3131 673 3310 738 igitur
3360 687 3482 727 non
3522 673 3652 743 jam

1997 765 2309 834 proprium
2335 762 2483 818 illud
2515 764 2669 819 Patri
2703 769 2922 829 manet,
2949 768 3013 817 ut
3045 762 3206 817 solus
3231 761 3651 829 dicaturiuge-

1997 851 2176 918 nitus,
2205 852 2502 924 siquidem
2536 853 2720 908 Patris
2749 851 3116 924 proprietate
3148 850 3282 922 ipsa
3303 850 3485 905 etiam
3521 849 3652 904 L'ni-

1997 941 2181 1010 geniti
2211 941 2554 998 exsistentia
2574 941 2947 1012 designatur.

2068 1123 2120 1171 τ.
2155 1117 2269 1175 Sed
2300 1135 2412 1174 nos
2443 1117 2558 1174 hoc
2588 1118 2867 1186 dicimus,
2893 1118 2971 1175 ad
3002 1117 3166 1174 aliud
3206 1117 3321 1173 hoc
3351 1116 3482 1172 loco
3514 1131 3646 1188 pro-

1995 1207 2262 1279 positum
2291 1214 2562 1280 spectare
2617 1209 2880 1280 Apostoli
2933 1209 3292 1273 orationem,
3353 1205 3430 1262 ad
3480 1204 3647 1276 quod

1993 1297 2322 1367 respiciens
2349 1298 2440 1353 his
2472 1314 2620 1353 usus
2668 1304 2755 1354 est
2784 1298 3056 1364 vocibus,
3109 1296 3313 1366 gloriae
3367 1294 3646 1367 splendo-

1992 1401 2143 1454 rem,
2173 1385 2403 1451 dieeus,
2453 1392 2509 1442 et
2557 1387 2910 1459 hypostasis
2966 1387 3263 1457 ﬁguram:
3298 1383 3463 1456 quod
3504 1399 3644 1455 pro-

1992 1475 2254 1547 positum
2299 1475 2347 1530 si
2394 1475 2532 1547 quis
2595 1475 2908 1545 diligenter
2969 1472 3456 1539 consideraverit,
3497 1471 3645 1527 nihil

261 1574 428 1641 ἡμῶν
455 1573 740 1644 εἰρημένοις
791 1571 1111 1640 μαχόμενον,
1164 1565 1274 1618 ἀλλ’
1316 1565 1399 1618 ἐπί
1449 1586 1585 1627 τινος
1645 1561 1878 1625 ἰδιαζού-

2000 1565 2242 1637 reperiet
2271 1564 2362 1620 his
2393 1581 2528 1637 quae
2559 1565 2822 1620 diximus
2855 1564 3247 1630 contrarium,
3283 1561 3390 1617 sed
3416 1577 3641 1618 sermo-

263 1678 385 1718 πς
431 1658 621 1719 ἑννοίας
676 1661 763 1709 τόν
817 1657 965 1728 λόγον
1025 1653 1409 1728 διεξαγόριενον.
1470 1656 1544 1706 Οὐ
1597 1657 1694 1729 γὰρ
1745 1655 1882 1714 ὅπως

259 1745 597 1822 διακριθιῖεν
623 1746 712 1800 ἀπ’
754 1745 981 1804 ἀλλήλων
1022 1748 1076 1798 αἱ
1133 1747 1452 1806 ὑποστάσεις
1503 1740 1596 1796 δ’ιά
1647 1752 1745 1794 τῶν
1799 1741 1883 1794 ἐπι

257 1842 595 1910 φαινομένων
663 1842 912 1910 σημείων,
973 1838 997 1888 ό
1058 1834 1401 1896 ἀποστο).ικός
1460 1837 1882 1908 πραγματεύεται

256 1927 454 1998 λόγος,
505 1925 609 1978 ἀὶᾶδ
643 1927 782 1986 ὅπως
823 1929 882 1976 τό
929 1929 1146 1996 γνήσιόν
1197 1942 1253 1976 τε
1297 1928 1386 1974 καὶ
1419 1919 1740 1974 ἀδιάστατον
1793 1925 1883 1972 καὶ

266 2019 607 2087 συνημμένον
659 2023 756 2076 τῆς
803 2021 895 2066 τοῦ
944 2015 1066 2066 Υὶον
1096 2017 1226 2085 πρός
1259 2016 1344 2064 τόν
1386 2014 1594 2084 Πατέρα
1648 2014 1881 2082 σχέσεως

259 2105 513 2162 νοηθείη.
543 2103 630 2163 Ὠς
655 2105 756 2177 γὰρ
808 2103 900 2154 οὐκ
931 2100 1086 2168 εἶπεν,
1145 2100 1234 2162 ⁸ος
1264 2102 1330 2151 ὢν
1365 2097 1496 2162 δόξα
1541 2107 1632 2152 τοῦ
1685 2102 1882 2172 Πατρός

261 2196 537 2265 (καίτοιγε
576 2195 633 2244 τό
667 2191 850 2253 ἀληθές
907 2191 1066 2251 οὕτως
1125 2191 1278 2262 ἔχει),
1337 2188 1484 2257 ἀλλά,
1516 2196 1667 2241 τοῦτο
1705 2207 1882 2262 παρα-

260 2282 444 2334 λιπὼν
511 2283 576 2343 ως
641 2280 1068 2353 ὁμολογούμενον,
1138 2283 1194 2330 τό
1271 2283 1341 2351 μη
1409 2277 1530 2330 ἄλλο
1605 2297 1657 2329 τι
1722 2273 1882 2339 δόξης

263 2367 425 2432 εἶδος
451 2369 536 2423 ἐπὶ
567 2377 656 2422 τοῦ
697 2373 918 2444 Πατρός,
953 2373 1042 2420 καὶ
1081 2370 1245 2437 ἕτερον
1308 2366 1392 2420 ἐπὶ
1442 2375 1532 2419 τοῦ
1584 2368 1706 2420 Υἰοῧ
1754 2373 1883 2418 νοεῖν

267 2456 585 2528 διδάσκων,
617 2459 776 2518 αὐτῆς
806 2466 900 2519 τῆς
937 2465 1032 2510 τοῦ
1091 2460 1293 2529 Πατρός
1344 2453 1504 2519 δόξης
1557 2455 1886 2528 ἀπαύγασμα

261 2553 373 2606 τὴν
426 2556 520 2600 τοῦ
581 2555 894 2619 Μονογινοῦς
946 2543 1234 2621 διορίζεται
1293 2542 1469 2612 δόξαν,
1517 2549 1573 2597 τό
1627 2541 1886 2596 ἀδιαστά-

264 2657 382 2697 τως
432 2639 547 2707 (34)
607 2637 1023 2689 συνεπινοήσοαι
1065 2645 1135 2706 τῷ
1193 2639 1360 2708 Πατρὶ
1417 2639 1502 2687 τόν
1559 2636 1676 2686 Υἰόν
1715 2653 1882 2686 κατα-

267 2727 554 2787 σχενάζων
615 2724 669 2778 ἐκ
716 2733 807 2778 τοῦ
861 2728 994 2777 κατά
1044 2729 1102 2776 τό
1178 2733 1278 2796 prii;
1334 2721 1736 2796 ὗποδείγματος.
1803 2722 1884 2782 Ὠς

262 2820 386 2890 γὰρ
416 2814 474 2868 ἐκ
516 2823 600 2876 τῆς
655 2814 840 2886 φλογός
868 2817 958 2886 μὲν
989 2816 1017 2871 ἡ
1055 2813 1216 2884 αὐγὴ,
1271 2813 1328 2864 οὗ
1361 2816 1464 2884 μὴν
1519 2814 1713 2887 ὑστέρα
1754 2814 1886 2884 μετὰ

1989 1671 2131 1712 nem
2162 1655 2239 1711 ad
2267 1655 2633 1724 singularem
2667 1654 3001 1727 quamdam
3056 1655 3362 1710 notionem
3402 1668 3646 1708 revoca-

1992 1749 2138 1800 tum.
2174 1748 2300 1800 Non
2331 1745 2492 1800 enim
2523 1750 2586 1800 ut
2615 1745 2980 1816 hypostases
3017 1744 3169 1799 inter
3218 1759 3279 1798 se
3331 1759 3404 1798 ex
3453 1741 3642 1812 signis

1991 1834 2334 1906 conspicuis
2365 1839 2777 1904 secernantur,
2803 1833 3133 1906 apostolica
3162 1832 3488 1888 instituitur
3513 1846 3644 1887 ora-

1992 1923 2092 1989 tio,
2126 1923 2232 1978 sed
2265 1927 2328 1979 ut
2351 1923 2617 1993 genuina
2641 1922 3016 1995 indivisaque
3055 1927 3112 1977 et
3141 1921 3490 1977 consociata
3521 1918 3643 1976 Filii

1991 2012 2069 2068 ad
2097 2015 2326 2067 Patrem
2385 2011 2594 2067 relatio
2651 2010 3042 2081 intelligatur.
3111 2008 3641 2076 Quemadmodum

1991 2101 2152 2157 enim
2177 2116 2301 2156 non
2332 2099 2500 2166 dixit,
2536 2101 2649 2168 Qui
2674 2105 2758 2156 est
2798 2101 2992 2170 gloria
3021 2101 3227 2156 Patris
3260 2105 3640 2170 (quanquam

1997 2190 2206 2245 veritas
2262 2189 2344 2245 ita
2401 2205 2467 2244 se
2521 2188 2742 2260 habet),
2801 2188 2929 2256 sed,
2979 2189 3094 2244 hoc
3144 2187 3548 2261 prmtermisso
3579 2189 3644 2240 ut

1990 2277 2320 2350 explorato,
2352 2292 2472 2332 non
2499 2276 2678 2333 aliam
2711 2261 3046 2349 quamdam
3067 2275 3268 2347 gloriae
3290 2274 3550 2348 speciem
3580 2272 3642 2328 in

1992 2371 2182 2435 Patre,
2214 2372 2270 2424 et
2299 2366 2480 2423 aliam
2513 2366 2574 2421 in
2604 2365 2746 2422 Filio
2776 2366 3166 2436 cogitandam
3215 2381 3344 2421 esse
3391 2363 3638 2432 docens,

1991 2456 2180 2530 ipsius
2227 2457 2414 2512 Patris
2468 2455 2670 2526 gloriae
2725 2455 3108 2528 splendorem
3162 2471 3291 2510 esse
3351 2452 3645 2524 Unigcniti

1991 2546 2247 2617 gloriam
2269 2545 2570 2613 decernit;
2601 2561 2672 2600 ex
2727 2543 2878 2600 lucis
2903 2544 3180 2617 exemplo
3213 2543 3544 2616 perﬁciens,
3580 2547 3645 2598 ut

2001 2637 2043 2704 1
2059 2636 2109 2704 2
2125 2637 2166 2704 1
2201 2634 2376 2690 Filius
2399 2649 2536 2689 cum
2561 2636 2728 2688 Patre
2749 2633 3001 2688 indivise
3025 2633 3407 2702 intelligatur.
3425 2635 3643 2698 Quem-

1993 2723 2328 2779 admodum
2355 2722 2516 2778 enim
2547 2737 2618 2777 ex
2645 2722 2897 2778 ﬂamma
2921 2721 3167 2793 quidem
3200 2721 3508 2793 splendor,
3535 2737 3642 2776 nc-

1992 2829 2110 2885 que
2139 2817 2343 2868 tamen
2374 2812 2624 2867 ﬂamma
2654 2811 2968 2882 posterior,
2991 2810 3097 2866 sed
3128 2810 3306 2864 simul
3339 2814 3402 2866 ut
3426 2809 3646 2864 eﬂ‘ulsit

265 2911 380 2963 τὴν
408 2903 576 2975 φλόγα
609 2901 745 2955 ἐστὶν
777 2905 806 2962 ἠ
867 2903 1026 2974 αὐγὴ,
1087 2900 1193 2954 ἀλλ’
1246 2903 1375 2973 ὁμοῦ
1423 2921 1476 2954 τε
1529 2903 1557 2960 ἡ
1623 2901 1748 2973 φὶόξ
1792 2900 1884 2952 ἀν-

2000 2903 2264 2969 flamma,
2305 2901 2486 2956 etiam
2533 2901 2634 2956 lux
2689 2900 2869 2956 simul
2928 2899 3332 2972 rcsplenduit;
3376 2899 3460 2954 sic
3521 2899 3646 2953 vult

267 2993 506 3065 ἔλαμψε,
537 2997 623 3044 καὶ
666 2993 1083 3063 σνναπηνγάσθη
1140 2994 1198 3042 τό
1246 2998 1349 3062 φῶς
1381 3012 1392 3023 ·
1454 2991 1588 3042 οὕτω
1643 2987 1886 3062 βούλεται

263 3088 372 3134 καὶ
404 3080 459 3133 ἑκ
510 3090 599 3133 τοῦ
654 3085 858 3155 Πατρός
904 3084 994 3153 μὲν
1041 3083 1128 3132 τόν
1189 3083 1304 3132 Υἱόν
1361 3081 1612 3148 νοεῖσθαι,
1667 3079 1724 3130 οὐ
1781 3084 1884 3152 μὴν

268 3173 581 3244 παρατάσει
612 3175 713 3222 τινὶ
744 3167 1143 3242 διαστηματικῇ
1177 3177 1270 3230 τῆς
1325 3177 1414 3220 τον
1459 3171 1660 3242 Πατρός
1719 3171 1884 3243 ὑπάρ-

233 3262 410 3324 (Esau;
438 3263 526 3312 τόν
557 3267 814 3331 Μονογενῆ
877 3255 912 3310 δ
918 3259 1232 3333 ιορὶζεσοαι,
1284 3257 1391 3309 ἀλλ’
1433 3261 1511 3310 αεὶ
1549 3267 1618 3329 τῷ
1650 3257 1799 3330 αἰτίῳ
1829 3262 1885 3311 τό

275 3351 338 3412 ἐξ
405 3350 564 3401 αὐτοῦ
631 3348 1129 3421 σνννπολαριϐἀνειν.
1209 3350 1354 3401 Κατά
1421 3352 1508 3399 τόν
1585 3347 1736 3400 αὐτόν
1799 3345 1886 3400 οὖν

276 3443 500 3513 τρόπον,
593 3440 766 3511 ὥσπερ
855 3435 1204 3510 ἐφερριηνεύων
1279 3440 1366 3488 τόν
1458 3433 1887 3511 προαποδοθὲντα

275 3536 430 3596 νοῦν,
484 3534 574 3579 καὶ
633 3528 970 3587 ὑποστάσεως
1026 3527 1347 3601 χαρακτῆρά
1392 3544 1523 3598 φησι
1579 3526 1718 3596 (35),
1774 3533 1884 3586 τοῖς

593 3440 766 3511 ὥσπερ

287 3624 608 3688 σωματικοῖς
654 3617 790 3688 ἡμᾶς
845 3612 1203 3688 ὑποδείγμασι
1257 3618 1388 3689 πρός
1434 3619 1522 3672 την
1568 3623 1665 3666 τῶν
1715 3613 1882 3689 ἀορά-

286 3725 399 3756 των
422 3713 761 3778 χειραγωγῶν
817 3707 1154 3762 κατανόησιν.
1209 3703 1296 3765 Ὠς
1323 3705 1424 3778 γὰρ
1478 3706 1534 3756 τό
1580 3712 1732 3776 σῶμα
1763 3706 1886 3755 πάν-

279 3814 389 3854 τως
418 3793 552 3846 ἐστὶν
592 3792 639 3845 ἐν
694 3799 959 3866 σχήματι,
1009 3791 1113 3844 ἀλλ’
1162 3793 1331 3866 ἕτερος
1381 3796 1471 3864 μὲν
1525 3794 1550 3843 ό
1607 3800 1698 3844 τοῦ
1747 3797 1886 3864 σχη-

279 3901 468 3956 ματος,
492 3884 660 3956 ἕτερος
688 3877 747 3934 δὲ
777 3884 803 3933 ό
860 3889 952 3934 τοῦ
1014 3888 1256 3955 σώματος
1301 3879 1451 3952 λόγος
1486 3901 1498 3914 ο
1531 3885 1621 3933 καὶ
1673 3881 1766 3932 οὐκ
1824 3883 1884 3932 οἶν

277 3993 366 4034 τις
429 3968 723 4034 ἀποδιδοὺς
782 3976 865 4024 τόν
933 3971 1176 4046 ἐκατέρου
1233 3974 1426 4024 τούτων
1483 3973 1699 4044 ὁρισμόν
1761 3990 1887 4022 συν-

281 4063 521 4133 ενεχθείη
555 4070 628 4132 τῷ
677 4065 792 4136 περὶ
837 4068 927 4114 τοῦ
959 4064 1132 4133 ἕτερον
1162 4081 1174 4094 ·
1226 4060 1358 4118 πλὴν
1413 4059 1559 4128 ἀλλὰ,
1611 4060 1706 4113 κᾶν
1751 4060 1886 4133 λόγῳ

280 4149 568 4225 διακρίνῃς
599 4153 657 4202 τό
687 4159 879 4223 σχῆμα
917 4159 1007 4202 τοῦ
1050 4157 1311 4223 σώματος,
1345 4152 1373 4208 ἡ
1419 4153 1568 4223 φύσις
1620 4151 1678 4202 οὐ
1724 4170 1887 4226 παρα-

1993 2991 2172 3047 etiam
2225 3006 2296 3045 ex
2345 2992 2512 3044 Patre
2566 2988 2813 3060 quidem
2875 2988 3082 3043 Filium
3128 2986 3397 3058 intelligi,
3446 3001 3644 3058 neque

1995 3086 2198 3136 tamen
2231 3079 2350 3134 ulla
2379 3077 2668 3134 intervalli
2695 3077 2982 3132 distantia
3009 3093 3045 3133 a
3076 3076 3264 3132 Patris
3295 3075 3646 3133 exsistentia

2000 3169 2378 3239 Unigenituin
2400 3167 2619 3232 dirimi,
2650 3166 2756 3222 sed
2787 3182 3026 3238 semper
3053 3181 3175 3222 una
3202 3182 3341 3221 cum
3373 3181 3558 3220 causa
3581 3163 3644 3220 id

1995 3258 2160 3332 quod
2185 3274 2258 3313 ex
2287 3273 2472 3313 causa
2491 3262 2580 3311 est
2599 3255 2850 3328 concipi.
2886 3255 3178 3336 Eumdem
3200 3255 3379 3325 igitur
3411 3255 3489 3310 ad
3519 3271 3646 3311 mo-

1993 3350 2162 3420 dum,
2213 3347 2393 3403 vcluti
2442 3343 2801 3402 sententiam
2863 3345 3032 3417 prius
3077 3345 3416 3418 expositam
3471 3345 3642 3400 inter-

1995 3444 2260 3508 pretans,
2285 3436 2463 3492 etiam
2494 3434 2842 3507 hypostasis
2872 3435 3134 3503 ﬁguram
3173 3435 3332 3500 dicit,
3367 3449 3646 3506 corpora-

1991 3529 2152 3584 libus
2185 3542 2294 3582 nos
2316 3523 2603 3596 exemplis
2625 3522 2704 3579 ad
2725 3522 3182 3578 indivisibilium
3205 3540 3392 3579 manu
3417 3523 3644 3578 ducens

1993 3615 2467 3687 intelligentiam.
2504 3612 3031 3678 Quemadmodum
3060 3612 3221 3667 enim
3262 3612 3371 3667 etsi
3423 3627 3644 3683 corpus

1995 3706 2242 3763 omnino
2282 3704 2343 3762 in
2382 3703 2578 3772 ﬁgura
2623 3706 2732 3770 est,
2776 3701 2894 3756 alia
2939 3703 3171 3771 ﬁgurze,
3214 3701 3331 3757 alia
3373 3701 3644 3772 corporis

1993 3795 2162 3865 ratio,
2197 3809 2269 3848 ac
2299 3791 2348 3846 si
2377 3793 2513 3864 quis
2547 3790 2828 3846 utriusvis
2858 3792 3077 3849 horum
3110 3790 3306 3846 tradat
3345 3789 3642 3846 delinitio-

1995 3899 2155 3950 nem,
2187 3882 2536 3952 neutiquam
2568 3880 2628 3935 in
2655 3896 2790 3935 eam
2821 3896 2957 3951 quae
2988 3879 3230 3934 alterius
3260 3885 3347 3934 est
3385 3879 3639 3944 incidat;

1995 3972 2101 4029 sed
2129 3977 2326 4028 tamen
2356 3969 2590 4026 etiamsi
2614 3969 2844 4024 ratione
2874 3969 3133 4039 ﬁguram
3185 3985 3221 4024 a
3252 3984 3503 4040 corpore
3548 3967 3643 4022 di-

1997 4059 2302 4130 screveris,
2337 4064 2550 4114 natura
2582 4074 2702 4112 non
2761 4057 3021 4113 admittit
3057 4057 3500 4124 discretionem,
3536 4055 3644 4112 sed

1995 4150 2243 4206 alterum
2277 4165 2415 4205 eum
2447 4147 2634 4203 altero
2684 4148 3077 4219 conjunctum
3124 4147 3511 4218 intelligitur:
3562 4147 3645 4202 ita

283 4237 510 4312 δέχεται
565 4245 658 4298 την
734 4236 1025 4314 διάκρισιν,
1103 4239 1230 4292 ἀλλὰ
1297 4244 1628 4313 σννημμένως
1701 4248 1886 4292 νοεῖται

2000 4257 2121 4296 rem
2149 4238 2431 4312 explicari
2460 4243 2733 4310 oportere
2754 4241 2954 4292 censet
2974 4236 3293 4308 Apostolus
3318 4254 3330 4291 :
3365 4235 3644 4308 quamvis

284 4333 418 4404 μετά
440 4337 536 4382 τοῦ
567 4329 740 4403 ἑτέρον
769 4333 828 4381 τό
872 4331 1039 4402 ἕτερον
1068 4350 1080 4362 ο
1111 4329 1269 4390 οὕτως
1301 4331 1462 4382 οἴεται
1513 4325 1620 4381 δεῖν
1669 4331 1694 4380 ό
1737 4329 1886 4382 Ἀπό-

289 4418 492 4482 στοὶος,
515 4417 608 4469 κᾶν
641 4419 666 4469 ό
691 4425 782 4478 τῆς
812 4423 1034 4478 πίστεως
1068 4417 1219 4490 λόγος
1270 4416 1575 4490 ἀσύγχντον
1624 4423 1714 4470 καὶ
1764 4414 1887 4491 διη-

291 4512 522 4580 σημένην
549 4508 661 4578 (36)
687 4511 781 4565 τήν
822 4515 919 4559 τῶν
945 4508 1282 4559 ὑποστάσεων
1333 4503 1570 4580 διδάσκῃ
1606 4503 1884 4581 διαφορὰν,

289 4597 417 4649 ἀλλὰ
445 4601 539 4649 καὶ
579 4599 637 4648 τό
663 4599 925 4670 προσεχὲς
952 4601 1042 4649 καὶ
1097 4598 1250 4650 όὶονεὶ
1304 4599 1534 4669 συμφυὲς
1583 4604 1674 4648 τοῦ
1723 4604 1890 4650 Μονο-

287 4696 470 4760 γενονς
527 4689 654 4761 πρός
717 4689 808 4738 τὸν
876 4690 1083 4760 Πατέρα
1127 4682 1222 4738 διὰ
1270 4694 1370 4738 τῶν
1419 4685 1695 4758 εἰρημένων
1759 4706 1889 4761 παρ-

291 4779 509 4834 ἰστησιν
537 4777 650 4847 (37)
686 4796 699 4810 ο
730 4774 835 4848 οὐχ
865 4779 930 4836 ὡς
959 4775 1054 4828 οὐκ
1084 4779 1222 4836 ὄντος
1270 4773 1317 4828 ἐν
1347 4777 1639 4828 ὑποστάσει
1669 4780 1759 4828 καὶ
1800 4784 1891 4828 τοῦ

285 4873 630 4938 Μονογενοῦς,
658 4863 767 4916 ἀλλ’
797 4867 862 4926 ὡς
891 4865 949 4917 οὗ
1000 4861 1435 4939 παράδιχομένον
1466 4867 1733 4938 μεσότητά
1779 4885 1894 4918 τινα

285 4966 381 5017 τᾶς
412 4956 602 5008 ἑαυτοῦ
634 4958 758 5028 πρός
787 4957 874 5006 τόν
924 4959 1130 5030 Πατέρα
1185 4954 1406 5016 ἐνωσεως
1442 4975 1453 4987 ο
1489 4957 1622 5008 ὥστε
1681 4958 1767 5007 τόν
1821 4975 1892 5027 τῳ

284 5053 600 5119 χαρακτῆρι
631 5051 724 5098 τοῦ
754 5050 1068 5117 Μονογινοῦς
1100 5041 1193 5096 δ’ιά
1222 5053 1320 5096 τῶν
1357 5053 1451 5105 τῆς
1490 5043 1678 5116 ψυχῆς
1716 5043 1892 5117 ὀμμά-

355 5316 470 5386 (34)
502 5318 574 5367 Τὸ
609 5308 970 5374 ἀδιαστάτωςο
1025 5310 1196 5369 Coisl.
1229 5311 1458 5384 primus
1511 5315 1568 5364 τό
1620 5308 1895 5366 ἀδιασπά-

494 5464 568 5515 ψη
582 5476 657 5512 σι.
680 5459 780 5529 ita
809 5471 913 5512 sex
939 5473 1084 5529 mss.
1108 5471 1217 5529 pro
1248 5471 1318 5511 eo
1339 5455 1516 5529 quod
1535 5461 1663 5529 erat
1685 5455 1746 5511 in
1778 5455 1898 5511 edi-

287 5526 507 5602 ιὶεὲῖνη.
533 5527 738 5602 Paulo
769 5526 1128 5602 posteditid
1142 5526 1554 5598 Haganoensis
1609 5527 1668 5581 Ei
1694 5531 1795 5602 γὰρ
1824 5547 1894 5581 τι.

287 5599 426 5658 Μίιὲ
464 5601 546 5654 03
572 5604 678 5674 γὰρ
711 5599 790 5656 τόζ
825 5599 1098 5673 Quinque
1125 5616 1271 5663 mss.
1305 5604 1362 5658 et
1391 5601 1563 5670 Greg.
1611 5599 1778 5671 NyssL
1837 5602 1901 5655 ut

1995 4329 2137 4385 tidei
2188 4326 2465 4383 doctrina
2510 4325 2890 4380 inconfusam
2939 4342 3010 4381 ac
3065 4325 3387 4380 discretam
3431 4325 3648 4379 doceat

1996 4419 2406 4491 hypostasewn
2436 4414 3264 4479 differentiam,nihilominus
3298 4419 3497 4470 tamen
3517 4413 3648 4469 Uni-

1998 4507 2178 4579 geniti
2205 4507 2383 4562 etiam
2412 4522 2551 4561 cum
2579 4509 2742 4561 Patre
2766 4505 3189 4560 cohaerentiam
3212 4520 3280 4559 ac
3307 4504 3486 4560 veluti
3509 4520 3648 4559 eou-

1998 4597 2321 4655 cretionem
2353 4597 2446 4652 his
2479 4595 2677 4651 verbis
2707 4594 3008 4660 declarat;
3037 4610 3158 4649 non
3182 4594 3341 4665 quod
3364 4594 3424 4649 in
3454 4595 3647 4667 hypo-

1999 4687 2146 4744 stasi
2178 4702 2422 4759 quoque
2445 4701 2568 4742 non
2595 4686 2667 4740 sit
2693 4685 3066 4753 Unigenitus,
3100 4683 3205 4738 sed
3235 4685 3400 4756 quod
3435 4685 3494 4740 in
3537 4701 3649 4740 sua

1999 4794 2136 4833 cum
2159 4779 2326 4831 Patre
2375 4774 2798 4844 conjunctione
2847 4773 2994 4828 nihil
3030 4773 3303 4828 medium
3348 4773 3645 4842 admittat,

2000 4866 2153 4924 adeo
2180 4869 2244 4920 ut
2271 4863 2551 4937 quisquis
2581 4863 2765 4918 animi
2796 4862 2986 4917 oculis
3018 4863 3314 4933 Unigcniti
3344 4864 3649 4920 characte-

2002 4972 2127 5012 rem
2161 4954 2378 5009 intente
2406 4950 2747 5024 respexerit,
2772 4951 2971 5006 veniat
3010 4952 3189 5009 etiam
3218 4952 3278 5008 in
3308 4953 3650 5026 hypostasis

2004 5043 2185 5102 Patris
2216 5041 2708 5112 intelligentiam;
2743 5057 2863 5096 non
2899 5047 3095 5098 tamen
3128 5048 3362 5099 mutata
3392 5047 3492 5098 aut
3524 5059 3653 5116 per-

2004 5313 2064 5370 in
2095 5315 2394 5368 contextu.

2076 5388 2190 5453 (36)
2222 5386 2558 5456 ’.ὶσὺγχυτον
2588 5388 2676 5436 καὶ
2725 5380 3066 5456 διῃρημένην.
3109 5384 3198 5456 lta_
3232 5382 3460 5450 septem
3503 5395 3652 5438 mss.

2007 5462 2064 5512 et
2083 5448 2260 5525 'Nyss.
2290 5448 2586 5510 Ed'i'tiones
2619 5448 3140 5523 13ιιεί1ι’ὶ’ἀὲύγχντο;
3168 5448 3507 5525 διῃρημένην.

2081 5521 2188 5597 (37)
2233 5535 2583 5600 Παριστησιν.
2635 5530 2716 5600 ita.
2747 5542 2889 5581 mss.
2938 5521 3182 5593 septem.
3222 5521 3369 5577 Edtti
3401 5528 3656 5596 παρίστα-

2012 5619 2116 5652 σιν.
2146 5599 2321 5671 Νγεεέ
2348 5599 2732 5673 παρίστασθαι.
