  <div class='ocr_page' id='page_1' title='image "/cluster/home/n/w/nwhite01/storage/ocr_20150623/32/hvd.32044048207401/175.png"; bbox 0 0 4070 6194; ppageno 0'>
   <div class='ocr_carea' id='block_1_1' title="bbox 463 277 568 333">
    <p class='ocr_par' dir='ltr' id='par_1_1' title="bbox 463 277 568 333">
     <span class='ocr_line' id='line_1_1' title="bbox 463 277 568 333; baseline -0.01 0"><span class='ocrx_word' id='word_1_1' title='bbox 463 277 568 333; x_wconf 83' lang='lat'>339</span> 
     </span>
    </p>
   </div>
   <div class='ocr_carea' id='block_1_2' title="bbox 1833 258 2446 323">
    <p class='ocr_par' dir='ltr' id='par_1_2' title="bbox 1833 258 2446 323">
     <span class='ocr_line' id='line_1_2' title="bbox 1833 258 2446 323; baseline 0.016 -10"><span class='ocrx_word' id='word_1_2' title='bbox 1833 263 1892 323; x_wconf 83' lang='lat' dir='ltr'>S.</span> <span class='ocrx_word' id='word_1_3' title='bbox 1931 258 2188 317; x_wconf 84' lang='lat' dir='ltr'>BASILII</span> <span class='ocrx_word' id='word_1_4' title='bbox 2224 262 2446 322; x_wconf 74' lang='lat' dir='ltr'>MAGNI</span> 
     </span>
    </p>
   </div>
   <div class='ocr_carea' id='block_1_3' title="bbox 3723 275 3832 330">
    <p class='ocr_par' dir='ltr' id='par_1_3' title="bbox 3723 275 3832 330">
     <span class='ocr_line' id='line_1_3' title="bbox 3723 275 3832 330; baseline 0 0"><span class='ocrx_word' id='word_1_5' title='bbox 3723 275 3832 330; x_wconf 74' lang='grc'>340</span> 
     </span>
    </p>
   </div>
   <div class='ocr_carea' id='block_1_4' title="bbox 460 386 2120 472">
    <p class='ocr_par' dir='ltr' id='par_1_4' title="bbox 460 389 2108 472">
     <span class='ocr_line' id='line_1_4' title="bbox 460 389 2108 472; baseline -0.01 -16"><span class='ocrx_word' id='word_1_6' title='bbox 460 399 640 457; x_wconf 86' lang='lat' dir='ltr'>mista</span> <span class='ocrx_word' id='word_1_7' title='bbox 687 396 1071 471; x_wconf 84' lang='lat' dir='ltr'>proprietate,</span> <span class='ocrx_word' id='word_1_8' title='bbox 1129 414 1267 472; x_wconf 68' lang='lat' dir='ltr'>quas</span> <span class='ocrx_word' id='word_1_9' title='bbox 1335 396 1398 454; x_wconf 90' lang='lat' dir='ltr'>in</span> <span class='ocrx_word' id='word_1_10' title='bbox 1452 396 1605 471; x_wconf 85' lang='lat' dir='ltr'>ipsis</span> <span class='ocrx_word' id='word_1_11' title='bbox 1670 389 2108 451; x_wconf 85' lang='lat' dir='ltr'>consideratur,</span> 
     </span>
    </p>
   </div>
   <div class='ocr_carea' id='block_1_5' title="bbox 2237 386 3830 472">
    <p class='ocr_par' dir='ltr' id='par_1_5' title="bbox 2237 390 3830 469">
     <span class='ocr_line' id='line_1_5' title="bbox 2237 390 3830 469; baseline 0.006 -27"><span class='ocrx_word' id='word_1_12' title='bbox 2237 409 2324 442; x_wconf 73' lang='lat' dir='ltr'>raw</span> <span class='ocrx_word' id='word_1_13' title='bbox 2364 390 2720 446; x_wconf 85' lang='grc' dir='ltr'>ἐνατενίσαντα</span> <span class='ocrx_word' id='word_1_14' title='bbox 2751 398 2840 447; x_wconf 84' lang='grc' dir='ltr'>καὶ</span> <span class='ocrx_word' id='word_1_15' title='bbox 2887 401 2982 456; x_wconf 77' lang='grc' dir='ltr'>τῆς</span> <span class='ocrx_word' id='word_1_16' title='bbox 3010 401 3102 447; x_wconf 84' lang='grc' dir='ltr'>τοῦ</span> <span class='ocrx_word' id='word_1_17' title='bbox 3154 395 3270 467; x_wconf 88' lang='grc'>(38)</span> <span class='ocrx_word' id='word_1_18' title='bbox 3328 398 3530 469; x_wconf 80' lang='grc' dir='ltr'>Πατρός</span> <span class='ocrx_word' id='word_1_19' title='bbox 3583 397 3830 450; x_wconf 83' lang='grc' dir='ltr'>ὑποστά-</span> 
     </span>
    </p>
   </div>
   <div class='ocr_carea' id='block_1_6' title="bbox 460 477 2115 563">
    <p class='ocr_par' dir='ltr' id='par_1_6' title="bbox 460 477 2115 563">
     <span class='ocr_line' id='line_1_6' title="bbox 460 477 2115 563; baseline -0.011 -15"><span class='ocrx_word' id='word_1_20' title='bbox 460 488 637 563; x_wconf 90' lang='lat' dir='ltr'>quasi</span> <span class='ocrx_word' id='word_1_21' title='bbox 655 487 750 545; x_wconf 90' lang='lat' dir='ltr'>vel</span> <span class='ocrx_word' id='word_1_22' title='bbox 775 491 1004 545; x_wconf 88' lang='lat' dir='ltr'>Patrem</span> <span class='ocrx_word' id='word_1_23' title='bbox 1045 489 1331 559; x_wconf 86' lang='lat' dir='ltr'>genitum,</span> <span class='ocrx_word' id='word_1_24' title='bbox 1377 487 1473 544; x_wconf 90' lang='lat' dir='ltr'>vel</span> <span class='ocrx_word' id='word_1_25' title='bbox 1520 485 1733 542; x_wconf 86' lang='lat' dir='ltr'>Filium</span> <span class='ocrx_word' id='word_1_26' title='bbox 1778 477 2115 550; x_wconf 89' lang='lat' dir='ltr'>ingenitum</span> 
     </span>
    </p>
   </div>
   <div class='ocr_carea' id='block_1_7' title="bbox 459 566 2114 650">
    <p class='ocr_par' dir='ltr' id='par_1_7' title="bbox 459 566 2114 650">
     <span class='ocr_line' id='line_1_7' title="bbox 459 566 2114 650; baseline -0.008 -14"><span class='ocrx_word' id='word_1_27' title='bbox 459 579 663 636; x_wconf 90' lang='lat' dir='ltr'>animo</span> <span class='ocrx_word' id='word_1_28' title='bbox 694 578 1021 649; x_wconf 83' lang='lat' dir='ltr'>tingamus,</span> <span class='ocrx_word' id='word_1_29' title='bbox 1050 577 1156 633; x_wconf 88' lang='lat' dir='ltr'>sed</span> <span class='ocrx_word' id='word_1_30' title='bbox 1185 576 1350 650; x_wconf 90' lang='lat' dir='ltr'>quod</span> <span class='ocrx_word' id='word_1_31' title='bbox 1377 576 1505 632; x_wconf 86' lang='lat' dir='ltr'>ﬁeri</span> <span class='ocrx_word' id='word_1_32' title='bbox 1530 591 1654 632; x_wconf 92' lang='lat' dir='ltr'>non</span> <span class='ocrx_word' id='word_1_33' title='bbox 1691 576 1905 646; x_wconf 84' lang='lat' dir='ltr'>potest,</span> <span class='ocrx_word' id='word_1_34' title='bbox 1953 573 2018 625; x_wconf 91' lang='lat' dir='ltr'>ut</span> <span class='ocrx_word' id='word_1_35' title='bbox 2066 566 2114 622; x_wconf 90' lang='lat' dir='ltr'>si</span> 
     </span>
    </p>
   </div>
   <div class='ocr_carea' id='block_1_8' title="bbox 459 659 2115 737">
    <p class='ocr_par' dir='ltr' id='par_1_8' title="bbox 459 659 2115 737">
     <span class='ocr_line' id='line_1_8' title="bbox 459 659 2115 737; baseline -0.008 -12"><span class='ocrx_word' id='word_1_36' title='bbox 459 667 606 724; x_wconf 83' lang='lat' dir='ltr'>alter</span> <span class='ocrx_word' id='word_1_37' title='bbox 631 667 710 724; x_wconf 91' lang='lat' dir='ltr'>ab</span> <span class='ocrx_word' id='word_1_38' title='bbox 739 667 923 724; x_wconf 89' lang='lat' dir='ltr'>altero</span> <span class='ocrx_word' id='word_1_39' title='bbox 952 666 1063 737; x_wconf 89' lang='lat' dir='ltr'>disj</span> <span class='ocrx_word' id='word_1_40' title='bbox 1075 671 1350 737; x_wconf 89' lang='lat' dir='ltr'>ungatur,</span> <span class='ocrx_word' id='word_1_41' title='bbox 1369 667 1499 737; x_wconf 90' lang='lat' dir='ltr'>jam</span> <span class='ocrx_word' id='word_1_42' title='bbox 1522 667 1584 721; x_wconf 90' lang='lat' dir='ltr'>in</span> <span class='ocrx_word' id='word_1_43' title='bbox 1614 662 1783 736; x_wconf 91' lang='lat' dir='ltr'>quod</span> <span class='ocrx_word' id='word_1_44' title='bbox 1813 659 2115 731; x_wconf 89' lang='lat' dir='ltr'>reliquum</span> 
     </span>
    </p>
   </div>
   <div class='ocr_carea' id='block_1_9' title="bbox 459 749 2112 829">
    <p class='ocr_par' dir='ltr' id='par_1_9' title="bbox 459 749 2112 829">
     <span class='ocr_line' id='line_1_9' title="bbox 459 749 2112 829; baseline -0.006 -16"><span class='ocrx_word' id='word_1_45' title='bbox 459 757 654 826; x_wconf 86' lang='lat' dir='ltr'>fuerit,</span> <span class='ocrx_word' id='word_1_46' title='bbox 687 772 793 829; x_wconf 89' lang='lat' dir='ltr'>per</span> <span class='ocrx_word' id='word_1_47' title='bbox 819 771 881 810; x_wconf 91' lang='lat' dir='ltr'>se</span> <span class='ocrx_word' id='word_1_48' title='bbox 909 754 1107 810; x_wconf 90' lang='lat' dir='ltr'>solum</span> <span class='ocrx_word' id='word_1_49' title='bbox 1135 753 1568 824; x_wconf 80' lang='lat' dir='ltr'>intelligamus.</span> <span class='ocrx_word' id='word_1_50' title='bbox 1620 755 1769 808; x_wconf 87' lang='lat' dir='ltr'>Nam</span> <span class='ocrx_word' id='word_1_51' title='bbox 1821 749 1949 805; x_wconf 83' lang='lat' dir='ltr'>ﬁeri</span> <span class='ocrx_word' id='word_1_52' title='bbox 1989 764 2112 805; x_wconf 90' lang='lat' dir='ltr'>non</span> 
     </span>
    </p>
   </div>
   <div class='ocr_carea' id='block_1_10' title="bbox 459 838 2118 920">
    <p class='ocr_par' dir='ltr' id='par_1_10' title="bbox 459 838 2118 920">
     <span class='ocr_line' id='line_1_10' title="bbox 459 838 2118 920; baseline -0.005 -18"><span class='ocrx_word' id='word_1_53' title='bbox 459 850 678 920; x_wconf 81' lang='lat' dir='ltr'>potest,</span> <span class='ocrx_word' id='word_1_54' title='bbox 705 850 769 901; x_wconf 89' lang='lat' dir='ltr'>ut</span> <span class='ocrx_word' id='word_1_55' title='bbox 793 844 948 916; x_wconf 87' lang='lat' dir='ltr'>quis,</span> <span class='ocrx_word' id='word_1_56' title='bbox 979 844 1118 899; x_wconf 89' lang='lat' dir='ltr'>Filio</span> <span class='ocrx_word' id='word_1_57' title='bbox 1147 844 1484 911; x_wconf 91' lang='lat' dir='ltr'>nominato,</span> <span class='ocrx_word' id='word_1_58' title='bbox 1517 842 1696 898; x_wconf 89' lang='lat' dir='ltr'>etiam</span> <span class='ocrx_word' id='word_1_59' title='bbox 1731 855 1854 895; x_wconf 90' lang='lat' dir='ltr'>non</span> <span class='ocrx_word' id='word_1_60' title='bbox 1898 838 2118 908; x_wconf 81' lang='lat' dir='ltr'>cogitet</span> 
     </span>
    </p>
   </div>
   <div class='ocr_carea' id='block_1_11' title="bbox 461 929 2119 1005">
    <p class='ocr_par' dir='ltr' id='par_1_11' title="bbox 461 929 2119 1005">
     <span class='ocr_line' id='line_1_11' title="bbox 461 929 2119 1005; baseline -0.004 -15"><span class='ocrx_word' id='word_1_61' title='bbox 461 935 537 991; x_wconf 93' lang='lat' dir='ltr'>de</span> <span class='ocrx_word' id='word_1_62' title='bbox 567 936 752 1001; x_wconf 82' lang='lat' dir='ltr'>Patre,</span> <span class='ocrx_word' id='word_1_63' title='bbox 784 950 924 990; x_wconf 91' lang='lat' dir='ltr'>cum</span> <span class='ocrx_word' id='word_1_64' title='bbox 954 932 1280 1005; x_wconf 84' lang='lat' dir='ltr'>appellatio</span> <span class='ocrx_word' id='word_1_65' title='bbox 1311 932 1439 988; x_wconf 70' lang='lat' dir='ltr'>haec</span> <span class='ocrx_word' id='word_1_66' title='bbox 1471 947 1577 1005; x_wconf 89' lang='lat' dir='ltr'>per</span> <span class='ocrx_word' id='word_1_67' title='bbox 1605 929 1957 987; x_wconf 84' lang='lat' dir='ltr'>relationem</span> <span class='ocrx_word' id='word_1_68' title='bbox 2011 929 2119 984; x_wconf 87' lang='lat' dir='ltr'>Pa-</span> 
     </span>
    </p>
   </div>
   <div class='ocr_carea' id='block_1_12' title="bbox 460 1021 1358 1096">
    <p class='ocr_par' dir='ltr' id='par_1_12' title="bbox 460 1021 1358 1096">
     <span class='ocr_line' id='line_1_12' title="bbox 460 1021 1358 1096; baseline -0.002 -16"><span class='ocrx_word' id='word_1_69' title='bbox 460 1027 612 1080; x_wconf 86' lang='lat' dir='ltr'>trem</span> <span class='ocrx_word' id='word_1_70' title='bbox 635 1037 880 1096; x_wconf 89' lang='lat' dir='ltr'>quoque</span> <span class='ocrx_word' id='word_1_71' title='bbox 910 1021 1089 1078; x_wconf 92' lang='lat' dir='ltr'>simul</span> <span class='ocrx_word' id='word_1_72' title='bbox 1117 1021 1358 1078; x_wconf 86' lang='lat' dir='ltr'>indicet.</span> 
     </span>
    </p>
   </div>
   <div class='ocr_carea' id='block_1_13' title="bbox 535 1285 2122 1360">
    <p class='ocr_par' dir='ltr' id='par_1_13' title="bbox 535 1285 2122 1360">
     <span class='ocr_line' id='line_1_13' title="bbox 535 1285 2122 1360; baseline -0.003 -14"><span class='ocrx_word' id='word_1_73' title='bbox 535 1296 588 1346; x_wconf 91' lang='lat'>8.</span> <span class='ocrx_word' id='word_1_74' title='bbox 621 1288 919 1356; x_wconf 87' lang='lat' dir='ltr'>Quoniam</span> <span class='ocrx_word' id='word_1_75' title='bbox 943 1287 1124 1358; x_wconf 81' lang='lat' dir='ltr'>igitur</span> <span class='ocrx_word' id='word_1_76' title='bbox 1152 1286 1258 1360; x_wconf 89' lang='lat' dir='ltr'>qui</span> <span class='ocrx_word' id='word_1_77' title='bbox 1287 1285 1499 1344; x_wconf 87' lang='lat' dir='ltr'>Filium</span> <span class='ocrx_word' id='word_1_78' title='bbox 1527 1285 1710 1357; x_wconf 85' lang='lat' dir='ltr'>videt,</span> <span class='ocrx_word' id='word_1_79' title='bbox 1743 1285 1906 1342; x_wconf 86' lang='lat' dir='ltr'>videt</span> <span class='ocrx_word' id='word_1_80' title='bbox 1934 1289 1991 1342; x_wconf 92' lang='lat' dir='ltr'>et</span> <span class='ocrx_word' id='word_1_81' title='bbox 2017 1287 2122 1341; x_wconf 87' lang='lat' dir='ltr'>Pa-</span> 
     </span>
    </p>
   </div>
   <div class='ocr_carea' id='block_1_14' title="bbox 466 1376 2122 1449">
    <p class='ocr_par' dir='ltr' id='par_1_14' title="bbox 466 1376 2122 1449">
     <span class='ocr_line' id='line_1_14' title="bbox 466 1376 2122 1449; baseline -0.004 -12"><span class='ocrx_word' id='word_1_82' title='bbox 466 1385 635 1449; x_wconf 88' lang='lat' dir='ltr'>trem,</span> <span class='ocrx_word' id='word_1_83' title='bbox 675 1382 740 1435; x_wconf 89' lang='lat' dir='ltr'>ut</span> <span class='ocrx_word' id='word_1_84' title='bbox 769 1378 849 1435; x_wconf 91' lang='lat' dir='ltr'>ait</span> <span class='ocrx_word' id='word_1_85' title='bbox 877 1378 939 1434; x_wconf 93' lang='lat' dir='ltr'>in</span> <span class='ocrx_word' id='word_1_86' title='bbox 980 1377 1300 1448; x_wconf 83' lang='lat' dir='ltr'>Evangelia</span> <span class='ocrx_word' id='word_1_87' title='bbox 1353 1376 1644 1433; x_wconf 89' lang='lat' dir='ltr'>Dominus</span> <span class='ocrx_word' id='word_1_88' title='bbox 1677 1378 1747 1446; x_wconf 72' lang='grc'>³³,</span> <span class='ocrx_word' id='word_1_89' title='bbox 1804 1381 2122 1449; x_wconf 85' lang='lat' dir='ltr'>propterea</span> 
     </span>
    </p>
   </div>
   <div class='ocr_carea' id='block_1_15' title="bbox 465 1466 2122 1540">
    <p class='ocr_par' dir='ltr' id='par_1_15' title="bbox 465 1466 2122 1540">
     <span class='ocr_line' id='line_1_15' title="bbox 465 1466 2122 1540; baseline -0.002 -14"><span class='ocrx_word' id='word_1_90' title='bbox 465 1469 848 1540; x_wconf 90' lang='lat' dir='ltr'>Unigenitum</span> <span class='ocrx_word' id='word_1_91' title='bbox 896 1466 1246 1540; x_wconf 87' lang='lat' dir='ltr'>hypostasis</span> <span class='ocrx_word' id='word_1_92' title='bbox 1295 1466 1481 1524; x_wconf 84' lang='lat' dir='ltr'>Patris</span> <span class='ocrx_word' id='word_1_93' title='bbox 1531 1467 1940 1523; x_wconf 86' lang='lat' dir='ltr'>characterem</span> <span class='ocrx_word' id='word_1_94' title='bbox 1988 1480 2122 1522; x_wconf 90' lang='lat' dir='ltr'>esse</span> 
     </span>
    </p>
   </div>
   <div class='ocr_carea' id='block_1_16' title="bbox 463 1554 2122 1630">
    <p class='ocr_par' dir='ltr' id='par_1_16' title="bbox 463 1554 2122 1630">
     <span class='ocr_line' id='line_1_16' title="bbox 463 1554 2122 1630; baseline -0.002 -17"><span class='ocrx_word' id='word_1_95' title='bbox 463 1556 834 1630; x_wconf 86' lang='lat' dir='ltr'>pronuntiat.</span> <span class='ocrx_word' id='word_1_96' title='bbox 880 1557 946 1612; x_wconf 89' lang='lat' dir='ltr'>Et</span> <span class='ocrx_word' id='word_1_97' title='bbox 965 1571 1088 1628; x_wconf 88' lang='lat' dir='ltr'>quo</span> <span class='ocrx_word' id='word_1_98' title='bbox 1118 1555 1315 1625; x_wconf 89' lang='lat' dir='ltr'>magis</span> <span class='ocrx_word' id='word_1_99' title='bbox 1341 1559 1658 1628; x_wconf 87' lang='lat' dir='ltr'>perspecta</span> <span class='ocrx_word' id='word_1_100' title='bbox 1685 1555 1789 1611; x_wconf 87' lang='lat' dir='ltr'>ﬁat</span> <span class='ocrx_word' id='word_1_101' title='bbox 1816 1554 1947 1610; x_wconf 81' lang='lat' dir='ltr'>haec</span> <span class='ocrx_word' id='word_1_102' title='bbox 1994 1569 2122 1610; x_wconf 85' lang='lat' dir='ltr'>sen-</span> 
     </span>
    </p>
   </div>
   <div class='ocr_carea' id='block_1_17' title="bbox 463 1643 2123 1716">
    <p class='ocr_par' dir='ltr' id='par_1_17' title="bbox 463 1643 2123 1716">
     <span class='ocr_line' id='line_1_17' title="bbox 463 1643 2123 1716; baseline -0.001 -15"><span class='ocrx_word' id='word_1_103' title='bbox 463 1645 666 1708; x_wconf 89' lang='lat' dir='ltr'>tentia,</span> <span class='ocrx_word' id='word_1_104' title='bbox 698 1649 754 1700; x_wconf 89' lang='lat' dir='ltr'>et</span> <span class='ocrx_word' id='word_1_105' title='bbox 780 1644 930 1701; x_wconf 88' lang='lat' dir='ltr'>alias</span> <span class='ocrx_word' id='word_1_106' title='bbox 971 1643 1246 1716; x_wconf 86' lang='lat' dir='ltr'>Apostoli</span> <span class='ocrx_word' id='word_1_107' title='bbox 1274 1659 1453 1701; x_wconf 90' lang='lat' dir='ltr'>voces</span> <span class='ocrx_word' id='word_1_108' title='bbox 1493 1643 1869 1714; x_wconf 85' lang='lat' dir='ltr'>adjiciemus,</span> <span class='ocrx_word' id='word_1_109' title='bbox 1905 1644 1964 1700; x_wconf 92' lang='lat' dir='ltr'>in</span> <span class='ocrx_word' id='word_1_110' title='bbox 1995 1643 2123 1716; x_wconf 89' lang='lat' dir='ltr'>qui-</span> 
     </span>
    </p>
   </div>
   <div class='ocr_carea' id='block_1_18' title="bbox 2228 480 3820 558">
    <p class='ocr_par' dir='ltr' id='par_1_18' title="bbox 2228 480 3820 558">
     <span class='ocr_line' id='line_1_18' title="bbox 2228 480 3820 558; baseline 0.003 -26"><span class='ocrx_word' id='word_1_111' title='bbox 2228 499 2354 542; x_wconf 87' lang='grc' dir='ltr'>σεως</span> <span class='ocrx_word' id='word_1_112' title='bbox 2420 480 2467 532; x_wconf 75' lang='grc' dir='ltr'>ὲν</span> <span class='ocrx_word' id='word_1_113' title='bbox 2541 488 2776 556; x_wconf 78' lang='grc' dir='ltr'>περινοίᾳ</span> <span class='ocrx_word' id='word_1_114' title='bbox 2837 486 3100 555; x_wconf 72' lang='grc' dir='ltr'>γενέσθαι,</span> <span class='ocrx_word' id='word_1_115' title='bbox 3169 484 3262 536; x_wconf 70' lang='grc' dir='ltr'>οὐκ</span> <span class='ocrx_word' id='word_1_116' title='bbox 3337 483 3820 558; x_wconf 74' lang='grc' dir='ltr'>ἐπαλλασσομένης,</span> 
     </span>
    </p>
   </div>
   <div class='ocr_carea' id='block_1_19' title="bbox 2225 565 3830 649">
    <p class='ocr_par' dir='ltr' id='par_1_19' title="bbox 2225 565 3830 649">
     <span class='ocr_line' id='line_1_19' title="bbox 2225 565 3830 649; baseline 0.005 -29"><span class='ocrx_word' id='word_1_117' title='bbox 2225 565 2348 621; x_wconf 69' lang='grc' dir='ltr'>οὐδὲ</span> <span class='ocrx_word' id='word_1_118' title='bbox 2416 577 2930 646; x_wconf 75' lang='grc' dir='ltr'>συναναμιγνυμένης</span> <span class='ocrx_word' id='word_1_119' title='bbox 2994 580 3087 635; x_wconf 85' lang='grc' dir='ltr'>τῆς</span> <span class='ocrx_word' id='word_1_120' title='bbox 3155 571 3591 649; x_wconf 77' lang='grc' dir='ltr'>ἓπιθεωρουμένης</span> <span class='ocrx_word' id='word_1_121' title='bbox 3646 575 3830 636; x_wconf 69' lang='grc' dir='ltr'>αὐτοῖς</span> 
     </span>
    </p>
   </div>
   <div class='ocr_carea' id='block_1_20' title="bbox 2228 653 3827 738">
    <p class='ocr_par' dir='ltr' id='par_1_20' title="bbox 2228 653 3827 738">
     <span class='ocr_line' id='line_1_20' title="bbox 2228 653 3827 738; baseline 0.006 -30"><span class='ocrx_word' id='word_1_122' title='bbox 2228 653 2514 728; x_wconf 75' lang='grc' dir='ltr'>ἰδιότητος,</span> <span class='ocrx_word' id='word_1_123' title='bbox 2547 663 2668 722; x_wconf 76' lang='grc' dir='ltr'>ὡςῆ</span> <span class='ocrx_word' id='word_1_124' title='bbox 2716 670 2788 733; x_wconf 86' lang='grc' dir='ltr'>τῷ</span> <span class='ocrx_word' id='word_1_125' title='bbox 2842 666 3011 738; x_wconf 80' lang='grc' dir='ltr'>Πατρὶ</span> <span class='ocrx_word' id='word_1_126' title='bbox 3059 667 3153 722; x_wconf 74' lang='grc' dir='ltr'>τὴν</span> <span class='ocrx_word' id='word_1_127' title='bbox 3191 667 3453 736; x_wconf 72' lang='grc' dir='ltr'>γέννησιν,</span> <span class='ocrx_word' id='word_1_128' title='bbox 3507 665 3536 723; x_wconf 76' lang='grc' dir='ltr'>ἦ</span> <span class='ocrx_word' id='word_1_129' title='bbox 3595 673 3668 735; x_wconf 84' lang='grc' dir='ltr'>τῷ</span> <span class='ocrx_word' id='word_1_130' title='bbox 3717 667 3827 736; x_wconf 77' lang='grc' dir='ltr'>Υὶῷ</span> 
     </span>
    </p>
   </div>
   <div class='ocr_carea' id='block_1_21' title="bbox 2225 746 3828 826">
    <p class='ocr_par' dir='ltr' id='par_1_21' title="bbox 2225 746 3828 826">
     <span class='ocr_line' id='line_1_21' title="bbox 2225 746 3828 826; baseline 0.006 -29"><span class='ocrx_word' id='word_1_131' title='bbox 2225 751 2319 804; x_wconf 79' lang='grc' dir='ltr'>τὴν</span> <span class='ocrx_word' id='word_1_132' title='bbox 2351 746 2659 820; x_wconf 76' lang='grc' dir='ltr'>ἀγεννησίαν</span> <span class='ocrx_word' id='word_1_133' title='bbox 2707 749 3077 825; x_wconf 79' lang='grc' dir='ltr'>ἐπιμορφάζειν</span> <span class='ocrx_word' id='word_1_134' title='bbox 3113 773 3125 785; x_wconf 89' lang='grc'><strong>·</strong></span> <span class='ocrx_word' id='word_1_135' title='bbox 3173 750 3279 804; x_wconf 80' lang='grc' dir='ltr'>ἀλλ’</span> <span class='ocrx_word' id='word_1_136' title='bbox 3331 755 3401 814; x_wconf 84' lang='grc' dir='ltr'>ὡς</span> <span class='ocrx_word' id='word_1_137' title='bbox 3455 753 3551 805; x_wconf 79' lang='grc' dir='ltr'>οὐκ</span> <span class='ocrx_word' id='word_1_138' title='bbox 3609 750 3828 826; x_wconf 78' lang='grc' dir='ltr'>ἐνδεχό-</span> 
     </span>
    </p>
   </div>
   <div class='ocr_carea' id='block_1_22' title="bbox 2225 837 3831 915">
    <p class='ocr_par' dir='ltr' id='par_1_22' title="bbox 2225 837 3831 915">
     <span class='ocr_line' id='line_1_22' title="bbox 2225 837 3831 915; baseline 0.004 -27"><span class='ocrx_word' id='word_1_139' title='bbox 2225 855 2372 908; x_wconf 82' lang='grc' dir='ltr'>μενον</span> <span class='ocrx_word' id='word_1_140' title='bbox 2410 842 2468 890; x_wconf 91' lang='lat'>1&#39;6</span> <span class='ocrx_word' id='word_1_141' title='bbox 2530 840 2698 914; x_wconf 78' lang='grc' dir='ltr'>ἕτερον</span> <span class='ocrx_word' id='word_1_142' title='bbox 2744 848 2836 892; x_wconf 78' lang='grc' dir='ltr'>τοῦ</span> <span class='ocrx_word' id='word_1_143' title='bbox 2884 840 3054 915; x_wconf 86' lang='grc' dir='ltr'>ἐτέρου</span> <span class='ocrx_word' id='word_1_144' title='bbox 3123 837 3500 904; x_wconf 78' lang='grc' dir='ltr'>διαζεύξαντας</span> <span class='ocrx_word' id='word_1_145' title='bbox 3557 841 3687 911; x_wconf 84' lang='grc'>(39),</span> <span class='ocrx_word' id='word_1_146' title='bbox 3748 841 3831 914; x_wconf 74' lang='grc' dir='ltr'>ἐφ’</span> 
     </span>
    </p>
   </div>
   <div class='ocr_carea' id='block_1_23' title="bbox 2227 925 3834 1004">
    <p class='ocr_par' dir='ltr' id='par_1_23' title="bbox 2227 925 3834 1004">
     <span class='ocr_line' id='line_1_23' title="bbox 2227 925 3834 1004; baseline 0.003 -26"><span class='ocrx_word' id='word_1_147' title='bbox 2227 925 2413 979; x_wconf 80' lang='grc' dir='ltr'>ἑαυτοῦ</span> <span class='ocrx_word' id='word_1_148' title='bbox 2441 933 2599 1000; x_wconf 81' lang='grc' dir='ltr'>μόνου</span> <span class='ocrx_word' id='word_1_149' title='bbox 2625 929 2932 983; x_wconf 78' lang='grc' dir='ltr'>καταλαϐεῖν</span> <span class='ocrx_word' id='word_1_150' title='bbox 2956 935 3015 983; x_wconf 87' lang='grc' dir='ltr'>τό</span> <span class='ocrx_word' id='word_1_151' title='bbox 3043 930 3357 1004; x_wconf 82' lang='grc' dir='ltr'>λειπόμενον.</span> <span class='ocrx_word' id='word_1_152' title='bbox 3392 927 3533 984; x_wconf 71' lang='grc' dir='ltr'>Οὐδὲ</span> <span class='ocrx_word' id='word_1_153' title='bbox 3563 932 3664 1003; x_wconf 73' lang='grc' dir='ltr'>γάρ</span> <span class='ocrx_word' id='word_1_154' title='bbox 3711 930 3834 984; x_wconf 71' lang='grc' dir='ltr'>ἐστι</span> 
     </span>
    </p>
   </div>
   <div class='ocr_carea' id='block_1_24' title="bbox 2229 1012 3836 1096">
    <p class='ocr_par' dir='ltr' id='par_1_24' title="bbox 2229 1012 3836 1096">
     <span class='ocr_line' id='line_1_24' title="bbox 2229 1012 3836 1096; baseline 0.004 -28"><span class='ocrx_word' id='word_1_155' title='bbox 2229 1012 2469 1084; x_wconf 83' lang='grc' dir='ltr'>δυνατόν,</span> <span class='ocrx_word' id='word_1_156' title='bbox 2501 1020 2620 1072; x_wconf 89' lang='grc' dir='ltr'>Υἰόν</span> <span class='ocrx_word' id='word_1_157' title='bbox 2650 1019 2999 1093; x_wconf 80' lang='grc' dir='ltr'>ὀνομάσαντα,</span> <span class='ocrx_word' id='word_1_158' title='bbox 3031 1026 3101 1094; x_wconf 75' lang='grc' dir='ltr'>μὴ</span> <span class='ocrx_word' id='word_1_159' title='bbox 3135 1027 3224 1073; x_wconf 86' lang='grc' dir='ltr'>καὶ</span> <span class='ocrx_word' id='word_1_160' title='bbox 3255 1024 3459 1096; x_wconf 78' lang='grc' dir='ltr'>Πατρός</span> <span class='ocrx_word' id='word_1_161' title='bbox 3489 1019 3537 1073; x_wconf 81' lang='grc' dir='ltr'>ἐν</span> <span class='ocrx_word' id='word_1_162' title='bbox 3591 1027 3836 1096; x_wconf 75' lang='grc' dir='ltr'>περινοίᾳ</span> 
     </span>
    </p>
   </div>
   <div class='ocr_carea' id='block_1_25' title="bbox 2227 1109 3832 1187">
    <p class='ocr_par' dir='ltr' id='par_1_25' title="bbox 2227 1109 3832 1187">
     <span class='ocr_line' id='line_1_25' title="bbox 2227 1109 3832 1187; baseline 0.004 -29"><span class='ocrx_word' id='word_1_163' title='bbox 2227 1109 2488 1178; x_wconf 76' lang='grc' dir='ltr'>γενέσθαι,</span> <span class='ocrx_word' id='word_1_164' title='bbox 2534 1119 2788 1181; x_wconf 83' lang='grc' dir='ltr'>σχετικῶς</span> <span class='ocrx_word' id='word_1_165' title='bbox 2829 1119 2921 1171; x_wconf 84' lang='grc' dir='ltr'>τῆς</span> <span class='ocrx_word' id='word_1_166' title='bbox 2965 1114 3322 1187; x_wconf 73' lang='grc' dir='ltr'>προσηγορίας</span> <span class='ocrx_word' id='word_1_167' title='bbox 3350 1113 3542 1171; x_wconf 83' lang='grc' dir='ltr'><strong>ταύτης</strong></span> <span class='ocrx_word' id='word_1_168' title='bbox 3597 1115 3688 1164; x_wconf 86' lang='grc' dir='ltr'>καὶ</span> <span class='ocrx_word' id='word_1_169' title='bbox 3741 1116 3832 1164; x_wconf 87' lang='grc' dir='ltr'>τόν</span> 
     </span>
    </p>
   </div>
   <div class='ocr_carea' id='block_1_26' title="bbox 2229 1199 2936 1272">
    <p class='ocr_par' dir='ltr' id='par_1_26' title="bbox 2229 1199 2936 1272">
     <span class='ocr_line' id='line_1_26' title="bbox 2229 1199 2936 1272; baseline 0.013 -25"><span class='ocrx_word' id='word_1_170' title='bbox 2229 1199 2438 1269; x_wconf 81' lang='grc' dir='ltr'><strong>Πατέρα</strong></span> <span class='ocrx_word' id='word_1_171' title='bbox 2469 1202 2936 1272; x_wconf 75' lang='grc' dir='ltr'>συνεμφαινούσης·</span> 
     </span>
    </p>
   </div>
   <div class='ocr_carea' id='block_1_27' title="bbox 2301 1285 3836 1365">
    <p class='ocr_par' dir='ltr' id='par_1_27' title="bbox 2301 1285 3836 1365">
     <span class='ocr_line' id='line_1_27' title="bbox 2301 1285 3836 1365; baseline 0.002 -25"><span class='ocrx_word' id='word_1_172' title='bbox 2301 1289 2358 1341; x_wconf 91' lang='grc'>8.</span> <span class='ocrx_word' id='word_1_173' title='bbox 2400 1285 2613 1347; x_wconf 82' lang='grc' dir='ltr'>Ἐπειδὴ</span> <span class='ocrx_word' id='word_1_174' title='bbox 2645 1294 2817 1341; x_wconf 85' lang='grc' dir='ltr'>τοίνυν</span> <span class='ocrx_word' id='word_1_175' title='bbox 2848 1291 2874 1341; x_wconf 97' lang='lat'>6</span> <span class='ocrx_word' id='word_1_176' title='bbox 2901 1289 3136 1363; x_wconf 85' lang='grc' dir='ltr'>ἑωρακὼς</span> <span class='ocrx_word' id='word_1_177' title='bbox 3163 1293 3249 1342; x_wconf 89' lang='grc' dir='ltr'>τὸν</span> <span class='ocrx_word' id='word_1_178' title='bbox 3287 1291 3407 1343; x_wconf 82' lang='grc' dir='ltr'>Υἰόν</span> <span class='ocrx_word' id='word_1_179' title='bbox 3455 1291 3551 1365; x_wconf 79' lang='grc' dir='ltr'>ὁρᾷ</span> <span class='ocrx_word' id='word_1_180' title='bbox 3586 1292 3672 1342; x_wconf 88' lang='grc' dir='ltr'>τόν</span> <span class='ocrx_word' id='word_1_181' title='bbox 3719 1297 3836 1343; x_wconf 81' lang='grc' dir='ltr'>Πα-</span> 
     </span>
    </p>
   </div>
   <div class='ocr_carea' id='block_1_28' title="bbox 2230 1375 3840 1453">
    <p class='ocr_par' dir='ltr' id='par_1_28' title="bbox 2230 1375 3840 1453">
     <span class='ocr_line' id='line_1_28' title="bbox 2230 1375 3840 1453; baseline 0.004 -27"><span class='ocrx_word' id='word_1_182' title='bbox 2230 1377 2370 1450; x_wconf 83' lang='grc' dir='ltr'>τέρα,</span> <span class='ocrx_word' id='word_1_183' title='bbox 2435 1379 2606 1438; x_wconf 85' lang='grc' dir='ltr'>καθώς</span> <span class='ocrx_word' id='word_1_184' title='bbox 2662 1398 2818 1450; x_wconf 69' lang='grc' dir='ltr'>φησιν</span> <span class='ocrx_word' id='word_1_185' title='bbox 2889 1378 2937 1430; x_wconf 73' lang='grc' dir='ltr'>ἓν</span> <span class='ocrx_word' id='word_1_186' title='bbox 2995 1379 3327 1451; x_wconf 71' lang='grc' dir='ltr'>Εὐαγγελίοις</span> <span class='ocrx_word' id='word_1_187' title='bbox 3391 1381 3418 1431; x_wconf 90' lang='lat'>6</span> <span class='ocrx_word' id='word_1_188' title='bbox 3469 1381 3675 1453; x_wconf 79' lang='grc' dir='ltr'>Κύριος,</span> <span class='ocrx_word' id='word_1_189' title='bbox 3734 1375 3840 1432; x_wconf 79' lang='grc' dir='ltr'>διὰ</span> 
     </span>
    </p>
   </div>
   <div class='ocr_carea' id='block_1_29' title="bbox 2231 1467 3836 1542">
    <p class='ocr_par' dir='ltr' id='par_1_29' title="bbox 2231 1467 3836 1542">
     <span class='ocr_line' id='line_1_29' title="bbox 2231 1467 3836 1542; baseline 0.002 -25"><span class='ocrx_word' id='word_1_190' title='bbox 2231 1473 2379 1518; x_wconf 84' lang='grc' dir='ltr'>τοῦτο</span> <span class='ocrx_word' id='word_1_191' title='bbox 2409 1471 2732 1542; x_wconf 74' lang='grc' dir='ltr'>χαρακτῆρα</span> <span class='ocrx_word' id='word_1_192' title='bbox 2763 1487 2920 1540; x_wconf 79' lang='grc' dir='ltr'>φησιν</span> <span class='ocrx_word' id='word_1_193' title='bbox 2980 1467 3108 1521; x_wconf 88' lang='grc' dir='ltr'>εἰναι</span> <span class='ocrx_word' id='word_1_194' title='bbox 3159 1472 3246 1521; x_wconf 88' lang='grc' dir='ltr'>τόν</span> <span class='ocrx_word' id='word_1_195' title='bbox 3293 1476 3551 1540; x_wconf 77' lang='grc' dir='ltr'>Μονογενῆ</span> <span class='ocrx_word' id='word_1_196' title='bbox 3586 1477 3676 1529; x_wconf 81' lang='grc' dir='ltr'>τῆς</span> <span class='ocrx_word' id='word_1_197' title='bbox 3731 1476 3836 1521; x_wconf 80' lang='grc' dir='ltr'>τοῦ</span> 
     </span>
    </p>
   </div>
   <div class='ocr_carea' id='block_1_30' title="bbox 2234 1558 3833 1631">
    <p class='ocr_par' dir='ltr' id='par_1_30' title="bbox 2234 1558 3833 1631">
     <span class='ocr_line' id='line_1_30' title="bbox 2234 1558 3833 1631; baseline 0.005 -25"><span class='ocrx_word' id='word_1_198' title='bbox 2234 1559 2439 1631; x_wconf 82' lang='grc' dir='ltr'><strong>Πατρός</strong></span> <span class='ocrx_word' id='word_1_199' title='bbox 2466 1558 2824 1620; x_wconf 78' lang='grc' dir='ltr'>ὑποστάσεως.</span> <span class='ocrx_word' id='word_1_200' title='bbox 2882 1563 2983 1611; x_wconf 84' lang='grc' dir='ltr'>Καὶ</span> <span class='ocrx_word' id='word_1_201' title='bbox 3031 1561 3099 1619; x_wconf 84' lang='grc' dir='ltr'>ὡς</span> <span class='ocrx_word' id='word_1_202' title='bbox 3149 1558 3210 1610; x_wconf 86' lang='grc' dir='ltr'>ἀν</span> <span class='ocrx_word' id='word_1_203' title='bbox 3237 1558 3426 1631; x_wconf 79' lang='grc' dir='ltr'>μᾶλλον</span> <span class='ocrx_word' id='word_1_204' title='bbox 3474 1558 3833 1630; x_wconf 71' lang='grc' dir='ltr'>ἑπιγνωσθείη</span> 
     </span>
    </p>
   </div>
   <div class='ocr_carea' id='block_1_31' title="bbox 2229 1646 3838 1722">
    <p class='ocr_par' dir='ltr' id='par_1_31' title="bbox 2229 1646 3838 1722">
     <span class='ocr_line' id='line_1_31' title="bbox 2229 1646 3838 1722; baseline 0.002 -26"><span class='ocrx_word' id='word_1_205' title='bbox 2229 1648 2286 1697; x_wconf 92' lang='grc' dir='ltr'>τό</span> <span class='ocrx_word' id='word_1_206' title='bbox 2315 1650 2503 1718; x_wconf 80' lang='grc' dir='ltr'>νόημα,</span> <span class='ocrx_word' id='word_1_207' title='bbox 2527 1650 2617 1698; x_wconf 84' lang='grc' dir='ltr'>καὶ</span> <span class='ocrx_word' id='word_1_208' title='bbox 2641 1646 2795 1707; x_wconf 78' lang='grc' dir='ltr'>ἄλλοις</span> <span class='ocrx_word' id='word_1_209' title='bbox 2820 1647 3348 1722; x_wconf 71' lang='grc' dir='ltr'>συμπαραληψόμεθα</span> <span class='ocrx_word' id='word_1_210' title='bbox 3384 1655 3476 1700; x_wconf 76' lang='grc' dir='ltr'>τοῦ</span> <span class='ocrx_word' id='word_1_211' title='bbox 3507 1647 3838 1701; x_wconf 77' lang='grc' dir='ltr'>Ἀποστὸλου</span> 
     </span>
    </p>
   </div>
   <div class='ocr_carea' id='block_1_32' title="bbox 464 1731 2120 1812">
    <p class='ocr_par' dir='ltr' id='par_1_32' title="bbox 464 1731 2120 1803">
     <span class='ocr_line' id='line_1_32' title="bbox 464 1731 2120 1803; baseline -0.002 -13"><span class='ocrx_word' id='word_1_212' title='bbox 464 1734 582 1791; x_wconf 91' lang='lat' dir='ltr'>bus</span> <span class='ocrx_word' id='word_1_213' title='bbox 611 1734 812 1790; x_wconf 89' lang='lat' dir='ltr'>Filium</span> <span class='ocrx_word' id='word_1_214' title='bbox 843 1733 1175 1803; x_wconf 88' lang='lat' dir='ltr'>imaginem</span> <span class='ocrx_word' id='word_1_215' title='bbox 1197 1732 1298 1789; x_wconf 90' lang='lat' dir='ltr'>Dei</span> <span class='ocrx_word' id='word_1_216' title='bbox 1329 1732 1645 1789; x_wconf 88' lang='lat' dir='ltr'>invisibilis</span> <span class='ocrx_word' id='word_1_217' title='bbox 1664 1734 1732 1802; x_wconf 69' lang='grc'>³⁸,</span> <span class='ocrx_word' id='word_1_218' title='bbox 1758 1738 1815 1789; x_wconf 92' lang='lat' dir='ltr'>et</span> <span class='ocrx_word' id='word_1_219' title='bbox 1838 1731 2120 1788; x_wconf 90' lang='lat' dir='ltr'>eumdem</span> 
     </span>
    </p>
   </div>
   <div class='ocr_carea' id='block_1_33' title="bbox 2237 1731 3842 1812">
    <p class='ocr_par' dir='ltr' id='par_1_33' title="bbox 2237 1735 3842 1812">
     <span class='ocr_line' id='line_1_33' title="bbox 2237 1735 3842 1812; baseline 0.002 -27"><span class='ocrx_word' id='word_1_220' title='bbox 2237 1736 2420 1807; x_wconf 69' lang='grc' dir='ltr'>φωνὰς,</span> <span class='ocrx_word' id='word_1_221' title='bbox 2463 1735 2510 1787; x_wconf 87' lang='grc' dir='ltr'>ἐν</span> <span class='ocrx_word' id='word_1_222' title='bbox 2542 1736 2624 1797; x_wconf 81' lang='grc' dir='ltr'>αἶς</span> <span class='ocrx_word' id='word_1_223' title='bbox 2655 1738 2772 1788; x_wconf 83' lang='grc' dir='ltr'>Υἱόν</span> <span class='ocrx_word' id='word_1_224' title='bbox 2799 1737 2969 1788; x_wconf 81' lang='grc' dir='ltr'>εἰκόνα</span> <span class='ocrx_word' id='word_1_225' title='bbox 2996 1744 3089 1789; x_wconf 80' lang='grc' dir='ltr'>τοῦ</span> <span class='ocrx_word' id='word_1_226' title='bbox 3127 1745 3261 1790; x_wconf 80' lang='grc' dir='ltr'>Θεοῦ</span> <span class='ocrx_word' id='word_1_227' title='bbox 3291 1745 3382 1790; x_wconf 83' lang='grc' dir='ltr'>τοῦ</span> <span class='ocrx_word' id='word_1_228' title='bbox 3437 1735 3684 1812; x_wconf 88' lang='grc' dir='ltr'>ἀοράτου,</span> <span class='ocrx_word' id='word_1_229' title='bbox 3737 1741 3842 1789; x_wconf 78' lang='grc' dir='ltr'>καὶ</span> 
     </span>
    </p>
   </div>
   <div class='ocr_carea' id='block_1_34' title="bbox 464 1821 2162 1902">
    <p class='ocr_par' dir='ltr' id='par_1_34' title="bbox 464 1821 2162 1902">
     <span class='ocr_line' id='line_1_34' title="bbox 464 1821 2162 1902; baseline -0.001 -23"><span class='ocrx_word' id='word_1_230' title='bbox 464 1840 708 1880; x_wconf 89' lang='lat' dir='ltr'>rursum</span> <span class='ocrx_word' id='word_1_231' title='bbox 745 1822 1027 1879; x_wconf 88' lang='lat' dir='ltr'>bonitatis</span> <span class='ocrx_word' id='word_1_232' title='bbox 1055 1822 1248 1896; x_wconf 89' lang='lat' dir='ltr'>ipsius</span> <span class='ocrx_word' id='word_1_233' title='bbox 1273 1821 1602 1902; x_wconf 78' lang='lat' dir='ltr'>imaginem</span> <span class='ocrx_word' id='word_1_234' title='bbox 1633 1838 1762 1878; x_wconf 90' lang='lat' dir='ltr'>esse</span> <span class='ocrx_word' id='word_1_235' title='bbox 1805 1822 1966 1889; x_wconf 87' lang='lat' dir='ltr'>dicit,</span> <span class='ocrx_word' id='word_1_236' title='bbox 1999 1837 2123 1878; x_wconf 89' lang='lat' dir='ltr'>non</span> <span class='ocrx_word' id='word_1_237' title='bbox 2159 1859 2162 1862; x_wconf 91' lang='lat'><strong>-</strong></span> 
     </span>
    </p>
   </div>
   <div class='ocr_carea' id='block_1_35' title="bbox 465 1911 2121 1986">
    <p class='ocr_par' dir='ltr' id='par_1_35' title="bbox 465 1911 2121 1986">
     <span class='ocr_line' id='line_1_35' title="bbox 465 1911 2121 1986; baseline -0.001 -17"><span class='ocrx_word' id='word_1_238' title='bbox 465 1912 631 1986; x_wconf 92' lang='lat' dir='ltr'>quod</span> <span class='ocrx_word' id='word_1_239' title='bbox 656 1911 894 1969; x_wconf 77' lang='lat' dir='ltr'>differat</span> <span class='ocrx_word' id='word_1_240' title='bbox 920 1912 1126 1982; x_wconf 84' lang='lat' dir='ltr'>imago</span> <span class='ocrx_word' id='word_1_241' title='bbox 1151 1911 1229 1968; x_wconf 89' lang='lat' dir='ltr'>ab</span> <span class='ocrx_word' id='word_1_242' title='bbox 1255 1911 1670 1984; x_wconf 87' lang='lat' dir='ltr'>exemplari,si</span> <span class='ocrx_word' id='word_1_243' title='bbox 1698 1911 2121 1968; x_wconf 87' lang='lat' dir='ltr'>invisibilitatis</span> 
     </span>
    </p>
   </div>
   <div class='ocr_carea' id='block_1_36' title="bbox 465 2001 2122 2074">
    <p class='ocr_par' dir='ltr' id='par_1_36' title="bbox 465 2001 2122 2074">
     <span class='ocr_line' id='line_1_36' title="bbox 465 2001 2122 2074; baseline -0.001 -15"><span class='ocrx_word' id='word_1_244' title='bbox 465 2002 871 2074; x_wconf 88' lang='lat' dir='ltr'>bonitatisque</span> <span class='ocrx_word' id='word_1_245' title='bbox 909 2001 1206 2058; x_wconf 89' lang='lat' dir='ltr'>habeatur</span> <span class='ocrx_word' id='word_1_246' title='bbox 1248 2002 1422 2070; x_wconf 89' lang='lat' dir='ltr'>ratio,</span> <span class='ocrx_word' id='word_1_247' title='bbox 1475 2001 1579 2058; x_wconf 91' lang='lat' dir='ltr'>sed</span> <span class='ocrx_word' id='word_1_248' title='bbox 1628 2006 1693 2057; x_wconf 89' lang='lat' dir='ltr'>ut</span> <span class='ocrx_word' id='word_1_249' title='bbox 1733 2001 2122 2074; x_wconf 92' lang='lat' dir='ltr'>perspicuum</span> 
     </span>
    </p>
   </div>
   <div class='ocr_carea' id='block_1_37' title="bbox 468 2089 2121 2163">
    <p class='ocr_par' dir='ltr' id='par_1_37' title="bbox 468 2089 2121 2163">
     <span class='ocr_line' id='line_1_37' title="bbox 468 2089 2121 2163; baseline -0.001 -15"><span class='ocrx_word' id='word_1_250' title='bbox 468 2091 543 2148; x_wconf 87' lang='lat' dir='ltr'>sit</span> <span class='ocrx_word' id='word_1_251' title='bbox 571 2091 734 2148; x_wconf 90' lang='lat' dir='ltr'>idem</span> <span class='ocrx_word' id='word_1_252' title='bbox 764 2107 893 2148; x_wconf 90' lang='lat' dir='ltr'>esse</span> <span class='ocrx_word' id='word_1_253' title='bbox 942 2091 1110 2163; x_wconf 90' lang='lat' dir='ltr'>quod</span> <span class='ocrx_word' id='word_1_254' title='bbox 1157 2091 1485 2163; x_wconf 83' lang='lat' dir='ltr'>exemplar,</span> <span class='ocrx_word' id='word_1_255' title='bbox 1536 2090 1769 2147; x_wconf 90' lang='lat' dir='ltr'>etiamsi</span> <span class='ocrx_word' id='word_1_256' title='bbox 1817 2089 1982 2147; x_wconf 89' lang='lat' dir='ltr'>aliud</span> <span class='ocrx_word' id='word_1_257' title='bbox 2027 2091 2121 2148; x_wconf 90' lang='lat' dir='ltr'>sit.</span> 
     </span>
    </p>
   </div>
   <div class='ocr_carea' id='block_1_38' title="bbox 468 2180 2124 2253">
    <p class='ocr_par' dir='ltr' id='par_1_38' title="bbox 468 2180 2124 2253">
     <span class='ocr_line' id='line_1_38' title="bbox 468 2180 2124 2253; baseline -0.001 -15"><span class='ocrx_word' id='word_1_258' title='bbox 468 2184 598 2238; x_wconf 82' lang='lat' dir='ltr'>Non</span> <span class='ocrx_word' id='word_1_259' title='bbox 625 2181 786 2238; x_wconf 90' lang='lat' dir='ltr'>enim</span> <span class='ocrx_word' id='word_1_260' title='bbox 815 2181 1009 2253; x_wconf 90' lang='lat' dir='ltr'>possit</span> <span class='ocrx_word' id='word_1_261' title='bbox 1044 2181 1328 2252; x_wconf 89' lang='lat' dir='ltr'>imaginis</span> <span class='ocrx_word' id='word_1_262' title='bbox 1360 2181 1512 2237; x_wconf 85' lang='lat' dir='ltr'>ratio</span> <span class='ocrx_word' id='word_1_263' title='bbox 1563 2180 1808 2250; x_wconf 85' lang='lat' dir='ltr'>servari,</span> <span class='ocrx_word' id='word_1_264' title='bbox 1855 2181 1970 2236; x_wconf 89' lang='lat' dir='ltr'>nisi</span> <span class='ocrx_word' id='word_1_265' title='bbox 2017 2197 2124 2253; x_wconf 90' lang='lat' dir='ltr'>per</span> 
     </span>
    </p>
   </div>
   <div class='ocr_carea' id='block_1_39' title="bbox 468 2267 2122 2342">
    <p class='ocr_par' dir='ltr' id='par_1_39' title="bbox 468 2267 2122 2342">
     <span class='ocr_line' id='line_1_39' title="bbox 468 2267 2122 2342; baseline -0.001 -17"><span class='ocrx_word' id='word_1_266' title='bbox 468 2269 676 2325; x_wconf 87' lang='lat' dir='ltr'>omnia</span> <span class='ocrx_word' id='word_1_267' title='bbox 736 2268 1131 2342; x_wconf 90' lang='lat' dir='ltr'>conspicuam</span> <span class='ocrx_word' id='word_1_268' title='bbox 1189 2285 1260 2325; x_wconf 91' lang='lat' dir='ltr'>ac</span> <span class='ocrx_word' id='word_1_269' title='bbox 1314 2269 1728 2341; x_wconf 86' lang='lat' dir='ltr'>cujuscunque</span> <span class='ocrx_word' id='word_1_270' title='bbox 1777 2267 2122 2324; x_wconf 76' lang='lat' dir='ltr'>diflerentiae</span> 
     </span>
    </p>
   </div>
   <div class='ocr_carea' id='block_1_40' title="bbox 469 2348 2122 2429">
    <p class='ocr_par' dir='ltr' id='par_1_40' title="bbox 469 2348 2122 2429">
     <span class='ocr_line' id='line_1_40' title="bbox 469 2348 2122 2429; baseline -0.002 -15"><span class='ocrx_word' id='word_1_271' title='bbox 469 2361 775 2429; x_wconf 85' lang='lat' dir='ltr'>expertem</span> <span class='ocrx_word' id='word_1_272' title='bbox 805 2357 1027 2414; x_wconf 89' lang='lat' dir='ltr'>habeat</span> <span class='ocrx_word' id='word_1_273' title='bbox 1056 2348 1528 2413; x_wconf 88' lang='lat' dir='ltr'>similitudinem.</span> <span class='ocrx_word' id='word_1_274' title='bbox 1560 2356 1816 2413; x_wconf 90' lang='lat' dir='ltr'>Proinde</span> <span class='ocrx_word' id='word_1_275' title='bbox 1837 2355 2122 2425; x_wconf 86' lang='lat' dir='ltr'>imaginis</span> 
     </span>
    </p>
   </div>
   <div class='ocr_carea' id='block_1_41' title="bbox 466 2445 2123 2520">
    <p class='ocr_par' dir='ltr' id='par_1_41' title="bbox 466 2445 2123 2520">
     <span class='ocr_line' id='line_1_41' title="bbox 466 2445 2123 2520; baseline -0.001 -18"><span class='ocrx_word' id='word_1_276' title='bbox 466 2445 980 2520; x_wconf 88' lang='lat' dir='ltr'>pulchritudinem</span> <span class='ocrx_word' id='word_1_277' title='bbox 1045 2445 1151 2518; x_wconf 91' lang='lat' dir='ltr'>qui</span> <span class='ocrx_word' id='word_1_278' title='bbox 1197 2445 1520 2520; x_wconf 85' lang='lat' dir='ltr'>perspexit,</span> <span class='ocrx_word' id='word_1_279' title='bbox 1567 2445 1877 2518; x_wconf 84' lang='lat' dir='ltr'>exemplar</span> <span class='ocrx_word' id='word_1_280' title='bbox 1922 2450 2123 2501; x_wconf 88' lang='lat' dir='ltr'>mente</span> 
     </span>
    </p>
   </div>
   <div class='ocr_carea' id='block_1_42' title="bbox 469 2535 2118 2609">
    <p class='ocr_par' dir='ltr' id='par_1_42' title="bbox 469 2535 2118 2609">
     <span class='ocr_line' id='line_1_42' title="bbox 469 2535 2118 2609; baseline -0.001 -17"><span class='ocrx_word' id='word_1_281' title='bbox 469 2537 758 2609; x_wconf 89' lang='lat' dir='ltr'>concepit,</span> <span class='ocrx_word' id='word_1_282' title='bbox 794 2535 1142 2608; x_wconf 81' lang='lat' dir='ltr'>hypostasis</span> <span class='ocrx_word' id='word_1_283' title='bbox 1191 2540 1456 2608; x_wconf 72' lang='lat' dir='ltr'>paternae</span> <span class='ocrx_word' id='word_1_284' title='bbox 1503 2538 1793 2609; x_wconf 87' lang='lat' dir='ltr'>expressit</span> <span class='ocrx_word' id='word_1_285' title='bbox 1839 2535 2118 2606; x_wconf 77' lang='lat' dir='ltr'>efﬁgiem,</span> 
     </span>
    </p>
   </div>
   <div class='ocr_carea' id='block_1_43' title="bbox 467 2624 2124 2697">
    <p class='ocr_par' dir='ltr' id='par_1_43' title="bbox 467 2624 2124 2697">
     <span class='ocr_line' id='line_1_43' title="bbox 467 2624 2124 2697; baseline -0.001 -17"><span class='ocrx_word' id='word_1_286' title='bbox 467 2624 639 2681; x_wconf 90' lang='lat' dir='ltr'>illum</span> <span class='ocrx_word' id='word_1_287' title='bbox 663 2641 770 2697; x_wconf 91' lang='lat' dir='ltr'>per</span> <span class='ocrx_word' id='word_1_288' title='bbox 797 2625 960 2681; x_wconf 93' lang='lat' dir='ltr'>hunc</span> <span class='ocrx_word' id='word_1_289' title='bbox 989 2625 1218 2696; x_wconf 87' lang='lat' dir='ltr'>videns,</span> <span class='ocrx_word' id='word_1_290' title='bbox 1252 2641 1372 2682; x_wconf 83' lang='lat' dir='ltr'>non</span> <span class='ocrx_word' id='word_1_291' title='bbox 1397 2625 1646 2695; x_wconf 90' lang='lat' dir='ltr'>ingeniti</span> <span class='ocrx_word' id='word_1_292' title='bbox 1674 2625 1969 2680; x_wconf 86' lang='lat' dir='ltr'>rationem</span> <span class='ocrx_word' id='word_1_293' title='bbox 1991 2640 2124 2696; x_wconf 79' lang='lat' dir='ltr'>quae</span> 
     </span>
    </p>
   </div>
   <div class='ocr_carea' id='block_1_44' title="bbox 467 2713 2123 2787">
    <p class='ocr_par' dir='ltr' id='par_1_44' title="bbox 467 2713 2123 2787">
     <span class='ocr_line' id='line_1_44' title="bbox 467 2713 2123 2787; baseline -0.001 -17"><span class='ocrx_word' id='word_1_294' title='bbox 467 2714 655 2770; x_wconf 88' lang='lat' dir='ltr'>Patris</span> <span class='ocrx_word' id='word_1_295' title='bbox 684 2717 793 2783; x_wconf 88' lang='lat' dir='ltr'>est,</span> <span class='ocrx_word' id='word_1_296' title='bbox 820 2713 883 2769; x_wconf 94' lang='lat' dir='ltr'>in</span> <span class='ocrx_word' id='word_1_297' title='bbox 913 2713 1110 2784; x_wconf 80' lang='lat' dir='ltr'>efﬁgie</span> <span class='ocrx_word' id='word_1_298' title='bbox 1139 2730 1391 2770; x_wconf 88' lang='lat' dir='ltr'>cernens</span> <span class='ocrx_word' id='word_1_299' title='bbox 1425 2713 1714 2787; x_wconf 91' lang='lat' dir='ltr'>(alioquin</span> <span class='ocrx_word' id='word_1_300' title='bbox 1744 2713 1905 2769; x_wconf 92' lang='lat' dir='ltr'>idem</span> <span class='ocrx_word' id='word_1_301' title='bbox 1953 2729 2123 2786; x_wconf 92' lang='lat' dir='ltr'>pror-</span> 
     </span>
    </p>
   </div>
   <div class='ocr_carea' id='block_1_45' title="bbox 469 2802 2122 2875">
    <p class='ocr_par' dir='ltr' id='par_1_45' title="bbox 469 2802 2122 2875">
     <span class='ocr_line' id='line_1_45' title="bbox 469 2802 2122 2875; baseline 0 -17"><span class='ocrx_word' id='word_1_302' title='bbox 469 2819 575 2858; x_wconf 90' lang='lat' dir='ltr'>sus</span> <span class='ocrx_word' id='word_1_303' title='bbox 615 2806 789 2868; x_wconf 89' lang='lat' dir='ltr'>esset,</span> <span class='ocrx_word' id='word_1_304' title='bbox 813 2806 1012 2858; x_wconf 88' lang='lat' dir='ltr'>etnon</span> <span class='ocrx_word' id='word_1_305' title='bbox 1044 2802 1254 2874; x_wconf 90' lang='lat' dir='ltr'>aliud),</span> <span class='ocrx_word' id='word_1_306' title='bbox 1283 2803 1389 2859; x_wconf 92' lang='lat' dir='ltr'>sed</span> <span class='ocrx_word' id='word_1_307' title='bbox 1423 2803 1926 2875; x_wconf 89' lang='lat' dir='ltr'>pulchritudinem</span> <span class='ocrx_word' id='word_1_308' title='bbox 1955 2803 2122 2872; x_wconf 87' lang='lat' dir='ltr'>inge-</span> 
     </span>
    </p>
   </div>
   <div class='ocr_carea' id='block_1_46' title="bbox 465 2890 2122 2961">
    <p class='ocr_par' dir='ltr' id='par_1_46' title="bbox 465 2890 2122 2961">
     <span class='ocr_line' id='line_1_46' title="bbox 465 2890 2122 2961; baseline -0.001 -14"><span class='ocrx_word' id='word_1_309' title='bbox 465 2891 656 2948; x_wconf 90' lang='lat' dir='ltr'>nitam</span> <span class='ocrx_word' id='word_1_310' title='bbox 703 2891 764 2946; x_wconf 88' lang='lat' dir='ltr'>in</span> <span class='ocrx_word' id='word_1_311' title='bbox 820 2890 1020 2961; x_wconf 90' lang='lat' dir='ltr'>genita</span> <span class='ocrx_word' id='word_1_312' title='bbox 1065 2890 1325 2946; x_wconf 91' lang='lat' dir='ltr'>intuens.</span> <span class='ocrx_word' id='word_1_313' title='bbox 1380 2891 1911 2957; x_wconf 86' lang='lat' dir='ltr'>Quemadmodum</span> <span class='ocrx_word' id='word_1_314' title='bbox 1962 2892 2122 2947; x_wconf 91' lang='lat' dir='ltr'>enim</span> 
     </span>
    </p>
   </div>
   <div class='ocr_carea' id='block_1_47' title="bbox 467 2980 2123 3055">
    <p class='ocr_par' dir='ltr' id='par_1_47' title="bbox 467 2980 2123 3055">
     <span class='ocr_line' id='line_1_47' title="bbox 467 2980 2123 3055; baseline -0.001 -17"><span class='ocrx_word' id='word_1_315' title='bbox 467 2981 574 3055; x_wconf 91' lang='lat' dir='ltr'>qui</span> <span class='ocrx_word' id='word_1_316' title='bbox 603 2981 666 3036; x_wconf 90' lang='lat' dir='ltr'>in</span> <span class='ocrx_word' id='word_1_317' title='bbox 694 2997 847 3053; x_wconf 92' lang='lat' dir='ltr'>puro</span> <span class='ocrx_word' id='word_1_318' title='bbox 877 2980 1122 3053; x_wconf 91' lang='lat' dir='ltr'>speculo</span> <span class='ocrx_word' id='word_1_319' title='bbox 1165 2983 1334 3052; x_wconf 74' lang='lat'>122</span> <span class='ocrx_word' id='word_1_320' title='bbox 1363 2982 1727 3055; x_wconf 87' lang='lat' dir='ltr'>impressam</span> <span class='ocrx_word' id='word_1_321' title='bbox 1759 2981 1965 3037; x_wconf 72' lang='lat' dir='ltr'>formae</span> <span class='ocrx_word' id='word_1_322' title='bbox 1994 2997 2123 3052; x_wconf 87' lang='lat' dir='ltr'>spe-</span> 
     </span>
    </p>
   </div>
   <div class='ocr_carea' id='block_1_48' title="bbox 2230 1823 3834 1899">
    <p class='ocr_par' dir='ltr' id='par_1_48' title="bbox 2230 1823 3834 1899">
     <span class='ocr_line' id='line_1_48' title="bbox 2230 1823 3834 1899; baseline 0.002 -23"><span class='ocrx_word' id='word_1_323' title='bbox 2230 1831 2326 1885; x_wconf 80' lang='grc' dir='ltr'>τῆς</span> <span class='ocrx_word' id='word_1_324' title='bbox 2357 1823 2681 1895; x_wconf 72' lang='grc' dir='ltr'>ἀγαθότητος</span> <span class='ocrx_word' id='word_1_325' title='bbox 2728 1825 2886 1878; x_wconf 74' lang='grc' dir='ltr'>αὐτοῦ</span> <span class='ocrx_word' id='word_1_326' title='bbox 2911 1826 3064 1879; x_wconf 85' lang='grc' dir='ltr'>πάλιν</span> <span class='ocrx_word' id='word_1_327' title='bbox 3105 1827 3278 1879; x_wconf 83' lang='grc' dir='ltr'>εἰκόνα</span> <span class='ocrx_word' id='word_1_328' title='bbox 3319 1844 3477 1899; x_wconf 77' lang='grc' dir='ltr'>φησιν</span> <span class='ocrx_word' id='word_1_329' title='bbox 3509 1847 3522 1860; x_wconf 86' lang='grc'>·</span> <span class='ocrx_word' id='word_1_330' title='bbox 3568 1827 3697 1898; x_wconf 68' lang='grc' dir='ltr'>οὐχὶ</span> <span class='ocrx_word' id='word_1_331' title='bbox 3754 1834 3834 1897; x_wconf 78' lang='grc' dir='ltr'>τῷ</span> 
     </span>
    </p>
   </div>
   <div class='ocr_carea' id='block_1_49' title="bbox 2233 1909 3836 1990">
    <p class='ocr_par' dir='ltr' id='par_1_49' title="bbox 2233 1909 3836 1990">
     <span class='ocr_line' id='line_1_49' title="bbox 2233 1909 3836 1990; baseline 0.002 -26"><span class='ocrx_word' id='word_1_332' title='bbox 2233 1909 2495 1988; x_wconf 76' lang='grc' dir='ltr'>διαφέρειν</span> <span class='ocrx_word' id='word_1_333' title='bbox 2541 1922 2633 1967; x_wconf 84' lang='grc' dir='ltr'>τοῦ</span> <span class='ocrx_word' id='word_1_334' title='bbox 2689 1916 2993 1990; x_wconf 72' lang='grc' dir='ltr'>ἀρχετύπου</span> <span class='ocrx_word' id='word_1_335' title='bbox 3042 1921 3132 1974; x_wconf 84' lang='grc' dir='ltr'>τὴν</span> <span class='ocrx_word' id='word_1_336' title='bbox 3183 1917 3372 1987; x_wconf 79' lang='grc' dir='ltr'>εἰκόνα,</span> <span class='ocrx_word' id='word_1_337' title='bbox 3429 1919 3563 1968; x_wconf 83' lang='grc' dir='ltr'>κατά</span> <span class='ocrx_word' id='word_1_338' title='bbox 3599 1920 3687 1968; x_wconf 86' lang='grc' dir='ltr'>τόν</span> <span class='ocrx_word' id='word_1_339' title='bbox 3740 1923 3836 1976; x_wconf 82' lang='grc' dir='ltr'>τῆς</span> 
     </span>
    </p>
   </div>
   <div class='ocr_carea' id='block_1_50' title="bbox 2233 2002 3838 2077">
    <p class='ocr_par' dir='ltr' id='par_1_50' title="bbox 2233 2002 3838 2077">
     <span class='ocr_line' id='line_1_50' title="bbox 2233 2002 3838 2077; baseline 0.002 -23"><span class='ocrx_word' id='word_1_340' title='bbox 2233 2002 2484 2074; x_wconf 89' lang='grc' dir='ltr'>ἀορασιας</span> <span class='ocrx_word' id='word_1_341' title='bbox 2529 2003 2642 2075; x_wconf 71' lang='grc'>(40)</span> <span class='ocrx_word' id='word_1_342' title='bbox 2683 2010 2772 2056; x_wconf 86' lang='grc' dir='ltr'>καὶ</span> <span class='ocrx_word' id='word_1_343' title='bbox 2816 2014 2909 2067; x_wconf 86' lang='grc' dir='ltr'>τῆς</span> <span class='ocrx_word' id='word_1_344' title='bbox 2967 2005 3294 2077; x_wconf 71' lang='grc' dir='ltr'>ἀγαθότητος</span> <span class='ocrx_word' id='word_1_345' title='bbox 3347 2005 3520 2077; x_wconf 75' lang='grc' dir='ltr'>λόγον,</span> <span class='ocrx_word' id='word_1_346' title='bbox 3579 2003 3688 2057; x_wconf 83' lang='grc' dir='ltr'>ἀλλ’</span> <span class='ocrx_word' id='word_1_347' title='bbox 3749 2006 3838 2057; x_wconf 83' lang='grc' dir='ltr'>ἶνα</span> 
     </span>
    </p>
   </div>
   <div class='ocr_carea' id='block_1_51' title="bbox 2233 2088 3836 2169">
    <p class='ocr_par' dir='ltr' id='par_1_51' title="bbox 2233 2088 3836 2169">
     <span class='ocr_line' id='line_1_51' title="bbox 2233 2088 3836 2169; baseline 0.001 -24"><span class='ocrx_word' id='word_1_348' title='bbox 2233 2088 2453 2165; x_wconf 71' lang='grc' dir='ltr'>δειχθῇ,</span> <span class='ocrx_word' id='word_1_349' title='bbox 2482 2094 2560 2145; x_wconf 87' lang='grc' dir='ltr'>ὅτι</span> <span class='ocrx_word' id='word_1_350' title='bbox 2599 2097 2785 2146; x_wconf 85' lang='grc' dir='ltr'>ταυτὸν</span> <span class='ocrx_word' id='word_1_351' title='bbox 2823 2101 2896 2165; x_wconf 82' lang='grc' dir='ltr'>τῷ</span> <span class='ocrx_word' id='word_1_352' title='bbox 2949 2098 3271 2169; x_wconf 81' lang='grc' dir='ltr'>πρωτοτύπῳ</span> <span class='ocrx_word' id='word_1_353' title='bbox 3321 2095 3450 2166; x_wconf 83' lang='grc' dir='ltr'>ἐστὶ,</span> <span class='ocrx_word' id='word_1_354' title='bbox 3510 2093 3606 2146; x_wconf 81' lang='grc' dir='ltr'>κᾶν</span> <span class='ocrx_word' id='word_1_355' title='bbox 3661 2094 3836 2168; x_wconf 83' lang='grc' dir='ltr'>ἓτερον</span> 
     </span>
    </p>
   </div>
   <div class='ocr_carea' id='block_1_52' title="bbox 2233 2177 3831 2257">
    <p class='ocr_par' dir='ltr' id='par_1_52' title="bbox 2233 2177 3831 2257">
     <span class='ocr_line' id='line_1_52' title="bbox 2233 2177 3831 2257; baseline -0.001 -21"><span class='ocrx_word' id='word_1_356' title='bbox 2233 2177 2286 2254; x_wconf 72' lang='grc' dir='ltr'>ᾖ.</span> <span class='ocrx_word' id='word_1_357' title='bbox 2316 2181 2392 2234; x_wconf 75' lang='grc' dir='ltr'>Οὐ</span> <span class='ocrx_word' id='word_1_358' title='bbox 2421 2184 2521 2257; x_wconf 73' lang='grc' dir='ltr'>γὰρ</span> <span class='ocrx_word' id='word_1_359' title='bbox 2554 2181 2613 2234; x_wconf 82' lang='grc' dir='ltr'>ἀν</span> <span class='ocrx_word' id='word_1_360' title='bbox 2658 2185 2683 2234; x_wconf 93' lang='grc' dir='ltr'>ό</span> <span class='ocrx_word' id='word_1_361' title='bbox 2712 2190 2801 2243; x_wconf 89' lang='grc' dir='ltr'>τῆς</span> <span class='ocrx_word' id='word_1_362' title='bbox 2857 2183 3050 2245; x_wconf 84' lang='grc' dir='ltr'>εἰκόνος</span> <span class='ocrx_word' id='word_1_363' title='bbox 3095 2181 3384 2242; x_wconf 77' lang='grc' dir='ltr'>διασωθείη</span> <span class='ocrx_word' id='word_1_364' title='bbox 3443 2183 3616 2255; x_wconf 68' lang='grc' dir='ltr'>λόγος,</span> <span class='ocrx_word' id='word_1_365' title='bbox 3673 2184 3717 2235; x_wconf 81' lang='grc' dir='ltr'>εἰ</span> <span class='ocrx_word' id='word_1_366' title='bbox 3755 2188 3831 2256; x_wconf 77' lang='grc' dir='ltr'>μὴ</span> 
     </span>
    </p>
   </div>
   <div class='ocr_carea' id='block_1_53' title="bbox 2233 2268 3831 2347">
    <p class='ocr_par' dir='ltr' id='par_1_53' title="bbox 2233 2268 3831 2347">
     <span class='ocr_line' id='line_1_53' title="bbox 2233 2268 3831 2347; baseline 0.002 -24"><span class='ocrx_word' id='word_1_367' title='bbox 2233 2268 2326 2323; x_wconf 88' lang='grc' dir='ltr'>διά</span> <span class='ocrx_word' id='word_1_368' title='bbox 2353 2273 2555 2323; x_wconf 88' lang='grc' dir='ltr'>πάντων</span> <span class='ocrx_word' id='word_1_369' title='bbox 2585 2275 2643 2323; x_wconf 93' lang='grc' dir='ltr'>τό</span> <span class='ocrx_word' id='word_1_370' title='bbox 2686 2272 2894 2347; x_wconf 70' lang='grc' dir='ltr'>ἐναργὲς</span> <span class='ocrx_word' id='word_1_371' title='bbox 2949 2275 3068 2345; x_wconf 83' lang='grc' dir='ltr'>ἔχοι</span> <span class='ocrx_word' id='word_1_372' title='bbox 3111 2273 3224 2345; x_wconf 78' lang='grc'>(41)</span> <span class='ocrx_word' id='word_1_373' title='bbox 3270 2277 3358 2325; x_wconf 82' lang='grc' dir='ltr'>καὶ</span> <span class='ocrx_word' id='word_1_374' title='bbox 3410 2271 3831 2346; x_wconf 69' lang='grc' dir='ltr'>ἀπαράλλακτον.</span> 
     </span>
    </p>
   </div>
   <div class='ocr_carea' id='block_1_54' title="bbox 2231 2359 3834 2433">
    <p class='ocr_par' dir='ltr' id='par_1_54' title="bbox 2231 2359 3834 2433">
     <span class='ocr_line' id='line_1_54' title="bbox 2231 2359 3834 2433; baseline 0.001 -22"><span class='ocrx_word' id='word_1_375' title='bbox 2231 2359 2432 2412; x_wconf 69' lang='grc' dir='ltr'>Οὐκοῦν</span> <span class='ocrx_word' id='word_1_376' title='bbox 2473 2361 2498 2412; x_wconf 90' lang='lat'>6</span> <span class='ocrx_word' id='word_1_377' title='bbox 2529 2364 2585 2412; x_wconf 88' lang='lat'>1&#39;6</span> <span class='ocrx_word' id='word_1_378' title='bbox 2616 2369 2706 2421; x_wconf 79' lang='grc' dir='ltr'>τῆς</span> <span class='ocrx_word' id='word_1_379' title='bbox 2738 2361 2930 2424; x_wconf 81' lang='grc' dir='ltr'>εἰκόνος</span> <span class='ocrx_word' id='word_1_380' title='bbox 2979 2367 3311 2424; x_wconf 85' lang='grc' dir='ltr'>κατανοήσας</span> <span class='ocrx_word' id='word_1_381' title='bbox 3347 2361 3532 2423; x_wconf 86' lang='grc' dir='ltr'>κάλλος</span> <span class='ocrx_word' id='word_1_382' title='bbox 3582 2361 3630 2414; x_wconf 79' lang='grc' dir='ltr'>ἐν</span> <span class='ocrx_word' id='word_1_383' title='bbox 3683 2380 3834 2433; x_wconf 83' lang='grc' dir='ltr'>περι-</span> 
     </span>
    </p>
   </div>
   <div class='ocr_carea' id='block_1_55' title="bbox 2229 2448 3834 2523">
    <p class='ocr_par' dir='ltr' id='par_1_55' title="bbox 2229 2448 3834 2523">
     <span class='ocr_line' id='line_1_55' title="bbox 2229 2448 3834 2523; baseline 0.001 -23"><span class='ocrx_word' id='word_1_384' title='bbox 2229 2453 2344 2521; x_wconf 76' lang='grc' dir='ltr'>νοίᾳ</span> <span class='ocrx_word' id='word_1_385' title='bbox 2371 2457 2464 2502; x_wconf 80' lang='grc' dir='ltr'>τοῦ</span> <span class='ocrx_word' id='word_1_386' title='bbox 2496 2448 2798 2523; x_wconf 80' lang='grc' dir='ltr'>ἀρχετύπου</span> <span class='ocrx_word' id='word_1_387' title='bbox 2827 2455 3045 2522; x_wconf 73' lang='grc' dir='ltr'>γίνεται.</span> <span class='ocrx_word' id='word_1_388' title='bbox 3094 2455 3195 2504; x_wconf 82' lang='grc' dir='ltr'>Καὶ</span> <span class='ocrx_word' id='word_1_389' title='bbox 3225 2452 3251 2503; x_wconf 90' lang='grc' dir='ltr'>ό</span> <span class='ocrx_word' id='word_1_390' title='bbox 3280 2458 3372 2503; x_wconf 81' lang='grc' dir='ltr'>τοῦ</span> <span class='ocrx_word' id='word_1_391' title='bbox 3411 2453 3534 2504; x_wconf 79' lang='grc' dir='ltr'>Υἱοῦ</span> <span class='ocrx_word' id='word_1_392' title='bbox 3571 2456 3667 2509; x_wconf 74' lang='grc' dir='ltr'>τὴν</span> <span class='ocrx_word' id='word_1_393' title='bbox 3697 2469 3834 2503; x_wconf 85' lang='grc' dir='ltr'>οιον-</span> 
     </span>
    </p>
   </div>
   <div class='ocr_carea' id='block_1_56' title="bbox 2231 2536 3834 2615">
    <p class='ocr_par' dir='ltr' id='par_1_56' title="bbox 2231 2536 3834 2615">
     <span class='ocr_line' id='line_1_56' title="bbox 2231 2536 3834 2615; baseline 0.001 -24"><span class='ocrx_word' id='word_1_394' title='bbox 2231 2544 2275 2591; x_wconf 84' lang='grc' dir='ltr'>εἰ</span> <span class='ocrx_word' id='word_1_395' title='bbox 2306 2543 2505 2612; x_wconf 75' lang='grc' dir='ltr'>μορφὴν</span> <span class='ocrx_word' id='word_1_396' title='bbox 2550 2548 2612 2611; x_wconf 75' lang='grc' dir='ltr'>τῇ</span> <span class='ocrx_word' id='word_1_397' title='bbox 2649 2536 2857 2612; x_wconf 76' lang='grc' dir='ltr'>διανοίᾳ</span> <span class='ocrx_word' id='word_1_398' title='bbox 2911 2539 3099 2603; x_wconf 79' lang='grc' dir='ltr'>λαϐὼν,</span> <span class='ocrx_word' id='word_1_399' title='bbox 3159 2548 3254 2601; x_wconf 85' lang='grc' dir='ltr'>τῆς</span> <span class='ocrx_word' id='word_1_400' title='bbox 3294 2548 3553 2615; x_wconf 80' lang='grc' dir='ltr'>πατρικῆς</span> <span class='ocrx_word' id='word_1_401' title='bbox 3599 2541 3834 2593; x_wconf 82' lang='grc' dir='ltr'>ὑποστά-</span> 
     </span>
    </p>
   </div>
   <div class='ocr_carea' id='block_1_57' title="bbox 2235 2626 3830 2703">
    <p class='ocr_par' dir='ltr' id='par_1_57' title="bbox 2235 2626 3830 2703">
     <span class='ocr_line' id='line_1_57' title="bbox 2235 2626 3830 2703; baseline 0.001 -24"><span class='ocrx_word' id='word_1_402' title='bbox 2235 2646 2362 2689; x_wconf 89' lang='grc' dir='ltr'>σεως</span> <span class='ocrx_word' id='word_1_403' title='bbox 2386 2631 2473 2680; x_wconf 88' lang='grc' dir='ltr'>τόν</span> <span class='ocrx_word' id='word_1_404' title='bbox 2500 2636 2820 2703; x_wconf 80' lang='grc' dir='ltr'>χαρακτῆρα</span> <span class='ocrx_word' id='word_1_405' title='bbox 2851 2627 3234 2693; x_wconf 68' lang='grc' dir='ltr'>ἀνετυπώσατο,</span> <span class='ocrx_word' id='word_1_406' title='bbox 3269 2628 3470 2702; x_wconf 80' lang='grc' dir='ltr'>βλέπων</span> <span class='ocrx_word' id='word_1_407' title='bbox 3499 2626 3532 2682; x_wconf 86' lang='grc' dir='ltr'>δ</span> <span class='ocrx_word' id='word_1_408' title='bbox 3539 2630 3592 2682; x_wconf 86' lang='grc' dir='ltr'>ιά</span> <span class='ocrx_word' id='word_1_409' title='bbox 3639 2631 3830 2681; x_wconf 75' lang='grc' dir='ltr'>τούτου</span> 
     </span>
    </p>
   </div>
   <div class='ocr_carea' id='block_1_58' title="bbox 2231 2716 3836 2792">
    <p class='ocr_par' dir='ltr' id='par_1_58' title="bbox 2231 2716 3836 2792">
     <span class='ocr_line' id='line_1_58' title="bbox 2231 2716 3836 2792; baseline 0.001 -23"><span class='ocrx_word' id='word_1_410' title='bbox 2231 2716 2438 2784; x_wconf 77' lang='grc' dir='ltr'>ἐκεῖνον,</span> <span class='ocrx_word' id='word_1_411' title='bbox 2470 2717 2528 2769; x_wconf 72' lang='grc' dir='ltr'>οὐ</span> <span class='ocrx_word' id='word_1_412' title='bbox 2558 2721 2650 2776; x_wconf 81' lang='grc' dir='ltr'>τὴν</span> <span class='ocrx_word' id='word_1_413' title='bbox 2682 2716 2986 2789; x_wconf 72' lang='grc' dir='ltr'>ἀγεννησίαν</span> <span class='ocrx_word' id='word_1_414' title='bbox 3015 2726 3106 2770; x_wconf 76' lang='grc' dir='ltr'>τοῦ</span> <span class='ocrx_word' id='word_1_415' title='bbox 3140 2721 3343 2792; x_wconf 84' lang='grc' dir='ltr'>Πατρός</span> <span class='ocrx_word' id='word_1_416' title='bbox 3391 2718 3439 2770; x_wconf 80' lang='grc' dir='ltr'>ἐν</span> <span class='ocrx_word' id='word_1_417' title='bbox 3466 2726 3537 2789; x_wconf 79' lang='grc' dir='ltr'><strong>τῷ</strong></span> <span class='ocrx_word' id='word_1_418' title='bbox 3572 2717 3836 2771; x_wconf 80' lang='grc' dir='ltr'>ἀπεικονι-</span> 
     </span>
    </p>
   </div>
   <div class='ocr_carea' id='block_1_59' title="bbox 2234 2803 3836 2882">
    <p class='ocr_par' dir='ltr' id='par_1_59' title="bbox 2234 2803 3836 2882">
     <span class='ocr_line' id='line_1_59' title="bbox 2234 2803 3836 2882; baseline 0.001 -23"><span class='ocrx_word' id='word_1_419' title='bbox 2234 2826 2394 2879; x_wconf 78' lang='grc' dir='ltr'>σματι</span> <span class='ocrx_word' id='word_1_420' title='bbox 2435 2804 2637 2880; x_wconf 82' lang='grc' dir='ltr'>βλέπων</span> <span class='ocrx_word' id='word_1_421' title='bbox 2665 2804 2717 2875; x_wconf 78' lang='grc' dir='ltr'>(ἧ</span> <span class='ocrx_word' id='word_1_422' title='bbox 2758 2810 2858 2882; x_wconf 72' lang='grc' dir='ltr'>γὰρ</span> <span class='ocrx_word' id='word_1_423' title='bbox 2887 2807 2945 2858; x_wconf 86' lang='grc' dir='ltr'>ἀν</span> <span class='ocrx_word' id='word_1_424' title='bbox 2979 2803 3051 2860; x_wconf 85' lang='grc' dir='ltr'>δι’</span> <span class='ocrx_word' id='word_1_425' title='bbox 3083 2807 3200 2860; x_wconf 86' lang='grc' dir='ltr'>ὅλου</span> <span class='ocrx_word' id='word_1_426' title='bbox 3243 2812 3431 2860; x_wconf 86' lang='grc' dir='ltr'>ταυτὸν</span> <span class='ocrx_word' id='word_1_427' title='bbox 3484 2805 3566 2877; x_wconf 74' lang='grc' dir='ltr'>ἦν,</span> <span class='ocrx_word' id='word_1_428' title='bbox 3599 2812 3691 2860; x_wconf 86' lang='grc' dir='ltr'>καὶ</span> <span class='ocrx_word' id='word_1_429' title='bbox 3723 2808 3836 2879; x_wconf 69' lang='grc' dir='ltr'>οὐχ</span> 
     </span>
    </p>
   </div>
   <div class='ocr_carea' id='block_1_60' title="bbox 2230 2895 3835 2970">
    <p class='ocr_par' dir='ltr' id='par_1_60' title="bbox 2230 2895 3835 2970">
     <span class='ocr_line' id='line_1_60' title="bbox 2230 2895 3835 2970; baseline 0.001 -22"><span class='ocrx_word' id='word_1_430' title='bbox 2230 2897 2439 2970; x_wconf 77' lang='grc' dir='ltr'>ἕτερον).</span> <span class='ocrx_word' id='word_1_431' title='bbox 2473 2895 2598 2949; x_wconf 82' lang='grc' dir='ltr'>ἀλλά</span> <span class='ocrx_word' id='word_1_432' title='bbox 2628 2901 2686 2948; x_wconf 90' lang='lat'>1&#39;6</span> <span class='ocrx_word' id='word_1_433' title='bbox 2715 2896 2984 2968; x_wconf 75' lang='grc' dir='ltr'>ἀγέννητον</span> <span class='ocrx_word' id='word_1_434' title='bbox 3014 2897 3194 2958; x_wconf 89' lang='grc' dir='ltr'>κάλλος</span> <span class='ocrx_word' id='word_1_435' title='bbox 3214 2897 3268 2969; x_wconf 82' lang='grc' dir='ltr'>¹ἐν</span> <span class='ocrx_word' id='word_1_436' title='bbox 3290 2907 3361 2969; x_wconf 79' lang='grc' dir='ltr'>τῷ</span> <span class='ocrx_word' id='word_1_437' title='bbox 3390 2916 3477 2970; x_wconf 73' lang='grc' dir='ltr'>εγεν</span> <span class='ocrx_word' id='word_1_438' title='bbox 3505 2906 3645 2968; x_wconf 83' lang='grc' dir='ltr'>νητῷ</span> <span class='ocrx_word' id='word_1_439' title='bbox 3673 2917 3835 2950; x_wconf 88' lang='grc' dir='ltr'>κατο-</span> 
     </span>
    </p>
   </div>
   <div class='ocr_carea' id='block_1_61' title="bbox 2229 2984 3834 3062">
    <p class='ocr_par' dir='ltr' id='par_1_61' title="bbox 2229 2984 3834 3062">
     <span class='ocr_line' id='line_1_61' title="bbox 2229 2984 3834 3062; baseline 0 -24"><span class='ocrx_word' id='word_1_440' title='bbox 2229 2989 2476 3047; x_wconf 75' lang='grc' dir='ltr'>πτεύσας.</span> <span class='ocrx_word' id='word_1_441' title='bbox 2509 2984 2707 3060; x_wconf 81' lang='grc' dir='ltr'>Ὠσπερ</span> <span class='ocrx_word' id='word_1_442' title='bbox 2764 2989 2864 3059; x_wconf 71' lang='grc' dir='ltr'>γὰρ</span> <span class='ocrx_word' id='word_1_443' title='bbox 2907 2989 2932 3038; x_wconf 94' lang='grc' dir='ltr'>ό</span> <span class='ocrx_word' id='word_1_444' title='bbox 2974 2987 3022 3039; x_wconf 87' lang='grc' dir='ltr'>ἐν</span> <span class='ocrx_word' id='word_1_445' title='bbox 3054 2996 3125 3058; x_wconf 86' lang='grc' dir='ltr'>τῷ</span> <span class='ocrx_word' id='word_1_446' title='bbox 3167 2990 3380 3061; x_wconf 83' lang='grc' dir='ltr'>καθαρῷ</span> <span class='ocrx_word' id='word_1_447' title='bbox 3417 2991 3695 3062; x_wconf 81' lang='grc' dir='ltr'>κατόπτρῳ</span> <span class='ocrx_word' id='word_1_448' title='bbox 3735 2991 3834 3044; x_wconf 79' lang='grc' dir='ltr'>τὴν</span> 
     </span>
    </p>
   </div>
   <div class='ocr_carea' id='block_1_62' title="bbox 468 3071 2120 3152">
    <p class='ocr_par' dir='ltr' id='par_1_62' title="bbox 468 3071 2120 3144">
     <span class='ocr_line' id='line_1_62' title="bbox 468 3071 2120 3144; baseline 0 -17"><span class='ocrx_word' id='word_1_449' title='bbox 468 3071 621 3128; x_wconf 90' lang='lat' dir='ltr'>ciem</span> <span class='ocrx_word' id='word_1_450' title='bbox 647 3071 972 3144; x_wconf 89' lang='lat' dir='ltr'>perspexit,</span> <span class='ocrx_word' id='word_1_451' title='bbox 1007 3071 1233 3128; x_wconf 89' lang='lat' dir='ltr'>claram</span> <span class='ocrx_word' id='word_1_452' title='bbox 1273 3072 1543 3143; x_wconf 90' lang='lat' dir='ltr'>expressi</span> <span class='ocrx_word' id='word_1_453' title='bbox 1582 3071 1785 3127; x_wconf 85' lang='lat' dir='ltr'>vultus</span> <span class='ocrx_word' id='word_1_454' title='bbox 1829 3072 2120 3141; x_wconf 89' lang='lat' dir='ltr'>cognitio-</span> 
     </span>
    </p>
   </div>
   <div class='ocr_carea' id='block_1_63' title="bbox 2237 3071 3838 3152">
    <p class='ocr_par' dir='ltr' id='par_1_63' title="bbox 2237 3077 3838 3152">
     <span class='ocr_line' id='line_1_63' title="bbox 2237 3077 3838 3152; baseline 0.001 -24"><span class='ocrx_word' id='word_1_455' title='bbox 2237 3079 2502 3149; x_wconf 78' lang='grc' dir='ltr'>γενομένην</span> <span class='ocrx_word' id='word_1_456' title='bbox 2532 3084 2627 3138; x_wconf 80' lang='grc' dir='ltr'>τῆς</span> <span class='ocrx_word' id='word_1_457' title='bbox 2650 3085 2850 3151; x_wconf 71' lang='grc' dir='ltr'>μορφῆς</span> <span class='ocrx_word' id='word_1_458' title='bbox 2876 3079 3094 3149; x_wconf 75' lang='grc' dir='ltr'>ἔμφασιν</span> <span class='ocrx_word' id='word_1_459' title='bbox 3126 3083 3477 3149; x_wconf 84' lang='grc' dir='ltr'>κατανοήσας,</span> <span class='ocrx_word' id='word_1_460' title='bbox 3508 3077 3695 3152; x_wconf 77' lang='grc' dir='ltr'>ἐναργῆ</span> <span class='ocrx_word' id='word_1_461' title='bbox 3741 3085 3838 3130; x_wconf 73' lang='grc' dir='ltr'>τοῦ</span> 
     </span>
    </p>
   </div>
   <div class='ocr_carea' id='block_1_64' title="bbox 468 3159 2124 3232">
    <p class='ocr_par' dir='ltr' id='par_1_64' title="bbox 468 3159 2124 3232">
     <span class='ocr_line' id='line_1_64' title="bbox 468 3159 2124 3232; baseline 0 -16"><span class='ocrx_word' id='word_1_462' title='bbox 468 3175 610 3216; x_wconf 89' lang='lat' dir='ltr'>nem</span> <span class='ocrx_word' id='word_1_463' title='bbox 640 3159 895 3232; x_wconf 89' lang='lat' dir='ltr'>adeptus</span> <span class='ocrx_word' id='word_1_464' title='bbox 924 3165 1013 3217; x_wconf 90' lang='lat' dir='ltr'>est</span> <span class='ocrx_word' id='word_1_465' title='bbox 1047 3179 1059 3229; x_wconf 88' lang='lat'><strong>;</strong></span> <span class='ocrx_word' id='word_1_466' title='bbox 1097 3161 1181 3216; x_wconf 93' lang='lat' dir='ltr'>sic</span> <span class='ocrx_word' id='word_1_467' title='bbox 1211 3161 1316 3232; x_wconf 90' lang='lat' dir='ltr'>qui</span> <span class='ocrx_word' id='word_1_468' title='bbox 1348 3160 1555 3216; x_wconf 89' lang='lat' dir='ltr'>Filium</span> <span class='ocrx_word' id='word_1_469' title='bbox 1587 3161 1952 3231; x_wconf 86' lang='lat' dir='ltr'>cognoverit,</span> <span class='ocrx_word' id='word_1_470' title='bbox 2003 3161 2124 3216; x_wconf 76' lang='lat' dir='ltr'>efﬁ-</span> 
     </span>
    </p>
   </div>
   <div class='ocr_carea' id='block_1_65' title="bbox 470 3251 2122 3324">
    <p class='ocr_par' dir='ltr' id='par_1_65' title="bbox 470 3251 2122 3324">
     <span class='ocr_line' id='line_1_65' title="bbox 470 3251 2122 3324; baseline 0.002 -19"><span class='ocrx_word' id='word_1_471' title='bbox 470 3251 628 3322; x_wconf 87' lang='lat' dir='ltr'>giem</span> <span class='ocrx_word' id='word_1_472' title='bbox 658 3256 920 3322; x_wconf 79' lang='lat' dir='ltr'>paternae</span> <span class='ocrx_word' id='word_1_473' title='bbox 953 3251 1299 3323; x_wconf 82' lang='lat' dir='ltr'>hypostasis</span> <span class='ocrx_word' id='word_1_474' title='bbox 1326 3267 1434 3324; x_wconf 92' lang='lat' dir='ltr'>per</span> <span class='ocrx_word' id='word_1_475' title='bbox 1463 3251 1588 3307; x_wconf 85' lang='lat' dir='ltr'>Filii</span> <span class='ocrx_word' id='word_1_476' title='bbox 1615 3251 1889 3308; x_wconf 90' lang='lat' dir='ltr'>notitiam</span> <span class='ocrx_word' id='word_1_477' title='bbox 1919 3252 2122 3309; x_wconf 90' lang='lat' dir='ltr'>animo</span> 
     </span>
    </p>
   </div>
   <div class='ocr_carea' id='block_1_66' title="bbox 470 3339 2124 3414">
    <p class='ocr_par' dir='ltr' id='par_1_66' title="bbox 470 3339 2124 3414">
     <span class='ocr_line' id='line_1_66' title="bbox 470 3339 2124 3414; baseline 0.002 -20"><span class='ocrx_word' id='word_1_478' title='bbox 470 3339 751 3410; x_wconf 90' lang='lat' dir='ltr'>suscepit.</span> <span class='ocrx_word' id='word_1_479' title='bbox 784 3340 999 3396; x_wconf 89' lang='lat' dir='ltr'>Omnia</span> <span class='ocrx_word' id='word_1_480' title='bbox 1030 3341 1190 3395; x_wconf 91' lang='lat' dir='ltr'>enim</span> <span class='ocrx_word' id='word_1_481' title='bbox 1233 3356 1370 3412; x_wconf 61' lang='lat' dir='ltr'>quae</span> <span class='ocrx_word' id='word_1_482' title='bbox 1416 3341 1603 3396; x_wconf 89' lang='lat' dir='ltr'>Patris</span> <span class='ocrx_word' id='word_1_483' title='bbox 1662 3345 1821 3410; x_wconf 90' lang='lat' dir='ltr'>sunt,</span> <span class='ocrx_word' id='word_1_484' title='bbox 1883 3341 2124 3414; x_wconf 90' lang='lat' dir='ltr'>conspi-</span> 
     </span>
    </p>
   </div>
   <div class='ocr_carea' id='block_1_67' title="bbox 470 3428 2123 3501">
    <p class='ocr_par' dir='ltr' id='par_1_67' title="bbox 470 3428 2123 3501">
     <span class='ocr_line' id='line_1_67' title="bbox 470 3428 2123 3501; baseline 0.002 -18"><span class='ocrx_word' id='word_1_485' title='bbox 470 3428 708 3483; x_wconf 90' lang='lat' dir='ltr'>ciuntur</span> <span class='ocrx_word' id='word_1_486' title='bbox 733 3428 797 3482; x_wconf 92' lang='lat' dir='ltr'>in</span> <span class='ocrx_word' id='word_1_487' title='bbox 825 3428 986 3491; x_wconf 84' lang='lat' dir='ltr'>Filio,</span> <span class='ocrx_word' id='word_1_488' title='bbox 1016 3432 1070 3484; x_wconf 91' lang='lat' dir='ltr'>et</span> <span class='ocrx_word' id='word_1_489' title='bbox 1113 3429 1319 3485; x_wconf 85' lang='lat' dir='ltr'>omnia</span> <span class='ocrx_word' id='word_1_490' title='bbox 1369 3445 1505 3501; x_wconf 63' lang='lat' dir='ltr'>qua:</span> <span class='ocrx_word' id='word_1_491' title='bbox 1557 3429 1685 3485; x_wconf 87' lang='lat' dir='ltr'>Filii</span> <span class='ocrx_word' id='word_1_492' title='bbox 1726 3435 1882 3498; x_wconf 88' lang='lat' dir='ltr'>sunt,</span> <span class='ocrx_word' id='word_1_493' title='bbox 1936 3431 2123 3486; x_wconf 87' lang='lat' dir='ltr'>Patris</span> 
     </span>
    </p>
   </div>
   <div class='ocr_carea' id='block_1_68' title="bbox 472 3518 2124 3591">
    <p class='ocr_par' dir='ltr' id='par_1_68' title="bbox 472 3518 2124 3591">
     <span class='ocr_line' id='line_1_68' title="bbox 472 3518 2124 3591; baseline 0.001 -17"><span class='ocrx_word' id='word_1_494' title='bbox 472 3522 636 3574; x_wconf 91' lang='lat' dir='ltr'>sunt:</span> <span class='ocrx_word' id='word_1_495' title='bbox 670 3518 1172 3591; x_wconf 90' lang='lat' dir='ltr'>quandoquidem</span> <span class='ocrx_word' id='word_1_496' title='bbox 1203 3524 1260 3574; x_wconf 89' lang='lat' dir='ltr'>et</span> <span class='ocrx_word' id='word_1_497' title='bbox 1287 3522 1449 3574; x_wconf 88' lang='lat' dir='ltr'>totus</span> <span class='ocrx_word' id='word_1_498' title='bbox 1494 3520 1672 3575; x_wconf 89' lang='lat' dir='ltr'>Filius</span> <span class='ocrx_word' id='word_1_499' title='bbox 1703 3520 1764 3575; x_wconf 91' lang='lat' dir='ltr'>in</span> <span class='ocrx_word' id='word_1_500' title='bbox 1804 3523 1970 3576; x_wconf 90' lang='lat' dir='ltr'>Patre</span> <span class='ocrx_word' id='word_1_501' title='bbox 1999 3538 2124 3577; x_wconf 88' lang='lat' dir='ltr'>ma-</span> 
     </span>
    </p>
   </div>
   <div class='ocr_carea' id='block_1_69' title="bbox 471 3608 2122 3683">
    <p class='ocr_par' dir='ltr' id='par_1_69' title="bbox 471 3608 2122 3683">
     <span class='ocr_line' id='line_1_69' title="bbox 471 3608 2122 3683; baseline 0.002 -18"><span class='ocrx_word' id='word_1_502' title='bbox 471 3613 591 3678; x_wconf 90' lang='lat' dir='ltr'>net,</span> <span class='ocrx_word' id='word_1_503' title='bbox 625 3612 681 3664; x_wconf 89' lang='lat' dir='ltr'>et</span> <span class='ocrx_word' id='word_1_504' title='bbox 711 3612 899 3665; x_wconf 90' lang='lat' dir='ltr'>totum</span> <span class='ocrx_word' id='word_1_505' title='bbox 926 3625 1133 3664; x_wconf 89' lang='lat' dir='ltr'>rursus</span> <span class='ocrx_word' id='word_1_506' title='bbox 1159 3608 1344 3665; x_wconf 88' lang='lat' dir='ltr'>habet</span> <span class='ocrx_word' id='word_1_507' title='bbox 1369 3609 1432 3664; x_wconf 92' lang='lat' dir='ltr'>in</span> <span class='ocrx_word' id='word_1_508' title='bbox 1453 3611 1777 3683; x_wconf 90' lang='lat' dir='ltr'>semetipso</span> <span class='ocrx_word' id='word_1_509' title='bbox 1800 3613 2029 3667; x_wconf 87' lang='lat' dir='ltr'>Patrem</span> <span class='ocrx_word' id='word_1_510' title='bbox 2053 3614 2122 3668; x_wconf 70' lang='grc'>³⁵.</span> 
     </span>
    </p>
   </div>
   <div class='ocr_carea' id='block_1_70' title="bbox 474 3698 2122 3771">
    <p class='ocr_par' dir='ltr' id='par_1_70' title="bbox 474 3698 2122 3771">
     <span class='ocr_line' id='line_1_70' title="bbox 474 3698 2122 3771; baseline 0.002 -17"><span class='ocrx_word' id='word_1_511' title='bbox 474 3700 667 3765; x_wconf 85' lang='lat' dir='ltr'>Quare</span> <span class='ocrx_word' id='word_1_512' title='bbox 693 3698 819 3754; x_wconf 90' lang='lat' dir='ltr'>Filii</span> <span class='ocrx_word' id='word_1_513' title='bbox 848 3698 1195 3771; x_wconf 86' lang='lat' dir='ltr'>hypostasis</span> <span class='ocrx_word' id='word_1_514' title='bbox 1227 3699 1402 3771; x_wconf 89' lang='lat' dir='ltr'>quasi</span> <span class='ocrx_word' id='word_1_515' title='bbox 1451 3698 1646 3756; x_wconf 86' lang='lat' dir='ltr'>forma</span> <span class='ocrx_word' id='word_1_516' title='bbox 1691 3716 1761 3755; x_wconf 89' lang='lat' dir='ltr'>ac</span> <span class='ocrx_word' id='word_1_517' title='bbox 1805 3700 1988 3756; x_wconf 87' lang='lat' dir='ltr'>facies</span> <span class='ocrx_word' id='word_1_518' title='bbox 2017 3706 2122 3771; x_wconf 90' lang='lat' dir='ltr'>est,</span> 
     </span>
    </p>
   </div>
   <div class='ocr_carea' id='block_1_71' title="bbox 472 3789 2125 3862">
    <p class='ocr_par' dir='ltr' id='par_1_71' title="bbox 472 3789 2125 3862">
     <span class='ocr_line' id='line_1_71' title="bbox 472 3789 2125 3862; baseline 0.004 -20"><span class='ocrx_word' id='word_1_519' title='bbox 472 3804 597 3856; x_wconf 89' lang='lat' dir='ltr'>qua</span> <span class='ocrx_word' id='word_1_520' title='bbox 640 3791 806 3845; x_wconf 86' lang='lat' dir='ltr'>Pater</span> <span class='ocrx_word' id='word_1_521' title='bbox 843 3789 1227 3859; x_wconf 90' lang='lat' dir='ltr'>cognoscitur</span> <span class='ocrx_word' id='word_1_522' title='bbox 1268 3805 1280 3844; x_wconf 90' lang='lat'>:</span> <span class='ocrx_word' id='word_1_523' title='bbox 1333 3793 1390 3845; x_wconf 92' lang='lat' dir='ltr'>et</span> <span class='ocrx_word' id='word_1_524' title='bbox 1437 3789 1622 3844; x_wconf 90' lang='lat' dir='ltr'>Patris</span> <span class='ocrx_word' id='word_1_525' title='bbox 1673 3789 2023 3862; x_wconf 85' lang='lat' dir='ltr'>hypostasis</span> <span class='ocrx_word' id='word_1_526' title='bbox 2065 3793 2125 3848; x_wconf 91' lang='lat' dir='ltr'>in</span> 
     </span>
    </p>
   </div>
   <div class='ocr_carea' id='block_1_72' title="bbox 473 3876 2123 3950">
    <p class='ocr_par' dir='ltr' id='par_1_72' title="bbox 473 3876 2123 3950">
     <span class='ocr_line' id='line_1_72' title="bbox 473 3876 2123 3950; baseline 0.004 -19"><span class='ocrx_word' id='word_1_527' title='bbox 473 3876 670 3934; x_wconf 86' lang='lat' dir='ltr'>forma</span> <span class='ocrx_word' id='word_1_528' title='bbox 700 3878 821 3933; x_wconf 84' lang='lat' dir='ltr'>Filii</span> <span class='ocrx_word' id='word_1_529' title='bbox 847 3879 1216 3950; x_wconf 89' lang='lat' dir='ltr'>agnoscitur,</span> <span class='ocrx_word' id='word_1_530' title='bbox 1249 3882 1532 3935; x_wconf 87' lang='lat' dir='ltr'>manente</span> <span class='ocrx_word' id='word_1_531' title='bbox 1564 3893 1700 3950; x_wconf 71' lang='lat' dir='ltr'>quae</span> <span class='ocrx_word' id='word_1_532' title='bbox 1731 3879 1791 3934; x_wconf 92' lang='lat' dir='ltr'>in</span> <span class='ocrx_word' id='word_1_533' title='bbox 1835 3879 1951 3936; x_wconf 89' lang='lat' dir='ltr'>illis</span> <span class='ocrx_word' id='word_1_534' title='bbox 1983 3897 2123 3937; x_wconf 92' lang='lat' dir='ltr'>con-</span> 
     </span>
    </p>
   </div>
   <div class='ocr_carea' id='block_1_73' title="bbox 475 3967 2129 4041">
    <p class='ocr_par' dir='ltr' id='par_1_73' title="bbox 475 3967 2129 4041">
     <span class='ocr_line' id='line_1_73' title="bbox 475 3967 2129 4041; baseline 0.005 -21"><span class='ocrx_word' id='word_1_535' title='bbox 475 3967 770 4023; x_wconf 90' lang='lat' dir='ltr'>sideratur</span> <span class='ocrx_word' id='word_1_536' title='bbox 798 3969 1160 4041; x_wconf 89' lang='lat' dir='ltr'>proprietate</span> <span class='ocrx_word' id='word_1_537' title='bbox 1200 3969 1280 4026; x_wconf 90' lang='lat' dir='ltr'>ad</span> <span class='ocrx_word' id='word_1_538' title='bbox 1310 3969 1541 4026; x_wconf 89' lang='lat' dir='ltr'>claram</span> <span class='ocrx_word' id='word_1_539' title='bbox 1588 3969 2004 4040; x_wconf 75' lang='lat' dir='ltr'>hypostasemn</span> <span class='ocrx_word' id='word_1_540' title='bbox 2045 3971 2129 4028; x_wconf 92' lang='lat' dir='ltr'>di-</span> 
     </span>
    </p>
   </div>
   <div class='ocr_carea' id='block_1_74' title="bbox 473 4054 844 4113">
    <p class='ocr_par' dir='ltr' id='par_1_74' title="bbox 473 4054 844 4113">
     <span class='ocr_line' id='line_1_74' title="bbox 473 4054 844 4113; baseline 0.005 -2"><span class='ocrx_word' id='word_1_541' title='bbox 473 4054 844 4113; x_wconf 88' lang='lat' dir='ltr'>tinctionem.</span> 
     </span>
    </p>
   </div>
   <div class='ocr_carea' id='block_1_75' title="bbox 974 4283 1626 4342">
    <p class='ocr_par' dir='ltr' id='par_1_75' title="bbox 974 4283 1626 4342">
     <span class='ocr_line' id='line_1_75' title="bbox 974 4283 1626 4342; baseline 0.005 -3"><span class='ocrx_word' id='word_1_542' title='bbox 974 4283 1321 4342; x_wconf 84' lang='lat' dir='ltr'>EPISTOLA</span> <span class='ocrx_word' id='word_1_543' title='bbox 1358 4284 1626 4342; x_wconf 76' lang='lat' dir='ltr'>XXXIX‘.</span> 
     </span>
    </p>
   </div>
   <div class='ocr_carea' id='block_1_76' title="bbox 2231 3165 3838 3240">
    <p class='ocr_par' dir='ltr' id='par_1_76' title="bbox 2231 3165 3838 3240">
     <span class='ocr_line' id='line_1_76' title="bbox 2231 3165 3838 3240; baseline 0 -22"><span class='ocrx_word' id='word_1_544' title='bbox 2231 3165 2671 3226; x_wconf 82' lang='grc' dir='ltr'>ἀπεικονισθέντος</span> <span class='ocrx_word' id='word_1_545' title='bbox 2723 3170 3005 3240; x_wconf 84' lang='grc' dir='ltr'>προσώπου</span> <span class='ocrx_word' id='word_1_546' title='bbox 3060 3171 3148 3224; x_wconf 78' lang='grc' dir='ltr'>τὴν</span> <span class='ocrx_word' id='word_1_547' title='bbox 3203 3175 3398 3238; x_wconf 69' lang='grc' dir='ltr'>γνῶσιν</span> <span class='ocrx_word' id='word_1_548' title='bbox 3456 3169 3631 3239; x_wconf 81' lang='grc' dir='ltr'>ἔσχεν·</span> <span class='ocrx_word' id='word_1_549' title='bbox 3667 3169 3838 3227; x_wconf 71' lang='grc' dir='ltr'>οὕτως</span> 
     </span>
    </p>
   </div>
   <div class='ocr_carea' id='block_1_77' title="bbox 2233 3255 3840 3330">
    <p class='ocr_par' dir='ltr' id='par_1_77' title="bbox 2233 3255 3840 3330">
     <span class='ocr_line' id='line_1_77' title="bbox 2233 3255 3840 3330; baseline -0.001 -22"><span class='ocrx_word' id='word_1_550' title='bbox 2233 3257 2258 3308; x_wconf 92' lang='lat'>6</span> <span class='ocrx_word' id='word_1_551' title='bbox 2323 3259 2410 3308; x_wconf 88' lang='grc' dir='ltr'>τόν</span> <span class='ocrx_word' id='word_1_552' title='bbox 2467 3257 2584 3308; x_wconf 85' lang='grc' dir='ltr'>Υἰόν</span> <span class='ocrx_word' id='word_1_553' title='bbox 2634 3255 2872 3327; x_wconf 69' lang='grc' dir='ltr'>ἐπιγνοὺς</span> <span class='ocrx_word' id='word_1_554' title='bbox 2934 3258 3020 3307; x_wconf 89' lang='grc' dir='ltr'>τόν</span> <span class='ocrx_word' id='word_1_555' title='bbox 3066 3264 3388 3330; x_wconf 80' lang='grc' dir='ltr'>χαρακτῆρα</span> <span class='ocrx_word' id='word_1_556' title='bbox 3430 3264 3524 3318; x_wconf 81' lang='grc' dir='ltr'>τῆς</span> <span class='ocrx_word' id='word_1_557' title='bbox 3577 3263 3840 3329; x_wconf 80' lang='grc' dir='ltr'>πατρικῆς</span> 
     </span>
    </p>
   </div>
   <div class='ocr_carea' id='block_1_78' title="bbox 2231 3341 3843 3420">
    <p class='ocr_par' dir='ltr' id='par_1_78' title="bbox 2231 3341 3843 3420">
     <span class='ocr_line' id='line_1_78' title="bbox 2231 3341 3843 3420; baseline 0.001 -24"><span class='ocrx_word' id='word_1_558' title='bbox 2231 3346 2568 3407; x_wconf 78' lang='grc' dir='ltr'>ὑποστάσεως</span> <span class='ocrx_word' id='word_1_559' title='bbox 2601 3341 2694 3397; x_wconf 87' lang='grc' dir='ltr'>διά</span> <span class='ocrx_word' id='word_1_560' title='bbox 2720 3353 2810 3405; x_wconf 85' lang='grc' dir='ltr'>τῆς</span> <span class='ocrx_word' id='word_1_561' title='bbox 2838 3353 2930 3397; x_wconf 81' lang='grc' dir='ltr'>τοῦ</span> <span class='ocrx_word' id='word_1_562' title='bbox 2983 3347 3106 3398; x_wconf 76' lang='grc' dir='ltr'>Υἰοῦ</span> <span class='ocrx_word' id='word_1_563' title='bbox 3147 3351 3389 3417; x_wconf 71' lang='grc' dir='ltr'>γνώσεως</span> <span class='ocrx_word' id='word_1_564' title='bbox 3436 3346 3486 3398; x_wconf 84' lang='grc' dir='ltr'>ἐν</span> <span class='ocrx_word' id='word_1_565' title='bbox 3531 3352 3592 3418; x_wconf 73' lang='grc' dir='ltr'><strong>τῇ</strong></span> <span class='ocrx_word' id='word_1_566' title='bbox 3634 3341 3843 3420; x_wconf 79' lang='grc' dir='ltr'>καρδίᾳ</span> 
     </span>
    </p>
   </div>
   <div class='ocr_carea' id='block_1_79' title="bbox 2234 3430 3843 3510">
    <p class='ocr_par' dir='ltr' id='par_1_79' title="bbox 2234 3430 3843 3510">
     <span class='ocr_line' id='line_1_79' title="bbox 2234 3430 3843 3510; baseline 0.001 -24"><span class='ocrx_word' id='word_1_567' title='bbox 2234 3430 2443 3496; x_wconf 85' lang='grc' dir='ltr'>ἐδέξατο</span> <span class='ocrx_word' id='word_1_568' title='bbox 2467 3436 2599 3505; x_wconf 77' lang='grc'>(42).</span> <span class='ocrx_word' id='word_1_569' title='bbox 2625 3436 2800 3486; x_wconf 88' lang='grc' dir='ltr'>Πάντα</span> <span class='ocrx_word' id='word_1_570' title='bbox 2823 3437 2922 3509; x_wconf 77' lang='grc' dir='ltr'>γὰρ</span> <span class='ocrx_word' id='word_1_571' title='bbox 2955 3436 3021 3486; x_wconf 85' lang='grc' dir='ltr'>τὰ</span> <span class='ocrx_word' id='word_1_572' title='bbox 3050 3441 3142 3486; x_wconf 84' lang='grc' dir='ltr'>τοῦ</span> <span class='ocrx_word' id='word_1_573' title='bbox 3163 3437 3366 3510; x_wconf 84' lang='grc' dir='ltr'>Πατρός</span> <span class='ocrx_word' id='word_1_574' title='bbox 3392 3434 3440 3487; x_wconf 82' lang='grc' dir='ltr'>ἐν</span> <span class='ocrx_word' id='word_1_575' title='bbox 3459 3442 3532 3504; x_wconf 84' lang='grc' dir='ltr'>τῷ</span> <span class='ocrx_word' id='word_1_576' title='bbox 3559 3437 3664 3501; x_wconf 80' lang='grc' dir='ltr'>Υἱῷ</span> <span class='ocrx_word' id='word_1_577' title='bbox 3680 3436 3843 3487; x_wconf 85' lang='grc' dir='ltr'>καθο-</span> 
     </span>
    </p>
   </div>
   <div class='ocr_carea' id='block_1_80' title="bbox 2232 3523 3840 3598">
    <p class='ocr_par' dir='ltr' id='par_1_80' title="bbox 2232 3523 3840 3598">
     <span class='ocr_line' id='line_1_80' title="bbox 2232 3523 3840 3598; baseline 0 -24"><span class='ocrx_word' id='word_1_578' title='bbox 2232 3530 2408 3598; x_wconf 71' lang='grc' dir='ltr'>ρᾶται,</span> <span class='ocrx_word' id='word_1_579' title='bbox 2468 3528 2557 3575; x_wconf 87' lang='grc' dir='ltr'>καὶ</span> <span class='ocrx_word' id='word_1_580' title='bbox 2596 3525 2765 3576; x_wconf 86' lang='grc' dir='ltr'>πάντα</span> <span class='ocrx_word' id='word_1_581' title='bbox 2798 3526 2864 3575; x_wconf 89' lang='grc' dir='ltr'>τά</span> <span class='ocrx_word' id='word_1_582' title='bbox 2923 3530 3016 3575; x_wconf 86' lang='grc' dir='ltr'>τοῦ</span> <span class='ocrx_word' id='word_1_583' title='bbox 3074 3525 3199 3576; x_wconf 82' lang='grc' dir='ltr'>Υἰοῦ</span> <span class='ocrx_word' id='word_1_584' title='bbox 3259 3530 3351 3576; x_wconf 82' lang='grc' dir='ltr'>τοῦ</span> <span class='ocrx_word' id='word_1_585' title='bbox 3390 3526 3592 3596; x_wconf 80' lang='grc' dir='ltr'>Πατρός</span> <span class='ocrx_word' id='word_1_586' title='bbox 3633 3523 3782 3575; x_wconf 84' lang='grc' dir='ltr'>ἐστιν</span> <span class='ocrx_word' id='word_1_587' title='bbox 3823 3544 3840 3557; x_wconf 75' lang='grc' dir='ltr'><strong>ο</strong></span> 
     </span>
    </p>
   </div>
   <div class='ocr_carea' id='block_1_81' title="bbox 2234 3609 3841 3688">
    <p class='ocr_par' dir='ltr' id='par_1_81' title="bbox 2234 3609 3841 3688">
     <span class='ocr_line' id='line_1_81' title="bbox 2234 3609 3841 3688; baseline 0 -23"><span class='ocrx_word' id='word_1_588' title='bbox 2234 3609 2413 3670; x_wconf 80' lang='grc' dir='ltr'>ἐπειδὴ</span> <span class='ocrx_word' id='word_1_589' title='bbox 2447 3617 2536 3664; x_wconf 84' lang='grc' dir='ltr'>καὶ</span> <span class='ocrx_word' id='word_1_590' title='bbox 2567 3613 2676 3674; x_wconf 86' lang='grc' dir='ltr'>ὅλος</span> <span class='ocrx_word' id='word_1_591' title='bbox 2705 3617 2730 3665; x_wconf 93' lang='grc' dir='ltr'>ό</span> <span class='ocrx_word' id='word_1_592' title='bbox 2760 3614 2881 3672; x_wconf 82' lang='grc' dir='ltr'>Υἱός</span> <span class='ocrx_word' id='word_1_593' title='bbox 2933 3612 2980 3664; x_wconf 85' lang='grc' dir='ltr'>ἐν</span> <span class='ocrx_word' id='word_1_594' title='bbox 3029 3620 3102 3683; x_wconf 83' lang='grc' dir='ltr'>τῷ</span> <span class='ocrx_word' id='word_1_595' title='bbox 3153 3618 3320 3688; x_wconf 80' lang='grc' dir='ltr'>Πατρὶ</span> <span class='ocrx_word' id='word_1_596' title='bbox 3373 3617 3528 3685; x_wconf 79' lang='grc' dir='ltr'>μένει,</span> <span class='ocrx_word' id='word_1_597' title='bbox 3578 3617 3670 3665; x_wconf 80' lang='grc' dir='ltr'>καὶ</span> <span class='ocrx_word' id='word_1_598' title='bbox 3722 3613 3841 3665; x_wconf 79' lang='grc' dir='ltr'>ὅλον</span> 
     </span>
    </p>
   </div>
   <div class='ocr_carea' id='block_1_82' title="bbox 2233 3701 3839 3775">
    <p class='ocr_par' dir='ltr' id='par_1_82' title="bbox 2233 3701 3839 3775">
     <span class='ocr_line' id='line_1_82' title="bbox 2233 3701 3839 3775; baseline -0.002 -19"><span class='ocrx_word' id='word_1_599' title='bbox 2233 3706 2346 3775; x_wconf 84' lang='grc' dir='ltr'>ἔχει</span> <span class='ocrx_word' id='word_1_600' title='bbox 2376 3703 2528 3756; x_wconf 87' lang='grc' dir='ltr'>πάλιν</span> <span class='ocrx_word' id='word_1_601' title='bbox 2560 3703 2606 3755; x_wconf 84' lang='grc' dir='ltr'>ἐν</span> <span class='ocrx_word' id='word_1_602' title='bbox 2663 3703 2830 3772; x_wconf 82' lang='grc' dir='ltr'>ἐαυτῷ</span> <span class='ocrx_word' id='word_1_603' title='bbox 2861 3705 2948 3754; x_wconf 88' lang='grc' dir='ltr'>τόν</span> <span class='ocrx_word' id='word_1_604' title='bbox 2991 3705 3215 3774; x_wconf 83' lang='grc' dir='ltr'>Πατέρα·</span> <span class='ocrx_word' id='word_1_605' title='bbox 3263 3701 3425 3755; x_wconf 80' lang='grc' dir='ltr'>Ὥστε</span> <span class='ocrx_word' id='word_1_606' title='bbox 3481 3703 3509 3760; x_wconf 83' lang='grc' dir='ltr'>ἡ</span> <span class='ocrx_word' id='word_1_607' title='bbox 3558 3709 3651 3754; x_wconf 85' lang='grc' dir='ltr'>τοῦ</span> <span class='ocrx_word' id='word_1_608' title='bbox 3711 3704 3839 3754; x_wconf 79' lang='grc' dir='ltr'>Υεού</span> 
     </span>
    </p>
   </div>
   <div class='ocr_carea' id='block_1_83' title="bbox 2233 3793 3843 3864">
    <p class='ocr_par' dir='ltr' id='par_1_83' title="bbox 2233 3793 3843 3864">
     <span class='ocr_line' id='line_1_83' title="bbox 2233 3793 3843 3864; baseline -0.002 -20"><span class='ocrx_word' id='word_1_609' title='bbox 2233 3793 2522 3853; x_wconf 68' lang='grc' dir='ltr'>ὑπόστασις</span> <span class='ocrx_word' id='word_1_610' title='bbox 2553 3795 2705 3844; x_wconf 78' lang='grc' dir='ltr'>οἱονεὶ</span> <span class='ocrx_word' id='word_1_611' title='bbox 2734 3795 2903 3864; x_wconf 72' lang='grc' dir='ltr'>μορφὴ</span> <span class='ocrx_word' id='word_1_612' title='bbox 2937 3795 3026 3843; x_wconf 85' lang='grc' dir='ltr'>καὶ</span> <span class='ocrx_word' id='word_1_613' title='bbox 3056 3795 3335 3864; x_wconf 87' lang='grc' dir='ltr'>πρόσωπον</span> <span class='ocrx_word' id='word_1_614' title='bbox 3361 3795 3560 3863; x_wconf 76' lang='grc' dir='ltr'>’γίνεται</span> <span class='ocrx_word' id='word_1_615' title='bbox 3601 3798 3690 3852; x_wconf 82' lang='grc' dir='ltr'>τῆς</span> <span class='ocrx_word' id='word_1_616' title='bbox 3746 3799 3843 3843; x_wconf 75' lang='grc' dir='ltr'>τοῦ</span> 
     </span>
    </p>
   </div>
   <div class='ocr_carea' id='block_1_84' title="bbox 2236 3879 3843 3957">
    <p class='ocr_par' dir='ltr' id='par_1_84' title="bbox 2236 3879 3843 3957">
     <span class='ocr_line' id='line_1_84' title="bbox 2236 3879 3843 3957; baseline -0.001 -23"><span class='ocrx_word' id='word_1_617' title='bbox 2236 3885 2439 3957; x_wconf 82' lang='grc' dir='ltr'>Πατρός</span> <span class='ocrx_word' id='word_1_618' title='bbox 2465 3882 2790 3954; x_wconf 74' lang='grc' dir='ltr'>ἐπιγνώσεως</span> <span class='ocrx_word' id='word_1_619' title='bbox 2813 3901 2826 3914; x_wconf 74' lang='grc' dir='ltr'><strong><em>ο</em></strong></span> <span class='ocrx_word' id='word_1_620' title='bbox 2876 3884 2965 3932; x_wconf 85' lang='grc' dir='ltr'>καὶ</span> <span class='ocrx_word' id='word_1_621' title='bbox 2995 3881 3025 3938; x_wconf 81' lang='grc' dir='ltr'>ἡ</span> <span class='ocrx_word' id='word_1_622' title='bbox 3078 3887 3172 3932; x_wconf 79' lang='grc' dir='ltr'>τοῦ</span> <span class='ocrx_word' id='word_1_623' title='bbox 3212 3884 3416 3951; x_wconf 89' lang='grc' dir='ltr'>Πατρός</span> <span class='ocrx_word' id='word_1_624' title='bbox 3462 3882 3761 3940; x_wconf 70' lang='grc' dir='ltr'>ὑπόστασις</span> <span class='ocrx_word' id='word_1_625' title='bbox 3794 3879 3843 3932; x_wconf 76' lang='grc' dir='ltr'>ἐν</span> 
     </span>
    </p>
   </div>
   <div class='ocr_carea' id='block_1_85' title="bbox 2233 3969 3850 4045">
    <p class='ocr_par' dir='ltr' id='par_1_85' title="bbox 2233 3969 3850 4045">
     <span class='ocr_line' id='line_1_85' title="bbox 2233 3969 3850 4045; baseline -0.002 -20"><span class='ocrx_word' id='word_1_626' title='bbox 2233 3980 2294 4045; x_wconf 73' lang='grc' dir='ltr'>τῇ</span> <span class='ocrx_word' id='word_1_627' title='bbox 2328 3979 2419 4023; x_wconf 76' lang='grc' dir='ltr'>τοῦ</span> <span class='ocrx_word' id='word_1_628' title='bbox 2441 3973 2564 4024; x_wconf 76' lang='grc' dir='ltr'>Υἱοῦ</span> <span class='ocrx_word' id='word_1_629' title='bbox 2588 3979 2757 4044; x_wconf 78' lang='grc' dir='ltr'>μορφῇ</span> <span class='ocrx_word' id='word_1_630' title='bbox 2801 3969 3219 4041; x_wconf 73' lang='grc' dir='ltr'>ἐπιγινώσκεται,</span> <span class='ocrx_word' id='word_1_631' title='bbox 3244 3972 3502 4042; x_wconf 77' lang='grc' dir='ltr'>μενούσης</span> <span class='ocrx_word' id='word_1_632' title='bbox 3530 3969 3713 4031; x_wconf 72' lang='grc' dir='ltr'>αὐτοῖς</span> <span class='ocrx_word' id='word_1_633' title='bbox 3746 3977 3812 4029; x_wconf 74' lang='grc' dir='ltr'>τῆ</span> <span class='ocrx_word' id='word_1_634' title='bbox 3824 3992 3850 4032; x_wconf 88' lang='grc' dir='ltr'>ς</span> 
     </span>
    </p>
   </div>
   <div class='ocr_carea' id='block_1_86' title="bbox 2235 4056 3844 4136">
    <p class='ocr_par' dir='ltr' id='par_1_86' title="bbox 2235 4056 3844 4136">
     <span class='ocr_line' id='line_1_86' title="bbox 2235 4056 3844 4136; baseline -0.002 -22"><span class='ocrx_word' id='word_1_635' title='bbox 2235 4062 2676 4136; x_wconf 80' lang='grc' dir='ltr'>ἐπιθεωρουμένης</span> <span class='ocrx_word' id='word_1_636' title='bbox 2725 4056 2981 4120; x_wconf 84' lang='grc' dir='ltr'>ἰδιότητος</span> <span class='ocrx_word' id='word_1_637' title='bbox 3032 4059 3098 4121; x_wconf 86' lang='grc' dir='ltr'>εἰς</span> <span class='ocrx_word' id='word_1_638' title='bbox 3165 4056 3433 4133; x_wconf 87' lang='grc' dir='ltr'>διάκρισιν</span> <span class='ocrx_word' id='word_1_639' title='bbox 3489 4058 3678 4135; x_wconf 75' lang='grc' dir='ltr'>ἐναργῆ</span> <span class='ocrx_word' id='word_1_640' title='bbox 3736 4067 3844 4111; x_wconf 79' lang='grc' dir='ltr'>τῶν</span> 
     </span>
    </p>
   </div>
   <div class='ocr_carea' id='block_1_87' title="bbox 2236 4152 2595 4206">
    <p class='ocr_par' dir='ltr' id='par_1_87' title="bbox 2236 4152 2595 4206">
     <span class='ocr_line' id='line_1_87' title="bbox 2236 4152 2595 4206; baseline 0.011 -4"><span class='ocrx_word' id='word_1_641' title='bbox 2236 4153 2334 4203; x_wconf 83' lang='grc' dir='ltr'>ὑπο</span> <span class='ocrx_word' id='word_1_642' title='bbox 2343 4152 2595 4206; x_wconf 88' lang='grc' dir='ltr'>στάσεων.</span> 
     </span>
    </p>
   </div>
   <div class='ocr_carea' id='block_1_88' title="bbox 2789 4280 3288 4339">
    <p class='ocr_par' dir='ltr' id='par_1_88' title="bbox 2789 4280 3288 4339">
     <span class='ocr_line' id='line_1_88' title="bbox 2789 4280 3288 4339; baseline 0.004 -2"><span class='ocrx_word' id='word_1_643' title='bbox 2789 4290 3124 4337; x_wconf 69' lang='grc' dir='ltr'>ΕΠΙΣΤΟΛΠ</span> <span class='ocrx_word' id='word_1_644' title='bbox 3167 4280 3288 4339; x_wconf 58' lang='grc' dir='ltr'>Αθᾌ</span> 
     </span>
    </p>
   </div>
   <div class='ocr_carea' id='block_1_89' title="bbox 1454 4411 2856 4470">
    <p class='ocr_par' dir='ltr' id='par_1_89' title="bbox 1454 4411 2856 4470">
     <span class='ocr_line' id='line_1_89' title="bbox 1454 4411 2856 4470; baseline -0.003 -2"><span class='ocrx_word' id='word_1_645' title='bbox 1454 4414 1747 4468; x_wconf 76' lang='lat' dir='ltr'>Basiliam</span> <span class='ocrx_word' id='word_1_646' title='bbox 1770 4413 1988 4469; x_wconf 78' lang='lat' dir='ltr'>invitat</span> <span class='ocrx_word' id='word_1_647' title='bbox 2016 4411 2302 4470; x_wconf 83' lang='lat' dir='ltr'>Julianus</span> <span class='ocrx_word' id='word_1_648' title='bbox 2342 4415 2405 4466; x_wconf 84' lang='lat' dir='ltr'>ut</span> <span class='ocrx_word' id='word_1_649' title='bbox 2436 4411 2517 4467; x_wconf 80' lang='lat' dir='ltr'>ad</span> <span class='ocrx_word' id='word_1_650' title='bbox 2545 4427 2603 4467; x_wconf 73' lang='lat' dir='ltr'>se</span> <span class='ocrx_word' id='word_1_651' title='bbox 2636 4411 2856 4466; x_wconf 74' lang='lat' dir='ltr'>veniat.</span> 
     </span>
    </p>
   </div>
   <div class='ocr_carea' id='block_1_90' title="bbox 1006 4535 1582 4593">
    <p class='ocr_par' dir='ltr' id='par_1_90' title="bbox 1006 4535 1582 4593">
     <span class='ocr_line' id='line_1_90' title="bbox 1006 4535 1582 4593; baseline 0.009 -5"><span class='ocrx_word' id='word_1_652' title='bbox 1006 4535 1291 4592; x_wconf 79' lang='lat' dir='ltr'>Julianus</span> <span class='ocrx_word' id='word_1_653' title='bbox 1329 4537 1582 4593; x_wconf 80' lang='lat' dir='ltr'>Basilio.</span> 
     </span>
    </p>
   </div>
   <div class='ocr_carea' id='block_1_91' title="bbox 544 4647 2122 4724">
    <p class='ocr_par' dir='ltr' id='par_1_91' title="bbox 544 4647 2122 4724">
     <span class='ocr_line' id='line_1_91' title="bbox 544 4647 2122 4724; baseline 0.003 -21"><span class='ocrx_word' id='word_1_654' title='bbox 544 4647 683 4703; x_wconf 86' lang='lat' dir='ltr'>Non</span> <span class='ocrx_word' id='word_1_655' title='bbox 711 4647 930 4704; x_wconf 88' lang='lat' dir='ltr'>bellum</span> <span class='ocrx_word' id='word_1_656' title='bbox 955 4648 1298 4722; x_wconf 78' lang='lat' dir='ltr'>denuntias,</span> <span class='ocrx_word' id='word_1_657' title='bbox 1327 4651 1408 4708; x_wconf 90' lang='lat' dir='ltr'>ait</span> <span class='ocrx_word' id='word_1_658' title='bbox 1433 4651 1858 4724; x_wconf 87' lang='lat' dir='ltr'>proverbium:</span> <span class='ocrx_word' id='word_1_659' title='bbox 1904 4655 1965 4708; x_wconf 88' lang='lat' dir='ltr'>at</span> <span class='ocrx_word' id='word_1_660' title='bbox 2011 4667 2122 4721; x_wconf 90' lang='lat' dir='ltr'>ego</span> 
     </span>
    </p>
   </div>
   <div class='ocr_carea' id='block_1_92' title="bbox 475 4735 2118 4798">
    <p class='ocr_par' dir='ltr' id='par_1_92' title="bbox 475 4735 2118 4798">
     <span class='ocr_line' id='line_1_92' title="bbox 475 4735 2118 4798; baseline 0.004 -7"><span class='ocrx_word' id='word_1_661' title='bbox 475 4735 700 4793; x_wconf 87' lang='lat' dir='ltr'>addam</span> <span class='ocrx_word' id='word_1_662' title='bbox 730 4736 909 4793; x_wconf 90' lang='lat' dir='ltr'>etiam</span> <span class='ocrx_word' id='word_1_663' title='bbox 933 4737 1079 4795; x_wconf 93' lang='lat' dir='ltr'>illud</span> <span class='ocrx_word' id='word_1_664' title='bbox 1109 4741 1418 4797; x_wconf 82' lang='lat' dir='ltr'>comoediae</span> <span class='ocrx_word' id='word_1_665' title='bbox 1447 4741 1699 4798; x_wconf 89' lang='lat' dir='ltr'>veteris:</span> <span class='ocrx_word' id='word_1_666' title='bbox 1742 4742 1788 4797; x_wconf 94' lang='lat'><em>0</em></span> <span class='ocrx_word' id='word_1_667' title='bbox 1838 4743 2118 4798; x_wconf 74' lang='lat' dir='ltr'>nuntium</span> 
     </span>
    </p>
   </div>
   <div class='ocr_carea' id='block_1_93' title="bbox 474 4826 2120 4904">
    <p class='ocr_par' dir='ltr' id='par_1_93' title="bbox 474 4826 2120 4904">
     <span class='ocr_line' id='line_1_93' title="bbox 474 4826 2120 4904; baseline 0.002 -21"><span class='ocrx_word' id='word_1_668' title='bbox 474 4826 789 4884; x_wconf 80' lang='lat' dir='ltr'>verborum</span> <span class='ocrx_word' id='word_1_669' title='bbox 819 4833 1177 4886; x_wconf 83' lang='lat' dir='ltr'>aureorum!</span> <span class='ocrx_word' id='word_1_670' title='bbox 1207 4832 1332 4901; x_wconf 83' lang='lat' dir='ltr'>Age</span> <span class='ocrx_word' id='word_1_671' title='bbox 1358 4831 1769 4904; x_wconf 89' lang='lat' dir='ltr'>igitur,reipsa</span> <span class='ocrx_word' id='word_1_672' title='bbox 1787 4831 2120 4900; x_wconf 89' lang='lat' dir='ltr'>ostende,et</span> 
     </span>
    </p>
   </div>
   <div class='ocr_carea' id='block_1_94' title="bbox 547 4953 1070 5023">
    <p class='ocr_par' dir='ltr' id='par_1_94' title="bbox 547 4953 1070 5023">
     <span class='ocr_line' id='line_1_94' title="bbox 547 4953 1070 5023; baseline 0.006 -17"><span class='ocrx_word' id='word_1_673' title='bbox 547 4953 594 4988; x_wconf 79' lang='grc'>’³</span> <span class='ocrx_word' id='word_1_674' title='bbox 633 4953 851 5010; x_wconf 88' lang='lat' dir='ltr'>Joann.</span> <span class='ocrx_word' id='word_1_675' title='bbox 877 4970 988 5023; x_wconf 76' lang='lat' dir='ltr'>xxv,</span> <span class='ocrx_word' id='word_1_676' title='bbox 1018 4959 1070 5011; x_wconf 91' lang='lat'>9.</span> 
     </span>
    </p>
   </div>
   <div class='ocr_carea' id='block_1_95' title="bbox 544 5079 963 5136">
    <p class='ocr_par' dir='ltr' id='par_1_95' title="bbox 544 5079 963 5136">
     <span class='ocr_line' id='line_1_95' title="bbox 544 5079 963 5136; baseline 0.005 -4"><span class='ocrx_word' id='word_1_677' title='bbox 544 5080 558 5097; x_wconf 84' lang='lat'>&#39;</span> <span class='ocrx_word' id='word_1_678' title='bbox 587 5079 752 5136; x_wconf 87' lang='lat' dir='ltr'>Alias</span> <span class='ocrx_word' id='word_1_679' title='bbox 785 5082 963 5136; x_wconf 84' lang='lat' dir='ltr'>CCVI.</span> 
     </span>
    </p>
   </div>
   <div class='ocr_carea' id='block_1_96' title="bbox 544 5152 2113 5225">
    <p class='ocr_par' dir='ltr' id='par_1_96' title="bbox 544 5152 2113 5225">
     <span class='ocr_line' id='line_1_96' title="bbox 544 5152 2113 5225; baseline 0.001 -17"><span class='ocrx_word' id='word_1_680' title='bbox 544 5152 655 5223; x_wconf 87' lang='lat'>(38)</span> <span class='ocrx_word' id='word_1_681' title='bbox 692 5156 792 5204; x_wconf 87' lang='grc' dir='ltr'>Καὶ</span> <span class='ocrx_word' id='word_1_682' title='bbox 820 5160 915 5212; x_wconf 82' lang='grc' dir='ltr'>τῆς</span> <span class='ocrx_word' id='word_1_683' title='bbox 944 5159 1056 5225; x_wconf 79' lang='grc' dir='ltr'>τοῦ.</span> <span class='ocrx_word' id='word_1_684' title='bbox 1086 5156 1168 5209; x_wconf 89' lang='lat' dir='ltr'>lta</span> <span class='ocrx_word' id='word_1_685' title='bbox 1197 5157 1426 5225; x_wconf 87' lang='lat' dir='ltr'>septem</span> <span class='ocrx_word' id='word_1_686' title='bbox 1449 5171 1592 5210; x_wconf 90' lang='lat' dir='ltr'>mss.</span> <span class='ocrx_word' id='word_1_687' title='bbox 1614 5154 1764 5210; x_wconf 89' lang='lat' dir='ltr'>Editi</span> <span class='ocrx_word' id='word_1_688' title='bbox 1795 5154 1850 5208; x_wconf 82' lang='grc' dir='ltr'>ἐκ</span> <span class='ocrx_word' id='word_1_689' title='bbox 1880 5162 1975 5215; x_wconf 78' lang='grc' dir='ltr'>τῆς</span> <span class='ocrx_word' id='word_1_690' title='bbox 1997 5163 2113 5209; x_wconf 66' lang='grc' dir='ltr'>τού.</span> 
     </span>
    </p>
   </div>
   <div class='ocr_carea' id='block_1_97' title="bbox 469 5223 2122 5299">
    <p class='ocr_par' dir='ltr' id='par_1_97' title="bbox 469 5223 2122 5299">
     <span class='ocr_line' id='line_1_97' title="bbox 469 5223 2122 5299; baseline 0.001 -21"><span class='ocrx_word' id='word_1_691' title='bbox 469 5223 656 5299; x_wconf 71' lang='lat' dir='ltr'>iidem</span> <span class='ocrx_word' id='word_1_692' title='bbox 687 5239 834 5299; x_wconf 86' lang='lat' dir='ltr'>mss.</span> <span class='ocrx_word' id='word_1_693' title='bbox 865 5224 1050 5299; x_wconf 82' lang='lat' dir='ltr'>paulo</span> <span class='ocrx_word' id='word_1_694' title='bbox 1075 5230 1209 5296; x_wconf 89' lang='lat' dir='ltr'>post</span> <span class='ocrx_word' id='word_1_695' title='bbox 1229 5223 1491 5297; x_wconf 73' lang='grc' dir='ltr'>γενέσθαι,</span> <span class='ocrx_word' id='word_1_696' title='bbox 1514 5241 1624 5297; x_wconf 92' lang='lat' dir='ltr'>pro</span> <span class='ocrx_word' id='word_1_697' title='bbox 1669 5243 1739 5281; x_wconf 89' lang='lat' dir='ltr'>eo</span> <span class='ocrx_word' id='word_1_698' title='bbox 1787 5227 1955 5299; x_wconf 89' lang='lat' dir='ltr'>quod</span> <span class='ocrx_word' id='word_1_699' title='bbox 1999 5229 2122 5280; x_wconf 85' lang='lat' dir='ltr'>erat</span> 
     </span>
    </p>
   </div>
   <div class='ocr_carea' id='block_1_98' title="bbox 467 5295 1338 5366">
    <p class='ocr_par' dir='ltr' id='par_1_98' title="bbox 467 5295 1338 5366">
     <span class='ocr_line' id='line_1_98' title="bbox 467 5295 1338 5366; baseline 0 -17"><span class='ocrx_word' id='word_1_700' title='bbox 467 5295 530 5350; x_wconf 91' lang='lat' dir='ltr'>in</span> <span class='ocrx_word' id='word_1_701' title='bbox 560 5295 732 5352; x_wconf 89' lang='lat' dir='ltr'>editis</span> <span class='ocrx_word' id='word_1_702' title='bbox 761 5295 1019 5366; x_wconf 73' lang='grc' dir='ltr'>γίνεσθαι.</span> <span class='ocrx_word' id='word_1_703' title='bbox 1077 5295 1092 5296; x_wconf 25' lang='lat'><em>7</em></span> <span class='ocrx_word' id='word_1_704' title='bbox 1238 5295 1244 5297; x_wconf 34' lang='grc'><strong><em>⁷</em></strong></span> <span class='ocrx_word' id='word_1_705' title='bbox 1335 5321 1338 5324; x_wconf 53' lang='grc' dir='ltr'>λ</span> 
     </span>
    </p>
   </div>
   <div class='ocr_carea' id='block_1_99' title="bbox 541 5367 2115 5440">
    <p class='ocr_par' dir='ltr' id='par_1_99' title="bbox 541 5367 2115 5440">
     <span class='ocr_line' id='line_1_99' title="bbox 541 5367 2115 5440; baseline -0.001 -17"><span class='ocrx_word' id='word_1_706' title='bbox 541 5367 651 5438; x_wconf 87' lang='lat'>(39)</span> <span class='ocrx_word' id='word_1_707' title='bbox 687 5368 1191 5440; x_wconf 64' lang='lat' dir='ltr'>AmCrJEavmg.lta</span> <span class='ocrx_word' id='word_1_708' title='bbox 1217 5367 1371 5423; x_wconf 83' lang='lat' dir='ltr'>Harl.</span> <span class='ocrx_word' id='word_1_709' title='bbox 1395 5368 1734 5440; x_wconf 88' lang='lat' dir='ltr'>etquinque</span> <span class='ocrx_word' id='word_1_710' title='bbox 1757 5367 1919 5440; x_wconf 75' lang='lat' dir='ltr'>aliiet</span> <span class='ocrx_word' id='word_1_711' title='bbox 1951 5373 2115 5437; x_wconf 57' lang='grc' dir='ltr'>τινος.</span> 
     </span>
    </p>
   </div>
   <div class='ocr_carea' id='block_1_100' title="bbox 467 5438 2116 5510">
    <p class='ocr_par' dir='ltr' id='par_1_100' title="bbox 467 5438 2116 5510">
     <span class='ocr_line' id='line_1_100' title="bbox 467 5438 2116 5510; baseline 0.001 -18"><span class='ocrx_word' id='word_1_712' title='bbox 467 5439 645 5510; x_wconf 82' lang='lat' dir='ltr'>Nyss.</span> <span class='ocrx_word' id='word_1_713' title='bbox 672 5455 810 5495; x_wconf 91' lang='lat' dir='ltr'>cum</span> <span class='ocrx_word' id='word_1_714' title='bbox 837 5439 1198 5496; x_wconf 90' lang='lat' dir='ltr'>editionibus</span> <span class='ocrx_word' id='word_1_715' title='bbox 1233 5441 1380 5506; x_wconf 85' lang='lat' dir='ltr'>Hag.</span> <span class='ocrx_word' id='word_1_716' title='bbox 1411 5438 1662 5495; x_wconf 45' lang='lat' dir='ltr'>et—Basil.</span> <span class='ocrx_word' id='word_1_717' title='bbox 1685 5438 1901 5510; x_wconf 81' lang='lat' dir='ltr'>prima.</span> <span class='ocrx_word' id='word_1_718' title='bbox 1933 5441 2116 5495; x_wconf 64' lang='lat' dir='ltr'>l-lelitio</span> 
     </span>
    </p>
   </div>
   <div class='ocr_carea' id='block_1_101' title="bbox 465 5507 2104 5574">
    <p class='ocr_par' dir='ltr' id='par_1_101' title="bbox 465 5507 2104 5574">
     <span class='ocr_line' id='line_1_101' title="bbox 465 5507 2104 5574; baseline 0.002 -13"><span class='ocrx_word' id='word_1_719' title='bbox 465 5507 815 5567; x_wconf 87' lang='lat' dir='ltr'>Parisiensis</span> <span class='ocrx_word' id='word_1_720' title='bbox 874 5516 930 5567; x_wconf 85' lang='lat' dir='ltr'>et</span> <span class='ocrx_word' id='word_1_721' title='bbox 987 5512 1250 5568; x_wconf 86' lang='lat' dir='ltr'>secunda</span> <span class='ocrx_word' id='word_1_722' title='bbox 1305 5507 1700 5565; x_wconf 51' lang='lat' dir='ltr'>Basileensis‘</span> <span class='ocrx_word' id='word_1_723' title='bbox 1733 5507 2104 5574; x_wconf 76' lang='grc' dir='ltr'>διαζεύξαντα.</span> 
     </span>
    </p>
   </div>
   <div class='ocr_carea' id='block_1_102' title="bbox 465 5577 2114 5655">
    <p class='ocr_par' dir='ltr' id='par_1_102' title="bbox 465 5577 2114 5655">
     <span class='ocr_line' id='line_1_102' title="bbox 465 5577 2114 5655; baseline 0.002 -22"><span class='ocrx_word' id='word_1_724' title='bbox 465 5577 694 5636; x_wconf 88' lang='lat' dir='ltr'>Ibidem</span> <span class='ocrx_word' id='word_1_725' title='bbox 723 5588 973 5640; x_wconf 77' lang='lat' dir='ltr'>vetustae</span> <span class='ocrx_word' id='word_1_726' title='bbox 1006 5583 1296 5640; x_wconf 88' lang='lat' dir='ltr'>editiones</span> <span class='ocrx_word' id='word_1_727' title='bbox 1325 5587 1381 5638; x_wconf 87' lang='lat' dir='ltr'>et</span> <span class='ocrx_word' id='word_1_728' title='bbox 1419 5598 1564 5638; x_wconf 89' lang='lat' dir='ltr'>mss.</span> <span class='ocrx_word' id='word_1_729' title='bbox 1601 5586 1781 5655; x_wconf 87' lang='grc' dir='ltr'>μόνου.</span> <span class='ocrx_word' id='word_1_730' title='bbox 1815 5582 2114 5639; x_wconf 88' lang='lat' dir='ltr'>Editiones</span> 
     </span>
    </p>
   </div>
   <div class='ocr_carea' id='block_1_103' title="bbox 2739 4533 3331 4605">
    <p class='ocr_par' dir='ltr' id='par_1_103' title="bbox 2739 4533 3331 4605">
     <span class='ocr_line' id='line_1_103' title="bbox 2739 4533 3331 4605; baseline 0.002 -18"><span class='ocrx_word' id='word_1_731' title='bbox 2739 4533 3016 4596; x_wconf 75' lang='grc' dir='ltr'>Ἰουλιανός</span> <span class='ocrx_word' id='word_1_732' title='bbox 3060 4534 3331 4605; x_wconf 79' lang='grc' dir='ltr'>Βασιλείῳ.</span> 
     </span>
    </p>
   </div>
   <div class='ocr_carea' id='block_1_104' title="bbox 2302 4647 3845 4724">
    <p class='ocr_par' dir='ltr' id='par_1_104' title="bbox 2302 4647 3845 4724">
     <span class='ocr_line' id='line_1_104' title="bbox 2302 4647 3845 4724; baseline -0.003 -19"><span class='ocrx_word' id='word_1_733' title='bbox 2302 4652 2357 4705; x_wconf 69' lang='grc' dir='ltr'>ἸΙ</span> <span class='ocrx_word' id='word_1_734' title='bbox 2417 4656 2505 4724; x_wconf 73' lang='grc' dir='ltr'>μὲν</span> <span class='ocrx_word' id='word_1_735' title='bbox 2567 4657 2828 4724; x_wconf 70' lang='grc' dir='ltr'>παροιμία</span> <span class='ocrx_word' id='word_1_736' title='bbox 2867 4656 3048 4723; x_wconf 77' lang='grc' dir='ltr'>φησιν,</span> <span class='ocrx_word' id='word_1_737' title='bbox 3117 4651 3190 4701; x_wconf 72' lang='grc' dir='ltr'>Οὐ</span> <span class='ocrx_word' id='word_1_738' title='bbox 3261 4647 3480 4722; x_wconf 76' lang='grc' dir='ltr'>πόλεμον</span> <span class='ocrx_word' id='word_1_739' title='bbox 3527 4647 3845 4720; x_wconf 69' lang='grc' dir='ltr'>ἀγγέλλεις-</span> 
     </span>
    </p>
   </div>
   <div class='ocr_carea' id='block_1_105' title="bbox 2231 4736 3847 4815">
    <p class='ocr_par' dir='ltr' id='par_1_105' title="bbox 2231 4736 3847 4815">
     <span class='ocr_line' id='line_1_105' title="bbox 2231 4736 3847 4815; baseline -0.002 -21"><span class='ocrx_word' id='word_1_740' title='bbox 2231 4742 2330 4814; x_wconf 76' lang='grc' dir='ltr'>ἐγὼ</span> <span class='ocrx_word' id='word_1_741' title='bbox 2373 4740 2430 4794; x_wconf 73' lang='grc' dir='ltr'>δὲ</span> <span class='ocrx_word' id='word_1_742' title='bbox 2458 4744 2740 4815; x_wconf 74' lang='grc' dir='ltr'>προσθείην</span> <span class='ocrx_word' id='word_1_743' title='bbox 2771 4740 2826 4793; x_wconf 80' lang='grc' dir='ltr'>ἐκ</span> <span class='ocrx_word' id='word_1_744' title='bbox 2863 4750 2956 4803; x_wconf 80' lang='grc' dir='ltr'>τῆς</span> <span class='ocrx_word' id='word_1_745' title='bbox 2996 4736 3278 4812; x_wconf 77' lang='grc' dir='ltr'>κωμῳδίας</span> <span class='ocrx_word' id='word_1_746' title='bbox 3312 4759 3324 4772; x_wconf 92' lang='grc'><strong>·</strong></span> <span class='ocrx_word' id='word_1_747' title='bbox 3385 4739 3454 4791; x_wconf 73' lang='grc' dir='ltr'><em>Ὠ</em></span> <span class='ocrx_word' id='word_1_748' title='bbox 3504 4744 3716 4814; x_wconf 81' lang='grc' dir='ltr'>χρυσόν</span> <span class='ocrx_word' id='word_1_749' title='bbox 3751 4739 3847 4811; x_wconf 67' lang='grc' dir='ltr'>ἀγα</span> 
     </span>
    </p>
   </div>
   <div class='ocr_carea' id='block_1_106' title="bbox 2229 4825 3849 4905">
    <p class='ocr_par' dir='ltr' id='par_1_106' title="bbox 2229 4825 3849 4905">
     <span class='ocr_line' id='line_1_106' title="bbox 2229 4825 3849 4905; baseline -0.001 -21"><span class='ocrx_word' id='word_1_750' title='bbox 2229 4831 2404 4903; x_wconf 71' lang='grc' dir='ltr'>γεέλας</span> <span class='ocrx_word' id='word_1_751' title='bbox 2478 4832 2629 4884; x_wconf 81' lang='grc' dir='ltr'>ἐπῶν.</span> <span class='ocrx_word' id='word_1_752' title='bbox 2707 4830 2810 4885; x_wconf 79' lang='grc' dir='ltr'>Ἴθι</span> <span class='ocrx_word' id='word_1_753' title='bbox 2875 4827 2982 4899; x_wconf 76' lang='grc' dir='ltr'>οὖν,</span> <span class='ocrx_word' id='word_1_754' title='bbox 3047 4833 3210 4905; x_wconf 80' lang='grc' dir='ltr'>ἔργοις</span> <span class='ocrx_word' id='word_1_755' title='bbox 3284 4828 3412 4882; x_wconf 68' lang='grc' dir='ltr'>αὑτό</span> <span class='ocrx_word' id='word_1_756' title='bbox 3490 4825 3678 4897; x_wconf 80' lang='grc' dir='ltr'>δεῖξον,</span> <span class='ocrx_word' id='word_1_757' title='bbox 3750 4836 3849 4882; x_wconf 78' lang='grc' dir='ltr'>καὶ</span> 
     </span>
    </p>
   </div>
   <div class='ocr_carea' id='block_1_107' title="bbox 1155 4956 2243 5027">
    <p class='ocr_par' dir='ltr' id='par_1_107' title="bbox 1155 4956 2243 5027">
     <span class='ocr_line' id='line_1_107' title="bbox 1155 4956 2243 5027; baseline -0.003 -14"><span class='ocrx_word' id='word_1_758' title='bbox 1155 4957 1201 4991; x_wconf 72' lang='grc'>³⁸</span> <span class='ocrx_word' id='word_1_759' title='bbox 1235 4956 1464 5014; x_wconf 92' lang='lat' dir='ltr'>Coloss.</span> <span class='ocrx_word' id='word_1_760' title='bbox 1495 4973 1535 5027; x_wconf 85' lang='lat'>1,</span> <span class='ocrx_word' id='word_1_761' title='bbox 1573 4961 1654 5012; x_wconf 80' lang='grc'>15.</span> <span class='ocrx_word' id='word_1_762' title='bbox 1734 4959 1781 4992; x_wconf 77' lang='grc'>³⁵</span> <span class='ocrx_word' id='word_1_763' title='bbox 1809 4959 2126 5021; x_wconf 75' lang='lat' dir='ltr'>Joan.x1v,</span> <span class='ocrx_word' id='word_1_764' title='bbox 2159 4959 2243 5012; x_wconf 81' lang='grc'><strong>11.</strong></span> 
     </span>
    </p>
   </div>
   <div class='ocr_carea' id='block_1_108' title="bbox 2242 5081 3393 5154">
    <p class='ocr_par' dir='ltr' id='par_1_108' title="bbox 2242 5081 3393 5154">
     <span class='ocr_line' id='line_1_108' title="bbox 2242 5081 3393 5154; baseline 0.001 -19"><span class='ocrx_word' id='word_1_765' title='bbox 2242 5082 2598 5154; x_wconf 72' lang='lat' dir='ltr'>llasileensis</span> <span class='ocrx_word' id='word_1_766' title='bbox 2626 5081 2893 5137; x_wconf 88' lang='lat' dir='ltr'>secunda</span> <span class='ocrx_word' id='word_1_767' title='bbox 2920 5085 2975 5137; x_wconf 84' lang='lat' dir='ltr'>ot</span> <span class='ocrx_word' id='word_1_768' title='bbox 3002 5081 3188 5154; x_wconf 70' lang='lat' dir='ltr'>Paris.</span> <span class='ocrx_word' id='word_1_769' title='bbox 3221 5084 3393 5154; x_wconf 84' lang='grc' dir='ltr'>μόνον.</span> 
     </span>
    </p>
   </div>
   <div class='ocr_carea' id='block_1_109' title="bbox 2246 5152 3856 5232">
    <p class='ocr_par' dir='ltr' id='par_1_109' title="bbox 2246 5152 3856 5232">
     <span class='ocr_line' id='line_1_109' title="bbox 2246 5152 3856 5232; baseline 0.001 -24"><span class='ocrx_word' id='word_1_770' title='bbox 2246 5222 2256 5232; x_wconf 24' lang='grc' dir='ltr'><em>η</em></span> <span class='ocrx_word' id='word_1_771' title='bbox 2307 5155 2418 5223; x_wconf 81' lang='grc'>(40)</span> <span class='ocrx_word' id='word_1_772' title='bbox 2449 5162 2554 5214; x_wconf 69' lang='grc' dir='ltr'>Τῆς</span> <span class='ocrx_word' id='word_1_773' title='bbox 2582 5153 2850 5228; x_wconf 81' lang='grc' dir='ltr'>ἀορασιας.</span> <span class='ocrx_word' id='word_1_774' title='bbox 2883 5155 3045 5209; x_wconf 86' lang='lat' dir='ltr'>Unus</span> <span class='ocrx_word' id='word_1_775' title='bbox 3082 5152 3229 5209; x_wconf 59' lang='lat' dir='ltr'>cod.</span> <span class='ocrx_word' id='word_1_776' title='bbox 3250 5156 3389 5223; x_wconf 80' lang='lat' dir='ltr'>Reg.</span> <span class='ocrx_word' id='word_1_777' title='bbox 3425 5161 3514 5213; x_wconf 80' lang='grc' dir='ltr'>τῆς</span> <span class='ocrx_word' id='word_1_778' title='bbox 3540 5152 3729 5215; x_wconf 66' lang='grc' dir='ltr'>οὐσίας</span> <span class='ocrx_word' id='word_1_779' title='bbox 3755 5160 3856 5209; x_wconf 81' lang='grc' dir='ltr'>καὶ</span> 
     </span>
    </p>
   </div>
   <div class='ocr_carea' id='block_1_110' title="bbox 2235 5230 2509 5297">
    <p class='ocr_par' dir='ltr' id='par_1_110' title="bbox 2235 5230 2509 5297">
     <span class='ocr_line' id='line_1_110' title="bbox 2235 5230 2509 5297; baseline 0.015 -22"><span class='ocrx_word' id='word_1_780' title='bbox 2235 5230 2509 5297; x_wconf 79' lang='grc' dir='ltr'>ἀορασίας.</span> 
     </span>
    </p>
   </div>
   <div class='ocr_carea' id='block_1_111' title="bbox 2303 5296 3858 5368">
    <p class='ocr_par' dir='ltr' id='par_1_111' title="bbox 2303 5296 3858 5368">
     <span class='ocr_line' id='line_1_111' title="bbox 2303 5296 3858 5368; baseline 0.004 -19"><span class='ocrx_word' id='word_1_781' title='bbox 2303 5299 2416 5364; x_wconf 61' lang='lat' dir='ltr'>(lit)</span> <span class='ocrx_word' id='word_1_782' title='bbox 2445 5296 2618 5368; x_wconf 74' lang='grc' dir='ltr'>Ἔχοι.</span> <span class='ocrx_word' id='word_1_783' title='bbox 2651 5299 2734 5352; x_wconf 85' lang='lat' dir='ltr'>Ita</span> <span class='ocrx_word' id='word_1_784' title='bbox 2757 5311 2862 5352; x_wconf 86' lang='lat' dir='ltr'>sex</span> <span class='ocrx_word' id='word_1_785' title='bbox 2886 5312 3033 5353; x_wconf 89' lang='lat' dir='ltr'>mss.</span> <span class='ocrx_word' id='word_1_786' title='bbox 3083 5299 3140 5351; x_wconf 90' lang='lat' dir='ltr'>et</span> <span class='ocrx_word' id='word_1_787' title='bbox 3188 5298 3356 5366; x_wconf 89' lang='lat' dir='ltr'>Greg.</span> <span class='ocrx_word' id='word_1_788' title='bbox 3408 5298 3580 5368; x_wconf 84' lang='lat' dir='ltr'>Nyss.</span> <span class='ocrx_word' id='word_1_789' title='bbox 3639 5298 3858 5355; x_wconf 80' lang='lat' dir='ltr'>Basilii</span> 
     </span>
    </p>
   </div>
   <div class='ocr_carea' id='block_1_112' title="bbox 2229 5362 2682 5437">
    <p class='ocr_par' dir='ltr' id='par_1_112' title="bbox 2229 5362 2682 5437">
     <span class='ocr_line' id='line_1_112' title="bbox 2229 5362 2682 5437; baseline -0.002 -16"><span class='ocrx_word' id='word_1_790' title='bbox 2229 5362 2682 5437; x_wconf 57' lang='lat' dir='ltr'>editiones&#39;é&#39;zsc.</span> 
     </span>
    </p>
   </div>
   <div class='ocr_carea' id='block_1_113' title="bbox 2295 5436 3850 5510">
    <p class='ocr_par' dir='ltr' id='par_1_113' title="bbox 2295 5436 3850 5510">
     <span class='ocr_line' id='line_1_113' title="bbox 2295 5436 3850 5510; baseline 0.005 -19"><span class='ocrx_word' id='word_1_791' title='bbox 2295 5436 2696 5508; x_wconf 64' lang='grc' dir='ltr'>(ςίὲγκὸέξάτο.</span> <span class='ocrx_word' id='word_1_792' title='bbox 2739 5439 2831 5495; x_wconf 91' lang='lat' dir='ltr'>Sic</span> <span class='ocrx_word' id='word_1_793' title='bbox 2884 5455 3028 5510; x_wconf 84' lang='lat' dir='ltr'>mss.</span> <span class='ocrx_word' id='word_1_794' title='bbox 3081 5456 3185 5497; x_wconf 83' lang='lat' dir='ltr'>sex</span> <span class='ocrx_word' id='word_1_795' title='bbox 3234 5442 3290 5496; x_wconf 91' lang='lat' dir='ltr'>et</span> <span class='ocrx_word' id='word_1_796' title='bbox 3345 5441 3514 5510; x_wconf 90' lang='lat' dir='ltr'>Greg.</span> <span class='ocrx_word' id='word_1_797' title='bbox 3563 5442 3740 5510; x_wconf 83' lang='lat' dir='ltr'>Nyss.</span> <span class='ocrx_word' id='word_1_798' title='bbox 3777 5441 3850 5499; x_wconf 86' lang='lat' dir='ltr'>In</span> 
     </span>
    </p>
   </div>
   <div class='ocr_carea' id='block_1_114' title="bbox 2225 5509 3138 5574">
    <p class='ocr_par' dir='ltr' id='par_1_114' title="bbox 2225 5509 3138 5574">
     <span class='ocr_line' id='line_1_114' title="bbox 2225 5509 3138 5574; baseline 0.004 -11"><span class='ocrx_word' id='word_1_799' title='bbox 2225 5509 2590 5566; x_wconf 88' lang='lat' dir='ltr'>editionibus</span> <span class='ocrx_word' id='word_1_800' title='bbox 2622 5511 2822 5566; x_wconf 86' lang='lat' dir='ltr'>Basilii</span> <span class='ocrx_word' id='word_1_801' title='bbox 2850 5509 3138 5574; x_wconf 83' lang='grc' dir='ltr'>ἐνεδέξατο.</span> 
     </span>
    </p>
   </div>
  </div>
