4070 6194
496 271 601 332 347

1864 270 1921 331 8.
1960 266 2210 330 BASILII
2248 268 2489 327 MAGNI.

3749 263 3856 321 348

494 399 817 457 viduarum
861 415 931 457 ac
974 400 1384 473 orphanorum
1416 415 1623 459 curam
1656 399 1949 471 suscipis:
2001 412 2147 470 quo-

2269 413 2377 461 σας,
2429 401 2613 469 χηρῶν
2656 398 2745 447 καὶ
2797 392 3022 467 ὀρρανῶν
3066 392 3235 464 μάτην
3282 392 3524 463 πρόνοιαν
3578 396 3728 461 ποιῇ.
3782 392 3855 440 Τό

496 505 633 546 rum
664 490 918 547 alterum
948 491 1195 547 stultum
1222 497 1310 547 est
1335 496 1391 547 et
1418 491 1823 564 periculosum
1848 508 1859 557 ;
1894 489 2145 545 alterum

495 594 635 635 vero
664 579 918 636 humani
948 584 1003 636 et
1031 580 1453 635 misericordis.
1488 583 1674 636 Grave
1702 584 1790 635 est
1817 578 2012 645 nobis,
2044 576 2145 648 qui

496 669 715 741 privati
744 686 974 738 sumus,
1007 669 1171 741 apud
1200 669 1623 740 imperatorem
1650 668 1851 741 loqui:
1882 667 1989 723 sed
2018 681 2148 737 gra-

496 756 631 811 vius
680 756 783 812 tibi
819 757 1112 813 videbitur
1176 757 1343 829 apud
1388 760 1572 813 Deum
1626 772 1877 812 causam
1928 754 2146 809 dicere.

499 844 705 900 Nullus
736 846 897 901 enim
929 845 1029 901 Dei
1055 849 1110 901 et
1137 846 1456 901 hominum
1487 846 1784 901 mediator
1815 841 2144 916 apparebit.

500 934 645 997 Quae
666 932 880 1005 legisti,
913 950 1037 990 non
1074 934 1447 1004 intellexisti;
1477 951 1620 991 nam
1660 935 1707 989 si
1738 931 2147 999 intellexisses,

496 1036 621 1079 non
651 1039 796 1080 sane
829 1024 1320 1082 condemnasses.

1048 1170 1381 1225 EPISTOLA
1424 1168 1595 1223 XLll'.

2256 486 2344 554 μεν
2400 485 2497 557 γὰρ
2552 485 2765 555 μανικὸν
2817 486 2907 534 καὶ
2958 476 3301 549 ἐπικίνδυνον,
3347 482 3402 530 τὸ
3448 474 3507 530 δε
3563 476 3854 549 φιλοικτίρ-

2258 590 2411 643 μονος
2469 575 2558 622 καὶ
2621 573 2931 644 συμπαθοῦς
2987 571 3114 641 (70).
3179 569 3436 639 Ἐπαχθὲς
3500 568 3624 638 ἡμῖν
3688 566 3856 637 λέγειν

2257 663 2383 735 πρὸς
2435 658 2676 732 βασιλέα,
2732 657 2945 721 ἰδιώτας
2998 663 3177 718 ὄντας·
3228 658 3608 727 ἐπαχθέστερον
3659 652 3719 707 δέ
3771 674 3857 706 σοι

2259 754 2547 821 φανήσεται
2582 753 2638 801 τὸ
2682 749 2844 820 λέγειν
2881 750 2990 815 (71)
3035 752 3165 822 πρὸς
3206 751 3355 802 Θεὸν.
3397 740 3588 804 Οὐδεὶς
3623 748 3720 818 γὰρ
3772 762 3857 815 με-

2261 844 2410 899 σίτης
2464 846 2595 891 Θεοῦ
2637 844 2725 891 καὶ
2772 838 3049 912 ἀνθρώπων
3090 842 3398 909 φανήσεται.
3434 834 3496 887 Ἃ
3540 839 3713 907 μέντοι
3744 832 3857 903 (³72)

2260 931 2517 1001 ἀνέγνως,
2569 930 2663 982 οὐκ
2716 934 2907 1001 ἔγνωςσ
2966 929 3007 981 εἰ
3061 930 3162 1000 ’γὰρ
3220 930 3411 999 ἔγνως,
3470 929 3561 978 οὐκ
3616 924 3675 976 ἂν
3732 943 3861 975 κατ-

2259 1024 2431 1091 ἐγνως.

2808 1166 3145 1215 ΕΠΙΣΤΟᾹΗ
3186 1160 3308 1213 ΜΚ·

501 1290 749 1347 Chiloni
768 1290 1139 1347 demonstrat
1187 1298 1402 1348 auctor
1449 1291 1715 1361 epistola
1760 1305 1881 1345 non
1924 1290 2070 1345 satis
2120 1302 2241 1363 esse
2264 1291 2437 1363 recte
2466 1287 2747 1355 incipere,
2779 1287 2883 1363 sed
2912 1288 2983 1363 in_
3021 1283 3472 1354 perseverantia
3487 1281 3718 1363 ‘omnia.
3734 1294 3863 1335 esse

568 1364 801 1430 posita;
836 1365 1021 1431 plura
1064 1364 1253 1419 tradit
1296 1354 1585 1419 solitaria?
1626 1364 1759 1417 vita
1783 1365 2111 1430 prwcepta,
2142 1362 2206 1413 in
2256 1357 2343 1412 his
2390 1363 2455 1431 ut
2492 1354 2614 1413 non
2657 1360 2858 1413 statim
2902 1358 2983 1413 ad
3028 1371 3323 1431 summum
3362 1354 3747 1423 perfectionis
3802 1366 3864 1431 se

572 1428 869 1495 intendat,
900 1435 1002 1490 sed
1041 1436 1343 1504 paulatim
1380 1428 1830 1504 progrediatur.
1874 1428 2797 1504 Cavendum__imprimis_monet,
2827 1445 2905 1504 ne
2929 1444 3040 1497 per
3076 1428 3397 1504 speciosam
3431 1438 3668 1481 causam
3699 1429 3863 1478 recte

571 1505 634 1560 in
670 1506 888 1562 saeculo
918 1500 1159 1562 vivendi
1187 1513 1240 1562 et
1267 1500 1616 1575 spirituales
1652 1509 1973 1561 conventus
2008 1501 2282 1567 obeundi,
2314 1500 2659 1556 solitudinis
2683 1500 3000 1569 fastidium
3030 1500 3296 1568 obrepat.

792 1629 890 1685 Ad
930 1628 1240 1686 Chilonem
1269 1629 1632 1699 discipulum
1670 1643 1866 1685 suum.

576 1757 626 1807 t.
670 1751 958 1810 Salutaris
991 1753 1075 1809 rei
1107 1757 1318 1809 auctor
1346 1768 1447 1809 ero
1475 1753 1599 1823 tibi,
1636 1766 1921 1822 germane
1950 1750 2150 1817 frater,

501 1841 550 1896 si
574 1840 825 1897 libenter
856 1858 891 1897 a
920 1858 1016 1897 me
1047 1841 1367 1897 consilium
1396 1841 1471 1897 de
1501 1841 1682 1897 rebus
1708 1840 1958 1909 agendis
1988 1853 2151 1895 acce-

500 1928 697 2000 peris:
740 1945 811 1985 ac
861 1929 935 1985 de
984 1930 1053 1985 iis
1084 1931 1367 1997 maxime,
1398 1929 1473 1985 de
1517 1928 1739 2001 quibus
1768 1929 1898 2000 ipse
1928 1926 2153 1996 rogasti

500 2021 566 2073 ut
595 2016 701 2073 tibi
740 2017 1056 2074 consilium
1092 2018 1397 2075 daremus.
1446 2020 1596 2074 Nam
1654 2017 1986 2073 solitariam
2024 2016 2151 2087 qui-

500 2105 641 2161 dem
670 2107 854 2163 vitam
883 2108 1143 2180 incipere
1175 2107 1343 2163 multi
1374 2108 1625 2163 fortasse
1652 2106 1783 2163 ausi
1823 2110 1996 2161 sunt:
2046 2104 2151 2159 sed

500 2211 651 2265 rem,
682 2199 747 2252 ut
784 2212 896 2269 par
939 2202 1047 2266 est,
1079 2196 1390 2252 absolvere
1434 2196 1609 2269 pauci
1640 2195 1905 2268 profecto
1954 2194 2154 2251 elabo-

501 2290 803 2341 raverunt.
836 2290 916 2341 Ac
942 2287 1195 2341 omnino
1220 2302 1342 2342 non
1373 2286 1433 2341 in
1454 2288 1765 2359 proposito
1792 2285 1988 2341 solum
2015 2299 2159 2339 con-

504 2373 655 2429 sistit
681 2374 912 2430 exitus:
947 2375 1052 2431 sed
1091 2375 1153 2430 in
1181 2375 1373 2431 existu
1401 2373 1679 2431 laborum
1706 2373 1949 2429 fructus.
1984 2372 2153 2429 Nulla

506 2475 651 2532 ergo
706 2463 965 2527 utilitas,
1015 2478 1139 2519 non
1197 2464 1662 2536 properantibus
1728 2464 1805 2518 ad
1863 2462 2154 2535 propositi

503 2549 710 2620 ﬁnem,
739 2552 845 2608 sed
875 2552 1040 2609 initio
1071 2552 1197 2608 solo
1229 2552 1668 2609 monachorum
1692 2551 1879 2607 vitam
1904 2551 2154 2606 circum-

504 2640 945 2697 scribentibus:
1002 2643 1148 2715 quin
1190 2642 1371 2698 etiam
1418 2646 1476 2698 et
1532 2641 1931 2698 deridendum
1970 2640 2153 2698 relin-

501 2733 695 2801 quunt
739 2747 913 2787 suum
956 2732 1223 2804 ipsorum
1271 2732 1671 2804 prOpositum,
1704 2731 1765 2787 in
1813 2731 2068 2801 ignaviae
2098 2736 2155 2787 et

498 2817 757 2876 levitatis
788 2821 1013 2877 crimen
1046 2821 1208 2893 apud
1240 2827 1474 2877 exteros
1500 2823 1888 2877 incurrentes.
1921 2824 2068 2877 Nam
2099 2826 2155 2877 et

495 2906 572 2963 de
619 2908 839 2965 talibus
885 2911 1173 2966 Dominus
1224 2910 1403 2967 dicit:
1460 2912 1600 2979 Quis
1656 2912 1860 2967 volens
1911 2910 2152 2967 domum

494 2996 820 3067 zdiﬁcare,
858 3015 980 3056 non
1018 3000 1189 3069 prius
1233 3000 1439 3056 sedens
1479 3006 1784 3070 computat
1825 3005 2147 3069 sumptum,

491 3101 572 3143 an
614 3089 831 3145 habeat
868 3090 1080 3161 quibus
1127 3104 1275 3158 opus
1322 3091 1397 3146 sit
1441 3090 1523 3147 ad
1567 3090 2040 3147 absolvendum?
2077 3105 2151 3146 ne

486 3181 879 3248 posteaquam
924 3180 1191 3247 posuerit
1241 3179 1726 3248 fundamentum,
1771 3186 1827 3236 et
1876 3195 1995 3235 non
2044 3194 2148 3249 po-

495 3265 676 3319 tuerit
725 3267 1021 3337 perﬁcere,
1054 3268 1349 3336 incipiant
1389 3269 1650 3325 illudere
1692 3270 1743 3325 ei
1787 3274 2149 3338 praatereun-

496 3358 601 3421 tes,
653 3355 964 3411 dicentes:
1015 3359 1132 3411 Hic
1188 3360 1359 3413 homo
1402 3358 1868 3427 fundamentum
1926 3360 2146 3428 posuit,

496 3446 551 3495 et
592 3457 711 3497 non
756 3446 949 3511 potuit
995 3450 1490 3501 consummare“.
1530 3447 1764 3501 Initium
1808 3447 1987 3516 igitur
2032 3447 2149 3502 ala-

498 3547 661 3587 crem
688 3548 758 3587 ac
788 3538 1134 3605 promptum
1164 3534 1222 3587 in
1249 3534 1464 3589 virtute
1494 3552 1877 3607 progressum
1904 3536 2146 3593 habeat.

499 3620 729 3677 Etenim
760 3622 1263 3691 generosissimus
1293 3622 1493 3679 athela
1534 3624 1748 3679 Paulus
1795 3624 2005 3680 nolens
2038 3641 2149 3680 nos

498 3710 574 3767 de
600 3711 720 3768 vita
750 3712 904 3767 bene
935 3716 1070 3767 ante
1100 3718 1234 3768 acta
1264 3727 1505 3768 securos
1531 3713 1722 3782 otiari,
1747 3713 1853 3769 sed
1882 3713 2147 3786 quotidie

499 3799 656 3858 ultra
693 3801 997 3873 progredi,
1039 3802 1151 3857 ait:
1202 3803 1341 3869 Qum
1388 3808 1547 3857 retro
1595 3810 1732 3857 sunt
1772 3804 2143 3871 obliviscens,

500 3890 582 3945 ad
624 3906 692 3947 ea
731 3906 869 3947 vero
900 3906 1032 3961 quae
1060 3898 1199 3946 sunt
1230 3892 1438 3960 priora
1484 3892 1807 3947 extendens
1840 3895 2145 3963 meipsum,

489 3979 681 4048 juxta
708 3993 953 4048 scopum
982 3994 1310 4052 persequor
1339 3980 1420 4036 ad
1450 3981 1721 4036 bravium
1753 3996 2028 4050 superna:
2060 3998 2152 4039 vo-

572 4112 619 4146 ³⁸
662 4113 800 4167 Luc.
842 4126 960 4174 xxv,
1000 4116 1191 4169 28-30.

574 4235 595 4257 "
631 4234 790 4291 Alias
823 4240 864 4292 l.

572 4308 689 4379 (70)
732 4310 1193 4382 Kai_aupna000;.
1229 4309 1413 4382 Bigot.
1448 4315 1538 4362 καὶ
1566 4309 1892 4382 λογιστικοῦ,

575 4382 687 4453 (71)
729 4384 797 4433 Τὸ
845 4380 1025 4453 λέγω.
1060 4381 1207 4453 Yetit
1256 4381 1596 4449 Cotelerius,
1629 4380 1915 4439 adversus
1968 4384 2154 4439 Deum

504 4451 686 4508 verba
712 4451 937 4524 facere.
976 4452 1088 4509 Sed
1119 4453 1233 4507 hac
1276 4468 1418 4524 voce
1458 4453 1754 4524 judicium
1780 4454 2153 4524 designatur,

506 4536 577 4593 ac_
596 4523 871 4593 omnium
894 4524 1203 4578 actionum
1233 4523 1545 4580 reddenda
1569 4526 1748 4593 ratio;
1773 4523 1970 4582 statim
1996 4527 2156 4581 enim

505 4590 749 4648 additur
786 4594 1094 4649 neminem
1142 4610 1304 4650 nunc
1346 4595 1498 4651 inter
1538 4590 1744 4652 Deam'
1772 4603 1828 4651 et
1879 4596 2157 4652 homines

503 4662 901 4740 mediatorem
932 4664 1222 4721 futurum.
1258 4666 1399 4740 Vide
1440 4670 1567 4722 Not.
1602 4667 1681 4740 ad
1719 4668 2036 4740 epistolam
2067 4673 2155 4740 33.

578 4733 692 4807 (72)
729 4734 792 4788 Ἃ
820 4740 1014 4807 μέντοι,
1057 4742 1166 4793 etc.
1203 4740 1335 4793 Haec
1363 4733 1819 4807 desumpsimus
1850 4755 1921 4795 ex
1952 4739 2159 4796 codice

507 4806 835 4885 garlmanqo.
870 4809 1123 4885 _pesunt
1158 4808 1425 4885 enimnin
1473 4806 1762 4885 Medicina
1792 4815 1849 4885 et
1902 4817 2159 4885 utroque

507 4876 682 4933 Coisl.
733 4883 790 4934 et
831 4878 962 4933 aliis
1010 4895 1047 4935 a
1085 4880 1448 4937 Combeﬂsio
1501 4885 1560 4937 et
1605 4881 1892 4939 Cotelerio
1941 4876 2155 4939 citatis.

505 4949 718 5003 Narrat
748 4951 1112 5006 Sozomenus
1141 4950 1244 5007 lib.
1278 4968 1333 5014 v,
1368 4967 1419 5007 c.
1453 4955 1538 5017 18,
1566 4952 1870 5010 Iulianum
1904 4954 2163 5010 celeber-

504 5018 672 5098 rimis
697 5022 999 5093 episcopis
1036 5022 1347 5098 scripsisse
1378 5024 1437 5079 in
1467 5023 1596 5079 haec
1634 5026 1857 5098 verba:
1894 5028 2157 5098 Ἀνέγνων,

509 5092 686 5162 ἔγνων,
734 5092 1023 5165 κατέγνων,
1057 5092 1218 5165 Legi,
1264 5098 1532 5165 cognovi,
1575 5092 2025 5154 condemnavi
2059 5114 2162 5154 eos

506 5167 708 5241 autem
760 5163 844 5219 sic
886 5163 1272 5241 respondisse
1303 5163 1604 5238 :‘Ava’ym;,
1639 5167 1745 5220 ἀλλ’
1776 5170 1869 5221 οὐκ
1896 5172 2084 5241 ἔγνωςο
2121 5171 2163 5222 εἰ

505 5235 603 5311 γὰρ
638 5238 821 5311 ἔγνως,
867 5234 960 5311 οὐκ
988 5234 1067 5287 “ἆν
1098 5240 1371 5311 κατέγνως,
1404 5234 1640 5307 Legisti,
1663 5241 1768 5296 sed
1796 5234 2163 5311 non'cogno-

508 5307 681 5378 visti,’
706 5322 847 5364 nam
877 5307 930 5362 si
957 5307 1501 5378 cognovisses.’non
1546 5307 2166 5368 condemnasseszd-

507 5377 805 5452 dituidem
852 5379 1105 5452 scriptor
1141 5380 1318 5452 hanc
1351 5380 1667 5452 epistolam
1697 5383 1907 5439 Basilio
1935 5400 1971 5439 a
2009 5400 2165 5441 non-

508 5448 689 5524 nullis
717 5466 841 5507 non
870 5448 999 5507 sine
1024 5450 1324 5524 probabili
1354 5448 1590 5524 ratione,
1612 5454 1877 5509 attribui.

584 5522 698 5602 (73)
737 5525 868 5604 Πρός
907 5522 1136 5604 Χίλῷνα.
1197 5525 1355 5604 ῌθεςιΔ
1384 5522 1638 5604 epistola
1685 5524 1747 5604 _in
1795 5526 2001 5604 codice
2054 5529 2168 5604 lita-

512 5590 791 5650 zarinaao'
821 5593 1165 5653 inscribitur
1211 5594 1391 5667 ὁμιλία
1420 5590 1587 5667 ’πρός,
1646 5600 1763 5653 etc.
1832 5600 1896 5654 In
1960 5598 2166 5656 codice

2482 1628 2615 1699 Πρὸς
2655 1625 2858 1679 ximus:
2898 1628 3007 1692 (73)
3049 1642 3133 1675 τον
3173 1622 3332 1675 αὐτοῦ
3371 1622 3629 1694 μαθητήν.

2340 1754 2384 1805 l.
2442 1754 2704 1825 Σωτηρίου
2771 1751 3080 1823 πράγματος
3154 1751 3317 1807 αἴτιος
3388 1749 3674 1817 γενήσομαί
3745 1744 3863 1814 (74)

2261 1860 2365 1907 σοι,
2394 1838 2433 1891 ὦ
2475 1846 2657 1912 γνήσιε
2699 1836 2907 1912 ἀδελφὲ,
2940 1840 2984 1891 εὶ
3027 1836 3194 1899 ἡδέως
3248 1835 3682 1908 συμϐουλευθείης
3732 1833 3862 1906 παρ’

2259 1932 2405 2003 ἡμῶν
2454 1934 2519 1982 τὰ
2574 1934 2846 2005 πρακτέα·
2902 1928 3131 2001 μάλιστα
3184 1930 3304 1999 περὶ
3370 1926 3436 1975 ὧν
3502 1926 3641 1996 ἡμᾶς
3697 1923 3865 1983 αὐτὸς

2259 2019 2615 2095 παρεκάλεσας
2668 2017 3057 2091 συμϐουλεῦσαι
3111 2035 3212 2071 σοι.
3263 2018 3333 2067 Τό
3390 2017 3478 2086 μὶν
3525 2015 3623 2087 γὰρ
3666 2015 3868 2085 κατάρ-

2261 2109 2452 2172 ξασθαι
2491 2116 2581 2160 τοῦ
2629 2112 2886 2180 μονὴρους
2938 2104 3058 2178 βίον
3090 2104 3295 2165 πολλοῖς
3338 2106 3463 2163 ἴσως
3506 2101 3862 2173 τετόλμηται·

2260 2202 2317 2251 τὸ
2359 2195 2417 2251 δε
2474 2196 2627 2259 ἀξίως
2672 2195 2959 2248 ἐπιτελέσαι
2998 2194 3195 2266 ὀλίγοις
3238 2196 3383 2265 τάχα
3411 2210 3510 2244 που
3548 2195 3864 2248 πεπόνηται.

2262 2292 2362 2341 Καὶ
2426 2290 2627 2347 πάντως
2679 2286 2772 2338 οὐκ
2829 2286 2877 2336 ἐν
2935 2286 3180 2359 προθέσει
3238 2286 3390 2354 μόνον
3432 2282 3548 2351 (75)
3594 2283 3653 2331 τὸ
3716 2279 3868 2340 τέλος

2260 2378 2513 2449 ὑπάρχει,
2564 2374 2668 2427 ἀλλ’
2720 2374 2767 2427 ἐν
2815 2382 2887 2444 τῷ
2949 2373 3078 2426 τέλει
3132 2376 3191 2425 τὸ
3244 2367 3429 2446 κέρδος
3482 2378 3578 2423 τῶν
3636 2387 3866 2427 πεπονη-

2259 2471 2440 2539 μένων.
2492 2466 2692 2516 Οὐκοῦν
2744 2460 2895 2516 οὐδὲν
2952 2462 3125 2534 ὄφελος
3176 2468 3285 2523 τοῖς
3335 2465 3404 2533 μή
3469 2462 3598 2532 πρὸς
3648 2462 3706 2510 τὸ
3767 2466 3865 2510 τοῦ

2264 2562 2462 2608 σκοποῦ
2509 2554 2649 2615 τέλος
2707 2552 3066 2625 ἐπειγομένοις,
3112 2552 3246 2624 οῖχρι
3300 2548 3359 2602 δε
3407 2557 3497 2610 τῆς
3545 2548 3723 2621 ἀρχῆς
3768 2552 3863 2619 μόο

2259 2664 2349 2706 νης
2398 2645 2586 2696 ἑστῶσι
2619 2646 2706 2695 τὸν
2745 2651 2843 2694 τῶν
2894 2649 3139 2714 μοναχῶν
3181 2638 3297 2713 βίον
3321 2656 3333 2669 ·
3368 2638 3425 2691 οὐ
3469 2642 3571 2710 μὴν
3610 2636 3743 2689 ἀλλὰ
3771 2642 3865 2689 καὶ

2261 2734 2643 2805 καταγελαστον
2719 2731 3174 2803 καταλιμπάνουσι
3234 2734 3327 2788 τὴν
3404 2728 3599 2781 ἑαυτῶν
3671 2728 3866 2798 πρόθε-

2264 2842 2366 2893 σιν,
2422 2818 2700 2895 ἀνανδρίας
2754 2824 2843 2873 καὶ
2894 2818 3137 2881 ἀϐουλίας
3188 2820 3333 2892 παρὰ
3387 2824 3485 2868 τῶν
3544 2816 3725 2879 ἔξωθεν

2260 2913 2584 2985 καλούμενοι.
2645 2915 2779 2969 Φησὶ
2832 2912 2933 2985 γὰρ
2968 2910 3078 2981 (76)
3122 2913 3211 2961 καὶ
3263 2909 3288 2959 ὀ
3349 2909 3534 2982 Κύριος
3583 2925 3700 2975 περι
3761 2914 3865 2957 τῶν

2634 3006 2764 3069 Τίς,
2845 2999 3152 3073 βουλόμενος
3236 2994 3374 3050 οἷκον
3457 2993 3861 3068 οἰκοδομῆσαι,

2260 3093 2385 3165 οὐχὶ
2453 3099 2658 3165 πρῶτον
2724 3092 2949 3150 καθίσας
3016 3088 3238 3160 ψηφίζει
3312 3091 3399 3145 τὴν
3463 3083 3740 3155 δαπάνην,
3824 3086 3865 3137 εἰ

2260 3185 2372 3254 ἔχει
2437 3184 2502 3233 τὰ
2566 3182 2697 3253 πρὸς
2771 3178 3137 3253 ἀπαρτισμόν;
3200 3182 3269 3249 μή
3334 3194 3476 3245 ποτε,
3534 3177 3700 3236 θέντος
3776 3175 3868 3227 αὖ-

2259 3279 2350 3324 τοῦ
2420 3269 2685 3343 θεμέλιον,
2760 3275 2849 3321 καὶ
2912 3272 2983 3341 μὴ
3065 3268 3343 3339 ἰσχύοντος
3406 3264 3701 3330 ἐκτελέσαι,
3772 3266 3864 3339 cip-

2261 3361 2448 3424 ξωνται
2524 3358 2791 3432 ἐμπαίζειν
2866 3358 3009 3429 αὐτῷ
3075 3358 3123 3409 οἱ
3193 3359 3705 3430 παραπορευόμενοι,
3788 3354 3865 3407 λί-

2257 3470 2469 3522 γοντες,
2548 3451 2627 3501 ὅτι
2692 3449 2749 3499 Ὀ
2824 3449 3092 3520 ἄνθρωπος
3158 3446 3303 3506 οὗτος
3376 3444 3599 3517 θεμέλιον
3666 3444 3863 3507 ἔθηκε,

2260 3006 2501 3055 τοιούτοιν
2535 3022 2547 3035 ο

2258 3545 2347 3591 καὶ
2425 3540 2516 3591 οὐκ
2584 3543 2809 3610 ἴσχυσεν
2877 3535 3159 3589 ἐκτελέσαι.
3218 3534 3275 3587 Ἰῐ
3339 3531 3427 3586 οὖν
3489 3532 3630 3608 ἀρχὴ
3692 3532 3864 3604 ἐχέτω

2257 3635 2351 3688 τὴν
2407 3632 2674 3704 προκοπὴν
2732 3630 3010 3702 προθύμως
3071 3626 3154 3678 ἐπὶ
3200 3634 3271 3696 τῷ
3318 3626 3703 3698 κατορθώματι.
3762 3629 3864 3677 Καὶ

2256 3720 2358 3792 γὰρ
2425 3720 2450 3769 ὁ
2510 3721 2865 3789 γενναιότατος
2941 3715 3167 3777 ἀθλητὴς
3245 3714 3482 3778 Παῦλος,
3543 3712 3864 3786 βουλόμενος

2260 3810 2398 3880 ἡμᾶς
2465 3807 2577 3877 (77)
2658 3810 2728 3879 μὴ
2810 3805 3168 3880 ἐπαμεριμνεῑν
3244 3811 3347 3863 τοῖς
3430 3802 3866 3875 προϐεϐιωμένοις

2262 3894 2506 3967 ἀγαθοῖς,
2565 3893 2674 3945 ἀλλ’
2724 3896 2980 3968 ὁσημεραι
3033 3894 3105 3953 εἰς
3170 3895 3227 3943 τό
3286 3896 3466 3965 πρόσω
3512 3896 3867 3964 προκόπτειν,

2260 3985 2439 4056 λέγει’
2521 3990 2632 4036 Τῶν
2718 3985 2929 4035 ὄπισθεν
3017 3981 3515 4053 ἐπιλανθανόμενος,
3609 3988 3721 4041 τοῖς
3812 3978 3870 4034 δὲ

2264 4242 2445 4312 Regio
2492 4245 2631 4298 2895
2676 4241 2805 4297 hinc
2827 4238 3171 4312 _leguntur:
3204 4242 3350 4301 Tw‘c;
3384 4242 3469 4291 τόν
3506 4236 3655 4312 λόγον
3684 4247 3873 4291 τουτον

2264 4309 2539 4385 τοῦ-ἁγίου
2570 4312 2753 4365 Νείλου
2782 4309 2934 4385 ,εἶναι
2965 4311 3197 4383 λέγουσι,
3232 4312 3486 4380 Quidam
3539 4309 3695 4367 hanc
3738 4327 3878 4367 ora-

2267 4384 2483 4442 tionem
2510 4385 2707 4441 sancti
2733 4384 2863 4440 Nili
2891 4399 3010 4440 esse
3038 4385 3266 4440 dicunt.

2335 4459 2447 4527 (74)
2491 4460 2802 4528 ιἐνήσομαιτ
2831 4458 3015 4528 _Unus
3046 4471 3120 4511 ex
3149 4454 3343 4528 Regiis
3388 4453 3699 4511 codicibus
3736 4454 3882 4526 εὐγε-

2266 4523 2515 4601 νήσομαι.
2550 4523 2713 4582 Unus
2745 4525 2950 4583 itidem
2982 4528 3121 4601 Reg.
3157 4523 3210 4578 εὖ
3236 4523 3545 4601 quiia-auat.

2339 4546 2515 4601 σομαι.
2553 4541 2713 4582 unus
2745 4541 2950 4583 ltlaem
2982 4541 3121 4654 ﬂag.
3157 4546 3210 4578 εν
3236 4544 3545 4600 γενησομαι.

2339 4600 2447 4671 (75)
2487 4602 2672 4671 Μόνον.
2704 4601 3057 4671 Βοεηξοουη
3105 4614 3175 4653 us
3201 4604 3352 4670 μόνῃ.
3382 4599 3540 4655 Infra
3559 4598 3680 4655 duo
3712 4615 3874 4654 mss.

2269 4666 2510 4727 codices
2540 4670 2599 4722 οὐ
2628 4674 2730 4743 μὴν
2761 4666 2998 4743 statimne.

2340 4744 2451 4813 (76)
2492 4738 2637 4814 Φησῐ
2665 4743 2788 4814 γάρ.
2830 4740 3117 4814 Voculam
3142 4738 3491 4814 addidimus
3519 4756 3592 4797 ex
3629 4740 3884 4814 duobus

2269 4811 2420 4894 mss.
2464 4811 2682 4894 Statim
2724 4811 2942 4894 Regius
2992 4811 3539 4894 secundusfq‘a-y-ov
3569 4828 3679 4894 pro
3711 4811 3880 4894 οξκον.

2272 4883 2461 4957 Paulo
2513 4889 2651 4957 post
2702 4883 2845 4940 editi
2899 4884 2981 4937 ἵνα
3036 4889 3256 4957 μήποτε.
3303 4883 3424 4940 Sed
3465 4883 3766 4941 Eva—deest
3821 4886 3886 4940 in

2270 4956 2482 5013 iisdem
2514 4956 2661 5012 mss.

2344 5030 2454 5099 (77)
2487 5025 2669 5101 Ἱῐμᾶς.
2694 5030 2857 5101 Hauc
2886 5042 3099 5101 vocem
3130 5026 3480 5101 addidimus
3509 5042 3583 5083 ex
3614 5030 3761 5101 Reg.
3786 5042 3891 5083 co-

2272 5098 2404 5155 dice
2438 5098 2666 5171 primo.
2698 5098 3009 5173 Secundus
3040 5100 3125 5173 sic
3153 5098 3369 5155 habet:
3404 5101 3680 5173 προθύμως
3711 5098 3798 5151 ἐπὶ
3818 5103 3890 5173 ,τὸ

2274 5179 2371 5245 τῶν
2421 5168 2836 5245 κατορθωμάτῳν
2886 5170 3027 5233 τελος
3077 5170 3397 5243 ἐπειγομένη.
3439 5168 3603 5245 Tauro
3647 5173 3753 5245 γὰρ
3804 5168 3894 5223 δι-

2276 5239 2465 5295 δάσκει
2509 5239 2748 5314 ἡμᾶς’τῷ
2779 5239 2900 5313 ἰδίῳ
2932 5239 3369 5317 κατορθώματι...
3397 5247 3467 5313 μὴ
3516 5239 3892 5317 ἐπαμερὶμνείν

2274 5322 2398 5379 τοῖς,
2430 5318 2539 5369 etc.
2567 5315 2813 5370 Initium
2847 5315 3037 5384 igitur
3060 5314 3285 5371 acriter
3310 5320 3591 5383 properet
3618 5314 3703 5370 ad
3724 5314 3897 5371 recte

2270 5386 2576 5455 factorum
2606 5387 2806 5452 ﬁnem.
2838 5386 2910 5440 Id
2938 5387 3093 5447 enim
3121 5401 3228 5441 nos
3270 5385 3440 5442 docet
3467 5387 3736 5455 propria?
3768 5392 3896 5443 vir-

2278 5458 2422 5512 tutis
2469 5457 2739 5525 ezemplo
2776 5458 3059 5528 Paulus;
3099 5471 3174 5514 ne
3215 5458 3439 5514 scilicet
3480 5458 3554 5513 de
3582 5458 3707 5513 vita
3741 5465 3899 5515 ante

2281 5529 2425 5585 bene
2478 5534 2619 5601 acta
2660 5529 2858 5601 securi
2906 5531 3181 5597 otiemur,
3231 5529 3335 5586 sed
3390 5529 3653 5601 quotidie
3708 5531 3898 5587 ultra

2278 5600 2768 5673 progrediamur,
2796 5600 3018 5671 dicens,
3046 5605 3158 5657 etc.
