4070 6194
201 294 299 352 349
1200 290 1692 349 EPISTOLARUM
1731 285 2020 345 CLASSIS
2060 291 2099 345 Ι.
2151 288 2363 350 EPIST.
2406 296 2560 351 XLII.

3459 298 3564 358 350

200 420 485 493 ἔμπροσθεν
515 416 939 488 ἓπεκτεινόμενος,
971 417 1107 469 κατὰ
1134 436 1325 469 σκοπόν
1360 413 1534 469 διώκω
1557 418 1669 486 (78)
1714 413 1795 467 ἐπι

1914 416 2166 472 cationis
2192 419 2259 473 ετ.
2294 421 2443 476 Nam
2473 420 2603 476 talis
2640 422 2812 493 126
2830 425 2917 478 est
2945 424 3069 479 tota
3094 422 3413 480 hominum
3438 425 3559 483 vita

200 512 251 560 τὸ
283 508 529 580 βραϐεῖον
561 515 654 567 τῆς
694 508 799 557 ἅνω
829 506 1083 568 κλήσεως.
1135 513 1380 568 Τοιοῦτος
1419 510 1517 582 γαρ
1564 508 1801 577 ὑπάρχει

200 598 307 659 ὀλος
333 600 359 649 ό
389 608 491 649 τῶν
522 596 804 668 ἀνθρώπων
835 594 975 668 βίος,
1008 602 1077 669 μὴ
1109 595 1425 669 ἀρκούμενος
1452 605 1559 659 τοῖς
1586 599 1795 669 φθάσα-

201 707 298 753 σιν,
330 687 459 738 ἀλλά
490 690 797 759 τρεφόμενος
828 685 887 737 ού
946 693 1053 747 τοῖς
1112 688 1349 757 φθάσασι
1406 686 1617 758 μᾶλλον,
1672 684 1800 737 ἀλλὰ

198 784 303 838 τοῖς
329 778 595 848 μέλλουσι,
628 780 689 826 Τί
713 778 816 846 γαρ
851 774 1032 846 ὠφελεῖ
1075 777 1343 848 ἄνθρωπον
1396 777 1421 827 ό
1461 775 1651 847 χθιζὸς
1710 783 1798 834 τῆς

197 871 425 941 γαστρὸς
456 871 622 938 κόρος,
650 869 877 937 σήμερον
910 873 1003 925 τῆς
1036 864 1262 936 ἐμφύτου
1286 870 1463 926 πείνης
1486 870 1578 922 την
1606 864 1797 916 οἰκείαν

198 964 294 1017 τῆς
321 956 563 1030 βρώσεως
586 956 929 1029 παραμυθίαν
960 959 1030 1026 μὴ
1064 956 1417 1027 εὑρισκούσης
1448 974 1460 1023 ;
1491 955 1669 1016 Οὕτως
1710 950 1797 1006 οὖν

197 1043 324 1098 ούονε
353 1046 540 1117 ψυχῆς
564 1040 752 1118 κέρδος
791 1052 885 1095 τοῦ
929 1046 1181 1115 χθεσινού
1232 1046 1652 1118 κατορθώματος,
1708 1052 1798 1103 τῆς

194 1144 480 1205 σημερινῆς
510 1133 997 1205 ἁπολιμπανομένου
1050 1130 1481 1208 δικαιοπραγίας·
1544 1133 1666 1184 Οἶον
1696 1135 1794 1207 γὰρ

190 1224 318 1297 εύρω
349 1243 427 1289 σε,
464 1229 624 1295 φησι,
656 1227 887 1275 τοιοῦτόν
912 1241 969 1275 σε
998 1231 1181 1297 κρινῶ.

258 1318 308 1369 '2.
340 1312 553 1364 Οὐκοῦν
581 1315 804 1384 μάταιος
834 1316 923 1383 μὲν
950 1320 1041 1363 τοῦ
1063 1307 1274 1363 δικαίου
1301 1312 1523 1380 όκόπος,
1554 1310 1797 1383 ἀνέγκλη-

189 1421 274 1463 τος
304 1398 366 1453 δε
396 1408 490 1453 καὶ
517 1408 612 1453 τοῦ
645 1400 955 1474 ἁμαρτωλοῦ
987 1403 1012 1451 ό
1038 1405 1244 1474 τρόπος,
1291 1399 1649 1471 ἐπιγενομένης
1685 1400 1795 1470 (79)

190 1490 475 1561 ἐναλλαγῆς
503 1510 515 1522 ·
550 1498 625 1560 τῷ
647 1494 736 1561 μὲν
770 1488 869 1541 ἀπὸ
901 1497 991 1542 τοῦ
1021 1494 1309 1561 κρείττονος
1359 1489 1442 1541 ἐπὶ
1483 1491 1541 1541 τὸ
1593 1495 1794 1561 χεῖρον,

191 1589 258 1649 τῷ
289 1576 349 1631 δὲ
383 1578 488 1631 ἀπὸ
521 1587 617 1631 τοῦ
646 1584 883 1650 χείρονος
925 1577 1008 1630 ἐπὶ
1050 1582 1108 1630 τὸ
1130 1586 1360 1652 κρεῖττον
1391 1577 1785 1650 μεταϐληθὼττ.

188 1675 365 1720 Ταῦτα
393 1667 491 1718 καί
523 1675 617 1719 τοῦ
649 1666 897 1729 Ἰεζεκιὴλ
926 1670 995 1728 ὡς
1042 1665 1095 1718 ἐκ
1144 1673 1427 1740 προσώπου
1474 1674 1566 1718 τοῦ
1600 1671 1793 1740 Κυρίου

1911 520 2034 560 non
2080 512 2362 564 contenta
2402 509 2471 564 iis
2514 527 2644 583 quae
2694 516 3151 583 praecesserunt,
3197 513 3303 569 sed
3338 517 3560 573 nutrita

1908 609 2032 649 non
2072 596 2264 665 magis
2302 600 2609 669 praeteritis
2664 615 2849 671 quam
2908 600 3140 656 futuris.
3194 602 3348 668 Quid
3393 605 3555 660 enim

1908 684 2154 753 prodest
2198 686 2428 742 homini
2466 688 2745 744 hesterna
2805 690 3024 745 ventris
3067 691 3329 761 satietas,
3370 693 3551 749 hodie

1906 773 2087 830 insita
2143 775 2300 830 fame
2332 779 2697 833 conveniens
2748 778 2863 833 cibi
2896 779 3179 834 solatium
3222 797 3342 836 non
3386 783 3553 839 inve-

1907 862 2104 919 niente
2132 865 2157 919 ‘I
2191 866 2280 920 Sic
2306 866 2486 935 igitur
2506 866 2701 938 neque
2733 868 2944 923 animae
2973 867 3212 923 lucrum
3256 870 3445 926 ullum
3485 889 3558 927 ex

1905 958 2061 1008 recte
2093 954 2249 1010 facto
2279 956 2755 1029 hesterno,quod
2776 956 2852 1012 ab
2870 957 3163 1014 hodierno
3193 973 3373 1031 opere
3394 961 3557 1031 justo

1906 1040 2214 1098 deseritur.
2250 1045 2498 1112 Qualem
2536 1050 2714 1113 enim,
2746 1046 2959 1117 inquit,
2993 1048 3226 1117 reperio
3258 1054 3334 1113 te,
3369 1050 3550 1105 talem

1909 1134 1963 1186 te
1980 1132 2213 1201 judico.

1977 1312 2032 1363 2.
2072 1312 2275 1381 Itaque
2312 1327 2508 1367 vanus
2546 1316 2633 1367 est
2666 1312 2811 1382 justi
2847 1312 3042 1381 labor,
3084 1314 3364 1385 inculpati
3404 1314 3549 1371 item

1907 1403 2044 1452 sunt
2074 1401 2405 1469 peccatoris
2435 1417 2653 1470 mores,
2688 1403 3142 1473 superveniente
3180 1403 3555 1460 immutatio-

1906 1502 1980 1542 ne
2005 1503 2017 1552 ;
2053 1487 2216 1543 alteri
2247 1489 2491 1561 quidem
2518 1490 2781 1547 avirtute
2808 1491 2886 1547 ad
2910 1491 3325 1559 vitium,alteri
3352 1497 3553 1549 autem

1906 1594 1943 1633 a
1971 1577 2113 1633 vitio
2139 1578 2212 1633 ad
2244 1579 2517 1635 virtutem
2551 1580 2855 1637 translato.
2910 1584 3041 1636 Haec
3086 1587 3143 1637 et
3191 1582 3553 1639 Ezechielem

1905 1666 2066 1721 velut
2094 1683 2167 1722 ex
2210 1683 2474 1739 persona
2521 1670 2754 1725 Domini
2796 1670 3114 1726 docentem
3155 1671 3366 1727 audire
3394 1671 3551 1727 licet.

189 1753 609 1828 δογματίζοντος
638 1758 773 1807 ἔστιν
802 1754 1047 1809 ἀκοῦσαι.
1074 1755 1187 1808 Ἐὰν
1208 1757 1330 1827 γὰρ,
1357 1760 1535 1827 φησὶν,
1560 1753 1794 1816 ἐκκλίνας

1910 1757 1965 1812 Si
1992 1756 2175 1827 enim,
2206 1758 2417 1829 inquit,
2445 1759 2646 1828 justus
2686 1759 2991 1816 declinans
3049 1760 3383 1833 deliquerit,
3430 1776 3555 1818 non

188 1850 213 1897 0
245 1843 460 1907 δίκαιος
482 1844 860 1917 πλημμελήσῃ,
884 1845 942 1897 ού
975 1848 1045 1917 μη
1069 1846 1287 1917 μνησθω
1314 1853 1412 1895 των
1445 1840 1794 1895 δικαιοσυνῶν

188 1936 255 1987 ὧν
288 1936 536 1995 ἐποίησεν
566 1937 857 2008 ἔμπροσθεν
887 1938 1024 2005 (80).
1061 1934 1167 1986 ἀλλ’
1190 1933 1238 1986 ἐν
1269 1942 1329 2007 τῇ
1374 1934 1605 2007 ἁμαρτίᾳ
1634 1934 1793 1986 αύτου

188 2024 555 2079 ἀποθανεῖται.
591 2028 659 2077 T0
692 2021 751 2077 δε
779 2024 907 2076 αύτό
934 2043 1064 2095 φησι
1093 2028 1182 2076 καὶ
1202 2028 1319 2097 περὶ
1345 2031 1435 2075 τοῦ
1463 2022 1790 2097 ἁμαρτωλού-

188 2116 306 2167 Ἐὰν
337 2114 670 2189 ἐπιστρέψας
698 2119 898 2185 ποιήσῃ
937 2110 1297 2183 δικαιοσύνην,
1328 2117 1464 2175 ζωὴν
1500 2116 1717 2175 ζήσεται
1748 2111 1793 2163 ἐν

188 2204 343 2275 αὐτῇ.
404 2211 518 2257 Ποῦ
546 2207 646 2277 γὰρ
706 2206 754 2255 οί
806 2210 1050 2255 τοσοῦτοι
1101 2210 1299 2260 Μωυσῆ
1343 2210 1433 2253 τοῦ
1488 2203 1797 2275 θεράποντος

185 2313 360 2360 πονοι,
393 2302 495 2353 τῆς
525 2292 574 2345 ἐν
607 2300 803 2365 στιγμῇ
840 2293 947 2359 (81)
971 2291 1265 2363 ἀντιλογίας
1308 2290 1795 2365 παραγραψαμένης

188 2384 354 2435 αὐτοῦ
386 2388 487 2440 την
514 2382 589 2444 εἰς
626 2387 719 2439 τὴν
748 2390 844 2453 γῆν
893 2390 986 2443 τῆς
1034 2381 1345 2453 ἐπαγγελίας
1401 2376 1644 2447 εἵσοὸοη
1688 2388 1795 2433 [1ου

190 2469 248 2524 δὲ
275 2477 369 2524 καὶ
398 2474 427 2529 ἡ
463 2479 557 2523 τοῦ
589 2475 740 2534 Γιεζῆ
779 2475 1172 2543 συναναστροφὴ
1206 2474 1337 2545 πρὸς
1367 2472 1452 2522 τόν
1478 2470 1792 2535 Ἐλισσαῖον,

189 2560 628 2634 φιλοχρηματίας
657 2562 817 2633 χάριν
856 2560 1043 2633 λέπραν
1096 2558 1565 2631 ἐπισπασαμένου;
1624 2563 1687 2611 Τί
1740 2554 1798 2610 δὲ

187 2656 400 2701 καὶτοῦ
434 2650 665 2711 πλήθους
692 2657 785 2711 τῆς
818 2654 1007 2721 σοφίας
1034 2658 1105 2719 τῷ
1145 2648 1435 2721 Σολομῶντι
1480 2647 1675 2720 ὄφελος,
1707 2652 1796 2699 καὶ

189 2741 218 2796 ἡ
255 2738 607 2814 προλαϐοῦσα
634 2740 851 2795 τοιαύτη
876 2742 1041 2791 ἔννοια
1070 2738 1140 2799 εἰς
1172 2741 1299 2791 Θεὸν
1331 2740 1464 2806 (82),
1496 2738 1710 2809 ὕστερον
1744 2736 1797 2789 ἐκ

188 2838 278 2888 τῆς
303 2832 726 2899 γυναικομανίας
758 2828 829 2889 εἰς
874 2823 1294 2901 εἰδωλολατρείαν
1337 2826 1495 2878 αὐτοῦ
1527 2824 1795 2878 ἐκπεπτω-

186 2918 546 2984 κότος;Ἀλλ’
574 2914 701 2969 οὐδὲ
751 2921 836 2969 τόν
867 2919 1121 2991 μακάριον
1161 2912 1325 2969 Δαϐὶδ
1367 2917 1392 2967 ὁ
1440 2919 1795 2989 μετεωρισμός

190 3007 385 3080 ἀφῆκεν
418 3006 737 3079 ἀνέγκλητον
770 3002 863 3058 διὰ
887 3010 980 3064 τὴν
1034 3005 1101 3066 εἰς
1155 3010 1248 3063 τὴν
1294 3012 1387 3057 τοῦ
1444 3006 1558 3075 (83)
1601 3004 1794 3076 Οὐρίου

188 3099 571 3171 πλημμέλειαν.
636 3096 819 3171 Ἤρκει
869 3092 928 3149 δὲ
983 3101 1072 3149 καὶ
1121 3098 1149 3154 ἡ
1199 3104 1289 3149 τοῦ
1341 3091 1520 3147 Ἰούδα
1565 3094 1665 3148 ἀπὸ
1705 3102 1795 3147 τοῦ

188 3195 478 3263 κρείττονος
510 3188 586 3249 εἰς
615 3190 674 3239 τό
713 3193 891 3260 χεῖρον
940 3188 1291 3259 μετάπτωσις,
1340 3188 1466 3260 πρὸς
1515 3184 1796 3257 ἀσφάλειαν

191 3287 289 3330 τοῦ
320 3280 457 3329 κατὰ
484 3280 615 3331 Θεὸν
646 3275 1061 3349 πολιτευομένου,
1095 3276 1171 3341 ὃς,
1201 3274 1249 3327 ἐν
1287 3277 1561 3337 τοσούτοις
1586 3279 1797 3348 χρόνοις

199 3368 547 3438 μαθητευθεὶς
575 3374 646 3437 τῷ
678 3374 914 3441 Χριστῷ,
958 3366 1173 3437 ὕστερον
1206 3372 1376 3439 μικρῷ
1423 3364 1660 3437 λήμματι
1711 3366 1797 3415 τὸν

201 3451 535 3507 διδάσκαλον
589 3454 983 3527 ἀπεμπολήσας,
1016 3455 1181 3526 ἐαυτῷ
1234 3454 1470 3526 ἀγχόνην
1524 3452 1797 3527 ἐπραγμα-

202 3547 450 3597 τεύσατο.
482 3550 635 3597 Τοῦτο
687 3541 775 3596 οὖν
832 3550 1063 3616 γνωστόν
1122 3562 1206 3596 σοι
1246 3546 1375 3596 ἔστω
1425 3544 1555 3614 (84),
1591 3540 1795 3614 ἁδελφὲ,

204 3636 292 3684 ὅτι
333 3634 440 3703 οὐχ
501 3634 525 3683 ό
564 3634 727 3693 καλῶς
777 3632 1088 3707 ἀρχόμενος,
1134 3630 1277 3692 οὗτος
1330 3633 1513 3692 τέλειος
1546 3653 1558 3665 ο
1615 3630 1722 3682 ἀλλ’
1774 3632 1798 3681 ό

201 3723 370 3783 καλῶς
430 3721 811 3795 ἀποτιθέμενος,
874 3723 1021 3784 οὗτος
1068 3719 1285 3794 δόκιμος
1336 3724 1479 3795 παρά
1518 3729 1649 3791 Θεῷ.
1710 3724 1794 3777 Μὴ

196 3810 287 3865 οὖν
322 3810 428 3883 δῷς
458 3813 614 3865 ὕπνον
645 3821 751 3874 τοῖς
809 3812 1111 3884 ὀφθαλμοῖς,
1156 3808 1364 3883 αδελφε,
1415 3807 1553 3883 μηδὲ
1600 3828 1798 3861 νυσταο

195 3908 329 3973 γμόν
380 3911 497 3963 σοῖς
550 3901 845 3974 βλεφάροις,
904 3904 983 3953 ἱνα
1042 3903 1217 3973 σωθῇς
1274 3903 1445 3973 ὥσπερ
1502 3896 1693 3972 δορκὰς
1746 3896 1799 3949 ἐκ

205 3989 440 4063 βρόχων,
472 3996 564 4043 καὶ
621 3993 794 4063 ὥσπερ
854 3995 1020 4065 ὄρνεον
1083 3989 1137 4042 ἐκ
1183 3986 1429 4062 παγίδος.
1489 3988 1645 4041 Βλεπε
1672 3989 1798 4061 γὰρ,

203 4082 284 4131 ὅτι
332 4085 444 4150 (85)
498 4080 548 4132 ἐν
605 4085 749 4151 μέσῳ
804 4076 1044 4151 παγίδων
1100 4076 1429 4144 ὃιαϐαίνεις,
1489 4083 1578 4131 καὶ
1631 4076 1799 4129 ἐπάνω

200 4176 407 4242 τείχους
464 4170 673 4241 ὑψηλοῦ
726 4178 1041 4243 περιπατεῖς,
1094 4171 1205 4222 ὅθεν
1261 4168 1355 4221 οὐκ
1398 4164 1672 4220 ἀκίνδυνον
1726 4176 1798 4237 τῷ

198 4264 552 4313 καταπεσόντι
610 4264 667 4311 τό
721 4267 929 4331 πτῶμα.
984 4262 1070 4317 Μὴ
1135 4254 1221 4309 οὖν
1270 4257 1455 4317 εὐθέως
1527 4256 1598 4318 εἰς
1646 4254 1799 4331 ακρόι

198 4369 332 4407 τητα
394 4349 672 4410 ἀσκήσεως
734 4347 962 4421 ἑκτείνης
1036 4350 1251 4399 σεαυτόν
1300 4365 1313 4379 ’
1378 4344 1609 4417 μάλιστα
1660 4341 1799 4417 μηδὲ

200 4440 475 4513 θαρῥάσςς
506 4440 620 4508 (86)
653 4446 873 4508 σεαυτῷ,
914 4438 995 4489 ῖνα
1042 4441 1113 4508 μὴ
1147 4435 1200 4499 ἐξ
1238 4434 1472 4510 ἀπειρίας
1520 4433 1605 4506 ἀφ’
1630 4433 1794 4505 ὖψους

200 4537 292 4589 τῆς
336 4528 615 4587 ἀσκήσεως
672 4531 853 4599 πέσῃς.
919 4532 1172 4599 Κρεῖσσον
1227 4528 1327 4599 γὰρ
1376 4526 1407 4582 ἡ
1458 4523 1571 4576 κατ’
1622 4522 1796 4595 ὀλίγον

198 4624 463 4693 προκοπή,
510 4620 657 4672 Κατὰ
711 4620 895 4692 μικρὸν
954 4616 1043 4669 οὖν
1094 4615 1274 4669 κλέπτε
1324 4617 1417 4677 τὰς
1465 4610 1659 4676 ἡδονὰς
1708 4620 1797 4666 τοῦ

269 4798 333 4887 ’τη
361 4792 578 4867 Philip.
640 4810 725 4865 ιιι,
804 4793 887 4865 13,
964 4797 1045 4850 li.
1124 4794 1169 4828 ³⁸
1232 4792 1438 4850 Ezech.
1508 4793 1663 4862 XNIII,
1706 4792 1793 4848 24.

198 4885 268 4939 τι,
305 4885 357 4924 ξ).

267 5048 386 5115 «‘78)
418 5050 616 5099 Διὼκω.
649 5046 788 5116 Reg.
834 5043 1136 5101 secundus
1167 5039 1390 5100 διώκων.
1424 5042 1613 5101 Paulo
1657 5047 1799 5116 post

194 5134 275 5197 ex,
290 5118 519 5197 eodem
550 5115 741 5197 additi
762 5116 1034 5197 010;.p03‘t
1062 5117 1315 5191 ὑπάρχει.

262 5196 378 5258 (79}
404 5188 821 5260 Ἐπιγενομένης.
865 5186 954 5245 Sic
982 5188 1104 5244 duo
1135 5186 1301 5260 mss,
1347 5186 1563 5244 melius
1604 5202 1795 5260 quam

194 5261 253 5316 in
276 5262 453 5315 editis
480 5259 821 5332 ἐπειγομένης.

267 5328 769 5408 (80)-Ἒμπροσθεν.
792 5334 971 5408 Deest
1000 5331 1061 5385 in
1100 5333 1240 5401 Reg.
1286 5328 1574 5389 secundo.
1612 5328 1796 5387 Paulo

196 5412 329 5476 post
359 5403 521 5461 idem
552 5403 747 5460 codex
782 5406 860 5455 ὅτι
893 5403 1051 5463 ζωήν.

264 5478 509 5547 ἔϐητῆς
537 5478 587 5529 ἐν
616 5482 846 5547 στιγμῇ.
881 5476 1020 5544 Reg.
1060 5472 1373 5547 secundus,
1414 5480 1508 5536 τῆς
1567 5483 1795 5547 στιγμῆς

201 5556 307 5609 τὶς.
337 5565 471 5605 cum
502 5546 875 5605 momentum
904 5546 1419 5603 contradictionis.

266 5621 607 5689 (82)Ἐννοια
634 5619 711 5678 εἰς
767 5623 915 5673 Θεόν.
958 5619 1132 5675 Recte
1174 5617 1457 5676 observat
1504 5615 1797 5674 Combeﬁ-

1902 1846 2269 1902 recordabor
2298 1863 2509 1903 eorum
2540 1864 2675 1921 quae
2710 1849 2867 1919 juste
2898 1849 3035 1905 fecit
3065 1856 3278 1907 antea:
3332 1851 3440 1907 sed
3491 1852 3553 1907 in

1904 1940 2151 2007 peccato
2175 1952 2285 1991 suo
2318 1937 2600 1993 morietur
2620 1940 2688 1993 ’3.
2716 1938 2861 1993 Dicit
2881 1942 3084 1995 autem
3110 1939 3375 2011 idipsum
3402 1945 3458 1995 et
3477 1940 3553 1997 de

1906 2031 2251 2097 peccatore:
2298 2027 2355 2083 Si
2385 2027 2777 2083 considerans
2808 2028 3009 2084 fecerit
3050 2029 3349 2099 justitiam
3398 2030 3554 2087 vivet

1904 2112 1965 2168 in
1997 2114 2130 2185 ipsa
2152 2117 2219 2168 ’9.
2256 2116 2384 2181 Quo
2414 2116 2575 2171 enim
2605 2120 2692 2172 tot
2736 2132 2806 2172 ac
2852 2117 2996 2173 tanti
3046 2116 3284 2173 labores
3338 2118 3553 2175 famuli

1905 2202 2143 2275 Moysis,
2173 2220 2312 2259 cum
2342 2204 2545 2276 ipsum
2574 2204 2669 2261 vel
2694 2205 2876 2261 unius
2916 2206 3207 2262 momenti
3255 2207 3555 2263 contradi-

1905 2292 2022 2347 ctio
2048 2296 2215 2348 terrae
2258 2295 2572 2365 promissae
2595 2294 2762 2351 aditu
2793 2296 3051 2352 arcuerit
3078 2298 3101 2350 ἳ
3135 2298 3265 2361 Quo
3311 2301 3368 2352 et
3396 2297 3555 2353 Giezi

1905 2396 2047 2437 cum
2078 2380 2284 2437 Elismo
2306 2382 2635 2444 convictus,
2668 2399 2807 2439 cum
2852 2383 2968 2439 sibi
3016 2384 3250 2457 lepram
3281 2385 3550 2457 pecuniae

1906 2486 2111 2527 amore
2133 2470 2407 2526 asciverit
2432 2471 2459 2526 ‘I
2491 2472 2644 2537 Quid
2675 2477 2733 2527 et
2760 2473 3069 2545 sapientiae
3108 2473 3429 2530 multitudo
3453 2476 3553 2532 Sa-

1905 2559 2212 2615 lomonem
2239 2558 2414 2629 juvit,
2458 2564 2777 2633 tantusque
2817 2562 2918 2617 Dei
2974 2578 3145 2618 amor
3199 2562 3551 2634 praeteritus,

1908 2664 2046 2704 cum
2078 2647 2471 2719 postmodum
2510 2649 2723 2705 insano
2765 2650 3084 2706 mulierum
3142 2667 3349 2707 arnore
3386 2651 3557 2709 dela—

1907 2753 2052 2810 psus
2079 2736 2235 2792 sitin
2261 2736 2665 2795 idololatriam
2686 2740 2712 2794 ‘I
2745 2739 2859 2795 Sed
2883 2754 3081 2812 neque
3107 2739 3355 2795 beatum
3388 2741 3558 2796 Davi-

1907 2827 2047 2883 dem
2112 2826 2328 2883 mentis
2392 2826 2689 2883 aberratio
2750 2828 3126 2901 inculpatum
3172 2829 3419 2895 dimisit,
3476 2828 3557 2884 ob

1906 2914 2247 2971 admissum
2268 2914 2329 2970 in
2351 2930 2598 2970 uxorem
2622 2915 2772 2971 Uriee
2798 2921 3135 2987 peccatum.
3159 2916 3313 2972 Satis
3346 2918 3551 2970 autem

1908 3010 2063 3062 esset
2083 3009 2140 3061 et
2157 3004 2322 3060 Iudae
2354 3021 2390 3060 a
2417 3004 2629 3061 virtute
2659 3004 2737 3059 ad
2775 3004 2985 3060 vitium
3026 3003 3255 3076 lapsus,
3284 3004 3363 3060 ad
3389 3019 3549 3069 eum,

1828 3134 1869 3187 Ο
1908 3094 2011 3166 qui
2040 3094 2226 3150 vitam
2247 3093 2584 3150 secundum
2603 3095 2790 3149 Deum
2812 3092 2955 3163 agit,
2978 3092 3550 3149 communiendum:

1907 3183 2011 3257 qui
2040 3182 2275 3239 tamdiu
2306 3183 2517 3239 Christi
2542 3182 2899 3254 discipulus,
2917 3187 3129 3254 postea
3158 3182 3451 3253 magistro
3472 3182 3552 3238 ob

1907 3272 2193 3342 exiguum
2220 3271 2456 3327 lucrum
2486 3270 2814 3339 divendito,
2848 3270 2961 3327 sibi
2981 3271 3109 3344 ipse
3137 3270 3427 3343 laqueum
3450 3287 3552 3344 pa-

1905 3362 2079 3429 ravit,
2110 3360 2259 3416 Illud
2291 3361 2491 3432 itaque
2512 3365 2892 3433 perspectum
2921 3360 3025 3416 tibi
3048 3360 3139 3425 sit,
3182 3361 3380 3427 frater,
3428 3376 3552 3416 non

1906 3467 2043 3506 eum
2096 3451 2198 3523 qui
2242 3450 2394 3505 bene
2440 3450 2668 3522 incipit,
2712 3450 3043 3522 perfectum
3090 3466 3256 3506 esse:
3309 3450 3413 3506 sed
3450 3450 3557 3522 qui

1906 3538 2059 3594 bene
2096 3538 2331 3606 desinit,
2365 3555 2503 3595 eum
2532 3554 2663 3594 esse
2708 3539 2825 3594 Deo
2850 3538 3198 3610 probatum.
3248 3541 3326 3594 Ne
3376 3539 3556 3610 igitur

1907 3628 2164 3693 dederis,
2188 3628 2384 3694 frater,
2428 3643 2711 3683 somnum
2749 3627 2956 3697 oculis,
3003 3643 3200 3699 neque
3248 3625 3554 3699 palpebris

1907 3718 2024 3773 tuis
2054 3717 2540 3773 dormitationem
2562 3718 2631 3785 ³ο,
2652 3722 2714 3771 ut
2732 3716 2934 3773 salvus
2958 3716 3069 3772 ﬁas
3091 3717 3252 3771 velut
3271 3716 3453 3771 dama
3477 3730 3550 3769 ex

1908 3805 2204 3873 cassibus,
2232 3809 2289 3861 et
2317 3804 2479 3861 velut
2508 3806 2637 3860 avis
2658 3821 2730 3860 ex
2757 3804 2992 3877 laqueis
3010 3806 3078 3857 ³¹.
3103 3802 3427 3859 Considera
3446 3818 3552 3874 per

1907 3894 2139 3950 medios
2162 3899 2213 3949 te
2233 3894 2485 3966 laqueos
2513 3893 2786 3958 transire,
2811 3899 2868 3948 et
2888 3908 3073 3966 supra
3092 3892 3394 3948 excelsum
3426 3908 3555 3947 mu-

1905 4000 2041 4039 rum
2072 3982 2407 4051 ambulare,
2427 3999 2499 4038 ex
2517 3998 2640 4055 quo
2661 3981 3041 4055 periculosus
3069 3980 3309 4037 cadenti
3324 3980 3553 4052 lapsus.

1908 4075 2283 4145 Quapropter
2302 4087 2375 4126 ne
2406 4071 2603 4127 statim
2628 4071 2705 4126 ad
2745 4071 2878 4127 vitae
2907 4070 3175 4127 asceticaa
3214 4072 3448 4143 apicem
3474 4074 3554 4125 te-

1905 4161 2231 4234 metipsum
2269 4160 2591 4217 intendas:
2634 4160 2899 4216 maxime
2954 4175 3097 4217 vero
3145 4175 3221 4216 ne
3277 4159 3380 4215 tibi
3420 4159 3553 4231 ipse

1906 4251 2200 4321 conﬁdas,
2231 4254 2293 4306 ut
2320 4266 2395 4306 ne
2426 4249 2507 4306 ob
2541 4248 2907 4321 imperitiam
2933 4265 3006 4305 ex
3046 4264 3286 4304 summo
3317 4248 3554 4305 ascetici

1904 4340 2150 4396 instituti
2178 4339 2426 4397 labaris.
2458 4342 2607 4395 Nam
2634 4338 2819 4395 satius
2838 4338 3014 4395 fuerit
3050 4338 3342 4411 paulatim
3372 4337 3555 4410 proti-

1905 4445 2057 4486 cere.
2087 4433 2290 4501 Itaque
2310 4428 2647 4500 voluptates
2676 4428 2811 4483 vitae
2832 4428 3059 4484 sensim
3076 4426 3552 4493 subtrahe,tuam

1905 4532 2149 4573 omnem
2180 4516 2677 4573 consuetudinem
2706 4516 2936 4586 delens,
2968 4531 3043 4571 ne
3073 4514 3223 4571 forte
3262 4514 3312 4570 si
3341 4513 3543 4570 subito

1904 4622 2118 4667 omnes
2146 4605 2325 4664 simul
2352 4604 2692 4679 voluptates
2718 4604 2985 4673 irritaris,
3020 4604 3125 4662 tibi
3150 4606 3279 4677 ipse
3310 4604 3551 4661 turbam

1906 4792 1952 4825 ’θ
1992 4788 2136 4845 ibid.
2194 4791 2281 4854 27,
2357 4791 2445 4843 28.
2560 4787 2608 4821 ³ο
2648 4786 2796 4841 Psal.
2867 4802 3054 4855 cxxxr,
3120 4788 3174 4841 4.
3289 4786 3334 4821 ³¹
3377 4789 3551 4844 Prov.

1910 5039 2034 5095 sius
2064 5035 2387 5110 legendum
2419 5039 2589 5090 εὔνοια
2619 5034 2688 5099 εἰς
2735 5041 2876 5105 Θεὸν,
2927 5035 3109 5109 idque
3150 5034 3211 5093 in
3262 5034 3548 5108 interpre-

1906 5110 2092 5167 tando
2121 5110 2307 5164 secuti
2338 5126 2572 5164 sumus.

1978 5184 2090 5251 (83)
2124 5181 2212 5242 Εἰς
2240 5184 2333 5239 τὴν
2359 5188 2470 5235 τοῦ.
2505 5181 2596 5237 Sic
2638 5179 2761 5235 duo
2791 5179 3028 5236 codices
3071 5195 3215 5234 mss.
3247 5175 3422 5251 _Editi
3468 5176 3547 5251 εἰς

1908 5249 2017 5306 τού.
2054 5249 2281 5325 Ibidem
2307 5252 2446 5307 editi
2476 5252 2642 5325 ἀρκεῖ.
2679 5253 2804 5325 Duo
2854 5251 3089 5307 codices
3138 5254 3201 5305 ut
3242 5249 3303 5304 in
3359 5250 3545 5303 textu.

1908 5325 2093 5407 [idem
2119 5323 2301 5407 paulo
2327 5327 2464 5407 post
2488 5323 2833 5407 μαθητευθεὶς
2860 5331 2931 5392 τῷ
2962 5326 3157 5397 Κυρὶῳ.

1979 5400 2093 5467 (84)
2122 5394 2529 5450 Ἔστωξῡθθεῑ
2554 5394 2883 5467 ἱηᾼόιιοὺυε
2914 5394 3063 5467 mss.

1976 5459 2088 5539 (85)
2119 5467 2273 5539 Βλέπε
2300 5468 2419 5539 γὰρ,
2455 5467 2553 5521 ὃτι.
2583 5465 2675 5521 Sic
2704 5466 2827 5521 duo
2856 5464 3113 5525 codices.
3170 5460 3324 5516 alius
3370 5459 3547 5533 βλέπε,

1908 5541 2007 5594 ὃτι.
2042 5539 2189 5595 Editi
2221 5539 2397 5609 βλέπε,
2432 5542 2519 5599 ὡς.

1980 5611 2091 5684 (86)
2116 5602 2423 5686 Θαρῥήσηξ.
2458 5609 2550 5666 Sic
2588 5608 2710 5665 duo
2736 5623 2886 5663 mss.
2920 5602 3069 5662 Edili
3109 5602 3371 5681 θαρρήσῃ.
