4070 6194
509 289 607 346 351
1877 287 1938 345 S.
1993 284 2236 344 BASlLll
2276 282 2494 344 MAGNI

3763 289 3874 346 352

507 417 907 477 tentationum
929 428 1218 470 accersas.
1235 412 1382 468 Cum
1405 417 1604 470 autem
1629 429 1818 469 unum
1839 411 2161 484 voluptatis

2288 409 2423 477 ϐίου,
2457 411 2774 484 ἐξαφανίζων
2809 419 3028 465 σεαυτοῦ
3059 418 3233 465 πᾶσαν
3266 412 3541 469 συνήθειαν
3579 412 3717 483 (87),
3772 419 3880 486 μή.

510 509 795 566 morbum
827 505 884 560 vi
911 501 1306 576 superaveris,
1327 503 1574 573 accinge
1601 507 1653 558 te
1685 503 1764 558 ad
1791 501 2162 573 voluptatem

511 599 690 654 aliam
753 593 1226 654 debellandum;
1286 597 1343 647 et
1400 593 1479 647 ita
1534 593 1783 647 demum
1827 590 2164 662 voluptates

513 703 724 743 omnes
771 683 1116 756 tempestive
1165 681 1465 737 domabis.
1506 683 1652 737 Nam
1697 679 2016 751 voluptatis
2036 677 2163 749 qui-

513 776 652 832 dem
683 789 904 830 nomen
940 787 1150 836 unum,
1203 769 1307 825 sed
1355 786 1448 825 res
1498 770 1769 826 diversae.
1817 769 1910 822 Sis
1962 766 2164 838 itaque

514 866 798 938 primum,
835 861 1033 927 frater,
1068 859 1126 913 in
1165 859 1330 929 127
1368 858 1690 915 tentatione
1715 857 1879 914 omni
1907 855 2159 929 patiens.

517 952 806 1019 Qualibus
856 955 1058 1004 autem
1109 947 1540 1004 tentatiouibus
1597 947 1792 1002 tidt-lis
1850 945 2161 1018 probatur,

515 1041 745 1098 (lamnis
798 1037 1150 1105 mundanis,
1217 1037 1757 1105 criminationibus,
1809 1033 2160 1103 mendaciis,

515 1129 917 1194 contumacia,
971 1127 1529 1195 obtrectationibus,
1579 1123 2096 1198 persecutionibus
2139 1121 2166 1175 ‘?

517 1219 613 1275 llis
645 1223 698 1274 et
727 1215 1024 1272 similibus
1050 1213 1341 1287 probatur
1371 1214 1583 1269 tidelis.
1616 1213 1836 1269 Deinde
1880 1213 1961 1267 sis
1987 1212 2164 1267 etiam

515 1307 776 1381 quietus,
809 1320 929 1360 non
965 1319 1235 1376 praeceps
1269 1302 1490 1367 verbis,
1524 1318 1646 1358 non
1678 1302 1990 1372 litigiosus,
2042 1315 2164 1355 non

514 1397 574 1453 in
598 1393 1040 1451 contentionem
1070 1407 1321 1464 pronus,
1355 1407 1477 1446 non
1525 1391 1782 1464 cupidus
1825 1389 2027 1461 gloriae
2069 1405 2167 1444 va-

517 1501 627 1554 nte,
653 1499 772 1538 non
811 1482 1087 1538 etfutiens
1111 1497 1352 1547 arcana,
1387 1479 1493 1537 sed
1514 1480 1631 1536 ﬁde
1671 1479 1911 1551 dignus,
1945 1493 2067 1534 non
2106 1478 2166 1533 in

519 1587 796 1629 sermone
827 1570 1072 1639 multus,
1107 1569 1210 1625 sed
1243 1574 1369 1625 esto
1403 1584 1642 1642 semper
1671 1585 1792 1624 non
1823 1569 1899 1624 ad
1944 1567 2166 1624 docen-

518 1661 688 1728 dum,
723 1659 825 1716 sed
859 1659 939 1715 ad
985 1658 1341 1714 discendum
1387 1663 1653 1730 paratus.
1703 1661 1781 1714 Ne
1833 1658 2063 1714 curiose
2094 1656 2169 1712 dc

2272 518 2415 566 ποτε,
2449 499 2650 576 ἀθρόως
2681 504 2854 564 πάσας
2879 503 3010 574 ὁμου
3041 501 3275 574 ἐρεθίσας
3301 503 3394 563 τὰς
3441 497 3651 567 ἡδονὰς,
3709 502 3874 574 ὄχλον

2273 599 2574 664 πειρασμῶν
2626 601 2828 663 σεαυτῷ
2881 591 3168 664 ἐπαγάγῃς.
3196 590 3377 642 Ἰινίκα
3426 587 3478 642 δ’
3516 590 3576 642 ἆυ
3625 599 3716 643 του
3766 591 3877 654 ἐνὸς

2272 681 2467 741 πάθους
2498 690 2590 742 τῆς
2623 679 2822 743 ἡδονῆς
2859 684 2994 734 κατα
3045 684 3234 754 κράτος
3282 685 3543 756 περιγένῃ,
3590 685 3720 755 πρὸς
3776 687 3874 739 τὴν

2273 769 2446 844 ἑτέραν
2478 767 2673 829 ἡδονὴν
2704 771 3020 845 παράταξαι,
3051 775 3138 822 καὶ
3169 772 3303 823 οὕτω
3332 779 3514 823 πασῶν
3544 779 3643 822 τῶν
3665 767 3874 828 ἡδονῶν

2274 859 2524 933 εὐκαίρως
2549 867 2886 934 περιγενήσῃ.
2920 857 3142 922 Ἡδονῆς
3169 863 3270 935 γαρ
3303 863 3463 932 ὄνομα
3513 863 3603 932 μὲν
3634 859 3704 927 ἓν,
3738 862 3878 933 πρά-

2271 967 2449 1020 γματα
2481 946 2540 1001 ὃε
2570 946 2816 1023 διάφορα.
2878 954 3088 1021 Τοίνυν,
3142 946 3346 1021 adﬁgit,
3399 952 3489 1001 ἔσο
3545 957 3746 1022 πρῶτον
3780 952 3877 1021 μεν

2275 1039 2655 1110 ὑπομονητικὸς
2687 1043 2798 1102 (88)
2831 1042 2962 1114 πρὸς
2986 1041 3152 1090 πάντα
3194 1041 3503 1110 πειρασμόν.
3546 1045 3880 1113 Πειρασμοῑς

2275 1123 2334 1179 δὲ
2356 1136 2605 1190 ποταποῐς
2639 1124 2984 1201 δοκιμάζεται
3015 1129 3039 1180 ὁ
3071 1131 3276 1194 πιστὸς,
3305 1128 3523 1200 ζημίαίς
3561 1135 3875 1200 κοσμικαῖς,

2275 1214 2588 1289 ἐγκλήμασι,
2631 1217 3090 1290 καταζιευσμασιν,
3151 1216 3453 1284 ἀπειθείαις,
3506 1215 3878 1279 καταλαλιαῖς,

2275 1301 2570 1377 διωγμοῖς;
2616 1307 2699 1367 Εἰς
2740 1314 2906 1358 ταῦτα
2933 1312 3023 1358 καὶ
3047 1310 3112 1359 τα
3165 1313 3386 1358 τοιαῦτα
3438 1300 3793 1378 δοκιμάζεται
3855 1305 3881 1356 ὁ

2275 1401 2475 1455 πιστὸς.
2513 1395 2727 1448 Ἔπειτα
2757 1393 2816 1449 δὲ
2840 1402 2928 1448 καὶ
2960 1399 3186 1468 ἡσυχιος
3234 1399 3342 1460 ἔσο,
3401 1400 3472 1468 μὴ
3521 1400 3786 1469 προπετὴς
3827 1393 3879 1446 ἐν

2273 1483 2430 1556 λόγῳ,
2471 1489 2542 1557 μὴ
2574 1485 2858 1558 ἐριστικός,
2890 1491 2957 1558 μὴ
2988 1485 3289 1558 φιλόνεικος,
3321 1489 3392 1556 μὴ
3450 1481 3740 1549 κενόδοξος,
3801 1488 3878 1556 μὴ

2277 1572 2602 1644 ἐξηγητικός,
2639 1572 2766 1625 ἀλλὰ
2799 1573 3098 1646 φιλὸπιστος
3130 1575 3239 1644 (89)
3271 1593 3285 1606 '
3319 1577 3389 1644 μὴ
3438 1571 3486 1624 ἓν
3514 1571 3652 1643 λόγῳ
3689 1571 3882 1638 πολὺς,

2275 1663 2479 1735 ἕτοιμος
2511 1659 2569 1714 δὲ
2592 1665 2704 1715 ἳσθι
2729 1661 2806 1714 ἀεὶ
2854 1667 2925 1734 μὴ
2972 1665 3104 1735 πρὸς
3157 1658 3533 1728 διδασκαλίαν,
3569 1658 3695 1712 ἀλλά
3748 1664 3886 1732 πρὸς

519 1751 638 1807 vita
669 1748 980 1805 mundana
1011 1747 1301 1820 inquiras,
1343 1746 1504 1802 unde
1550 1746 1698 1802 nihil
1749 1747 1853 1803 tibi
1901 1762 2170 1803 accessu-

2288 1753 2532 1809 πάθῃσιν.
2565 1756 2648 1810 Μὴ
2682 1752 3024 1826 περιεργάζου
3057 1749 3210 1824 βίους
3238 1754 3542 1822 κοσμικοὺς,
3577 1751 3688 1802 ὅθεν
3718 1747 3886 1802 οὐδέν

519 1855 657 1897 rum
689 1839 760 1894 sit
781 1837 1191 1904 emolumenti,
1225 1835 1535 1892 Aitenim:
1577 1837 1649 1892 Ut
1681 1851 1756 1892 ne
1796 1837 2080 1908 loquatur
2107 1850 2169 1889 os

522 1945 714 1986 meum
745 1942 925 1996 opera
954 1926 1259 1982 hominum
1280 1928 1347 1980 ³³.
1374 1925 1482 1992 Qui
1511 1925 1672 1981 enim
1699 1941 1771 1982 ea
1797 1941 1933 1998 quae
1962 1939 2172 1998 pecca-

521 2024 721 2074 torum
758 2020 899 2071 sunt
927 2015 1146 2071 lubens
1176 2015 1460 2087 loquitur,
1486 2013 1602 2070 cito
1630 2015 1690 2070 in
1741 2030 1804 2070 se
1847 2013 2174 2070 exsuscitat

521 2106 880 2180 voluptates.
914 2108 1039 2160 lmo
1065 2103 1264 2175 potius
1287 2103 1561 2158 curiosus
1587 2103 1666 2158 sis
1722 2103 1783 2158 in
1833 2103 1955 2158 vita
1977 2102 2170 2174 justo-

521 2211 660 2250 rum
715 2191 1126 2266 exquirenda:
1175 2193 1256 2248 ita
1282 2192 1441 2248 enim
1482 2192 1589 2248 tibi
1633 2191 1762 2265 ipse
1793 2191 2178 2264 comparabis

522 2282 858 2339 utilitatem.
892 2285 972 2338 Ne
1012 2283 1091 2336 sis
1132 2281 1214 2336 tui
1255 2281 1613 2338 ostendendi
1656 2281 1932 2354 Cupidus,
1979 2297 2171 2353 pagos

522 2377 624 2428 aut
654 2371 871 2428 domos
901 2372 1417 2439 circumcursans;
1447 2371 1551 2428 sed
1574 2372 1703 2427 haec
1724 2376 1789 2427 ut
1827 2371 2171 2428 animarum

519 2460 771 2533 laqueos
795 2460 953 2530 fuge.
987 2459 1200 2532 Siquis
1239 2464 1440 2516 autem
1472 2464 1528 2516 te
1572 2459 1651 2516 ob
1701 2460 2172 2532 multampieta-

524 2555 665 2617 tem,
693 2550 754 2606 in
798 2550 1052 2606 domum
1095 2566 1270 2606 suam
1323 2550 1528 2606 multis
1576 2551 1651 2606 de
1691 2551 1893 2606 causis
1943 2550 2172 2621 invitet,

525 2639 718 2696 discat
746 2639 851 2713 qui
881 2639 1014 2695 talis
1046 2643 1134 2694 est
1161 2639 1345 2695 ﬁdem
1395 2639 1757 2696 centurionis
1807 2640 1997 2713 sequi,
2046 2641 2174 2712 qui,

527 2745 664 2786 cum
694 2728 868 2784 Jesus
899 2727 1226 2784 curationis
1252 2744 1394 2800 ergo
1441 2728 1519 2784 ad
1557 2729 1760 2801 ipsum
1805 2733 2173 2802 properaret,

527 2819 883 2891 deprecatus
911 2822 1001 2873 est
1055 2817 1151 2872 his
1195 2817 1424 2873 verbis:
1451 2819 1716 2889 Domine,
1761 2834 1880 2874 non
1919 2835 2049 2875 sum
2087 2819 2176 2876 di-

2281 1859 2364 1892 σοι
2401 1845 2756 1915 προσγένηται
2811 1840 3004 1912 ὄφελος.
3063 1844 3202 1897 Φησὶ
3251 1842 3354 1913 γάρ
3385 1860 3398 1872 ·
3452 1838 3629 1898 Ὅπως
3679 1837 3741 1890 ἂν
3805 1843 3883 1911 μὴ

2275 1929 2477 2002 λαλήσῃ
2513 1933 2568 1981 τὸ
2600 1933 2771 2002 στόμα
2792 1948 2894 2002 μου
2932 1932 2998 1982 τὰ
3028 1933 3155 2004 ἔργα
3197 1936 3296 1981 τῶν
3341 1927 3640 2004 ἀνθρώπων.
3671 1935 3730 1980 Ὀ
3778 1929 3889 1999 γαρ

2280 2016 2449 2078 ἡδέως
2477 2018 2640 2070 λαλῶν
2679 2022 2742 2071 τα
2771 2027 2869 2071 τῶν
2914 2017 3230 2094 ἁμαρτω).ῶν
3277 2016 3490 2091 ἑτοίμως
3540 2016 3658 2070 καθ’
3687 2017 3892 2069 ἑαυτοῦ

2281 2108 2543 2171 ἑξυπνίζει
2570 2110 2663 2169 τας
2691 2105 2906 2168 ἡδονάς.
2940 2107 3145 2160 Μᾶλλον
3194 2103 3253 2159 δε
3309 2105 3734 2180 πολυπραγμόνει
3791 2109 3892 2157 τὸν

2278 2206 2375 2249 τῶν
2403 2193 2622 2248 δικαίων
2651 2195 2766 2270 βίον
2787 2217 2800 2229 ·
2833 2195 2965 2248 οὕτω
2992 2199 3093 2272 γὰρ
3127 2195 3187 2248 ἂν
3220 2197 3457 2269 εὑρήσεις
3487 2196 3655 2266 ἐαυτῷ
3673 2194 3890 2266 ὄφελος,

2281 2291 2365 2346 ’δΙή
2401 2290 2488 2339 ἒσο
2521 2283 2875 2360 φιλενδείκτης
2899 2291 3033 2356 (90),
3081 2289 3341 2362 περιάγων
3373 2289 3466 2348 τὰς
3491 2292 3671 2359 κώμας
3699 2287 3730 2344 ἦ
3787 2289 3893 2347 τὰς

2280 2375 2450 2438 οἰκίας
2483 2395 2495 2408 ·
2527 2382 2677 2448 φεῦγε
2710 2372 2768 2428 δὲ
2793 2377 2983 2436 ταυτας
3013 2378 3079 2436 ὡς
3118 2374 3312 2447 ψυχῶν
3342 2371 3592 2447 παγίδας.
3627 2373 3687 2427 Εἰ
3717 2371 3782 2426 δέ
3807 2393 3894 2434 τις

2282 2461 2376 2517 διὰ
2405 2464 2595 2522 πολλὴν
2623 2463 2885 2517 εὐλάϐειαν
2934 2466 3278 2538 προτρέπετὰί
3331 2483 3388 2517 σε
3434 2463 3503 2524 εἰς
3549 2466 3636 2516 τὸν
3689 2463 3893 2516 ἑαυτοῦ

2280 2551 2421 2606 οἶκον
2460 2552 2658 2606 πολλῶν
2697 2555 3000 2628 προφάσεων
3040 2554 3184 2605 ἕνεκα
3210 2574 3222 2586 ο
3264 2554 3560 2626 μανθανέτω
3589 2553 3616 2604 ὁ
3647 2559 3894 2612 τοιοῦτος

2282 2642 2580 2696 ἀκολουθεῖν
2604 2650 2664 2701 τῆ
2699 2647 2872 2695 πίστει
2901 2650 2992 2694 τοῦ
3022 2641 3429 2718 ἑκατοντάρχου,
3462 2641 3532 2710 ὃς,
3573 2649 3664 2694 τοῦ
3699 2641 3891 2700 Ἰησοῦ

2287 2735 2556 2808 θεραπείας
2577 2733 2740 2806 χάριν
2779 2735 2910 2807 πρὸς
2939 2731 3092 2784 αυτὸν
3128 2730 3476 2805 ἐπειγομένου,
3525 2736 3891 2806 παρῃτήσατο

2283 2824 2446 2896 λέγων
2479 2844 2491 2856 -
2529 2825 2708 2895 Κύριε,
2737 2822 2832 2874 οὐκ
2863 2822 2967 2896 εἰμὶ
3001 2825 3169 2882 ἱκανὸς
3199 2824 3281 2874 ἱνα
3305 2841 3405 2896 μου
3433 2823 3532 2874 ὑπὸ
3558 2826 3651 2880 τήν
3687 2824 3892 2892 στέγην

528 2923 682 2979 gnus
714 2915 778 2963 ut
811 2909 996 2964 intres
1025 2907 1132 2963 sub
1162 2914 1380 2965 tectum
1411 2924 1630 2977 meum,
1661 2910 1766 2966 sed
1797 2913 2031 2965 tantum
2081 2911 2178 2966 dic

531 2995 774 3053 verbum
806 3001 858 3052 et
889 2996 1209 3052 sanabitur
1228 3012 1379 3066 puer
1408 3013 1570 3053 meus
1591 2999 1662 3054 ³³.
1694 3000 1840 3053 Cum
1874 3003 2076 3054 autem
2125 2997 2173 3054 ei

2289 3010 2409 3062 παῖς
2439 3021 2560 3074 μου.
2591 3008 2695 3053 Τοῦ
2735 2997 2795 3053 δε
2827 3001 3003 3058 Ἰησοῦ
3036 3001 3256 3061 εἰπόντος
3309 3000 3449 3071 αὐτῷ
3483 3021 3496 3034 ·
3545 2998 3769 3071 Ὕπαγε,
3822 3003 3895 3060 ὡς

529 3087 697 3141 Jesus
719 3083 1003 3140 dixisset:
1047 3085 1218 3156 Vade,
1247 3087 1402 3142 sicut
1431 3087 1762 3156 credidisti,
1791 3089 1901 3156 ﬁat
1951 3088 2064 3143 tibi
2088 3088 2135 3123 ³⁸
2161 3106 2173 3143 :

2289 3091 2616 3154 ἐπίστευσας,
2643 3091 2913 3162 γενηθήτω
2946 3108 3030 3142 σοι
3062 3111 3074 3124 -
3111 3090 3230 3148 ἰάθη
3265 3091 3290 3141 ὁ
3321 3097 3446 3150 παῖς
3475 3087 3574 3141 ἀπὸ
3617 3096 3710 3148 τῆς
3752 3090 3898 3161 ὧρας

527 3189 680 3246 puer
707 3173 806 3230 illa
837 3175 968 3246 ipsa
1017 3173 1168 3230 hora
1199 3180 1447 3231 sanatus
1503 3181 1608 3232 est.
1653 3179 1770 3232 Hoc
1819 3176 2021 3250 itaque
2071 3176 2176 3233 tibi

526 3265 738 3317 notum
767 3262 859 3332 sit,
887 3262 1082 3334 frater,
1109 3279 1230 3320 non
1257 3265 1468 3322 Christi
1491 3265 1823 3337 praesentia,
1846 3267 1954 3323 sed
1974 3270 2178 3339 peten-

528 3349 599 3406 tis
627 3349 747 3406 ﬁde
774 3350 1091 3407 liberatum
1122 3352 1302 3409 fuisse
1327 3360 1740 3425 aegrotantem.
1779 3358 1862 3411 Ita
1909 3361 1965 3412 et
2016 3371 2176 3412 nunc

531 3443 808 3512 precante
837 3445 893 3495 te
922 3441 982 3495 in
1012 3456 1133 3513 quo
1165 3442 1343 3499 fueris
1370 3444 1521 3516 loco,
1553 3450 1609 3502 et
1645 3451 1868 3516 aegroto
1899 3447 2176 3504 credente

530 3544 595 3584 se
625 3527 904 3601 precibus
933 3529 1047 3586 tuis
1070 3529 1139 3586 ad
1141 3529 1341 3602 jutum
1362 3532 1453 3600 iri,
1477 3534 1750 3592 evenient
1771 3534 1854 3591 illi
1872 3535 2079 3592 omnia
2103 3551 2176 3592 ex

529 3617 843 3675 sententia.

2289 2913 2544 2985 εἰσέλθῃς,
2578 2909 2704 2963 ἀλλὰ
2730 2915 2884 2985 μόνον
2911 2911 3017 2964 εἰπε
3044 2911 3196 2983 λόγον
3226 2916 3358 2984 (91),
3408 2916 3498 2963 καὶ
3547 2910 3831 2968 ἰαθήσεται
3865 2912 3892 2962 ὁ

2290 3180 2500 3241 ἐκείνης.
2531 3187 2695 3233 Τοῦτο
2721 3176 2808 3231 οὖν
2854 3183 3081 3251 γνωστόν
3114 3199 3199 3232 σοι
3241 3181 3393 3245 ἔστω,
3425 3175 3629 3250 ἁδελφε,
3664 3179 3750 3230 ὃτι
3780 3178 3897 3250 οὐχ

2291 3273 2319 3329 ἡ
2354 3278 2445 3323 τοῦ
2476 3277 2711 3343 Χριστοῦ
2737 3273 3022 3342 παρουσία,
3057 3267 3164 3320 ἀλλ’
3195 3271 3225 3326 ἠ
3268 3273 3444 3329 πίστις
3483 3275 3573 3320 τοῦ
3613 3267 3894 3328 αἰτοῦντος

2291 3358 2612 3431 ἠλευθέρωσε
2636 3361 2722 3409 τὸν
2748 3359 3030 3430 κάμνοντα.
3055 3356 3206 3409 Οὕτω
3234 3361 3325 3408 καὶ
3343 3363 3453 3427 νῦν,
3483 3362 3577 3408 σοῦ
3595 3355 3892 3427 εὐχομένου

2291 3447 2338 3501 ἓν
2440 3445 2497 3521 ᾗς
2524 3448 2635 3518 (92)
2658 3451 2820 3519 τόπῳ,
2853 3451 2944 3499 καὶ
2973 3453 3063 3500 τοῦ
3116 3449 3395 3519 κάμνοντος
3422 3447 3779 3514 πιστεύοντος,
3809 3446 3894 3496 ὅτι

2290 3544 2407 3599 ταῖς
2437 3543 2557 3597 σαῖς
2579 3536 2760 3609 εὐχαῖς
2792 3534 3139 3610 βοηθήσεταε,
3173 3534 3494 3595 ἀποϐήσεται
3523 3533 3664 3606 αὐτῷ
3717 3537 3896 3586 πάντα

2289 3628 2597 3699 καταθυμίω
2608 3647 2648 3688 ς.

600 3804 653 3855 3.
685 3797 820 3854 Plus
850 3803 1052 3855 autem
1081 3814 1269 3872 quam
1298 3799 1618 3857 Dominum
1649 3801 2022 3877 propinquos
2045 3807 2178 3860 tuos

531 3903 656 3944 non
671 3887 902 3957 diliges.
922 3889 1037 3955 Qui
1063 3890 1239 3957 enim,
1268 3889 1483 3963 inquit,
1496 3897 1754 3960 patrem,
1777 3897 1880 3948 aut
1901 3900 2173 3963 matrem,

533 3981 640 4032 aut
665 3978 896 4045 fratres
924 3993 1111 4046 supra
1141 3993 1232 4036 me
1259 3980 1609 4050 diligit,non
1641 3987 1723 4036 est
1753 3997 1845 4038 me
1864 3983 2083 4052 dignus
2105 3984 2174 4037 ³⁵.

533 4063 688 4128 Quid
718 4079 860 4119 vero
889 4064 1001 4120 sibi
1032 4065 1158 4121 vult
1198 4067 1432 4123 Domini
1459 4067 1867 4125 mandatum?
1913 4069 1979 4125 Si
2023 4071 2176 4141 quis,

531 4151 746 4224 inquit,
761 4167 879 4208 non
902 4154 1060 4208 tollit
1083 4170 1315 4212 crucem
1342 4171 1532 4229 suam,
1559 4163 1612 4213 et
1631 4158 1905 4228 sequitur
1923 4173 2033 4225 me,
2057 4173 2177 4214 non

529 4247 722 4312 potest
742 4257 904 4298 meus
924 4258 1045 4300 esse
1060 4243 1392 4314 discipulus
1413 4248 1481 4300 ³⁸.
1517 4245 1691 4313 Quod
1715 4246 1765 4301 si
1803 4246 1876 4302 iis
1911 4246 2016 4320 qui
2043 4263 2180 4304 san-

535 4331 712 4402 guine
744 4331 848 4388 tibi
889 4333 1194 4404 conjuncti
1229 4339 1386 4406 sunt,
1412 4351 1534 4393 una
1581 4353 1720 4392 cum
1752 4336 1981 4394 Christo
2013 4353 2177 4395 mor-

532 4425 672 4477 tuus
695 4437 778 4491 es,
801 4423 951 4494 quid
975 4439 1184 4479 rursus
1214 4423 1303 4480 vis
1333 4441 1472 4482 cum
1505 4425 1618 4482 illis
1644 4427 1911 4484 versari?
1940 4429 2041 4484 Sin
2072 4445 2176 4485 au-

536 4513 655 4565 tem
698 4526 835 4582 quze
888 4511 1234 4568 destruxisti
1298 4519 1542 4586 propter
1600 4514 1916 4583 Christum,
1970 4533 2180 4572 rursus

534 4597 798 4654 aediﬁcas
829 4606 1072 4674 propter
1109 4607 1400 4674 cognatos
1449 4606 1604 4671 tuos,
1664 4593 2180 4677 praevaricatorem

538 4686 793 4760 teipsum
821 4690 1152 4747 constituis.
1186 4695 1265 4748 Ne
1289 4691 1467 4763 igitur
1497 4693 1576 4749 ob
1616 4692 1891 4752 afﬁnium
1940 4699 2181 4752 tuorum

2362 3807 2414 3859 3.
2451 3803 2605 3855 Πλέον
2639 3799 2697 3855 δὲ
2727 3810 2818 3855 τοῦ
2850 3807 3040 3875 Κυρίου
3071 3805 3188 3862 τοὺς
3219 3803 3438 3866 οἰκείους
3486 3821 3579 3856 σου
3633 3807 3708 3875 μὴ
3765 3802 3898 3875 ἀγα-

2290 3897 2495 3952 πήσεις.
2544 3891 2601 3943 ’0
2656 3894 2756 3966 γὰρ
2807 3889 3041 3963 ἀγαπῶν,
3108 3896 3259 3962 φησι,
3311 3895 3513 3966 πατέρα
3566 3891 3596 3950 ἦ
3661 3895 3898 3964 μητέρα,

2291 3983 2319 4040 ἠ
2383 3978 2638 4052 ἀδελφοὺς
2683 3981 2810 4053 ὑπὲρ
2862 3979 2968 4052 ἑμὶ,
3021 3979 3114 4032 ουκ
3167 3983 3278 4033 ἔστι
3329 4000 3431 4054 μου
3479 3981 3644 4043 ἄξιος.
3714 3986 3782 4033 Τί
3839 3977 3904 4033 δὲ

2294 4069 2538 4144 βούλεται
2567 4071 2596 4127 ἡ
2654 4077 2746 4121 τοῦ
2795 4073 2988 4144 Κυρίου
3044 4069 3211 4128 ἐντολή
3251 4088 3263 4138 ;
3315 4074 3376 4123 Εἰ
3426 4089 3522 4141 τις,
3566 4074 3752 4142 φησὶν,
3800 4071 3903 4122 οὐκ

2293 4163 2426 4232 αἴρει
2482 4161 2568 4210 τὸν
2639 4162 2864 4230 σταυρὸν
2933 4158 3115 4225 αυτοῦ,
3189 4164 3278 4212 καὶ
3329 4157 3601 4211 ακολουθεῖ
3657 4178 3775 4230 μοι,
3839 4159 3903 4211 ου

2293 4245 2514 4301 δύναταί
2589 4267 2689 4320 μου
2764 4244 2891 4300 εἶναι
2947 4250 3208 4320 μαθητής.
3267 4249 3325 4300 Εἰ
3393 4249 3745 4310 συναπέθανες
3823 4257 3904 4319 τῷ

2291 4345 2508 4413 Χριστῷ
2562 4335 2662 4389 ἀπὸ
2694 4345 2793 4390 τῶν
2852 4346 3110 4408 συγγενῶν
3143 4357 3238 4390 σου
3285 4345 3383 4390 τῶν
3431 4339 3567 4390 κατά
3618 4340 3822 4413 σάρκα,
3851 4344 3905 4391 τί

2218 4472 2260 4525 D
2292 4425 2444 4480 πάλιν
2475 4427 2522 4479 ἐν
2553 4426 2731 4488 αὐτοῖς
2763 4425 3176 4502 ἀναστρέφεσθαι
3226 4428 3420 4496 θέλειςς
3466 4427 3528 4481 Εἰ
3571 4424 3632 4480 δε
3683 4429 3722 4480 ἀ
3765 4449 3902 4481 κατε

2291 4516 2476 4578 εὶυσας
2536 4512 2629 4568 διὰ
2674 4520 2925 4592 Χριστὸν,
2981 4511 3135 4569 πάλιν
3200 4525 3366 4570 ταῦτα
3433 4514 3733 4590 οἰκοδομεῖς
3804 4515 3906 4572 διὰ

2291 4609 2412 4668 τοὺς
2475 4611 2742 4678 συγγενεῖς
2801 4623 2918 4671 σου,
2967 4605 3278 4680 παραϐάτην
3328 4609 3546 4659 σεαυτὸν
3604 4608 3900 4678 καθιστᾷς.

2293 4696 2378 4750 Μὴ
2436 4688 2524 4744 οὖν
2580 4688 2673 4745 διὰ
2725 4697 2880 4768 χρέος
2918 4702 3015 4746 τῶν
3067 4705 3326 4768 συγγενῶν
3383 4715 3476 4748 σου
3527 4694 3906 4770 ἀναχωρήσῃς

609 4849 654 4882 ³³
697 4847 855 4907 Psal.
886 4864 995 4914 xw,
1029 4853 1081 4904 4.
1171 4852 1220 4885 ³³
1260 4851 1455 4910 Matth.
1494 4869 1618 4924 vm,
1660 4857 1712 4911 8.
1808 4856 1855 4889 ³⁸
1893 4853 2043 4912 ibid.
2096 4861 2180 4913 t3.

631 4991 718 5067 S7)
749 4994 1047 5067 Συνὴθειαν.
1081 4993 1481 5051 Combefisius
1507 4995 1783 5067 intelligit
1809 4996 1886 5055 de
1929 5013 2182 5055 consue-

538 5063 740 5120 tudine
759 5063 1139 5120 saacularium
1167 5071 1223 5121 et
1251 5067 1515 5124 maxime
1535 5063 1876 5126 mulierum.
1901 5073 1974 5127 At
1994 5069 2184 5128 multo

537 5134 726 5211 satius
755 5135 954 5191 visum
980 5136 1233 5211 est__haec
1253 5210 1260 5211 ί
1281 5137 1552 5211 accipere
1602 5139 1677 5196 de
1709 5140 1990 5198 vitiorum
2037 5143 2183 5198 abo-

535 5205 718 5286 lenda
746 5205 1202 5286 consuetudine.
1240 5208 1333 5286 Sic
1362 5205 1516 5266 intra
1540 5212 2087 5286 auctor-“Epistolas
2105 5213 2185 5270 ad

531 5277 803 5355 juniores
834 5278 1048 5355 suadet
1077 5278 1259 5355 ὀργῆς*
1277 5279 1590 5355 ἀφανισμόν.
1621 5277 1870 5355 Basilius
1897 5287 2037 5355 Reg.
2065 5285 2182 5342 fus.

536 5364 597 5420 p.
625 5352 728 5406 344
753 5369 766 5408 :
797 5350 872 5403 Οὐ
894 5354 1080 5424 μικρὸς
1200 5348 1348 5414 οὗτος
1376 5348 1511 5424 ἀγών
1537 5362 1632 5414 τῆς
1676 5354 1857 5407 ἑαυτοῦ
1913 5348 2185 5418 συνηθείας

538 5403 917 5502 insanam:
945 5403 1080 5502 Non;
1097 5422 1232 5502 teve
1260 5403 1459 5480 aunt.
1483 5403 1646 5480 una
1669 5403 1998 5496 unus;
2015 5403 2184 5486 suis;

537 5494 724 5561 ipsius
750 5494 1238 5553 consuetudinem
1270 5511 1527 5553 vmcere.

603 5565 722 5636 (88)
750 5572 1157 5640 Υπομονητικός,
1191 5566 1338 5640 Reg.
1379 5567 1682 5626 secundus
1708 5571 2040 5643 ὑπομονικος.

2293 4854 2340 4889 ³³
2380 4853 2578 4911 Matth.
2611 4870 2669 4922 χ,
2699 4858 2790 4914 37.
2867 4856 2914 4891 ³⁶
2955 4857 3092 4914 Luc.
3123 4873 3238 4918 xxv.
3273 4862 3363 4915 27.

2365 4998 2478 5069 (89)
2509 4997 2833 5060 ψιλόπιστος.
2856 4999 3295 5057 Percommoda
3323 4999 3554 5057 videtur
3594 5001 3911 5059 Combeﬁ-

2295 5068 2757 5147 sii'emendatio,
2779 5071 2894 5147 Aqui
2920 5069 3246 5142 legendum
3289 5076 3492 5129 censet
3521 5070 3855 5144 eadm-Sero
3867 5097 3912 5147 ς,

2294 5141 2574 5198 audienti
2609 5141 2882 5211 cupidus.

2510 5211 2891 5289 Φιᾏενδείκτης.
2924 5217 3051 5272 Duo
3090 5232 3236 5274 mss.
3269 5211 3686 5289 φιλεκὸημητὴς,
3734 5233 3920 5287 pere-

2293 5285 2588 5356 grinandi
2616 5287 2894 5356 cupidus.

2508 5355 2650 5432 _Ein"t_
2663 5355 3063 5432 ).§7ov._Codex
3092 5357 3382 5432 Mancini
3410 5358 3569 5432 λργῳ.

2369 5426 2482 5505 (εξᾷ)
2509 5426 2592 5480 Ἐν
2617 5429 2660 5505 (ᾖ
2685 5425 2768 5501 ᾖς.
2801 5428 2894 5486 Sic
2918 5446 3076 5505 _mss.
3117 5431 3267 5488 Editi
3293 5431 3344 5484 ἐν
3367 5432 3406 5503 ᾧ
3439 5425 3736 5505 ᾖζῬαιιΙο
3765 5437 3925 5505 post

2296 5497 2438 5555 editi
2464 5497 2580 5562 ταῖς
2611 5497 2792 5573 εὐχαῖς
2821 5505 2879 5558 et
2908 5500 3212 5576 ἀγαπήσῃς.
3241 5497 3463 5560 Μεε.ἰιὶ
3491 5504 3551 5560 in
3589 5497 3921 5563 contextu.
