4070 6194
521 255 626 310 355

1878 248 1936 303 S.
1975 245 2229 303 BASILII
2265 246 2507 305 MAGNI.

3771 258 3876 313 356

524 378 866 448 aenigmata,
934 374 1306 448 explicantur
1375 373 1710 447 apostolica
1778 372 2145 429 documenta

2279 371 2631 445 ἀποκαλύψεις
2682 380 3044 448 παροιμιακῶν
3120 372 3459 447 αἰνιγμάτων,
3522 375 3700 442 λύσεις
3754 382 3883 434 ἀπο-

524 470 909 541 exponuntur
936 465 1293 537 evangelicae
1346 464 1672 531 sententiae,
1710 462 2014 532 theologia
2066 478 2168 517 au-

522 557 716 624 ditur;
748 555 866 611 illic
896 570 1257 625 congressus
1287 553 1540 611 fratrum
1588 552 2007 625 spiritualium,
2041 566 2168 607 ma-

522 661 706 719 gnam
737 643 1155 702 occurentibus
1182 660 1255 699 ex
1310 642 1513 699 vultus
1551 647 1800 715 aspectu
1854 640 2166 697 utilitatem

519 734 937 809 praebentium.
984 736 1065 790 Tu
1126 739 1327 789 autem
1380 732 1591 806 teipse
1622 731 1859 788 atantis
1888 729 2064 787 bonis
2085 729 2163 786 ef-

518 824 703 881 fecisti
752 823 1033 893 alienum,
1082 826 1262 895 atque
1308 821 1405 877 hic
1451 820 2065 891 desidesbelluarum
2105 818 2167 873 in

518 929 750 971 morem
812 912 1109 970 efferatus.
1185 910 1357 967 Vides
1404 911 1565 966 enim
1631 911 1726 966 hic
1780 909 2163 965 solitudinem

517 1019 826 1073 magnam,
880 1001 1382 1058 inhumanitatem
1435 1017 1557 1057 non
1603 1000 1927 1065 modicam,
1979 1014 2164 1071 penu-

516 1094 669 1149 riam
699 1091 1009 1161 doctrinae,
1032 1092 1498 1163 disjunctionem
1531 1107 1567 1146 a
1590 1090 1897 1159 fratribUs,
1931 1105 2001 1145 ac
2049 1088 2164 1161 spi-

515 1184 699 1239 ritum
745 1198 888 1252 erga
932 1181 1034 1237 Dei
1076 1181 1439 1238 mandatum
1485 1180 1662 1237 valde
1692 1180 1942 1237 inertem
1970 1196 2039 1235 ac
2067 1194 2162 1234 so-

517 1272 782 1329 cordem.
818 1275 967 1328 Cum
999 1270 1178 1340 igitur
1198 1270 1418 1326 talibus
1448 1287 1519 1326 ac
1550 1270 1731 1326 tantis
1774 1274 1829 1325 te
1876 1268 2162 1342 speciosis

514 1362 849 1420 rationibus
866 1377 1057 1434 prava
1084 1360 1405 1432 insurgens
1444 1360 1724 1430 cogitatio
1756 1359 2031 1429 frangere
2060 1374 2162 1414 vo-

510 1452 687 1508 luerit
719 1470 731 1520 ;
764 1465 1006 1539 oppone
1037 1449 1089 1505 ei
1118 1465 1226 1522 per
1252 1450 1418 1522 piam
1434 1449 1946 1506 ratiocinationem
1968 1448 2162 1520 ipsius

512 1542 597 1597 rei
622 1537 1071 1614 experientiam,
1102 1539 1309 1595 dicens
1341 1557 1352 1594 :
1392 1539 1894 1612 Quandoquidem
1927 1542 1988 1594 tu
2013 1537 2161 1593 mihi

513 1629 663 1687 dicis
704 1630 869 1686 bona
920 1645 1049 1685 esse
1098 1644 1233 1702 quin
1282 1629 1343 1683 in
1389 1629 1619 1683 mundo
1651 1632 1808 1695 sunt,
1843 1632 2161 1699 propterea

512 1735 654 1790 ergo
684 1719 823 1775 illuc
850 1717 1293 1788 transmigravi,
1326 1717 1643 1786 indignum
1678 1718 1976 1790 meipsum
2002 1716 2149 1787 judi-

2272 1716 2419 1777 εἱναι,
2475 1710 2569 1765 διὰ
2618 1721 2767 1765 τοῦτο
2827 1711 2922 1785 ἐγὼ
2990 1712 3211 1767 ἐνταῦθα
3274 1722 3578 1788 μετῴκησα,

510 1824 657 1865 cans
686 1807 897 1863 mundi
941 1807 1138 1864 bonis.
1175 1805 1325 1861 Sunt
1353 1806 1513 1861 enim
1544 1805 1756 1861 mundi
1786 1805 1964 1861 bonis
1995 1805 2159 1861 mala

510 1898 790 1967 admista,
836 1913 905 1953 ac
943 1896 1122 1965 longe
1172 1899 1537 1967 exsuperant
1584 1895 1764 1951 mala.
1818 1898 1966 1951 Nam
2018 1910 2159 1950 cum

511 1987 842 2063 aliquando
883 1988 1269 2045 accessissem
1301 1986 1380 2041 ad
1411 1985 1747 2059 spirituales
1806 1988 2158 2055 conventus,

511 2080 573 2135 in
624 2094 814 2134 unum
863 2078 1107 2133 fratrem
1153 2076 1251 2133 vix
1305 2075 1550 2132 tandem
1597 2075 1799 2143 incidi,
1829 2075 1933 2148 qui
1973 2078 2160 2133 Deum

511 2169 715 2225 timere
745 2167 1062 2223 videbatur
1090 2182 1101 2232 ;
1133 2166 1239 2221 sed
1271 2165 1320 2221 is
1344 2164 1659 2221 tenebatur
1687 2166 1859 2237 129
1884 2164 1997 2220 sub
2027 2164 2157 2221 dia-

509 2257 689 2324 bolo;
740 2260 919 2329 atque
946 2272 1019 2311 ex
1047 2255 1179 2328 ipso
1211 2254 1405 2309 audivi
1432 2253 1663 2325 lepidos
1716 2269 2043 2323 sermones,
2102 2258 2159 2311 et

507 2346 797 2403 conﬁctas
824 2345 905 2401 ad
924 2345 1135 2400 obvios
1164 2360 1437 2417 quosque
1459 2343 1849 2417 decipiendos
1895 2343 2153 2399 fabulas.

508 2435 717 2492 Multos
772 2439 905 2507 post
947 2434 1146 2505 ipsum
1214 2432 1438 2488 offendi
1493 2432 1673 2502 fures,
1721 2436 2012 2505 raptores,
2071 2437 2159 2504 ty-

508 2541 754 2581 rannos.
790 2524 915 2579 Vidi
965 2522 1269 2579 ebriorum
1298 2522 1562 2595 speciem
1619 2522 1964 2579 indecoram
1994 2541 2006 2589 ;
2035 2522 2158 2577 vidi

503 2614 860 2685 sanguinem
893 2627 1327 2686 oppressorum
1362 2630 1374 2679 ;
1406 2610 1526 2667 vidi
1558 2627 1800 2685 quoque
1832 2611 2155 2666 mulierum

503 2703 1033 2776 pulchritudinem,
1065 2718 1188 2775 qua
1237 2700 1527 2773 pudicitia
1556 2716 1694 2756 mea
1739 2700 2152 2773 torquebatur.

499 2798 579 2849 Ac
610 2791 1020 2848 fornicationis
1076 2788 1325 2864 quidem
1375 2805 1529 2861 opus
1579 2789 1800 2860 effugi;
1836 2789 1945 2844 sed
1971 2788 2145 2859 virgi-

500 2881 749 2937 nitatem
802 2896 1002 2936 meam
1050 2880 1248 2935 cordis
1302 2878 1662 2950 cogitatione
1714 2878 2046 2953 inquinavi.
2089 2881 2154 2935 Et

500 2969 724 3025 multos
752 2969 998 3041 quidem
1032 2983 1345 3024 sermones
1400 2967 1618 3023 animae
1668 2966 1839 3022 utiles
1895 2966 2101 3023 audivi
2134 2984 2146 3034 ;

500 3059 605 3114 sed
630 3063 835 3115 tamen
869 3057 1102 3114 nullum
1124 3056 1287 3131 apud
1306 3056 1663 3125 magistrum
1682 3055 1875 3128 reperi
1900 3056 2149 3126 dignam
2183 3075 2221 3130 ο

500 3147 879 3203 sermonibus
906 3146 1204 3202 virtutem.
1248 3148 1382 3201 Post
1411 3146 1525 3201 hoc
1554 3161 1765 3201 rursus
1814 3144 2020 3200 audivi
2066 3146 2150 3201 in-

456 3236 906 3315 .numerabiles
955 3236 1301 3306 tragcedias,
1360 3252 1495 3309 quae
1549 3234 1908 3291 effeminatis
1955 3235 2149 3291 modis

499 3325 773 3380 animum
828 3324 1132 3381 subibant.
1175 3328 1399 3381 Rursus
1456 3324 1655 3380 audivi
1698 3324 1990 3381 citharam
2015 3340 2150 3380 sua-

497 3413 644 3469 viter
671 3418 1080 3485 resonantem,
1103 3413 1382 3485 plausum
1401 3413 1770 3481 saltantium,
1799 3430 2148 3470 scurrarum

496 3517 724 3568 vocem,
759 3501 1140 3558 stoliditatem
1170 3501 1446 3567 multam,
1481 3501 1745 3571 facetias,
1790 3502 1979 3557 turbae
2037 3503 2146 3559 im-

496 3606 723 3647 mensae
769 3589 1117 3646 clamorem.
1170 3588 1297 3644 Vidi
1344 3588 1645 3661 lacrymas
1724 3590 2141 3663 Spoliatorum,

497 3679 734 3737 dolores
784 3694 993 3735 eorum
1040 3678 1144 3752 qui
1203 3676 1662 3734 abducebantur
1723 3694 1758 3733 a
1802 3679 2140 3750 tyrannide,

494 3770 783 3841 ejulatum
827 3784 1037 3824 eorum
1091 3767 1196 3840 qui
1253 3765 1709 3840 torquebantur.
1772 3770 1836 3822 Et
1884 3767 2030 3837 vidi,
2089 3773 2147 3824 et

496 3874 632 3915 ecce
684 3875 807 3915 non
857 3862 983 3914 erat
1034 3862 1365 3913 conventus
1416 3855 1758 3927 spiritualis,
1815 3856 1918 3912 sed
1978 3872 2145 3913 mare

495 3946 687 4001 ventis
741 3946 1034 4015 agitatum
1092 3962 1163 4000 ac
1220 3944 1551 4008 turbatum,
1585 3958 1795 3998 omnes
1823 3944 2001 4000 simul
2031 3945 2144 4001 flu-

496 4033 688 4088 ctibus
716 4036 837 4089 suis
878 4038 1113 4089 tentans
1140 4033 1414 4089 obruere.
1453 4032 1551 4087 Dic
1599 4031 1766 4099 mihi,
1797 4047 1832 4087 o
1863 4033 2145 4102 cogitatio

494 4120 677 4186 mala,
734 4126 790 4177 et
841 4122 1222 4194 temporariae
1271 4120 1589 4193 voluptatis
1638 4136 1708 4175 ac
1743 4136 1910 4175 vanae
1942 4122 2144 4189 gloria:

494 4210 758 4274 daemon.
805 4210 953 4285 quid
982 4210 1128 4267 mihi
1155 4214 1243 4266 est
1270 4210 1439 4278 lucri,
1468 4210 1515 4264 si
1552 4209 1680 4265 haec
1708 4213 1764 4265 et
1794 4215 2057 4281 spectem
2090 4216 2146 4269 et

569 4393 643 4464 (3)
689 4392 995 4464 Νοημάτων.
1030 4390 1170 4457 Reg.
1221 4384 1533 4464 secundus
1584 4382 1978 4457 διαταγμάτων.
2033 4389 2143 4443 Ma-

492 4458 783 4519 zarihaeus
804 4458 949 4516 'cod.
982 4458 1447 4531 παραγγελμάτων,

560 4535 636 4603 (4)
683 4537 990 4603 Συντυχίαι.
1051 4528 1211 4603 ΗΘΒ.
1249 4528 1552 4584 Secundus
1602 4532 1877 4603 Συντυχία
1915 4529 2142 4599 μεγάλην

491 4599 624 4665 τοῖς
668 4599 1126 4674 συντυγχάνουσιν
1193 4600 1247 4651 ἐκ
1302 4608 1389 4659 τῆς
1456 4602 1761 4672 προσούσης
1817 4599 1992 4660 αὐτοῖς
2050 4608 2141 4651 τού

493 4678 780 4746 Πνεύματος
820 4671 1038 4745 χάριτος
1068 4677 1159 4729 την
1187 4671 1425 4742 ὠφέλειαν
1458 4671 1770 4744 παρέχουσα
1803 4688 1814 4724 :
1853 4672 2143 4729 Fratrum

490 4742 907 4816 spiritualium
932 4758 1283 4813 congressus
1303 4742 1585 4816 magnaiii
1605 4742 2143 4816 congredientibus

492 4814 566 4875 ea:
594 4820 776 4873 insita
803 4818 926 4872 illis
955 4817 1220 4884 Spiritus
1245 4817 1447 4883 gratia
1475 4814 1792 4870 utilitatem
1810 4814 2033 4883 ferens.

564 4890 638 4958 (ὅ)
694 4895 750 4943 Σε
805 4887 945 4960 θέλῃ.
1005 4883 1345 4942 Pronomen
1384 4883 1657 4942 additum
1710 4901 1783 4940 ex
1838 4885 2017 4956 Regio
2052 4902 2143 4943 se-

491 4959 712 5016 cundo.

563 5031 641 5099 (6)
694 5035 1129 5105 Παραγενόμενος.
1186 5029 1277 5085 Sic
1343 5027 1465 5084 duo
1518 5043 1663 5083 mss.
1716 5026 1865 5083 Editi
1911 5046 2141 5101 παραγι-

489 5107 714 5176 νόμενος.

557 5180 656 5244 (7)
687 5177 756 5226 Τὸ
797 5175 885 5244 μὲν
937 5169 1128 5244 δοκεῖν.
1191 5170 1283 5228 Sic
1315 5173 1475 5244 ⁸Βιθε.
1532 5168 1854 5244 secundus.
1888 5170 2039 5227 Editi
2068 5178 2139 5241 τῷ

489 5241 577 5321 μὲν
619 5241 823 5321 δοκεῖν.
858 5243 1199 5321 Paulopost
1220 5241 1335 5297 cod
1365 5244 1505 5321 Man.
1540 5242 1933 5321 πεπλεγμένους.

560 5320 637 5387 (8)
666 5317 788 5370 Μετ’
816 5315 989 5367 αὐτόν.
1026 5312 1151 5369 Duo
1185 5330 1331 5387 mss.
1363 5315 1470 5387 μετ’
1503 5312 1682 5387 αύτού,
1717 5312 1849 5387 cum
1871 5328 1958 5369 eo.

562 5383 634 5457 (9)
676 5392 749 5441 Τὰ
791 5389 1009 5458 αἵματα.
1060 5390 1281 5458 Auctor
1319 5383 1501 5452 huius
1534 5383 1819 5458 epistolae,
1861 5399 2042 5458 quem
2076 5383 2138 5439 in

486 5460 803 5515 Palaestina
832 5455 1047 5514 vixisse
1065 5471 1189 5513 non
1219 5455 1470 5512 obscure
1492 5455 2139 5526 perspiscitur,videtur

484 5530 755 5587 horribili
768 5530 1063 5601 gvitiorum
1078 5526 1481 5601 picturahanc
1498 5526 2137 5601 potissimumgentem

484 5605 715 5659 notare.
742 5600 899 5658 Illius
909 5597 1318 5660 narrationem
1331 5597 1973 5669 conﬁrmatGregorius
1993 5600 2137 5671 Nys-

2282 462 2530 515 στολικῶν
2603 460 2975 537 διδαγμάτων,
3051 463 3392 536 εύαγγελικών
3456 471 3726 540 νοημάτων
3805 473 3883 541 (3)

2278 553 2500 623 ἓκθεσις,
2564 552 2829 625 θεολογίας
2882 552 3148 627 ἀκρόασις,
3233 552 3466 628 ἀδελφῶν
3541 568 3883 631 πνευματκῶν

2280 647 2567 714 συντυχίαι
2616 644 2714 716 (4),
2765 644 2991 717 μεγάλην
3048 651 3160 704 τοῖς
3216 643 3626 717 ἐντυγχάνουσιν
3673 647 3729 701 ἐκ
3785 659 3885 711 τῆς

2279 731 2395 793 θέας
2452 739 2544 783 τοῦ
2595 737 2878 808 προσώπου
2936 736 3028 791 τὴν
3089 732 3329 805 ὠφέλειαν
3379 738 3732 809 παρεχόντων.
3812 742 3882 790 Σύ

2278 818 2358 888 δε,
2391 824 2647 873 τοσούτων
2699 820 2906 893 ἀγαθῶν
2946 821 3210 895 ἀλλότριον
3270 827 3484 877 σεαυτὸν
3537 832 3885 888 καταστήσας

2274 910 2511 968 κάθησαι
2539 908 2722 965 ἐνθάδε
2760 909 3136 986 ἐξηγριωμένος
3160 915 3289 975 ἴσως
3318 921 3426 975 τοῖς
3456 915 3661 989 θηρσὶν,
3718 916 3885 991 Ὀρᾲς

2274 1002 2374 1076 γὰρ
2438 1000 2660 1053 ἐνταῦθα
2707 1003 2925 1075 ἐρημίαν
2978 1001 3190 1066 πολλὴν,
3246 1001 3615 1077 ἀπανθρωπίαν
3649 1005 3742 1057 ούκ
3776 1006 3883 1058 ολί-

2273 1099 2392 1161 γην.
2422 1088 2641 1163 ἀπορίαν
2681 1087 3058 1161 διδασκαλιας,
3086 1088 3316 1165 ἀδελφῶν
3366 1092 3724 1169 ἀλλοτρίωσιν,
3786 1101 3882 1149 καὶ

2274 1181 2331 1230 τὸ
2378 1186 2580 1251 πνεῦμα
2633 1183 2751 1253 περὶ
2801 1183 2894 1237 τὴν
2948 1178 3155 1238 ἰντολὴν
3206 1188 3298 1233 τοῦ
3348 1188 3480 1234 Θεοῦ
3535 1183 3721 1257 ἀργίαν
3751 1188 3883 1259 ἔχον

2273 1267 2482 1327 πολλὴν.
2540 1275 2700 1320 Ὅταν
2754 1264 2841 1320 οὖν
2899 1271 3169 1331 τοιαύταις
3214 1275 3304 1323 καὶ
3338 1274 3623 1335 τοσαύταις
3661 1274 3882 1347 εὐλογο-

2274 1360 2455 1429 φανέσι
2543 1356 2865 1430 προφάσεσιν
2945 1356 3285 1410 ἐπαναστᾶσα
3348 1361 3377 1417 ἡ
3448 1364 3652 1435 πονηρά
3708 1365 3885 1415 ἔννοια

2271 1444 2595 1519 καταρῥῆξαί
2654 1464 2712 1498 σε
2767 1445 2882 1516 θέλῃ
3092 1445 3437 1519 ἀντιπαράθες
3480 1448 3610 1521 αὐτῇ
3645 1447 3738 1503 διὰ
3780 1460 3882 1504 τοῦ

2271 1534 2515 1596 εὐσεϐοῦς
2564 1533 2821 1607 λογισμοῦ
2876 1538 2969 1593 τήν
3022 1543 3203 1611 πεῖραν
3255 1545 3348 1590 τοῦ
3403 1540 3731 1613 πράγματος,
3789 1540 3884 1593 λέ-

2270 1645 2391 1695 γων,
2438 1620 2649 1682 Ἐπειδὴ
2712 1627 2777 1675 σύ
2820 1623 2981 1695 λέγεις
3032 1644 3122 1697 μοι
3174 1625 3305 1677 καλά
3363 1630 3430 1679 τά
3482 1626 3530 1679 ἐν
3588 1638 3659 1699 τῷ
3689 1634 3884 1702 κόσμῳ

3665 1716 3802 1782 ἀνοίξ
3808 1740 3885 1771 ιον

2273 1802 2492 1875 ἐμαυθὸν
2540 1807 2714 1877 κρίνας
2761 1810 2859 1854 τῶν
2912 1810 3003 1855 τοῦ
3056 1808 3258 1877 κόσμου
3316 1804 3504 1862 καλῶν.
3561 1813 3883 1882 Παραμέμι-

2271 1913 2392 1945 κται
2420 1895 2520 1969 γὰρ
2552 1900 2662 1955 τοῖς
2690 1900 2782 1944 τοῦ
2807 1896 3009 1965 κόσμου
3049 1894 3224 1955 καλοῖς
3253 1897 3319 1955 τὰ
3348 1898 3503 1966 κακά,
3544 1901 3633 1949 καὶ
3682 1898 3884 1970 μᾶλλον

2272 1984 2537 2057 ὑπεραίρει
2589 1984 2653 2033 τά
2703 1984 2859 2035 κακὰ.
2920 1988 3333 2056 Παραγενόμενος
3389 1984 3459 2056 (6)
3525 1988 3625 2059 γὰρ
3672 2006 3801 2039 ποτε
3832 1986 3885 2039 ἐν

2270 2079 2380 2132 ταῖς
2460 2078 2835 2143 πνευματικαῖς
2915 2076 3292 2146 πανηγύρεσιν,
3348 2072 3419 2126 ἐνὶ
3485 2076 3576 2147 μὲν
3666 2072 3884 2148 ἀδελφῷ

2270 2160 2412 2233 μόλις
2469 2163 2589 2212 ποτε
2646 2164 2975 2234 περιέτυχον,
3048 2164 3106 2212 τὸ
3134 2164 3223 2234 μὲν
3261 2158 3431 2214 δόκεῐν
3468 2163 3545 2235 (7)
3574 2163 3883 2237 φοϐουμένῳ

2268 2254 2354 2302 τὸν
2398 2252 2608 2322 Κύριον,
2640 2255 2970 2324 κρατουμένῳ
3028 2247 3087 2302 δε
3143 2252 3242 2303 ὑπὸ
3302 2260 3395 2304 τοῦ
3450 2249 3720 2316 διαϐόλου,
3782 2260 3883 2307 καὶ

2268 2343 2474 2397 ἤκουσα
2530 2358 2634 2412 παρ
2692 2339 2867 2391 ἀὐτοῦ
2920 2338 3103 2412 λόγους
3132 2340 3383 2413 κομψοὺς,
3430 2347 3519 2394 καὶ
3549 2345 3745 2414 μύθους
3776 2364 3883 2397 πε-
3916 2344 3917 2347 “

2268 2427 2595 2500 πλασμένους
2643 2427 2716 2489 εἰς
2774 2426 2975 2485 ἀπάτην
3018 2437 3117 2480 τῶν
3166 2428 3607 2503 ἐντυγχανόντων.
3656 2432 3887 2497 Πολλοῖς

2270 2513 2328 2569 δὲ
2384 2516 2491 2589 μετ’
2544 2516 2699 2569 αύτὸν
2756 2519 2833 2588 (8)
2893 2522 3177 2590 συνέτυχον
3236 2519 3494 2587 κλέπταις,
3532 2522 3882 2599 ἆρπαξι,τυ-

2266 2606 2485 2681 ράννοις,
2555 2602 2706 2659 Εἶδον
2754 2608 3043 2679 μεθυόντων
3095 2617 3287 2680 σχῆμα
3313 2611 3585 2682 ἄσχημον,
3615 2613 3679 2662 τά
3711 2616 3880 2686 αἷμα-

2265 2714 2329 2747 τα
2384 2696 2460 2767 (9)
2518 2704 2617 2748 τῶν
2681 2700 3161 2769 καταπονουμένων.
3223 2695 3380 2753 Εἶδον
3436 2696 3494 2752 δὲ
3549 2707 3638 2753 καὶ
3680 2701 3878 2767 καλλος

2264 2794 2541 2856 γυναικῶν,
2600 2784 2888 2857 βασανίξον
2942 2806 3041 2859 μου
3099 2792 3192 2846 τὴν
3253 2792 3614 2863 σωφροσύνην.
3673 2796 3778 2842 Καὶ
3813 2796 3878 2843 τὸ

2263 2878 2353 2946 μὲν
2414 2882 2508 2935 τῆς
2557 2880 2797 2949 προνείας
2853 2878 2999 2947 ἔργον
3060 2873 3328 2949 διέφυγον
3396 2882 3489 2936 τήν
3542 2876 3600 2930 δέ
3639 2877 3879 2951 ἐμαυτοῦ

2262 2964 2540 3036 παρθενίαν
2567 2962 2785 3035 ἐμόλυνα
2810 2967 2945 3016 κατά
2990 2961 3225 3017 διάνοιαν
3268 2963 3508 3039 καρδίας.
3574 2972 3672 3020 Καὶ
3734 2970 3876 3021 πολ-

2261 3050 2358 3103 λῶν
2388 3055 2477 3124 μὲν
2510 3051 2712 3109 ἀκήκοα
2751 3052 2914 3124 λόγων
2944 3053 3289 3127 ψυχωφελών·
3340 3055 3473 3114 πλὴν
3508 3057 3630 3132 παρ’
3686 3055 3874 3111 οὐδενὶ

2261 3149 2360 3192 τῶν
2393 3137 2731 3193 διδασκάλων
2756 3142 2900 3215 εὗρον
2951 3140 3099 3205 ἀξίαν
3145 3151 3243 3195 τῶν
3281 3143 3445 3215 λόγων
3486 3150 3587 3203 ur}?
3645 3144 3868 3219 ἀρετήν.

2260 3232 2405 3283 Μετά
2444 3227 2503 3283 δὲ
2535 3238 2686 3283 τοῦτο
2716 3230 2867 3283 πάλιν
2920 3237 3118 3306 μυρίων
3151 3236 3358 3291 ἤκουσα
3404 3230 3870 3307 τραγῳδημάτων,

2259 3318 2436 3392 μέλεσι
2465 3322 2835 3395 τεθρυμμένως
2864 3317 3213 3393 ἐνδεδυμένων
3285 3324 3416 3395 (10).
3448 3323 3604 3375 Πάλιν
3659 3322 3874 3382 ἀκήκοα

2257 3411 2477 3483 κιθάρας
2538 3406 2642 3467 ἡδύ
2690 3411 2953 3481 ὴχούσης,
2999 3415 3098 3462 τών
3152 3415 3343 3485 κρότων
3383 3414 3496 3485 (Η)
3525 3421 3623 3465 τῶν
3651 3412 3873 3485 ἁλλομέ-

2257 3520 2373 3567 νων,
2431 3503 2515 3559 τὴς
2588 3508 2753 3571 φωνῆς
2803 3507 2901 3551 τῶν
2935 3498 3269 3571 γελοιαστῶν,
3318 3505 3521 3573 μωρίας
3548 3501 3744 3561 πολλῆς
3777 3508 3870 3555 καὶ

2258 3589 2612 3662 εὐτραπελίας,
2637 3589 2799 3662 ὄχλου
2828 3588 3100 3662 ἀμυθήτου
3136 3588 3291 3662 βοήν,
3326 3587 3479 3643 Εἶδον
3529 3596 3593 3643 τὰ
3652 3589 3871 3665 δάκρυα

2254 3687 2350 3730 τῶν
2411 3677 2751 3748 συληθέντων,
2816 3681 2907 3729 τάν
2963 3674 3149 3739 ὀδύνας
3206 3688 3306 3731 τῶν
3360 3678 3694 3752 ἀπαγομένων
3753 3685 3868 3751 (12)

2256 3769 2355 3818 ύπό
2399 3774 2488 3826 τῆς
2539 3762 2868 3839 τυραννίδος,
2931 3772 3024 3826 τὴν
3081 3771 3312 3840 οἵμωγὴν
3360 3778 3456 3819 τῶν
3489 3768 3864 3843 βασανιζομέ-

2254 3876 2371 3910 νων.
2420 3860 2519 3908 Καὶ
2577 3852 2737 3925 εἶδον,
2793 3861 2882 3907 καὶ
2944 3853 3059 3908 ἰδού
3090 3857 3184 3909 οὐκ
3213 3858 3274 3915 ἦν
3306 3862 3595 3933 πανήγυρις
3625 3879 3868 3932 πνευμα-

2254 3948 2397 4011 τικὴ,
2452 3943 2578 3995 ἀλλά
2642 3944 2881 3997 θάλασσα
2935 3944 3273 4018 ἀνεμιζομένη
3329 3953 3419 3999 καὶ
3474 3954 3864 4022 ταραττομένη,

2255 4036 2451 4096 πάντας
2483 4036 2612 4107 ὁμοῦ
2639 4041 2747 4096 τοῖς
2777 4034 2938 4097 αύτῆς
2970 4036 3094 4107 (13)
3139 4038 3340 4108 κύμασι
3396 4036 3627 4108 καλύψαι
3683 4058 3867 4091 σπου-

2258 4120 2511 4184 δάζοντα.
2576 4127 2705 4194 Λέγε
2753 4142 2863 4196 μοι,
2917 4124 2955 4174 ὦ
3012 4129 3144 4182 κακὴ
3180 4128 3363 4191 ἔννοια,
3395 4132 3483 4177 καί
3515 4129 3541 4177 ὁ
3572 4136 3668 4189 τῆς
3694 4147 3870 4202 προσ-

2256 4216 2438 4287 καίρου
2467 4208 2794 4274 ἡδυπαθείας
2834 4232 2888 4265 τε
2912 4218 3002 4265 καὶ
3032 4210 3327 4277 κενοδοξίας
3361 4212 3586 4288 δαίμων,
3642 4222 3695 4269 τί
3766 4238 3868 4292 μοι

2253 4402 2454 4468 senus,
2489 4388 2597 4468 qui
2610 4388 2681 4468 _i_n
2713 4388 2963 4468 epistola
2976 4389 3051 4445 de
3072 4390 3142 4445 iis
3153 4391 3258 4463 qui
3276 4392 3500 4468 adeunt
3518 4393 3866 4468 Hierosoly-

2254 4465 2553 4540 u_1_a,utom.
2582 4463 2674 4523 Ill,
2702 4476 2761 4532 p.
2796 4465 2918 4540 6:53,
2950 4466 3198 4540 testatur
3228 4464 3461 4540 nullum
3490 4479 3618 4540 esse
3650 4463 3867 4540 impu-

2250 4532 2438 4586 ritatis
2465 4546 2675 4599 genus,
2695 4532 2860 4607 quod
2892 4548 3014 4607 non
3031 4534 3101 4607 _in
3128 4534 3273 4607 locis
3299 4532 3869 4607 Hierosolymitanis

2251 4607 2621 4673 perpetretur
2656 4619 2668 4655 :
2698 4602 3177 4665 adulteria,furta
3195 4602 3634 4662 idololatrias'et
3656 4611 3867 4666 caedes

2251 4680 2705 4738 commemorat,
2748 4690 2817 4730 ac
2856 4674 3069 4732 nullibi
3124 4681 3359 4733 tantum
3383 4677 3601 4734 furoris
3621 4695 3758 4736 esse
3779 4682 3868 4737 ad

2250 4743 2629 4822 fundendum
2648 4746 3027 4815 sanguinem,
3042 4762 3163 4822 non
3177 4763 3247 4802 ex
3260 4764 3501 4805 rumore
3512 4748 3867 4822 aliquo,sed

2251 4830 2323 4871 ex
2361 4816 2674 4871 oculorum
2693 4832 2940 4873 suorum
2970 4819 3308 4875 testimonio
3338 4816 3671 4877 asseverat.

2322 4888 2433 4957 (10)
2464 4884 2865 4962 Ἐνδεδυμένων,
2894 4891 3029 4945 Post
3058 4889 3214 4962 hanc
3256 4906 3467 4946 vocem
3514 4891 3739 4962 legitur
3795 4895 3867 4950 in

2251 4959 2392 5038 Reg.
2427 4958 2695 5038 secundo
2728 4958 2950 5038 ἀπάτην,
2980 4958 3086 5015 sed
3114 4961 3350 5038 videtur
3377 4958 3722 5037 Obrepsisse
3744 4981 3866 5038 pro

2251 5030 2403 5103 πάλιν
2430 5030 2597 5103 quod
2627 5030 2794 5086 deest
2825 5030 2884 5085 in
2916 5031 3030 5087 hoc
3060 5032 3286 5087 codice.

2320 5101 2827 5175 (11)Tdiv_:tpdrw\f.
2864 5104 2947 5157 Ita
2994 5105 3133 5175 Reg.
3184 5104 3506 5159 secundus.
3562 5104 3719 5161 Editi
3770 5110 3868 5159 τὸν

2248 5176 2452 5249 κρότον.
2511 5172 2737 5249 Ibidem
2771 5172 2888 5249 duo
2915 5174 3151 5249 codices
3180 5184 3278 5226 τῶν
3310 5175 3629 5249 ὀχουμένων.
3669 5177 3870 5235 Paulo

2248 5242 2384 5313 post
2412 5244 2736 5311 legendum
2769 5242 2918 5315 βοῆς,
2954 5250 3019 5299 ut
3042 5245 3156 5301 hoc
3195 5242 3418 5302 nomen
3446 5242 3587 5302 cum
3620 5250 3870 5305 caeteris

2247 5314 2725 5385 praecedentibus
2750 5314 3057 5372 eonsonet.

2318 5385 2428 5454 (t2)
2466 5386 2867 5469 "Ama/ouem».
2918 5390 3003 5443 lta
3050 5387 3172 5443 duo
3216 5389 3377 5459 Regii
3406 5390 3664 5445 codices.
3703 5389 3873 5448 Editi

2313 5475 2594 5513 αγομενων.

2316 5527 2433 5598 (13)
2465 5534 2585 5588 Τοῖς
2611 5527 2792 5590 αὐτῆς·
2835 5533 2920 5587 lta
2945 5545 3105 5588 unus
3145 5532 3329 5589 codex
3367 5550 3379 5588 :
3414 5531 3566 5591 alius
3596 5539 3707 5595 τοῖς
3739 5532 3876 5589 ἐαυ-

2243 5607 2356 5660 τῆς.
2388 5598 2539 5657 Editi
2564 5607 2675 5662 τοῖς
2703 5600 2895 5662 αὐτοῖς.

2247 5453 2309 5506 ἐπ
