4070 6194
217 245 320 301 357

1226 241 1712 303 EPISTOLARUM
1750 234 2034 301 CLASSIS
2072 243 2117 303 Ι.
2158 246 2372 306 EPIST.
2416 249 2570 306 XLII.

216 372 271 423 τὸ
318 369 497 444 ὄφελος
555 376 652 432 τῆς
709 371 904 422 τούτων
985 372 1200 446 θεωρίας
1254 389 1308 426 τε
1354 374 1444 423 καὶ
1501 368 1807 445 ἀκροάσεως,

1931 368 2199 462 audiam,
2221 387 2362 429 cum
2386 373 2536 430 nulli
2561 389 2770 433 eorum
2799 378 3022 451 quibus
3050 381 3272 454 injuria
3289 384 3375 453 ﬁt,
3399 402 3580 462 opem

216 457 402 532 μηδενὶ
460 469 560 512 τῶν
608 456 964 534 ἀδικουμένων
997 459 1268 532 βοηθῆσαι
1305 460 1570 532 ἰσχύοντι,
1598 465 1730 532 μήτε
1760 454 1820 511 δί

213 559 316 613 τοῖς
372 547 653 610 ἀδυνάτοις
707 549 988 623 ἐπαμῦναι,
1042 556 1170 622 μήτε
1215 554 1338 613 τοὺς
1365 551 1482 621 (14)
1527 549 1818 624 σφαλλομέ-

213 661 324 704 νους
395 638 797 713 διορθώσασθαι
870 644 1312 714 συγχωρουμένῳ·
1387 642 1536 713 τάχα
1592 637 1651 694 δι
1701 640 1816 714 μίλι

209 730 348 783 λοντι
377 732 491 799 15)
543 735 632 782 καὶ
681 729 902 802 ἐμαυτὸν
946 729 1404 806 προσαπολλύειν;
1465 729 1662 805 Ὠσπερ
1713 734 1814 803 γὰρ

212 820 384 892 ὀλίγον
431 816 574 893 ὕδωρ
617 821 848 893 καθαρὸν
903 821 1004 871 ὑπὸ
1045 818 1234 880 πολλῆς
1283 818 1443 882 ζάλης
1486 818 1672 892 ἀνέμου
1725 825 1816 874 καὶ

209 917 482 982 κονιορτοῦ
528 908 853 981 ἀφανίζεται,
905 912 1066 971 οὕτως
1111 909 1146 960 ἃ
1173 909 1452 982 νομίζομεν
1482 909 1616 962 καλά
1654 908 1702 962 ἐν
1741 917 1814 980 τῷ

208 997 318 1071 βίῳ
362 1006 524 1051 ποιεῖν
571 998 706 1069 (16),
757 999 858 1051 ὑπὸ
915 1006 1006 1050 τοῦ
1043 997 1272 1060 πλήθους
1301 1007 1400 1051 τῶν
1447 1007 1620 1050 κακῶν
1651 999 1814 1052 καλύ-

201 1107 407 1143 πτεται.
469 1092 535 1141 At
588 1090 680 1160 μὶν
716 1090 819 1163 γὰρ
865 1084 1161 1161 τραγῳδίαι
1199 1090 1371 1162 ὥσπερ
1415 1087 1660 1148 σκόλοπις
1704 1091 1815 1152 τοῖς

193 1181 332 1229 κατά
357 1182 448 1230 τόν
477 1176 598 1250 βίον
632 1173 704 1229 δι’
740 1177 992 1250 εὐθυμίας
1021 1181 1110 1230 καὶ
1137 1183 1316 1251 χαρᾶς
1340 1176 1389 1229 ἐν
1419 1184 1533 1240 ταῖς
1563 1175 1814 1255 καρδίαις

193 1266 360 1318 αὐτῶν
416 1266 812 1338 ἐμπήσσονται,
856 1270 942 1318 ἶνα
993 1273 1083 1327 ⁸1’ἧς
1127 1263 1445 1339 ψαλμῳδίας
1497 1266 1808 1340 ἐπισκοτίση

192 1359 252 1408 τὸ
299 1357 557 1430 καθαρόν
607 1358 662 1408 αἱ
697 1352 757 1408 δὲ
808 1355 1034 1428 οἰμωγαὶ
1067 1360 1157 1408 καὶ
1202 1357 1228 1408 6
1280 1352 1515 1431 ὀδυρμὸς
1561 1365 1660 1408 τῶν
1698 1353 1816 1410 ἀδι-

191 1450 459 1518 κουμένων
522 1443 805 1519 ἀνθρώπων
852 1448 998 1518 παρά
1048 1453 1148 1498 τῶν
1196 1444 1465 1518 ὁμοφύλων
1513 1444 1811 1520 ἐπάγονται,

187 1540 276 1586 ἶνα
307 1532 508 1607 δειχθῇ
546 1543 646 1588 τῶν
681 1539 913 1594 πενήτων
1007 1537 1264 1606 ὑπομονη.

256 1629 309 1680 5.
343 1628 443 1686 Τίς
496 1620 586 1676 οὖν
636 1623 851 1695 ὠφέλεια
880 1623 1076 1697 ἐμοὶ,ἧ
1119 1620 1361 1681 δηλονότι
1409 1631 1497 1685 τῆς
1547 1625 1734 1698 ψυχῆς
1778 1626 1808 1683 ἦ

186 1712 407 1786 β)ά6η;
453 1716 554 1768 Διὰ
586 1716 740 1766 τοῦτο
793 1710 880 1766 οὖν
933 1712 1029 1784 ίγὼ
1074 1716 1437 1786 μιταναστεύω
1487 1713 1569 1767 ἐπὶ
1607 1718 1674 1769 τὰ
1717 1720 1808 1790 όρη
1845 1739 1884 1792 Β

183 1806 252 1863 ὡς
313 1805 620 1878 στρουθίον.
681 1809 770 1864 Ὠς
822 1803 1095 1878 στρουθίον
1153 1806 1254 1876 γὰρ
1307 1802 1562 1877 ἐρρύσθην
1615 1803 1669 1856 ἐκ
1717 1814 1813 1868 τῆς

182 1889 413 1967 παγίδος
471 1901 574 1945 τῶν
626 1894 964 1966 θηρευόντων.
1020 1897 1120 1945 Καὶ
1165 1895 1266 1967 γὰρ
1308 1891 1355 1944 ἐν
1386 1895 1550 1966 ταύτῃ
1597 1901 1658 1965 τῇ
1696 1893 1815 1967 ἐρή-

185 2006 265 2055 μῳ
321 1979 525 2055 διάγω,
581 1980 621 2034 ὦ
650 1987 785 2040 κακὴ
822 1984 1010 2049 ἔννοια,
1061 1982 1110 2034 ἐν
1226 1983 1250 2034 ὁ
1295 1985 1486 2058 Κύριος
1531 1980 1810 2059 διέτριϐεν.

183 2069 448 2125 ἐνταῦθα
500 2075 533 2130 ἠ
579 2068 710 2144 δρῦς
761 2073 790 2130 ἡ
844 2069 1073 2144 Μαμθρή
1135 2072 1284 2142 (1⁸7)·
1337 2070 1558 2124 ἐνταῦθα
1595 2075 1625 2131 ἠ
1659 2073 1813 2147 οὖρα-

179 2167 401 2234 νοφόρος
454 2160 672 2233 κλίμαξ,
724 2165 816 2213 καὶ
864 2162 919 2212 αἱ
961 2168 1060 2211 τῶν
1109 2158 1336 2234 ἀγγέλων
1381 2159 1725 2234 παρεμϐολαὶ,
1759 2166 1813 2216 αἱ

180 2260 219 2320 ᾧ
271 2249 480 2303 Ἰακὼϐ
537 2249 810 2322 ὀφθεῖσαν
859 2248 1081 2302 ἐνταῦθα
1125 2250 1155 2307 ἡ
1214 2252 1420 2323 ἔρημος,
1455 2249 1504 2301 ἐν
1626 2252 1650 2302 6
1691 2251 1814 2327 λαός

181 2342 459 2413 ἁγνισθεὶς
510 2344 878 2414 ἱνομοθετήθη,
935 2347 1024 2394 καὶ
1071 2344 1236 2402 οὕτως
1291 2341 1358 2401 εἰς
1414 2346 1508 2400 τὴν
1561 2349 1659 2414 γῆν
1716 2351 1811 2406 τῆς

183 2431 509 2503 ιπαγγελίας
558 2431 796 2484 εἰσελθὼν
829 2431 938 2501 (18)
985 2427 1092 2482 εἶδε
1122 2434 1270 2483 Θεόν.
1306 2430 1560 2483 Ἐνταῦθα
1605 2435 1664 2483 τὸ
1697 2436 1810 2504 ᾷοος

181 2526 239 2574 τό
313 2520 646 2593 Καρμήλιον,
698 2519 747 2572 ἓν
807 2517 847 2593 ᾧ
910 2519 1105 2588 Ἠλίας,
1174 2519 1508 2592 αὐλιζόμενος
1561 2528 1633 2590 τῷ
1692 2530 1806 2594 Θεῷ

182 2613 576 2686 κύηρέστησεν.
629 2611 884 2669 Ἐνταῦθα
936 2614 993 2663 τό
1044 2606 1223 2664 πεδίον
1271 2609 1320 2662 ἐν
1453 2608 1804 2686 ἀναχωρήσας

185 2699 454 2776 Ἔσδρας,
497 2702 676 2762 πάσας
725 2701 820 2761 τάς
869 2701 1235 2761 θεοπνεύστους
1296 2697 1512 2772 βίϐλους
1564 2702 1804 2774 προστά-

182 2811 354 2863 γματι
403 2798 542 2844 Θεοῦ
600 2788 930 2862 ίξηρεύξατο.
991 2787 1246 2842 Ἐνταῦθα
1295 2790 1325 2846 ἡ
1373 2791 1582 2861 ἔρημος,
1625 2787 1670 2841 ἐν
1779 2792 1804 2841 6

183 2884 452 2956 μακάριος
525 2879 784 2946 Ἰωάννης,
871 2874 1262 2952 ἀκριδοφαγῶν,
1346 2879 1619 2951 μετάνοιαν
1698 2887 1803 2940 τοῖς

187 2972 483 3046 ἀνθρώποις
533 2968 800 3044 ἐκήρυξεν.
849 2966 1099 3024 Ἐνταῦθα
1143 2971 1202 3023 τὸ
1252 2971 1367 3043 ὄρος
1423 2975 1522 3020 τῶν
1568 2967 1798 3041 Ἐλαιων,

188 3061 258 3121 εἰς
287 3060 315 3112 ὅ
347 3061 374 3112 6
419 3062 649 3133 Χριστὸς
692 3058 1039 3134 ἀνερχόμενος
1069 3059 1432 3129 προσηύχετο,
1472 3058 1607 3129 ἡμᾶς
1639 3053 1804 3111 διδά-
1834 3093 1873 3148 C

188 3169 330 3202 σκων
394 3149 818 3225 προσεύχεσθαι.
862 3146 1113 3202 Ἐνταῦθα
1164 3149 1189 3199 6
1220 3151 1446 3220 Χριστός
1487 3148 1513 3200 6
1561 3156 1658 3211 τῆς
1685 3147 1802 3223 ἐρή-

182 3261 287 3312 μου
323 3241 490 3312 φίλος.
533 3245 672 3297 Φησὶ
716 3241 839 3313 γάρ’
877 3237 1045 3291 Ὀπου
1096 3237 1199 3291 εἰσὶ
1257 3233 1354 3291 δύο
1410 3238 1440 3297 ἦ
1495 3245 1637 3311 τρεῖς
1687 3257 1806 3291 συν-

188 3335 416 3402 ηγμένοι
466 3330 535 3392 εἰς
590 3333 650 3382 τό
699 3327 820 3401 ἐμόν
859 3332 1038 3400 ὄνομα,
1095 3325 1199 3380 ἐκεῖ
1251 3326 1356 3398 εἰμι
1404 3325 1452 3378 ἐν
1504 3331 1647 3400 μέσω
1705 3327 1804 3380 αύ-

191 3427 301 3470 τῶν
337 3421 471 3486 (19)..
523 3419 774 3472 Ἐνταῦθα
822 3418 852 3475 ἡ
900 3420 1049 3475 στενή
1110 3420 1198 3470 καὶ
1246 3415 1554 3489 τεθλιμμένη
1597 3412 1738 3480 ὁδὸς,
1769 3417 1799 3478 ἡ

193 3507 489 3578 ἀπάγουσα
535 3508 602 3570 εἰς
646 3512 739 3565 τήν
790 3506 948 3567 ζωήν.
1022 3504 1276 3559 Ἐνταῦθα
1342 3501 1665 3560 διδάσκαλοι
1719 3509 1805 3560 καὶ

188 3599 560 3670 προφῆται,οὶ
605 3596 650 3648 ἐν
692 3595 934 3670 ἐρημίαις
983 3593 1320 3666 πλανώμενοι,
1362 3599 1452 3646 καὶ
1499 3598 1662 3668 ὄρεσι,
1714 3599 1804 3650 καὶ

191 3685 498 3756 σπηλαίοις,
548 3690 636 3738 καὶ
684 3693 801 3745 ταῖς
848 3683 1002 3745 ὀπαῖς
1051 3691 1141 3742 τῆς
1194 3690 1315 3754 γῆς.
1370 3683 1624 3737 Ἐνταῦθα
1675 3682 1803 3736 ἀπό-

189 3775 370 3828 στολοι
424 3780 514 3827 καὶ
563 3773 948 3846 τᾶαγγιλισταὶ,
998 3777 1088 3826 καὶ
1136 3773 1162 3826 ὁ
1205 3780 1305 3824 τῶν
1331 3780 1578 3844 μοναχῶν
1618 3775 1805 3846 ερημο-

187 3865 406 3924 πολίτης
457 3863 596 3935 βίος.
639 3869 819 3917 Ταῦτα
857 3865 1028 3914 τοίνυν
1082 3859 1334 3922 ἑκουσίως
1383 3856 1800 3933 καταδίδιγμαι,

190 3957 278 4005 ἱνα
327 3952 471 4004 λάϐω
524 3953 653 4026 οἱπερ
711 3958 816 4011 τοῖς
865 3952 1097 4024 μάρτυσι
1145 3955 1238 4002 τοῦ
1271 3956 1506 4022 Χριστοῦ
1553 3954 1642 4002 καὶ
1694 3956 1804 4015 τοῖς

193 4042 368 4105 ἄλλοις
413 4049 577 4096 πᾶσιν
615 4042 787 4112 ἁγίοις
840 4037 1176 4111 ἐπήγγελταιο
1235 4039 1316 4092 ἶνα
1368 4034 1614 4108 ἀψευὸῶς
1651 4037 1800 4110 λίγωο

193 4137 289 4184 Διά
358 4137 480 4193 τούς
552 4131 739 4201 λόγους
813 4136 911 4181 τῶν
996 4127 1211 4200 χειλέων
1292 4145 1386 4182 σου
1445 4125 1544 4198 ἐγὼ
1612 4126 1804 4199 ἐφύλα-

191 4219 252 4282 ξα
306 4219 461 4279 ὀδοὺς
539 4218 788 4292 σκληράς.
845 4217 1038 4287 Ἐγνων
1107 4218 1209 4289 γὰρ
1281 4218 1368 4267 τὸν
1443 4217 1533 4288 μὲν
1595 4215 1798 4286 θεοφιλῆ

185 4313 428 4385 Ἀϐραὰμ
477 4318 539 4382 τῇ
593 4316 683 4360 τοῦ
737 4314 871 4360 Θεοῦ
921 4314 1057 4378 φωνῇ
1114 4306 1434 4377 πειθόμενον,
1481 4310 1570 4356 καὶ
1615 4323 1682 4365 εις
1711 4309 1804 4363 τὴν

185 4423 382 4475 ἔρημον
461 4404 819 4472 μετοικοῦντα·
889 4401 980 4448 καὶ
1035 4395 1217 4450 Ἰσαάκ
1284 4389 1805 4467 καταδυναστευόμε-

181 4512 286 4546 νον·
332 4498 428 4544 καὶ
461 4487 653 4542 Ἰακὼϐ
707 4489 794 4538 τόν
831 4487 1171 4560 πατριάρχην
1229 4483 1569 4546 ξενιτεύονταο
1614 4484 1806 4557 Ἰωσήφ

182 4588 267 4636 τὸν
315 4588 564 4654 σώφρονα
616 4572 1149 4648 διαπιπρασκόμενον,
1205 4579 1324 4633 τοῦς
1373 4581 1468 4633 τῆς
1512 4571 1808 4647 ἐγκρατείας

181 4675 392 4743 εύοετας
455 4675 592 4741 τρεῖς
640 4660 836 4724 παῖδας
880 4669 1346 4738 ττυρομαχοῦντας,
1383 4660 1574 4718 Δανιὴλ
1625 4657 1806 4714 δεύτε-

180 4783 264 4814 εον
313 4762 384 4822 εἰς
431 4759 624 4810 λάκκον
671 4754 883 4808 λεόντων
930 4750 1403 4823 παραϐαλλόμενον,
1458 4753 1546 4802 τόν
1607 4749 1806 4825 παρρη-

1929 453 2081 512 ferre
2109 473 2329 531 queam
2365 477 2378 515 :
2411 477 2606 534 neque
2635 462 2811 521 liceat
2839 467 2985 523 mihi
3013 468 3344 530 imbecilles
3373 453 3580 534 defen-

1927 544 2090 614 dere,
2123 552 2227 604 aut
2273 555 2540 607 errantes
2582 553 2906 623 corrigere;
2936 556 3060 614 imo
3100 559 3281 618 etiam
3329 562 3579 640 insuper

1927 650 2024 690 me
2071 635 2200 708 ipse
2254 636 2404 694 forte
2454 640 2796 712 perditurus
2839 644 3000 701 sim?
3046 635 3576 713 Quemadmodum

1927 721 2088 778 enim
2117 724 2434 796 paululum
2464 742 2637 800 aquae
2664 744 2831 800 purae
2860 747 3089 803 magna
3113 738 3272 793 venti
3311 742 3576 810 procella

1927 827 1996 868 ac
2054 813 2297 885 pulvere
2343 815 2713 890 dissipatur;
2756 819 2840 875 sic
2895 837 3030 893 quae
3081 825 3256 882 nobis
3298 829 3575 889 videmur

1925 901 2210 972 praeclare
2249 903 2312 960 in
2355 906 2574 962 saeculo
2600 906 2818 977 facere,
2850 910 3152 968 malorum
3197 916 3574 978 multitudine

1924 989 2280 1050 obruuntur.
2329 997 2479 1050 Nam
2528 998 2858 1066 tragoediae,
2898 1000 3056 1057 velut
3105 1003 3246 1074 pali,
3279 1006 3340 1062 in
3380 1009 3576 1065 cordi-

1923 1077 2041 1135 bus
2095 1097 2304 1138 eorum
2353 1084 2457 1156 qui
2503 1085 2562 1140 in
2610 1087 2830 1144 saeculo
2875 1093 3031 1156 sunt,
3074 1107 3181 1163 per
3207 1092 3475 1154 laetitiam
3503 1112 3574 1155 ac

1925 1170 2216 1239 gaudium
2264 1172 2614 1242 inﬁguntur,
2646 1179 2709 1232 ut
2751 1177 3107 1249 psalmodiis
3146 1183 3390 1254 puritati
3417 1189 3578 1243 tene-

1923 1258 2065 1315 bras
2117 1259 2453 1319 offundant.
2509 1267 2688 1320 Porro
2737 1266 2996 1336 ejulatus
3044 1271 3423 1346 gemitusque
3469 1275 3576 1334 ho-

1925 1349 2157 1406 minum
2180 1351 2467 1422 injuriam
2489 1369 2525 1408 a
2542 1353 2858 1411 tribulibus
2884 1358 3241 1428 patientium
3263 1363 3574 1436 proferuno

1926 1442 2038 1507 tur,
2069 1443 2134 1495 ut
2160 1455 2496 1513 pauperum
2525 1443 2872 1502 ostendatur
2901 1447 3212 1518 patientia.

1997 1623 2046 1674 5.
2081 1620 2223 1685 Quae
2245 1620 2424 1691 igitur
2444 1621 2587 1678 mihi
2618 1622 2735 1680 alia
2755 1623 2997 1694 utilitas,
3020 1625 3135 1684 nisi
3162 1632 3319 1686 certe
3349 1631 3568 1690 animm

1922 1707 2217 1764 damnum
2247 1712 2274 1767 ?
2317 1713 2522 1783 Itaque
2552 1727 2685 1768 eam
2716 1712 2797 1768 ob
2827 1729 3076 1772 causam
3105 1732 3213 1788 ego
3248 1718 3406 1777 velut
3435 1737 3571 1793 pas-

1924 1813 2020 1852 ser
2052 1798 2410 1868 transmigro
2436 1800 2496 1855 in
2528 1806 2786 1857 montes.
2822 1805 2965 1860 Sum
2996 1805 3156 1861 enim
3185 1806 3335 1864 sicut
3359 1824 3573 1881 passer

1922 1901 1991 1940 ex
2021 1885 2240 1958 laqueo
2284 1888 2632 1944 venantium
2660 1889 2947 1948 liberatus
2971 1893 3039 1946 ‘0.
3083 1895 3311 1952 Etenim
3351 1897 3411 1953 in
3452 1898 3570 1956 hac

1922 1974 2240 2031 solitudine
2269 1975 2447 2046 dego,
2475 1993 2510 2032 ο
2540 1978 2700 2035 mala
2731 1981 3028 2052 cogitatio,
3056 1981 3118 2039 in
3139 1999 3262 2055 qua
3285 1987 3572 2044 Dominus

1922 2069 2198 2120 versatus
2247 2070 2351 2122 est.
2401 2066 2500 2122 Hic
2529 2083 2786 2140 quercus
2816 2069 3078 2127 Mambre
3118 2088 3132 2127 :
3171 2072 3268 2129 hic
3297 2074 3460 2132 scala
3483 2076 3570 2134 fe-

1922 2169 2059 2210 rens
2085 2154 2164 2210 ad
2189 2155 2430 2227 cmlum,
2462 2163 2518 2214 et
2548 2158 2900 2229 angelorum
2932 2167 3127 2218 castra
3151 2178 3188 2219 a
3215 2164 3400 2221 Jacob
3429 2181 3570 2224 con-

1923 2248 2166 2315 specta;
2213 2245 2310 2300 hic
2360 2246 2639 2319 solitudo,
2670 2248 2731 2304 in
2769 2265 2894 2322 qua
2924 2251 3188 2322 populus
3214 2253 3568 2326 puriﬁcatus

1918 2332 2114 2403 legem
2161 2335 2410 2407 accepit,
2461 2341 2517 2393 et
2562 2337 2646 2393 ita
2674 2340 2923 2394 demum
2954 2340 3014 2396 in
3065 2345 3286 2399 terram
3312 2345 3571 2416 promis-

1919 2422 2104 2479 sionis
2132 2423 2438 2493 ingressus
2468 2429 2657 2483 Deum
2685 2427 2855 2483 vidit.
2892 2428 2993 2485 Hic
3023 2446 3202 2487 mons
3240 2433 3568 2505 Carmelus,

1914 2512 1976 2568 in
2007 2530 2128 2586 quo
2159 2513 2313 2571 Elias
2347 2529 2737 2574 commorans
2787 2517 3011 2592 placuit
3059 2523 3216 2590 Deo;
3259 2521 3355 2578 hic
3407 2540 3568 2580 cam-

1913 2618 2053 2674 pus,
2083 2604 2143 2657 in
2187 2619 2369 2672 quem
2417 2621 2556 2660 cum
2589 2606 2804 2662 Esdras
2854 2609 3222 2679 secessisset,
3254 2625 3467 2669 omnes
3493 2613 3565 2669 li-

1911 2689 2075 2747 bros.
2102 2690 2384 2748 divinitus
2424 2693 2769 2766 inspiratos,
2813 2698 2931 2753 Deo
2955 2697 3224 2770 jubente,
3257 2701 3563 2759 eructavit.

1913 2779 2012 2835 Hic
2065 2778 2348 2850 solitudo,
2395 2781 2457 2838 in
2509 2798 2632 2855 qua
2683 2783 2897 2841 beatus
2953 2787 3237 2855 Joannes,
3300 2787 3566 2846 locustas

1911 2867 2116 2936 edens,
2158 2867 2506 2926 hominibus
2545 2871 2716 2942 130
2747 2872 3160 2944 pcenitentiam
3191 2875 3566 2948 praedicavit.

1912 2957 2013 3016 Hic
2041 2973 2218 3016 mons
2246 2957 2651 3028 Olivarum,in
2683 2977 2868 3033 quem
2891 2977 3031 3018 cum
3062 2962 3331 3020 Christus
3352 2979 3566 3022 ascen-

1912 3046 2097 3104 disset
2147 3048 2358 3118 oravit,
2391 3063 2564 3104 orare
2593 3064 2706 3106 nos
2741 3049 2989 3105 docens.
3024 3050 3123 3108 Hic
3155 3051 3421 3110 Christus
3461 3068 3566 3109 so-

1910 3135 2178 3192 litudinis
2209 3141 2463 3193 amator.
2495 3137 2589 3194 Ait
2616 3138 2777 3195 enim
2808 3155 2820 3194 :
2853 3139 2964 3196 Ubi
2985 3140 3104 3196 duo
3143 3147 3278 3198 sunt
3311 3149 3416 3200 aut
3449 3148 3569 3201 tres

1913 3227 2250 3298 congregati
2289 3227 2354 3283 in
2392 3229 2633 3284 nomine
2675 3243 2822 3298 meo,
2865 3228 2948 3285 ibi
2991 3245 3120 3286 sum
3161 3231 3225 3286 in
3256 3232 3448 3289 medio
3479 3248 3567 3289 eo-

1911 3318 2139 3374 rum“.
2189 3316 2289 3372 Hic
2333 3323 2593 3388 angusta
2639 3322 2696 3375 et
2740 3323 2905 3375 arcta
2952 3318 3068 3386 via,
3101 3335 3238 3394 quae
3287 3322 3451 3379 ducit
3489 3322 3570 3382 ad

1912 3404 2118 3462 vitam.
2161 3405 2263 3461 llic
2311 3404 2590 3463 doctores
2637 3411 2692 3464 et
2742 3407 3078 3480 prophetae,
3118 3408 3178 3464 in
3230 3409 3567 3467 solitudini-

1910 3493 2026 3551 bus
2083 3499 2366 3567 errantes,
2420 3511 2490 3552 ac
2537 3496 2870 3566 montibus,
2904 3496 3329 3571 speluncisque
3381 3504 3439 3557 et
3476 3499 3565 3558 fo-

1909 3585 2246 3641 raminibus
2275 3589 2438 3641 terrae
2467 3587 2536 3644 ⁸³.
2564 3586 2664 3642 Hic
2695 3585 2956 3658 apostoli
2982 3591 3039 3643 et
3069 3587 3478 3658 evangelistae,
3511 3593 3569 3648 et

1912 3673 2351 3731 monachorum
2377 3680 2608 3732 semota
2633 3673 2711 3730 ab
2739 3674 2991 3730 urbibus
3023 3675 3162 3731 vita.
3200 3678 3332 3732 Haec
3362 3675 3566 3750 itaque

1911 3764 2064 3820 ultro
2098 3763 2354 3838 suscepi,
2392 3769 2454 3822 ut
2497 3780 2838 3837 consequar
2865 3780 3001 3837 qua:
3034 3763 3249 3822 Christi
3293 3765 3570 3838 martyri-

1908 3853 2027 3910 bus
2074 3856 2129 3909 et
2175 3852 2459 3909 omnibus
2508 3853 2640 3910 aliis
2688 3852 2907 3909 sanctis
2951 3853 3252 3925 promissa
3293 3858 3469 3923 sunt;
3502 3859 3569 3914 ut

1910 3959 2048 4000 vere
2091 3958 2162 3998 ac
2196 3941 2344 4000 citra
2373 3942 2759 3999 mendacium
2794 3943 2996 3999 dicam
3045 3959 3057 3998 :
3096 3943 3358 4013 Propter
3386 3945 3571 4005 verba

1917 4033 2212 4089 (abiaram
2243 4037 2482 4088 tuorum
2503 4047 2604 4102 ego
2635 4032 2935 4089 custodivi
2959 4032 3087 4088 vias
3114 4032 3301 4091 duras
3329 4035 3396 4091 ‘3.
3421 4035 3571 4093 Novi

1912 4121 2073 4178 enim
2119 4121 2369 4177 charum
2427 4122 2546 4178 Deo
2601 4121 2908 4178 Abraham
2967 4121 3073 4194 qui
3128 4123 3262 4179 voci
3321 4123 3420 4180 Dei
3465 4123 3570 4181 ob-

1913 4215 2153 4267 secutus
2197 4213 2306 4278 est,
2358 4215 2415 4268 et
2442 4211 2502 4266 in
2547 4210 2929 4268 solitudinem
2958 4211 3275 4281 migravit;
3309 4217 3363 4270 et
3403 4215 3570 4272 Isaac

1912 4301 2180 4374 potentia
2223 4316 2606 4372 oppressum,
2654 4305 2709 4356 et
2740 4299 2924 4356 Iacob
2969 4301 3373 4372 patriarcham
3403 4319 3571 4376 pere-

1918 4391 2292 4462 grinantem;
2334 4389 2625 4462 pudicum
2655 4389 2877 4463 Joseph
2905 4388 3315 4458 divenditum;
3350 4407 3566 4462 pueros

1921 4485 2034 4536 tres
2079 4479 2457 4535 abstinentia:
2504 4479 2868 4548 inventores,
2900 4478 3006 4551 qui
3045 4477 3334 4534 adversus
3362 4480 3568 4550 ignem

1915 4573 2300 4641 pugnarunt;
2347 4567 2648 4623 Danielem
2679 4567 2864 4623 semel
2904 4571 2960 4623 et
3001 4566 3218 4624 iterum
3247 4569 3309 4625 in
3337 4569 3568 4628 fossam

1913 4657 2158 4713 leonum
2203 4657 2581 4727 conjectum;
2615 4656 2934 4712 Jeremiam
2975 4653 3164 4712 libere
3193 4656 3566 4731 loquentem,

1913 4747 2071 4804 caeni
2098 4747 2256 4803 iacui
2286 4745 2634 4810 addictum;
2682 4745 2901 4803 Isaiam
2934 4761 3295 4806 arcanorum
3333 4755 3567 4822 specta-

249 4943 293 4976 ιο
325 4937 493 4997 Psal.
531 4951 731 5003 cxxut,
757 4939 810 4989 Τ.
891 4933 934 4967 δι
964 4929 1164 4988 Matth.
1193 4945 1354 4997 xvui,
1384 4931 1476 4987 20.
1555 4929 1602 4963 ⁴²
1630 4927 1807 4986 Hebr.

1944 4927 2034 4980 38.
2113 4926 2158 4959 ⁸³
2185 4924 2339 4981 Psal.
2374 4940 2484 4992 xw,
2517 4927 2572 4980 4.

240 5103 354 5168 (14)
385 5105 540 5157 ὶίὴτε
582 5097 726 5168 τούς,
768 5096 881 5149 etc.
916 5094 1071 5168 Beg.
1099 5088 1406 5168 secundus
1428 5094 1567 5168 fuit?
1610 5084 1671 5168 δὲ
1696 5096 1795 5168 τιξν

175 5156 500 5225 ἀδᾶἇοᾶιτω
556 5177 652 5226 τήν
703 5156 870 5239 δρμήν
920 5161 1182 5233 ἀνακόψαι
1233 5157 1522 5239 ᾇύναμενῳ,
1561 5165 1694 5239 μήτε
1734 5156 1798 5214 δε

173 5253 284 5306 τοὺς
315 5233 880 5316 σφαλλομένους-ΜΟ.
913 5235 1063 5292 Cum
1095 5247 1204 5289 nec
1234 5233 1580 5304 iniquorum
1613 5233 1798 5302 impe-

172 5324 292 5373 tum
320 5309 622 5390 r'epelAlere
653 5309 914 5367 valeam.
1130 5373 1176 5390 η
1204 5376 1214 5390 1
1394 5373 1445 5390 Ν

235 5396 346 5456 {15)
388 5373 686 5440 ’Μέλλοντμ
882 5373 1338 5457 προσαπολλύειν...
1393 5373 1795 5457 Sicuduorum

174 5443 446 5516 codicum
467 5473 588 5531 ope
611 5443 978 5531 emendatur
997 5447 1162 5521 quod
1183 5451 1308 5504 erat
1324 5444 1385 5501 in
1403 5444 1579 5502 editis
1601 5443 1792 5518 μᾶλλον

177 5551 296 5590 τι...
311 5570 355 5589 ..
379 5526 838 5605 spec—mgnum“.

246 5588 346 5674 (te)
368 5588 564 5661 ﬂ6ui’v.
587 5599 733 5661 Post
752 5595 916 5655 hanc
935 5605 1145 5651 vocem
1165 5588 1400 5652 addunt
1421 5590 1564 5661 Reg.
1579 5601 1793 5649 secun-

1909 5087 2026 5142 dus
2089 5089 2144 5143 et
2196 5089 2334 5144 Maz.
2383 5086 2594 5138 ἐνώπιον
2677 5084 2979 5160 ἀνθρώπων.
3046 5085 3262 5144 Coram
3318 5087 3570 5144 homini-

1913 5160 2090 5300 ὁιῇἦ)
2123 5227 2373 5303 Μαμϐρῆ.
2399 5231 2667 5303 lta,_mss.
2705 5228 2856 5303 Editi
2886 5228 3100 5303 Μαϐρήη

1980 5299 2093 5367 (18)
2143 5299 2418 5356 Εἰσελθὼν.
2475 5299 2595 5356 Hoc
2651 5300 2909 5357 verbum
2967 5299 3242 5355 additum
3302 5312 3374 5354 ex
3423 5299 3565 5369 Reg.

1907 5371 2224 5515 sef693d9éu
2279 5446 2421 5517 μέσῳ
2477 5443 2667 5502 αὐτῶν.
2721 5445 2862 5515 Reg.
2924 5438 3230 5497 secundus
3295 5446 3404 5512 μετ’
3466 5439 3565 5493 αύ-

1909 5535 2032 5570 των.
