4070 6194
537 237 641 293 359

1905 231 1963 289 S.
2006 230 2260 288 BASILII
2297 231 2520 290 MAGNI

3779 243 3880 300 360

537 365 750 430 torem,
785 373 952 416 serra
981 361 1247 426 sectum;
1289 357 1621 416 abductum
1670 359 1730 414 in
1777 356 2186 430 captivitatem

2296 363 2523 417 σιαστὴν
2589 363 2697 430 (20)
2762 361 3008 434 Ἰερεμίαν
3063 359 3130 422 εἰς
3182 359 3371 415 λάκκον
3429 361 3686 438 βορϐόρου
3733 385 3887 420 κατα-

536 451 854 516 Israelem;
908 452 1201 507 Joannem
1249 448 1522 506 adulterii
1571 448 2043 519 objurgatorem,
2092 464 2188 506 ca-

534 542 654 615 pite
701 543 1080 608 truncatum;
1129 543 1424 609 martyres
1468 537 1678 594 Christi
1717 538 1791 593 de
1820 537 2021 594 medio
2047 538 2187 594 sub-

533 631 710 688 latos.
763 633 829 688 Et
875 628 1024 702 quid
1071 627 1344 700 pluribus
1377 643 1579 683 moror
1608 628 1636 683 ?
1685 627 1789 684 ubi
1820 631 1876 683 et
1900 627 2028 698 ipse
2059 625 2185 682 Sal-

533 725 707 778 vator
731 735 840 792 pro
869 717 1046 774 nobis
1075 717 1395 773 cruciﬁxus
1425 721 1532 782 est,
1565 721 1634 772 ut
1661 721 1849 774 morte
1895 731 2008 772 sua
2040 716 2183 772 vivi-

532 810 742 866 ﬁcaret
763 823 898 876 nos,
929 811 984 862 et
1015 820 1512 878 unumquemque
1541 811 1820 862 nostrum
1850 805 1930 861 ad
1955 805 2183 876 patien-

531 900 680 956 tiam
721 898 994 954 incitaret
1021 911 1094 952 ac
1123 895 1398 952 traheret.
1431 895 1520 950 Ad
1548 895 1710 950 hunc
1743 895 1978 964 festino,
2011 897 2067 950 et
2105 894 2186 950 ad

532 991 785 1052 Patrem,
839 991 896 1041 et
946 983 1026 1040 ad
1077 983 1360 1056 Spiritum
1409 988 1714 1041 sanctum.
1747 983 2183 1054 Legitimusin-

528 1075 718 1132 veniri
769 1089 973 1144 conor,
1006 1072 1325 1143 indignum
1373 1077 1598 1129 memet
1637 1071 1918 1143 judicans
1970 1072 2184 1129 mundi

529 1164 732 1222 bonis.
765 1166 1054 1221 Caeterum
1084 1177 1282 1234 neque
1309 1177 1422 1231 ego
1451 1166 1696 1234 propter
1725 1159 2044 1233 mundum,
2075 1161 2185 1217 sed

530 1253 798 1311 mundus
827 1257 1071 1325 propter
1099 1267 1216 1308 me.
1240 1254 1372 1308 Haec
1397 1251 1576 1321 igitur
1604 1257 1767 1324 apud
1799 1252 2184 1324 temetipsum

528 1347 837 1415 reputans,
883 1356 1074 1413 eaque
1125 1339 1460 1410 diligenter,
1515 1345 1579 1396 ut
1634 1340 1740 1396 tibi
1791 1339 2018 1396 dictum
2069 1346 2180 1411 est,

530 1445 888 1504 exsequens,
940 1429 1178 1485 decerta
1234 1443 1342 1500 pro
1389 1429 1632 1485 veritate
1662 1445 1854 1502 usque
1905 1428 1984 1486 ad
2015 1445 2182 1484 mor-

531 1526 670 1578 tem.
723 1519 950 1576 Etenim
1005 1518 1270 1575 Christus
1328 1518 1402 1574 ad
1453 1523 1708 1575 mortem
1751 1519 1970 1592 usque}
1989 1519 2182 1575 factus

529 1615 621 1667 est
645 1609 956 1666 obediens.
1017 1606 1134 1664 Sed
1180 1613 1236 1663 et
1288 1607 1610 1680 Apostolus
1643 1607 1825 1664 dicit:
1873 1609 2072 1665 Videte
2109 1623 2183 1664 ne

2296 444 2657 520 δικαζόμενον·
2725 451 2944 503 Ἠσαίαν
3015 453 3102 503 τόν
3169 458 3266 504 τῶν
3335 449 3644 526 ἀποκρύφων
3705 456 3886 514 θεατὴν

2292 538 2622 613 πριζόμενον
2681 543 2766 592 τόν
2821 539 3028 612 Ἰσραὴλ
3115 539 3654 614 αἰχμαλωτιζόμενον·
3725 544 3889 596 Ἰωάν-

2293 646 2384 684 νην
2425 631 2512 680 τὸν
2560 638 2654 690 τῆς
2709 634 2959 702 μοιχείας
3005 628 3220 701 ὓεγχον
3269 628 3692 703 ἀποτεμνόμενον⁹
3740 631 3886 686 ἀναι-

2291 721 2574 790 ρουμένους
2629 722 2750 779 τοῦς
2797 725 3032 794 Χριστοῦ
3089 719 3375 793 μάρτυρας.
3431 725 3530 772 Καὶ
3577 721 3659 772 ἶνα
3702 726 3753 774 τί
3797 743 3890 794 μα-

2292 805 2574 882 κρολογῶ;
2637 809 2766 860 ὅπου
2823 827 2884 879 γε
2933 812 3024 860 καὶ
3077 807 3228 868 αὐτὸς
3293 809 3318 859 ό
3359 813 3534 884 Σωτὴρ
3585 808 3887 883 ἐσταυρώθη

2293 898 2421 971 ὑπὲρ
2471 899 2637 970 ἡμῶν,
2683 899 2766 949 ἰνα
2813 904 2884 958 τῷ
2933 895 3118 950 ἑαυτοῦ
3151 899 3354 968 θανάτῳ
3393 899 3528 970 ἡμᾶς
3560 899 3888 974 ζωοποιήση,

2293 991 2382 1039 καὶ
2433 985 2626 1048 πάντας
2696 988 2836 1060 ἡμᾶς
2882 990 3012 1060 πρός
3068 990 3161 1045 τὴν
3209 988 3472 1059 ὑπομονὴν
3543 987 3728 1062 ἀλείφῃ
3809 995 3893 1043 καὶ

2293 1074 2510 1148 ἐλκύσῃ.
2563 1078 2701 1148 Πρός
2750 1082 2928 1128 τοῦτον
2986 1073 3282 1147 ἐπείγομαι,
3336 1079 3428 1127 καὶ
3482 1079 3608 1148 πρὸς
3644 1081 3732 1129 τόν
3785 1080 3893 1130 Πά-

2291 1167 2436 1239 τέρα,
2468 1168 2558 1216 καὶ
2589 1167 2648 1216 τὸ
2681 1171 2888 1236 Πνεῦμα
2916 1166 2974 1216 τό
3011 1163 3157 1236 άγιον
3189 1165 3322 1234 (21).
3365 1167 3460 1222 Γνή
3473 1184 3583 1227 σιος
3623 1167 3895 1241 εὑρεθῆναι

2295 1251 2641 1326 ἀγωνίζομαι,
2689 1252 2894 1316 ἀνάξιον
2943 1251 3162 1325 ἐμαυτόν
3211 1257 3390 1326 κρίνας
3417 1261 3518 1306 τῶν
3561 1261 3652 1308 τοῦ
3691 1259 3894 1329 κόσμον

2293 1342 2480 1398 καλῶν.
2533 1343 2670 1401 Πλὴν
2727 1341 2834 1394 ἀλλ’
2885 1337 3008 1394 οῦδὲ
3059 1343 3161 1413 εγὼ
3213 1338 3306 1394 διὰ
3349 1345 3436 1396 τόν
3479 1347 3696 1416 κόσμον,
3734 1343 3896 1398 ἀλλ’ό

2291 1437 2486 1506 κόσμος
2539 1428 2614 1484 δι’
2665 1433 2775 1505 ἐμέ,
2822 1438 3002 1484 Ταῦτα
3040 1428 3127 1482 οὖν
3174 1429 3221 1483 ἐν
3255 1431 3416 1503 ἐαυτῷ
3457 1431 3893 1507 ἐπιλογιζόμενος,

2293 1527 2379 1574 καὶ
2433 1520 2586 1574 τελῶν
2643 1521 2776 1572 αὐτά
2835 1516 3157 1586 σπουδαίως,
3206 1523 3343 1572 κατά
3391 1525 3448 1574 τὸ
3490 1521 3756 1596 εἰρημένον
3793 1543 3896 1596 σοι,

2295 1609 2550 1682 ἀγώνισαι
2611 1611 2737 1684 ὑπὲρ
2795 1617 2889 1670 τῆς
2921 1607 3162 1670 ἀληθείας
3211 1610 3305 1671 ἕως
3337 1611 3580 1665 θανάτου.
3637 1616 3738 1664 Καὶ
3797 1615 3896 1684 γὰρ

530 1699 772 1771 quando
797 1699 870 1754 sit
903 1699 964 1753 in
1011 1697 1138 1752 ulto
1171 1703 1430 1754 vestrum
1464 1712 1568 1752 cor
1593 1713 1871 1768 pravum,
1907 1703 1972 1753 ut
2003 1698 2183 1754 desci-

2293 1702 2318 1752 ὁ
2369 1701 2600 1774 Χριστός
2648 1698 2876 1760 ὑπήκοος
2922 1702 3096 1770 γέγονε
3134 1703 3298 1772 μέχρι
3335 1700 3574 1752 θανάτου.
3618 1699 3784 1753 Ἀ).λοὶ
3811 1702 3902 1754 καί

529 1795 658 1846 scat
703 1804 742 1846 a
789 1789 909 1844 Deo
959 1787 1190 1844 vivente
1229 1803 1252 1842 :
1298 1787 1400 1842 sed
1449 1787 1852 1843 exhortemini
1895 1803 1992 1843 vos
2025 1788 2180 1844 invi-

527 1893 673 1948 cem,
723 1884 776 1934 et
822 1877 1115 1945 wdiﬁcate
1168 1876 1395 1946 singuli
1443 1877 1733 1946 singulos,
1771 1877 2045 1951 quandiu
2097 1877 2184 1932 di-

527 1969 690 2026 citur
739 1967 862 2022 dies
915 1966 1328 2022 hodiernus“.
1381 1968 1528 2021 Nam
1573 1963 1702 2021 dies
1739 1965 2068 2022 hodiernus
2105 1966 2182 2022 si-

527 2055 774 2127 gniﬁcat
825 2059 1018 2112 totum
1079 2054 1211 2110 vitia
1267 2058 1488 2111 nostrae
1547 2059 1808 2126 tempus.
1867 2055 1958 2112 Sic
2001 2055 2182 2125 igitur

527 2146 755 2214 vivens,
814 2144 1013 2206 frater,
1069 2147 1124 2198 te
1183 2143 1310 2214 ipse
1387 2142 1676 2210 servabis,
1735 2157 1968 2215 nosque
2021 2144 2181 2200 exhi-

523 2233 770 2302 larabis,
793 2238 848 2289 et
868 2233 1055 2288 Deum
1079 2231 1442 2302 gloriticabis
1465 2231 1527 2288 in
1549 2231 1770 2288 saecula
1795 2232 2174 2290 saeculorum.

523 2325 734 2378 Amen.

1092 2554 1424 2609 EPISTOLA
1462 2555 1664 2609 XLlll'.

2293 1791 2318 1840 ό
2377 1787 2689 1848 Ἀπόστολός
2743 1806 2894 1860 φησι.
2953 1787 3162 1840 Βλέπετε
3210 1792 3414 1861 μήποτε
3469 1791 3616 1841 ἔσται
3675 1792 3724 1842 ἓν
3799 1811 3900 1843 τινι

2291 1881 2433 1950 ὑμῶν
2517 1874 2715 1951 καρδία
2797 1877 3028 1950 πονηρὰ,
3113 1877 3179 1938 εἰς
3259 1880 3318 1929 τό
3412 1876 3710 1936 ἀπόστῆναι
3799 1877 3898 1932 ἀπὸ

2293 1975 2426 2020 Θεοῦ
2512 1967 2619 2037 ('22)
2703 1965 2893 2026 ζῶντος
2982 1963 3110 2017 ἀλλά
3195 1964 3442 2028 ἀλλήλους
3524 1967 3898 2043 παρακαλεῖτε,

2289 2061 2379 2109 καὶ
2435 2058 2505 2118 εἷς
2561 2059 2648 2108 τὸν
2703 2056 2789 2108 ἕνα
2835 2051 3178 2127 οἰκοδομεῖτε,
3221 2056 3386 2130 ἄχρις
3433 2053 3493 2109 οὗ
3544 2061 3603 2109 τὸ
3667 2063 3902 2136 σήμερον

2287 2145 2512 2218 λέγεται.
2565 2148 2634 2197 Τό
2694 2147 2794 2219 γαρ
2857 2151 3076 2220 σήμερον
3127 2150 3370 2218 σημαίνει
3413 2145 3527 2198 ὅλον
3573 2149 3662 2199 τόν
3699 2153 3902 2220 χρόνον

2287 2244 2383 2296 τῆς
2443 2238 2580 2298 ζωῆς
2631 2236 2796 2306 ἡμῶν.
2850 2233 3030 2294 Οὕτως
3082 2234 3169 2286 οὖν
3225 2234 3630 2308 πολιτευόμενος,
3685 2234 3902 2309 ἀδελφε,

3669 2330 3767 2378 καὶ
3817 2331 3904 2378 τόν

2287 2329 2377 2376 καὶ
2435 2326 2648 2376 σεαυτόν
2699 2329 2903 2390 σώσεις,
2983 2327 3071 2376 καὶ
3123 2325 3264 2396 ἡμᾶς
3317 2324 3605 2397 εὐφρανεῖς,

2291 2414 2417 2466 Θεόν
2449 2409 2690 2476 δοξάσεις
2723 2411 2793 2473 εἰς
2837 2411 2958 2473 τοῦς
2996 2412 3182 2474 αἰῶνας
3213 2421 3310 2466 τῶν
3342 2413 3559 2470 αἰώνων.
3597 2415 3792 2488 Ἀμην.

2830 2561 3116 2608 ΕΠΙΣΤΟΛ
3129 2563 3170 2608 Η
3211 2563 3260 2608 Μ
3271 2555 3322 2608 Γ

697 2661 991 2726 Basilius,
1022 2675 1125 2716 seu
1157 2660 1350 2732 quivis
1380 2659 1534 2715 alius
1563 2661 1828 2730 epistola:
1859 2667 2090 2730 auctor,
2123 2665 2473 2736 evangelica
2499 2669 2803 2734 pra’cepta
2833 2663 3124 2720 sotitariis
3157 2663 3417 2720 breviter
3444 2665 3706 2734 exponit.

946 2788 1293 2845 Admonitio
1322 2787 1405 2844 ad
1423 2789 1719 2858 juniores.

591 2900 758 2956 Disce
791 2903 854 2955 tu
882 2897 984 2972 qui
1036 2896 1368 2952 solitariam
1397 2895 1582 2952 vitam
1623 2895 1810 2968 degis,
1840 2897 2065 2970 quique
2089 2897 2167 2954 ﬁ-

2710 2789 2977 2840 NouGsaia
3005 2790 3137 2863 πρὸς
3163 2791 3281 2849 τοὺς
3309 2792 3472 2851 νέους.

2355 2897 2500 2949 Maias
2551 2899 2616 2947 σὺ
2670 2897 2696 2946 ό
2743 2894 2980 2967 μονάζωιι
3025 2899 3114 2947 καὶ
3143 2897 3333 2956 πιστὸς
3361 2896 3654 2968 ἅνθρωπος,
3679 2902 3780 2949 καὶ
3809 2907 3898 2958 τῆς

516 2987 666 3044 delis
698 2987 883 3042 homo
916 3001 986 3040 ac
1015 2985 1250 3057 pietatis
1275 2983 1468 3039 cultor
1499 2999 1583 3051 es,
1618 2989 1674 3040 et
1712 2985 1962 3040 edocere
1993 3001 2172 3042 evan-

2284 2983 2542 3047 εὐσεϐείας
2595 2983 2840 3057 ἐργάτης,
2897 2988 2986 3036 καὶ
3041 2979 3344 3056 διδάχθητι
3373 2983 3712 3056 εῦαγγελικὴν
3745 2986 3898 3039 πολι-

515 3075 774 3146 gelicum
827 3072 1068 3129 vivendi
1123 3087 1339 3141 genus,
1380 3071 1651 3145 corporis
1709 3071 1770 3127 in
1828 3073 2170 3129 servitutem

2284 3080 2439 3140 τείαν,
2533 3079 2774 3146 σώματος
2857 3069 3244 3145 δουλαγωγίαν,
3303 3078 3545 3147 φρόνημα
3617 3079 3892 3144 ταπεινόν,

511 3163 945 3232 redactionem,
992 3162 1270 3234 spiritum
1313 3161 1627 3228 humilem,
1677 3161 1894 3218 mentis
1952 3163 2170 3235 purita-

2284 3164 2471 3223 ἑννοίας
2537 3164 2893 3235 καθαρότητα,
2953 3161 3116 3236 ὀργῆς
3174 3160 3484 3236 ἀφανισμόν.
3561 3163 3894 3238 ’Λῃαρευό-

511 3257 654 3322 tem,
703 3253 806 3307 iras
857 3251 1340 3307 exstinctionem.
1394 3252 1666 3312 Coactus,
1725 3251 1975 3324 insuper
2011 3251 2168 3308 adde

2284 3271 2442 3325 μενος,
2495 3253 2770 3327 προστίθει
2831 3247 2926 3302 διὰ
2983 3253 3068 3303 τόν
3131 3253 3338 3325 Κύριονο
3415 3250 3888 3326 ἀποστεροῦμεδος,

509 3345 755 3414 propter
799 3339 1165 3406 Dominum;
1216 3339 1444 3394 damno
1489 3337 1762 3406 affectus,
1811 3355 1885 3394 ne
1931 3339 2164 3413 litiges;

2284 3345 2350 3414 μὴ
2407 3337 2654 3402 δικάζου·
2725 3343 3055 3413 μισούμενος,
3113 3338 3313 3412 ἀγάπα·
3391 3339 3726 3414 διωκόμενος,
3799 3341 3891 3394 ἀν-

509 3428 650 3484 odio
722 3426 986 3488 habitus,
1061 3426 1294 3495 dilige;
1351 3427 1766 3499 persecutione
1844 3428 2165 3500 appetitus,

2284 3434 2428 3500 ἑχον·
2485 3427 2974 3502 βλασφημούμενος,
3036 3429 3346 3502 παρακάλει.
3429 3431 3746 3502 Ναρὼθητι
3823 3441 3886 3490 τῆ

2278 3345 2350 3414 μὴ
2407 3337 2654 3402 δικάζου·
2725 3343 3055 3413 μισούμενος,
3113 3338 3313 3412 ἀγάπα·

2279 3434 2428 3500 ἐχον·
2485 3427 2974 3502 βλασφημούμενος,
3036 3429 3346 3504 παρακάλει.

507 3517 830 3585 sustineto;
863 3514 1018 3571 male
1045 3514 1318 3582 audiens,
1343 3516 1612 3572 obsecra.
1631 3517 1720 3572 Sis
1747 3521 1993 3588 peccato
2010 3533 2166 3574 mor-

504 3611 644 3664 tuus
670 3625 684 3676 ;
715 3607 794 3662 sis
827 3621 951 3662 una
973 3620 1110 3661 cum
1144 3606 1262 3660 Deo
1289 3604 1611 3660 crucifixus
1637 3624 1650 3672 ;
1683 3622 1890 3662 curam
1917 3621 2161 3662 omnem

505 3697 762 3755 transfer
815 3697 878 3752 in
937 3695 1282 3763 Dominum,
1351 3693 1516 3765 131
1575 3699 1638 3749 ut
1693 3695 2008 3769 reperiaris
2057 3695 2162 3752 ubi

2277 3518 2528 3592 ἁμαρτίᾳ,
2575 3519 2911 3590 στανρὼθητι
2969 3525 3042 3569 τῶ
3099 3525 3233 3588 Θεῷο
3303 3517 3424 3576 ὅλην
3482 3523 3569 3576 την
3623 3523 3888 3593 μέριμναν

2274 3609 2488 3680 μετάθες
2539 3605 2622 3659 ἐπὶ
2669 3610 2755 3658 τόν
2807 3609 3017 3679 Κύριον,
3076 3607 3159 3659 ἱνα
3211 3609 3422 3680 εὑρεθῇς
3469 3609 3599 3659 ὅπου
3643 3606 3883 3680 ἀγγέλων

2271 3693 2543 3769 μυριάδες,
2597 3700 2938 3770 πρωτοτόκων
3001 3698 3339 3770 πανηγύρεις,
3401 3695 3702 3748 ἀποστόλων
3767 3701 3884 3773 θρό-

2455 3793 2732 3859 προφητῶν
2815 3781 3112 3860 προεδρίαι,
3197 3793 3442 3860 σκῆπτρα
3499 3797 3878 3860 πατριαρχῶν,

2267 3875 2544 3948 μαρτύρων
2633 3878 2894 3946 στέφανοι,
3005 3875 3224 3925 δικαίων
3319 3877 3537 3927 ἔπαινοι.
3627 3876 3880 3936 Ἐκείνοις

2269 3967 2484 4016 σεαυτόν
2515 3971 2624 4024 τοῖς
2664 3959 2888 4024 δικαίοις
2937 3962 3264 4036 ἐπιθύμησον
3317 3966 3789 4039 συναριγμηὺᾖναι
3827 3964 3878 4017 ἐν

505 3787 860 3860 angelorum
895 3789 1036 3840 sunt
1067 3783 1394 3855 myriades,
1439 3783 1976 3855 primogenitorum
2015 3801 2158 3841 con-

501 3882 740 3938 ventus,
793 3873 1208 3946 apostolorum
1261 3871 1477 3937 throni,
1531 3873 1966 3945 prophetarum
2009 3890 2158 3947 prie-

502 3964 781 4020 cellentes
840 3962 1038 4028 sedes,
1098 3967 1334 4034 sceptra
1408 3961 1912 4034 patriarcharum,
1991 3979 2155 4019 mar-

501 4055 702 4126 tyrum
758 4067 1018 4119 coronas,
1069 4051 1368 4122 justorum
1430 4052 1754 4123 praeconia.
1814 4053 1969 4106 Inter
2041 4053 2152 4108 hos

495 4141 694 4212 justos
743 4144 806 4195 ut
861 4143 924 4194 tu
977 4139 1106 4212 ipse
1167 4141 1601 4209 annuiucreris,
1662 4140 2040 4212 concupisce,
2091 4141 2152 4198 in

501 4229 729 4286 Christo
757 4230 902 4285 Jesu
937 4228 1188 4285 Domino
1221 4233 1444 4284 nostro.
1471 4229 1584 4302 ipsi
1615 4229 1802 4299 gloria
1821 4228 1879 4284 in
1905 4229 2151 4289 saecula.

499 4324 709 4377 Amen.
2183 4323 2226 4375 D

1067 4425 1402 4482 EPISTULA
1447 4427 1664 4480 XLIV".

495 4552 688 4622 Lapsa
719 4553 1012 4609 monacho
1042 4557 1256 4610 auctor
1287 4553 1552 4621 epistola?
1573 4553 1836 4621 primum
1861 4555 2096 4622 peccati
2121 4553 2617 4624 magnitudinem,
2649 4551 2865 4624 deinde
2903 4551 3375 4608 misericordiam
3408 4551 3680 4608 divinam
3717 4561 3876 4611 ante

1335 4624 1539 4679 oculos
1563 4624 1755 4693 ponit,
1787 4629 1843 4679 et
1873 4631 1936 4680 ut
1967 4625 2050 4681 ad
2077 4641 2137 4684 se
2166 4622 2382 4688 veniat,
2420 4624 2670 4694 benigne
2699 4622 3009 4678 hortatur.

2269 3805 2368 3852 νοι,

3005 3869 3224 3925 δικαίων

2265 4061 2482 4127 Χριστῷ
2528 4053 2706 4110 Ἰησοῦ
2767 4061 2839 4123 τῷ
2899 4058 3072 4126 Κυρίῳ
3127 4055 3293 4126 ἡμῶν.
3353 4054 3501 4124 Αὐτῷ
3544 4055 3574 4112 ἠ
3625 4048 3770 4118 δόξα
3811 4055 3882 4117 εἰς

2263 4145 2378 4204 τούς
2410 4142 2613 4203 αἰῶνας.
2645 4141 2827 4214 Ἀμην.

2783 4431 2864 4478 ΕΙ]
2877 4429 3070 4478 ΙΣΤΟᾹ
3081 4431 3122 4478 Π
3161 4425 3287 4480 ΜΔ’.

921 4748 1023 4804 Ad
1059 4748 1418 4806 monachum
1462 4749 1716 4818 lapsum.

2620 4752 2757 4823 Πρός
2781 4750 3016 4820 μοναχὸν
3047 4747 3332 4801 ἐκπεσόντα
3361 4750 3494 4820 (23).

575 4857 620 4909 t.
652 4853 912 4910 Salutem
941 4869 1062 4910 non
1093 4855 1373 4924 dicimus,
1405 4854 1548 4927 quia
1581 4869 1702 4908 non
1733 4858 1820 4910 cst
1848 4853 2008 4911 salus
2038 4855 2145 4912 im-

566 4979 613 5012 “
639 4977 810 5032 Hebr.
839 4994 918 5046 ιιι,
952 4978 1034 5044 l2,
1071 4983 1156 5036 t3.

563 5103 584 5124 ‘
615 5102 774 5158 Alias
806 5105 866 5157 ll.

559 5175 605 5196 ¹⁶
629 5174 788 5230 Alias
825 5177 919 5232 Ill.

563 5247 668 5320 (ΞΟ)
728 5245 1164 5320 Ιιαρίόησιαστήν.
1245 5250 1386 5320 Quae
1437 5245 1514 5300 ab
1575 5247 1690 5302 hac
1739 5261 1889 5320 _\'oc_c
1945 5261 2139 5318 usque

489 5315 578 5373 ad‘
618 5315 1160 5386 'Haatui'leguntur,
1203 5317 1410 5373 addita
1449 5321 1588 5373 sunt
1613 5334 1684 5372 ex
1715 5317 1958 5372 duobus
1993 5315 2134 5372 niss.

487 5405 522 5444 a
554 5389 912 5444 Combeﬁsio
941 5389 1154 5443 citatis.

555 5463 668 5530 (21)
721 5465 790 5512 Τό
851 5467 1059 5532 Πνεῦμα
1113 5463 1170 5510 τό
1224 5459 1390 5529 α’γιον.
1465 5459 1548 5532 l_ta
1601 5459 1771 5532 lieg.’
1811 5458 2132 5532 secundus.

484 5527 736 5586 Editiro'
783 5533 930 5602 ἅγιον
979 5527 1206 5602 Πνεῦμα.
1253 5527 1339 5602 Eg
1383 5527 1596 5602 eodem
1640 5528 1847 5602 codice
1876 5529 2136 5602 legimus

481 5607 715 5674 γνήσιος,
765 5598 907 5660 editi
961 5598 1208 5676 γνησίως.
1281 5599 1445 5658 Idem
1491 5598 1678 5659 habet
1733 5599 2130 5676 ἀγωνιζόμενος.

2329 4859 2379 4912 1.
2413 4859 2624 4930 Χαίρειν
2681 4855 2738 4906 οῦ
2785 4853 3015 4927 λέγομεν,
3069 4857 3149 4908 ὅτι
3191 4855 3286 4908 οῦκ
3336 4857 3442 4910 ἐστι
3494 4861 3708 4932 χαίρειν
3751 4869 3876 4921 τοίς

2251 5103 2555 5230 μοχάιὶξαῇν
2587 5101 2694 5154 ἀλλ’
2731 5119 2802 5159 ex
2831 5103 3076 5160 duobus
3111 5119 3258 5161 mss.
3293 5104 3488 5162 Prima
3537 5121 3656 5162 vox
3689 5107 3884 5167 deest

2251 5191 2310 5230 in
2341 5192 2372 5230 e
2422 5193 2436 5230 ι
2469 5191 2534 5230 is.

2250 5191 2310 5232 m
2341 5183 2534 5232 editis.

2249 5317 2260 5328 .
2320 5249 2434 5372 (‘23.;
2463 5252 2590 5328 ςΑπὸ
2627 5255 2782 5300 Θεοῦ.
2815 5247 2907 5302 Sic
2947 5245 3069 5303 duo
3119 5263 3264 5303 mss.
3299 5250 3468 5305 Deest
3505 5253 3880 5322 praepositio

2249 5333 2304 5372 In
2337 5335 2366 5372 0
2417 5327 2532 5372 lllS.

2245 5327 2304 5372 in
2337 5327 2532 5373 OdlllS.

2321 5392 2432 5463 (23)
2505 5393 2640 5462 Πρὸς
2693 5393 2927 5463 μοναχὸν
2991 5389 3551 5463 ἐκπεσόνταηᾼάᾀὶῐ
3631 5393 3878 5463 Regius

2245 5441 2572 5522 codtlQOS',
2606 5441 2706 5515 sed
2733 5441 2920 5517 ma'nu
2950 5441 3298 5524 recentiore,
3329 5441 3576 5527 15.21;},
3607 5441 3884 5522 A3755".

2243 5531 2505 5609 noctium
2523 5531 2773 5609 Itapsum
2803 5533 3108 5609 Αίεῳιίιρη.
3133 5531 3542 5609 Cod,Colbert.
3566 5538 3672 5590 457
3701 5542 3882 5609 ἒπρός

2243 5597 2486 5656 διάκονον
2515 5597 2818 5676 ἐκπεσόντα,
2848 5603 2950 5660 Ad
2975 5597 3298 5663 diaconum
3327 5605 3591 5676 lapsum.
