4102 6194
192 305 282 363 361
1172 302 1668 362 EPISTOLABUM
1707 299 1994 357 CLASSIS
2028 297 2070 355 Ι.
2112 301 2326 359 EPIST.
2365 304 2541 359 XLIV.

3424 308 3529 362 362

193 429 416 483 ἀσεϐέσιν
471 428 603 499 (24).
664 427 781 481 Ἔτι
829 428 931 501 γὰρ
983 427 1206 481 ἀπιστία
1269 449 1333 502 με
1377 433 1631 504 περιέχει,
1685 431 1775 479 καὶ

1889 424 2016 497 piis.
2055 424 2269 481 Adhuc
2317 427 2475 483 enim
2531 426 2877 483 incredulus
2914 444 3071 497 sum,
3102 429 3290 485 necin
3320 433 3531 501 pectus

192 520 278 572 οῦκ
321 518 595 594 ἐπέρχεταί
642 537 743 590 μου
806 517 876 578 εἰς
930 522 1025 575 τὴν
1082 514 1306 591 καρδίαν
1354 522 1413 571 τὸ
1470 518 1773 575 τηλικοῦτον

192 607 427 679 ἀτόπημα
473 612 564 659 καὶ
615 610 672 658 τὸ
717 605 1041 681 ἐπιχείρημα
1091 610 1150 658 τό
1198 612 1331 679 μέγα
1381 607 1406 659 ὃ
1450 606 1695 681 ἔπραξας,
1733 608 1776 657 εἴ

190 716 242 769 γε
275 700 401 748 κατά
448 699 507 748 τό
562 699 862 767 φαινόμενον
904 691 1011 753 ἤδη
1068 700 1230 747 πᾶσιν
1275 697 1439 758 οὕτως
1468 698 1599 767 ἔχει.
1625 703 1774 748 Θαυ-

190 786 330 858 μάξω
369 787 469 856 γὰρ
529 792 637 845 πῶς
697 785 724 841 ἡ
785 786 1015 842 τοσαύτη
1070 789 1228 856 σοφία
1269 786 1552 850 κατεπόθη,
1593 792 1704 845 πῶς
1741 784 1770 840 ἠ

188 877 406 930 τοσαύτη
463 870 702 947 ἀκρίϐεια
749 868 961 930 διελύθη
991 889 1003 901 ·
1059 875 1212 925 πόθεν
1244 875 1273 931 ἡ
1303 877 1533 931 τοσαύτη
1574 870 1774 944 τύφλω-

192 983 268 1025 σις
316 963 644 1037 περιεχύθηο
704 970 830 1032 πῶς,
891 958 1057 1034 μηδὲν
1128 965 1186 1015 τὸ
1258 962 1467 1015 σύνολον
1511 960 1773 1027 ἐννοήσας,

186 1055 422 1110 τοιαύτην
473 1056 563 1103 καὶ
602 1053 864 1109 τοσαύτην
905 1050 1160 1103 ἀπώλειαν
1203 1051 1395 1125 ψυχῶν
1436 1052 1684 1126 εἰργάσω.
1716 1050 1777 1102 Εἰ

184 1145 276 1215 γὰρ
322 1140 506 1202 ἀληθὲς
544 1146 719 1209 τοῦτο,
751 1136 1138 1214 παραδέδωκας
1176 1142 1286 1213 (25)
1316 1146 1407 1194 καὶ
1437 1146 1530 1199 τήν
1582 1146 1775 1193 σαυτοῦ

186 1231 365 1303 ψυχὴν
430 1239 503 1302 τῷ
561 1228 732 1303 βυθῷ,
780 1235 871 1283 καὶ
922 1231 1126 1283 πάντων
1179 1239 1277 1282 τῶν
1343 1229 1630 1283 ἀκουόντων
1680 1233 1776 1288 τὴν

180 1318 411 1372 ἀσέϐειαν
477 1323 674 1377 ταύτην
739 1322 829 1371 τόν
883 1323 1029 1372 τόνον
1082 1319 1396 1393 παρέλυσας.
1439 1324 1544 1378 Τὴν
1600 1323 1776 1372 πίστιν

181 1410 471 1471 ἑθέτησας·
539 1417 633 1461 τοῦ
692 1406 885 1480 ἀγῶνος
933 1416 1023 1461 τοῦ
1080 1408 1240 1462 καλοῦ
1298 1410 1634 1482 ἠστόχησας.
1690 1410 1777 1460 Διό

181 1496 311 1569 ἀλγῶ
363 1501 449 1551 ἐπὶ
501 1502 609 1555 σοί.
658 1504 817 1559 Ποίος
857 1500 958 1571 γὰρ
990 1498 1144 1573 ἱερεὺς
1174 1496 1374 1550 ἀκούων
1403 1499 1517 1570 (26)
1543 1497 1602 1550 οὐ
1645 1498 1777 1570 θρη-

177 1592 355 1653 viast;
437 1594 582 1648 ποῖος
640 1586 1083 1649 ἐκκλησιαστικός
1152 1587 1212 1638 οῦ
1288 1592 1566 1655 κόπτεται;
1635 1594 1779 1647 ποῖος

176 1675 347 1738 λαῐκὸς
388 1675 450 1728 οῦ
512 1676 913 1750 σκυθρωπάζει;
968 1682 1111 1737 ποῖος
1168 1674 1407 1739 ἀσκητὴς
1460 1676 1519 1728 οῦ
1566 1677 1776 1743 πενθεῖ;

1882 530 2089 570 meum
2127 514 2307 572 intrat
2355 520 2589 573 tantum
2617 516 2788 573 nefas
2836 533 2906 573 ac
2953 533 3246 587 magnum
3273 518 3529 589 facinus,

1882 604 2049 676 quod
2073 604 2365 661 admisisti
2400 626 2411 663 :
2446 608 2497 661 si
2542 606 2790 678 quidem
2826 623 2943 671 res,
2993 608 3215 679 utijam
3244 608 3529 665 omnibus

1882 695 2203 751 manifesta
2230 701 2337 762 est,
2395 697 2478 753 ita
2504 712 2636 751 sese
2666 696 2868 752 habet.
2898 697 3169 753 Admiror
3188 699 3347 754 enim
3379 714 3531 771 quo-

1883 784 2069 840 modo
2118 785 2411 856 sapientia
2448 789 2613 841 tanta
2634 784 2924 857 absorpta
2946 788 3039 855 sit,
3066 788 3377 858 quomodo
3404 794 3533 844 tam

1884 878 2167 928 accurata
2214 874 2452 929 vivendi
2499 876 2653 930 ratio
2702 874 3019 938 dissoluta;
3085 877 3243 930 unde
3277 878 3531 933 circum-

1882 960 2021 1016 fusa
2058 960 2232 1019 fuerit
2271 963 2507 1019 caecitas
2538 968 2731 1032 tanta;
2763 963 3074 1035 quomodo
3112 964 3259 1019 nihil
3288 981 3536 1037 prorsus

1884 1050 2295 1121 considerans,
2342 1053 2524 1109 talem
2575 1069 2646 1109 ac
2698 1058 2928 1109 tantam
2961 1054 3305 1109 animarum
3342 1055 3537 1127 perni-

1883 1139 2037 1195 ciem
2094 1140 2422 1199 induxeris.
2478 1142 2543 1198 Id
2599 1142 2759 1198 enim
2785 1142 2834 1197 si
2871 1159 3081 1199 verum
3103 1148 3211 1209 est,
3243 1143 3539 1200 tradidisti

1885 1233 1943 1285 et
1986 1234 2151 1285 tuam
2216 1230 2404 1302 ipsius
2454 1232 2723 1287 animam
2776 1231 3085 1303 barathro,
3134 1236 3190 1288 et
3236 1234 3534 1302 omnium,
3592 1242 3603 1247 ’

1885 1317 1990 1391 qui
2039 1318 2409 1391 impietatem
2467 1320 2625 1376 hanc
2663 1320 2941 1386 audiunt,
2994 1320 3183 1376 robur
3211 1321 3535 1377 exsolvisti.

1886 1408 2120 1462 lrritam
2149 1407 2339 1464 fecisti
2369 1408 2583 1478 fidem;
2618 1409 2913 1465 aberrasti
2946 1412 3324 1465 acertamine
3349 1410 3534 1467 bono.

1887 1496 2268 1568 Quapropter
2293 1496 2469 1553 doleo
2491 1502 2594 1554 tua
2615 1514 2823 1554 causa.
2875 1497 3016 1563 Quis
3051 1498 3210 1553 enim
3233 1498 3539 1566 sacerdos,

1886 1585 1991 1641 ubi
2017 1586 2291 1653 audierit,
2325 1593 2426 1644 tua
2475 1604 2660 1644 causa
2698 1603 2821 1643 non
2874 1587 3342 1644 lamentabitur?
3401 1588 3539 1661 quis

1888 1676 2324 1733 ecclesiasticus
2392 1693 2517 1733 non
2581 1677 2853 1750 plangit?
2888 1679 3026 1750 quis
3086 1677 3276 1733 laicus
3306 1678 3541 1735 tristitia

173 1768 328 1837 Τάχα
390 1771 483 1818 καὶ
536 1766 563 1817 6
612 1765 758 1827 ἣλιος
814 1764 1097 1818 ἕσκότασεν
1140 1765 1224 1819 ἐπὶ
1279 1774 1352 1838 τῷ
1401 1773 1475 1836 σῷ
1518 1771 1777 1837 πτώματι,

1889 1780 2012 1821 non
2041 1765 2338 1821 afficitur?
2381 1767 2517 1838 quis
2572 1766 2910 1822 monachus
2931 1783 3053 1822 non
3086 1766 3339 1824 maeret?
3374 1770 3542 1824 Forte

172 1860 260 1906 καὶ
318 1857 373 1906 αἱ
424 1851 677 1927 δυνὰμεις
729 1863 831 1907 τῶν
889 1855 1114 1929 οὐρανῶν
1155 1855 1261 1927 (27)
1306 1853 1661 1913 ἔσαλεύθησαν
1700 1856 1783 1907 ἐπὶ

170 1951 230 2015 τῇ
278 1951 345 2015 σῇ
402 1943 653 2016 ἀπωλείᾳ.
714 1940 1046 2017 Ἐδοίκρυσαν
1099 1949 1189 1997 καὶ
1228 1946 1277 1996 οἱ
1306 1942 1619 1997 ἀναίσθπτοι
1647 1942 1785 1996 λίθοι

180 2031 265 2083 ἐπὶ
304 2040 367 2105 τῇ
555 2038 755 2107 μανία·
811 2032 1067 2086 ἔκλαυσαν
1118 2030 1177 2086 δὲ
1232 2038 1321 2086 καὶ
1364 2034 1414 2086 οἱ
1461 2032 1642 2107 ἐχθροὶ
1691 2030 1785 2086 διὰ

166 2126 260 2179 τὴν
320 2121 611 2196 ὑπερϐολὴν
668 2130 758 2183 τῆς
798 2121 1013 2195 ἀνομίας
1055 2142 1172 2178 σου.
1226 2122 1299 2175 Ὠ
1345 2122 1537 2185 πολλῆς
1590 2127 1781 2195 πωρώ-

168 2229 302 2272 σεως
331 2211 488 2283 (28Η
524 2214 565 2261 ὦ
597 2208 775 2272 δεινῆς
825 2211 1125 2284 ὠμότητοςῐ
1178 2212 1254 2264 Οῦ
1306 2215 1433 2265 Θεὸν
1483 2210 1741 2284 ἐφοϐήθης
1765 2250 1777 2262 .

165 2298 260 2350 οὐκ
356 2298 668 2373 ἀνθρώπους
742 2296 1015 2373 ᾖδέσθηςο
1082 2300 1140 2353 οῦ
1209 2300 1384 2373 φίλους
1459 2299 1776 2375 ἐνετράπης·

168 2386 278 2440 ἀλλ’
314 2390 449 2461 ὁμοῦ
480 2391 652 2441 πάντα
689 2388 1020 2462 ἐναυάγησας
1045 2410 1057 2423 ο
1110 2391 1239 2462 ὁμοῦ
1275 2393 1445 2442 πάντα
1490 2388 1777 2452 ἐσυλήθης.

165 2482 253 2530 Διὸ
314 2478 474 2530 πάλιν
524 2477 664 2549 ἀλγῶ
718 2477 802 2531 ἐπὶ
863 2484 967 2548 σοὶ,
1021 2478 1185 2531 ἄθλιε·
1238 2478 1297 2530 Ὀ
1347 2486 1439 2539 τῆς
1505 2477 1782 2551 βασιλείας

158 2574 296 2619 πᾶσι
351 2571 442 2619 τὸν
489 2572 634 2619 τόνον
688 2565 1043 2639 ἀπαγγέλλων,
1084 2576 1180 2629 τῆς
1208 2566 1483 2640 βασιλείας
1522 2566 1776 2631 ἐξέπεσες.

156 2656 214 2707 Ὀ
255 2665 363 2717 τῆς
426 2652 784 2718 διδασκαλίας
835 2660 922 2708 τόν
983 2655 1136 2729 φόϐον
1187 2663 1348 2709 πᾶσιν
1397 2655 1640 2729 ἐμποιῶν,
1686 2656 1780 2709 οῦκ

158 2748 331 2818 ἔσχες
392 2744 551 2818 φόϐον
591 2753 727 2798 Θεοῦ
785 2744 1028 2799 ἀπέναντι
1072 2754 1170 2798 τῶν
1228 2744 1500 2819 ὀφθαλμῶν
1551 2765 1667 2798 σου·
1721 2745 1779 2798 Ὀ

159 2835 475 2907 ἁγιωσύνην
523 2837 828 2909 κηρύσσων,
884 2833 1065 2907 ἐναγὴς
1105 2836 1347 2909 εὑρίσκῃ.
1384 2834 1443 2887 Ὁ
1496 2833 1580 2888 ἐπὶ
1623 2833 1780 2894 ἀκτη-

157 2928 367 2998 μοσύνη
407 2928 781 2997 σεμνυνόμενος
820 2926 956 2996 (29),
999 2924 1419 2998 συλοχρηματῶν
1476 2923 1778 2999 ἐφευρίσκη.

156 3022 214 3067 '0
279 3020 379 3073 τὴν
428 3021 525 3066 τοῦ
580 3022 714 3067 Θεοῦ
757 3012 971 3067 κόλασιν
1030 3010 1449 3087 ἐπιδεικνύμενος
1524 3010 1617 3067 διὰ
1688 3022 1780 3075 τῆς

158 3107 502 3178 iamiam.

157 3200 283 3256 Πῶς
371 3212 431 3245 σε
510 3194 795 3268 Θρηνήσω;
876 3201 988 3255 πῶς
1043 3191 1258 3263 ἀλγήσω
1322 3190 1406 3244 ἐπὶ
1474 3196 1589 3259 σοί;
1667 3199 1780 3252 Πῶς

156 3282 404 3346 ἐξέπεσεν
464 3284 491 3333 ό
558 3281 821 3357 ἑωσφόρος
879 3283 904 3333 ό
965 3283 1103 3355 πρωῒ
1157 3280 1271 3353 (30)
1330 3278 1630 3346 ἀνατέλλων,
1690 3285 1780 3334 καὶ

160 3371 445 3447 συνετρίϐη
497 3370 583 3424 ἐπὶ
641 3380 735 3432 τῆς
791 3379 927 3443 75;;
990 3373 1191 3432 Παντὸς
1244 3367 1517 3431 ἀκούοντος
1577 3371 1780 3442 ἠχὴσει

157 3465 226 3514 τὰ
311 3460 588 3535 ἀμφότερα
649 3458 779 3513 ὦτα.
848 3467 969 3521 Πῶς
1030 3462 1056 3511 6
1128 3459 1435 3532 Ναζιραῖος,
1500 3460 1526 3511 6
1588 3458 1779 3531 ἐκλάμ-

155 3571 273 3603 πων
332 3553 459 3625 ὑπὲρ
517 3554 774 3626 χρυσίον,
836 3548 1121 3602 ἔσκότασεν
1180 3550 1306 3624 ὑπὲρ
1349 3547 1616 3615 ἀσϐόλην;
1666 3550 1780 3610 υἱός

158 3644 305 3692 Σιὼν
362 3642 389 3690 ό
435 3644 630 3713 τίμιος,
680 3647 792 3701 πῶς
837 3637 1032 3710 ἐγένετο
1066 3645 1249 3700 σκεῦος
1294 3640 1610 3712 ἄχρηστον;
1642 3638 1773 3696 Οὗή

159 3735 361 3801 μνήμη
416 3737 512 3781 τῶν
570 3731 718 3781 θείων
766 3734 980 3801 Γραφῶν
1029 3730 1130 3781 ὑπὸ
1172 3729 1377 3781 πάντων
1407 3726 1650 3795 ἐλαλεῖτο,
1685 3732 1781 3785 σή-

158 3837 336 3892 μερον
377 3816 609 3869 ἀπώλετο
649 3821 709 3870 τὸ
756 3822 1089 3890 μνημόσυνον
1121 3817 1281 3870 αὐτοῦ
1328 3817 1438 3889 μετ’
1489 3821 1657 3889 ἤχου.
1718 3815 1777 3868 ⁸0

160 3907 384 3970 ὀξύ-ρους
443 3906 599 3970 ὀξέως
674 3906 926 3959 ἀπώλετο.
998 3906 1058 3959 ⁸0
1126 3906 1373 3973 πολύνους
1453 3903 1777 3960 Μλὺπλοκον

884 3998 950 4049 Οἱ
999 3999 1100 4069 γὰρ
1159 3995 1471 4068 ὠφελημένοι
1535 3996 1635 4047 ὑπὸ
1687 4003 1778 4056 τῆς

159 4096 263 4149 σῆς
320 4083 687 4148 διδασκαλίας
738 4085 1030 4144 ἐϐλάϐησαν
1089 4088 1190 4138 ὑπὸ
1240 4094 1329 4146 τῆς
1377 4093 1475 4145 σῆς
1504 4083 1774 4145 ἀπωλείας.

158 4179 225 4227 Οἱ
279 4178 378 4236 τὰς
428 4174 591 4237 ἀκοὰς
645 4177 1011 4251 παρατιθέντες
1050 4174 1134 4227 ἐπὶ
1184 4181 1247 4247 τῇ
1419 4172 1599 4246 ὁμιλίᾳ
1627 4176 1780 4249 ἔφρα-

158 3996 437 4068 ἁμαρτίαν
506 3996 807 4070 εἰργάσατο.

156 4266 250 4329 ξαν
311 4268 385 4319 τά
429 4262 543 4318 ὦτα
601 4267 687 4320 ἐπὶ
739 4275 801 4339 τῇ
863 4275 929 4339 σῇ
978 4265 1223 4338 ἀπωλείᾳ.
1272 4265 1402 4337 Ἐγὼ
1444 4262 1522 4337 δὲ,
1581 4267 1779 4340 θρηνῶν

152 4364 244 4409 καὶ
311 4357 719 4429 σκυθρωπάζων
779 4357 914 4427 (31),
986 4361 1076 4408 καὶ
1138 4359 1440 4429 παρειμένος
1506 4357 1777 4438 πάντοθεν,

150 4452 245 4498 καὶ
304 4442 517 4498 σποδὸν
580 4447 700 4497 ὡσεὶ
752 4447 907 4518 ἄρτον
962 4442 1170 4513 ἐσθίων,
1230 4449 1320 4496 καὶ
1381 4445 1573 4497 σάκκον
1601 4443 1684 4496 ἐπὶ
1713 4452 1775 4517 τῇ
1810 4485 1853 4539 D

152 4536 345 4608 πληγῇ
398 4554 507 4608 μου
562 4534 859 4609 ἑπιῤῥίψας,
922 4536 1142 4587 τοιαῦτά
1192 4553 1275 4587 σοι
1330 4533 1564 4607 ἐγκώμια
1586 4530 1781 4610 διεξέρ-

148 4645 337 4697 χομαι
368 4642 383 4653 ·
445 4623 642 4696 μᾶλλον
697 4620 757 4677 δε
806 4623 1111 4697 ἐπιταφίους
1182 4622 1365 4695 λόγους
1445 4625 1776 4695 συντάσσων,

151 4713 541 4789 ἀπαράκλητος
612 4717 703 4765 καὶ
774 4711 1122 4789 ἀθεράπευτος
1179 4708 1427 4765 διατελῶ·
1476 4712 1557 4764 ὅτι
1611 4713 1779 4785 παροί-

150 4804 348 4864 κλησις
384 4808 682 4877 κέκρυπται
731 4800 830 4855 ἀπὸ
871 4811 971 4855 τῶν
1030 4800 1305 4875 ὀφθαλμῶν
1357 4820 1481 4874 μου,
1535 4804 1626 4853 καὶ
1682 4804 1777 4854 οὐκ

382 4934 512 4987 Τοῖς
550 4925 809 4981 ἀσεϐέσιν.
842 4926 994 4983 Editi
1037 4926 1087 4979 ἐν
1136 4933 1261 4999 τοῖς.
1299 4924 1414 4999 Sed
1460 4924 1777 4999 haacpraa-

158 4996 682 5072 pusitiopdeestin
706 4999 885 5072 Coisl.
949 4997 1219 5055 secundo
1262 5001 1317 5053 et
1344 4996 1407 5052 in
1435 4996 1711 5069 pluribus
1740 5012 1778 5054 a

159 5070 536 5128 Combeﬁsio
566 5070 780 5127 citatis.

225 5148 341 5211 (25)
381 5138 829 5215 Ποιραιῗέὸωκας.Δ
854 5144 983 5215 Duq
1013 5156 1166 5215 mss.
1206 5135 1538 5215 παρέδῶκας,

228 5210 348 5283 (26)
389 5210 656 5267 Ἀκούων.
684 5212 831 5268 Editi
864 5212 1097 5268 addunt
1131 5210 1214 5283 ἐπί
1256 5210 1360 5283 σοί,
1390 5211 1500 5283 sed
1528 5212 1653 5266 haec
1681 5210 1782 5283 de-

166 5292 300 5341 sunt
329 5281 397 5342 in
427 5288 583 5355 Reg.
620 5284 891 5340 secundo
918 5289 974 5339 et
1004 5282 1178 5340 Coisl.
1220 5288 1277 5355 et
1301 5281 1433 5337 aliis
1475 5299 1510 5339 a
1532 5282 1780 5340 Combe-

166 5356 290 5413 ﬁsio
320 5353 554 5421 citatis,
586 5372 659 5412 ac
689 5355 905 5412 melius
929 5356 1207 5410 videntur
1236 5353 1471 5409 deesse.

238 5434 346 5497 (27)
385 5436 512 5481 Τῶν
543 5428 798 5501 οὐρανῶν.
838 5427 930 5484 Sic
969 5429 1115 5496 Reg.
1172 5424 1346 5481 Coisl.
1379 5430 1434 5481 et
1460 5427 1595 5482 Maz.
1632 5423 1784 5481 Editi

176 5508 247 5549 τε)
274 5501 511 5575 ούρανοῦ
524 5542 539 5554 .

231 5566 345 5643 (ξε)
374 5576 709 5648 Πωρὼσεως.
740 5569 834 5627 Sic
862 5567 1040 5625 editio
1063 5566 1416 5624 Basileensis
1440 5571 1497 5626 et
1528 5571 1649 5626 tres
1672 5582 1781 5625 no-

528 5672 801 5741 Puaon,
843 5670 945 5726 Gn.
986 5664 1192 5723 XXXII.

1889 1854 2071 1911 etiam
2097 1854 2295 1926 sollob
2326 1860 2495 1911 tuum
2526 1855 2767 1928 lapsum
2816 1856 3177 1913 obscuratus
3209 1861 3317 1927 est,
3348 1863 3404 1914 et
3424 1858 3542 1915 vir-

1890 1946 2046 1999 tutes
2096 1942 2385 1999 caelorum
2417 1949 2737 1999 commotae
2794 1948 2936 2000 sunt
2964 1944 3043 2000 ob
3070 1946 3318 2001 exitium
3348 1950 3540 2002 tuum.

1892 2032 2045 2098 Quin
2071 2037 2129 2089 et
2167 2032 2401 2106 lapides
2462 2049 2674 2089 sensus
2721 2038 2995 2106 expertes
3044 2034 3346 2091 insaniam
3376 2040 3543 2092 tuam

1890 2122 2260 2179 deﬂeverunt
2290 2141 2304 2179 :
2337 2123 2647 2196 ploravere
2681 2140 2926 2197 quoque
2965 2123 3192 2179 inimici
3220 2124 3299 2180 ob
3322 2125 3544 2198 iniqui-

1890 2212 2028 2268 tatis
2052 2216 2169 2268 tuae
2214 2212 2715 2282 magnitudinem.
2776 2214 2819 2269 Ο
2851 2228 3141 2283 magnam
3173 2215 3501 2270 caecitatem
3527 2215 3540 2271 ι

1892 2303 1935 2359 Ο
1958 2301 2174 2357 miram
2203 2302 2616 2358 crudelitatem
2647 2302 2659 2357 !
2694 2305 2883 2358 Deum
2938 2318 3062 2358 non
3109 2302 3392 2369 timuisti;
3437 2303 3546 2361 ho-

1890 2390 2085 2446 mines
2110 2392 2396 2448 reveritus
2426 2408 2551 2447 non
2572 2407 2635 2447 es
2662 2409 2675 2459 ;
2733 2408 2854 2448 non
2906 2396 2960 2448 te
2983 2393 3165 2448 amici
3186 2397 3542 2461 moverunt;

1890 2480 1999 2536 sed
2022 2481 2203 2537 simul
2221 2482 2497 2537 omnium
2525 2481 2907 2551 naufragium
2935 2481 3124 2538 fecisti
3157 2500 3170 2550 ;
3217 2482 3397 2538 simul
3412 2499 3547 2556 spo-

1887 2568 2066 2625 liatus
2118 2585 2181 2625 es
2235 2570 2545 2627 omnibus.
2594 2570 2888 2635 Qu0circa
2934 2571 3151 2626 iterum
3201 2587 3389 2628 causa
3417 2577 3543 2640 tua,

1889 2658 2089 2724 miser,
2125 2656 2321 2713 doleo.
2355 2658 2466 2723 Qui
2495 2658 2663 2728 regni
2693 2657 3039 2715 violentiam
3072 2664 3254 2731 atque
3294 2659 3547 2716 difﬁcul-

1888 2750 2072 2803 tatem
2104 2746 2388 2802 omnibus
2418 2747 2851 2815 annuntiabas,
2892 2762 3079 2817 regno
3118 2748 3411 2804 excidisti.
3434 2747 3546 2814 Qui

1888 2834 2176 2891 doctrinae
2224 2840 2454 2891 metum
2505 2836 2790 2892 omnibus
2836 2835 3194 2906 incutiebas,
3272 2837 3372 2893 Dei
3418 2852 3545 2893 non

1887 2924 2155 2981 habuisti
2195 2926 2471 2981 timorem
2520 2925 2600 2981 ob
2637 2924 2843 2981 oculos
2874 2930 3029 2982 tuos.
3079 2926 3190 2990 Qui
3221 2926 3545 2982 sanctimo-

1888 3014 2055 3070 niam
2085 3013 2488 3087 przedicabas,
2511 3013 2796 3070 scelestus
2824 3013 3311 3086 deprehenderis.
3337 3013 3447 3080 Qui
3468 3014 3543 3070 de

585 3104 741 3166 αὐτὸς
818 3103 1032 3156 κόλασιν
1114 3111 1316 3174 σεαυτῷ
1408 3103 1776 3177 προεξένησας.

1889 3103 3023 3178 paupertatefgloriabare,pecuniarum
3036 3104 3314 3160 inventus
3331 3120 3393 3160 es
3408 3119 3545 3177 rap-

1889 3199 2003 3252 tor.
2063 3193 2177 3260 Qui
2218 3194 2541 3250 imminens
2575 3209 2611 3249 a
2660 3196 2778 3249 Deo
2810 3193 3173 3266 supplicium
3195 3193 3541 3251 disserendo

1889 3283 2278 3357 ostendebas,
2304 3283 2408 3339 tibi
2428 3283 2557 3355 ipse
2587 3283 2947 3340 accersivisti
2976 3284 3360 3357 supplicium.
3391 3285 3547 3349 Quo-

1888 3373 2073 3429 modo
2099 3376 2155 3428 te
2173 3372 2435 3442 lugebo?
2451 3372 2762 3445 quomodo
2784 3376 2887 3428 tua
2900 3388 3087 3430 causa
3106 3373 3326 3429 dolebo
3345 3372 3371 3426 ?
3394 3390 3544 3446 quo-

1888 3462 2074 3518 modo
2087 3461 2524 3519 exciditlucifer
2538 3462 2642 3534 qui
2656 3477 2836 3518 mane
2848 3461 3172 3532 oriebatur,
3186 3463 3543 3520 etcontritus

1888 3556 1980 3607 est
1995 3551 2056 3607 in
2078 3552 2273 3620 terra?
2288 3550 2539 3606 Cuilibet
2553 3551 2825 3607 audienti
2854 3552 3015 3607 auris
3030 3556 3283 3624 utraque
3307 3552 3540 3621 tinniet,

1888 3640 2204 3706 Quomodo
2236 3642 2553 3696 Nazaraaus
2568 3655 2717 3696 auro
2737 3638 3129 3711 splendidior,
3154 3640 3400 3711 fuligine
3422 3640 3540 3696 fac-

1886 3732 1982 3785 tus
2011 3733 2102 3784 est
2116 3727 2437 3784 obcurior?
2460 3726 2841 3783 venerandus
2858 3727 3017 3782 ﬁlius
3048 3727 3212 3794 Sion,
3227 3727 3539 3799 quomodo

1884 3816 2080 3874 factus
2112 3833 2174 3873 es
2204 3832 2314 3872 vas
2354 3816 2607 3873 inutile?
2660 3816 2841 3888 Cujus
2890 3816 2953 3872 in
2992 3816 3177 3872 sacris
3224 3816 3540 3888 Scripturis

1883 3906 2152 3980 legendis
2180 3904 2626 3978 praedicabatur
2649 3905 2944 3961 memoria
2975 3905 3053 3961 ab
3080 3904 3537 3976 omnibus,ejus

1884 3996 2064 4054 hodie
2085 3995 2380 4052 memoria
2410 4012 2548 4051 cum
2580 3995 2781 4051 sonitu
2801 3994 2992 4067 periit.
3018 3995 3127 4061 Qui
3155 4000 3281 4051 erat
3296 3995 3540 4065 ingenio

1886 4087 2007 4144 acri
2030 4090 2086 4142 et
2120 4083 2334 4154 veloci,
2352 4084 2629 4140 velociter
2644 4084 2862 4140 interiit
2881 4102 2893 4153 ;
2917 4084 3204 4157 praeditus
3219 4083 3543 4156 prudentia

1886 4174 2216 4248 multiplici,
2268 4172 2586 4246 multiplex
2626 4178 2943 4246 peccatum
2978 4173 3362 4246 perpetravit.
3398 4173 3538 4239 Qui-

1886 4266 2003 4322 bus
2056 4266 2219 4321 enim
2264 4262 2490 4336 profuit
2526 4262 2803 4319 doctrina
2833 4267 2959 4332 tua,
3019 4263 3062 4317 ii
3114 4278 3189 4318 ex
3219 4267 3320 4318 tuo
3360 4262 3539 4318 exitio

1888 4355 2182 4411 damnum
2209 4367 2514 4423 accepere.
2539 4352 2648 4417 Qui
2673 4368 2848 4407 aures
2875 4351 3188 4424 colloquiis
3218 4351 3337 4406 tuis
3360 4349 3539 4406 adhi-

1886 4442 2165 4511 buerunt,
2197 4443 2239 4510 1
2253 4441 2366 4511 32
2392 4439 2744 4497 obturavere
2763 4440 3027 4512 pernicie
3049 4446 3152 4496 tua
3173 4438 3397 4496 audita.
3419 4442 3539 4508 Ego

1886 4548 2030 4589 vero
2054 4531 2394 4587 lamentans
2413 4528 2767 4601 tristemque
2788 4528 3021 4585 vultum
3048 4545 3171 4601 prae
3203 4545 3299 4584 me
3322 4529 3539 4595 ferens,

1887 4627 1944 4679 et
1974 4619 2281 4677 undelibet
2336 4617 2667 4689 exsolutus,
2725 4621 2783 4674 et
2834 4617 3096 4674 cinerem
3139 4618 3298 4673 velut
3317 4633 3542 4690 panem

1886 4709 2234 4777 comedens,
2266 4722 2443 4764 sacco
2495 4706 2558 4762 in
2597 4706 2843 4778 plagam
2894 4723 3097 4763 meam
3141 4706 3384 4777 injecto,
3433 4705 3544 4762 tibi

1887 4796 2185 4872 ejusmodi
2203 4794 2508 4868 praeconia
2527 4810 2833 4861 recenseo,
2849 4795 2971 4851 imo
2989 4794 3187 4868 potius
3209 4795 3544 4851 orationem

1883 4923 1988 4980 stri
2017 4920 2254 4978 codices
2285 4922 2341 4975 et
2370 4917 2469 4975 alii
2498 4935 2535 4976 a
2562 4918 2921 4976 Combeﬁsio
2953 4918 3136 4976 citati.
3167 4918 3358 4975 Editio
3388 4917 3547 4976 Pari-

1886 4994 2100 5052 siensis
2132 4996 2434 5065 πηρώσεως.

1960 5067 2067 5138 (29)
2109 5061 2495 5138 Σεμνυνόμενος.
2531 5061 2622 5117 Sic
2648 5078 2799 5138 mss.
2825 5062 2975 5138 Editi
3004 5066 3328 5138 σεμνόμενοςτ

1963 5131 2283 5209 (30)-Πρωῖ.
2310 5131 2401 5189 Sic
2420 5133 2553 5209 duo
2574 5150 2719 5188 mss.
2745 5133 2911 5209 _E(_liti
2958 5131 3170 5209 ﬁpo'i‘r,v._:
3194 5131 3380 5209 Ifaulo
3410 5133 3552 5209 post

1889 5200 2204 5277 ex'iisdem
2232 5221 2378 5260 mss.
2420 5203 2677 5275 legimus
2736 5203 2961 5263 ἀσϐόλην
2994 5200 3103 5277 pro
3131 5203 3352 5257 ἄσϐολον
3382 5200 3551 5273 quod

1891 5284 2017 5335 erat
2047 5278 2107 5333 in
2140 5276 2331 5331 editis.

1965 5350 2079 5423 (βε)
2120 5347 2537 5423 Σκυθρωπάζων.
2570 5349 2709 5423 Post
2737 5347 2895 5404 hanc
2924 5362 3137 5423 vocem
3165 5344 3398 5423 addunt
3425 5342 3550 5423 duo

1892 5414 2131 5477 codices
2200 5414 2290 5493 ad}.
2366 5421 2765 5493 ⁸παριστοίλιλιενος
2859 5420 3187 5493 σκυθρωπός.
3258 5414 3551 5493 Observat

1894 5493 2076 5549 etiam
2125 5488 2525 5547 Combeﬁsius
2580 5488 2819 5548 codices
2874 5488 3014 5546 suos
3044 5488 3267 5545 habere
3295 5488 3556 5562 παριστά·

1893 5583 2063 5639 μενος.

3146 5660 3232 5714 12.
