4070 6194
582 262 683 316 363

578 473 827 544 lamque
852 469 1153 526 medelam
1182 467 1430 524 admitto
1454 485 1466 536 ;
1497 468 1721 539 quippe
1762 465 2117 522 abscondita
2145 468 2233 520 est

580 562 660 618 ab
688 561 877 617 oculis
922 558 1070 615 meis
1102 556 1454 621 consolatio,
1504 572 1615 611 nec
1645 561 1733 611 est
1757 555 2091 611 fomentum
2123 569 2235 626 ap-

1953 252 2013 309 S.
2054 251 2301 307 BASILII
2342 248 2562 308 MAGNI

580 381 896 439 funebrem
922 376 1803 451 componens,consolationem
1833 374 2207 445 nullam,nul

2339 380 2453 429 ἔστι
2515 374 2767 449 μάλαγμα
2816 373 3086 442 ἐπιθεῖναι,

3166 378 3282 429 οὔτε
3351 368 3549 446 ἴλαιον,
3603 381 3719 431 οὔτε
3774 399 3947 433 κατα-

2344 461 2597 537 δέσμους.
2654 471 2802 517 Ἐστι
2858 467 2960 537 γὰρ
3018 466 3048 522 ἡ
3102 464 3275 537 πληγή
3331 485 3431 538 μου
3489 463 3743 544 ὀδυνηρά.
3785 472 3949 522 Πόθεν

2350 552 2639 626 ἰαθήσομαι
2665 570 2678 621 ;

579 667 826 725 ponere,
851 664 1045 721 neque
1074 647 1295 715 oleum,
1328 661 1522 717 neque
1554 644 1906 717 ligamenta.
1946 647 2045 699 Est
2073 644 2234 698 enim
2262 640 2443 713 plaga
2472 658 2601 697 mea
2626 642 2851 699 doloris
2877 642 3075 716 plena.
3100 642 3267 699 Unde
3298 642 3601 701 sanabor?

649 762 703 813 2.
747 760 804 813 Si
836 772 958 828 qua
1005 754 1182 823 igitur
1238 752 1438 807 adhuc
1470 768 1608 824 spes
1640 751 1745 807 tibi
1772 756 2045 822 superest
2074 748 2232 805 salu-

580 848 681 906 tis:
708 847 754 902 si
784 860 908 917 qua
937 844 1154 913 exigua
1204 842 1303 897 Dei
1335 840 1689 906 recordatio,
1722 842 1771 895 si
1800 840 1966 912 quod
1996 838 2233 894 deside-

577 936 733 991 rium
764 934 1101 988 futurorum
1124 930 1509 991 bonorum,si
1529 929 1666 1002 quis
1694 934 1885 984 metus
1915 927 2235 1000 supplicio-

577 1041 733 1089 rum,
768 1038 904 1093 qure
937 1026 1170 1075 servata
1188 1025 1326 1074 sunt
1351 1035 1472 1074 non
1492 1016 2233 1090 pcenitentibus,resipisce

577 1111 857 1167 velociter
890 1128 901 1164 ε
932 1109 1132 1165 attolle
1164 1108 1369 1163 oculos
1422 1112 1557 1162 tuos
1586 1108 1646 1162 in
1679 1107 1918 1171 caelum,
1950 1106 2231 1175 intellige,

575 1203 801 1258 desiste
849 1218 885 1257 a
928 1205 1029 1255 tua
1058 1198 1345 1270 nequitia,
1397 1203 1607 1253 excute
1660 1196 2093 1252 circumfusam
2129 1197 2232 1251 tibi

576 1293 945 1357 ebrietatem,
974 1290 1217 1353 insurge
1238 1288 1299 1341 in
1332 1302 1470 1341 eum
1503 1286 1605 1358 qui
1649 1291 1703 1341 te
1731 1285 2072 1357 prostravit.
2098 1286 2232 1341 For-

574 1383 706 1437 titer
736 1395 953 1435 conare
986 1394 1016 1433 e
1049 1383 1203 1432 terra
1231 1391 1564 1445 resurgere.
1592 1374 1923 1430 Recordare
1953 1374 2097 1429 boni
2129 1390 2234 1447 pa-

575 1470 769 1537 storis,
792 1469 898 1540 qui
922 1480 1293 1538 persequens
1327 1469 1492 1519 eruet
1531 1469 1609 1519 te.
1652 1463 1900 1519 Etiamsi
1930 1463 2232 1534 supersint
2271 1499 2309 1552 Β

573 1575 750 1615 crura
779 1558 920 1625 duo,
946 1560 1048 1612 aut
1069 1554 1348 1611 auriculae
1380 1554 1716 1615 summitas,
1745 1553 1902 1609 resili
1925 1553 2003 1608 ab
2033 1568 2104 1608 eo
2124 1552 2229 1625 qui

572 1654 626 1705 te
658 1646 1007 1703 vulneravit.
1044 1648 1264 1701 Memor
1302 1648 1431 1698 esto
1480 1642 1939 1698 miserationum
1975 1642 2095 1707 Dei,
2123 1642 2225 1714 qui

572 1743 742 1793 curat
771 1736 901 1793 oleo
924 1740 981 1790 et
1008 1734 1170 1789 vino.
1221 1737 1300 1790 Ne
1331 1732 1613 1803 desperes
1656 1731 1931 1787 salutem.
1995 1735 2225 1787 Revoca

570 1828 630 1883 in
662 1825 1018 1881 memoriam
1050 1839 1185 1895 qua:
1204 1822 1424 1894 scripta
1448 1827 1603 1891 sunt,
1632 1837 1851 1892 nempe
1875 1821 2118 1893 lapsum
2138 1838 2223 1877 re-

569 1932 833 1985 surgere,
858 1930 1136 1971 aversum
1170 1912 1519 1975 converti“,
1556 1926 1915 1982 percussum
1937 1911 2152 1976 curari,
2185 1927 2222 1967 a

568 2006 773 2062 bestiis
803 2010 1043 2077 captum
1058 2003 1317 2068 liberari,
1334 2002 1715 2057 conﬁtentem
1729 2016 1851 2055 non
1867 2000 2053 2070 rejici.
2090 2004 2220 2056 Non

566 2096 728 2151 enim
740 2094 865 2150 vult
889 2098 1040 2149 Deus
1057 2097 1310 2147 mortem
1330 2090 1681 2163 peccatoris,
1696 2088 2218 2160 quemadmodum

564 2183 691 2238 vult
719 2181 983 2237 converti
1006 2182 1231 2251 ipsum,
1257 2179 1523 2233 etvivere
1549 2180 1617 2234 εδ.
1650 2181 1729 2232 Ne
1759 2178 2215 2249 contempseris,

562 2271 724 2325 velut
752 2271 809 2324 in
834 2268 1135 2324 malorum
1157 2266 1529 2339 profundum
1557 2265 1942 2337 collapsus”.
1963 2268 2218 2337 Tempus

560 2359 860 2431 patientia:
882 2362 991 2423 est,
1026 2362 1262 2428 tempus
1296 2356 1579 2424 lenitatis,
1614 2360 1849 2426 tempus
1872 2355 2214 2419 curationis,

562 2454 801 2520 tempus
849 2446 1309 2502 emendationis.
1368 2448 1593 2518 Lapsus
1621 2445 1726 2499 es?
1774 2460 2051 2516 exsurge.
2084 2444 2219 2499 Pec-

561 2538 746 2593 casti?
775 2536 1001 2592 desine.
1044 2538 1121 2591 Ne
1179 2538 1298 2589 stes
1331 2534 1390 2589 in
1442 2534 1536 2589 via
1594 2538 1980 2604 peccatorum
2015 2534 2083 2597 ιδ,
2108 2532 2217 2589 sed

558 2627 741 2683 resili.
774 2630 923 2681 Nam
957 2641 1096 2679 cum
1133 2639 1456 2679 conversus
1486 2622 1875 2692 ingemueris,
1934 2627 2073 2677 tunc
2097 2639 2216 2678 ser-

557 2716 798 2771 vabere.
831 2717 929 2770 Est
951 2714 1110 2769 enim
1142 2728 1212 2768 ex
1235 2712 1549 2767 laboribus
1592 2712 1842 2776 sanitas,
1878 2717 1934 2766 et
1956 2711 2118 2767 salus
2144 2728 2216 2768 ex

560 2804 911 2861 sudoribus.
970 2802 1113 2858 Vide
1157 2803 1334 2871 igitur
1364 2817 1438 2857 ne
1469 2802 1639 2871 forte,
1685 2801 1832 2856 dum
1859 2816 2096 2856 servare
2125 2802 2215 2856 vis

554 2910 689 2966 quae
743 2910 880 2949 cum
924 2892 1228 2948 nonnullis
1280 2897 1496 2963 pactus
1555 2908 1640 2956 es,
1694 2890 1842 2946 inita
1889 2907 2028 2946 cum
2096 2894 2213 2947 Deo

553 2989 752 3055 pacta,
785 3000 921 3055 quae
955 2998 1161 3037 coram
1219 2980 1419 3035 multis
1487 2980 1735 3036 testibus
1790 2981 2096 3052 professus
2125 2996 2210 3047 es,

555 3072 1023 3142 transgrediare.
1060 3074 1139 3126 Ne
1177 3070 1355 3140 igitur
1375 3069 1454 3125 ob
1476 3069 1777 3125 humanas
1798 3068 2098 3141 quasdam
2116 3084 2209 3125 ra-

552 3160 972 3217 tiocinationes
1015 3160 1311 3215 cuncteris
1369 3159 1447 3214 ad
1498 3174 1593 3213 me
1629 3159 1847 3213 venire.
1891 3161 2011 3228 Ego
2049 3158 2209 3213 enim

552 3255 861 3321 receptum
912 3254 1221 3305 mortuum
1278 3265 1484 3305 meum
1524 3248 1767 3318 lugebo,
1818 3263 1928 3317 ego
1958 3247 2204 3308 curabo,

551 3354 665 3408 ego
707 3354 913 3393 amare
960 3338 1119 3393 ﬂebo
1178 3354 1360 3411 super
1411 3338 1761 3393 contritione
1815 3336 1950 3391 tiliaa
1974 3338 2209 3407 generis

551 3428 689 3483 mei.
728 3428 1032 3498 Excipient
1080 3432 1133 3481 te
1186 3443 1417 3493 omnes,
1470 3443 1682 3483 omnes
1716 3442 1777 3481 se
1804 3426 1904 3481 tibi
1927 3426 2205 3483 laborum

552 3518 746 3572 socios
778 3516 1129 3585 adjungent.
1185 3518 1265 3569 Ne
1319 3516 1699 3586 despondeas
1733 3515 2004 3571 animum
2041 3532 2053 3569 :
2086 3532 2205 3571 me-

550 3621 683 3660 mor
714 3604 794 3659 sis
823 3603 1057 3658 dierum
1083 3602 1491 3673 antiquorum.
1532 3605 1629 3658 Est
1654 3603 1813 3659 salus
1846 3620 1858 3657 :
1892 3607 1979 3657 est
2004 3619 2204 3658 emen-

548 3694 732 3752 datio.
794 3692 1060 3758 Contide,
1116 3708 1190 3747 ne
1239 3691 1542 3763 desperes.
1603 3695 1732 3747 Non
1785 3698 1875 3748 est
1913 3692 2007 3747 lex
2055 3694 2203 3749 citra

547 3782 1023 3840 misericordiam
1052 3786 1243 3836 morte
1270 3780 1704 3845 condemnans,
1732 3781 1837 3836 sed
1872 3781 2064 3851 gratia
2093 3782 2200 3837 dif-

544 3874 739 3928 ferens
772 3886 1042 3944 pcenam,
1096 3875 1449 3942 exspectans
1494 3870 2001 3926 emendationem.
2044 3875 2199 3927 Non-

545 3960 693 4015 dum
721 3959 977 4015 occlusre
1012 3964 1152 4013 sunt
1187 3960 1372 4025 fores;
1406 3958 1573 4013 audit
1613 3974 1912 4030 sponsus:
1940 3976 2062 4017 non
2093 3960 2197 4016 do-

542 4049 807 4105 minatur
858 4053 1194 4119 peccatum.
1256 4047 1613 4116 Redintegra
1674 4048 1873 4104 denuo
1919 4050 2193 4107 luctam:

544 4154 618 4195 ne
643 4139 913 4207 moreris,
972 4138 1077 4192 sed
1118 4139 1199 4193 tui
1260 4138 1447 4209 ipsius
1497 4144 1554 4193 et
1610 4138 1878 4193 omnium
1920 4146 2194 4196 nostrum

542 4228 823 4284 miserere
847 4228 907 4282 in
936 4227 1167 4283 Christo
1218 4229 1354 4281 Jesu
1401 4227 1657 4283 Domino
1685 4231 1915 4296 nostro,
1948 4228 2041 4283 cui
2074 4229 2196 4300 glo-

539 4318 629 4374 ria
653 4323 709 4373 et
728 4317 1047 4389 imperium
1072 4331 1234 4372 nunc
1260 4321 1317 4373 et
1347 4332 1588 4388 semper
1637 4316 1697 4371 in
1755 4316 1977 4375 saacula
2014 4334 2196 4375 secu-

537 4406 756 4465 lorum.
784 4412 993 4463 Amen.

2414 752 2466 802 2.
2509 752 2569 802 Εἰ
2597 769 2677 809 τις
2707 746 2793 802 οὖν
2833 752 2907 801 ἔτι
2956 748 3097 811 ἐλπὶς
3134 749 3465 802 ὑπολείπεταί
3515 771 3599 803 σοι
3659 759 3945 828 σωτηρίας,

2345 839 2388 888 εἰ
2429 857 2509 898 τις
2566 836 2802 912 βραχεῖα
2842 844 3019 911 μνήμη
3074 843 3192 912 περὶ
3243 842 3328 891 τὸν
3397 842 3545 907 Θεὸν,
3580 844 3624 893 εἴ
3664 861 3746 903 τις
3786 846 3947 905 πόθος

2343 934 2441 976 τῶν
2480 926 2759 998 μελλόντων
2814 926 3040 999 ἀγαθῶν,
3099 931 3141 979 εἶ
3187 947 3268 989 τις
3324 927 3473 1000 φόϐος
3514 938 3614 981 τῶν
3680 933 3947 988 τεθησαυ-

2341 1021 2598 1086 ρισμένων
2676 1016 2932 1069 κολάσεων
3006 1024 3110 1077 τοῖς
3196 1015 3597 1089 ἀμετανοὴτοις.
3680 1020 3947 1093 ἀναίνῃ-,θον

2342 1108 2585 1176 ταχέως’
2646 1109 2831 1180 ἓπαρον
2882 1108 2993 1179 (32)
3046 1111 3167 1167 τοὺς
3225 1107 3515 1180 ὀφθαλμούς
3575 1130 3670 1162 σου
3727 1111 3800 1173 εἰς
3857 1117 3945 1164 τόν

2343 1195 2577 1269 οὐρανόν,
2646 1195 2753 1248 ἐλθὲ
2816 1196 2887 1259 εἰς
2957 1199 3328 1267 συναίσθησιν,
3387 1207 3591 1251 παῦσαι
3663 1199 3764 1252 ἀπὸ
3851 1212 3947 1263 τῆς

2341 1290 2587 1358 πονηρίας
2629 1304 2744 1350 σου,
2784 1284 3066 1338 ἀπόσεισαι
3097 1290 3191 1344 τὴν
3230 1290 3607 1361 περιχυθεῖσαν
3637 1309 3721 1341 σοι
3752 1292 3944 1362 μέθην,

2341 1372 2607 1426 ἐπανάστα
2654 1384 2725 1445 τῷ
2771 1374 3115 1426 καταϐαλόντι
3171 1395 3243 1427 σε.
3303 1375 3559 1447 Ἱσχυσον
3599 1377 3778 1449 ὰγῆς
3808 1379 3946 1433 ἑπα-

2339 1472 2612 1521 ναστῆναι.
2673 1466 2954 1522 Μνὴσθητι
2998 1473 3089 1516 τοῦ
3139 1463 3336 1535 ἀγαθοῦ
3372 1470 3628 1538 ποιμένος,
3672 1472 3750 1519 ὅτι
3779 1489 3946 1522 κατα⁹

2340 1547 2544 1603 διώκων
2598 1551 2839 1614 ἐξελείταί
2918 1571 2993 1606 σε.
3073 1552 3177 1605 Κᾶν
3324 1550 3421 1606 δύο
3472 1555 3648 1617 σκέλη,
3704 1558 3733 1615 ἦ
3786 1557 3947 1619 λοϐὸς

2337 1641 2509 1708 ὠτίου,
2584 1640 2933 1700 ἀποπὴὃησον
3005 1640 3104 1695 ἀπὸ
3168 1652 3260 1695 τοῦ
3344 1651 3795 1717 τραυματίσαντός
3862 1667 3943 1702 σε,

2334 1732 2612 1789 Μνήσθητι
2664 1740 2761 1783 τῶν
2806 1732 3084 1806 οἰκτιρμῶν
3146 1734 3259 1804 (33)
3320 1742 3410 1785 τοῦ
3462 1742 3618 1799 Θεοῦ,
3673 1738 3754 1787 ὅτι
3788 1738 3943 1809 θερα-

2334 1825 2473 1873 πεύει
2519 1820 2671 1893 ἐλαίῳ
2732 1829 2821 1874 καὶ
2869 1826 3009 1894 οἴνῳ.
3068 1828 3151 1880 Μὴ
3200 1822 3489 1901 ἀπελπίσῃς
3519 1830 3610 1882 τὴν
3650 1834 3943 1899 σωτηρίαν.

2334 1910 2578 1963 Ἀνάλαϐε
2624 1917 2718 1969 τὴν
2769 1917 2977 1984 μνήμην
3038 1922 3137 1963 τῶν
3196 1920 3584 1988 γεγραμμένων,
3650 1915 3731 1967 ὁτι
3776 1919 3800 1968 ὁ
3857 1922 3946 1970 πί-

2328 2020 2467 2052 πτων
2516 2000 2814 2069 ἀνίσταται,
2893 2006 2982 2053 καὶ
3030 2004 3055 2052 ὁ
3119 2000 3454 2077 ἀποστρέφων
3513 2003 3856 2078 ἐπιστρέφει⁹
3918 2012 3942 2059 ό

2326 2090 2599 2161 πεπληγὼς
2675 2092 3026 2163 θεραπεύεται,
3092 2092 3117 2141 ὁ
3184 2091 3499 2165 θηριάλωτος
3585 2100 3940 2166 περιγίνεται,

2328 2181 2353 2230 ὁ
2384 2178 2843 2251 ἐξομολογούμενος
2900 2180 2994 2231 οὐκ
3048 2178 3417 2239 ἁποϐάλλεται,
3473 2182 3548 2233 Οὐ
3601 2183 3872 2259 θελειγὰρ
3915 2189 3939 2237 ὸ

2331 2273 2519 2342 Κύριος
2551 2272 2636 2321 τόν
2679 2271 2895 2321 θάνατον
2942 2278 3033 2322 τοῦ
3086 2270 3417 2344 ὁιμαρτωλού¹
3468 2274 3536 2334 ὡς
3588 2276 3644 2325 τὸ
3690 2273 3940 2350 ἐπιστρέ-

2336 2358 2426 2428 ita:
2472 2363 2561 2410 καὶ
2622 2361 2714 2430 ζῇν
2773 2359 2948 2410 αὐτόν.
3010 2364 3095 2418 Μὴ
3158 2362 3226 2421 ὡς
3274 2366 3342 2421 εἱς
3382 2359 3547 2433 βάθος
3596 2363 3705 2433 (34)
3756 2374 3939 2416 κακῶν

2326 2446 2557 2519 ἐμπεσὼν
2597 2453 3021 2520 καταφρονήσῃς.
3080 2454 3269 2523 Καιρὸς
3317 2448 3518 2521 ἀνοχῆς
3574 2450 3709 2519 ἐστι,
3750 2459 3941 2527 καιρός

2324 2538 2712 2609 μακροθυμίας,
2782 2540 2962 2608 καιρός
3056 2537 3261 2605 ἰάσεως,
3330 2543 3509 2611 καιρός
3573 2536 3937 2613 διορθώσεως.

2326 2622 2685 2690 Ὠλίσθησας;
2765 2625 3043 2700 ἐξεγείρου.
3115 2626 3405 2701 ’⁷11μαρτες;
3466 2631 3768 2699 ἡσύχασον.
3846 2637 3933 2689 Μὴ

2326 2722 2457 2786 an.“
2510 2715 2556 2765 ἐν
2606 2711 2713 2785 ὁδῷ
2768 2714 3105 2788 ἁμαρτωλῶν,
3162 2715 3287 2768 ἀλλά
3336 2714 3705 2776 ἀποπὴδησον·
3763 2718 3933 2773 Ὀταν

2247 2850 2286 2904 C
2322 2805 2422 2874 γὰρ
2478 2802 2814 2877 ἐπιστραφεὶς
2862 2804 3127 2876 στενάξῃς,
3188 2809 3301 2857 τότε
3352 2808 3591 2880 σωθήσῃ-
3624 2807 3780 2860 Ἔστι
3826 2814 3931 2882 γὰρ

2323 2890 2376 2943 ἐκ
2408 2896 2571 2943 πόνων
2603 2893 2770 2963 ὑγεία,
2826 2896 2914 2943 καὶ
2974 2891 3027 2955 ἐξ
3080 2890 3313 2968 ἱδρώτων
3360 2901 3612 2968 σωτηρία.
3653 2896 3793 2971 Ὀρα
3842 2896 3929 2951 οὖν

2320 2986 2548 3052 μήποπε,
2640 2983 2905 3043 συνθήκας
2994 2980 3304 3054 βουλόμενός
3390 3004 3538 3036 τινων
3627 2986 3925 3057 φυλάττειν,

2319 3068 2556 3144 παραϐῇς
2617 3073 2705 3130 τὰς
2762 3074 2889 3145 πρός
2947 3073 3033 3122 τὸν
3092 3076 3219 3123 Θεὸν
3274 3074 3551 3141 συνθήκας,
3606 3074 3668 3135 ἃς
3725 3077 3925 3149 ὡμολό-

2318 3179 2489 3230 γησας
2538 3158 2622 3211 ἐπὶ
2676 3159 2873 3211 πολλῶν
2918 3164 3217 3236 μαρτύρων,
3271 3168 3356 3220 Μὴ
3392 3159 3477 3215 οὖν
3511 3161 3603 3215 διά
3651 3184 3801 3227 τινας
3832 3167 3921 3219 λο-

2316 3253 2539 3321 γισμούς
2588 3247 2941 3323 ἀνθρωπίνους
3000 3250 3229 3323 ὀκνήσῃς
3290 3250 3450 3304 ἐλθεῖν
3516 3257 3639 3327 πρὸς
3669 3259 3750 3327 μί.
3792 3255 3920 3328 Ἐγώ

2316 3340 2413 3412 γὰρ
2472 3336 2736 3389 ἀναλαϐὼν
2790 3342 2875 3390 τὸν
2936 3344 3110 3412 νεκρόν
3166 3360 3266 3412 μου
3312 3343 3577 3413 θρηνήσω,
3619 3341 3716 3414 ἐγὼ
3760 3346 3916 3418 θερα-

2314 3432 2512 3495 πεύσω,
2586 3428 2685 3499 ἐγὼ
2754 3438 2949 3503 πικρῶς
3001 3429 3298 3503 κλαύσομαι
3354 3429 3437 3483 ἐπὶ
3494 3436 3551 3483 τὸ
3612 3436 3916 3509 σύντριμμα

2314 3526 2403 3577 τῆς
2458 3519 2711 3592 θυγατρός
2759 3526 2849 3569 τοῦ
2907 3522 3081 3589 γένους
3138 3539 3261 3591 μου.
3314 3523 3507 3582 Πάντες
3536 3540 3594 3573 σε
3635 3518 3909 3594 δέχονται,

2311 3609 2492 3667 πάντες
2551 3626 2635 3659 σοι
2702 3612 3121 3679 συμπονήσουσι.
3170 3614 3252 3667 Μὴ
3312 3607 3566 3682 ἀναπέϐῃς
3596 3614 3739 3681 (35)·
3778 3622 3908 3685 μ.νή-

2314 3698 2470 3752 σθητι
2523 3698 2723 3768 ἡμερῶν
2766 3698 3028 3771 ἀρχαίων·
3087 3696 3239 3750 ’Ἐστι
3290 3704 3544 3772 σωτηρία,
3600 3701 3716 3751 ἔστι
3766 3698 3906 3777 διορ-

2311 3785 2490 3846 θωσις.
2521 3788 2739 3859 Θάρσει,
2799 3790 2869 3857 μὴ
2919 3783 3229 3859 ἁπελπίσῃς.
3272 3787 3382 3839 Οὐκ
3424 3791 3534 3839 ἔστι
3559 3792 3714 3861 νόμος
3742 3811 3904 3843 κατα-

2307 3869 2539 3933 δικάξων
2592 3878 2679 3925 τόν
2722 3878 2891 3949 χωρὶς
2957 3874 3236 3949 οἰκτιρμῶν
3286 3878 3522 3943 θάνατον,
3577 3876 3705 3929 ἀλλὰ
3742 3883 3907 3950 χάρις

2306 3964 2672 4035 ύπερτιθεμένη
2728 3968 2821 4020 τὴν
2879 3963 3113 4034 κόλασιν,
3169 3961 3488 4039 ἐκδεχομένη
3530 3971 3622 4025 τήν
3684 3963 3904 4043 διόρθω-

2307 4070 2408 4105 σιν.
2438 4054 2597 4103 Οὔπω
2624 4051 2963 4109 ἐκλείσθησαν
3018 4054 3071 4105 αἱ
3123 4056 3275 4129 θύραι
3306 4072 3318 4084 ·
3386 4054 3563 4108 ἀκούει
3594 4058 3618 4108 ό
3644 4065 3866 4130 νυμφίος
3890 4077 3901 4088 ·

2304 4140 2362 4191 ού
2410 4144 2638 4214 κυριεύει
2681 4141 2929 4213 ἁμαρτία·
2986 4142 3366 4196 Ἀναπάλαισον
3406 4144 3558 4197 πάλιν
3590 4190 3603 4214 ,
3654 4150 3724 4217 μὴ
3780 4168 3906 4199 κατ-

2304 4234 2571 4301 οκνήσῃς,
2640 4234 2729 4281 καὶ
2806 4234 3020 4283 σεαυτόν
3106 4232 3470 4307 οἰκτείρησον,
3539 4238 3629 4286 καὶ
3709 4238 3905 4297 πάντας

2302 4321 2442 4390 ἡμᾶς
2490 4318 2601 4381 (36)
2662 4317 2710 4369 ἐν
2760 4327 2973 4392 Χριστῷ
3027 4320 3204 4378 Ἰησοῦ
3247 4330 3319 4393 τῷ
3366 4327 3539 4397 Κυρίῳ
3585 4325 3756 4396 ἡμῶν,
3870 4328 3897 4383 ἡ

2303 4404 2435 4469 δόξα
2479 4412 2568 4460 καὶ
2610 4411 2667 4459 τό
2718 4411 2907 4483 κράτος
2956 4417 3043 4462 νῦν
3092 4414 3181 4463 καὶ
3221 4409 3299 4464 ἀεὶ
3330 4411 3400 4474 εἰς
3428 4416 3548 4474 τοὺς
3575 4412 3769 4477 αἰῶνας
3804 4424 3897 4467 τῶν

2316 4494 2531 4551 αἰώνων.
2560 4495 2745 4571 Ἀμήν.

606 4785 652 4822 *5
690 4786 1049 4857 Jerem.v1n,
1082 4786 1136 4843 4.
1215 4787 1261 4825 ⁴⁶
1302 4784 1510 4845 Ezech.
1539 4800 1697 4861 xvm,
1732 4790 1821 4847 32.
1899 4788 1942 4826 ‘7
1988 4782 2164 4849 Prov.
2196 4807 2353 4865 mn,
2383 4795 2435 4849 3.
2514 4786 2561 4829 ιθ
2602 4782 2753 4852 Psal.
2784 4808 2820 4865 1,
2858 4787 2907 4851 1.

602 5075 710 5147 (3'2)
748 5066 1121 5150 inceptam-Sic
1160 5079 1277 5132 tres
1316 5091 1458 5132 mss.
1522 5074 1669 5150 Editi
1722 5076 1948 5150 ἔπαιρον.
1996 5075 2179 5133 Paulo

528 5146 668 5221 post
692 5146 831 5221 editi
854 5146 1245 5221 καταϐάλλοντι.
1264 5150 1411 5221 Mss.
1435 5152 1495 5204 ut
1518 5149 1577 5203 in
1611 5153 1798 5221 textu.

600 5222 704 5292 (33)
745 5218 854 5272 Τῶν
885 5216 1184 5293 οἰκτιρμῶν.
1220 5220 1312 5275 Sic
1335 5226 1451 5275 tres
1497 5237 1639 5275 mss.
1667 5220 1817 5276 Ediii
1842 5223 1956 5283 τούς
1987 5224 2180 5293 οἰκτιρ-

525 5312 705 5436 μοᾶδςέ)
745 5366 829 5421 Μὴ
882 5364 949 5425 ὡς
1005 5366 1076 5426 εὶς
1134 5356 1318 5437 βάθος·
1380 5368 1470 5427 '11s
1528 5361 1803 5421 additum
1874 5362 2178 5421 extribus

2289 5094 2439 5133 mss.
2464 5076 2682 5150 nostris
2708 5081 2923 5150 prteter
2949 5076 3441 5150 Combefisianos.

2355 5153 2465 5222 ωδ)
2506 5153 2590 5222 Μὴ
2658 5146 2936 5221 animum.
2985 5148 3076 5205 Sic
3123 5149 3393 5222 quinque
3445 5146 3684 5204 codices
3739 5162 3891 5205 mss.

2285 5217 2435 5275 Editi
2458 5226 2525 5292 μὴ
2558 5220 2827 5292 ἂπεισθῇς.

2355 5279 2470 5371 (3βὶ
2512 5294 2719 5371 Πάνταξ
2746 5279 2915 5371 hic;
2963 5292 3105 5371 Quae
3168 5297 3500 5371 sequuntur
3544 5289 3759 5349 addita
3817 5307 3895 5349 ex

2284 5362 2466 5434 Regio
2497 5362 2763 5420 secundo
2783 5362 2847 5420 ’et
2877 5362 3052 5420 Coisl.
3088 5362 3377 5420 secundo.
