4102 6194
183 290 276 347 365

700 415 1044 463 ΕΠΙΣΤΟΛΗ
1105 409 1234 465 ΜΕ.

1182 282 1666 343 EPISTOLARUM
1703 278 1982 336 CLASSIS
2022 279 2066 336 Ι.
2104 281 2319 339 EPIST.
2362 284 2513 341 XLV.

3406 291 3512 344 366

2329 408 2667 464 EPISTOLA
2707 407 2884 463 XLV'.
2933 408 3103 479 133

184 514 319 568 Cum
337 507 581 580 quidam
608 508 831 580 relictis
856 509 1094 578 magnis
1125 508 1327 578 opibus
1375 505 1767 580 monasticam
1794 502 1989 580 vitam,
2019 504 2336 580 amptexus
2384 512 2549 580 esset,
2581 521 2653 561 ac
2676 512 2883 580 postea
2912 521 2988 561 ex
3025 522 3253 580 summo
3284 509 3532 577 pietatis

243 577 476 651 feruore
504 581 567 634 in
598 577 972 635 adulterium
995 585 1049 635 et
1080 581 1206 635 alia
1236 581 1465 635 scelera
1493 577 1820 651 incidisset,
1850 579 2065 651 ductor
2093 577 2518 651 epistolagui
2559 593 2690 633 cum
2725 592 2792 651 eo,
2818 578 3251 651 Hierosolymis
3283 596 3535 635 commo-

244 646 407 708 ratus
434 653 656 721 fuerat,
687 653 917 717 peccati
961 656 1015 706 et
1035 651 1317 706 scandali
1343 648 1813 721 magnitudinem
1829 646 1892 721 gi
1916 649 2190 721 exponit,
2221 646 2518 721 simulrjue
2554 664 2657 717 spe
2710 646 3134 721 misericordiae
3191 652 3445 716 Divina,
3479 657 3533 708 et

244 717 509 793 exemplo
546 722 896 777 Judazorum
928 736 999 778 ac
1032 722 1379 789 Gentilium,
1411 717 1518 793 q'ui
1546 728 1689 775 tunc
1713 717 1795 775 ad
1820 717 1926 771 Dei
1948 718 2175 773 cultum
2194 717 2731 790 compellebantur,
2761 719 2841 774 ad
2870 726 3168 776 certamen
3200 728 3460 779 revocat.

565 826 671 895 Πρό
682 842 702 883 ς
754 822 1046 894 μονάζοντα
1077 818 1378 877 ἐκπεσόντα.

250 921 293 970 1.
351 918 525 973 Διττός
578 933 669 985 μοι
721 911 871 984 φόϐος
936 911 1188 983 ἐνέσκηψς
1234 920 1343 972 τοῖς
1400 918 1490 970 τῆς
1535 906 1771 969 διανοίας

180 1004 373 1064 κόλποις
409 1001 462 1054 ἐκ
512 1010 607 1063 τῆς
644 1006 762 1073 περὶ
814 1004 869 1053 σε
900 1002 1211 1062 ὑποθέσεως.
1240 1000 1305 1052 Ἤ
1343 1002 1443 1075 γάρ
1475 1019 1551 1059 τις
1599 998 1767 1070 ἀσυμ-

179 1097 333 1153 παθὴς
361 1098 549 1165 τρόπος
577 1090 1062 1165 προκαταρξάμινος
1116 1090 1181 1150 εἰς
1228 1092 1624 1162 μισανθρωπίας
1655 1091 1769 1155 (37)

178 1184 400 1255 ἔγκλημά
470 1201 535 1254 με
597 1182 806 1254 ῥίπτει⁸
865 1180 893 1238 ἡ
958 1176 1110 1241 αὖθις
1169 1181 1459 1251 συμπαθεῖν
1513 1177 1767 1244 ἐθελοντα,

177 1276 409 1346 καὶπρὸς
452 1274 519 1323 τα
548 1271 689 1326 πάθη
741 1268 1285 1341 καταμαλακίζεσθαι,
1333 1275 1504 1329 κακῶς
1552 1272 1769 1339 μετατί-

180 1364 295 1419 Θησί
321 1366 458 1431 (38).
494 1365 677 1434 Διόπερ
710 1364 800 1410 καὶ
842 1354 1223 1431 διαχαράττειν
1270 1356 1462 1429 μέλλων
1494 1361 1639 1408 τουτί
1669 1375 1768 1427 μου

177 1456 229 1503 τό
255 1454 497 1523 γράμμα,
551 1454 640 1507 τὴν
691 1451 783 1519 μὲν
833 1448 991 1520 χεῖρα
1042 1456 1314 1521 ναρκῶσαν
1362 1454 1471 1508 τοῖς
1498 1446 1771 1517 λογισμοῖς

178 1540 443 1615 ἔνι-ἆρωσοι,
501 1542 563 1591 τὸ
604 1534 663 1590 δὲ
723 1542 1021 1610 πρόσωπον,
1068 1537 1389 1610 ἠπορημένον
1446 1534 1500 1586 ἐκ
1555 1544 1651 1596 τῆς
1689 1536 1771 1585 ἐπὶ

179 1636 252 1682 σοὶ
287 1633 598 1700 κατηφείας,
629 1625 913 1679 ἀλλοιῶσαι
960 1626 1054 1677 ούκ
1093 1628 1323 1697 ἵσχυσα,
1374 1627 1635 1685 τοσαύτης
1683 1643 1772 1696 μοι

176 1718 247 1771 ἐπὶ
299 1723 385 1770 σοὶ
444 1720 737 1788 κεχυμένης
772 1718 882 1786 (39}
940 1715 1223 1786 αἰσχύνης,
1283 1717 1349 1774 ὡς
1396 1720 1488 1765 καί
1548 1718 1641 1771 τὴν
1680 1719 1771 1765 τοῦ

176 1811 429 1878 στόματος
488 1805 785 1877 σύμπτυξιν
832 1812 1170 1876 παραχρῆμα
1220 1808 1444 1870 πίπτειν,
1486 1811 1584 1854 τῶν
1650 1821 1771 1874 χει-

172 1896 284 1948 λέων
350 1915 456 1968 μου
528 1895 598 1956 εἰς
670 1893 937 1965 κλαυθμόν
1014 1891 1413 1967 ἐκτρεπομένων.
1469 1896 1646 1964 Οῖμοι,
1722 1895 1774 1943 τί

172 1985 371 2060 γράψω,
426 1985 455 2042 ἦ
518 1988 571 2035 τί
626 1983 914 2055 λογίσομαι
971 1982 1021 2034 ἐν
1086 1980 1284 2057 τριόδῳ
1357 1980 1771 2054 ἀπειλημμένος

174 2075 281 2127 Ἐὰν
348 2074 484 2125 ὒθω
546 2073 617 2135 εἰς
680 2078 891 2145 μνήμην
944 2080 1035 2131 τῆς
1098 2076 1355 2146 προτέρας
1406 2091 1500 2124 σου
1554 2077 1777 2143 ματαίας

172 2164 519 2237 ἀναστροφῆς,
572 2165 655 2214 ὅτε
721 2181 779 2214 σε
833 2163 936 2221 (40)
985 2160 1244 2235 περιέρρει
1298 2160 1536 2225 πλοῦτος,
1578 2165 1667 2212 καὶ
1719 2164 1776 2213 τὸ

167 2255 437 2325 χαμερπὶς
476 2248 741 2324 δοξάριον,
772 2255 968 2324 φρίττω
1001 2271 1012 2283 ·
1072 2252 1231 2307 ἡνίκα
1282 2251 1454 2302 εἵπετό
1509 2270 1596 2302 σοι
1624 2249 1776 2303 κολά-

168 2358 265 2388 κων
325 2337 548 2401 πλῆθος,
582 2340 670 2387 καὶ
702 2344 866 2407 τρυφῆ
882 2355 921 2398 ς,
976 2333 1261 2395 ἀπόλαυσις
1308 2340 1631 2408 πρόσκαιρος
1652 2352 1788 2407 μετά

167 2434 460 2498 προφανοῦς
506 2421 754 2476 κινδύνου
785 2428 877 2476 καὶ
907 2420 1104 2475 ἀδίκων
1159 2428 1329 2496 πόρων
1368 2440 1380 2454 ·
1422 2428 1512 2475 καὶ
1558 2429 1629 2482 πὴ
1691 2430 1780 2497 μὲν

199 2486 207 2498 .
267 2482 278 2498 ι
446 2482 458 2486 τ
1226 2482 1236 2496 .
1691 2482 1701 2497 .

164 2514 475 2586 αρχοντικοὶ
505 2513 655 2586 φόϐοι
687 2510 1010 2587 διερρίπιζόν
1064 2532 1157 2564 σου
1206 2517 1299 2570 τὴν
1358 2520 1454 2573 τῆς
1516 2519 1779 2587 σωτηρίας
1812 2482 1851 2534 Β

161 2608 427 2668 ὑπόνοίαν,
472 2608 543 2661 πη
570 2600 629 2655 δε
659 2600 932 2675 δημοσιων
966 2600 1174 2675 θόρυϐοι
1213 2598 1516 2653 διεσάλευόν
1550 2622 1644 2654 σου
1684 2608 1777 2661 τὴν

166 2695 359 2759 ἑστίαν,
398 2696 429 2751 ᾖ
465 2712 517 2745 τε
559 2696 763 2763 συνοχὴ
797 2700 896 2743 τῶν
936 2700 1104 2742 κακῶν
1138 2689 1488 2763 ἀπεσφαίριζέ
1528 2694 1638 2760 (41)
1681 2711 1775 2745 σου

164 2787 248 2834 τόν
278 2792 400 2834 νοῦν
430 2785 558 2854 πρὸς
610 2784 697 2832 τόν
730 2777 1012 2851 δυνάμενον
1046 2799 1131 2832 σοι
1171 2778 1382 2853 βοηθεῖν
1417 2798 1428 2811 ·
1464 2782 1618 2838 ἡνίκα
1643 2784 1778 2833 κατά

167 2876 353 2945 μικρὸν
439 2869 675 2943 ἐμελέτας
754 2868 1153 2943 περιϐλέπεσθαι
1229 2872 1314 2920 τόν
1391 2877 1625 2944 Σωτῆρα,
1685 2875 1775 2943 φέ-

166 2981 325 3035 ροντα
358 2963 455 3032 μὲν
508 2963 635 3032 πρός
675 2957 917 3029 ὡφελειαν
974 2962 1094 3019 τοὺς
1158 2955 1362 3029 φόϐους,
1416 2959 1661 3033 ῥυόμενον
1718 2956 1777 3011 δέ

848 3047 1103 3107 παίζοντα
1175 3046 1288 3098 κατ’
1347 3048 1505 3099 αύτού
1558 3048 1608 3099 ἐν
1662 3056 1775 3110 ταῖς

170 3069 245 3106 σε,
324 3055 413 3100 καὶ
494 3052 772 3115 σκέποντα,

169 3136 370 3199 diem;
413 3160 428 3171 ·
490 3139 648 3195 ἡνίκα
685 3135 977 3208 έγυμνάζου
1040 3140 1169 3210 πρός
1232 3136 1520 3208 μεταϐολὴν
1589 3144 1775 3210 σεμνοῦ

166 3234 388 3301 τρόπον,
442 3225 770 3285 σκυϐαλίζων
800 3229 889 3295 μέν
940 3244 1034 3276 σου
1074 3229 1167 3283 τὴν
1212 3222 1586 3278 πολυκίνδυνον
1625 3246 1775 3301 περι-

164 3324 375 3383 ουσίαν,
455 3319 600 3367 οἴκου
676 3333 730 3365 τε
805 3315 1075 3386 θεραπείαν
1131 3318 1220 3365 καὶ
1276 3319 1518 3367 συνοίκου
1568 3315 1774 3387 ὁμιλίαν

165 3405 577 3478 ἀπαρνούμενος.
608 3401 761 3463 Ὀλος
810 3398 869 3453 δὲ
918 3405 1032 3467 (42)
1063 3404 1365 3476 μετάρσιος,
1421 3404 1594 3477 ὥσπερ
1639 3403 1775 3465 ξένος

162 3500 253 3547 καὶ
284 3494 509 3560 ἀλήτης,
567 3489 761 3563 ἀγροὺς
812 3495 901 3541 καὶ
947 3490 1117 3553 πόλεις
1169 3490 1467 3563 ἐξαμείϐων,
1509 3488 1772 3566 κατέδρα-

161 3604 257 3656 μες
329 3583 413 3634 ἐπὶ
457 3585 523 3633 τὰ
558 3580 913 3655 Ἰεροσόλυμα,
968 3582 1087 3632 ἔνθα
1128 3600 1211 3632 σοι
1269 3586 1359 3632 καὶ
1422 3581 1579 3643 αὐτὸς
1646 3601 1771 3633 συν-

164 3669 468 3745 διατρίϐων
537 3669 854 3742 ἐμακάριζον
928 3678 1026 3720 τῶν
1092 3668 1383 3727 ἀθλητικῶν
1436 3675 1623 3737 πόνων,
1692 3672 1774 3723 ὅτε

162 3758 543 3834 ἐϐδομπικοίς
594 3758 805 3820 κύκλοις
864 3766 1045 3820 νῆστις
1121 3755 1367 3811 διατελῶν
1444 3767 1557 3830 Θεῷ
1615 3779 1774 3833 προσ-

164 3851 517 3923 εξιλοσόφεις,
566 3850 696 3920 ὁμοῦ
749 3853 839 3899 καὶ
886 3849 977 3909 τὰς
1007 3856 1106 3899 τῶν
1154 3849 1433 3921 ἀνθρώπων
1490 3854 1775 3920 συντυχίας
1811 3825 1850 3879 C

162 3941 311 4011 λογῳ
349 3947 551 4014 τροπῆς
608 3940 926 4009 ύπονρεύγων,
977 3938 1215 4008 ἡσυχίαν
1270 3934 1329 3989 δε
1385 3943 1474 3990 καὶ
1521 3958 1773 4011 μονοτρό-

162 4035 294 4081 πίαν
350 4028 519 4098 ἑαυτῷ
592 4025 889 4101 ἐφαρμόσας
953 4029 1074 4087 τούς
1150 4026 1449 4089 πολιτικούς
1526 4026 1778 4102 θορύϐους

164 4119 437 4181 ἐξέκλινας
468 4122 604 4188 (43).
658 4120 836 4188 Σάκκῳ
878 4112 937 4168 δὲ
966 4123 1159 4188 τραχεῖ
1208 4136 1265 4168 το
1327 4120 1478 4190 σῶμά
1519 4137 1613 4170 σου
1655 4114 1776 4170 δια-

163 4213 389 4274 νύττων,
441 4212 533 4258 καὶ
576 4209 707 4278 ζώνῃ
752 4204 955 4279 σκληρᾷ
1002 4210 1094 4263 τὴν
1148 4204 1310 4277 ὀσφύν
1365 4226 1458 4259 σου
1504 4212 1753 4282 περισφίγ

161 4318 296 4370 γῶν,
331 4304 656 4371 καρτερικῶς
686 4296 751 4346 τὰ
801 4294 934 4347 ὀστᾶ
982 4313 1077 4347 σου
1130 4291 1407 4356 διέθλιϐες.
1436 4300 1668 4367 Λαγόνας
1721 4294 1780 4349 δὲ

160 4396 281 4447 ταῖς
325 4383 552 4447 ἐνδείαις
610 4385 877 4436 κοιλαίνων
934 4388 1100 4459 μέχρι
1155 4392 1255 4436 τῶν
1313 4390 1567 4437 νωτιαίων
1612 4395 1779 4459 μερῶν

161 4478 604 4549 ύπεχαύνωσας·
637 4478 726 4525 καὶ
770 4492 996 4544 φασκιας
1036 4477 1126 4545 μὲν
1184 4472 1382 4535 ἁπαλῆς
1432 4478 1526 4533 τὴν
1578 4484 1779 4550 χρῆσιν

161 4564 497 4640 ninguida»,
538 4559 741 4615 ἔνδοθεν
774 4558 832 4615 δὲ
878 4565 969 4623 τὰς
1005 4562 1261 4635 λαπάρας,
1317 4566 1504 4624 σικύας
1551 4566 1662 4636 (44)
1695 4561 1781 4617 δί-

160 4676 263 4713 κην
310 4655 635 4728 ύφελκύσας,
690 4658 795 4712 τοῖς
848 4658 1161 4727 νεφριτικοίς
1199 4656 1417 4726 χωρίοις
1452 4652 1781 4728 προσκολλᾶ-

165 4747 298 4798 σθαι
357 4743 579 4805 ἐϐιάζου
606 4758 618 4770 ·
677 4740 797 4799 ὅλην
852 4737 911 4793 δὲ
950 4745 1043 4799 τὴν
1102 4738 1193 4801 τῆς
1226 4744 1419 4817 σαρκὸς
1457 4742 1675 4815 πιμελὴν
1707 4741 1785 4796 ἐκ-

228 4911 355 4978 (37)
390 4904 835 4976 Μισανθρωπίας.
893 4901 1071 4960 Coisl.
1130 4902 1363 4975 primus
1412 4902 1783 4977 μισαδελφίας,

161 4981 293 5035 odii
314 4980 629 5055 fratrum:
790 5046 820 5055 Α
921 5048 931 5055 ⁸
1353 5044 1389 5055 ῃ

231 5044 359 5119 (38)
387 5049 747 5119 Μετατίθησι.
782 5046 1047 5119 Quatuor
1072 5062 1223 5119 mss.
1244 5044 1518 5119 codices,
1540 5063 1663 5103 non
1703 5054 1790 5106 ta-

162 5114 307 5178 men
331 5114 799 5190 antiquissimi,
827 5116 1053 5190 babent
1082 5114 1376 5175 διατίθησι.
1419 5120 1591 5176 Miror
1619 5121 1789 5177 Com.

164 5192 457 5249 beﬁsium
495 5184 615 5255 Ῑὲξζί
640 5190 785 5244 velle
817 5184 1117 5261 διατίθημι,

233 5268 351 5334 (39)
388 5265 515 5334 Ἐπί
543 5265 631 5312 σοι
660 5263 971 5334 κεχυμὲνης.
1009 5259 1132 5316 Duo
1164 5259 1402 5334 codices
1435 5277 1544 5333 pro
1573 5262 1666 5318 his
1690 5280 1791 5320 vo-

165 5331 342 5390 cibus
397 5332 652 5406 habent
694 5331 1097 5403 ἐπικεχυμένης.
1154 5331 1410 5388 Colbert.
1436 5331 1519 5388 “et
1556 5334 1791 5406 primus

172 5406 594 5463 Coislinianus
633 5402 991 5474 ἐπικειμένης(

235 5482 351 5547 μθ)
382 5478 518 5529 Ὀτι
576 5494 657 5547 σε.
713 5474 983 5547 Codices
1015 5489 1139 5547 non
1170 5474 1347 5546 pauci
1386 5475 1469 5526 ὅτε
1501 5495 1606 5542 σοι,
1640 5493 1797 5534 unus

283 5544 401 5604 σάν,
441 5546 633 5603 Paulo
670 5551 814 5620 post
847 5544 990 5602 editi
1017 5544 1248 5599 κολάκων
1273 5547 1471 5605 πλήθη.
1503 5548 1614 5605 Sex
1647 5566 1795 5607 mss.

190 5624 243 5677 It
260 5620 325 5679 in
352 5622 551 5679 textu.

1804 816 1852 869 A

1824 5201 1868 5255 D

2324 817 2424 872 Ad
2452 816 2809 873 monachum
2835 818 3088 887 lapsum.

1953 908 2005 960 i.
2041 902 2265 975 Duplex
2294 905 2473 962 timor
2524 906 2704 962 subiit
2760 906 2973 962 mentis
3024 922 3175 962 meae
3229 907 3395 963 sinus
3436 912 3537 965 tua

1880 1009 2083 1049 causa.
2115 999 2229 1050 Aut
2277 997 2439 1052 enim
2466 1013 2903 1069 praeoccupans
2963 1014 3058 1052 me
3110 997 3537 1054 immisericors

1878 1082 2127 1154 quidam
2156 1085 2341 1140 animi
2362 1092 2561 1142 motus
2584 1086 2645 1141 in
2663 1087 2887 1141 crimen
2919 1086 3374 1142 inhumanitatis
3399 1103 3538 1143 con-

1874 1171 2002 1241 jicit
2038 1191 2050 1227 :
2086 1178 2190 1229 aut
2219 1190 2428 1229 rursus
2468 1174 2736 1230 misereri
2768 1175 3089 1244 volentem,
3126 1176 3304 1231 etiam
3348 1181 3413 1233 ut
3459 1177 3538 1233 ad

1878 1260 2021 1317 vitia
2045 1262 2484 1329 remollescam,
2519 1263 2677 1319 male
2728 1264 3033 1319 convertit.
3070 1266 3260 1327 Quare
3299 1271 3355 1322 et
3378 1267 3538 1323 hanc

1878 1366 2079 1405 meam
2111 1351 2429 1423 epistolam
2452 1357 2827 1417 exaraturus,
2861 1369 3109 1408 manum
3142 1355 3387 1426 quidem
3421 1361 3536 1411 tor-

1879 1446 2219 1511 pescentem
2252 1441 2810 1497 ratiocinationibus
2834 1442 3241 1508 corroboravi,
3275 1443 3382 1499 sed
3412 1444 3538 1499 vul-

1879 1533 2027 1596 tum,
2057 1545 2128 1583 ex
2159 1536 2452 1602 concepta
2482 1536 2727 1603 propter
2748 1535 2802 1585 te
2832 1530 3065 1586 tristitia
3091 1532 3361 1600 anxium,
3404 1550 3538 1588 mu-

1881 1621 2004 1672 tare
2032 1633 2151 1673 non
2186 1619 2352 1689 potui
2389 1637 2401 1673 :
2455 1624 2621 1674 tanto
2661 1619 2830 1689 mihi,
2884 1625 2985 1675 tua
3033 1637 3237 1690 causa,
3295 1623 3537 1678 incusso

1881 1706 2132 1779 pudore,
2165 1713 2229 1762 ut
2277 1709 2399 1762 oris
2446 1708 2627 1763 etiam
2674 1708 2891 1777 ﬂexus,
2930 1708 3110 1764 labiis
3156 1711 3304 1765 meis
3331 1712 3393 1766 in
3450 1711 3537 1767 lu-

1882 1800 2042 1851 ctum
2072 1798 2399 1863 conversis,
2443 1797 2641 1852 statim
2670 1797 3029 1853 concideret.
3065 1798 3164 1853 Hei
3196 1799 3362 1869 mihi,
3393 1800 3542 1873 quid

1884 1885 2170 1947 scribam,
2200 1890 2304 1940 aut
2332 1885 2481 1958 quid
2514 1887 2769 1957 cogitem
2804 1888 2861 1941 in
2912 1887 3084 1943 trivio
3134 1891 3489 1945 constitutus
3514 1891 3541 1945 ἱ)

1886 1974 1943 2029 Si
1968 1974 2112 2029 mihi
2146 1974 2360 2046 prioris
2418 1980 2530 2029 tuae
2559 1990 2731 2030 vanae
2762 1975 3002 2031 vivendi
3049 1977 3298 2033 rationis
3348 1979 3543 2035 veniat

1884 2061 1943 2117 in
1995 2069 2281 2132 mentem,
2340 2079 2479 2118 cum
2529 2063 3011 2120 circumﬂuerent
3066 2071 3118 2121 te
3172 2066 3409 2139 divitiae,
3471 2083 3542 2124 ac

1885 2151 2057 2206 humi
2085 2168 2300 2224 repens
2352 2152 2621 2221 gloriola,
2654 2153 2917 2208 horreo:
2969 2170 3108 2209 cum
3153 2155 3541 2214 adulatorum

1888 2243 1942 2294 te
2005 2245 2352 2313 sequeretur
2405 2240 2748 2308 multitudo,
2807 2240 3226 2313 fruererisque,
3266 2243 3437 2300 brevi
3474 2261 3545 2301 ac

1889 2329 2254 2401 temporaria
2276 2329 2739 2401 voluptate,non
2768 2330 2896 2385 sine
2929 2332 3249 2388 manifesto
3278 2333 3544 2405 periculo

1888 2419 2166 2492 etiniquo
2181 2425 2417 2491 quaestu
2446 2436 2459 2475 :
2483 2424 2539 2475 et
2562 2420 2782 2492 partim
2803 2420 3050 2493 quidem
3081 2422 3544 2494 magistratuum

1890 2509 2066 2565 timor
2111 2515 2164 2564 te
2199 2508 2273 2563 de
2303 2508 2492 2564 salute
2519 2511 2880 2579 cogitantem
2904 2511 3231 2580 exagitaret
3259 2531 3271 2568 :
3322 2514 3544 2585 partim

1888 2614 2031 2654 vero
2054 2598 2435 2670 publicorum
2456 2598 2829 2668 negotiorum
2852 2600 3146 2656 tumultus
3174 2606 3339 2657 tuam
3362 2602 3544 2658 inter-

1888 2687 2194 2742 turbarent
2215 2686 2679 2758 domum,atque
2701 2688 3001 2744 malorum
3024 2689 3359 2761 frequentia
3383 2708 3545 2747 men-

1887 2780 2004 2832 tem
2039 2780 2204 2831 tuam
2226 2776 2303 2831 ad
2335 2792 2496 2842 eum,
2516 2778 2617 2847 qui
2642 2777 2923 2848 Opitulari
2950 2778 3052 2833 tibi
3083 2784 3335 2850 poterat,
3364 2786 3543 2835 retor-

1885 2871 2094 2939 queret
2123 2882 2135 2919 :
2173 2881 2307 2920 cum
2341 2864 2633 2936 paulatim
2668 2866 3043 2921 Servatorem
3084 2866 3542 2939 circumspicere

1886 2953 2281 3021 meditareris,
2314 2953 2557 3008 timores
2603 2953 2852 3025 quidem
2885 2954 2986 3010 tibi
3022 2955 3101 3010 ad
3132 2962 3296 3011 tuam
3330 2956 3542 3012 utilita-

1884 3050 2004 3100 tem
2048 3043 2423 3108 inferentem,
2450 3042 2806 3097 libcrantem
2840 3059 2981 3099 vero
3014 3060 3083 3099 ac
3128 3048 3541 3116 protegentem

1885 3139 1960 3200 te,
1984 3133 2089 3206 qui
2120 3132 2169 3187 ei
2202 3133 2349 3187 dum
2398 3130 2459 3186 in
2501 3136 2624 3187 tuto
2656 3148 2840 3202 esses,
2874 3132 3182 3189 illuseras:
3213 3151 3352 3189 cum
3384 3139 3436 3191 te
3460 3135 3541 3191 ad

1881 3222 2267 3279 innovandos
2290 3220 2813 3293 acquirendosque
2834 3222 3117 3278 honestos
3143 3240 3341 3279 mores
3380 3241 3541 3280 exer-

1885 3310 2662 3383 ceres,periculosissimam
2689 3317 2852 3367 tuam
2877 3312 3246 3384 opulentiam
3267 3313 3433 3369 nihili
3454 3314 3538 3370 fa-

1883 3403 2063 3471 ciens,
2090 3401 2295 3473 reique
2329 3400 2637 3455 familiaris
2669 3416 2879 3456 curam
2911 3409 2967 3456 et
2994 3404 3196 3458 uxoris
3223 3410 3540 3460 consuetu-

1882 3492 2086 3549 dinem
2114 3490 2438 3560 refugiens.
2475 3490 2626 3554 Quin
2650 3490 2829 3545 etiam
2861 3496 3018 3546 totus
3049 3492 3344 3558 sublimis,
3378 3495 3540 3552 velut

1881 3582 2231 3655 peregrinus
2262 3585 2318 3635 et
2346 3595 2499 3645 erro,
2536 3580 2696 3649 agris
2728 3585 2783 3635 et
2814 3580 3157 3638 civitatibus
3182 3585 3531 3654 peragratis,

1882 3669 2496 3744 petistiJerosolyma,
2522 3668 2623 3724 ubi
2654 3674 2711 3724 et
2740 3670 2866 3741 ipse
2903 3674 3101 3727 tecum
3128 3678 3536 3729 commoratus

1882 3761 1962 3818 ob
1994 3759 2304 3815 athleticos
2336 3764 2392 3813 te
2421 3757 2660 3813 labores
2682 3757 2928 3813 beatum
2956 3761 3535 3831 praedicabam,cum

1883 3866 1989 3923 per
2018 3846 2389 3919 septenarios
2421 3847 2673 3902 circulos
2700 3847 2945 3918 jejunus
2980 3864 3368 3919 perseverans
3420 3854 3536 3907 Deo

1882 3935 2722 4011 pbilosophareris,simu1que
2736 3952 3095 4008 congressus
3108 3938 3409 3995 humanos
3422 3941 3541 3997 vel-

1883 4029 1968 4086 uti
1987 4028 2047 4083 in
2080 4027 2284 4096 fugam
2308 4041 2637 4081 conversus
2664 4025 2978 4097 devitares,
3009 4034 3187 4099 atque
3217 4030 3539 4102 tranquillo

1885 4135 1955 4175 ac
1984 4116 2246 4173 solitario
2274 4114 2514 4170 vivendi
2542 4130 2759 4185 genere
2790 4115 2897 4170 tibi
2953 4122 3189 4188 parato,
3221 4118 3421 4174 civiles
3453 4125 3539 4175 tu-

1885 4206 2111 4263 multus
2156 4204 2510 4260 declinares.
2568 4206 2857 4259 Praeterea
2896 4221 3113 4277 corpus
3142 4212 3315 4262 tuum
3351 4208 3539 4265 cilicio

1888 4312 2102 4370 aspero
2128 4294 2463 4359 lancinans,
2509 4298 2565 4348 et
2585 4309 2735 4349 zona
2765 4293 2917 4349 dura
2940 4294 3277 4364 astringens
3296 4296 3541 4353 lumbos

1888 4391 2041 4457 tuos,
2077 4384 2370 4456 patienter
2418 4398 2556 4438 ossa
2614 4387 2716 4437 tua
2757 4382 3079 4440 atterebas.
3132 4384 3284 4449 Quin
3333 4390 3389 4441 et
3442 4385 3545 4443 ilia

1887 4475 2089 4532 inedia
2127 4487 2491 4539 concavans,
2527 4487 2596 4526 ea
2627 4487 2823 4543 usque
2855 4471 2932 4527 ad
2972 4471 3135 4527 dorsi
3167 4477 3367 4545 partes
3404 4474 3546 4531 laxa

1889 4562 2340 4633 effecisti,atque
2371 4559 2567 4616 fasciae
2599 4559 2797 4615 mollis
2820 4561 3043 4631 rejecto
3070 4577 3203 4629 usu,
3238 4563 3546 4620 abdomen

1890 4653 2244 4711 intrinsecus
2260 4649 2583 4705 cucurbitas
2611 4650 2671 4704 in
2702 4665 2936 4705 morem
2964 4656 3360 4723 contractum,
3393 4654 3545 4709 reni-

1890 4743 2005 4799 bus
2035 4740 2441 4796 adhaerescere
2467 4738 2845 4809 cogebas.Ad
2872 4739 3317 4810 haec,evacuato
3352 4743 3549 4799 carnis

1966 4903 2077 4973 (lat)
2107 4900 2501 4974 Ἀπεσφαίριςε.
2532 4900 2646 4974 Sic.
2673 4900 2866 4974 Harl”
2918 4901 3094 4957 Coisl.
3153 4902 3407 4974 primus,
3439 4905 3552 4960 Me-

1896 4971 2013 5032 dic.
2061 4971 2123 5029 et
2162 4971 2363 5047 plures
2385 4971 2505 5029 alii.
2536 4972 2693 5047 Editi
2717 4972 3083 5047 ἀπεσφαίρισε.
3118 4971 3300 5030 Paulo
3332 4971 3467 5047 pOst
3491 4974 3554 5029 in

1897 5048 2088 5103 tribus
2115 5044 2427 5100 cedicibus
2476 5044 2909 5100 recentioribus
2939 5044 3107 5100 deest
3156 5065 3240 5098 σοι
3284 5044 3420 5102 ante
3469 5064 3553 5097 τον

1900 5126 2367 5260 Σωῖιῗῶαίολοςὸέ.
2400 5184 2517 5260 Sic.
2560 5183 2740 5254 llarl.,
2775 5183 2947 5241 Coisl.
2998 5187 3229 5260 primus
3270 5192 3326 5244 et
3356 5186 3557 5259 plures

1904 5253 2023 5317 alii.
2063 5253 2212 5315 Editi
2239 5257 2366 5318 ὅλως
2409 5253 2487 5311 δέ.

1974 5334 2087 5402 (43)
2115 5328 2423 5392 Ἐξέκλινας.
2457 5334 2540 5385 Ita
2566 5346 2669 5385 sex
2699 5347 2846 5389 mss.
2875 5349 2998 5390 non
3024 5338 3087 5388 ut
3117 5331 3177 5386 in
3207 5329 3378 5385 editis
3420 5327 3557 5389 ἐξεκ-

1902 5404 2092 5545 xlviii!)
2125 5473 2332 5545 29930:;
2366 5471 2517 5528 Editi
2549 5476 2733 5528 σικύου
2764 5480 2972 5533 contra
2999 5473 3273 5532 omnium
3302 5487 3449 5531 mss.
3465 5486 3562 5532 co-

1907 5543 2111 5605 dieum
2142 5543 2353 5600 ﬁdem.

1979 5617 2001 5641 '
2026 5616 2185 5675 Alias
2206 5616 2295 5674 IV.
