4070 6194
560 290 662 345 367

1930 279 1987 336 S.
2026 278 2275 336 BASILII
2314 280 2540 340 MAGNI

3809 301 3901 357 368

558 416 680 468 toto
711 411 909 483 adipe,
942 410 1255 466 exsiccasti
1306 412 1544 466 strenue
1574 412 1808 466 meatus
1841 407 1955 463 sub
1998 408 2183 462 ventri

2316 414 2565 476 κενώσας,
2642 414 2759 471 τούς
2831 419 2930 463 τῶν
2988 414 3357 488 ὑπογαστρίων
3404 414 3625 486 ὀχετούς
3676 428 3908 491 γενναίως

557 503 723 571 sitos,
749 507 805 558 et
833 503 966 575 ipso
995 505 1197 556 ventre
1229 501 1426 556 inedia
1454 504 1779 567 coarctato,
1825 498 2091 554 faciebas
2146 502 2211 553 ut

558 596 797 647 costatae
823 590 1180 662 partes,tecti
1208 591 1384 661 quasi
1413 590 1695 661 quaedam
1733 589 2213 653 eminentia,um-

555 680 731 736 bram
770 680 1125 735 inducerent
1162 678 1334 751 134.
1373 679 1646 751 partibus
1696 677 1985 744 umbilici,
2032 682 2212 747 atque

556 774 864 826 contracto
892 774 1014 823 toto
1062 784 1310 839 organo,
1365 768 1672 823 nocturnis
1721 768 1888 822 horis
1919 765 2211 822 conﬁtens

554 862 695 927 Deo,
740 859 1151 928 lacrymarum
1204 856 1346 912 rivis
1376 857 1579 913 barbae
1626 856 1779 930 pilos
1838 855 2210 911 madefactos

552 946 1009 1018 complanabas.
1039 946 1193 1011 Quid
1228 951 1431 1001 autem
1462 962 1616 1018 opus
1661 953 1753 1002 est
1781 959 2088 1002 recensere
2115 958 2211 997 me

550 1036 785 1105 singula
804 1036 830 1090 ’ἶ
863 1034 1199 1089 Memineris
1224 1040 1372 1107 quot
1392 1042 1739 1092 sanctorum
1772 1052 1878 1091 ora
1906 1032 2210 1104 exceperis

548 1126 775 1193 osculo,
795 1130 943 1197 quot
973 1140 1147 1179 sacra
1167 1140 1422 1195 corpora
1444 1126 1761 1196 amplexus
1795 1126 1892 1191 sis,
1927 1128 2076 1196 quot
2098 1122 2209 1179 viri

546 1232 767 1273 manus
797 1219 928 1269 tuas
948 1213 1517 1270 velutintaminatas
1549 1215 1839 1281 foverint;
1872 1218 2022 1286 quot
2052 1212 2206 1268 servi

544 1306 665 1373 Dei,
696 1304 858 1359 velut
884 1308 1261 1370 venerantes,
1295 1304 1677 1375 confugerint
1721 1304 1798 1361 ad
1851 1319 2048 1375 genua
2102 1308 2205 1360 tua

542 1396 1026 1468 complectentes.

615 1491 669 1541 ‘2.
703 1489 773 1540 At
798 1484 1017 1539 horum
1066 1482 1201 1555 quis
1247 1483 1493 1538 tandem
1523 1483 1703 1539 ﬁnis?
1729 1482 2012 1539 Adulterii
2038 1483 2202 1541 fama

538 1575 797 1634 nuntiati
845 1574 1092 1642 crimen,
1121 1574 1338 1641 sagitta
1366 1573 1631 1629 velocius
1658 1573 1998 1645 pervolans,
2025 1590 2199 1630 aures

535 1671 773 1723 nostras
817 1664 1068 1731 sauciat,
1103 1663 1367 1719 acutiore
1422 1663 1663 1719 stimulo
1713 1664 1946 1719 viscera
1994 1668 2199 1720 nostra

2318 494 2588 570 ἐξηρανας,
2628 505 2859 575 γαστέρα
2906 521 2958 554 τε
3011 503 3172 561 αὐτὴν
3232 512 3343 564 ταῖς
3393 504 3625 569 ἀσιτίαις
3684 517 3909 582 συμπτύ-

2320 584 2432 653 ξας,
2460 590 2525 639 τά
2554 593 2861 662 πλευριτικά
2908 596 3062 665 μέρη,
3094 594 3266 667 ὥσπερ
3323 596 3439 645 τινὰ
3479 599 3666 667 στέγης
3705 596 3907 671 ἐξοχὴν,

2318 682 2428 736 τοῖς
2470 685 2560 729 τοῦ
2609 678 2839 751 ὀμφαλοῦ
2888 680 3093 753 μέλεσιν
3128 684 3243 751 (45)
3294 681 3622 751 ἐπεσκίαξες,
3670 693 3763 739 καὶ
3798 708 3909 741 συν-

2320 765 2610 839 εσταλμένῳ
2686 769 2783 841 ὅλῳ
2836 779 2907 841 τῷ
2979 770 3200 844 ὀργάνῳ,
3259 775 3395 824 κατά
3460 777 3550 834 τὰς
3622 782 3909 852 νυκτερινὰς

2320 855 2452 926 ὧρας
2518 856 3019 931 ἀνθομολογούμενός
3065 869 3136 931 τῷ
3183 868 3317 930 Θεῷ,
3371 868 3481 923 τοῖς
3532 872 3631 914 τῶν
3678 861 3907 938 δακρύων

2320 942 2524 1014 ὀχετοῖς
2567 951 2658 1004 τὴν
2699 945 2942 1018 γενειάδα
2998 948 3260 1022 ἓμϐροχον
3300 952 3679 1024 καθωμάλιζες,
3723 961 3826 1007 Καὶ
3866 962 3910 1009 τί

2317 1050 2381 1103 με
2439 1029 2524 1085 δεῖ
2591 1035 2891 1107 καταλέγειν
2946 1038 3189 1106 ἕκαστα;
3250 1042 3531 1099 Μνήσθητι
3596 1044 3695 1095 ὅσα
3759 1044 3906 1115 ἁγίων

2323 1124 2560 1193 στόματα
2626 1124 2876 1197 φιλήματι
2941 1129 3290 1199 κατησπάσω,
3361 1132 3461 1181 ὅσα
3529 1134 3639 1207 ἱερά
3699 1139 3910 1205 σώματα

2316 1211 2659 1282 περιεπτύξω,
2694 1216 2807 1265 ὅσοι
2849 1234 2942 1266 σου
2971 1218 3060 1276 τὰς
3111 1225 3299 1290 χεῖρας
3330 1220 3396 1279 ὡς
3439 1217 3737 1294 ἀχράντους
3776 1242 3888 1298 περι

2312 1298 2528 1351 έθαλπον
2560 1316 2574 1330 ⁸
2617 1303 2730 1354 ὅσοι
2764 1300 2941 1356 δοῦλοι
2996 1313 3149 1372 Θεοῦ,
3205 1308 3377 1381 ὥσπερ
3416 1307 3643 1382 λατρεῖς,
3686 1309 3909 1386 ὑπέδρα-

2308 1407 2403 1459 μον
2433 1396 2539 1451 τοῖς
2569 1396 2753 1462 γόνασί
2784 1412 2877 1444 σου
2900 1394 3337 1469 περιπλεκόμενοι.

2377 1482 2428 1531 2.
2459 1484 2557 1531 Καὶ
2595 1483 2784 1533 τούτων
2825 1486 2882 1533 1'6
2932 1482 3070 1544 τελος
3107 1489 3159 1536 τί
3193 1501 3205 1550 ;
3249 1492 3521 1557 Μοιχικῆς
3578 1492 3755 1560 φήμης
3799 1486 3907 1542 δια-

2308 1566 2454 1638 ϐολὴ,
2517 1568 2699 1642 βέλους
2763 1572 2999 1647 ὀξύτερον
3048 1570 3385 1648 διιπταμένη,
3432 1584 3711 1650 τιτρώσκει
3765 1583 3908 1651 ἡμῶν

2304 1659 2399 1718 τὰς
2458 1657 2637 1729 ἀκοὰς,
2678 1659 3004 1735 ἀκμαιοτέρῳ
3061 1667 3251 1738 κέντρῳ
3304 1668 3369 1718 τά
3424 1667 3709 1739 σπλάγχνα
3762 1670 3907 1742 ἡμῶν

535 1770 979 1827 compungens.
1023 1754 1161 1817 Quae
1188 1756 1312 1807 tam
1369 1751 1691 1809 artiﬁciosa
1745 1754 2183 1825 praestigiatoris

2306 1742 2677 1818 διανύττουσᾳ.
2735 1756 2825 1813 Τίς
2879 1752 2907 1809 ἡ
2964 1760 3053 1804 τοῦ
3092 1758 3277 1824 γόητος
3316 1755 3431 1825 (46)
3488 1760 3721 1815 τοσαύτη
3780 1761 3910 1811 ἔντε-

527 1844 787 1902 versutia
832 1843 893 1897 in
923 1846 1049 1897 tam
1078 1840 1483 1914 perniciosum
1536 1858 1747 1897 casum
1801 1847 1853 1896 te
1886 1843 2141 1913 conjecit
2169 1845 2197 1900 ?

529 1938 816 2001 Quaenam
847 1931 1071 1988 diaboli
1098 1930 1346 1986 sinuosa
1375 1930 1525 1986 retia
1582 1936 1636 1986 te
1695 1932 2191 2002 constringentia,

524 2024 761 2081 virtutis
793 2039 1007 2078 nervos
1038 2020 1381 2077 immobiles
1412 2020 1849 2078 reddiderunt?
1899 2024 2024 2087 Quo
2086 2023 2191 2079 ab-

520 2116 640 2171 iere
692 2114 970 2169 laborum
1002 2117 1243 2168 tuorum
1288 2110 1662 2166 narrationes
1692 2112 1719 2166 ?
1766 2111 1881 2166 Sed
1933 2112 2190 2169 fortasse

523 2220 766 2275 tequum
797 2217 920 2257 non
951 2206 1037 2256 est
1066 2200 1158 2255 his
1189 2199 1372 2255 ﬁdem
1398 2199 1684 2255 adhibere
1710 2200 1737 2253 ‘?
1769 2202 1837 2255 Et
1877 2201 2188 2273 quomodo

519 2308 643 2347 non
675 2308 745 2347 ex
795 2289 1128 2346 manifestis
1160 2304 1231 2344 ea
1260 2289 1439 2344 etiam
1472 2289 1788 2344 credemus
1817 2306 1952 2361 quae
1989 2290 2187 2346 hacte-

515 2396 633 2437 nus
666 2379 1026 2436 abscondita
1056 2378 1335 2433 fuerunt?
1362 2377 1661 2449 siquidem
1685 2379 1918 2433 animas
1945 2396 2079 2451 quae
2107 2379 2187 2436 ad

518 2473 707 2526 Deum
782 2468 1229 2537 confugiebant,
1274 2467 1633 2538 juramentis
1701 2468 2018 2523 horrendis
2080 2468 2185 2524 ob-

519 2558 826 2627 strinxisti,
878 2575 1015 2613 cum
1075 2562 1279 2612 tamen
1335 2556 1695 2613 nominatim
1734 2556 2034 2629 quidquid
2090 2558 2184 2613 his

518 2646 764 2714 voculis,
795 2653 878 2703 est
911 2651 967 2701 et
1005 2662 1145 2715 non,
1179 2644 1440 2716 amplius
1475 2650 1582 2713 est,
1625 2644 1868 2700 diabolo
1900 2645 2185 2702 attribua-

516 2742 614 2793 tur
644 2739 712 2791 ‘9.
749 2737 955 2808 Itaque
986 2734 1164 2790 simul
1206 2750 1451 2807 quoque
1484 2734 1719 2790 exitiosi
1749 2734 1996 2806 perjurii
2022 2734 2183 2792 fuisti

519 2842 798 2898 sponsor,
829 2829 1009 2896 atque
1056 2823 1283 2878 institui
1314 2822 1552 2878 ascetici
1583 2822 1927 2879 charactere
1948 2823 2009 2879 in
2036 2840 2180 2879 con-

515 2919 811 2987 temptum
844 2912 1126 2982 adducto,
1160 2912 1239 2967 ad
1276 2911 1586 2984 apostolos
1632 2928 1829 2983 usque
1854 2912 2179 2985 ipsumque

515 3004 838 3059 Dominum
868 3002 1129 3058 dedecus
1155 3017 1225 3057 ac
1263 3001 1577 3057 infamiam
1617 3000 2023 3057 transmisisti.
2074 3003 2179 3057 De-

2302 1855 2432 1907 χνος
2488 1838 2722 1891 ποικιλία
2778 1839 2849 1900 εἰς
2877 1846 3125 1894 τοσοῦτὸν
3172 1846 3283 1913 (47)
3341 1863 3398 1896 σε
3436 1851 3751 1919 περιήγαγεν
3799 1847 3908 1900 ὀλέ-

2303 1925 2445 1997 θριον
2492 1926 2793 1999 σκελισμα;
2839 1934 2971 1981 Ποία
3019 1929 3320 1983 πολύπλοκα
3358 1940 3448 1984 τοῦ
3508 1929 3757 1986 διαϐόλου
3826 1932 3910 1988 δί-

2299 2031 2451 2079 κτυα,
2521 2016 2933 2088 περισφίγξαντα
2978 2038 3056 2083 σε,
3114 2022 3206 2081 τάς
3272 2029 3369 2083 τῆς
3422 2022 3603 2094 ἀρετῆς
3650 2023 3910 2097 ἐνεργείας

2299 2102 2577 2165 ἀκινήτους
2608 2103 2904 2178 ἀπήλεγξε;
2942 2115 3047 2160 Ποῦ
3086 2128 3177 2181 μοι
3224 2111 3287 2161 τὰ
3328 2107 3641 2184 δίηγήματα
3668 2122 3769 2164 τῶν
3811 2122 3909 2165 σῶν

2296 2198 2461 2245 πόνων
2494 2198 2700 2264 οῖχεται
2734 2212 2748 2261 ;
2780 2195 2918 2268 Ἀρα
2954 2199 3053 2270 γάρ
3096 2195 3392 2257 ἀπιστῆσαι
3424 2199 3564 2262 ἀξιον
3595 2217 3608 2267 ;
3663 2206 3767 2253 Καὶ
3805 2209 3909 2263 πῶς

2294 2282 2422 2353 οὐχὶ
2480 2281 2534 2333 ἐκ
2583 2292 2681 2334 τῶν
2713 2282 2937 2357 ἐναργῶν
2987 2291 3076 2338 καὶ
3128 2289 3195 2339 τὰ
3232 2292 3355 2350 τέως
3397 2287 3559 2361 ἀφανῆ
3610 2289 3677 2350 εἰς
3718 2295 3905 2342 πίστιν

2297 2368 2553 2444 δεξόμεθα
2586 2390 2597 2441 ς
2643 2373 2685 2424 εξ
2741 2377 2835 2435 τὰς
2865 2383 2937 2445 τῷ
2970 2383 3083 2447 Θεῷ
3132 2381 3537 2450 προσφυγούσας
3567 2379 3675 2447 (48)
3713 2378 3908 2451 ψυχὰς

2295 2468 2531 2533 φρικτοίς
2604 2464 2779 2535 ὅρκοις
2843 2464 3200 2533 κατέκλεισας,
3272 2467 3424 2519 ὁπότε
3471 2473 3907 2541 παρατετηρημέ-

2290 2569 2387 2611 νως
2432 2557 2524 2601 τοῦ
2584 2556 2668 2603 ναὶ
2743 2557 2832 2604 καὶ
2876 2561 2967 2605 τοῦ
3043 2553 3100 2605 ού
3148 2558 3205 2606 1'6
3258 2559 3497 2628 περιττὸν
3545 2565 3616 2627 τῷ
3667 2553 3909 2630 διαϐόλῳ

2290 2658 2721 2713 προσνενεμηται,
2789 2642 2951 2715 Ὁμοῦ
3020 2649 3190 2696 τοίνυν
3264 2649 3354 2697 καὶ
3430 2651 3721 2721 παρορκίας
3796 2647 3907 2700 ὄλε-

2293 2729 2438 2801 θρίου
2486 2734 2700 2801 γέγονας
2750 2733 2952 2803 ἔγγυος,
3024 2737 3113 2784 καὶ
3173 2732 3425 2805 φαυλίσας
3479 2742 3570 2795 τῆς
3620 2732 3907 2797 ἀσκήσεως

2288 2819 2373 2867 τόν
2404 2828 2746 2892 χαρακτῆρα,
2786 2825 2951 2893 μέχρι
2998 2830 3097 2873 τῶν
3138 2821 3439 2875 ἀποστόλων
3492 2828 3580 2875 καὶ
3609 2823 3781 2875 αὐτοῦ
3816 2833 3905 2877 τοῦ

2292 2912 2484 2981 Κυρίου
2550 2906 2847 2980 ἀνέπεμψας
2897 2912 2955 2962 τὸ
3014 2907 3224 2983 αἶσχος.
3287 2917 3647 2985 Κατῄσχυνας
3694 2917 3759 2965 τὸ
3814 2923 3907 2975 τῆς

2288 2994 2493 3066 ἁγνείας
2567 3000 2849 3069 καύχημα,
2926 2997 3191 3071 ἐμωμήσω
3264 3009 3360 3063 τῆς
3436 3004 3787 3074 σωφροσύνης
3846 3005 3903 3054 1'6

516 3092 816 3148 decorasti
847 3090 1135 3147 castitatis
1175 3089 1636 3159 gloriationem;
1676 3089 1813 3144 labe
1871 3090 2179 3162 aspersisti

2297 3082 2621 3158 ἐπάγγελμα·
2664 3085 2942 3160 ἐγενόμεθα
2994 3089 3343 3161 αἰχμαλώτων
3402 3087 3719 3165 τραγῳδία’
3772 3092 3904 3146 Ἰου-

518 3180 896 3236 continentia:
937 3186 1163 3247 votum,
1192 3179 1569 3251 captivorum
1606 3178 1747 3234 facti
1796 3196 2010 3234 sumus
2060 3183 2179 3235 tra-

518 3269 735 3340 goedia,
764 3286 800 3324 a
827 3269 1046 3323 Judaeis
1076 3274 1132 3323 et
1157 3268 1478 3339 gentilibus
1530 3284 1624 3323 res
1676 3266 1897 3323 nostr'ae
1940 3269 2001 3323 in
2052 3286 2179 3325 sce-

517 3374 663 3413 nam
686 3363 742 3412 et
773 3362 942 3412 actus
964 3357 1363 3412 deducuntur.
1414 3356 1707 3412 Discidisti
1737 3358 2177 3414 monachorum

518 3446 752 3513 studia;
805 3446 1212 3516 diligentiores
1245 3446 1658 3518 cautioresque
1708 3446 1768 3501 in
1798 3452 2024 3502 metum
2054 3448 2179 3504 for-

516 3535 928 3607 midinemque
960 3533 1283 3604 conjecisti,
1333 3534 1532 3589 adhuc
1564 3535 1791 3591 diaboli
1819 3540 2176 3607 potestatem

517 3626 931 3693 admirantes;
965 3622 1426 3694 negligentiores
1473 3640 1609 3679 vero
1659 3624 1738 3680 ad
1788 3625 2173 3697 sequendum

513 3715 957 3772 incontinentiae
1006 3712 1350 3785 exemplum
1418 3713 1751 3769 traduxisti.
1815 3715 2170 3787 Dissolvisti,

515 3811 809 3878 quantum
843 3807 905 3861 in
936 3811 987 3861 te
1020 3802 1571 3873 fuit,gloriationem
1600 3804 1957 3877 Christi,qui
1981 3804 2169 3862 dixit:

517 3896 828 3965 Conﬁdz‘te,
891 3910 994 3965 ego
1050 3895 1167 3949 vici
1219 3893 1509 3947 mundum
1543 3894 1613 3961 ⁵ο,
1655 3893 1907 3965 ejusque
1958 3894 2173 3965 princi.

514 3998 674 4054 pem.
711 3986 1047 4038 Creatorem
1076 3981 1385 4037 dedecoris
1415 3980 1703 4036 miscuisti
1753 3983 1980 4053 patriaa.
2029 3985 2171 4039 Vere

511 4070 834 4143 implevisti
860 4070 1268 4138 Proverbium,
1312 4071 1480 4125 Velut
1531 4085 1739 4126 cervus
1765 4072 1987 4141 sagitta
2018 4076 2171 4129 ictus

512 4161 571 4215 in
589 4161 873 4229 jecore“.
911 4159 1023 4216 Sed
1046 4158 1193 4231 quid
1212 4159 1339 4229 jam
1363 4159 1389 4214 ?
1417 4162 1543 4214 Non
1568 4158 1778 4214 cecidit
1808 4160 2172 4217 fortitudinis

512 4250 709 4319 turris,
735 4267 771 4306 o
806 4249 985 4304 frater
1017 4265 1029 4303 :
1060 4264 1184 4304 non
1210 4248 1657 4304 obsorduerunt
1687 4249 2069 4305 correctionis
2099 4267 2170 4307 ac

510 4340 914 4399 convectionis
930 4338 1215 4395 remedia:
1237 4354 1359 4394 non
1378 4337 1622 4394 occlusa
1643 4342 1731 4394 est
1750 4338 1957 4394 civitas
1974 4339 2169 4411 perfu-

510 4433 613 4502 gii.
647 4435 723 4487 Ne
772 4432 833 4485 in
862 4429 1165 4503 profundo
1199 4429 1496 4484 malorum
1545 4444 1926 4500 permaneas,
1962 4445 2072 4485 nec
2113 4434 2167 4486 te

507 4521 708 4577 trades
738 4518 1251 4576 homicidae.Novit
1273 4517 1563 4573 Dominus
1595 4518 1774 4573 elisos
1803 4518 2050 4589 erigere.
2086 4522 2166 4577 Ne

505 4610 717 4684 procul
745 4610 963 4679 fugias,
987 4609 1094 4664 sed
1124 4608 1202 4665 ad
1226 4624 1335 4665 nos
1372 4624 1628 4664 recurre.
1662 4610 1917 4664 Resume
1948 4609 2165 4666 iterum

504 4699 743 4756 labores
781 4698 1098 4770 juveniles,
1149 4696 1430 4753 secundis
1476 4702 1633 4753 recte
1660 4694 1832 4753 factis
1861 4697 2031 4753 humi
2078 4715 2165 4755 re-

507 4794 747 4862 pentem
790 4782 1220 4861 sordidamque
1259 4788 1627 4860 voluptatem
1657 4786 1884 4844 delens.
1916 4788 2162 4862 Respice

576 4917 622 4951 ‘9
652 4914 850 4972 Matth.
880 4929 937 4986 v,
963 4917 1049 4970 37.
1129 4915 1176 4949 5°
1205 4916 1376 4970 Joan.
1411 4928 1521 4980 ενι,
1543 4915 1630 4969 33.

577 5060 685 5130 (45)
716 5060 955 5114 Μέλεσιν.
981 5057 1151 5114 Coisl.
1186 5057 1419 5130 primus
1448 5060 1675 5130 μέρεσιν.

574 5127 685 5203 (46)
726 5139 826 5183 Τοῦ
856 5136 1065 5203 γόητος.
1090 5127 1400 5203 Suspecta:
1448 5127 1605 5203 'm'ihi
1658 5132 1797 5203 sunt
1826 5127 1919 5184 haa
1938 5144 2154 5203 _voces,

500 5200 637 5275 quae
669 5200 1013 5275 'desuntin
1065 5200 1313 5275 duobus
1372 5200 1795 5256 vetustissimis
1844 5200 2155 5257 codicibus

500 5273 657 5332 Harl.
692 5281 747 5330 et
782 5273 952 5331 Coisl.
988 5273 1203 5344 primo.

570 5348 681 5417 (47)
716 5346 802 5407 Εἰς
829 5342 1097 5397 τοσοῦτον.
1136 5346 1273 5413 Reg.
1307 5342 1608 5417 secundus
1648 5342 1716 5403 εἰς
1756 5343 1930 5397 τοῦτο.
1965 5343 2152 5400 Paulo

497 5413 637 5490 post
664 5413 799 5472 Cod.
826 5419 1083 5472 Clarom.
1109 5413 1491 5490 ύποσκέλισμα.
1810 5430 1817 5434 ·

712 5492 1145 5563 Προσφυγούσας.
1180 5489 1304 5563 D_uo
1332 5502 1476 5563 mss.
1509 5487 1956 5563 προσφεύγούσας.

567 5555 673 5627 (49)
710 5555 809 5612 Καὶ
835 5555 1151 5615 τόντούτου.
1198 5557 1346 5630 Editi
1376 5561 1466 5607 καὶ
1495 5555 1580 5607 τόν
1605 5555 1694 5608 τοῦ
1716 5561 1915 5630 κόσμου
1938 5561 2145 5613 τούτου.

495 5629 714 5685 Omnes
749 5632 939 5688 nostri
964 5632 1200 5689 codices
1231 5634 1297 5685 ut
1324 5629 1387 5685 in
1420 5632 1603 5685 textu.

2290 3170 2464 3237 δαίοις
2532 3180 2622 3227 καὶ
2696 3174 2914 3235 Ἕλλησι
2967 3175 3451 3255 δραματουργεῖται
3524 3184 3589 3231 τὰ
3648 3182 3901 3257 ἡμέτερα.

2288 3267 2517 3336 Διέτεμες
2576 3269 2815 3341 φρόνημα
2860 3277 3128 3339 μοναχῶν,
3179 3272 3297 3329 τοὺς
3355 3267 3758 3343 ἀκριϐεστέρους
3830 3270 3899 3332 εἰς

2289 3352 2441 3425 φόϐον
2486 3358 2573 3406 καὶ
2630 3352 2825 3408 δειλίαν
2876 3361 3084 3430 ἤγαγες,
3124 3360 3489 3431 θαυμάζοντας
3518 3362 3592 3411 ἔτι
3640 3367 3734 3412 τοῦ
3781 3358 3899 3413 dca-

2288 3441 2438 3495 ϐόλου
2495 3448 2588 3502 τὴν
2648 3441 2869 3519 δύναμιν
2899 3462 2912 3475 ⁸
2965 3452 3087 3507 τούς
3126 3444 3448 3523 ἀδιαφόρους
3490 3448 3556 3509 εἰς
3608 3446 3898 3509 ἀκολασίας

2288 3531 2441 3592 ζῆλον
2492 3536 2798 3605 μετέθηκας.
2853 3534 3099 3605 Ἐλυσας,
3153 3539 3274 3590 ὅσον
3349 3536 3434 3590 ἐπὶ
3495 3542 3599 3605 σοὶ,
3667 3541 3728 3590 1'6
3809 3546 3896 3591 τοῦ

2285 3627 2519 3696 Χριστοῦ
2592 3627 2874 3697 καύχημα,
2944 3624 3214 3700 Θαρῥεῐτε,
3269 3626 3522 3699 λέγοντος,
3599 3625 3701 3699 ἐγὼ
3772 3632 3896 3680 νενί-

2282 3732 2422 3769 κηκα
2470 3716 2555 3764 τόν
2611 3719 2830 3787 κόσμον,
2897 3720 2986 3767 καί
3060 3720 3146 3767 τόν
3200 3720 3382 3769 τούτου
3441 3718 3552 3787 (49)
3613 3718 3888 3789 ἄρχοντα.

2285 3800 2565 3875 Ἐκέρασας
2611 3811 2671 3876 τῇ
2748 3800 2971 3877 πατρίδι
3032 3814 3273 3879 κρατῆρα
3328 3802 3636 3878 δυσφημίας
3670 3822 3682 3833 ·
3739 3811 3896 3866 ὄντως

2283 3890 2354 3951 εἰς
2384 3894 2528 3963 ἔργον
2570 3896 2763 3964 ἤγαγες
2796 3896 2852 3944 τό
2898 3902 2989 3954 τῆς
3039 3898 3334 3968 Παροιμίας
3374 3898 3482 3965 (50)
3514 3912 3527 3925 '
3570 3894 3658 3957 Ὠς
3706 3896 3897 3968 ἔλαφος

2279 3979 2533 4042 τοξευθεὶς
2595 3982 2662 4043 εἰς
2730 3984 2786 4032 τό
2831 3983 2994 4055 ἧπαρ.
3042 3983 3196 4036 Ἀλλά
3244 3988 3296 4035 τί
3350 3991 3482 4051 νῦν;
3547 3984 3623 4036 Ou’
3684 3988 3900 4037 πέπτω-

2280 4087 2362 4120 κεν
2414 4070 2439 4120 ό
2494 4077 2584 4129 τῆς
2625 4069 2813 4141 ἰσχύος
2861 4074 3079 4147 πύργος,
3123 4069 3354 4145 ἀδελφέ’
3398 4071 3491 4125 ούκ
3531 4072 3791 4146 ἐμωμὴθη
3830 4062 3904 4127 τά

2278 4165 2369 4217 τῆς
2412 4155 2727 4231 ἐπιστροφῆς
2758 4161 3008 4232 φάρμακα
3040 4176 3053 4190 ’
3111 4160 3204 4213 ούκ
3240 4159 3553 4219 ἀπεκλείσθη
3584 4170 3676 4214 τοῦ
3734 4183 3903 4221 κατα,

2280 4252 2591 4322 φευκτηρίου
2651 4249 2679 4305 ἡ
2740 4247 2903 4310 πόλις.
2955 4253 3040 4308 Μὴ
3085 4258 3157 4320 τῷ
3210 4248 3364 4323 βάθει
3408 4258 3508 4303 τῶν
3556 4259 3732 4302 κακῶν
3776 4251 3900 4304 ἔνα-

2278 4340 2521 4409 πομείνῃς
2553 4358 2565 4369 ·
2600 4337 2670 4408 μῆ
2708 4342 2927 4410 χρήσῃς
2951 4340 3064 4409 (51)
3099 4343 3317 4392 σεαυτόν
3346 4348 3418 4411 τῷ
3451 4338 3896 4415 ἀνθρωποκτόνῳ.

2279 4422 2434 4478 Οἶδεν
2484 4424 2728 4501 ἀνορθοῦν
2768 4426 3208 4503 κατερῥαγμένους
3259 4431 3284 4481 ό
3345 4432 3553 4505 Κύριος.
3611 4436 3778 4503 Φεῦγε
3821 4436 3898 4505 μή

2274 4520 2498 4590 μακρὰν,
2549 4516 2675 4569 ἀλλά
2721 4521 2850 4593 πρὸς
2901 4520 3037 4593 ἡμᾶς
3080 4517 3368 4595 ἀνάδραμε.
3418 4520 3666 4573 Ἀνάλαϐε
3727 4523 3897 4574 πάλιν

2273 4611 2537 4669 νεανικοὺς
2601 4611 2807 4677 πόνους,
2873 4604 3134 4682 δευτέροις
3207 4612 3585 4683 κατορθώμασι
3654 4607 3902 4663 διαλύων

2272 4701 2365 4755 τὴν
2403 4697 2740 4770 χαμαίζηλον
2779 4702 2867 4751 καὶ
2907 4695 3140 4770 γλοιώδη
3181 4700 3294 4771 (52)
3327 4696 3543 4759 ἡδονήν.
3574 4699 3905 4756 Ἀνοὶνευσὸν

2273 4786 2339 4847 εἰς
2377 4790 2464 4845 τὴν
2495 4795 2586 4840 τοῦ
2642 4786 2816 4851 τέλους
2869 4790 3088 4863 ἡμέραν,
3143 4787 3278 4843 οὕτω
3339 4794 3783 4864 προσιγγίσασαν
3829 4800 3900 4865 τῇ

1707 4914 1749 4948 ⁵⁸
1780 4915 1951 4970 Prov.
1973 4930 2091 4983 vm,
2116 4917 2216 4982 22,
2246 4916 2335 4970 23.

2340 5054 2459 5143 ($5.0).
2612 5064 2702 5143 τῇς
2730 5061 3035 5143 παροιμίας.
3097 5057 3189 5143 ξίο
3240 5056 3731 5143 emendavimus,
3756 5075 3908 5143 ὀρθ

2269 5126 2493 5202 codicis
2522 5128 2677 5183 Harl.
2716 5134 2773 5184 et
2801 5126 3058 5186 aliorum
3096 5130 3380 5198 duorum,
3414 5129 3582 5202 quod
3638 5126 3777 5188 erat
3818 5126 3911 5190 1n

2266 5198 2447 5274 editis
2463 5202 2551 5259 τάς
2579 5206 2885 5274 παροιμίας.

2348 5272 2458 5350 (51)
2487 5276 2574 5350 itif;
2604 5271 2858 5350 minus.
2878 5273 2968 5328 Sic
2999 5272 3180 5342 Harl.,
3207 5271 3382 5329 Coisl.
3406 5272 3641 5345 primus
3673 5278 3734 5332 et
3763 5278 3913 5334 tres

2263 5342 2384 5403 alii.
2418 5342 2567 5416 Editi
2607 5348 2677 5416 μῄ
2711 5342 2950 5416 χρῄζῃς.

2330 5416 2437 5489 (52)
2478 5411 2885 5490 Γλοιώὃήῖξξοζ
2918 5415 3055 5473 cod.
3086 5415 3341 5490 Clarom.
3376 5420 3433 5471 et
3464 5415 3678 5490 Paria,
3716 5433 3914 5490 quo-

2258 5486 2397 5562 rum
2410 5486 2717 5562 scriptura
2732 5486 2969 5562 videtur
2990 5488 3367 5562 praeferenda
3383 5493 3439 5543 et
3458 5487 3635 5562 editis
3658 5489 3721 5562 in
3738 5486 3921 5562 'qui-

2256 5558 2377 5633 bus
2408 5555 2624 5633 legitur
2651 5555 2923 5633 yluxa’id‘n,
2958 5555 3015 5633 et
3038 5559 3166 5633 aliis
3195 5576 3346 5616 mss.
3376 5559 3604 5633 partim
3652 5555 3916 5633 γλνῶδη

2256 5628 2649 5698 habentibus,
2684 5630 2907 5702 partim
2942 5626 3221 5703 γελοιὼδη.
