4070 6194
203 278 307 334 369

1205 280 1695 339 EPISTOLARUM
1735 278 2018 337 CLASSIS
2056 281 2098 336 l.
2141 280 2357 337 EPIST.
2400 282 2574 338 XLVI.

3473 284 3580 337 3'70

203 402 309 474 ζωῇ
356 404 528 474 ἣμῶν,
568 404 658 454 καὶ
693 404 857 473 γνῶθι
904 410 1012 466 πῶς
1047 403 1228 458 λοιπὸν
1265 403 1533 460 Ἰουδαίων
1572 410 1662 460 καὶ
1708 404 1801 460 Ἐλ-

1925 404 2005 461 ad
2032 403 2170 460 ﬁnis
2199 405 2382 474 diem,
2427 406 2510 463 ita
2532 406 2662 462 vitae
2694 409 2912 464 nostrae
2944 406 3211 463 vicinum
3240 422 3311 463 ac
3341 406 3590 479 propin-

200 489 364 548 λήνων
412 487 605 552 παῖδες
635 491 1026 546 συνελαύνονται
1064 498 1192 568 πρὸς
1243 495 1552 564 θεοσέϐειαν,
1602 500 1689 548 καὶ
1743 499 1812 568 μὴ

203 579 519 643 ἁπαξαπλῶς
549 579 822 656 ἀπαρνήσῃ
867 586 955 635 τὸν
995 591 1086 636 τοῦ
1117 589 1319 658 κόσμου
1360 593 1593 659 Σωτῆραο
1633 589 1704 658 μή
1755 603 1813 637 σε

201 671 234 726 ἠ
267 666 670 744 φρικωδεστάτη
722 671 886 730 ἐκείνη
933 671 1199 748 καταλάϐῃ
1258 673 1536 749 ἀπόφασις,
1569 677 1667 742 ὅτι,
1702 674 1813 726 Ούκ

202 755 328 812 οῖδα
354 759 508 832 ὑμᾶς,
542 765 677 824 τίνες
708 760 844 816 ἐστέ.

682 938 798 1010 (53)
838 946 1165 996 ΕΡΙΣΤΟΛΗ
1204 942 1331 1009 Mq'.

1923 509 2135 566 quum,
2165 499 2426 550 etnosce
2453 495 2765 567 quomodo
2787 496 2917 565 jam
2946 497 3291 552 Iudaeorum
3313 501 3370 551 et
3389 495 3587 551 Genti-

1921 581 2070 638 lium
2096 582 2204 638 ﬁlii
2233 583 2311 640 ad
2333 584 2434 639 Dei
2464 584 2690 640 cultum
2723 585 3306 656 compelluntur,nec
3335 585 3585 641 omnino

1923 671 2188 742 abneges
2217 673 2432 728 mundi
2461 674 2838 730 Servatorem
2866 692 2878 729 :
2912 689 2987 730 ne
3014 679 3067 730 te
3106 674 3370 730 maxime
3399 673 3587 730 horri-

1923 759 2059 816 bilis
2090 760 2190 818 illa
2221 762 2699 835 comprehendat
2734 763 3066 818 sententia:
3116 765 3255 818 Non
3291 765 3432 819 novi
3459 777 3578 833 vos,

1922 851 2168 922 quinam
2195 853 2324 908 silis
2347 854 2416 907 ⁵³.

2351 943 2688 999 EPISTOLA
2731 943 2885 996 XLVI
2949 941 3149 1013 135.

207 1027 484 1104 Virginem
500 1027 711 1099 lapsam
725 1028 1077 1104 vehementer
1090 1035 1278 1103 arguit
1293 1035 1488 1087 auctor
1511 1031 2020 1104 epistolae,_eamquc
2039 1030 2382 1104 virginitatis
2399 1034 2537 1096 volo,
2555 1030 2695 1101 quod
2711 1030 2961 1100 negabat,
2981 1047 3102 1085 vere
3113 1030 3432 1104 obstrictum
3445 1030 3583 1104 fuis-

264 1114 324 1174 se
341 1098 684 1174 demonstrat
697 1113 725 1174 ,f
735 1117 803 1174 ac
815 1100 1057 1158 dolorem
1072 1098 1232 1157 suum
1247 1098 1551 1174 signiﬁcat,
1570 1103 1731 1173 quod,
1758 1101 1970 1174 Christo
1999 1098 2495 1174 spon'sorderelicto,
2527 1098 2759 1174 impium
2782 1098 3159 1174 corruptorem
3196 1098 3581 1168 elegeritPos-

265 1173 440 1225 tremo
461 1173 683 1233 mortis,
695 1171 905 1241 judicii
927 1178 979 1228 et
1004 1177 1202 1230 aeterni
1218 1171 1478 1248 supplicii
1498 1171 1670 1243 metu,
1694 1191 1757 1229 ac
1776 1189 1868 1244 spe
1888 1172 2280 1227 misericordiae
2302 1173 2503 1227 divina:
2525 1171 3006 1243 ad’parnilentiam
3037 1172 3304 1226 adducere
3328 1175 3579 1226 conatur.

612 1262 749 1332 Πρὸς
774 1263 1024 1336 παρθένον
1053 1262 1394 1318 ἐκπεσοῦσαν.

265 1350 311 1401 1.
339 1352 454 1398 Νῦν
507 1352 693 1422 καιρός
735 1347 988 1408 ἐκϐοῆσαι
1033 1355 1090 1404 τὸ
1135 1353 1454 1426 προφητικὸν
1494 1349 1673 1417 ἐκεῖνο,
1719 1356 1808 1404 καὶ

188 1435 368 1489 εἰπεῖν·
402 1440 496 1496 Τίς
525 1433 691 1490 δώσει
722 1446 783 1510 τῇ
817 1439 1008 1513 κεφαλῇ
1037 1460 1138 1513 μου
1170 1437 1339 1514 ὕδωρ,
1369 1446 1460 1493 καὶ
1487 1449 1591 1502 τοῖς
1623 1441 1809 1514 ὀφθαλ-

186 1531 304 1596 μοῖς
333 1545 438 1597 μου
468 1530 652 1597 πηγὴν
683 1522 947 1600 δακρύων,
998 1534 1088 1581 καὶ
1117 1529 1412 1603 κλαύσομαι
1438 1533 1557 1592 τούς
1589 1550 1806 1604 τετραυ-

185 1618 544 1685 ματισμένους
575 1618 693 1682 (54)
728 1617 986 1693 θυγατρὸς
1005 1617 1132 1670 λαοῦ
1157 1639 1259 1691 μου
1285 1638 1298 1687 ;
1347 1619 1406 1673 Εἰ
1431 1622 1531 1693 γὰρ
1563 1624 1652 1672 καὶ
1681 1622 1806 1672 τού-

181 1722 299 1764 τους
340 1701 548 1775 βαθεῖα
577 1709 816 1778 περιέχει
848 1711 995 1779 σιγὴ,
1043 1714 1132 1760 καὶ
1171 1716 1366 1761 κεῖνται
1397 1709 1538 1771 ἅπαξ
1572 1728 1799 1783 κεκαρω-

2376 1261 2486 1316 Ad
2524 1261 2806 1330 virginem
2849 1262 3104 1329 lapsam.

1991 1352 2039 1403 l.
2082 1351 2248 1404 Nunc
2275 1352 2516 1421 tempus
2553 1349 2932 1404 exclamandi
2964 1348 3380 1420 propheticum
3410 1348 3577 1418 illud,

1915 1451 1984 1493 ac
2008 1437 2274 1493 dicendi:
2312 1439 2451 1506 Quis
2476 1439 2640 1495 dabit
2665 1440 2854 1508 capiti
2877 1455 3001 1494 meo
3033 1454 3272 1509 aquam,
3307 1445 3363 1494 et
3388 1441 3579 1494 oculis

1913 1531 2055 1584 meis
2075 1529 2305 1598 fontem
2339 1530 2773 1599 lacrymarum,
2797 1534 2851 1584 et
2879 1528 3203 1598 (lcplorabo
3235 1529 3576 1584 vulneratos

1911 1617 2058 1684 ﬁliae
2076 1617 2296 1685 populi
2325 1618 2440 1673 mei
2461 1617 2549 1671 53‘2
2587 1616 2876 1682 Quamvis
2923 1616 3084 1671 enim
3113 1615 3245 1672 illos
3277 1616 3464 1671 altum
3497 1616 3575 1670 si-

1911 1693 2162 1758 lentium
2200 1707 2416 1773 teneat,
2462 1708 2824 1777 jaceantque
2859 1704 3045 1760 semel
3073 1703 3233 1759 malo
3254 1703 3470 1768 obruti,
3504 1719 3574 1760 ac

180 1795 322 1864 μένοι
349 1801 426 1863 τῷ
460 1789 642 1864 δεινῷ,
677 1799 768 1846 καὶ
798 1803 870 1866 τῷ
903 1801 1090 1869 καιρίῳ
1125 1805 1218 1858 τῆς
1253 1797 1455 1870 πληγῆς
1487 1797 1801 1872 ἀφῃρημένοι

1918 1793 2127 1849 lethale
2148 1793 2366 1849 vulnus
2383 1794 2583 1866 ipsum
2610 1794 2790 1850 etiam
2809 1793 2952 1850 mali
2975 1810 3220 1848 sensum
3242 1793 3570 1864 abstulerit;

177 1887 266 1933 καὶ
307 1881 483 1940 αὐτὴν
544 1879 655 1941 ἤδη
705 1891 795 1936 τοῦ
845 1886 1046 1946 πάθους
1086 1890 1178 1944 τὴν
1228 1888 1501 1946 αἴσθησινο
1548 1885 1657 1938 ἀλλ’
1699 1886 1804 1958 οὐχ

178 1973 313 2043 ἡμᾶς
362 1990 426 2042 γε
476 1975 725 2044 παριέναι
773 1969 1036 2047 ἀδακρυτὶ
1068 1983 1316 2028 τοσοῦτον
1364 1984 1553 2048 πτῶμα
1579 1981 1713 2050 χρή.
1746 1975 1806 2029 Εἰ

175 2063 276 2134 γὰρ
309 2059 574 2132 Ἱερεμίας
607 2065 728 2124 τοὺς
764 2061 815 2114 ἐν
839 2062 1043 2136 πολέμῳ
1082 2066 1148 2116 τὰ
1203 2084 1423 2137 σωματα
1473 2064 1805 2137 πεπληγότας

174 2153 384 2221 μυρίων
423 2150 631 2220 θρήνων
670 2147 845 2214 ἀξίους
876 2153 1058 2225 ἔκρινε·
1091 2157 1143 2204 τί
1173 2154 1233 2204 οἶν
1274 2173 1353 2216 τις
1383 2156 1518 2206 εἴποι
1545 2157 1676 2229 πρὸς
1703 2174 1802 2212 τη..

171 2237 433 2294 λικαύτην
464 2237 662 2310 ψυχῶν
696 2244 996 2313 συμφοράη
1029 2243 1095 2294 Οἱ
1122 2246 1443 2318 τραυματίαι
1472 2262 1588 2311 σου,
1621 2248 1799 2315 φησὶν,

174 2326 231 2378 ού
266 2332 613 2401 τραυματίαι
649 2328 935 2402 ῥομφαίας,
983 2336 1073 2383 καὶ
1119 2334 1168 2384 οἱ
1205 2335 1375 2407 νεκροί
1407 2352 1500 2384 σου
1536 2331 1595 2384 ου
1635 2338 1804 2407 νεκροὶ

175 2415 433 2489 religata.
462 2415 622 2468 Ἀλλά
637 2421 691 2469 τό
717 2421 925 2492 κέντρον
948 2427 1036 2472 τοῦ
1067 2423 1216 2481 ὄντως
1248 2423 1490 2489 θανάτου,
1519 2425 1612 2480 τὴν
1641 2421 1806 2493 χαλε-

171 2511 274 2563 m}:
323 2506 605 2579 ἁμαρτίαν
636 2503 918 2582 ὀδύρομαι,
953 2515 1042 2562 καὶ
1071 2512 1138 2562 τὰ
1165 2514 1508 2584 πεπυρωμένα
1535 2517 1626 2563 τοῦ
1648 2531 1803 2570 πονη-

169 2604 264 2670 ροῦ
291 2594 460 2669 βέλη,
495 2595 681 2668 ψυχὰς
719 2598 851 2670 ὁμοῦ
879 2601 1009 2672 μετὰ
1041 2603 1295 2674 σωμάτων
1335 2599 1673 2676 βαρϐαρικῶς
1702 2622 1801 2654 κα-

171 2685 533 2757 ταρλέξαντα.
579 2685 646 2740 ἰΙ
677 2687 880 2760 μεγαλα
909 2690 1022 2760 (55)
1055 2689 1115 2740 ἂν
1146 2690 1440 2753 στενάξειαν
1467 2693 1515 2742 οἱ
1546 2698 1637 2743 τοῦ
1669 2698 1801 2745 Θεοῦ

169 2779 355 2846 νόμοι,
383 2775 698 2834 τηλικοῦτον
723 2778 852 2848 ἄγος
891 2779 974 2830 ἐπὶ
995 2787 1095 2850 γῆς
1125 2778 1502 2845 ἐπιϐλέποντες,
1535 2783 1644 2852 οἶγε
1672 2779 1801 2833 ἀπα-

169 2868 493 2938 Ῥρτὺοντες
532 2865 611 2919 ἀεὶ
655 2871 744 2919 καὶ
775 2866 1018 2940 βοῶντες,
1050 2868 1213 2921 πάλαι
1255 2872 1366 2942 μέν’
1401 2870 1512 2922 Ούκ
1542 2870 1800 2944 ἐπιθυμή-

173 2973 284 3017 σεις
317 2957 421 3012 τήν
464 2962 698 3025 γυναῖκα
725 2963 816 3008 τοῦ
855 2956 1076 3014 πλησίον
1124 2977 1238 3010 σου·
1279 2955 1372 3011 διὰ
1403 2955 1461 3012 δὲ
1505 2968 1604 3011 τῶν
1636 2959 1797 3032 ἁγίων

173 3042 539 3113 Εὗαγγελίων,
574 3043 652 3095 ὅτι
683 3050 788 3104 Πᾶς
814 3045 839 3096 6
879 3043 1138 3116 ἐμϐλέπων
1167 3048 1281 3118 (56)
1330 3052 1542 3118 γυναικί
1568 3052 1695 3120 πρός
1741 3051 1797 3100 τὸ

173 3131 519 3204 ἓπιθνμῆσαι
548 3131 715 3194 αὐτῆς
758 3129 867 3192 ἤδη
902 3132 1208 3206 ἓμοίχευσεν
1239 3135 1400 3194 αὐτὴν
1431 3134 1480 3188 ἐν
1508 3144 1570 3209 τῇ
1602 3134 1800 3211 καρδία
1829 3105 1869 3160 C

175 3222 375 3277 αὐτοῦ.
409 3229 517 3274 Νῦν
545 3218 606 3275 δε
637 3221 894 3297 ἐφορῶσιν
926 3223 1087 3282 αὐτὴν
1119 3221 1280 3286 ἀδεῶς
1299 3231 1681 3298 μοιχευομένην
1707 3235 1799 3279 τοῦ

179 3316 458 3363 Δεσττοτου
484 3312 596 3382 (57)
626 3315 720 3369 τὴν
750 3314 973 3385 νύμφην,
998 3314 1061 3374 ἧς
1083 3315 1112 3371 ἠ
1151 3313 1340 3386 κεφαλὴ
1363 3315 1388 3366 6
1422 3320 1661 3388 Χριστός.
1690 3324 1800 3368 Στε-

183 3399 367 3461 νάξειε
414 3395 464 3450 δ’
506 3399 563 3450 ἂν
597 3405 687 3452 καὶ
732 3401 868 3452 αύτὰ
914 3409 1013 3452 τῶν
1058 3401 1222 3474 ἁγίων
1261 3405 1326 3454 τὰ
1368 3405 1797 3477 πνεύματα(58)⁶

187 3490 375 3548 Φινεὲς
404 3489 492 3558 μὲν
528 3489 552 3539 6
595 3489 855 3554 ζηλωτὴς,
902 3491 981 3542 ὅτι
1032 3495 1102 3563 μὴ
1158 3496 1247 3544 καὶ
1285 3499 1373 3543 νύν
1406 3492 1601 3556 ἔξεστιν
1634 3494 1796 3564 αὐτῷ,

183 3580 281 3628 τὸν
355 3579 697 3648 σειρομάστην
763 3581 896 3651 μετὰ
959 3587 1146 3652 χεῖρας
1197 3579 1426 3652 λαϐόντι,
1490 3591 1802 3656 σωματικῶς

183 3662 484 3722 ἐκδικῆσαι
521 3669 578 3717 τό
617 3669 808 3738 μύσος
861 3667 886 3718 6
939 3663 996 3720 δὲ
1055 3673 1351 3730 Βαπτιστὴς
1410 3670 1669 3741 Ἰωάννης,
1719 3674 1800 3724 ὅτι

176 3759 252 3826 μὴ
285 3750 538 3818 δύναται,
587 3755 882 3808 καταλιπὼν
928 3759 1016 3817 τὰς
1059 3758 1162 3809 οἷνω
1217 3755 1515 3834 διατριϐὰς,
1565 3763 1798 3835 καθάπερ

175 3850 296 3897 τότε
354 3849 456 3904 τὴν
513 3848 724 3919 ἔρημον,
787 3845 870 3898 ἐπὶ
925 3850 1011 3898 τὸν
1060 3847 1276 3920 ἔλεγχον
1321 3857 1417 3912 τῆς
1473 3858 1801 3925 παρανομίας

180 3931 429 4009 δραμεῖν,
475 3941 567 3988 καὶ
630 3937 674 3988 εἰ
716 3938 899 3988 παθεῖν
939 3957 989 3988 τι
1029 3933 1162 4004 δέοι,
1201 3943 1294 3997 τὴν
1346 3939 1572 4012 κεφαλὴν
1607 3941 1800 3995 ἀποθέ-

185 4025 312 4075 σθαι
339 4024 534 4095 μᾶλλον
565 4026 593 4084 ἦ
630 4031 723 4083 τὴν
771 4026 1090 4101 παρρησίαν.
1146 4031 1304 4100 Τάχα
1351 4027 1409 4081 δὲ
1603 4030 1797 4103 μᾶλλον

182 4115 324 4185 εἴπερ
371 4119 467 4165 καὶ
509 4117 660 4186 ἡμῖν,
693 4118 826 4167 κατά
856 4119 943 4167 τὸν
971 4117 1228 4190 μακάριον
1283 4116 1459 4190 Ἅϐελ,
1503 4124 1595 4172 καὶ
1646 4119 1803 4183 αὐτὸς

176 4199 457 4254 ἀποθανὼν
499 4207 576 4255 ἔτι
617 4203 779 4272 λαλεῖ,
834 4209 924 4256 καὶ
963 4213 1050 4256 νῦν
1085 4203 1188 4278 βοᾷ
1227 4211 1316 4258 καὶ
1372 4211 1593 4280 κέκραγε
1622 4210 1800 4280 μεῖζον

181 4294 191 4302 -
237 4293 249 4304 ο
351 4296 362 4305 ι
539 4295 557 4307 ο
719 4298 728 4308 ι
820 4302 840 4312 -
921 4293 932 4309 9
1073 4291 1094 4312 οἱ
1143 4292 1192 4313 νει
1334 4301 1341 4309 -
1536 4297 1546 4312 ν
1635 4299 1679 4314 ’ν
1785 4303 1796 4315 ι

170 4311 196 4343 ο
254 4299 490 4352 [war-nn;
537 4313 564 4351 η
622 4312 736 4365 περι
781 4313 875 4355 της
936 4301 1252 4369 Ηρωοιαοος
1289 4316 1424 4363 τοτε,
1475 4305 1584 4350 Ουκ
1625 4315 1794 4361 εςεστι

173 4400 257 4433 σοι
285 4381 442 4453 ἐχειν
466 4382 648 4438 αὐτὴν,
686 4387 786 4435 Καὶ
814 4385 938 4455 γὰρ,
992 4384 1034 4436 εἰ
1076 4388 1132 4436 τὸ
1184 4393 1337 4458 σῶμα
1369 4385 1629 4453 Ἰωάννου,
1668 4390 1805 4440 κατὰ

1912 1897 2024 1937 nos
2045 1885 2247 1937 tamen
2270 1882 2396 1937 sine
2417 1881 2704 1954 lacrymis
2730 1887 2960 1938 tantum
2991 1895 3201 1937 casum
3227 1883 3573 1954 praetermit-

1911 1973 2032 2026 tere
2075 1986 2199 2026 non
2239 1976 2495 2043 oportet.
2526 1971 2776 2040 Etenim,
2822 1971 2871 2026 si
2915 1987 3175 2044 quorum
3219 1986 3472 2042 corpora
3508 1970 3572 2026 in

1909 2059 2069 2116 bello
2098 2075 2386 2131 percussa
2415 2064 2603 2126 erant,
2651 2075 2754 2115 eos
2800 2060 3085 2116 Jeremias
3117 2059 3450 2114 innumeris
3479 2059 3568 2116 la-

1911 2148 2136 2220 crymis
2164 2149 2380 2218 dignos
2401 2147 2732 2220 judicavit:
2775 2149 3069 2222 quidnam
3099 2149 3236 2220 quis
3272 2148 3485 2204 dixerit
3508 2149 3570 2204 in

1910 2243 2079 2295 tanta
2108 2239 2450 2296 animarum
2473 2239 2850 2296 calamitate?
2883 2241 3198 2296 Vulnerati
3226 2241 3330 2310 tui,
3356 2239 3570 2311 inquit,

1911 2345 2031 2384 non
2061 2334 2201 2384 sunt
2234 2331 2544 2386 vulnerati
2560 2329 2776 2400 gladii,
2822 2334 2874 2384 et
2911 2330 3137 2384 mortui
3167 2331 3257 2384 tui
3283 2345 3403 2385 non
3432 2334 3573 2384 sunt

1910 2418 2137 2474 mortui
2175 2418 2401 2474 belli“.
2439 2418 2552 2474 Sed
2592 2433 2744 2473 vera:
2788 2419 2996 2473 mortis
3039 2418 3316 2474 aculeum
3355 2417 3570 2486 deﬂeo,

1910 2511 2226 2579 peccatum
2259 2523 2460 2578 grave,
2487 2511 2541 2563 et
2564 2507 2750 2577 ignita
2775 2507 3021 2577 maligni
3041 2507 3265 2578 jacula,
3285 2524 3418 2580 quae
3452 2507 3574 2564 ani-

1909 2611 2044 2651 mas
2077 2612 2199 2652 una
2241 2612 2380 2651 cum
2417 2596 2774 2668 corporibus
2803 2596 3122 2652 crudeliter
3151 2597 3563 2653 combussere.

1910 2687 2074 2741 Certe
2107 2686 2327 2741 scelere
2367 2689 2535 2742 tanto
2566 2686 2626 2741 in
2659 2690 2813 2741 terra
2844 2692 3174 2758 conspecto
3199 2686 3374 2742 valde
3404 2688 3572 2757 ingee

1908 2775 2166 2830 muerint
2190 2774 2290 2830 Dei
2319 2774 2502 2844 leges,
2532 2791 2668 2848 quae
2694 2774 3057 2830 interdicunt
3084 2791 3341 2846 semper,
3367 2791 3436 2830 ac
3459 2775 3574 2830 cla-

1908 2867 2097 2934 mant,
2133 2863 2277 2919 olim
2307 2863 2578 2936 quidem,
2601 2866 2733 2921 Non
2761 2865 3138 2932 concupisces
3159 2879 3404 2920 uxorem
3426 2880 3572 2933 pro-

1907 2954 2062 3010 ximi
2089 2955 2181 3009 tui
2205 2955 2292 3008 55:
2345 2969 2450 3026 per
2491 2969 2667 3009 sacra
2711 2969 2852 3009 vero
2885 2953 3245 3022 Evangelia:
3298 2953 3572 3023 Quisquis

1910 3043 2126 3099 viderit
2168 3044 2482 3099 mulierem
2531 3043 2613 3099 ad
2661 3042 3206 3112 concupiscendum
3255 3057 3404 3109 eam,
3434 3044 3572 3112 jam

1909 3131 2240 3189 moechatus
2283 3138 2366 3188 est
2396 3147 2527 3188 eam
2575 3133 2638 3187 in
2687 3132 2868 3187 corde
2910 3147 3011 3186 suo
3040 3132 3110 3188 ⁵⁵.
3156 3133 3322 3186 Nunc
3369 3135 3573 3186 autem

1909 3221 2112 3278 vident
2141 3221 2505 3277 adulterium
2548 3220 2932 3292 impudenter
2980 3220 3352 3276 committere
3377 3219 3574 3292 ipsam

1910 3311 2148 3366 Domini
2189 3326 2502 3382 sponsam,
2532 3310 2704 3381 cujus
2750 3313 2930 3382 caput
2961 3308 3256 3367 Christus.
3309 3307 3573 3365 Profecto

1910 3404 1966 3456 et
2011 3401 2125 3473 ipsi
2172 3400 2578 3470 ingemiscant
2614 3405 2957 3456 sanctorum
2992 3399 3271 3471 spiritus:
3323 3398 3578 3454 I’hinees

1908 3490 2156 3562 quidem
2187 3490 2422 3562 zelotes,
2471 3488 2638 3563 quod
2682 3504 2806 3544 non
2850 3489 3029 3544 etiam
3070 3503 3232 3543 nunc
3280 3487 3334 3544 ei
3380 3487 3572 3559 liccat,

1909 3579 2083 3636 hasta
2103 3581 2163 3635 in
2185 3595 2374 3635 manu
2397 3584 2661 3650 sumpta,
2688 3577 3074 3650 corporaliter
3101 3579 3297 3633 scelus
3329 3577 3574 3633 ulcisci:

1907 3672 2168 3726 Joannes
2196 3685 2338 3724 vero
2368 3669 2650 3741 Baptista,
2701 3667 2869 3740 quod
2917 3683 3039 3722 non
3087 3667 3302 3739 possit,
3360 3667 3578 3722 relictis

1910 3759 2185 3830 supernis
2236 3757 2507 3822 sedibus,
2555 3762 2619 3812 ut
2667 3757 2810 3812 olim
2858 3756 3199 3820 solitudine,
3251 3755 3326 3811 ad
3376 3755 3579 3811 redar-

1910 3847 2219 3918 guendam
2260 3847 2633 3920 iniquitatem
2686 3861 3028 3910 accurrere;
3083 3861 3153 3900 ac
3185 3845 3232 3900 si
3277 3844 3424 3918 quid
3451 3843 3578 3916 pati

1909 3941 2200 4011 oporteat,
2230 3942 2410 4009 caput
2438 3937 2635 4009 potius
2667 3936 2937 3991 amittere
2967 3950 3155 4007 quam
3193 3933 3482 4006 loquendi
3510 3933 3576 3989 1i-

1911 4026 2222 4083 bertatem.
2257 4027 2409 4092 Quin
2455 4026 2675 4098 potius,
2728 4024 3023 4097 siquidem
3074 4029 3129 4079 et
3177 4023 3352 4080 nobis
3395 4023 3573 4079 beati.

1911 4117 2108 4173 Abelis
2173 4115 2472 4188 exemplo,
2523 4115 2656 4170 licet
2699 4120 2992 4183 mortuus,
3039 4114 3239 4170 adhuc
3287 4113 3572 4185 loquitur,

1914 4209 2093 4264 etiam
2120 4223 2282 4262 nunc
2309 4207 2530 4262 clamat
2560 4211 2616 4262 et
2665 4206 3026 4262 vociferatur
3073 4205 3249 4260 altius
3290 4207 3572 4272 Joannes,

1913 4313 2097 4370 quam
2131 4297 2270 4352 olim
2303 4297 2376 4352 de
2407 4295 2740 4352 llerodiade
2773 4313 2784 4350 :
2836 4297 2969 4350 Non
3023 4296 3159 4351 licet
3211 4294 3318 4348 tibi
3355 4294 3574 4349 habere

1915 4402 2043 4442 eam
2068 4387 2134 4440 ⁵⁷.
2181 4385 2295 4441 Etsi
2343 4386 2501 4440 enim
2544 4385 2790 4439 Joannis
2820 4399 3060 4455 corpus,
3115 4387 3295 4453 prout
3341 4387 3571 4436 naturae

171 4475 227 4522 τό
253 4471 554 4543 αναγκαῖον
589 4479 650 4543 τῇ
686 4475 858 4543 φύσει,
906 4476 991 4524 τὸν
1039 4475 1170 4526 θεῖον
1224 4477 1340 4548 ὅρον
1386 4461 1618 4538 ἐδέξατό,
1653 4482 1742 4529 καὶ
1771 4479 1800 4535 ἡ

1918 4476 2318 4531 necessarium
2345 4480 2449 4545 est,
2487 4474 2756 4529 divinam
2802 4473 3159 4528 sententiam
3209 4471 3456 4542 excepit,
3492 4471 3570 4526 si-

165 4560 397 4630 γλῶσσα
434 4566 583 4631 σιγᾷ·
636 4560 775 4615 Ἀλλ’
808 4563 833 4612 6
865 4560 1016 4633 λόγος
1044 4571 1136 4616 τοῦ
1189 4571 1323 4616 Θεοῦ
1363 4564 1421 4616 ού
1477 4562 1710 4620 δέδεται.
1745 4565 1803 4618 Ὀ

238 4677 286 4710 ⁵³
329 4677 482 4732 Luc.
514 4689 635 4742 xm,
657 4679 745 4730 27.
824 4676 872 4711 ⁵⁸
908 4678 1122 4733 Jerem.
1153 4693 1232 4748 ix,
1260 4683 1307 4733 l.
1379 4680 1424 4714 ⁵⁵
1467 4682 1584 4736 lsa.
1618 4695 1752 4750 xxn,
1778 4685 1832 4738 2.

237 4802 352 4875 (53)
401 4797 625 4875 Bufﬁni
669 4798 1126 4875 translationem
1169 4801 1483 4875 antiquam
1527 4803 1797 4860 Latinam

169 4869 358 4940 hujus
380 4869 661 4940 epistolae
692 4870 899 4926 habes.
933 4874 1022 4937 lll,
1056 4888 1114 4944 p.
1147 4877 1251 4929 740
1282 4869 1451 4946 seqq.

240 4947 362 5006 {55)
407 4947 540 5001 Τούς
561 4948 1124 5015 τετραυματισμένους.
1157 4946 1250 5001 Sic
1282 4962 1428 5000 mss.
1461 4951 1616 5002 octo.
1652 4946 1799 5002 Edili

176 5019 231 5086 τε
256 5019 592 5086 σύντριμμα.
629 5015 865 5086 Habent
885 5019 1087 5070 tamen
1110 5023 1172 5071 ut
1196 5016 1356 5080 editi,
1379 5016 1502 5072 duo
1533 5018 1796 5072 vetustis-

176 5084 306 5140 simi
341 5069 592 5159 codices
619 5085 767 5140 Med.
817 5069 1086 5159 et__Coisl.
1117 5069 1365 5159 primus.
1387 5069 1516 5142 Sed
1542 5069 1797 5159 ᾡὶεέξέ-

177 5171 340 5226 quun
352 5163 450 5211 tur
466 5156 830 5228 scripturam
845 5155 1099 5212 aliorum
1117 5155 1393 5213 codicum
1412 5155 1796 5217 confirmant.

181 5228 361 5282 Paulo
394 5232 536 5300 post
579 5227 753 5302 Coisl.
799 5228 1030 5299 primus
1070 5228 1369 5302 τηλικοῦτον
1399 5239 1606 5302 πτῶμα,
1642 5231 1796 5286 alius

179 5299 433 5379 telo-irai,
467 5306 587 5382 tres
620 5299 722 5354 alii
751 5307 978 5353 τοιοῦτο.
1007 5302 1135 5356 Mox
1173 5301 1333 5356 idem
1363 5299 1533 5356 Coisl'.
1567 5303 1798 5374 primus

183 5377 234 5420 τε
267 5381 420 5441 σῶμα
449 5377 808 5442 πεπληγότας.

252 5440 366 5507 (35⁷)
405 5442 469 5495 Ἦ
504 5440 756 5514 μεγάλα..
789 5440 885 5514 Sic
917 5446 1164 5513 uterque
1191 5441 1387 5506 Coisl.,
1411 5443 1572 5514 Regii
1599 5448 1714 5500 tres
1740 5449 1796 5501 et

193 5517 432 5598 uterque
470 5513 660 5587 Bigbt.
695 5513 854 5570 Editi
887 5514 914 5572 ἡ
948 5517 1103 5586 μέγα.
1137 5515 1265 5571 Mox
1293 5522 1411 5570 tres
1440 5513 1676 5572 codices
1715 5515 1796 5570 ἐπὶ

197 5601 282 5649 Ἱςς
311 5601 593 5650 Ρηποντες.

1916 4565 2112 4638 letque
2135 4565 2341 4634 lingua
2370 4581 2382 4618 :
2433 4565 2652 4619 Tamen
2687 4562 2927 4618 verbum
2959 4563 3068 4617 Dei
3093 4576 3210 4616 non
3240 4566 3325 4616 est
3353 4562 3572 4630 alliga-

1915 4683 1963 4716 ⁵⁵
2005 4682 2170 4736 Deut.
2196 4695 2252 4745 ν,
2277 4683 2365 4733 21.
2448 4679 2495 4713 ⁵⁸
2537 4677 2740 4734 Matth.
2773 4693 2828 4747 v,
2863 4681 2952 4732 28.
3029 4678 3072 4711 ⁵⁷
3117 4676 3323 4732 Matth.
3362 4693 3478 4745 xiv,
3511 4681 3565 4734 4.

1977 4806 2092 4871 (56)
2123 4801 2189 4874 ,Ὀ
2239 4801 2518 4874 ἐμϐλέπων.
2561 4802 2660 4874 llic
2713 4801 2947 4874 variant
2983 4801 3220 4874 codices
3269 4817 3415 4856 mss.
3456 4805 3564 4858 Ha-

1906 4875 2049 4947 bent
2082 4873 2179 4928 alii
2209 4876 2233 4925 δ
2262 4872 2489 4947 βλέπων,
2525 4873 2623 4928 alii
2654 4875 2678 4924 ὁ
2707 4872 2982 4945 ἐμϐλέψας,
3021 4873 3292 4945 plerique
3337 4877 3467 4947 πρὸς
3505 4877 3564 4926 τὸ

1906 4945 2232 5017 ἐπιθυμῆσαι
2263 4945 2444 5004 αὐτήν.

1978 5015 2093 5085 (57)
2134 5025 2234 5069 Τοῦ
2263 5022 2542 5088 Δεσπὸτου.
2570 5018 2654 5071 lla
2675 5021 2904 5088 septem
2931 5031 3077 5070 mss.
3112 5015 3350 5073 melius.
3376 5031 3563 5086 quam

1905 5089 2044 5144 editi
2075 5084 2166 5146 τήν
2202 5108 2324 5140 ποτε
2364 5097 2454 5140 τοῦ
2487 5084 2792 5160 ἕπουρανίᾶυ
2827 5084 3083 5160 δεσπότου
3123 5091 3345 5160 νύμφην.

1975 5163 2079 5220 (58)
2116 5163 2192 5212 Τὰ
2239 5162 2524 5231 πνεύματα.
2575 5157 2698 5214 Duo
2747 5158 2984 5215 codices
3034 5162 3101 5212 τὰ
3151 5157 3416 5230 τάγματα.
3469 5157 3560 5213 Sic

1905 5231 2085 5287 etiam
2118 5231 2298 5285 Paris.
2323 5232 2392 5299 fin
2424 5231 2714 5299 margine.

1975 5305 2085 5373 (59)
2107 5298 2384 5390 .Ta'xap‘é.
2423 5298 2644 5390 Desunt
2673 5302 2808 5387 haec
2831 5301 2889 5356 in
2919 5301 3217 5390 plerisque
3251 5298 3560 5390 codicibus

1905 5370 2076 5442 mss,
2103 5374 2162 5428 in
2195 5370 2416 5446 quibus
2446 5373 2660 5443 legitur
2688 5373 2876 5446 μᾶλλον
2909 5370 2984 5426 δέ.
3012 5370 3208 5446 _Coisl.
3241 5370 3471 5442 primus
3496 5375 3558 5446 et

1904 5441 2466 5502 Med.cons‘entiunt
2495 5441 2632 5500 cum
2664 5441 2856 5500 editis.
2891 5442 3068 5500 Paulo
3108 5441 3261 5513 post
3284 5441 3558 5499 nonnulli

1905 5515 2143 5592 codices
2171 5517 2348 5592 αὐτὴν.
2381 5521 2450 5570 T6
2480 5521 2569 5590 μεν
2590 5521 2690 5592 γὰρ
2721 5524 2892 5588 σῶμα.

1977 5589 1994 5610 ⁸
2031 5587 2191 5645 Alias
2220 5591 2284 5647 V.
