4070 6194
465 292 562 349 371

1853 285 1910 342 S.
1945 281 2193 339 BASILII
2231 282 2451 339 MAGNI

3740 283 3849 338 372

464 428 591 480 tum
613 414 681 469 ⁵⁸.
706 413 813 479 Qui
836 412 1018 481 enim,
1050 411 1277 485 nuptiis
1304 410 1577 468 conservi
1595 409 1853 475 violatis,
1884 408 2131 480 loquen-

2266 408 2365 480 μὰρ,
2408 404 2588 465 ἐπειδὴ
2625 403 2915 460 συνδούλου
2952 407 3123 479 γάμος
3152 404 3407 471 ἠθετεῖτο,
3432 408 3595 477 μέχρι
3622 407 3851 458 θανάτου

464 504 524 560 di
552 504 886 559 libertatem
920 503 995 558 ad
1021 508 1274 559 mortem
1308 518 1499 574 usque
1530 500 1828 573 perduxit,
1858 513 2131 571 quonam

466 600 620 648 esset
648 592 853 649 animo
879 592 1189 657 futurus,si
1213 596 1442 648 tantam
1470 588 1896 646 contumeliam
1922 592 2132 642 sancto

467 682 705 737 Domini
738 681 1005 736 thalamo
1036 679 1262 735 illatam
1295 678 1708 751 conspiceret?

540 793 592 843 2.
626 790 698 843 At
732 792 813 850 tu,
862 791 1189 858 postquam
1236 785 1456 840 divina:
1491 784 1646 840 illius
1695 780 2135 855 conjunctionis

470 874 743 945 abjecisti
791 875 1032 945 jugum,
1082 878 1269 946 atque
1322 873 1745 930 intaminatum
1802 870 1925 926 veri
1979 869 2136 939 regis

471 964 809 1020 thalamum
856 962 1118 1031 fugiens,
1167 963 1227 1018 in
1273 967 1511 1035 turpem
1559 961 1723 1017 illam
1764 960 2137 1033 impiumque

472 1051 875 1122 corruptelam
908 1050 1065 1106 foede
1092 1051 1266 1124 lapsa
1305 1068 1389 1116 es,
1431 1068 1568 1107 cum
1591 1052 1719 1123 jam
1749 1065 1869 1105 non
1907 1048 2135 1103 habeas

473 1142 784 1215 quomodo
830 1156 1106 1197 amaram
1158 1141 1314 1196 hanc
1359 1140 1806 1196 accusationem
1863 1138 2137 1207 eﬂugias,

484 1230 655 1300 136
703 1245 812 1284 nec
844 1229 965 1284 ullo
1010 1229 1194 1284 modo
1237 1234 1341 1283 aut
1368 1233 1492 1284 arte
1536 1228 1763 1284 malum
1813 1226 1959 1282 illud
2000 1226 2138 1282 abs-

476 1319 737 1374 condere
767 1334 977 1389 queas,
1009 1333 1280 1390 praeceps
1320 1318 1381 1372 in
1422 1317 1740 1373 audaciam
1772 1315 2137 1388 prorumpis.

480 1411 543 1464 Et
567 1408 853 1479 quoniam
874 1407 1182 1479 impius,in
1197 1407 1565 1479 profundum
1586 1406 1884 1461 malorum
1909 1404 2139 1477 lapsus,

478 1496 764 1567 deinceps
804 1496 1151 1561 contemnit,
1204 1496 1337 1568 ipsa
1384 1497 1562 1551 etiam
1603 1499 1781 1567 pacta
1817 1511 1957 1550 cum
2002 1509 2142 1550 vero

481 1600 710 1658 sponso
739 1585 887 1641 inita
916 1585 1207 1655 abnegas,
1233 1601 1430 1657 neque
1460 1601 1590 1640 esse
1618 1590 1672 1640 te
1700 1584 2010 1655 virginem,
2033 1599 2144 1639 nec

481 1690 756 1746 unquam
778 1675 1125 1747 promisisse
1157 1675 1495 1737 clamitans,
1529 1674 1807 1746 quamvis
1832 1673 2017 1729 multa
2046 1689 2144 1728 ac-

2242 500 2336 553 τὴν
2384 497 2685 571 παρρησίαν
2733 501 3069 567 προαγαγὼν,
3124 500 3176 547 τί
3218 493 3277 545 ἂν
3322 496 3480 546 πάθοι
3530 493 3853 553 τηλικαύτην

2243 582 2435 658 ἐφορῶν
2457 584 2605 661 ὓϐριν
2630 590 2749 659 περὶ
2775 590 2863 638 τὸν
2897 585 3044 657 ἅγιον
3074 592 3166 637 τοῦ
3198 587 3394 656 Κυρίου
3418 591 3668 655 νυμφῶνα
3694 601 3707 649 ;

2314 784 2368 835 2.
2401 780 2555 834 Ἀλλά
2588 785 2673 847 σὺ,
2724 789 2821 843 τῆς
2866 783 3008 842 θείας
3051 783 3248 841 ἓκείνης
3293 782 3575 852 συναφείας
3601 782 3710 850 (60)
3765 784 3855 832 τὸν

2246 870 2405 941 ζυγόν
2437 868 2799 945 ἀπορρίψασα,
2828 875 2918 922 καὶ
2964 874 3051 922 τόν
3103 872 3192 942 μεν
3239 870 3502 943 ἄχραντον
3546 876 3637 921 τοῦ
3670 867 3859 927 ἀληθι-

2244 966 2333 1011 νοῦ
2376 958 2631 1031 βασιλέως
2676 957 2959 1034 ἀποδρᾶσα
2982 967 3247 1031 νυμφῶνα,
3279 962 3409 1031 πρὸς
3451 953 3510 1010 δε
3539 962 3633 1016 τὴν
3663 959 3856 1031 ἄτιμον

2246 1050 2437 1106 ταύτην
2494 1053 2585 1100 καὶ
2639 1047 2799 1108 ἀσεϐῆ
2863 1050 3057 1121 φθορὰν
3112 1048 3354 1121 αἰσχρῶς
3404 1054 3662 1113 πεσοῦσα,
3718 1046 3854 1109 ἐπεὶ,

2249 1137 2342 1189 οῦκ
2395 1140 2533 1209 ἔχεις
2582 1146 2685 1198 πῶς
2742 1142 2835 1195 τὴν
2883 1140 3072 1211 πικράν
3120 1139 3314 1193 ταύτην
3381 1140 3701 1208 κατηγορίαν
3775 1135 3857 1188 ix-

2250 1228 2435 1299 φύγῃς,
2468 1222 2594 1277 οῦδέ
2615 1231 2697 1286 τίς
2724 1225 2833 1278 ἐστί
2876 1245 2958 1278 σοι
2993 1230 3180 1300 τρόπος
3227 1222 3351 1277 οῦδὲ
3380 1230 3597 1297 μηχανὴ
3630 1228 3688 1277 τὸ
3746 1222 3862 1277 δει-

2248 1318 2331 1366 νὸν
2367 1316 2478 1384 (61)
2508 1322 2658 1367 τοῦτο
2706 1314 3065 1387 συγκαλύψαι,
3125 1316 3285 1387 ὁμόσε
3335 1322 3397 1386 τῇ
3445 1314 3602 1387 τόλμῃ
3638 1322 3860 1388 χωρεῖς.

2254 1409 2354 1458 Καὶ
2416 1400 2697 1477 ἐπειδήπερ
2754 1403 2969 1473 ἀσεϐὴς,
3017 1403 3252 1476 ἐμπεσὼν
3312 1405 3386 1464 είς
3438 1402 3599 1475 βάθος
3656 1412 3861 1470 κακῶν,

2248 1492 2428 1545 λοιπόν
2468 1501 2798 1567 καταφρονεῖ,
2832 1494 2997 1555 αῦτάς
3044 1491 3245 1567 ἀπαρνῇ
3280 1496 3375 1554 τὰς
3404 1496 3531 1567 πρὸς
3580 1496 3668 1544 τόν
3714 1491 3859 1549 ἀλη-

2254 1584 2390 1635 θινὸν
2446 1587 2662 1655 νυμφίον
2715 1584 2998 1647 συνθήκας,
3050 1586 3166 1634 οῦτε
3224 1578 3352 1633 εἶναι
3404 1583 3674 1655 παρθένος,
3738 1584 3867 1633 οὔτε

2252 1674 2591 1744 ὑποσχέσθαι
2620 1676 2743 1725 ποτε
2795 1672 3001 1745 βοῶσα,
3050 1673 3079 1731 ἦ
3124 1670 3287 1723 πολλά
3324 1675 3414 1743 μεν
3466 1666 3642 1735 ἐδέξω,
3692 1671 3871 1723 πολλά

485 1765 732 1836 ceperis,
756 1763 943 1819 multa
964 1763 1471 1819 demonstraveris
1493 1762 1843 1832 virginitatis
1868 1764 2141 1835 pignora.

2266 1759 2313 1815 λε
2372 1759 2618 1825 ἐπεδείξω
2678 1764 2954 1838 παρθενίας
3016 1763 3346 1832 συνθήματα.
3415 1761 3694 1817 Μνὴσθητι
3763 1768 3871 1821 τῆς

486 1856 722 1909 Revoca
738 1853 842 1908 tibi
857 1852 915 1907 in
935 1852 1290 1908 memoriam
1308 1852 1659 1924 prteclaram
1682 1853 2144 1924 professionem,

488 1958 674 2015 quam
704 1941 975 2013 professa
1001 1958 1063 1996 es
1094 1957 1297 1997 coram
1323 1944 1462 2009 Deo,
1495 1940 1843 2012 angelisque
1872 1946 1927 1996 et
1954 1940 2147 1995 homi—

490 2030 691 2086 nibus.
720 2032 952 2085 Revoca
989 2030 1090 2085 tibi
1122 2031 1182 2086 in
1216 2029 1572 2085 memoriam
1602 2030 1943 2085 societatem
1970 2044 2149 2084 vene-

489 2120 769 2185 randam,
802 2124 859 2175 et
899 2136 1137 2175 sacrum
1184 2120 1483 2191 virginum
1525 2120 1796 2190 chorum,
1832 2135 1901 2175 ac
1928 2123 2148 2174 coetum

492 2209 749 2274 Domini,
790 2214 845 2264 et
875 2209 1195 2264 Ecclesiam
1227 2214 1594 2265 sanctorum.
1640 2209 1969 2265 Memineris
2001 2224 2148 2281 quo-

491 2314 610 2370 que
642 2298 890 2353 aniculae
920 2299 980 2353 in
1031 2299 1230 2354 Chisto
1279 2299 1450 2365 aviae,
1493 2314 1631 2371 qua:
1669 2298 1883 2354 virtute
1910 2300 2151 2369 juvene-

495 2388 607 2443 scit
649 2389 1004 2452 etiamnum,
1051 2392 1105 2443 et
1154 2389 1370 2445 ﬂoret:
1423 2388 1631 2444 matris
1671 2389 1872 2444 itidem
1924 2404 2059 2461 qua:
2089 2388 2151 2444 in

495 2478 746 2533 Domino
779 2494 915 2532 cum
954 2476 1053 2533 illa
1093 2479 1376 2543 decertat,
1406 2482 1460 2534 et
1486 2478 1658 2533 novis
1684 2478 2049 2551 quibusdam
2082 2494 2153 2535 ac

493 2567 742 2623 insuetis
764 2566 1076 2622 laboribus
1098 2568 1596 2622 consuetudinem
1626 2567 1953 2623 dissolvere
1977 2583 2156 2623 cona-

492 2661 629 2712 tur:
677 2656 944 2711 similiter
992 2662 1047 2712 et
1078 2656 1299 2712 sororis
1343 2657 1562 2729 partim
1594 2656 1727 2712 illas
1772 2673 1881 2729 pro
1925 2657 2156 2713 viribus

490 2745 798 2814 imitantis,
834 2745 1051 2818 partim
1094 2745 1273 2801 etiam
1322 2746 1559 2802 vincere
1613 2745 2046 2814 contendentis,
2100 2749 2157 2802 et

493 2834 651 2890 avita
680 2833 966 2905 praeclare
1012 2834 1167 2889 facta
1210 2834 1560 2905 virginitatis
1592 2838 1947 2891 ornamento
1977 2851 2154 2908 supe-

491 2924 698 2986 rantis,
728 2928 783 2979 et
816 2928 867 2979 te
900 2939 1185 2994 sororem,
1222 2924 1305 2979 uti
1335 2923 1609 2996 putabat,
1638 2924 1715 2981 ad
1750 2925 1940 2981 simile
1974 2932 2155 2981 certa-

490 3029 631 3071 men
662 3018 787 3069 tum
832 3029 1132 3082 sermone,
1166 3018 1290 3069 tum
1335 3015 1454 3071 vita
1492 3015 1658 3071 haud
1696 3016 1913 3085 ignave
1942 3031 2157 3089 provo-

2252 1851 2410 1912 καλῆς
2463 1850 2755 1924 ὁμολογίας,
2813 1852 2873 1910 ἣν
2932 1850 3276 1923 ὡμολόγησας
3330 1848 3540 1901 ἐνώπιον
3590 1856 3724 1901 Θεοῦ
3769 1854 3871 1901 καὶ

2256 1939 2483 2011 ἀγγελῶν
2540 1946 2628 1992 xui
2677 1939 2976 2015 ἀνθρώπων.
3023 1941 3304 1997 ὒινήσθητι
3352 1947 3445 1999 τῆς
3500 1947 3691 2010 σεμνῆς
3740 1957 3873 1990 συν-ι

2256 2026 2400 2089 οδίας
2455 2033 2540 2080 καὶ
2603 2032 2740 2104 ἱεροῦ
2809 2031 3070 2095 παρθένων
3145 2035 3334 2100 χοροῦ,
3393 2031 3480 2078 καὶ
3551 2034 3873 2097 συναγωγῆς

2260 2123 2475 2191 Κυρίου,
2540 2122 2629 2168 καὶ
2707 2116 3017 2177 Ἐκκλησίας
3084 2117 3261 2167 όσίωνο
3331 2119 3419 2166 καὶ
3484 2115 3745 2187 γηραλέας
3812 2117 3871 2165 ἓν

2259 2214 2473 2279 Χριστῷ
2504 2208 2725 2279 μάμμης
2763 2206 3051 2267 νεαζούσης
3096 2207 3172 2256 ἔτι
3227 2208 3316 2255 καὶ
3348 2206 3457 2275 (6'2)
3513 2202 3875 2275 ἀκμαζούσης

2258 2301 2352 2353 τὴν
2383 2294 2586 2370 ἀρετὴν,
2618 2300 2708 2347 καὶ
2753 2299 2948 2368 μητρὸς
3002 2297 3049 2347 ἓν
3092 2298 3266 2367 Κυρίῳ
3298 2297 3429 2366 πρὸς
3468 2292 3660 2350 ἐκείνην
3701 2293 3876 2365 ἁμιλ-

2258 2383 2504 2457 λωμένης,
2545 2388 2634 2435 καὶ
2679 2384 2837 2446 ξένοις
2879 2388 2992 2435 τισὶ
3039 2388 3128 2435 καὶ
3178 2381 3365 2439 ἀήθεσι
3396 2385 3513 2452 (Η3)
3555 2386 3733 2444 πόνοις
3761 2402 3877 2433 xu-

2261 2473 2463 2526 ταλύειν
2522 2472 2907 2545 φιλονεικοῦσης
2970 2475 3035 2524 τά
3101 2480 3195 2533 τῆς
3262 2473 3536 2532 συνηθείας
3568 2472 3701 2542 (64),
3775 2477 3878 2524 xui

2264 2559 2484 2635 ἀδελφῆς
2538 2564 2723 2633 ὁμοίως
2779 2564 2843 2613 τά
2890 2564 2979 2633 μὲν
3042 2559 3235 2622 ἐκείνας
3282 2566 3627 2633 μιμουμένης,
3685 2563 3751 2611 τά
3807 2557 3880 2613 δε

2262 2657 2352 2704 καὶ
2416 2650 2737 2724 ὑπερϐαίνειν
2812 2650 3283 2723 φιλοτιμουμένης,
3350 2655 3441 2701 καὶ
3506 2669 3611 2710 τοις
3676 2651 3879 2721 παρθεο

2262 2747 2422 2802 νικοῖς
2484 2740 2925 2812 πλεονεκτήμασιν
2979 2741 3490 2813 ὑπερακοντιζούσης
3546 2742 3611 2790 τά
3670 2757 3879 2812 προγο-

2262 2835 2381 2885 νικά
2418 2834 2817 2906 κατορθώματα,
2878 2835 2967 2882 καὶ
3026 2833 3081 2883 σε
3138 2834 3231 2888 την
3282 2826 3529 2902 ἀδελφὴν,
3588 2832 3657 2892 ὡς
3715 2830 3874 2900 ῷετο,

2262 2925 2393 2997 πρὸς
2440 2926 2533 2980 τὴν
2591 2930 2689 2973 τῶν
2733 2924 2859 2973 ἴσων
2912 2918 3131 2993 ἅμιλλαν
3162 2924 3252 2971 καὶ
3282 2919 3418 2991 λόγῳ
3463 2924 3553 2972 καὶ
3592 2918 3692 2993 βίῳ
3726 2919 3878 2991 φιλο-

2262 3016 2432 3073 πόνως
2479 3009 2874 3083 ἐκκαλουμένης.
2928 3011 3209 3069 Μνησθητι
3254 3013 3472 3078 τούτων,
3526 3014 3616 3061 xui
3660 3008 3877 3080 ἀγγελι·

491 3104 705 3161 cantis.
738 3107 957 3160 Horum
989 3104 1324 3176 recordare,
1356 3110 1413 3161 et
1441 3105 1726 3177 angelicae
1750 3122 1871 3163 una
1900 3122 2039 3162 cum
2070 3106 2152 3164 eis

2266 3108 2359 3161 κῆς
2388 3105 2505 3175 περὶ
2549 3102 2637 3151 τόν
2693 3102 2821 3152 Θεὸν
2875 3099 2983 3171 μετ’
3040 3097 3240 3151 ἐκείνων
3292 3103 3524 3172 χορείας,
3570 3102 3659 3150 καὶ
3714 3116 3877 3150 πνευ-

491 3194 650 3248 circa
680 3195 865 3246 Deum
892 3192 1144 3262 choreae,
1176 3197 1231 3248 et
1254 3193 1579 3263 spiritualis
1610 3194 1671 3249 in
1700 3210 1882 3250 carne
1912 3195 2069 3263 vitae,
2097 3199 2156 3253 et

491 3280 746 3336 ccelestis
776 3280 836 3334 in
866 3285 1021 3337 terra
1050 3281 1319 3337 instituti.
1367 3282 1698 3338 Recordare
1728 3283 1961 3339 dierum
1994 3288 2153 3340 tran-

488 3368 835 3442 quillorum,
860 3373 915 3424 et
937 3372 1202 3425 noctium
1230 3370 1727 3441 illuminatarum,
1752 3377 1808 3429 et
1832 3373 2153 3429 cantilena-

487 3473 623 3513 rum
657 3456 1077 3527 spiritualium,
1120 3463 1175 3513 et
1222 3459 1582 3530 psalmodiaa
1614 3477 1871 3527 sonorae,
1905 3478 2152 3533 precum

489 3549 837 3602 sanctarum
882 3546 1034 3601 tbori
1076 3547 1222 3601 casti
1266 3552 1445 3619 atque
1490 3548 1849 3621 intaminati,
1901 3551 2153 3622 virginei

488 3650 868 3709 progressus,
906 3650 1131 3690 mensm
1168 3634 1405 3694 sobriae.
1438 3652 1508 3692 ac
1539 3638 1823 3709 praeclare
1854 3641 2154 3711 precantis

484 3730 549 3782 ut
592 3726 940 3797 incorrupta
988 3724 1093 3781 tibi
1142 3724 1455 3794 virginitas
1505 3736 1864 3783 servaretur.
1914 3729 2021 3785 Ubi
2050 3734 2155 3787 tua

485 3814 585 3871 illa
618 3814 819 3883 gravis
843 3814 1073 3886 species
1093 3819 1148 3869 et
1173 3814 1407 3869 honesti
1434 3831 1657 3883 mores,
1681 3818 1861 3873 vestis
1887 3818 2020 3874 vilis
2042 3820 2155 3875 vir-

489 3904 690 3973 ginem
723 3902 962 3965 decens,
996 3903 1245 3976 pulcher
1286 3920 1359 3959 ex
1391 3903 1623 3975 pudore
1654 3905 1861 3975 rubor,
1894 3914 1947 3962 et
1977 3908 2155 3965 deco-

488 4007 592 4048 rus
615 4007 686 4045 ex
707 3990 1073 4047 abstinentia
1092 4008 1161 4047 ac
1190 3992 1405 4063 vigiliis
1430 3992 1808 4049 eﬂlorescens
1836 3996 2049 4068 pallor,
2074 4003 2160 4062 at_

493 4094 611 4152 que
628 4079 790 4134 omni
812 4078 1063 4150 pulchro
1077 4080 1274 4137 colore
1293 4081 1600 4137 decentius
1618 4082 1993 4141 elucescens?
2006 4088 2159 4152 Quo-

493 4170 603 4226 ties
628 4168 689 4223 in
720 4168 1001 4240 precibus
1024 4184 1135 4241 pro
1160 4170 1496 4240 virginitate
1528 4172 1675 4227 citra
1705 4174 2010 4230 maculam
2036 4192 2159 4232 ser-

496 4257 714 4327 vanda,
730 4256 1191 4329 fortelacrymas
1210 4259 1499 4315 effudisti?
1519 4262 1672 4326 Quot
1690 4259 1917 4317 litteras
1936 4263 2012 4319 ad
2029 4280 2162 4320 san-

500 4352 627 4406 ctos
642 4364 708 4404 ex
718 4347 1033 4420 arasti,per
1048 4364 1201 4421 quas
1218 4348 1322 4404 tibi
1343 4364 1551 4405 eorum
1567 4348 1942 4421 eiﬂagitabas
1956 4368 2162 4425 preces

574 4476 622 4510 ⁵⁸
663 4477 706 4529 ll
747 4473 893 4529 Tim.
926 4489 987 4543 11,
1017 4477 1068 4529 9.

578 4600 694 4665 (60)
730 4603 1024 4669 Συναφείας.
1054 4597 1331 4654 Nonnulli
1361 4615 1511 4655 mss.
1544 4606 1834 4663 κοινωνίας.

579 4674 687 4740 (61)
729 4672 797 4746 ’ξό
830 4666 1017 4746 δεινόν.
1039 4672 1217 4746 Deest
1237 4679 1389 4746 τοῦτο
1410 4671 1626 4746 ἱηᾼορῐο
1647 4689 1793 4727 mss.
1825 4672 2009 4746 Paulo
2030 4678 2167 4746 post

509 4742 570 4816 in
599 4756 705 4796 sex
728 4741 896 4816 deest
925 4741 1146 4816 pariter
1159 4741 1425 4816 ἀληθινόν.
1461 4743 1575 4816 Sed
1606 4749 1927 4816 utrumque
1951 4741 2166 4815 legitur

509 4814 571 4869 in
594 4812 1009 4867 vetustissimis
1039 4812 1346 4868 codicibus
1376 4814 1548 4869 Coisl.
1582 4818 1637 4869 et
1666 4812 1896 4871 Mcd.ln
1917 4812 2167 4873 Harlaaa-

512 4900 593 4941 no
626 4899 746 4939 non
775 4889 966 4938 exstat
994 4884 1121 4938 haec
1148 4885 1417 4954 epistola.

584 4954 851 5033 (62)_j’Er_¢
881 4956 1113 5033 zai._Sic
1145 4955 1319 5011 Cois].
1361 4957 1592 5029 primus
1621 4962 1678 5014 et
1704 4958 1851 5014 Med.
1885 4961 2167 5033 Corrupte

516 5027 577 5084 in
606 5026 777 5081 editis
806 5028 946 5092 ἄρτι,
981 5029 1010 5083 ἧ
1038 5030 1171 5080 τότε.

588 5097 968 5180 (6.3)N’Ar39wc.
992 5099 1077 5153 lta
1100 5098 1337 5154 codices
1366 5115 1515 5154 mss.
1548 5102 1702 5166 octo,
1738 5100 1953 5156 melius
1981 5118 2167 5175 quam

516 5168 658 5227 editi
688 5168 922 5226 ἀληθέσι.

593 5242 701 5310 «64)
735 5244 816 5315 -Τά
854 5248 961 5315 τῆς,
982 5242 1276 5315 συνηθείας.
1313 5241 1404 5297 Sic
1434 5241 1557 5297 duo
1581 5243 1978 5315 antiquissimi
2011 5244 2169 5299 codi-

520 5330 619 5370 ces
649 5312 820 5387 Cois].
846 5316 901 5368 et
921 5311 1065 5387 Med.
1106 5312 1375 5387 Ελάὶῐὶᾐτῆς
1410 5311 1767 5387 συνηθείαςτό
1794 5319 2003 5387 κράτος,
2038 5332 2172 5370 con-

517 5385 851 5442 suetudinis
876 5386 1059 5459 robur
1086 5384 1424 5459 dissoluere.
1452 5387 1579 5439 Mox
1609 5386 1746 5459 editi
1774 5384 1837 5437 τά
1867 5391 1955 5458 μὲν
1986 5390 2173 5459 κράτος

521 5460 735 5517 ἒκείνης.
772 5459 945 5529 Deest
972 5455 1139 5529 illud,
1182 5457 1317 5529 κατά
1365 5459 1568 5529 κράτος,
1613 5457 1673 5511 in
1712 5455 2067 5529 octo'mssl;
2112 5465 2173 5513 at

520 5529 643 5601 duo
672 5532 901 5582 tantum
934 5526 1161 5601 habent
1180 5525 1634 5599 éxsévug,'nempe
1666 5528 1842 5585 Coisl.
1868 5530 2097 5601 primus
2118 5536 2174 5587 et

521 5598 709 5666 Colb.,
738 5614 894 5669 quos
931 5598 1117 5655 secuti
1156 5613 1390 5653 sumus.

2261 3198 2489 3263 ματικῆς
2532 3190 2580 3240 εν
2627 3192 2783 3261 σαρκὶ
2830 3188 2988 3255 ζωῆς,
3029 3192 3119 3240 καὶ
3148 3187 3391 3263 οὐρανίου
3439 3186 3523 3239 ἐπὶ
3578 3196 3677 3259 γῆς
3722 3187 3875 3239 πολι-

2261 3298 2534 3351 τευματος.
2590 3278 2871 3336 Μνήσθητι
2929 3278 3132 3352 ἡμερῶν
3188 3275 3477 3350 ἀθορύϐων,
3531 3282 3620 3328 xui
3666 3286 3872 3329 νυκτῶν

2260 3374 2679 3441 πεφωτισμένων,
2722 3371 2811 3419 καὶ
2867 3362 3016 3437 ᾠδῶν
3074 3374 3457 3439 πνευματικῶν,
3513 3370 3602 3418 καὶ
3651 3365 3876 3438 ψαλμῳο

2264 3452 2385 3519 δίας
2433 3457 2653 3527 εῦήχου,
2705 3475 2795 3507 και
2852 3463 3164 3527 προσευχῶν
3208 3460 3385 3525 ἁγίων,
3438 3460 3527 3506 καὶ
3577 3454 3741 3526 ἁγνῆς
3781 3460 3875 3508 καὶ

2264 3544 2513 3618 ἀμιάντου
2547 3550 2748 3611 κοίτης,
2786 3548 2875 3595 καὶ
2924 3546 3243 3617 παρθενικῆς
3279 3540 3535 3618 προόδου,
3558 3548 3645 3595 καὶ
3682 3542 3874 3616 ἐγκρα-

2262 3643 2382 3698 τοῦς
2425 3634 2708 3710 τραπέζης,
2743 3638 2831 3685 xui
2889 3633 3056 3695 καλῶς
3109 3633 3393 3705 εὐχομένης
3446 3637 3539 3691 την
3583 3635 3870 3706 παρθενίαν

2266 3744 2350 3777 σοι
2392 3726 2614 3798 ἄφθορον
2661 3725 2957 3798 τηρηθῆναι
2983 3724 3121 3793 (65).
3165 3728 3271 3774 Ποῦ
3327 3719 3387 3774 δέ
3441 3741 3525 3774 σοι
3568 3725 3626 3774 τό
3680 3726 3869 3794 σεμνόν

2264 3811 2421 3865 ἐκεῖνο
2464 3822 2675 3885 σχῆμα,
2735 3820 2833 3864 ποῦ
2888 3809 2946 3864 δὲ
3003 3814 3061 3863 τὸ
3104 3817 3322 3884 κόσμιον
3376 3808 3519 3877 ἦθος,
3569 3815 3658 3863 καὶ
3713 3810 3872 3871 ἐσθὴς

2263 3901 2398 3968 λιτὴ,
2444 3903 2678 3975 παρθένῳ
2726 3906 3021 3975 πρέπουσα,
3078 3906 3168 3952 καὶ
3224 3899 3377 3951 καλόν
3434 3903 3523 3972 μεν
3580 3903 3638 3951 τὸ
3694 3898 3751 3963 ἐξ
3794 3901 3874 3951 αἰ-

2268 3988 2390 4051 δοῦς
2455 3990 2710 4065 ἐρύθημα,
2790 3990 3043 4064 εὐπρεπὴς
3112 3986 3169 4041 δε
3224 3991 3251 4047 ἡ
3315 3988 3367 4052 ἐξ
3420 3988 3721 4062 ἐγκρατείας
3778 3993 3875 4041 καὶ

2270 4078 2558 4154 ἀγρυπνίας
2601 4078 2897 4132 ἐπανθοῦσα
2948 4080 3212 4152 ὠχρότης,
3256 4084 3345 4130 xui
3384 4081 3560 4139 ποίσης
3617 4078 3878 4150 εῦχροίας

2268 4174 2609 4243 χαριέστερον
2662 4168 3072 4242 ἐπιλάμπουσα;
3131 4170 3358 4227 Ποσοίκις
3409 4166 3457 4219 έν
3512 4175 3875 4239 προσευχαῖς,

2270 4261 2395 4331 ὑπὲρ
2427 4266 2518 4310 τοῦ
2548 4268 2781 4333 τηρῆσαι
2814 4260 2923 4330 (66)
2972 4262 3066 4315 τὴν
3117 4258 3391 4331 παρθενίαν
3440 4256 3683 4320 ἄσπιλον,
3750 4261 3889 4318 ἴσως

2878 4352 3026 4399 Πόσα
3092 4343 3151 4399 δὲ

2272 4347 2481 4420 ἐξέχεας
2547 4344 2798 4423 δάκρυας
2878 4352 3026 4399 Πόσα
3092 4344 3151 4399 δὲ
3226 4349 3514 4420 γράμματα
3564 4350 3690 4420 πρὸς
3750 4352 3875 4409 τοὺς

2344 4601 2456 4671 (65)
2502 4604 2601 4672 καί
2655 4598 2915 4672 καλῶς...
2981 4600 3294 4672 τηρηθῆναι.
3357 4596 3524 4672 EdiliA
3557 4602 3694 4669 post
3750 4598 3884 4654 haec

2272 4668 2457 4728 verba
2476 4670 2707 4728 addunt
2728 4671 2941 4726 iterum
2968 4668 3113 4729 κοίτη
3125 4692 3164 4732 ς,
3193 4685 3383 4742 eaque
3414 4668 3712 4742 collecant
3738 4676 3885 4742 ante

2274 4750 2364 4797 xui
2392 4743 2679 4823 ἐγκρατοῦς
2707 4746 2971 4823 τραπέζης
3000 4737 3432 4823 καίπαρθεῖνικῆβ
3462 4737 3716 4823 προόδου.
3754 4741 3884 4796 Ali-

2274 4765 2364 4797 και
2392 4763 2679 4817 εγκρατους
2707 4761 2971 4869 ῖραπεςης
3000 4761 3432 4823 καιβαρυενικης
3462 4761 3716 4814 προοσου.
3754 4761 3884 4796 Ali-

2274 4821 2361 4872 ter
2387 4814 2613 4887 antiqui
2647 4830 2716 4869 eo
2763 4829 2901 4887 ires,
2933 4830 2991 4868 in
3023 4829 3233 4885 primis
3260 4811 3432 4887 Cois].
3464 4811 3691 4887 et_Med.
3719 4828 3885 4887 quos

2275 4890 2458 4942 secuti
2495 4882 2722 4941 sumus.
2761 4885 2959 4939 Melius
2989 4882 3189 4939 tamen
3232 4883 3469 4938 videtur
3499 4882 3717 4938 abesse
3739 4882 3776 4938 a
3804 4884 3889 4939 Bi-

2278 4964 2400 5027 got,
2426 4962 2679 5027 utroque
2709 4956 2851 5011 illud
2877 4961 2964 5008 xui
2985 4956 3218 5017 καλῶς...
3249 4957 3563 5027 τηρηθῆναι.
3594 4954 3887 5010 Credide-

2276 5031 2388 5085 rim
2418 5030 2527 5083 has
2558 5043 2732 5082 voces
2771 5027 3114 5083 referendas
3146 5042 3276 5081 esse
3307 5027 3381 5080 ad
3428 5042 3501 5081 ea
3527 5041 3890 5097 quaasupra

2277 5100 2352 5156 de
2377 5100 2618 5169 virginis
2654 5114 2855 5153 sorore
2903 5098 3204 5162 dicuntur,
3254 5114 3324 5152 ac
3368 5098 3505 5169 inde
3556 5096 3888 5169 excidisse.

2280 5166 2495 5227 Iisdem
2522 5170 2833 5226 codicibus
2866 5169 2993 5224 freti
3022 5170 3279 5237 legimus
3312 5168 3494 5240 paulo
3522 5173 3659 5239 post
3688 5177 3793 5220 ποῦ
3815 5166 3893 5240 δέ

2283 5262 2387 5310 σοι,
2411 5258 2519 5313 pro
2542 5258 2612 5297 eo
2633 5241 2797 5313 quod
2828 5246 2953 5296 erat
2974 5241 3036 5295 in
3066 5242 3238 5296 editis
3269 5239 3368 5291 ποῦ
3394 5244 3485 5311 μέν
3519 5258 3622 5302 σοι,
3647 5246 3704 5293 et
3726 5239 3892 5295 dele.

2279 5315 2479 5369 vimus
2507 5318 2595 5364 καί
2622 5319 2757 5367 ante
2788 5315 3042 5385 παρθένῳ.

2352 5387 2464 5455 (66)
2495 5392 2757 5456 Τηρῆσαι.
2794 5380 2930 5439 Post
2959 5380 3115 5438 hanc
3140 5398 3351 5456 vocem
3392 5380 3801 5456 editiagldunt
3837 5402 3896 5436 σε

2278 5450 2455 5527 quod
2474 5450 2639 5527 deest
2664 5457 2722 5509 in
2748 5472 2889 5527 mss.
2919 5462 3073 5510 octo.
3100 5454 3310 5527 Statim
3338 5454 3475 5508 editi
3496 5450 3892 5527 ἐξεδάκρυσας.

2281 5521 2411 5585 les.
2440 5542 2543 5581 sex
2569 5525 2779 5598 ἐξέχεας
2818 5523 3047 5602 δάκρυα,
3078 5526 3200 5583 duo
3232 5526 3444 5597 ἐξέχεας
3483 5521 3739 5600 δάκρυον.
