4054 6200
232 263 340 318 373

1220 259 1710 318 EPISTOLABUM
1749 256 2040 316 CLASSIS
2079 256 2128 312 Ι.
2175 256 2399 316 EPIST.
2452 259 2628 314 XLVI.

3511 257 3614 313 374

233 389 426 460 ἂγίους
464 387 578 456 (67)
627 384 913 458 ἔχοίραξας,
967 381 1039 437 δι’
1091 384 1155 446 ὧς
1213 383 1393 448 ἠξίους
1452 386 1811 459 ύπερεύχεσθα

1955 398 2078 439 non
2103 386 2166 439 ut
2188 382 2491 439 humanas
2518 381 2781 454 nuptias,
2805 379 2928 436 imo
2949 377 3419 450 ignominiosam
3443 377 3611 438 illam

237 497 360 545 σου,
395 476 499 548 οὐχ
550 476 631 527 ἱνα
676 477 850 546 γάμον
903 473 1250 548 ἀνθρωπίνου,
1282 474 1470 548 μᾶλλον
1517 471 1577 528 δὲ
1604 483 1693 535 τῆς
1724 473 1839 526 ἀτί-

231 586 340 638 μου
392 569 586 626 ταύτης
637 565 834 638 φθορᾶς
876 561 1158 637 ἐπιτύχῃς,
1207 563 1311 616 ἀλλ’
1359 567 1440 616 ἵνα
1493 572 1584 617 τοῦ
1645 569 1840 638 Κυρίου

235 654 419 711 Ἰησοῦ
458 658 528 725 μὴ
579 650 843 724 ἐκπέσης;
900 654 1136 714 Ποσοὶκις
1188 649 1246 704 δὲ
1287 649 1433 726 δῶρα
1479 661 1570 705 τοῦ
1617 659 1841 726 νυμφίου

231 740 398 805 ἐδέξω
425 759 439 808 ;
471 746 534 795 Τί
581 737 664 793 δεῖ
712 746 804 792 καὶ
847 741 1009 813 λέγειν
1054 743 1149 805 τὰς
1194 738 1266 794 δι’
1316 741 1502 795 ἐκεῖνον
1549 745 1692 818 παρὰ
1743 751 1842 795 τῶν

230 830 428 884 ἐκείνου
471 833 661 904 τιμας;
712 833 808 891 τὰς
853 833 983 904 μετὰ
1028 833 1292 907 παρθένων
1342 832 1695 905 συμϐιώσεις
1750 836 1844 896 τὰς

232 925 327 974 σὺν
373 919 589 981 ἐκείναις
639 917 940 993 προοδους;
999 924 1087 982 τὰς
1136 924 1279 997 παρὰ
1335 925 1598 996 παρθένων
1651 919 1841 985 δεξιώ-

229 1027 375 1076 σεις;
434 1010 502 1059 τὰ
569 1007 653 1060 ἐπὶ
716 1011 969 1084 παρθενίᾳ
1033 1009 1306 1082 ἐγκώμια;
1374 1013 1468 1073 τὰς
1527 1013 1843 1086 παρθενικὰς

1687 1102 1738 1152 Ἀ
1746 1101 1840 1153 λλὰ

218 1194 330 1253 νῦν,
379 1186 561 1259 ὀλίγην
617 1191 778 1262 αὔραν
839 1185 1092 1260 δεξαμένη
1153 1197 1242 1242 τού
1293 1187 1466 1264 ἀερίου
1529 1193 1833 1263 πνεύματος,

225 1098 508 1168 εὐλογίας
559 1100 626 1150 τὰ
679 1100 750 1159 ὡς
802 1102 926 1171 πρὸς
990 1101 1241 1172 παρθένον
1289 1103 1624 1173 γράμματας

222 1285 315 1329 τοῦ
379 1284 470 1328 νῦν
530 1276 857 1352 ἐνεργοῦντος
922 1277 970 1330 ἐν
1025 1287 1133 1341 τοῖς
1192 1283 1322 1341 υἱοῖς
1387 1288 1478 1341 τῆς
1529 1280 1831 1356 ἀπειθείας,

224 1368 434 1418 πάντων
505 1371 707 1419 ἐκείνων
783 1367 985 1443 ἔξαρνος
1043 1372 1260 1440 γέγονας
1293 1386 1304 1398 ·
1375 1375 1464 1422 καὶ
1537 1375 1596 1422 τὸ
1661 1377 1832 1444 τίμιον

221 1453 384 1507 έκεῖνο
420 1461 512 1508 xui
560 1458 925 1530 περιμάχητον
974 1466 1153 1530 κτῆμα
1201 1458 1464 1532 βραχείας
1507 1455 1700 1523 ἡδονῆς
1739 1459 1828 1512 ἁν-

1956 473 2404 546 corruptionem
2447 469 2874 543 assequereris,
2903 469 3007 524 sed
3040 472 3103 525 ut
3133 485 3168 524 ο.
3204 468 3610 525 DominoJesu

1954 578 2077 619 non
2109 563 2414 618 excideres
2432 562 2459 618 ‘?
2483 562 2718 628 Quoties
2737 559 2947 631 sponsi
2970 557 3252 630 accepisti
3273 559 3434 614 dona
3453 559 3608 624 Quid

1952 668 2107 726 Opus
2137 657 2228 708 est
2254 653 2515 707 honores
2546 651 2715 707 etiam
2737 649 2894 704 illius
2927 663 3117 704 causa
3143 647 3220 703 ab
3251 647 3322 703 iis
3349 648 3449 720 qui
3475 649 3606 719 ejus

1953 746 2109 809 sunt,
2143 741 2372 797 delatos
2404 743 2788 796 memorare?
2815 737 3158 793 convictum
3191 753 3329 791 cum
3367 737 3605 807 virgini-

1951 831 2113 888 bus?
2143 831 2332 888 t'actos
2363 848 2498 886 cum
2522 831 2750 886 eisdem
2784 842 3142 901 progressus
3159 827 3187 881 ?
3210 812 3603 882 salutationes

1951 937 1987 977 a
2020 921 2354 993 virginibus
2386 921 2682 976 exhibitas
2703 920 2730 974 ?
2772 916 2987 974 laudes
3028 915 3107 970 ob
3149 914 3550 984 virginitatem
3574 915 3602 970 ?

1950 1011 2252 1082 virgineas
2272 1010 2797 1080 eulogias,litteras
2823 1008 2975 1063 utad
2996 1005 3288 1075 virginem
3315 1003 3601 1074 scriptas?
3669 997 3674 1004 ’

1947 1108 2018 1157 At
2045 1102 2290 1173 spiritus
2311 1101 2473 1170 aerii,
2489 1100 2590 1172 qui
2613 1099 2851 1154 nuncin
2871 1097 3004 1151 ﬁliis
3033 1092 3433 1150 contumaciae
3454 1107 3599 1163 ope-

1945 1196 2130 1261 ratur,
2166 1191 2384 1260 exigua
2405 1206 2555 1245 aura
2584 1188 2766 1244 modo
2799 1190 3104 1258 suscepta,
3128 1181 3445 1250 abnegasti
3469 1180 3597 1236 haec

1945 1281 2172 1348 omnia,
2201 1285 2258 1336 et
2281 1280 2607 1352 pretiosam
2631 1278 2796 1332 illam
2818 1281 2874 1331 et
2897 1272 3285 1330 dimicatione
3317 1270 3482 1326 omni
3509 1286 3597 1326 re-

1945 1370 2252 1426 tinendam
2293 1368 2744 1442 possessionem
2779 1364 2946 1420 brevi
2985 1361 3294 1432 voluptate
3322 1375 3594 1414 commu-

1941 1461 2076 1516 tasti
2103 1479 2114 1516 :
2146 1476 2281 1532 quin
2311 1459 2390 1515 ad
2422 1464 2662 1529 tempus
2694 1455 2941 1528 quidem
2973 1456 3178 1522 guttur
3208 1455 3380 1505 tuum
3418 1449 3592 1506 illinit

217 1545 606 1610 τικατηλλοίξω,
670 1545 698 1602 ἢ
762 1550 888 1621 πρὸς
935 1551 1116 1621 καιρὸν
1167 1551 1257 1620 μὶν
1309 1547 1535 1601 λιπαίνει
1589 1569 1680 1601 σον
1729 1553 1811 1622 φοί-

1937 1554 1994 1606 et
2015 1523 2323 1615 exhillarat,
2353 1548 2459 1603 sed
2477 1523 2688 1620 postea
2714 1523 2848 1600 ielle
2878 1541 3141 1599 amarior
3163 1537 3585 1610 comperietur.

215 1654 414 1709 ρνγγα,
462 1635 679 1708 ὕστερον
729 1631 788 1688 δε
839 1639 950 1705 (68)
980 1642 1284 1711 πικρότερον
1342 1638 1510 1709 χολῆς
1561 1641 1818 1713 εύρήσεις.

288 1728 342 1778 3.
391 1724 510 1776 Ἐπὶ
561 1728 763 1786 τούτοις
810 1729 892 1787 τίς
938 1725 1032 1778 ούκ
1083 1725 1144 1777 ἆν
1183 1728 1445 1789 πενθήσας
1501 1731 1652 1799 εἴποι,
1706 1736 1823 1792 Πῶς

215 1810 419 1882 ἐγένετο
466 1819 629 1887 πόρνη
687 1813 836 1876 πόλις
887 1819 1051 1873 πιστὴ
1108 1820 1276 1881 Σιών;
1332 1822 1445 1877 Πῶς
1505 1813 1564 1869 δὲ
1616 1817 1708 1868 ούκ
1761 1818 1820 1870 ἆν

212 1903 370 1962 αὐτὸς
428 1903 454 1953 6
523 1906 711 1976 Κύριος
769 1901 1150 1976 ἁποφθέγξαιτο
1202 1908 1332 1978 πρὸς
1388 1925 1503 1958 τινα
1555 1907 1665 1976 (69)
1720 1916 1818 1959 τῶν

211 1998 302 2042 νῦν
363 1990 415 2042 ἐν
472 1995 729 2064 πνεύματι
794 1992 1039 2066 Ἱερεμίου
1093 1996 1531 2068 περιπατούντων,
1577 1993 1729 2058 Εἶδες
1786 1996 1820 2048 ἆ

210 2078 436 2136 ἐποίησέ
492 2099 585 2152 μοι
646 2083 675 2139 ἠ
740 2084 993 2156 παρθένος
1047 2090 1138 2134 τοῦ
1205 2082 1466 2157 Ἰσραῆλ;
1525 2084 1655 2155 Ἐγὼ
1721 2085 1815 2158 ἐμ-

208 2171 591 2241 νηστωσάμην
644 2170 806 2228 αὐτὴν
858 2169 1064 2243 ἐμαυτῷ
1121 2169 1169 2223 ἐν
1215 2176 1394 2224 πίστει
1457 2178 1547 2225 καὶ
1609 2173 1814 2250 ἀφθαρ-

210 2263 347 2329 σίᾳ,
404 2257 455 2309 ἐν
509 2254 820 2332 δικαιοσύνῃ
850 2304 863 2329 ,
905 2266 994 2312 xui
1045 2259 1093 2313 ἐν
1150 2266 1402 2334 κρίματι,
1452 2268 1542 2315 καὶ
1597 2262 1644 2315 ἐν
1693 2263 1813 2317 ἐλέει

210 2352 303 2398 xui
349 2347 664 2421 οἰκτιρμοῖς,
705 2351 878 2411 καθὼς
923 2355 1013 2402 καὶ
1066 2347 1159 2402 διὰ
1201 2349 1366 2408 Ὠσηὲ
1409 2359 1500 2403 τοῦ
1544 2358 1811 2428 προφήτου
1839 2369 1852 2383 ⁸

207 2437 342 2507 αὐτῇ
416 2437 802 2510 ἐπηγγειλάμην
847 2440 978 2508 (⁸70).
1034 2439 1172 2498 Αύτὴ
1233 2437 1292 2492 δε
1353 2442 1612 2512 ἠγαπήκει
1659 2441 1812 2496 ἁλλο-

200 2531 404 2600 τρίους,
450 2533 541 2578 καὶ
587 2528 780 2590 ζῶντος
837 2528 963 2602 ἐμοῦ
997 2536 1087 2580 τοῦ
1128 2526 1338 2604 ἀνδρὸς,
1389 2531 1636 2603 μοιχαλὶς
1669 2553 1812 2608 χρη-

200 2616 443 2689 ματίζει,
493 2622 583 2669 xui
628 2616 684 2670 ού
738 2617 1260 2691 φοϐεῖταιίγενομένη
1313 2617 1464 2694 ἀνδρὶ
1516 2621 1693 2695 ἑτέρῳ,
1750 2629 1813 2676 Τί

203 2702 268 2757 δί
297 2707 408 2778 ἄρα
453 2706 480 2757 6
525 2711 893 2778 νυμφαγωγὸς,
927 2709 952 2758 6
1004 2709 1137 2768 θεῖος
1173 2713 1262 2760 xui
1295 2711 1549 2782 μακάριος
1584 2711 1808 2778 Παῦλος,

202 2795 229 2846 ὃ
287 2813 341 2846 τε
395 2792 625 2869 ἀρχαῖος
678 2794 888 2863 ἐκεῖνος,
937 2801 1025 2848 xui
1068 2799 1094 2848 6
1149 2801 1258 2859 νέος
1309 2795 1470 2859 οὖτος,
1506 2799 1588 2871 ὑφ’
1719 2821 1809 2873 με·

205 2889 334 2955 σίτη
367 2890 461 2936 xui
508 2881 840 2956 διδασκάλῳ,
873 2889 960 2937 τὸν
998 2894 1236 2959 πατρῷον
1269 2889 1383 2958 (Ἠ)
1422 2884 1560 2940 οἷκον
1591 2890 1808 2942 καταλι-

199 2982 405 3037 ποῦσα,
456 2982 531 3045 τῷ
581 2979 756 3049 Κυρίῳ
805 2977 1110 3048 συνὴφθης;
1161 2976 1297 3050 Ἀρα
1336 2977 1429 3029 ούκ
1473 2978 1533 3030 ἂν
1577 2983 1712 3032 εἴποι
1740 2988 1809 3052 τῷ

197 3066 445 3133 τοσούτῳ
501 3071 646 3134 κακῷ
711 3067 1080 3137 περιπαθήσας
1144 3065 1377 3139 ἑκάτερος
1410 3088 1422 3101 ο
1494 3068 1656 3131 Φόϐος
1710 3073 1808 3144 γὰρ

198 3153 257 3204 ὃν
324 3151 644 3225 ἐφοϐούμην,
712 3150 835 3211 ἦλθέ
889 3173 999 3226 μοι,
1048 3159 1138 3206 καὶ
1202 3155 1254 3207 ὃν
1321 3153 1626 3226 ἐδεδοίκειν,
1681 3179 1810 3210 συν-

196 3247 403 3300 ήντησε
444 3261 560 3314 μοι.
604 3241 734 3313 Ἐγὼ
781 3245 872 3315 μὲν
915 3245 1014 3316 γάρ
1069 3262 1125 3296 σε
1175 3245 1491 3319 ἡρμοσάμην
1541 3247 1611 3299 ἐνὶ
1653 3245 1808 3322 ἀνδρὶ

195 3334 456 3418 ⁴παρθένον
546 3331 708 3402 ἁγνὴν
786 3342 1129 3406 παραστῆσαι
1211 3342 1283 3404 τῷ
1365 3342 1581 3408 Χριστῷ
1617 3379 1631 3403 ,
1719 3343 1808 3391 xui

198 3419 496 3492 ‘?0€0ﬁunv
538 3419 616 3472 ἀεὶ
652 3425 725 3494 μή
769 3441 901 3485 πως,
940 3423 1008 3482 ὡς
1052 3423 1076 3474 6
1125 3426 1235 3494 ὄφις
1288 3421 1613 3486 ἐξηπάτησεν
1672 3430 1807 3479 Εὔαν

200 3509 252 3561 ἐν
314 3519 377 3581 τῇ
437 3515 732 3582 πανουργίᾳ
771 3515 919 3581 (7'2),
977 3511 1182 3577 αὐτοῦ,
1247 3513 1378 3564 ούτω
1448 3515 1616 3589 φθαρῇ
1684 3520 1808 3568 ποτε

200 3601 274 3650 τὰ
325 3602 554 3672 νοήματα
594 3619 714 3654 σον.
756 3603 849 3652 Διά
890 3619 972 3652 τοι
1019 3609 1172 3654 τοῦτο
1209 3607 1424 3676 μυρίαις
1455 3607 1544 3676 μὲν
1577 3601 1807 3676 ἐπῳδαῖς

201 3686 493 3762 ἐπειρώμην
541 3688 620 3741 ἀεὶ
662 3692 774 3759 (74)
816 3689 1170 3743 καταστέλλειν
1217 3700 1316 3743 τῶν
1354 3695 1532 3745 παθὼν
1581 3697 1668 3745 τόν
1714 3698 1805 3747 τοί-

193 3797 392 3851 ραχον,
440 3784 659 3853 μυρίαις
712 3775 770 3831 δὲ
820 3778 1070 3850 φυλακαῖς
1129 3789 1399 3854 συντηρεῖν
1453 3790 1545 3833 τοῦ
1605 3789 1802 3857 Κυρίου

194 3871 288 3924 τὴν
334 3871 543 3940 νύμφην
597 3872 685 3920 xui
734 3871 822 3919 τὸν
872 3866 988 3940 βίον
1039 3867 1116 3920 ἀεὶ
1167 3878 1256 3931 τῆς
1306 3869 1512 3944 ἀγάμου
1554 3868 1797 3944 διεξῄειν,

193 3960 268 4008 ὅτι
320 3953 394 4015 δὴ
449 3962 581 4029 μόνη
629 3961 657 4015 ἠ
699 3957 906 4030 ἄγαμος
941 3964 1166 4031 μεριμνᾲ
1208 3961 1274 4011 τὰ
1303 3967 1394 4012 τοῦ
1429 3967 1645 4034 Κυρίου,
1675 3959 1796 4035 ἶν’ᾖ

194 4043 320 4116 ἁγία
369 4053 446 4116 τῷ
505 4052 711 4117 σώματι
756 4050 846 4097 καὶ
898 4054 970 4117 τῷ
1017 4050 1305 4120 πνεύματι·
1356 4055 1445 4101 καὶ
1485 4053 1542 4102 τό
1595 4050 1801 4124 ἀξίωμα

193 4143 283 4196 τῆς
330 4136 616 4206 παρθενίας
663 4136 992 4207 ύφηγούμην,
1044 4141 1133 4189 καὶ
1180 4141 1299 4190 ναὸν
1347 4157 1404 4190 σε
1453 4146 1584 4191 Θεοῦ
1625 4160 1797 4216 προσ-

193 4227 476 4300 αγορεύων,
538 4227 686 4278 οἱονεὶ
738 4228 923 4299 πτερόν
975 4221 1187 4278 ἐδίδουν
1245 4234 1307 4299 τῆ
1368 4229 1636 4302 προθυμίᾳ
1688 4229 1798 4302 (74)

260 4348 306 4382 ⁵9
353 4347 473 4402 Isa.
517 4362 556 4411 1,
597 4351 688 4405 2t.

194 4419 237 4452 “
277 4422 296 4476 l
338 4419 480 4475 Cor.
524 4434 617 4490 vn,
660 4421 753 4476 34.

763 4349 810 4383 ⁵ο
849 4347 1070 4405 Jerem.
1109 4365 1271 4421 xml,
1311 4353 1401 4408 13.

1480 4353 1522 4386 ⁶ί
1570 4354 1700 4409 Osc.
1741 4370 1800 4426 ιι,
1849 4359 1930 4411 17.

2003 1733 2054 1784 3.
2089 1729 2176 1784 Ad
2215 1729 2344 1784 haec
2385 1726 2520 1799 quis
2570 1739 2691 1780 non
2728 1722 3135 1793 ingemiscens
3187 1719 3390 1774 dicat:
3435 1718 3584 1784 Quo-

1930 1819 2278 1890 mod0137
2286 1820 2458 1888 facta
2482 1821 2562 1872 est
2587 1815 2874 1870 meretrix
2891 1813 3100 1868 civitas
3122 1810 3317 1881 ﬁdelis
3337 1809 3481 1864 Sion
3495 1808 3540 1842 ⁵⁸
3555 1809 3584 1860 γ

1931 1908 2248 1974 Quomodo
2272 1911 2472 1962 autem
2495 1921 2616 1962 non
2645 1904 2773 1975 ipse
2797 1901 3086 1957 Dominus
3117 1898 3190 1955 ad
3227 1895 3580 1968 eorum,qui

1926 2012 2088 2054 nunc
2109 1999 2169 2052 in
2195 1997 2464 2052 Jeremiie
2494 1995 2702 2067 spiritu
2737 1990 3072 2057 ambulant,
3105 1987 3340 2059 aliquos
3368 1986 3527 2040 dicat
3552 2001 3565 2038 :

1938 2087 2150 2142 Vidisti
2168 2100 2299 2157 quae
2322 2085 2466 2154 fecit
2498 2084 2647 2139 mihi
2668 2083 2836 2152 virgo
2862 2080 3046 2135 Israel
3062 2079 3147 2132 60?
3168 2078 3298 2146 Ego
3324 2075 3571 2142 despon-

1923 2177 1990 2232 di
2017 2178 2200 2246 ipsam
2228 2175 2380 2231 mihi
2405 2175 2520 2242 ipsi
2543 2173 2606 2227 in
2635 2173 2753 2241 ﬁde
2782 2177 2837 2226 et
2859 2169 3228 2239 integritate,
3244 2166 3307 2220 in
3328 2164 3570 2235 iustitia

1922 2272 1977 2323 et
2008 2267 2069 2322 in
2093 2265 2330 2335 judicio
2357 2267 2409 2319 ct
2437 2264 2500 2318 in
2539 2259 2954 2318 misericordia
2975 2264 3156 2328 atque
3175 2254 3572 2310 miserationi-

1921 2357 2110 2421 bus“,
2128 2351 2652 2426 quemadmodum
2683 2355 2738 2405 et
2763 2351 3103 2422 pet-Oscam
3130 2342 3490 2418 prophetam
3515 2341 3568 2396 ei

1917 2445 2186 2518 promisi.
2215 2448 2351 2515 Ipsa
2395 2457 2534 2498 vero
2578 2440 2782 2496 dilexit
2822 2438 3073 2506 alienos,
3102 2439 3159 2491 et
3196 2433 3434 2488 vivente
3471 2446 3568 2486 me

1917 2535 2066 2604 viro,
2105 2533 2376 2589 adultera
2403 2531 2592 2593 audit,
2616 2545 2727 2585 nec
2750 2533 2984 2583 veretur
3004 2524 3116 2580 viri
3142 2523 3384 2580 alterius
3415 2536 3561 2575 esse.

1918 2623 2068 2689 Quid
2097 2638 2233 2677 vero
2275 2637 2510 2694 sponsae
2541 2620 2664 2675 dux
2705 2618 2950 2673 divinus
2981 2632 3050 2671 ac
3089 2613 3302 2669 beatus
3323 2609 3566 2680 Paulus,

1917 2716 2086 2766 vetus
2117 2711 2232 2776 ille,
2267 2716 2321 2766 et
2351 2725 2547 2765 novus
2577 2707 2694 2775 hic,
2723 2721 2845 2779 quo
2872 2708 3182 2776 sequestro
3205 2716 3273 2756 ac
3299 2699 3564 2765 doctore,

1918 2801 2120 2857 relicta
2148 2803 2400 2873 paterna
2440 2798 2646 2867 domo,
2682 2795 2936 2851 Domino
2977 2792 3302 2862 conjuncta
3344 2789 3448 2844 es?
3477 2792 3566 2842 An

1838 2874 1878 2930 C
1918 2906 2039 2946 non
2062 2891 2221 2945 dicat
2252 2895 2417 2945 tanto
2445 2887 2610 2944 malo
2635 2885 2845 2941 dolens
2869 2889 3114 2954 uterque
3130 2881 3158 2936 ?
3183 2880 3386 2934 Timor
3409 2877 3565 2932 enim

1918 2997 2090 3054 quem
2114 2979 2414 3048 timebam,
2438 2980 2596 3035 venit
2623 2976 2790 3047 mihi,
2817 2979 2870 3030 et
2892 2987 3061 3045 quem
3089 2975 3439 3032 metueram,
3473 2980 3566 3020 oc-

1918 3072 2112 3127 currit
2142 3071 2291 3126 mihi
2310 3071 2380 3126 δ’.
2409 3066 2775 3136 Desponsavi
2803 3064 2958 3120 enim
2993 3067 3049 3116 te
3069 3060 3176 3114 uni
3200 3059 3352 3123 viro,
3375 3054 3565 3124 virgi-

1917 3175 2046 3216 nem
2062 3166 2287 3215 castam
2311 3157 2588 3215 exhibere
2603 3153 2916 3211 Christo“:
2933 3150 3036 3206 sed
3051 3146 3397 3204 metuebam
3416 3159 3568 3198 sem-

1916 3265 2024 3322 per
2045 3265 2119 3305 ne
2137 3249 2406 3322 quodam
2423 3248 2698 3314 modo,ut
2721 3257 2967 3314 serpens
2985 3242 3165 3295 Evam
3183 3236 3418 3308 decepit
3435 3248 3568 3289 ver-

1917 3338 2292 3404 sutiasua,ita
2305 3335 2636 3409 aliquando
2655 3332 3184 3404 corrumperentur
3201 3340 3416 3381 sensus
3431 3322 3565 3379 tui“

1917 3429 2295 3500 Quapropter
2322 3423 2656 3481 innumeris
2683 3417 3150 3477 incantamentis
3197 3428 3436 3486 semper
3468 3426 3565 3468 co-

1912 3521 2091 3574 natus
2122 3533 2254 3572 sum
2288 3514 2610 3571 affectuum
2656 3510 2982 3567 tumultum
3035 3505 3456 3577 comprimere,
3509 3503 3568 3556 et

1912 3606 2243 3663 innumeris
2265 3603 2533 3660 excubiis
2562 3601 2795 3658 Domini
2827 3613 3121 3672 sponsam
3159 3592 3484 3658 custodire,
3507 3594 3565 3645 et

1911 3697 2097 3752 vitam
2130 3695 2391 3766 innuptae
2416 3707 2653 3765 semper
2677 3687 3080 3761 exponebam,
3114 3681 3280 3755 quod
3304 3681 3562 3750 innupta

1911 3785 2040 3841 sola
2061 3788 2373 3856 curatquae
2401 3781 2633 3837 Domini
2657 3782 2813 3844 sunt,
2828 3781 2893 3831 ut
2916 3775 2990 3830 sit
3009 3779 3218 3828 sancta
3238 3782 3487 3840 corpore
3505 3770 3564 3822 et

1911 3873 2213 3947 spiritu“;
2247 3877 2303 3928 et
2331 3869 2686 3941 virginitatis
2719 3866 3072 3936 dignitatem
3095 3857 3478 3947 enarrabam,
3505 3859 3562 3910 et

1908 3946 2193 4035 templum
2233 3960 2329 4017 Dei
2371 3965 2427 4015 te
2467 3958 2804 4030 appellans,
2849 3953 3012 4009 velut
3051 3951 3180 4008 alas
3229 3946 3556 4012 addebam,

1907 4051 2213 4110 alacritate
2233 4049 2469 4121 erigens
2501 4047 2580 4104 ad
2606 4049 2808 4102 Jesum
2833 4063 2846 4114 ;
2886 4048 2942 4098 et
2969 4056 3076 4114 per
3101 4038 3246 4094 mali
3275 4037 3556 4092 timorem

1907 4139 1986 4196 ad
2009 4139 2348 4196 cavendum
2367 4151 2576 4192 casum
2598 4132 2906 4206 suppetias
2928 4129 3216 4194 ferebam,
3237 4141 3376 4180 cum
3398 4122 3557 4178 dice-

1909 4245 2073 4286 rem:
2100 4230 2168 4284 Si
2203 4228 2333 4298 quis
2363 4225 2649 4296 templum
2679 4223 2784 4278 Dei
2805 4219 3122 4290 profanat,
3157 4215 3317 4270 hunc
3345 4212 3555 4282 perdet

2009 4356 2056 4390 ⁶²
2095 4352 2237 4410 Job.
2301 4366 2380 4422 ιιι,
2424 4355 2511 4406 25.
2607 4350 2655 4383 ⁸³
2695 4350 2739 4402 ΙΙ
2779 4345 2911 4402 Cor.
2954 4359 3028 4411 ιιι,
3068 4344 3120 4396 2.
3199 4339 3246 4374 ⁸⁸
3293 4334 3446 4392 ibid.
3496 4338 3549 4390 3.

258 4546 378 4624 (βυῖ)
421 4546 564 4624 ρος
588 4542 936 4624 τοὺςὴἁγίους.
965 4543 1116 4624 Editi
1137 4543 1378 4624 addunt
1400 4547 1665 4624 πολλᾴκις,
1688 4549 1794 4624 sed

1947 4550 2090 4624 ,(70)
2131 4547 2565 4624 ’ξέπῃγγείλάμηλ
2589 4511 2752 4624 .Male-
2795 4542 2876 4624 iu
2909 4539 3079 4624 editi‘s
3139 4532 3538 4624 ἐπηγγείλαμενἸ

193 4613 410 4669 melius
433 4613 607 4691 deest
628 4615 684 4669 in
709 4613 879 4670 COisl.
909 4616 1224 4691 primo.Sic
1246 4618 1587 4691 etiamediti
1613 4622 1795 4691 paulo

191 4693 345 4756 post,
380 4688 531 4760 παρά
577 4694 670 4737 τοῦ
701 4687 945 4758 νυμφίου,
987 4687 1092 4742 sed
1137 4689 1482 4761 praepositio
1530 4687 1697 4748 deest
1733 4693 1794 4748 in

191 4763 322 4812 octo
356 4773 518 4812 mss.

257 4832 376 4899 (68)
417 4827 672 4900 ’Υστερον
695 4824 774 4883 δέ.
803 4827 894 4884 Sic
919 4828 1149 4900 antiqui
1170 4829 1428 4886 codices.
1462 4832 1610 4889 Editi
1641 4833 1794 4887 ὔστε-

192 4879 272 4980 ”;
315 4879 516 4980 μέντοι.
552 4879 778 4980 Ibidem
820 4905 958 4980 post
978 4879 1234 4980 ἕῦξῆἇεὶξ
1249 4879 1792 4960 manus};

194 4969 726 5051 ἱξκονημενονμᾶλλον
749 4969 1023 5051 μαχαίοας
1049 4969 1334 5051 διστόμρυ,
1357 4980 1413 5030 et
1434 4977 1623 5046 magis
1654 4993 1792 5032 acu-

196 5046 305 5096 tam
337 5043 554 5119 θέειιίιό
585 5043 888 5119 ancipite._
906 5042 1019 5099 Sed
1049 5043 1177 5098 haec
1212 5042 1439 5119 desunt
1459 5042 1790 5119 in'septem

195 5115 596 5192 mss._Desunt
623 5113 847 5186 pariter
875 5114 934 5192 in
965 5120 1102 5192 octo
1132 5113 1790 5192 veteribuslibris'quae

195 5190 318 5261 post
350 5185 464 5261 has
515 5185 710 5248 vocés,
745 5190 910 5261 πιστὴ
954 5191 1102 5261 Σιὼν,
1132 5186 1411 5258 leguntur
1439 5191 1500 5261 in
1531 5185 1719 5261 editis,
1755 5194 1783 5250 ἠ

198 5260 312 5343 ποτε
352 5257 558 5343 πλήρης
609 5262 846 5332 κρίσεως,
882 5257 930 5309 ἐν
979 5258 1010 5330 ᾔ
1072 5253 1384 5317 δικαιοσύνη
1440 5253 1786 5343 ἐκοιμήθη’ἐν

202 5331 562 5410 arx-93,3903“;
595 5333 836 5410 φονευταί
861 5345 882 5410 -_
911 5344 1042 5410 qua:
1067 5331 1206 5386 olim
1235 5333 1420 5410 plena
1435 5331 1690 5410 judicio,
1723 5336 1785 5391 in

204 5413 306 5472 qua
325 5401 576 5472 justitia
623 5401 982 5472 quiescebat,
1014 5417 1177 5458 nunc
1214 5409 1412 5460 autem
1440 5401 1782 5462 homicidae.

256 5471 821 5556 ίδθζᾈξῖοῖθέγξαιτρ
851 5477 984 5556 πρὸς
1008 5492 1141 5528 τινα.
1177 5475 1267 5531 Sic
1298 5490 1510 5532 omnes
1549 5477 1785 5535 codices

207 5551 330 5595 mss.
364 5541 513 5598 Editi
541 5541 862 5616 ἀποφθέγξαι
889 5541 1019 5620 πρὸς
1047 5564 1213 5608 τιναςο
1273 5577 1276 5580 ·

1904 4607 2045 4696 lili
2071 4607 2374 4696 ’θμᾷίῐὶίτού
2431 4607 2697 4696 ἀθανατου.
2722 4611 2928 4696 αξδρός,
2959 4609 3064 4694 se_d
3118 4607 3334 4664 melius
3380 4607 3551 4660 abest

1901 4692 2070 4758 illud,
2100 4693 2379 4756 ἀθανάτου,
2406 4707 2442 4746 a
2471 4690 2614 4746 Med.
2649 4692 2706 4743 et
2735 4685 2907 4742 Coisl.
2937 4687 3152 4758 primo.

1972 4745 2086 4835 (—7771,)
2127 4745 2389 4837 Πατρῷον.
2401 4745 2693 4837 Plerique
2706 4775 2856 4837 _x_nss.
2881 4745 3118 4837 μῆτρῇιον
3135 4753 3320 4837 ’νεῖμε
3331 4745 3544 4837 tissimi

1902 4805 2103 4892 taz‘xiéﬁ
2126 4805 3279 4891 ἕόἱὲιῗὲὶίἑἑέι’.’ὲ¹ι“εἶιιῖ“ιὶὀὲιᾙίι“ιῖιίιιαδέιιι
3299 4825 3363 4875 ut
3382 4818 3542 4875 editi.

1973 4908 2086 4977 (72)
2128 4907 2209 4958 Ἐν
2239 4909 2645 4980 1f2_1_:uv0upyiu.
2685 4900 3036 4980 Praeposit'io
3078 4894 3286 4980 addita
3325 4904 3546 4980 exjsex

1898 4962 2043 5033 mss.
2067 4962 2196 5032 Mox
2217 4962 2356 5032 editi
2377 4962 2515 5032 ante
2536 4962 2648 5031 has
2671 4962 2867 5042 voces,
2893 4969 2985 5024 διά
3010 4989 3091 5042 τοι
3109 4974 3282 5042 τοῦτο,
3311 4962 3545 5042 addunt

1899 5052 2000 5102 άπὸ
2051 5058 2146 5111 τῆς
2195 5047 2484 5110 άπλότητος
2513 5054 2607 5099 τοῦ
2650 5033 2902 5119 Χρᾷιστοῦ.
2933 5041 3049 5099 Sed
3077 5041 3206 5095 haec
3237 5035 3453 5119 desunt
3479 5033 3543 5088 in

1897 5109 2183 5176 omnibus
2215 5136 2364 5176 mss.
2398 5119 2624 5174 Ibidem
2673 5109 2816 5172 éditi
2858 5122 2968 5175 ταῖς
2997 5115 3370 5176 πνευματικαῖς
3408 5109 3541 5175 ἐπῳ-

1898 5188 1934 5244 δ
1937 5199 2038 5258 αῖς,
2063 5163 2484 5260 spiritu‘alibus
2515 5163 3000 5246 incantamentis.
3017 5163 3147 5261 _Sed
3169 5163 3390 5261 melius
3416 5163 3540 5261 duo

1898 5253 2301 5337 antiquissimi
2333 5262 2572 5318 codices
2613 5260 2790 5317 Coisl.
2831 5265 2888 5315 et
2912 5255 3082 5324 Med.,
3114 5267 3270 5325 quos
3293 5253 3354 5304 in
3377 5253 3540 5304 textu

1892 5335 2079 5390 secuti
2098 5349 2333 5392 sumus.

1967 5409 2080 5478 (73)
2119 5405 2240 5459 Ἀεί.
2271 5408 2439 5462 Deest
2468 5399 3028 5478 iniisdemduobus
3053 5394 3385 5478 codicibus.

1969 5467 2075 5551 (‘74)
2119 5477 2612 5551 upoeupiu._l§diti
2660 5475 3040 5551 addunt__xui’,
3082 5469 3193 5551 sed
3249 5467 3419 5551 deest
3477 5469 3540 5527 in

1891 5538 2194 5622 plerisque
2228 5538 2380 5605 mss:
2400 5548 2627 5606 Ibidem
2659 5552 2777 5605 tres
2807 5538 3044 5603 codices
3074 5538 3439 5614 ἀνακουφίζον.
