4070 6194
508 236 613 289 375
1893 230 1950 286 S.
1993 226 2115 283 ΒΑΕ

2282 227 2501 285 MAGNI
3758 236 3865 292 3'76

507 358 665 415 Deus
683 356 757 412 εδ.
787 354 900 413 Sed
932 357 990 411 et
1017 356 1369 429 praesidium
1399 372 1472 412 ex
1496 354 1778 429 precibus
1798 353 1949 409 meis
1980 351 2114 407 addi

2271 354 2403 427 πρὸς
2446 352 2653 411 Ἰησοῦν
2707 351 3086 426 ἀνακουφίξων,
3130 355 3222 405 καὶ
3268 359 3339 424 τῷ
3380 352 3516 427 φόϐῳ
3556 362 3646 408 τοῦ
3693 352 3868 411 δεινοῦ

508 446 676 516 bam,
693 445 741 500 si
769 461 894 519 qua
923 444 1153 501 ratione
1178 446 1478 516 integrum
1506 444 1613 499 tibi
1635 459 1854 516 corpus
1879 446 1936 497 et
1956 440 2115 496 anim

2271 444 2399 514 πρὸς
2448 445 2507 494 τὸ
2558 446 2630 515 μὴ
2680 449 2855 496 πεσεῖν
2905 440 3174 509 ἐκοήθουν,
3204 441 3361 515 λέγων
3394 445 3503 514 (75)
3528 464 3542 477 ο
3574 448 3635 498 εἴ
3678 465 3751 507 τις
3782 449 3871 500 τὸν

511 539 569 592 et
598 534 842 607 spiritus
864 540 1067 607 posset
1092 536 1237 592 citra
1261 534 1793 607 reprehensionem
1815 532 1875 587 in
1900 531 2118 588 advent

2270 533 2389 582 ναὸν
2438 538 2528 583 τοῦ
2581 539 2714 585 Θεοῦ
2764 533 2977 607 φθειρει,
3030 533 3205 606 φθερεῖ
3251 540 3431 585 τοῦτον
3492 534 3517 585 ό
3570 538 3705 595 Θεός.
3769 540 3872 589 Καὶ

511 624 751 681 Domini
779 624 967 680 nostri
1001 627 1140 680 Jesu
1170 624 1385 680 Christi
1418 623 1660 679 servari.
1686 626 1759 678 At
1789 622 2009 677 frustra
2032 620 2118 675 hee

2272 616 2337 677 δὴ
2368 624 2458 672 καὶ
2487 625 2579 680 τήν
2615 620 2662 673 ἓν
2692 629 2799 674 πῶν
2838 629 3143 697 προσευχῦν
3171 641 3272 695 μου
3302 625 3646 697 προσετίθουν
3693 623 3870 698 ἀσφά-

512 714 720 770 omnia
739 712 802 768 in
834 717 887 768 te
907 712 1204 781 laboravi,
1235 713 1504 785 mihique
1524 728 1771 768 amarus
1794 709 2011 766 exstitit
2031 707 2119 763 du?

2270 706 2426 781 λειαν,
2458 713 2502 763 εἴ
2529 731 2639 773 πως
2668 710 2947 785 ὁλόκληρόν
2980 730 3075 763 σου
3099 711 3210 783 (76)
3248 715 3307 763 τὸ
3340 720 3495 786 σῶμα
3521 717 3610 765 καὶ
3648 716 3678 773 ἡ
3711 714 3867 787 ψυχή

512 803 670 860 cium
691 802 932 858 illorum
948 802 1227 858 laborum
1241 802 1456 870 exitus,
1470 817 1801 874 rursusque
1816 800 2119 871 ingemenc

2270 802 2361 850 καὶ
2402 801 2461 851 τὸ
2502 807 2705 873 πνεῦμα
2749 798 3030 873 ἀμέμπτως
3060 798 3107 852 ἕν
3139 808 3201 873 τῇ
3236 805 3520 875 ,παρουσίᾳ
3547 822 3635 855 του
3671 808 3870 878 Κυρίου

510 891 843 948 necessitas
873 891 953 947 ob
980 890 1231 957 eam,de
1261 907 1386 964 qua
1414 890 1675 962 gaudere
1696 906 1793 946 me
1823 887 2117 961 oporteba

2271 888 2417 959 ἡμῶν
2482 888 2658 947 Ἰησου
2721 896 2957 963 Χριστοῦ
3024 892 3303 963 τηρηθείη.
3378 890 3535 945 Ἀλλά
3594 894 3694 966 γὰρ
3761 893 3869 953 εἰκῆ

512 982 659 1035 Ecce
672 980 830 1035 enim
847 980 1099 1052 decepta
1111 996 1174 1035 es
1187 996 1223 1035 a
1243 984 1516 1052 serpente
1530 976 1959 1035 amarulentius
1974 992 2119 1049 qua:

2272 985 2438 1030 ταῦτα
2479 981 2649 1031 πάντα
2677 983 2966 1032 κεκοπίακα
2995 978 3066 1041 εἰς
3112 984 3170 1032 σέ
3196 997 3208 1009 ·
3242 984 3333 1033 καί
3361 1000 3453 1053 μοι
3493 985 3679 1056 πικρὸν
3724 981 3870 1046 ἐξέϐη

511 1070 655 1124 Eva.
675 1071 968 1141 Corrupta
997 1073 1085 1125 est
1112 1084 1237 1125 non
1266 1085 1440 1125 mens
1466 1072 1569 1124 tua
1599 1067 1816 1137 solum,
1851 1066 1957 1121 sed
1982 1065 2118 1121 etiai

2271 1074 2371 1118 τῶν
2422 1066 2649 1139 γλυκέων
2699 1067 2898 1120 ἐκείνων
2948 1072 3115 1121 πόνων
3168 1071 3224 1121 τὸ
3280 1073 3478 1144 πέρας’
3530 1076 3619 1123 καὶ
3679 1076 3873 1125 στένειν

512 1174 637 1214 una
661 1174 798 1213 cum
827 1162 1029 1213 mente
1050 1174 1273 1229 corpus
1296 1161 1487 1213 tuum.
1520 1160 1585 1214 Et
1612 1156 1983 1214 horrendum
2016 1154 2119 1209 illu

2272 1152 2472 1227 ἀνάγκη
2516 1156 2670 1209 πάλιν
2716 1155 2789 1229 ἐφ’
2916 1153 3023 1210 ἔδει
3058 1177 3119 1230 με
3156 1161 3385 1232 χαίρειν.
3418 1156 3558 1212 Ἰδοὺ
3595 1162 3697 1234 γὰρ
3736 1162 3874 1219 ἠπά-

513 1246 681 1319 quod
720 1251 777 1303 et
801 1247 999 1303 dicere
1031 1246 1238 1319 pudet,
1262 1262 1372 1302 nec
1414 1251 1617 1303 tamen
1666 1245 1837 1301 silere
1866 1260 2024 1317 queo
2055 1245 2120 1314 (e:

2271 1265 2433 1303 τησαι
2496 1249 2585 1319 μεν
2644 1247 2743 1299 ὑπὸ
2800 1253 2892 1299 τοῦ
2958 1248 3117 1319 ὄφεως
3182 1255 3278 1309 τῆς
3338 1252 3473 1311 Εὔας
3528 1254 3872 1325 πικρότερον·

513 1336 676 1392 enim
700 1339 867 1392 velut
892 1336 1144 1409 quidam
1166 1336 1325 1406 ignis
1354 1336 1414 1392 in
1439 1335 1679 1392 ossibus
1699 1334 1850 1391 meis
1874 1348 2120 1389 accensu

2274 1334 2524 1408 ἔφθαρται
2555 1330 2616 1387 δέ
2663 1355 2748 1388 σοι
2787 1335 2846 1387 οὗ
2887 1338 2951 1388 τὰ
2996 1341 3232 1409 νοήματα
3276 1341 3449 1411 μόνον,
3483 1336 3612 1391 ἀλλά
3639 1342 3746 1413 γὰρ
3784 1343 3876 1391 σὺν

514 1428 572 1481 et
601 1425 841 1494 ardens,
880 1424 1271 1498 resolvorque
1322 1424 1591 1497 undique
1638 1428 1695 1479 et
1739 1438 1863 1480 non
1911 1437 2121 1495 pOSSUI

2274 1423 2485 1488 ἐκείνοις
2530 1430 2620 1478 καὶ
2668 1424 2794 1478 αῦτό
2844 1428 2902 1479 τὸ
2950 1434 3137 1499 σῶμα·
3169 1431 3259 1479 καί
3296 1432 3355 1480 τὸ
3386 1424 3639 1503 φρικῶδες
3686 1427 3873 1497 ἐκεῖνο,

514 1512 710 1584 ferre),
738 1513 949 1569 tollens
973 1515 1181 1586 utique
1211 1512 1491 1569 membra
1520 1512 1752 1578 Christi,
1791 1510 2067 1567 membra
2086 1509 2121 1565 f1

2274 1513 2299 1566 ὃ
2338 1518 2426 1567 καὶ
2477 1514 2630 1567 εἰπεῖν
2674 1516 2826 1582 ὀκνῶ,
2858 1519 2947 1567 καὶ
2997 1522 3198 1587 σιωπᾷν
3238 1516 3297 1569 οὐ
3345 1513 3574 1591 δυναμαι
3604 1521 3743 1589 (ἔστι
3775 1520 3873 1591 γὰρ

517 1603 647 1659 cisti
691 1601 1018 1658 meretricis
1036 1604 1101 1657 67.
1128 1605 1249 1658 Hoc
1287 1618 1479 1657 unum
1509 1617 1581 1657 ex
1611 1600 1898 1657 omnibus
1933 1598 2124 1655 malui

2274 1606 2343 1665 ὡς
2424 1611 2527 1678 πῦρ
2594 1609 2862 1677 καιόμενον
2940 1609 3031 1657 καὶ
3097 1604 3397 1679 φλεγόμενον
3463 1608 3577 1679 (77)
3640 1609 3687 1659 ἐν
3771 1615 3876 1669 τοῖς

514 1692 724 1765 nequit
752 1707 891 1747 cum
920 1690 1037 1747 alio
1068 1691 1445 1764 comparari:
1470 1691 1586 1746 hoc
1620 1706 1848 1746 novum
1862 1692 1950 1745 est
1971 1688 2121 1744 invit

2276 1692 2476 1755 ὀστέοις
2518 1713 2638 1766 μου,
2672 1697 2763 1745 καὶ
2806 1701 3058 1767 παρεῖμαι
3104 1697 3372 1765 πάντοθεν,
3404 1700 3493 1748 καὶ
3539 1695 3597 1748 οὐ
3638 1692 3878 1770 δύναμαι

512 1780 771 1837 facinus.
804 1781 1203 1847 Pertransite,
1236 1779 1449 1852 inquit,
1484 1779 1717 1834 insulas
1774 1778 2076 1846 Chettiim,
2109 1796 2119 1831 ι

2274 1785 2497 1856 φέρειν),
2563 1783 2739 1856 ἄρασα
2796 1784 2863 1834 τὰ
2936 1782 3062 1855 μέλη
3128 1790 3218 1836 τοῦ
3279 1792 3516 1859 Χριστοῦ
3580 1790 3878 1848 πεποίηκας

515 1871 721 1937 videte,
752 1875 806 1926 et
837 1871 901 1925 in
929 1870 1128 1926 Cedar
1185 1870 1422 1935 mittite,
1470 1874 1523 1925 et
1567 1868 1940 1924 considerate
1987 1866 2122 1922 velte

2270 1870 2396 1944 μέλη
2458 1875 2667 1943 πόρνης.
2715 1877 2876 1924 Τοῦτο
2924 1875 3078 1943 μόνον
3127 1871 3174 1924 ἐν
3221 1878 3357 1925 πᾶσι
3402 1876 3562 1926 κακὸν
3609 1872 3876 1947 ἀσύγκρι-

519 1965 773 2028 menter,
807 1974 887 2015 an
909 1959 1082 2028 facta
1113 1958 1233 2013 sint
1270 1958 1442 2027 talia,
1470 1972 1547 2014 an
1578 1958 1987 2027 permutarz'nt
2023 1969 2126 2025 gen

2270 1977 2390 2013 τον·
2456 1968 2611 2013 τοῦτο
2657 1963 2832 2012 καινὸν
2882 1958 2931 2012 ἐν
2980 1960 3083 2034 βίῳ
3129 1964 3186 2014 τὸ
3232 1961 3495 2036 τόλμημα.
3538 1962 3679 2033 Ὀτι,
3737 1963 3877 2017 Διελ-

521 2053 606 2105 tes
637 2048 776 2104 deos
801 2063 937 2103 suos
968 2064 979 2102 :
1015 2052 1069 2103 et
1098 2047 1199 2102 isti
1217 2062 1337 2102 non
1369 2052 1509 2102 sunt
1561 2047 1731 2114 dii”;
1760 2046 1931 2115 virgo
1961 2049 2128 2101 auten

2275 2052 2401 2117 θετε,
2461 2054 2612 2122 φησὶ,
2675 2054 2872 2111 νήσους
2933 2055 3201 2123 Χεττιεὶμ,
3258 2056 3348 2105 xui
3413 2048 3582 2105 ἴδετε⁶
3646 2056 3743 2105 καὶ
3810 2053 3882 2117 εἰς

512 2137 767 2194 mutavit
788 2136 1046 2207 gloriam
1071 2136 1540 2209 suam,ejusque
1562 2135 1753 2206 gloria
1773 2140 1858 2191 est
1890 2135 1950 2190 in
1980 2138 2116 2206 turp

2273 2136 2458 2214 Κηδὰρ
2525 2137 2886 2208 ἀποστείλατε,
2946 2143 3035 2191 καὶ
3096 2144 3321 2198 νοήσατε
3383 2138 3610 2216 σφόδρα,
3677 2141 3728 2194 εἰ
3796 2146 3880 2213 γέ-

511 2226 719 2282 tudine
759 2242 895 2281 sua.
929 2225 1247 2297 Obstupuit
1281 2224 1500 2280 caelum
1524 2224 1604 2280 ob
1633 2225 1768 2292 hoc,
1793 2224 2116 2281 etinhorru

2270 2248 2385 2301 γονε
2448 2234 2705 2295 τοιαῦτα,
2774 2228 2817 2280 εἰ
2888 2226 3193 2291 ἀλλάξονται
3267 2231 3383 2287 ἔθνη
3450 2230 3594 2291 θεοὺς
3660 2230 3877 2300 αὐτῶν,

509 2319 668 2372 terra
695 2314 1287 2371 vehementius.Dicit
1309 2315 1489 2370 etiam
1506 2330 1669 2370 nunc
1690 2314 2010 2370 Dominus:
2033 2314 2116 2368 Du

2271 2322 2358 2371 xui
2412 2317 2561 2370 αὐτοὶ
2617 2317 2709 2369 οὐκ
2758 2316 2861 2370 εἰσὶ
2906 2319 3046 2370 θεοί·
3095 2320 3124 2377 ἡ
3190 2316 3249 2372 δὲ
3304 2321 3556 2394 παρθένος
3611 2318 3878 2384 ἠλλάξατο

511 2405 676 2462 mala
696 2404 1059 2477 perpetravit
1079 2407 1120 2474 1
1135 2405 1253 2475 38
1275 2403 1474 2474 virgo:
1496 2420 1591 2460 me
1612 2403 1929 2477 dereliquit
1949 2419 2118 2463 veru:

2272 2412 2359 2466 τήν
2400 2404 2557 2470 δόξαν
2590 2406 2754 2469 αὐτῆς
2796 2408 2930 2478 (78),
2961 2412 3053 2460 καὶ
3086 2410 3116 2467 ἡ
3162 2405 3295 2471 δόξα
3324 2407 3371 2461 ἐν
3409 2417 3472 2482 τῇ
3502 2410 3740 2483 αἰσχύνῃ
3780 2411 3879 2463 αὗ-

506 2495 852 2551 animarum
892 2499 1240 2549 sanctarum
1274 2498 1551 2549 sanctum
1584 2510 1903 2566 sponsum,
1932 2500 1987 2551 et
2017 2512 2113 2552 cor

2268 2506 2379 2559 τῆς.
2413 2496 2625 2559 Ἐξέστη
2678 2498 2703 2547 ὀ
2741 2496 2985 2567 οὖραννὸς
3037 2496 3120 2550 ἐπὶ
3161 2501 3348 2571 τούτῳ,
3380 2503 3466 2550 xui
3502 2498 3694 2573 ἔφριξεν
3741 2502 3775 2558 ἡ
3808 2507 3875 2571 γῆ

503 2584 660 2655 fugit
686 2584 763 2640 ad
790 2582 1047 2655 impium
1078 2588 1136 2639 et
1164 2583 1442 2655 iniquum
1473 2584 1692 2639 animae
1726 2584 1904 2639 simul
1940 2590 1998 2641 et
2035 2603 2105 2643 co

2271 2586 2353 2640 ἐπὶ
2396 2586 2567 2639 πλεῖον
2615 2582 2840 2662 σφόδρα.
2874 2591 3029 2659 Λέγει
3056 2588 3168 2659 (79)
3208 2588 3298 2639 καὶ
3339 2596 3426 2640 νῦν
3458 2590 3483 2641 ὁ
3515 2591 3769 2661 Κυύριος,
3801 2590 3878 2642 ότι

501 2676 667 2748 poris
690 2676 1184 2746 corruptorem”.
1202 2673 1419 2730 Defecit
1442 2690 1478 2730 a
1502 2677 1620 2730 Deo
1642 2679 1942 2732 servatore
1959 2693 2108 2744 suo,‘

2271 2673 2367 2730 δύο
2419 2680 2509 2728 καὶ
2552 2676 2756 2749 πονηρά
2802 2674 3045 2733 ἐποίησεν
3092 2678 3121 2734 ἠ
3170 2678 3419 2751 παρθένος
3447 2697 3460 2711 υ
3513 2675 3599 2750 ἐμὲ
3657 2675 3878 2748 ἐγκατέ-

501 2765 761 2838 praebuit
788 2763 1065 2820 membra
1096 2780 1207 2819 sua
1233 2779 1406 2820 serva
1435 2764 1835 2821 immunditias
1854 2770 1911 2822 et
1939 2766 2107 2839 iniqu

2266 2765 2381 2818 λιπε
2427 2768 2514 2817 τὸν
2560 2762 2800 2822 ἀληθινὸν
2848 2768 2936 2816 τὸν
2980 2765 3128 2836 ἅγιον
3172 2764 3365 2837 ψυχῶν
3415 2764 3575 2838 ἁγίων
3624 2772 3871 2839 νυμφίον,

500 2855 698 2911 tati“).
733 2852 929 2910 Oblita
984 2856 1073 2908 est
1122 2857 1329 2907 autem
1369 2852 1506 2915 mei,
1543 2857 1600 2909 et
1636 2858 1773 2927 post
1820 2860 2107 2912 amatore]

2268 2859 2356 2908 xui
2406 2849 2611 2926 ἀπέδρα
2654 2855 2783 2928 πρὸς
2832 2852 2994 2913 ἀσεϐῆ
3047 2858 3136 2907 καὶ
3171 2858 3469 2928 παράνομον
3510 2854 3698 2927 ψυχῆς
3743 2857 3875 2929 ὁμοῦ

500 2959 679 2999 suum
704 2942 919 3010 ibat",
953 2957 989 2997 a
1014 2957 1136 3014 quo
1168 2957 1292 2997 non
1317 2942 1652 3013 juvabitur.

2265 2943 2355 2996 xui
2420 2947 2657 3015 σώματος
2718 2943 2925 3015 φθορέα.
2977 2941 3205 3001 Ἀπέστη
3266 2942 3366 2995 ἀπὸ
3429 2950 3562 2997 Θεοῦ
3631 2953 3872 3019 σωτῆρος

496 3033 626 3091 αὐτῆ
646 3053 685 3096 ς,
731 3036 821 3083 καὶ
864 3034 1161 3106 παρέστησε
1199 3032 1263 3083 τὰ
1301 3030 1427 3103 μελη
1472 3031 1633 3095 αὐτῆς
1674 3028 1839 3085 δοῦλα
1878 3042 1937 3107 τῇ
1974 3033 2275 3112 ἀκαθαρσίᾳ
2302 3036 2390 3085 xui
2428 3039 2490 3104 τῇ
2534 3029 2750 3103 ἀνομίᾳ.
2798 3029 2954 3103 Ἐμοῡ
3004 3027 3064 3085 δε
3111 3030 3401 3101 ἐπελάθετο,
3435 3037 3524 3085 καὶ
3567 3037 3751 3086 απίσω
3782 3040 3875 3087 τοῦ

499 3120 728 3194 ἐραστοῦ
759 3120 923 3181 αὐτῆς
950 3119 1238 3195 ἐπορεύετο,
1268 3119 1321 3182 ἐξ
1350 3120 1410 3172 οὔ
1436 3119 1529 3173 ou’x
1555 3120 1718 3194 ὠφελη
1731 3124 1789 3180 θή
1803 3143 1968 3179 σεται.

562 3214 613 3265 4.
656 3208 973 3281 Expediret
1001 3209 1055 3263 ei
1100 3214 1165 3264 ut
1204 3208 1368 3265 mola
1413 3210 1678 3267 asinaria
1718 3212 1875 3268 circa
1926 3213 2151 3271 collum

2330 3214 2384 3269 4.
2428 3211 2694 3283 Συνέφερεν
2759 3209 2871 3281 (80)
2938 3207 3080 3281 αὐτῷ
3148 3209 3191 3263 εἰ
3253 3208 3410 3283 μύλος
3477 3208 3649 3272 ὀνικὸς
3716 3230 3868 3286 περι-

494 3298 684 3371 ipsius
731 3297 929 3368 posita
976 3297 1208 3366 fuisset,
1243 3302 1300 3353 et
1339 3298 1401 3354 in
1445 3315 1613 3355 mare
1642 3301 1945 3372 projectus
1971 3319 2100 3359 esse

2263 3305 2430 3354 έκειτο
2478 3303 2597 3375 περὶ
2646 3300 2730 3351 τὸν
2780 3297 3048 3373 τράχηλον
3094 3298 3277 3369 αὐτοῦ,
3304 3304 3394 3352 καὶ
3423 3298 3634 3374 ἔρριπτο
3664 3299 3740 3361 εἰς
3781 3304 3869 3359 τήν

491 3386 690 3458 potius
716 3401 903 3457 quam
931 3384 1297 3441 oﬂendiculo
1330 3386 1543 3443 fuisset
1571 3388 1786 3460 virgini
1820 3391 2095 3447 Domini"

2261 3390 2553 3454 θάλασσαν,
2592 3388 2621 3447 ή
2679 3388 2759 3439 ὄτι
2812 3383 3162 3441 ἐσκανδάλισε
3212 3392 3307 3447 τήν
3362 3390 3612 3463 παρθένον
3668 3395 3866 3459 Κυρίου

491 3474 633 3538 Quis
667 3490 877 3529 servus
917 3477 1247 3528 contumax
1279 3474 1360 3530 ita
1401 3476 1670 3544 insaniit,
1704 3483 1769 3533 ut
1809 3478 1871 3534 in
1900 3479 2098 3536 herile]

2261 3499 2365 3542 τις.
2429 3478 2617 3539 Δοῦλος
2658 3478 2772 3548 (81)
2829 3473 3071 3540 αὐθάδης
3126 3477 3197 3540 εἰς
3246 3485 3500 3530 τοσοῦσον
3554 3477 3749 3550 ἐμάνη,
3810 3481 3868 3539 ὡς

493 3564 739 3621 thorum
766 3577 828 3617 se
850 3560 978 3632 ipse
1000 3560 1315 3630 injiceret?
1337 3568 1440 3618 aut
1460 3564 1595 3635 quis
1616 3566 1824 3638 praedo
1848 3582 1918 3623 eo
1942 3583 2100 3623 amex

2261 3566 2549 3640 δεσποτικῇ
2605 3570 2753 3640 κοίτη
2804 3565 2980 3619 ἑαυτὸν
3038 3566 3347 3642 ἐπιρῥίψαι;
3404 3567 3434 3626 ή
3485 3574 3635 3630 ποῖος
3669 3566 3867 3641 λῃστής

497 3652 592 3709 tiaa
619 3651 880 3716 devenit,
921 3655 986 3706 ut
1032 3649 1166 3722 ipsa
1193 3650 1293 3705 Dei
1319 3650 1572 3708 donaria
1604 3654 1995 3725 contingeret,
2027 3672 2104 3712 no

2261 3658 2343 3710 ἐπὶ
2388 3666 2635 3710 τοσοῦτον
2694 3654 2934 3717 ἀπονοίας
2988 3658 3265 3731 προήχθη,
3318 3658 3387 3718 ὡς
3435 3656 3599 3709 αὐτῶν
3658 3656 3866 3729 ἐφάφα-

492 3757 647 3798 vasa
676 3740 1032 3803 inanimata,
1057 3739 1162 3795 sed
1207 3755 1462 3812 corpora
1482 3740 1762 3814 viventia,
1793 3748 1849 3799 et
1880 3745 2099 3801 animai

2263 3748 2388 3798 σθαι
2417 3754 2516 3798 τῶν
2551 3752 2643 3797 τοῦ
2692 3749 2824 3798 Θεοῦ
2868 3743 3235 3818 ἀναθημάτων,
3268 3745 3327 3797 οὐ
3378 3753 3573 3798 σκευῶν
3616 3743 3864 3818 ἀψύχων,

498 3829 946 3886 inhabitantem
975 3828 1263 3885 habentia
1287 3828 1509 3884 factam
1540 3828 1619 3885 ad
1646 3830 1974 3902 imaginem
2008 3834 2105 3890 Dei

2262 3835 2391 3889 ἀλλά
2448 3837 2702 3908 σωμάτων
2754 3836 2957 3896 ζώντων
3014 3839 3104 3887 καὶ
3161 3835 3346 3907 ψυχήν
3400 3838 3592 3888 ἓνοικον
3640 3836 3869 3908 ἐχόντων

499 3919 640 3984 Quis
665 3934 940 3990 unquam
974 3917 1215 3974 auditus
1247 3918 1420 3973 estin
1458 3918 1661 3974 media
1692 3919 1923 3978 civitate
1965 3929 2021 3979 et
2062 3941 2106 3979 se

2263 3926 2375 3980 κατ’
2422 3926 2594 3979 εἰκόνα
2634 3933 2766 3980 Θεοῦ
2814 3930 3198 3999 πεποιημένηνς
3239 3931 3332 3988 Τίς
3377 3925 3465 3979 ἀπ’
3497 3926 3680 3989 αἰῶνος
3714 3931 3870 3987 ἥκου-

495 4021 645 4061 rena
669 4005 917 4060 meridie
948 4005 1198 4075 imagini
1232 4006 1409 4076 regite
1439 4006 1666 4063 formas
1696 4008 2102 4068 immundorui

2267 4036 2386 4069 σται
2435 4015 2481 4068 ἐν
2533 4018 2668 4088 μέση
2724 4014 2867 4068 πόλει
2918 4020 3007 4067 καὶ
3067 4017 3296 4091 σταθερᾷ
3347 4015 3652 4089 μεσημϐρίᾳ
3717 4016 3873 4069 εἰκόνι

496 4108 823 4167 porcorum
844 4092 1168 4148 inscribere
1191 4109 1376 4149 ausus
1398 4096 1567 4150 esse?
1586 4095 1835 4168 Nuptias
1857 4097 2103 4157 human:

2268 4103 2521 4178 βασιλικῇ
2564 4109 2764 4179 χοίρων
2811 4106 3013 4179 μορφὰς
3073 4104 3378 4181 ἀκαθάρτων
3427 4104 3725 4181 ἐπιγράψαι
3766 4106 3875 4159 τολ-

501 4183 553 4239 si
580 4184 715 4255 quis
733 4181 1062 4253 violaverit,
1086 4182 1659 4251 immisericorditer,
1687 4201 1893 4242 coram
1917 4188 2108 4246 duobt

2267 4199 2480 4267 μήσας;
2535 4193 2820 4255 Ἀθετήσας
2878 4213 2954 4255 τις
3008 4195 3173 4266 γάμον
3224 4192 3517 4268 ἀνθρώπου,
3573 4200 3747 4269 χωρὶς
3796 4197 3874 4247 οἱ-

502 4276 606 4330 aut
630 4272 817 4329 tribus
848 4272 1119 4341 testibus,
1152 4272 1424 4328 moritur.
1452 4274 1687 4340 Quanto
1718 4275 1989 4346 graviore
2020 4295 2109 4352 su]

2266 4289 2535 4356 κτιρμῶν,
2593 4282 2676 4334 ἐπὶ
2725 4278 2880 4335 δυσὶν
2934 4283 2962 4341 ἦ
3020 4287 3167 4358 τρισὶ
3224 4285 3506 4357 μάρτυσιν,
3559 4285 3868 4342 ἀπονήσκει.

577 4480 623 4514 σθ
664 4481 685 4533 Ι
724 4479 855 4533 Cor.
898 4492 981 4542 ιιι,
1027 4480 1111 4533 17.
1189 4477 1232 4512 δῖ
1274 4478 1316 4533 Ι.
1361 4478 1493 4536 Cor.
1531 4494 1612 4548 τι,
1657 4482 1741 4535 15.
1820 4481 1866 4517 ⁸⁸
1905 4466 2111 4554 ibid},I

505 4566 566 4605 ιι.
612 4553 697 4605 13.
773 4550 822 4585 ⁷³
865 4551 1005 4605 Luc.
1045 4564 1177 4605 xm.
1217 4551 1272 4604 2.

2266 4529 2282 4555 ,
2328 4489 2411 4541 11.
2490 4486 2536 4521 ⁶⁹
2575 4483 2724 4542 ibid.
2772 4488 2858 4555 12,
2904 4488 2988 4542 13.
3054 4486 3104 4521 ⁷ο
3144 4487 3313 4543 Rom.
3352 4502 3433 4555 Vl,
3477 4490 3564 4545 19.
3639 4487 3685 4522 ’τί
3736 4490 3870 4545 Ose.

547 4591 566 4621 ,
616 4588 697 4605 ιυο
865 4588 1005 4605 uuvo
1045 4588 1177 4619 AVII,
1221 4588 1272 4604 «ο

581 4753 718 4836 (75)-
735 4755 940 4836 ᾼεέγων,⁸
972 4754 1115 4836 Duc.
1156 4752 1782 4836 transtulimushha‘nc
1823 4770 2044 4836 vocem
2093 4773 2163 4815 ex
2205 4762 2248 4817 D
2278 4774 2401 4836 non
2428 4762 2634 4816 tamen
2665 4759 3032 4836 initedicaao
3071 4764 3129 4818 et
3156 4760 3516 4836 Coisliniano
3542 4762 3766 4836 primo.

581 4773 695 4823 (ιο)
735 4773 825 4805 [ιε’
845 4773 933 4815 ων,
982 4773 1107 4807 nuc
1156 4773 1573 4810 transulumus
1621 4773 1782 4811 nanc
1833 4773 2044 4813 vocem
2093 4773 2118 4814 e

511 4824 645 4905 cod.
679 4773 861 4881 Coisi.
891 4828 946 4880 et
972 4824 1177 4883 Medic.
1202 4825 1349 4881 Male
1370 4826 1433 4881 in
1478 4825 1653 4881 editis
1684 4825 1999 4897 legebatur
2024 4846 2118 4903 po:

2278 4774 2401 4816 non
2428 4773 2634 4816 tamen
2665 4776 2726 4816 ιιι
2758 4773 3032 4817 medicaao
3071 4773 3129 4818 et
3156 4773 3516 4819 UOisuniano
3542 4778 3766 4836 primo.

2277 4902 2287 4905 _
2344 4832 2640 4905 (79)ᾼέγει.
2665 4832 2812 4905 Editi
2837 4832 3071 4905 addunt
3089 4853 3315 4901 παντως,
3345 4834 3451 4891 sed
3470 4835 3687 4891 melius
3710 4836 3880 4892 deest

513 4899 746 4978 φθείρει..
795 4926 832 4978 λ·
889 4965 905 4978 λ
1261 4968 1290 4978 Α
1631 4968 1646 4978 ι
1725 4968 1740 4978 ι
2025 4899 2045 4903 ’

2272 4902 2335 4978 in
2356 4899 2505 4958 Med.
2529 4899 2596 4978 get
2628 4903 2797 4978 Coisl.
2846 4904 3059 4975 primo.
3094 4907 3220 4978 Non
3236 4899 3441 4978 multo
3471 4913 3611 4978 post
3638 4907 3784 4963 editi
3815 4915 3875 4978 τῇ

585 4965 699 5038 (7-6)
736 4965 1044 5053 ,ολὶόκληρον
1087 4986 1202 5053 σουῖ.
1242 4968 1368 5053 ,δρχ
1396 4984 1573 5053 ,ΗΞξῆ
1603 4968 2027 5053 ὁλοκληρόνμσοι,
2060 4971 2166 5027 sed
2275 4973 2464 5053 ἀνομίᾳ
2498 4974 2570 5037 εἰς
2616 4979 2726 5053 τήν.
2756 4965 2992 5048 ἀνομίαν,
3045 4980 3102 5032 et
3139 4976 3437 5053 ⁵ἐπελάθετο,
3475 4965 3619 5053 ῖλέγει
3662 4965 3880 5053 Κύριος.

513 5044 718 5122 tamen
740 5038 1125 5122 vetustissimi
1155 5038 1330 5096 Coisl.
1355 5044 1412 5095 et
1450 5039 1598 5096 Med.
1641 5038 1800 5097 cum'
1823 5042 1995 5099 editis
2024 5058 2166 5098 con-
2275 5038 2535 5122 Primum
2587 5038 3068 5122 additamentum
3100 5046 3271 5104 abest
3311 5063 3350 5106 a
3394 5038 3565 5105 Coisl'.
3592 5038 3797 5122 primo
3826 5038 3884 5106 et

514 5112 797 5183 sentiunt.
1300 5181 1306 5183 Α
2274 5116 2445 5183 Med,
2479 5116 2732 5173 alterum
2759 5118 2838 5173 ab
2873 5123 3007 5174 octo
3035 5135 3177 5174 mss.

586 5181 1067 5267 (Z7)n¢)276pwgv.
1094 5183 1267 5267 Deest
1293 5181 1355 5238 in
1382 5198 1487 5238 sex
1494 5199 1679 5267 νεικεῖ,
1708 5199 1831 5267 non
1873 5188 2076 5267 tamen
2104 5184 2166 5267 in

2346 5181 2459 5267 (80)
2499 5193 2786 5261 Συνέφερεν.
2819 5191 2904 5246 Ita
2932 5206 3147 5246 omnes
3184 5207 3335 5246 mss.
3368 5190 3519 5247 Editi
3551 5195 3797 5267 Συνέφερε
3824 5189 3885 5245 δέ

516 5254 871 5313 Med.Coisl.
900 5254 1111 5328 :primo
1167 5255 1331 5309 Unus
1378 5270 1451 5309 ex
1494 5255 1687 5328 Regiis
1738 5254 1939 5328 φλέγον.
1979 5256 2123 5313 Paul

777 5254 871 5310 ist.
900 5254 1111 5328 primo
1167 5255 1331 5309 Unus
1378 5270 1451 5309 ex
1494 5255 1687 5328 Regiis
1738 5254 1939 5328 φλέγον.
1979 5256 2167 5313 Paulo
2273 5263 2383 5324 καί,

515 5326 1036 5407 ροεῌιιιοιοιὶἰᾳίθ
1089 5330 1380 5407 veterum.
1401 5326 1675 5407 codicum
1709 5326 2122 5407 emendavimu

2346 5329 2912 5407 (δυ-Δοῦλος.ᾘάἱῷ
2938 5330 3190 5407 addunt
3214 5334 3393 5407 οὕτως,
3432 5333 3601 5407 quod
3639 5334 3818 5391 abest
3849 5350 3885 5391 a.

517 5395 686 5469 quod
711 5398 918 5453 vitiose
949 5398 1010 5453 in
1038 5397 1209 5452 editis
1231 5395 1543 5467 legebatur
1565 5396 1775 5472 Ἀρασα
1803 5402 1901 5473 γὰρ
1932 5419 1996 5451 τα
2015 5399 2124 5473 psi:

520 5474 576 5525 et
599 5469 755 5525 infra
792 5474 880 5521 xui
912 5469 956 5522 εἰ
979 5475 1221 5529 νοήσατε.

2276 5395 2629 5529 ιιέἐῦΣὲηεει
2660 5402 2838 5461 etiam
2868 5402 3090 5459 ibidem
3123 5410 3319 5479 Κυρίου
3349 5395 3411 5461 in
3441 5395 3622 5463 Coisl.
3677 5407 3883 5480 primo

2276 5488 2307 5529 e
2418 5488 2448 5529 e
2499 5513 2513 5528 .

520 5484 576 5525 et
599 5484 755 5525 Intra
792 5484 880 5521 καί
912 5489 956 5522 ει
979 5484 1221 5529 νοησατε.

912 5489 956 5522 ει
979 5484 1221 5529 νοήσατε.
2275 5484 2334 5529 et
2358 5484 2512 5529 Med.

593 5540 702 5612 (78)
745 5541 932 5610 Αὐτῆς,
965 5546 1055 5595 xui
1081 5543 1110 5602 ἡ
1141 5536 1293 5607 δόξα,
1318 5540 1440 5597 Hac
1468 5538 1686 5598 desunt
1720 5539 1784 5598 in
1826 5544 1961 5600 octo
1997 5557 2167 5613 mss.,
