4054 6200
208 265 316 320 377

1208 262 1699 321 EPISTOLARUM
1736 259 2018 318 CLASSIS
2070 262 2112 317 Ι.
2140 263 2357 323 EPIST.
2386 263 2578 324 XLVI.

3464 271 3571 327 378

210 392 392 461 Πόσῳ,
428 385 629 442 δοκεῖτε
678 387 808 459 (82),
845 391 1087 461 χείρονος
1135 386 1484 451 ἀξιωθήσεται
1532 391 1802 462 τιμωρίας,

1917 385 2115 459 plicio,
2150 390 2394 461 putatis,
2425 390 2644 461 dignus
2674 391 3033 459 censebitur,
3058 392 3165 466 qui
3218 392 3426 451 Filium
3469 394 3571 451 Dei

210 477 237 530 ό
269 481 357 531 τόν
407 482 525 530 Υίὸν
587 485 679 529 τοῦ
735 485 869 530 Θεοῦ
920 482 1318 545 καταπατήσας,
1374 482 1465 530 καὶ
1520 482 1614 536 τὴν
1668 475 1808 547 αὐτῷ

210 566 727 639 καθομολογηθεῖσαν
772 570 975 639 νύμφην
1042 568 1311 635 νοθεύσας,
1356 572 1445 620 καὶ
1502 570 1557 619 τὸ
1608 574 1811 639 πνεῦμα

212 665 306 717 τῆς
353 659 636 730 παρθενίας
683 655 1051 729 καθυϐρίσαςς
1121 656 1253 709 Ἀλλ’
1298 656 1552 723 ἐϐούλετο,
1627 660 1807 729 φησὶν,

208 744 400 805 ἐκείνηο
433 751 523 799 καὶ
550 746 645 799 οὐκ
675 747 908 799 ἄκουσαν
962 745 1254 819 ἐϐιασάμην
1309 750 1421 819 (83)
1472 746 1654 804 αὐτήν.
1709 750 1810 799 Καὶ

207 838 309 909 γὰρ
343 838 373 894 ἡ
433 832 689 889 δέσποινα
751 837 779 893 ὀ
810 837 1014 897 ἄσωτος
1070 838 1099 894 ἡ
1158 836 1426 908 Αἰγυπτία
1453 836 1584 895 αὕτη
1617 842 1689 905 τῷ
1719 855 1811 887 κα-

206 922 280 993 λῴ
336 923 531 996 Ἰωσὴφ
582 924 831 996 ἐπεμάνη·
890 922 999 975 ἀλλ’
1050 924 1143 976 οὐκ
1200 922 1405 982 ἐνίκησε
1461 929 1554 981 την
1629 922 1809 996 ἀρετὴν

208 1020 301 1064 τοῦ
362 1019 621 1088 σώφρονος
669 1016 698 1071 ἡ
743 1018 907 1085 μανία
960 1021 1056 1074 τῆς
1094 1011 1415 1082 ἀκολάστου,
1449 1009 1809 1086 οὐδε,χερσιν

205 1101 370 1164 αὐτῆς
428 1101 768 1174 βιαζομένης,
818 1106 949 1177 πρός
1010 1108 1106 1162 τὴν
1147 1108 1473 1177 παρανομίαν
1506 1101 1809 1166 ἕκεῖνοςέϐιε

203 1192 368 1247 ἀσθη.
438 1190 575 1244 Ἀλλ’
627 1190 860 1267 ἐκέκριτο
918 1192 1081 1266 ἐκείνη
1124 1200 1300 1257 τοῦτο,
1356 1196 1509 1265 φησὶ,
1550 1196 1639 1243 καὶ
1693 1190 1810 1242 οὐκ·

202 1284 281 1332 ἐτι
312 1276 376 1339 ἦν
424 1282 696 1355 παρθένος·
765 1286 854 1334 καὶ
894 1281 938 1334 εἰ
984 1280 1084 1353 ἐγὼ
1142 1286 1213 1353 μὴ
1240 1280 1544 1353 ἐϐουλόμην,
1571 1283 1697 1355 πρὸς
1722 1278 1809 1330 οἰλ-

200 1368 288 1421 λον
314 1369 379 1420 ἂν
406 1368 601 1445 ἐφθάρη
653 1371 788 1441 (84).
853 1376 953 1424 Καὶ
985 1369 1085 1446 γάρ
1134 1375 1223 1424 τόν
1248 1374 1365 1425 Υίόν
1392 1378 1483 1423 τοῦ
1514 1368 1805 1442 ἀνθρώπου,

202 1465 391 1530 φησὶν,
449 1456 558 1512 ἔδει
598 1456 986 1534 παραδοθῆναι,
1028 1459 1137 1512 ἀλλ’
1172 1460 1290 1513 οὐαὶ
1331 1456 1403 1514 δι’
1436 1456 1494 1513 οὗ
1516 1455 1804 1533 παρεδόθη·

199 1552 291 1599 καὶ
319 1546 389 1600 τά
428 1544 702 1602 σκάνδαλα
749 1548 908 1603 ἐλθεῖν
962 1548 1187 1621 ἀνάγκη,
1240 1548 1483 1602 ἀλλὀὖαὶ
1540 1545 1597 1601 δι
1622 1548 1680 1600 οὗ
1719 1550 1807 1623 ἔρ-

199 1657 384 1709 χεται.

271 1733 323 1782 5.
349 1726 467 1780 Ἐπὶ
533 1729 736 1788 τούτοις
762 1728 897 1799 (85).
950 1733 1036 1787 Μὴ
1070 1732 1096 1781 ό
1120 1728 1323 1781 πίπτων
1358 1727 1452 1781 οὐκ
1484 1726 1759 1780 ἀνίσταται
1790 1732 1805 1785 ;
1846 1745 1885 1801 Β

207 1824 236 1875 ἦ
282 1820 308 1868 ό
365 1816 707 1889 ἀποστρέφων
758 1817 851 1869 οὐκ
894 1817 1237 1893 ἐπιστρέφει;
1297 1821 1392 1871 Δίά
1447 1823 1497 1871 τί
1564 1816 1809 1889 ἀπέστρε-

196 1905 265 1977 ψε
296 1906 356 1963 νη
390 1908 638 1981 παρθένος
668 1905 1000 1982 ἀποστροφὴν
1036 1904 1249 1973 ἀναιδῆ,
1276 1912 1509 1981 καίτοιγε
1538 1906 1812 1959 ἀκούσασα

195 2003 439 2068 Χριστοῦ
470 1998 585 2065 (86)
613 2004 701 2049 τοῦ
727 2001 952 2069 νυμφίου
986 1993 1082 2050 διὰ
1112 1997 1359 2071 Ἰερεμίου
1413 1997 1668 2068 λέγοντος·
1705 2000 1805 2049 Καὶ

195 2086 315 2139 εἰπα
382 2088 517 2158 μετά
578 2089 637 2139 τὸ
681 2090 965 2156 πορνεύσαι
1015 2090 1177 2145 αὐτὴν
1224 2096 1389 2141 ταῦτα
1451 2089 1639 2140 πάντα·
1676 2090 1808 2162 Πρός

194 2178 258 2247 μὲ
326 2173 676 2249 ἀναστρεψον·
744 2180 835 2227 καὶ
909 2176 1004 2227 οὐκ
1087 2175 1385 2252 ἀνέστρεψεο
1482 2181 1566 2234 Μὴ
1616 2177 1803 2250 ῥητίνη

195 2262 291 2316 οὐκ
344 2266 488 2316 ἔστιν
547 2263 595 2316 ὲν
643 2260 896 2332 Palatii};
962 2264 1222 2340 ἣίατρός
1278 2265 1369 2318 οὐκ
1437 2268 1576 2318 ἔστιν
1652 2263 1802 2325 ἐκεῐς

1734 2354 1801 2407 Ἦ

195 2448 285 2494 καὶ
332 2441 503 2495 πολλά
556 2446 647 2514 μεν
702 2442 763 2494 ἂν
790 2443 955 2517 εὕροις
993 2442 1042 2495 ἐν
1072 2464 1134 2502 τη
1170 2446 1283 2517 θείᾳ
1312 2451 1485 2517 Γραφῇ
1516 2452 1607 2497 τοῦ
1636 2451 1801 2496 κακοῦ

195 2355 293 2406 Διά
336 2357 391 2406 τί
442 2356 538 2406 οὐκ
594 2352 747 2412 ἀνέϐη
804 2358 950 2415 ἴασις
1012 2357 1268 2429 θυγατρός
1318 2354 1445 2408 λαοῦ
1505 2374 1605 2428 μου
1663 2371 1676 2422 ;

194 2531 519 2604 ἀλεξήματα,
548 2531 710 2584 πολλά
740 2529 800 2585 δὲ
829 2532 885 2595 ἐξ
934 2531 1189 2596 ἀπωλείας
1229 2534 1294 2595 εἰς
1339 2538 1600 2609 σωτηρίαν
1664 2536 1801 2606 φάρ-

195 2637 363 2693 μακα·
417 2618 485 2673 τά
538 2626 656 2694 περὶ
724 2623 946 2674 θανάτου
1012 2626 1103 2674 καί
1178 2621 1509 2687 ἀναστάσεως
1590 2628 1799 2696 μυστή-

192 2730 284 2785 ρια
313 2710 453 2781 (8⁸7),
495 2711 561 2762 re
589 2715 706 2785 περὶ
745 2715 968 2785 κρίσεως
999 2710 1219 2785 φοϐεροῖς
1257 2717 1345 2765 καὶ
1372 2712 1580 2765 ἀίωνίου
1643 2713 1797 2765 κολοί-

195 2818 318 2860 σεως
379 2799 617 2873 ῥήματα·
675 2801 742 2851 τὰ
784 2805 903 2874 περὶ
938 2805 1210 2873 μετανοίας
1256 2807 1348 2854 καὶ
1377 2800 1599 2873 ἀφέσεως
1637 2804 1777 2877 άμαρ

194 2889 441 2960 τημοξτων
506 2884 772 2960 δόγματα”
831 2892 897 2941 τά
953 2894 1120 2963 μυρία
1173 2893 1341 2943 ἐκεῖνα
1370 2900 1459 2969 τῆς
1484 2890 1798 2965 ἐπιστροφῆς

193 2973 579 3049 ὑποδείγματω
615 2982 707 3036 τὴν
734 2973 1010 3052 δραχμὴν,
1051 2983 1110 3032 τό
1139 2979 1422 3053 πρόϐατον,
1454 2984 1541 3033 τὸν
1568 2984 1679 3034 υἱόν
1710 2986 1796 3034 τὸν

195 3070 569 3139 καταφαγόντα
622 3070 709 3119 τόν
767 3064 888 3139 βίον
925 3071 1053 3140 μετὰ
1112 3077 1211 3121 τῶν
1254 3078 1474 3144 πορνῶν,
1523 3074 1610 3123 τόν
1642 3070 1797 3124 ἀπολ-
1832 3100 1871 3156 C

196 3155 365 3208 ωλότα
429 3160 523 3209 καὶ
589 3158 858 3229 εὑρεθέντα
915 3158 1049 3229 (88),
1108 3164 1192 3211 τόν
1247 3163 1422 3235 νεκρόν
1487 3166 1576 3213 καὶ
1641 3161 1795 3214 πάλιν

196 3243 559 3306 ἐπιζήσαντα.
586 3248 801 3307 Τούτοις
829 3249 1159 3320 χρησώμεθα
1180 3250 1288 3319 (89)
1334 3256 1424 3301 τοῦ
1463 3245 1627 3302 κακοῦ
1687 3249 1796 3304 ἀλε-

200 3335 426 3407 ξήμασι,
484 3330 578 3387 διὰ
642 3337 838 3388 τούτων
892 3340 979 3394 την
1024 3335 1211 3409 ψυχὴν
1258 3337 1447 3391 ἑαυτῶν
1508 3338 1793 3412 ἰασὼμεθα.

199 3422 341 3476 Λάϐε
372 3420 432 3476 δὲ
461 3423 529 3484 εἰς
550 3426 745 3476 ἔννοιαν
784 3428 877 3483 την
940 3423 1172 3497 ἐσχάτην
1231 3428 1427 3501 ἡμέραν
1454 3429 1473 3499 (
1504 3428 1563 3480 οὐ
1594 3431 1695 3502 γὰρ
1725 3425 1792 3488 δὴ

197 3516 327 3583 μόνη
365 3516 430 3565 σὺ
454 3516 543 3564 τόν
601 3513 765 3565 αἰῶνα
826 3512 1088 3587 βιώσεις),
1138 3514 1227 3568 καί
1277 3521 1529 3588 συνοχὴν,
1560 3522 1649 3570 καὶ
1679 3538 1796 3571 πνι-

196 3605 358 3673 γμὸν,
413 3606 501 3654 καὶ
558 3604 784 3655 θανάτου
839 3611 1000 3677 ὤραν,
1040 3609 1129 3657 καὶ
1183 3608 1447 3678 ἀπόφασιν
1516 3614 1649 3661 Θεοῦ
1675 3628 1796 3660 κατ-

203 3695 527 3762 επείγουσαν,
566 3696 658 3744 καὶ
725 3690 969 3764 ἀγγέλους
1008 3690 1435 3756 έπισπεύδοντας.
1484 3701 1574 3748 καὶ
1611 3696 1797 3769 ψυχὴν

198 3778 248 3830 έν
277 3782 471 3839 roum;
498 3776 683 3842 δεινῶς
751 3780 1154 3854 θορυϐοῦμένην,
1212 3788 1301 3835 καὶ
1349 3784 1639 3858 ἁμαρτωλῷ
1672 3805 1793 3838 συν·

196 3867 361 3923 ειδότι
385 3880 587 3945 πικρῶς
641 3876 1065 3944 μαστιγουμένην
1129 3873 1242 3942 (90)
1285 3877 1532 3949 καὶπρὸς
1574 3876 1640 3926 τὰ
1666 3872 1798 3948 τῇδε

196 3960 422 4021 ἐλεεινῶς
464 3959 900 4034 ἐπιστρέφουσαν,
964 3965 1055 4012 καὶ
1107 3959 1461 4035 ἀπαραίτητον
1523 3971 1613 4024 τῆς
1691 3984 1795 4037 μα-

193 4055 322 4123 κρᾶς
372 4048 571 4110 ἐκείνης
626 4044 930 4121 ἀποδημίας
1007 4047 1256 4121 ἀνάγκην.
1325 4050 1625 4125 Διάγραψόν
1705 4072 1796 4125 μοι

194 4147 255 4211 τῇ
289 4135 500 4210 διανοίᾳ
529 4142 621 4196 τὴν
645 4138 937 4191 τελευταίαν
969 4146 1060 4191 τοῦ
1092 4147 1266 4192 κοινοῦ
1317 4139 1439 4212 βίου
1498 4160 1794 4215 καταστρο-

199 4233 312 4300 φήν,
346 4229 471 4279 ὅταν
536 4227 655 4301 my
722 4230 747 4280 ό
796 4230 914 4291 Υἱός
969 4236 1061 4280 τοῦ
1092 4237 1225 4282 Θεοῦ
1284 4228 1330 4280 ἐν
1370 4238 1430 4302 τῇ
1467 4226 1594 4303 δόξῃ
1636 4231 1795 4284 αὐτοῦ

205 4319 333 4389 μετά
391 4325 493 4368 τῶν
532 4314 762 4388 ἀγγέλων
806 4317 987 4375 αὑτοῦ,
1045 4316 1189 4381 Ἥξει
1230 4318 1353 4392 γάρ,
1410 4324 1499 4371 καὶ
1538 4319 1595 4371 οὗ
1626 4340 1797 4395 παρα·

206 4411 555 4464 σιωπήσεταιο
608 4408 729 4458 ὃταν
780 4406 900 4479 ἔλθη
957 4414 1130 4481 κρῖναι
1180 4411 1371 4470 ζῶντας
1411 4412 1500 4460 καὶ
1570 4413 1795 4485 νεκρούς,

269 4532 318 4565 ⁷³
351 4531 540 4611 [ieer
550 4534 727 4611 x129,
802 4534 851 4567 ⁷⁸
882 4535 1055 4611 Marc.
1094 4549 1215 4598 xiv,
1246 4533 1336 4589 2t.
1413 4535 1461 4569 ⁷⁵
1492 4534 1693 4591 Matth.
1726 4551 1804 4592 xv,

1917 4540 1969 4592 7.
2042 4537 2093 4572 ⁷⁸
2112 4537 2328 4611 Jerem.
2357 4552 2481 4607 vni,
2502 4540 2555 4593 4.

522 4604 569 4638 τθ
593 4602 749 4660 Psal.
780 4620 931 4674 χιιι,
965 4608 1019 4660 3.

270 4729 386 4799 (82)
440 4734 664 4783 Δοκεῖτε.
726 4728 819 4786 Sic
866 4745 1017 4785 mss.
1068 4727 1325 4785 codices.
1369 4728 1517 4785 Editi
1545 4726 1799 4787 δοκεῖται.

202 4800 384 4887 Paulo
395 4800 848 4887 ppftediti,eco§
862 4801 1295 4887 ζῶντοςλγοτθω
1313 4806 1530 4887 mss:‘ut
1543 4802 1601 4857 in
1618 4808 1801 4860 textu.

270 4870 756 4944 (83)_'E€¢aco€pnv.
794 4875 965 4928 Deest
993 4873 1152 4929 αὐτὴν
1187 4872 1245 4927 in
1290 4872 1577 4928 omnibus
1629 4890 1802 4942 mss.,

200 4944 249 4997 si
271 4942 547 5014 excipias
579 4942 735 4998 duos
758 4944 1217 4999 vetustissimos.

269 5018 382 5079 (84)
417 5013 772 5099 naviumin
814 5014 900 5099 ~in;
958 5013 1301 5099 ifoépn.§ic
1353 5014 1592 5070 codices
1653 5031 1801 5070 mss.

199 5099 443 5159 novem.
480 5085 629 5159 Editi
657 5085 1041 5159 npégﬂlouiv
1070 5085 1347 5159 διεφθάρη.

265 5160 387 5226 (85)
418 5156 540 5208 Ἐπί
569 5153 795 5219 τούτοις.
830 5156 977 5212 Editi
1009 5153 1397 5212 adduntllo‘iat
1428 5153 1507 5225 δέ,
1542 5156 1645 5213 sed
1676 5157 1803 5213 haec

196 5226 251 5282 in
286 5244 515 5283 novem
547 5227 768 5283 desunt
790 5245 936 5286 mss.
961 5232 1021 5283 ln
1047 5228 1291 5283 totidem
1320 5227 1631 5284 codicibus
1651 5228 1806 5284 desi-

193 5298 486 5372 derantur
506 5314 644 5371 qua:
675 5300 735 5355 in
768 5299 940 5354 editis
972 5305 1110 5372 post
1146 5298 1439 5372 ἐπιστρέφει
1477 5300 1758 5369 leguntur
1786 5318 1798 5355 :

199 5370 271 5421 Οὐ
323 5372 455 5442 γὰρ,
492 5370 541 5421 εῖν
588 5389 669 5430 τις
714 5370 998 5443 πέπτωκεν,
1036 5370 1220 5442 ὀφείλει
1245 5370 1334 5422 καὶ
1354 5370 1644 5443 κυλίεσθαι,
1668 5374 1803 5429 Νοη

199 5445 352 5498 enim
382 5444 438 5497 si
458 5442 595 5512 quis
630 5443 865 5502 cecidit,
889 5441 1054 5498 debet
1073 5441 1136 5498 et
1164 5443 1443 5497 volutari.

264 5518 385 5581 (85)
426 5520 684 5585 Χριστοῦ.
721 5513 966 5585 Codices
987 5512 1693 5585 Combeﬁsianixpnaroﬁ.

260 5587 384 5657 (87;
458 5588 769 5660 Μυστήρία.
879 5584 971 5641 Sic
1064 5584 1303 5642 codices
1398 5584 1550 5642 is.
1647 5589 1804 5643 octo.

203 4619 320 4669 ml,
346 4606 439 4659 22.

1916 476 2170 533 viventis
2202 480 2598 551 conculcavit,
2631 482 2806 555 eique
2857 484 3174 554 promissis
3218 485 3572 542 obstrictam

1919 582 2210 639 sponsam
2240 569 2530 626 adulterio
2561 572 3086 640 contaminavit,ac
3106 574 3382 646 spiritum
3397 574 3572 644 virgi-

1918 656 2126 713 nitatis
2156 659 2519 714 contumelia
2539 659 2736 716 affecit
2766 662 2835 716 73.
2867 666 2937 717 At
2962 662 3566 735 illa,inquit,volebat,

1918 746 2247 803 necinvitas
2307 748 2430 804 vim
2479 749 2808 806 intuli.Sed
2827 754 2884 805 et
2912 750 3236 807 libidinosa
3263 752 3366 807 illa
3397 756 3570 824 Egy-

1918 835 2044 907 ptia
2089 836 2340 893 domina
2396 838 2631 909 pulchri
2681 840 2925 911 losephi
2956 856 3161 895 amore
3187 840 3565 910 insaniebat;

1918 940 2129 979 verum
2158 942 2282 982 non
2312 926 2447 982 vicit
2477 928 2755 983 virtutem
2786 928 2988 999 pudici
3018 928 3180 984 furor
3222 929 3564 1001 impudicae,

1918 1027 2137 1085 neque,
2167 1013 2267 1069 illa
2297 1015 2581 1071 manibus
2601 1016 2726 1071 vim
2754 1015 3059 1083 inferente,
3092 1017 3170 1072 ad
3191 1016 3569 1088 iniquitatem

1917 1100 2012 1156 ille
2043 1102 2317 1159 adactus.
2349 1108 2419 1159 At
2446 1104 2547 1160 illa
2576 1105 2690 1161 hoc
2715 1105 3412 1179 decreverat,inquit,nec
3444 1121 3569 1161 am-

1918 1189 2073 1262 plius
2094 1196 2221 1247 erat
2246 1192 2411 1263 virgo
2444 1211 2457 1259 ;
2491 1197 2547 1248 et
2572 1194 2619 1249 si
2646 1210 2759 1264 ego
2790 1210 2912 1251 non
2969 1195 3316 1262 voluissem,
3361 1194 3569 1251 fuisset

1917 1281 1997 1337 ab
2018 1282 2203 1338 altero
2230 1289 2537 1355 corrupta.
2553 1285 2877 1357 Oportebat
2895 1286 3141 1358 quidem
3160 1290 3215 1341 et
3234 1286 3442 1341 Filium
3463 1285 3568 1341 ho—

1917 1370 2095 1425 minis
2133 1371 2279 1427 tradi
2313 1389 2323 1426 :
2359 1372 2465 1428 sed
2498 1390 2580 1429 vas
2611 1373 2693 1428 illi
2727 1389 2831 1446 per
2851 1390 3033 1446 quem
3068 1374 3319 1431 traditus
3348 1379 3439 1431 est
3468 1376 3514 1410 7‘
3548 1391 3563 1441 ;

1918 1464 2099 1531 atque
2121 1460 2409 1517 scandala
2433 1463 2634 1518 venire
2656 1478 2899 1519 necesse
2929 1468 3018 1520 est
3049 1463 3191 1520 :sed
3215 1480 3306 1519 vae
3336 1462 3419 1520 illi
3458 1478 3566 1537 per

1915 1564 2099 1621 quem
2128 1550 2376 1607 veniunt
2402 1552 2471 1607 75.

1990 1732 2040 1782 5.
2076 1727 2159 1783 Ad
2180 1726 2308 1783 hiec
2338 1732 2562 1794 autem,
2590 1730 2884 1802 Nunquid
2904 1731 3009 1802 qui
3032 1731 3343 1795 cadit.non
3369 1746 3566 1788 resur-

1914 1819 2033 1887 git?
2056 1822 2161 1873 aut
2188 1818 2295 1889 qui
2318 1832 2376 1874 se
2396 1820 2633 1886 avertit,
2664 1836 2785 1875 non
2814 1821 3205 1877 convertitur.
3233 1824 3347 1877 Cur
3360 1820 3567 1877 avertit

1917 1924 1980 1963 se
2002 1908 2169 1977 virgo
2192 1908 2501 1964 aversione
2518 1909 3120 1981 impudenti,tametsi
3137 1910 3565 1968 audivitChris-

1913 2002 2044 2054 tum
2071 2013 2360 2070 sponsum
2386 2014 2490 2069 per
2543 1999 2863 2055 Jeremiam
2920 2000 3221 2057 dicentem
3254 2018 3267 2055 :
3307 2001 3387 2057 Et
3409 2001 3560 2068 dixi,

1907 2094 2225 2159 postquam
2239 2094 2505 2145 scortata
2514 2090 2636 2158 fuit
2650 2090 2776 2145 hac
2788 2092 3012 2145 omnia:
3027 2091 3126 2146 Ad
3144 2096 3565 2160 merevertere;

1912 2184 1967 2234 et
2000 2192 2242 2234 reversa
2280 2194 2400 2233 non
2448 2185 2530 2234 est
2562 2180 2630 2233 ⁷⁷.
2686 2179 2983 2250 Nunquid
3012 2182 3213 2236 resina
3238 2196 3357 2235 non
3388 2184 3471 2236 est
3498 2180 3563 2235 in

1915 2268 2186 2323 Galaad?
2205 2275 2309 2325 aut
2328 2268 2592 2324 medicus
2620 2284 2741 2324 non
2755 2276 2837 2324 est
2860 2270 2969 2324 ibi?
2994 2269 3191 2336 Quare
3212 2284 3331 2325 non
3354 2283 3563 2325 ascen-

1910 2357 1997 2413 dit
2028 2360 2263 2414 sanatio
2308 2358 2453 2426 ﬁliae
2485 2359 2705 2427 populi
2730 2360 2845 2414 mei
2868 2360 2915 2391 ⁷⁸
2946 2358 3073 2413 ?Ac
3108 2358 3295 2414 multa
3315 2356 3564 2430 quidem

1907 2448 2170 2519 reperias
2196 2446 2253 2502 in
2272 2446 2478 2502 divina
2518 2447 2823 2519 Scriptura
2849 2446 2992 2503 mali
3051 2446 3339 2514 remedia,
3374 2446 3565 2502 multa

1908 2552 1980 2593 ex
2008 2537 2247 2593 interitu
2276 2536 2353 2592 ad
2380 2536 2636 2593 salutem
2666 2537 3131 2607 medicamenta,
3165 2538 3239 2593 de
3266 2541 3456 2593 morte
3475 2540 3565 2592 at-

1906 2641 2024 2698 que
2054 2626 2489 2681 resurrectione
2520 2627 2827 2698 mysteria,
2855 2627 2930 2682 de
2979 2627 3281 2684 horrendo
3334 2625 3562 2698 judicio

1904 2713 2101 2787 deque
2114 2720 2334 2771 aeterno
2349 2715 2645 2788 supplicio
2663 2716 3109 2786 testimonia,de
3130 2716 3482 2789 poenitentia
3507 2718 3565 2772 et

1904 2803 2083 2860 venia
2111 2809 2498 2875 peccatorum
2523 2803 2852 2877 dogmata;
2911 2806 3230 2861 innumera
3271 2804 3373 2861 illa
3424 2819 3560 2861 con-

1902 2893 2199 2949 versionis
2229 2892 2530 2964 exempla,
2558 2893 2938 2956 drachmam,
2999 2893 3324 2959 oviculam,
3367 2892 3562 2948 ﬁlium

1904 2979 2010 3052 qui
2039 2984 2503 3052 consumpserat
2528 2996 2621 3035 res
2652 2996 2795 3035 suas
2827 2996 2969 3036 cum
3000 2980 3237 3049 scortis,
3259 2979 3559 3051 perditum

1904 3073 1961 3125 et
1988 3074 2312 3141 repertum,
2335 3075 2641 3125 mortuum
2663 3074 2720 3125 et
2747 3085 2956 3125 rursus
2990 3069 3561 3125 viventem.Utamur

1903 3157 1997 3213 his
2040 3157 2189 3213 mali
2220 3158 2529 3215 remediis:
2548 3174 2654 3230 per
2674 3159 2806 3214 haec
2834 3159 3053 3215 animas
3079 3163 3297 3215 nostra)
3323 3157 3561 3214 medea-

1903 3248 2274 3319 mur.Cogita
2288 3254 2489 3305 autem
2509 3248 2669 3305 diem
2692 3255 3024 3305 extremam
3038 3249 3361 3322 (siquidem
3382 3249 3556 3321 139

1903 3352 2027 3393 non
2050 3342 2111 3392 tu
2141 3337 2271 3393 sola
2302 3337 2593 3393 saeculum
2616 3343 2910 3393 aeternum
2937 3338 3149 3409 vives),
3168 3337 3555 3408 anxietatem,

1906 3427 2389 3490 suifocationem,
2422 3428 2632 3483 mortis
2662 3427 2898 3497 horam,
2926 3432 3239 3498 urgentem
3276 3426 3378 3483 Dei
3428 3442 3561 3483 sen-

1906 3515 2531 3583 tentiam,festinantes
2553 3516 2823 3586 angelos,
2856 3517 3129 3573 animum
3158 3516 3387 3573 interea
3424 3530 3557 3585 gra-

1904 3606 2055 3662 viter
2084 3605 2589 3678 perturbatum,et
2613 3606 3324 3678 conscientiapeccatrice
3352 3620 3559 3661 amare

1904 3695 2336 3764 excruciatum,
2392 3711 2577 3767 seque
2631 3695 3049 3752 miserabiliter
3078 3696 3158 3751 ad
3189 3711 3261 3751 ea
3299 3711 3431 3766 quae
3462 3693 3559 3749 hic

1905 3789 2045 3841 sunt
2069 3790 2537 3855 convertentem,
2571 3801 2641 3841 ac
2670 3785 3111 3841 ineluctabilem
3149 3784 3341 3855 longae
3396 3783 3559 3839 illius

1903 3875 2402 3948 peregrinationis
2444 3875 2885 3932 necessitatem.
2938 3875 3215 3931 Describe
3291 3873 3437 3930 mihi
3495 3874 3559 3929 in

1905 3969 2103 4020 mente
2140 3968 2244 4020 tua
2286 3969 2623 4021 extremum
2654 3965 2995 4020 communis
3032 3965 3163 4021 vitae
3193 3964 3396 4033 ﬁnem,
3417 3978 3558 4019 cum

1902 4053 2101 4109 veniet
2127 4053 2303 4108 Filius
2336 4053 2435 4109 Dei
2464 4053 2527 4109 in
2552 4053 2747 4123 gloria
2776 4069 2888 4110 sua
2918 4070 3057 4110 cum
3100 4053 3330 4124 angelis
3389 4052 3511 4108 suis
3540 4068 3553 4107 :

1916 4144 2363 4212 Venietenim,et
2382 4159 2501 4199 non
2514 4142 3084 4199 sitebit79znimirum
3102 4142 3351 4216 quando
3363 4142 3560 4199 veniet

1900 4232 2283 4302 judicaturus
2321 4232 2495 4289 vivos
2524 4249 2594 4288 ac
2621 4238 3108 4305 mortuos,atque
3138 4233 3561 4304 unicuiquese-

1906 4322 2175 4377 cundum
2197 4338 2351 4394 opus
2379 4338 2556 4377 suum
2587 4322 2951 4388 redditurus,
2983 4322 3233 4394 quando
3264 4322 3411 4377 tuba
3456 4320 3560 4377 illa

1906 4427 2201 4481 magnum
2229 4412 2525 4484 quiddam
2546 4428 2617 4468 ac
2646 4412 3016 4468 horrendum
3039 4427 3263 4468 sonans
3279 4410 3559 4467 excitabit

2636 4536 2920 4592 77Jerem.
2978 4550 3062 4601 in,
3098 4542 3151 4592 7.
3228 4536 3276 4571 ⁷⁸
3336 4537 3554 4592 Jerem.

1915 4730 2065 4808 Editi
2098 4735 2384 4808 μαρτύρια.

1986 4802 2108 4876 (88)
2151 4802 2598 4876 Καὶέὐρεθέντα.
2641 4804 2723 4859 tta
2766 4818 2995 4876 novem
3043 4820 3210 4876 mss.
3280 4803 3427 4860 Editi
3472 4806 3559 4876 καὶ

1915 4874 2085 4927 πάλιν
2117 4874 2403 4948 εὑρεθέντα.
2460 4874 2631 4948 illud,
2690 4874 2863 4948 πάλιν,
2920 4876 3093 4931 Coisl.
3126 4874 3302 4948 primi
3323 4881 3379 4932 et
3407 4875 3555 4932 Med.

1913 4946 2267 5002 auctoritate
2298 4947 2630 5020 posuimus
2654 4952 2790 5020 ante
2823 4946 3211 5020 ἀναστήσαντα.

1985 5021 2095 5098 (89)
2128 5017 2478 5098 Χρησῷμεθα.
2499 5017 2720 5098 Δξίιίἱῐὶο
2766 5020 2950 5098 Daris,
2990 5019 3555 5098 primaxpncéuaea,

1918 5088 2145 5143 Ibidem
2176 5088 2338 5144 'editi
2371 5088 2713 5222 έθοηοήμασι.
2769 5088 3014 5147 Codices
3044 5088 3220 5146 Coisli
3242 5088 3473 5161 primus
3500 5094 3558 5146 et

1918 5159 2229 5215 Medicaeus
2281 5159 2366 5212 ἀλε
2402 5166 2589 5222 iuuat.
2647 5163 2727 5216 Ex
2758 5161 2970 5218 iisdem
3012 5161 3270 5222 legimus
3296 5159 3436 5213 Λάϐε
3475 5157 3553 5215 δέ.

1916 5159 2229 5215 Medicaeus
2276 5157 2613 5232 exigique
2647 5163 2727 5216 Ex
2758 5161 2970 5218 iisdem
3012 5157 3270 5232 legimus
3296 5159 3436 5213 Λάϐε
3475 5157 3553 5215 δέ.

1913 5232 2085 5286 Deest
2114 5231 2330 5287 vocula
2362 5228 2511 5286 cié'in
2545 5230 2736 5287 editis.

1984 5304 2093 5371 (90)
2145 5307 2600 5375 Μαστιγουμένην.
2652 5306 2919 5369 Quatuor
2950 5303 3190 5359 codices
3266 5320 3557 5373 προμαστι-

1950 5378 2190 5446 ουμένην.
2225 5375 2454 5431 Ibidem
2498 5376 2630 5446 duo
2686 5375 2923 5431 codices
2954 5375 3555 5445 unoarpiqaoua'avJ’au-

1934 5461 1968 5523 Ο
2010 5442 2146 5527 post
2175 5446 2325 5527 Editi
2371 5455 2431 5520 τῇ
2484 5442 2695 5527 διανοίᾳ
2753 5451 2958 5527 σουλθῐ
3011 5449 3142 5518 μετὰ
3188 5442 3397 5499 ’πάντων
3454 5452 3554 5499 τῶν

1913 5514 2573 5589 ἄγαγ’έλων,Νογθω”ωεε.
2592 5523 2655 5574 ut
2672 5514 2733 5574 in
2766 5521 2948 5575 textu.
