4070 6194
478 276 583 338 379
1829 285 1865 343 S
1879 330 1891 343 .
1925 285 2173 342 BASILII
2211 280 2430 342 MAGNI
3736 285 3848 340 380

477 418 582 461 eos
605 403 710 477 qui
743 401 822 462 ab
861 404 1006 462 orbe
1028 407 1272 464 condito
1318 408 1690 478 dormierint,
1729 409 2084 483 etproceder

2240 413 2326 461 καὶ
2394 406 2684 462 ἀποδοῦναι
2754 407 2958 480 ἑκάστῳ
3024 409 3161 460 κατὰ
3230 411 3323 466 τὴν
3396 406 3584 483 πρᾶξιν
3658 407 3847 461 αὐτοῦ·

478 493 584 566 qui
608 495 771 551 bona
783 494 1119 567 iecerint,in
1138 498 1638 554 resurrectionem
1651 499 1972 571 vitae3°,qui
1983 515 2085 554 ver

2240 505 2358 550 ὅταν
2389 501 2418 556 ἡ
2453 497 2680 570 σάλπιγξ
2711 503 2895 563 εκείνη,
2927 502 3062 571 μέγα
3090 518 3142 550 τι
3167 502 3256 550 καὶ
3306 497 3515 570 φοϐερὸν
3553 499 3847 570 ἠχήσασα,

479 583 663 649 mala,
717 584 778 640 in
808 587 1305 642 resurrectionem
1318 587 1986 658 judicii.Revocatibiin
2007 604 2086 644 me

2246 590 2353 647 τοὺς
2406 585 2492 639 ἀπ’
2548 587 2729 649 αἰῶνός
2783 586 3033 660 ἔξυπνίση
3064 583 3438 650 κᾶθεύδοντας,
3470 591 3558 638 καὶ
3598 585 3853 658 ἐκπορεύ-

479 673 738 729 moriam
770 674 992 730 Danieli
1013 675 1281 731 oblatam
1310 677 1409 732 Dei
1454 677 1770 738 visionem.
1819 677 2086 750 quomod

2241 696 2420 728 σονται
2483 679 2532 728 οἱ
2579 679 2645 729 τὰ
2697 676 2872 749 ἀγαθὰ
2908 681 3216 738 ποιήσαντες
3258 675 3329 736 εἰς
3355 677 3643 728 ἀνάστασιν
3677 675 3787 736 ζωῆ
3803 697 3843 741 ς,

479 761 656 817 nobis
676 763 755 818 ob
775 763 983 819 oculos
989 764 1284 834 judicium
1300 767 2081 838 ponat.Aspiciebam,inqui

2239 767 2288 818 οἱ
2328 762 2387 817 δὲ
2437 768 2502 817 τὰ
2558 765 2727 838 φαῦλα
2791 765 3074 839 πράξαντες
3127 765 3199 826 εἰς
3252 763 3543 816 ἀνάστασιν
3596 769 3841 837 κρίσεως.

481 850 667 907 donec
715 853 923 908 throni
941 855 1121 920 positi
1148 860 1371 923 sunt,et
1391 857 1692 927 Antiquus
1715 858 1943 912 dierum
1957 857 2088 912 sedi.

2240 856 2518 912 Μνὴσθητι
2571 863 2668 916 τῆς
2724 862 2816 907 τού
2865 854 3048 912 Δανιὴλ
3107 856 3345 914 θεοπτίας
3397 858 3528 923 (91),
3557 854 3693 914 ὅπως
3715 855 3845 925 ἡμῖν

493 940 910 996 Vestimentum
936 943 1063 1011 ejus
1085 944 1409 1000 candidum
1429 947 1604 1016 quasi
1629 947 1759 1010 nix,
1794 953 1848 1001 et
1871 946 2100 1014 capillu

2241 943 2328 995 ὑπ’
2383 943 2502 1014 ὄψιν
2551 945 2668 1015 ἄγει
2723 949 2816 1003 τὴν
2884 948 3078 1017 κρίσιν.
3161 943 3463 1015 Ἐθεώρουν,
3521 947 3698 1014 φησὶν,
3748 945 3847 1003 ἕως

481 1027 696 1094 capitis
724 1030 852 1097 ejus
880 1031 1052 1099 quasi
1075 1031 1221 1086 lana
1249 1033 1504 1103 munda;
1524 1040 1671 1088 rota:
1688 1035 1816 1102 ejus
1847 1035 1998 1102 ignis
2037 1048 2088 1088 az

2243 1036 2361 1085 ὅτου
2440 1035 2610 1105 θρόνοι
2697 1031 2964 1099 ἐτέθησαν,
3054 1037 3143 1084 καὶ
3191 1031 3420 1093 Παλαιὸς
3475 1033 3677 1104 ἡμερῶν
3727 1029 3847 1082 ἑκὰ-

481 1113 902 1172 dens.Flumen
914 1119 1072 1188 ignis
1099 1119 1375 1177 trahebat
1399 1122 1459 1175 in
1483 1128 1794 1190 conspectu
1813 1122 2088 1191 ejus.Mil4

2245 1123 2390 1178 θητο.
2439 1126 2538 1173 Καὶ
2588 1124 2646 1172 τὸ
2737 1117 2938 1193 ἔνδυμα
2990 1119 3147 1172 αὐτού
3225 1119 3404 1172 λευκὸν
3477 1121 3603 1171 ὡσεὶ
3673 1124 3840 1190 χιὼν,

479 1205 1094 1277 γηὶιιιάξάεερ)·υιέὁαηι
1107 1211 1240 1277 ei,et
1262 1211 1417 1266 dena
1435 1211 1631 1266 millia
1646 1212 1859 1266 denum
1873 1212 2086 1266 millia:

2244 1215 2332 1262 καὶ
2379 1212 2406 1268 ἡ
2473 1209 2589 1284 θρὶξ
2639 1217 2729 1270 τῆς
2781 1209 3000 1282 κεφαλῆς
3053 1209 3213 1261 αὑτοῦ
3281 1213 3406 1260 ὼσεὶ
3469 1210 3602 1281 ἔριον
3682 1209 3851 1258 καθα-

482 1294 836 1350 assistebant
867 1297 936 1352 ei.
962 1299 1305 1370 Judiciique
1326 1301 1518 1355 locum
1533 1302 1866 1369 constituit,
1900 1306 1952 1356 et
1995 1301 2089 1356 lib:

2245 1303 2352 1372 ρὸν,
2403 1299 2451 1351 οἰ
2487 1304 2674 1374 τροχοὶ
2727 1299 2883 1350 αύτού
2946 1305 3048 1372 πῦρ
3126 1298 3323 1370 φλέγον.
3392 1301 3633 1369 Ποταμὸς
3677 1300 3852 1370 πυρὸς

483 1386 833 1451 apertisunt
860 1387 903 1420 ⁸¹
929 1405 941 1453 ;
968 1385 1147 1458 bona,
1174 1387 1356 1456 mala,
1384 1389 1729 1458 manifesta,
1764 1390 2021 1457 occulta,
2041 1406 2090 1446 a4

2246 1386 2400 1441 εἷλκεν
2493 1389 2780 1462 ἔμπροσθεν
2867 1388 3047 1441 αὐτοῦ.
3135 1387 3316 1440 Χιλιαι
3399 1381 3642 1458 χιλιάδες
3720 1383 3853 1436 ἐλει-

481 1471 696 1539 tiones,
724 1473 928 1545 verba,
963 1477 2037 1549 cogitationes,omnia,acervatim,ut
2056 1495 2088 1534 a

2246 1481 2491 1553 τούργουν
2557 1478 2716 1549 αύτῷ·
2792 1482 2882 1529 καὶ
2946 1480 3132 1553 μύριαι
3206 1472 3463 1550 μυριάδες
3559 1478 3853 1550 παρειστή-

483 1561 769 1618 omnibus
797 1569 854 1619 et
883 1567 1112 1635 angelis
1134 1574 1189 1623 et
1213 1568 1563 1624 hominibus
1585 1571 1854 1625 exaudiri
1879 1571 2086 1642 possin

2241 1573 2420 1620 κείσαν
2514 1567 2676 1638 αύτῷ.
2784 1572 3062 1642 Κριτήριον
3161 1565 3392 1630 ἐκάθισε,
3484 1569 3573 1616 καὶ
3664 1561 3848 1635 βίϐλοι

483 1649 640 1705 clare
653 1655 708 1706 et
725 1660 929 1724 aperte
950 1656 1400 1712 revelantes.Ad
1414 1659 1542 1713 haec
1563 1658 1873 1730 quomodo
1888 1658 2090 1714 affectc

2245 1655 2615 1727 ἀνεῴχθησαν·
2677 1658 2744 1708 τὰ
2799 1655 2952 1723 καλὰ,
3010 1658 3075 1708 τὰ
3114 1655 3303 1727 φαῦλα,
3375 1656 3439 1706 τὰ
3511 1655 3723 1726 φανερὰ,
3777 1655 3851 1704 τὰ

483 1753 728 1796 necesse
759 1748 847 1798 est
875 1759 1004 1799 esse
1027 1761 1131 1800 eos
1153 1747 1255 1818 qui
1287 1746 1441 1801 male
1467 1747 1772 1804 vixerint?
1814 1748 1918 1803 Ubi
1937 1748 2090 1820 itaqu

2246 1748 2590 1819 κεκρυμμένα,
2643 1747 2707 1796 τὰ
2757 1746 3062 1820 πράγματα,
3109 1747 3175 1795 τὰ
3220 1745 3454 1818 ῥήματα,
3492 1744 3556 1793 τὰ
3609 1739 3853 1812 ἔνθυμή-

485 1828 690 1884 anima
714 1829 814 1885 illa
851 1831 1417 1907 abscondetur,quie
1440 1835 1500 1890 in
1531 1835 1720 1890 oculis
1750 1840 2092 1908 totspectatt

2245 1854 2402 1907 ματα,
2466 1837 2532 1886 τὰ
2573 1837 2743 1886 πάντα
2810 1832 3008 1904 ἀθρόως
3073 1837 3183 1900 (92)
3239 1841 3310 1895 εἰς
3364 1831 3676 1895 ἐξάκουστον
3733 1837 3852 1889 τοῖς

481 1930 617 1971 rum
645 1918 841 1975 subito
871 1922 1000 1977 visa
1031 1922 1203 1979 fuerit
1233 1923 1546 1979 dedecoris
1567 1924 1776 1996 plena?
1801 1925 1972 1990 Quali
1995 1940 2088 1980 ver

2244 1927 2377 1976 πᾶσί
2418 1928 2508 1975 καὶ
2549 1922 2784 1994 αγγελοις
2839 1928 2929 1974 καὶ
3007 1921 3298 1996 ἀνθρώποις
3383 1930 3554 1992 σαφῶς
3632 1918 3851 1971 ἀνακα-

483 2019 734 2077 corpore
761 2008 994 2066 infinita
1018 2011 1118 2067 illa
1140 2018 1193 2067 et
1219 2012 1615 2068 intolerabilia
1640 2014 1892 2084 perferet
1912 2013 2088 2085 suppl

2242 2011 2554 2066 λύπτουσαι.
2587 2016 2724 2086 Πρὸς
2780 2018 2944 2064 ταῦτα
2983 2015 3245 2072 ποταποὺς
3289 2018 3417 2063 εἶναι
3463 2009 3663 2081 ἀνάγκη
3720 2027 3849 2068 τους

485 2093 598 2162 cia,
623 2095 726 2151 ubi
747 2097 902 2167 ignis
931 2099 1346 2166 inexstinctus,
1387 2107 1444 2157 et
1475 2102 1692 2157 vermis
1732 2102 2092 2158 indesinente

2244 2110 2411 2162 κακῶς
2468 2100 2832 2174 βεϐιωκότας;
2879 2108 2986 2153 Ποῦ
3035 2102 3139 2172 ἄρα
3205 2103 3235 2159 ἡ
3267 2100 3423 2172 ψυχὴ
3481 2099 3644 2157 ἐκείνη
3678 2117 3851 2150 κατα-

485 2184 825 2253 puniens,et
838 2187 1025 2243 imum
1040 2189 1212 2245 inferi
1229 2191 1669 2246 tenebricosum
1681 2197 1736 2246 et
1750 2191 2092 2246 horrendun

2246 2188 2486 2259 δύσεται,
2529 2193 2558 2249 ἡ
2637 2190 2684 2242 ἐν
2766 2190 2919 2261 ὄψεσι
3002 2194 3264 2243 τοσούτων
3336 2193 3524 2243 θεατῶν
3604 2187 3853 2260 ἐξαίφνης

486 2270 820 2328 elululatus
854 2278 1063 2348 amari,
1090 2283 1146 2333 et
1173 2279 1434 2349 ejulatus
1485 2280 1718 2348 ingens,
1745 2285 1799 2334 et
1846 2281 2093 2352 ploratu:

2250 2280 2464 2353 ὀφθεῖσα
2502 2279 2766 2350 αἰσχύνης
2813 2279 3114 2346 ἀνάπλεως
3177 2284 3316 2351 Ποίῳ
3367 2275 3426 2331 δὲ
3492 2284 3699 2351 σώματι
3756 2280 3857 2337 τὰς

486 2361 544 2414 et
569 2360 786 2416 stridor
815 2363 1175 2431 dentium,et
1203 2367 1306 2422 ubi
1331 2367 1491 2423 mala
1521 2369 1705 2423 tinem
1731 2384 1852 2424 non
1884 2370 2083 2424 haben

2251 2367 2564 2442 ἀπεράντους
2647 2368 2838 2429 ἐκείνας
2911 2374 3001 2421 καὶ
3067 2367 3412 2429 ἀνυποίστους
3483 2369 3858 2424 ὑποστήσεται

483 2446 574 2503 Ab
608 2449 700 2503 his
722 2457 855 2522 post
881 2459 1133 2510 mortem
1167 2455 1407 2511 liberari
1435 2472 1560 2512 non
1590 2457 1788 2519 datur.
1821 2474 2019 2531 neque
2053 2474 2083 2514 e

2253 2461 2535 2532 μάστιγας,
2581 2459 2708 2510 ὅπου
2761 2466 2864 2532 πῦρ
2921 2457 3196 2525 ἄσϐεστον,
3247 2463 3335 2509 καὶ
3381 2457 3588 2519 σκώληξ
3613 2454 3860 2508 ἀθάνατα

485 2537 783 2596 industria
797 2541 1247 2617 ulla,nequears
1263 2546 1586 2617 effugiendi
1599 2563 1807 2603 amara
1823 2547 2092 2620 supplici:

2250 2547 2502 2612 κολάζων,
2559 2553 2648 2599 καὶ
2713 2549 2924 2620 πυθμὴν
2967 2544 3099 2617 ᾅδου
3136 2551 3396 2608 σκοτεινὸς
3421 2551 3511 2598 καὶ
3551 2541 3855 2619 φρικώδης,

485 2631 576 2678 καὶ
607 2628 857 2702 οἰμωγαὶ,
915 2640 1119 2708 πικραὶ,
1181 2640 1269 2687 καὶ
1324 2636 1609 2708 ὀλολυγμὸς
1657 2635 1902 2707 ἐξαίσιος,
1933 2643 2022 2690 καὶ
2047 2637 2313 2710 κλαυθμὸς
2346 2643 2435 2688 καὶ
2462 2635 2700 2712 βρυγμὸς
2724 2634 2967 2701 ὀδόντων,
3000 2640 3090 2688 καὶ
3123 2641 3276 2711 πέρας
3297 2636 3391 2689 ούκ
3430 2638 3542 2707 ἔχει
3569 2637 3633 2686 τὰ
3677 2630 3856 2692 δεινά,

484 2719 688 2769 Τούτων
708 2719 802 2772 ούκ
825 2725 965 2774 ἔστιν
996 2722 1265 2796 ἀπαλλαγὴ
1289 2728 1420 2798 μετὰ
1447 2728 1681 2795 θάνατον,
1715 2724 1839 2780 ούδέ
1862 2747 1939 2788 τις
1964 2726 2182 2797 ἐπίνοια,
2213 2723 2336 2780 ούδε
2362 2731 2577 2799 μηχανή
2615 2734 2706 2779 τοῦ
2735 2722 3009 2779 διεκδῦναι
3032 2728 3096 2778 τὰ
3123 2728 3288 2799 πικρὰ
3317 2725 3663 2800 κολαστῆρια.

557 2811 608 2861 6.
664 2810 795 2864 Haec
841 2825 1004 2867 nunc
1055 2813 1231 2870 vitare
1275 2814 1588 2872 licet.Dum
1612 2821 1814 2872 autem
1842 2816 1996 2886 licet,
2023 2816 2134 2872 eri-

2315 2819 2367 2871 6.
2400 2822 2581 2868 Ταῡτα
2637 2819 2836 2888 φεύγειν
2889 2815 3058 2878 ἔξεστι
3109 2822 3218 2867 νῦν.
3288 2814 3417 2876 Ἐως
3468 2814 3686 2881 ἔξεστιν,
3730 2811 3857 2865 ἑαυ-

486 2911 704 2968 gamus
732 2901 1138 2974 nosmetipsos
1169 2920 1240 2959 ex
1263 2920 1428 2974 casu,
1458 2921 1655 2979 neque
1676 2906 1750 2962 de
1798 2905 1974 2961 nobis
2019 2906 2093 2978 ip:

2250 2907 2363 2966 τούς
2417 2907 2520 2957 ἀπὸ
2574 2912 2668 2958 τοῦ
2732 2910 3007 2977 πτώματος
3072 2902 3426 2977 ἀναλάϐωμεν,
3459 2899 3598 2976 μηδὲ
3627 2901 3857 2954 ἀπελπί-

483 2985 959 3059 desperemus,si
984 3006 1020 3047 a
1052 2991 1224 3048 malis
1245 2993 1724 3063 discesserimus,
1757 2998 1924 3050 Jesus
1967 2994 2090 3051 Chri

2246 3013 2412 3066 σωμεν
2436 2993 2649 3046 ’ἑαυτῶν
2706 2996 2840 3064 (93),
2900 2992 2983 3046 ἐὰν
3039 2992 3369 3066 ἆναλύσωμεν
3396 2995 3498 3045 απὸ
3519 3000 3616 3044 τῶν
3646 2999 3849 3048 κακῶν,

486 3080 612 3132 stus
640 3078 800 3133 venit
826 3079 887 3133 in
917 3081 1213 3137 mundum
1244 3088 1589 3155 peccatores
1611 3084 1808 3140 salvos
1840 3084 2093 3140 facturus

2246 3066 2452 3143 Ἰησοῦς
2505 3087 2735 3158 Χριστὸς
2786 3080 2934 3142 ἦλθεν
2989 3083 3060 3146 εἰς
3109 3087 3196 3135 τὸν
3240 3087 3436 3155 κόσμον
3507 3079 3853 3155 ἁμαρτωλούς

498 3166 718 3234 Venite,
741 3169 1057 3226 adoremus
1100 3173 1550 3241 etprocidamus
1589 3174 2105 3245 anteillum,etplo

2246 3173 2436 3224 σώσαι.
2511 3178 2680 3240 Δεῦτε,
2749 3178 3195 3245 προσκυνήσωμεν
3287 3177 3378 3224 καὶ
3469 3173 3853 3244 προσπέσωμιν

487 3269 897 3314 remuscoram
919 3261 1120 3328 ipso".
1152 3262 1412 3318 Verbum
1444 3279 1672 3319 vocans
1702 3279 1812 3319 nos
1842 3263 1922 3319 ad
1951 3279 2091 3336 paen

2245 3262 2405 3333 αύτῷ,
2463 3267 2552 3314 καὶ
2603 3262 2906 3335 κλαύσωμεν
2983 3261 3205 3314 ἐναντιον
3280 3261 3456 3315 αὐτοῦ.
3538 3265 3689 3332 Πμᾶς
3752 3257 3842 3310 ἰπὶ

489 3343 759 3410 tentiam,
782 3345 1004 3403 clamat
1035 3363 1105 3404 ac
1140 3351 1516 3407 vociferatur:
1561 3354 1757 3408 Venite
1778 3353 1859 3408 ad
1878 3367 1991 3420 me,
2016 3369 2096 3408 om

2248 3353 2513 3424 μετάνοιαν
2580 3351 2746 3404 καλῶν
2805 3356 2829 3404 ό
2886 3355 3058 3422 Λόγος
3125 3350 3229 3424 βοᾷ
3267 3355 3356 3402 καὶ
3420 3353 3660 3424 κέκραγε·
3698 3354 3855 3400 Δεῦτε

489 3446 593 3488 nes
621 3435 728 3504 qui
756 3435 1046 3492 laboratis
1073 3444 1128 3493 et
1157 3442 1394 3496 onerati
1411 3449 1569 3509 estis,
1605 3448 1656 3498 et
1718 3457 1822 3512 ego
1869 3444 2096 3509 reﬁciat

2245 3446 2375 3516 πρὸς
2423 3445 2485 3515 με
2541 3444 2722 3503 πάντες
2785 3443 2834 3493 οἰ
2889 3449 3173 3502 κοπιῶντες
3264 3445 3352 3492 καὶ
3414 3441 3843 3512 πεφορτισμένοι.

491 3523 764 3578 vos".Est
788 3524 969 3593 igitur
998 3527 1096 3581 via
1136 3526 1367 3598 salutis,
1401 3529 1449 3582 si
1481 3529 1663 3585 modo
1713 3530 1990 3585 velimus.
2030 3533 2098 3586 De

2246 3528 2390 3601 κόιγώ
2441 3529 2725 3582 ἀναπαύσω
2768 3531 2902 3602 ύμοὶς
2960 3531 3088 3594 (Μ).
3146 3529 3323 3582 Ἐστιν
3374 3523 3460 3579 οὖν
3507 3523 3630 3586 ὁδὸς
3676 3544 3853 3582 σωτη-

492 3609 724 3680 glutivit
752 3627 915 3668 mors
962 3614 1332 3686 praevalens:
1369 3616 1475 3670 sed
1519 3617 1706 3688 probe
1747 3617 1912 3688 scito,
1953 3621 2099 3674 Deut

2245 3625 2384 3696 ρίας,
2444 3619 2528 3671 ἐὰν
2578 3619 2815 3690 θέλωμεν.
2873 3623 3123 3672 Κατέπιεν
3198 3620 3223 3671 ὀ
3280 3620 3494 3678 θάνατος
3583 3618 3850 3686 ἰσχύσας,

490 3715 736 3758 rursum
757 3703 1077 3760 abstulisse
1096 3705 1429 3776 lacrymam
1453 3721 1694 3762 omnem
1709 3707 1787 3763 ab
1809 3709 1973 3764 omni
1991 3709 2097 3764 iaci

2249 3707 2354 3760 ἀλλ’
2405 3705 2456 3760 εὖ
2510 3710 2642 3775 ἴσθι,
2702 3711 2778 3760 ὅτι
2827 3710 2979 3761 πάλιν
3032 3707 3231 3780 ἀφεῖλεν
3275 3713 3301 3759 ό
3333 3711 3458 3767 Θεὸς
3486 3711 3587 3758 πᾶν
3615 3701 3850 3775 δάκρυον

491 3793 1226 3864 pmnitentium”.Fidelis
1243 3796 1532 3851 Dominus
1560 3798 1623 3852 in
1651 3799 1922 3853 omnibus
1950 3799 2098 3855 verbi

2249 3797 2350 3850 ἀπὸ
2408 3801 2596 3859 παντὸς
2668 3805 2951 3870 προσώπου
3004 3807 3103 3850 τῶν
3165 3800 3566 3871 μετανοούντων.
3652 3798 3853 3854 Πιστὸς

492 3883 688 3937 suis“.
723 3886 849 3938 Non
881 3884 1166 3940 mentitur
1194 3901 1331 3940 cum
1364 3884 1526 3940 dicit:
1551 3885 1616 3941 Si
1640 3887 1869 3955 fuerint
1892 3895 2098 3956 peccat

2252 3890 2438 3960 Κύριος
2500 3886 2547 3938 ἐν
2602 3894 2733 3940 πᾶσι
2788 3894 2898 3949 τοῖς
2952 3887 3122 3960 λόγοις
3175 3887 3360 3940 αὐτοῦ.
3423 3885 3498 3938 Οὔ
3592 3879 3855 3954 ψεύδεται

494 3977 694 4026 vestra
728 3973 902 4042 quasi
925 3973 1301 4041 phwniceum
1356 3975 1512 4030 sicut
1538 3976 1725 4030 nivem
1751 3975 2063 4033 dealbabo:
2092 3995 2101 4032 ε

2251 3976 2404 4029 εἰπών
2471 3981 2607 4046 (95)·
2675 3976 2791 4029 Ἐάν
2847 3977 2975 4028 ὦσιν
3036 3979 3089 4028 αἰ
3154 3974 3403 4049 ἁμαρτίαι
3479 3975 3622 4046 ὑμῶν
3648 3975 3716 4032 ὡς
3741 3991 3856 4044 φοι·

493 4073 631 4114 vero
655 4059 889 4128 fuerint
922 4068 984 4116 ut
1007 4065 1332 4130 coccinum,
1361 4066 1514 4120 sicut
1548 4065 1752 4120 lanam
1775 4065 2100 4122 dealbabo"

2249 4073 2446 4129 νικούν,
2497 4067 2562 4125 ὡς
2613 4070 2773 4136 χιόνα
2821 4064 3068 4116 λευκανῶο
3127 4063 3210 4116 ἐὰν
3267 4061 3327 4116 δε
3384 4061 3510 4115 ὦσιν
3585 4064 3655 4123 ὡς
3725 4065 3856 4112 κόκ-

495 4148 740 4202 Paratus
758 4154 851 4204 est
874 4165 1130 4219 magnus
1159 4151 1254 4206 ille
1293 4153 1635 4208 animarum
1686 4152 1955 4208 medicus
1990 4170 2102 4209 mm

2252 4173 2407 4217 κινον,
2470 4158 2592 4205 ὡσεὶ
2654 4156 2788 4226 ἔριον
2848 4153 3092 4205 λευκανῶ.
3143 4152 3377 4226 Ἒτοιμός
3433 4149 3574 4203 ἐστιν
3621 4152 3647 4201 ὁ
3685 4153 3859 4222 μέγας

494 4235 642 4292 bum
671 4242 841 4294 tuum
875 4255 1090 4295 sanare
1116 4259 1128 4301 ;
1152 4242 1254 4312 qui
1286 4257 1408 4297 non
1447 4243 1528 4297 tui
1556 4241 1762 4314 solius,
1788 4243 1892 4298 sed
1931 4258 2101 4299 eorui

2251 4252 2350 4295 τῶν
2379 4242 2572 4314 ψυχῶν
2607 4242 2782 4317 ἰατρὸς
2815 4243 3072 4295 ἰάσασθαί
3105 4263 3198 4295 σου
3230 4245 3288 4294 τὸ
3317 4240 3563 4308 πάθος,ὁς
3593 4235 3718 4291 ούὸὶ
3738 4240 3855 4310 (96)

493 4327 789 4400 omnium,
840 4329 943 4403 qui
975 4336 1219 4403 peccato
1267 4332 1327 4387 in
1353 4332 1697 4388 servitutem
1737 4332 1958 4388 addicti
1982 4350 2093 4388 sun

2251 4335 2570 4405 μονωτάτης,
2632 4330 2759 4384 ἀλλὰ
2838 4333 3040 4384 πάντων
3119 4341 3219 4384 τῶν
3309 4327 3705 4402 δεδουλωμένων

495 4424 813 4492 promptus
826 4420 1224 4477 estliberator.
1240 4423 1281 4492 1
1295 4421 1411 4494 4ο
1431 4421 1785 4478 Verbaillius
1804 4423 2102 4478 sunt:dulc

2253 4422 2486 4494 ἁμαρτίᾳ
2541 4420 2680 4473 ἐστὶν
2733 4424 2932 4494 ἕτοιμος
3011 4421 3370 4496 ἐλευθερωτής.
3432 4419 3656 4472 Ἐκείνου
3749 4416 3857 4491 ῥή-

495 4506 642 4562 illud
659 4524 730 4564 ac
749 4509 1010 4564 salutare
1023 4526 1091 4566 os
1113 4511 1260 4566 dixit
1283 4529 1294 4563 :
1320 4513 1456 4568 Non
1471 4527 1616 4581 opus
1636 4512 1856 4568 habent
1884 4513 2102 4576 valente

2251 4512 2391 4584 ματά
2439 4509 2598 4562 ἐστιν·
2656 4508 2814 4562 ἐκεῖνο
2873 4514 2929 4563 τό
2990 4509 3153 4582 γλυκύ
3202 4515 3291 4562 καὶ
3359 4512 3617 4581 σωτήριον
3678 4511 3857 4578 στόμα

494 4598 852 4667 medico,sed
879 4601 1037 4656 male
1058 4601 1513 4657 habentes.Non
1539 4603 1672 4658 veni
1701 4602 1782 4657 ad
1809 4602 2101 4658 vocanda;

2254 4603 2407 4656 εἶπεν.
2474 4600 2550 4651 Ov}
2620 4600 2805 4672 χρείαν
2863 4602 3079 4671 ἔχουσιν
3145 4599 3194 4650 οἰ
3289 4598 3584 4670 ἰσχύοντες,
3646 4595 3857 4670 ἰατροῦ,

487 4687 708 4755 justas,
741 4687 843 4742 sed
869 4694 1210 4756 peccatores
1233 4689 1313 4745 ad
1340 4691 1753 4758 paenitentiam
1777 4691 2094 4756 ".Quaenai

2253 4688 2382 4742 ἀλλὰ
2483 4691 2530 4742 οἱ
2625 4698 2799 4751 κακῶς
2897 4693 3122 4760 ἔχοντες.
3223 4688 3334 4740 Ούκ
3401 4684 3554 4744 ἦλθον
3617 4685 3859 4743 ,καλέσαι

498 4790 641 4846 ergo
672 4781 777 4832 tua
805 4777 1111 4834 excusatio
1142 4783 1250 4845 est,
1283 4786 1388 4835 aut
1411 4779 1653 4835 alterius
1683 4779 1971 4850 cujusvis,
2005 4796 2105 4836 cur

2257 4775 2512 4848 δικαίους,
2584 4777 2712 4830 ἀλλὰ
2783 4778 3121 4852 ἁμαρτωλούς
3199 4777 3271 4840 εἰς
3353 4778 3625 4849 μετάνοιαν
3708 4776 3857 4840 (97).

568 4939 615 4972 ⁸ο
639 4938 818 4994 Joan.
866 4954 921 5012 γ,
953 4941 1041 5012 ᾷ9.
1146 4940 1189 4974 δι
1219 4941 1362 4995 Dan.
1396 4954 1496 5008 vn,
1529 4945 1582 5012 9,
1624 4944 1703 4995 ιο.
1807 4940 1852 4975 ελ
1888 4940 2035 4996 Psal.
2071 4957 2175 4997 xcv

2251 4943 2297 4996 5.
2403 4941 2450 4975 ⁸³
2475 4940 2672 4996 Matth.
2699 4955 2778 5007 xx,
2812 4943 2900 4995 28.
3005 4940 3053 4974 ⁸⁸
3087 4941 3203 4996 lsa.
3252 4955 3386 5009 xxv,
3427 4942 3482 4994 8.
3592 4939 3640 4973 ⁸⁵
3693 4935 3858 4993 Psal.

501 5025 684 5081 cmv,
717 5014 800 5064 t3.
880 5009 1135 5066 “1511.1.
1168 5015 1251 5065 18.
1329 5012 1371 5045 ⁸⁷
1402 5011 1608 5066 Matth.
1647 5026 1718 5082 1x,
1749 5015 1943 5079 12,13.

571 5166 685 5232 (91)
731 5165 1043 5238 Θεσπίας.-
1103 5162 1252 5238 μόίῆ
1347 5157 1679 5226 θεοπτείας,..
1748 5171 1899 5238 Ἑως,
1971 5184 2147 5238 φησιν,

2259 5235 2268 5238 _
2332 5167 2444 5233 (95)
2478 5163 2664 5217 Εἰπὼν.
2725 5162 2873 5218 Editi
2928 5162 3159 5219 addunt
3192 5162 3532 5230 articulum,
3560 5161 3665 5217 sed
3687 5161 3864 5219 deest

499 5239 749 5307 ἐθεώρουν
781 5236 863 5286 ὅτε
888 5234 965 5287 ού.
1003 5233 1250 5307 Codices
1281 5250 1428 5290 mss.
1471 5251 1681 5290 omnes
1710 5242 1772 5290 ut
1799 5237 1856 5291 in
1892 5233 2075 5292 textu.

888 5234 965 5287 ού.
1003 5233 1250 5307 Codices
1281 5250 1428 5290 mss.
1471 5251 1681 5290 omnes
1710 5242 1772 5290 ut
1799 5237 1856 5291 in
1892 5233 2075 5292 textu.
2255 5235 2316 5290 in
2349 5252 2491 5290 mss.

570 5303 778 5382 (92)Τά
837 5307 1003 5382 πάντα
1051 5304 1265 5379 ἁθρόως.
1293 5307 1386 5361 Sic
1420 5322 1642 5376 magno
1678 5323 1980 5363 consensu
2002 5325 2146 5362 mss.

2327 5307 2551 5382 (9_6)__‘0;
2577 5303 2700 5359 οὐδὲ
2816 5305 3180 5382 ἐλευθερωτής.
3215 5309 3348 5362 Haec
3374 5304 3594 5361 desunt
3632 5305 3693 5361 in
3722 5310 3866 5362 octo

499 5380 651 5439 Editi
681 5397 849 5429 ταυτα
882 5379 1044 5451 πάντα
1073 5386 1315 5451 φανερῶς.
1339 5447 1349 5451 Δ
1389 5447 1402 5451 _
1537 5401 1554 5451 ‘-

984 5397 1044 5451 τα
1073 5386 1315 5451 φανερῶς.
1339 5447 1349 5451 _
1389 5447 1402 5451 _
1537 5401 1554 5451 ς
2257 5378 2591 5451 codicibus.

572 5455 681 5517 (93)
707 5449 953 5501 Ἐαυτῶν.
977 5447 1221 5523 Ἑαυτούς
1252 5447 1430 5523 Cois].
1461 5448 1710 5523 Primus.
2091 5521 2099 5523 _

2261 5519 2267 5523 _
2329 5452 2437 5512 (97)
2473 5449 2558 5510 Εἰς
2579 5450 2870 5523 μετάνοιαν.
2901 5447 3196 5523 ειδίῇιῃίη
3242 5465 3346 5505 sex
3383 5447 3693 5504 codicibus
3728 5447 3868 5523 βού-

573 5526 685 5595 (91)
747 5527 970 5595 Δεῦτε...
1012 5522 1166 5594 ὑμᾶς.
1228 5522 1360 5575 Haec
1397 5520 1614 5595 desunt
1644 5520 1703 5595 in
1732 5525 1865 5576 octo
1912 5538 2058 5578 mss.
2087 5521 2145 5578 in

1571 5525 1614 5574 it
1644 5520 1703 5595 in
1732 5525 1865 5576 octo
1912 5538 2058 5578 mss.
2087 5521 2145 5578 in
2255 5519 2398 5574 λεται
2428 5519 2640 5595 Κύριος,
2663 5520 2890 5578 caeteris
2920 5520 3178 5578 omissis.

501 5588 724 5677 quibus
749 5592 832 5646 sic
859 5588 1074 5662 legitur
1098 5609 1110 5644 :
1135 5610 1400 5666 κεκραγεν.
1433 5590 1614 5644 Ἐστιν
1641 5588 1782 5656 ὁδός.
