4054 6200
204 284 303 341 381

1182 285 1668 344 EPISTOLARUM
1710 284 1995 345 CLASSIS
2036 286 2100 342 ΙΙ.
2144 288 2371 347 EPIST.
2417 291 2616 346 XLVII.

3478 290 3579 345 382

201 411 297 468 Ti;
326 403 416 460 οὖν
443 404 557 459 ἔστί
588 426 676 460 σοι
700 411 983 481 πρόφασις,
1026 413 1055 469 ἧ
1094 430 1197 463 τινι
1244 410 1404 483 οἴλλῳ,
1444 418 1611 463 ταῦτα
1656 410 1816 463 αὐτοῦ

1929 411 2052 468 haec
2073 413 2203 485 ipse
2230 414 2492 471 clamet?
2516 415 2650 471 Vult
2675 414 2962 471 Dominus
2985 429 3243 487 purgare
3274 418 3328 471 te
3353 430 3389 472 a
3410 414 3581 471 dolo-

205 495 475 569 βοῶντος;
536 497 776 549 Βούλεται
837 502 1020 571 Κύριος
1084 503 1373 569 καθαρίσαι
1441 521 1497 553 σε
1553 500 1653 553 ἀπὸ
1724 508 1816 553 τοῦ

203 592 362 639 πόνου
419 593 510 646 τῆς
570 586 794 657 πληγῆς,
824 607 910 640 και
964 586 1136 653 δεῖξαί
1168 610 1249 643 σοι
1278 598 1383 663 φῶς
1431 589 1532 643 ἀπὸ
1575 594 1815 651 σκότους.

211 678 272 726 Σὲ
327 674 478 734 ζητεῖ
523 676 550 725 ό
597 680 795 746 ποιμὴν
852 678 878 727 6
942 676 1121 746 καλός,
1188 680 1213 730 ό
1271 678 1567 731 καταλιπὼν
1622 680 1687 729 τὰ
1743 682 1814 749 μὴ

205 763 592 835 πεπλανημένα.
656 764 773 817 Ἐὰν
826 762 1018 837 ἐπιδῷς
1086 772 1327 835 σεαυτὴν,
1412 768 1507 820 οὐκ
1586 767 1815 830 ὀκνήσει,

205 849 326 905 οὐδ’
384 852 673 916 ἀπαξιώσει
717 874 774 907 σε
804 857 920 919 (98)
962 857 987 907 6
1028 856 1381 931 φιλάνθρωπος
1429 856 1639 910 ἐπὶτῶν
1666 862 1816 929 ὤμων

206 940 487 1013 βαστάσαι
515 951 614 994 τῶν
657 940 828 1007 ἰδίων,
860 950 1084 1020 χαίρων,
1135 948 1216 998 ὅτι
1246 947 1386 1020 εὗρεν
1417 946 1577 999 αὐτοῦ
1604 950 1663 998 τό
1692 950 1817 1021 πρό-

206 1029 363 1082 ϐατον
411 1035 469 1083 τό
524 1029 811 1093 ἀπολωλός.
877 1033 1133 1092 "Earan
1173 1036 1198 1087 6
1238 1040 1433 1110 πατὴρ,
1461 1040 1551 1087 καὶ
1583 1038 1818 1107 ἀναμένει

205 1124 301 1176 τήν
360 1124 461 1177 σήν
516 1119 620 1172 ἀπὸ
668 1130 760 1181 τῆς
810 1122 1008 1185 πλάνης
1040 1121 1307 1178 ἐπάνοδον.
1343 1130 1509 1178 Μόνον
1540 1123 1813 1191 ἀνάλυσον,

202 1216 294 1261 xui
347 1212 425 1260 ἔτι
467 1229 564 1261 σου
622 1214 828 1285 μακρὰν
876 1216 1056 1277 οὗσης,
1088 1211 1445 1289 προσδραμὼν
1496 1213 1818 1266 ἐπιπεσεῖται

204 1296 289 1349 ἐπὶ
331 1302 422 1349 τόν
480 1299 748 1372 τράχηλόν
803 1319 919 1365 σου,
970 1307 1059 1353 καὶ
1092 1302 1313 1374 φιλικοῖς
1345 1302 1648 1375 ἀσπασμοῖς
1676 1323 1816 1377 περι-

203 1386 456 1449 πτ-ἇξεται
505 1392 599 1445 την
644 1390 744 1441 ὑπὸ
792 1397 886 1452 τῆς
920 1396 1190 1461 μετανοίας
1232 1389 1337 1450 ἤδη
1400 1394 1810 1465 κεκαθαρμένην.

208 1480 310 1528 Καὶ
344 1476 537 1533 στολὴν
564 1474 792 1541 ἐνδόσει,
820 1483 915 1536 την
952 1485 1183 1553 πρώτην,
1215 1480 1400 1552 ψυχὴν
1433 1486 1550 1549 (99)
1588 1477 1816 1533 ἀπεκδυ-

207 1570 441 1635 σαμένην
484 1570 573 1618 τὸν
617 1567 839 1619 παλαιὸν
888 1569 1157 1641 ἄνθρωπον
1206 1575 1301 1623 σὺν
1344 1579 1459 1632 ταῖς
1502 1572 1662 1623 αὐτοῦ
1686 1573 1818 1643 πρά-

205 1653 320 1714 ξεσι
345 1674 357 1685 -
392 1660 486 1707 xui
514 1658 789 1729 περιθήσει
819 1655 1101 1711 δακτύλιον
1148 1664 1335 1732 χερσὶν
1368 1658 1817 1732 ἀποπλυναμέναις

1925 501 2005 556 ris
2036 502 2232 574 plaga,
2269 520 2339 559 ac
2369 508 2507 575 post
2533 505 2809 560 tenebras
2854 504 2958 560 tibi
3006 504 3210 559 lumen
3242 504 3579 560 ostendere.

1928 592 2145 656 Quaerit
2178 598 2230 648 te
2262 598 2470 666 pastor
2500 593 2717 657 bonus,
2744 594 2957 648 ovibus
2978 610 3111 666 quae
3131 610 3254 649 non
3285 609 3577 654 erravere,

1926 678 2243 739 derelictis.
2290 684 2365 737 'l‘e
2416 682 2549 754 ipsa
2599 683 2643 736 si
2674 682 2999 751 dedideris,
3030 698 3151 737 non
3181 681 3578 747 cunctabitur,

1925 784 2122 842 neque
2152 770 2575 840 dedignabitur
2589 777 2638 825 te
2669 771 2791 825 suis
2812 771 2998 843 ipsius
3027 772 3295 826 humeris
3320 776 3579 843 portare,

1924 855 2097 912 laetus
2124 859 2290 930 quod
2349 874 2525 913 ovem
2574 875 2745 914 suam
2778 858 3078 930 perditam
3106 859 3417 913 invenerit.
3458 860 3584 913 Stat

1926 951 2115 1019 pater.
2146 964 2215 1003 ac
2247 953 2549 1020 exspectat
2582 952 2750 1003 tuum
2793 948 2870 1003 ab
2922 963 3118 1003 errore
3172 948 3445 1003 reditum.
3479 950 3582 1002 Bc-

1925 1042 2150 1092 vertere
2199 1038 2645 1101 tantummodo,
2705 1043 2879 1109 teque
2930 1037 3105 1109 longe
3137 1038 3335 1091 adhuc
3364 1041 3579 1101 stante,

1925 1142 2244 1182 accurrens
2304 1128 2479 1183 cadet
2532 1128 2592 1183 in
2646 1127 2867 1183 collum
2912 1133 3104 1193 tuum,
3138 1133 3193 1183 et
3224 1127 3431 1182 amicis
3459 1142 3583 1181 am-

1924 1216 2199 1289 plexibus
2216 1218 2341 1287 jam
2361 1218 2704 1289 poenitentia
2717 1223 3109 1289 expurgatam
3133 1234 3263 1272 com
3275 1217 3578 1289 plectetur.

1926 1307 2262 1372 Quinetiam
2320 1306 2470 1361 stola
2519 1308 2717 1379 prima
2773 1308 3043 1362 animam
3073 1307 3301 1377 induet,
3336 1306 3581 1362 homine

1927 1401 2121 1453 vetere
2152 1412 2292 1451 cum
2323 1396 2610 1467 operibus
2672 1397 2797 1450 suis
2853 1401 3117 1461 exutam,
3164 1395 3580 1466 annulumque

1925 1484 2207 1541 manibus
2230 1485 2439 1540 mortis
2471 1486 2765 1553 sanguine
2818 1484 3034 1540 ablutis
3058 1486 3491 1557 circumponet,
3526 1488 3582 1538 et

1925 1574 2158 1630 calceos
2189 1574 2357 1629 dabit
2378 1574 2686 1646 pedibusa
2716 1574 2805 1629 via
2837 1574 2997 1629 mala
3026 1574 3102 1629 ad
3124 1590 3365 1629 cursum
3397 1588 3579 1627 evan-

1926 1662 2060 1733 gelii
2083 1664 2249 1735 pacis
2278 1664 2607 1719 conversis.
2641 1663 3065 1735 Atquelaetitiaa
3097 1679 3167 1719 ac
3198 1662 3577 1731 gaudiidiem

202 1750 297 1794 τοῦ
327 1745 556 1797 θανάτου
604 1750 663 1797 τό
694 1749 847 1819 αἷμα,
887 1754 976 1801 καὶ
1025 1746 1288 1807 ὑποδήσει
1340 1746 1511 1811 πόδας
1564 1750 1815 1823 ἀποστρέ-

1929 1752 2309 1809 annuntiabit
2352 1753 2474 1807 suis
2508 1758 2632 1808 tum
2674 1752 2903 1822 angelis
2944 1758 3068 1809 tam
3110 1752 3478 1818 hominibus,
3507 1766 3578 1806 ac

201 1831 413 1901 φαντας
462 1833 564 1887 ἀπὸ
619 1832 749 1888 ὀδοῦ
800 1846 968 1900 κακῆς
1009 1843 1140 1913 πρὸς
1194 1842 1281 1891 τόν
1326 1835 1519 1913 δρόμον
1544 1847 1635 1892 τοῦ
1666 1838 1791 1910 εὐαγ

200 1922 380 1993 γελίου
414 1932 509 1984 τῆς
540 1924 772 1995 εἰρήνης.
833 1931 933 1979 Καὶ
982 1927 1299 2000 εὐφροσύνης
1355 1933 1442 1980 xui
1497 1935 1673 2004 χαρᾶς
1695 1931 1817 2001 ἠμέ-

206 2030 304 2082 ραν
348 2013 661 2083 καταγγελεῖ
716 2023 821 2075 τοῖς
876 2012 1035 2077 ἰδίοις
1079 2022 1167 2068 xui
1220 2016 1458 2087 ἀγγέλοις
1499 2023 1590 2069 καὶ
1623 2017 1820 2093 ἀνθρώ-

205 2119 349 2161 ποις,
404 2107 498 2153 καὶ
548 2108 703 2155 παντὶ
732 2109 907 2175 τρόπῳ
954 2110 1048 2163 τὴν
1098 2110 1194 2162 σὴν
1245 2106 1478 2179 ἑορτάσει
1530 2112 1815 2181 σωτηρίαν.

208 2192 380 2262 Ἀμὴν
440 2193 541 2265 γὰρ
613 2192 769 2263 λέγω,
834 2199 1017 2266 φησὶν,
1092 2198 1230 2265 υμῖν9
1297 2196 1378 2246 ὃτι
1428 2199 1576 2271 χαρὰ
1621 2202 1818 2268 γίνεται

206 2278 253 2330 ἕν
318 2279 525 2351 οὐρανῷ
583 2280 793 2334 ἐνώπιον
870 2291 962 2335 τοῦ
1025 2291 1159 2336 Θεοῦ
1225 2282 1310 2335 ἐπὶ
1384 2284 1455 2336 ἐνὶ
1529 2285 1818 2361 ἁμαρτωλῷ

203 2369 568 2441 μετανοοῦντι.
610 2377 715 2423 Καν
746 2370 995 2445 ἐγκαλέσῃ
1028 2392 1110 2434 τις
1138 2381 1237 2424 τῶν
1268 2372 1479 2425 ἑστάσιν
1502 2371 1818 2443 δοκούντων,

205 2462 287 2509 ὅτι
315 2462 465 2528 ταχὺ
518 2459 911 2532 προσελήφθης·
963 2462 1115 2522 αὐτὸς
1168 2463 1193 2513 ό
1243 2460 1439 2533 ἁγαθός
1476 2469 1651 2539 πατὴρ
1689 2466 1816 2537 ὑπὲρ

1925 1842 2211 1898 omnibus
2277 1842 2475 1897 modis
2551 1843 2804 1897 salutem
2859 1848 3024 1897 tuam
3092 1841 3435 1897 celebrabit.
3488 1841 3581 1896 Ait

1925 1932 2086 1987 enim
2124 1952 2136 1986 :
2168 1932 2357 1987 Amen
2380 1932 2511 1987 dico
2526 1932 2709 1993 vobis,
2735 1932 2893 2003 quod
2911 1931 3203 2000 gaudium
3234 1932 3398 1985 estin
3428 1931 3575 1986 ccelo

1926 2036 2127 2077 coram
2148 2022 2285 2083 Deo,
2308 2036 2486 2091 super
2506 2037 2625 2075 uno
2652 2021 3293 2089 peccatorepcenitente
3318 2020 3384 2071 ³⁸.
3406 2017 3575 2081 Quod

1926 2111 1973 2165 si
2004 2109 2306 2182 quispiam
2336 2126 2407 2165 ex
2428 2110 2498 2165 iis
2528 2110 2632 2182 qui
2660 2115 2814 2165 stare
2830 2110 2941 2164 sibi
2966 2109 3419 2176 videntur,vitio
3446 2123 3575 2162 ver-

1926 2199 2074 2265 terit,
2108 2201 2271 2270 quod
2295 2199 2410 2254 cito
2441 2204 2756 2270 assumpta
2789 2214 2883 2257 es:
2910 2199 3035 2269 ipse
3064 2198 3158 2253 ille
3189 2197 3387 2252 bonus
3406 2201 3576 2268 pater

1925 2301 2035 2358 pro
2064 2291 2119 2341 te
2149 2286 2553 2357 respondebit,
2580 2286 2785 2341 dicens
2820 2302 2831 2339 :
2869 2285 3217 2341 Lzetandum
3240 2289 3327 2340 est
3352 2290 3409 2339 et
3429 2299 3576 2352 gau-

1926 2376 2219 2447 dendum,
2251 2377 2395 2448 quia
2456 2376 2585 2431 hmo
2624 2376 2747 2431 ﬁlia
2793 2392 2932 2431 mea
2969 2380 3210 2431 mortua
3233 2380 3379 2445 erat,
3411 2379 3468 2430 et
3491 2388 3577 2428 re-

1926 2466 2088 2532 vixit,
2112 2470 2168 2521 et
2184 2465 2492 2537 deperdita
2518 2470 2664 2529 erat,
2698 2470 2753 2520 et
2793 2466 3033 2521 inventa
3062 2470 3151 2521 est
3175 2467 3247 2519 ⁸9.

208 2554 307 2599 σοῦ
354 2545 746 2618 ἀπολογήσεται
801 2549 980 2621 λέγων,
1022 2550 1386 2625 Εὖφρανθῆναι
1434 2549 1519 2605 δεῖ
1559 2558 1647 2605 καὶ
1676 2560 1932 2627 χαρῇναι,
1966 2556 2047 2607 ὅτι
2078 2555 2209 2611 αὕτη
2243 2556 2272 2611 ἡ
2307 2556 2541 2628 θυγάτηρ
2572 2572 2671 2627 μου
2730 2556 2885 2627 νεκρὰ
2925 2551 3007 2623 ἦν,
3058 2559 3147 2605 xui
3202 2552 3438 2621 ἀνέζησε,
3486 2557 3576 2603 καὶ

212 2635 544 2698 ἁπολωλυῖα,
572 2642 663 2689 καὶ
685 2639 865 2713 εὑρέθη
876 2678 888 2689 .

807 2763 853 2798 ⁸9
889 2762 1037 2819 ibid.
1071 2768 1160 2822 32.

286 2888 394 2943 (98)
444 2886 759 2948 Ἀπαξιώσιι
790 2906 869 2942 σε.
907 2888 1191 2944 Voculam
1231 2887 1517 2945 addimus
1564 2906 1637 2945 ex
1670 2906 1817 2946 mss.

288 2954 397 3019 (99)
440 2964 631 3030 Ψυχὴν
685 2958 834 3015 Editi
890 2964 983 3018 τὴν
1037 2959 1223 3033 ψυχήν
1270 2980 1389 3016 σου.
1456 2961 1600 3016 MSS.
1646 2967 1709 3018 ut
1764 2962 1825 3018 in

282 2761 332 2793 ⁸⁸
376 2762 514 2817 Luc.
547 2779 647 2831 xv,
675 2769 729 2819 7.

1386 3305 1823 3394 CLASSIS

1932 2894 2119 2947 textu.

1936 3305 2428 3393 SECUNDA

520 3482 855 3566 Epistola:
886 3502 1060 3567 quas
1093 3486 1157 3552 S.
1194 3486 1497 3552 Basilius
1528 3487 1899 3572 episcopus
1930 3488 2216 3572 scripsit
2247 3487 2331 3553 ab
2364 3504 2548 3551 anno
2580 3488 2698 3551 370
2724 3485 2809 3550 ad
2840 3502 3103 3550 annum
3134 3487 3273 3549 378.

765 3748 1099 3798 ΕΠΙΣΤΟΛΠ
1140 3744 1264 3801 ΜΖ’.

2445 3746 2783 3803 EPISTOLA
2827 3746 3055 3801 XLVII‘.

214 3866 535 3936 Gregorius
565 3867 843 3939 Theologi
859 3876 1032 3938 pater
1057 3871 1374 3927 Eusebium
1400 3872 1897 3936 Samosatensem.
1947 3874 2124 3929 misso
2173 3872 2494 3928 Eustathio
2548 3872 2822 3937 diacono,
2870 3872 3089 3925 invitat
3121 3869 3201 3925 ad
3222 3869 3568 3925 electionem

944 3943 1204 4011 episcopi
1228 3944 1611 4001 Caesariensis
1640 3951 1702 4001 ul
1734 3960 1798 4001 eo
1824 3945 2157 4016 adjuvanle
2186 3945 2455 4000 Basilius
2486 3944 2621 4013 eligi
2640 3945 2847 4012 possit.

700 4070 969 4141 Γρηγορίῳ
1002 4067 1079 4137 (1)
1111 4067 1295 4142 ἑταίρῳ
1309 4110 1322 4123 .

284 4176 371 4230 Τίς
414 4167 580 4224 δώσει
620 4191 710 4244 μοι
756 4176 1018 4248 πτέρυγας
1069 4176 1193 4227 ὡσεὶ
1237 4182 1581 4251 περιστερᾶς
1633 4176 1662 4234 ἢ
1711 4185 1815 4237 πῶς

215 4258 562 4333 ἀνακαινισθῇ
593 4281 695 4333 μου
752 4266 810 4314 τό
866 4271 1052 4337 γῆρας,
1089 4266 1221 4316 ὥστε
1250 4283 1313 4337 με
1360 4261 1652 4325 δυνηθῆναι
1700 4262 1815 4318 δια-

217 4349 369 4406 ϐῆναι
399 4354 533 4425 πρὸς
565 4355 657 4407 τὴν
705 4352 949 4423 ὑμετέραν
988 4350 1216 4423 ἀγάπην,
1268 4357 1357 4405 καὶ
1409 4358 1495 4405 τόν
1547 4373 1601 4406 τε
1656 4356 1814 4407 πόθον

217 4439 269 4490 ὃν
299 4444 408 4511 ἔχω
438 4439 663 4512 aqua.
693 4438 1013 4509 ἀναπαῦσαι,
1062 4446 1152 4493 καὶ
1198 4445 1261 4494 τὰ
1310 4441 1521 4517 λυπηρά
1574 4453 1669 4504 τῆς
1716 4444 1815 4515 ψυ-

219 4539 319 4602 χῆς
349 4528 751 4601 διηγήσασθαι,
781 4536 871 4582 καὶ
924 4527 997 4583 δι’
1024 4532 1165 4603 ὑμῶν
1221 4533 1464 4604 εὑρέσθαι
1508 4536 1624 4585 τινὰ
1653 4554 1818 4607 παραο

219 4622 409 4689 μνείαν
462 4628 565 4670 τῶν
616 4618 875 4689 θλίψεων;
929 4620 1041 4671 Ἐπὶ
1109 4623 1210 4693 γὰρ
1282 4630 1344 4693 τῇ
1416 4628 1662 4694 κοιμήσει
1727 4631 1818 4675 τοῦ

221 4715 484 4782 μακαρίον
524 4706 778 4761 Εὑσεϐίου
827 4715 917 4761 τοῦ
965 4707 1250 4762 ἐπισκόπου
1305 4709 1459 4782 φόϐος
1504 4714 1643 4784 ἡμᾶς
1698 4732 1818 4764 κατ-

290 4800 355 4833 ³⁹’
397 4798 555 4854 Psal.
588 4815 695 4853 uv.
727 4805 780 4855 7.

286 4894 361 4957 Α)
407 4894 713 4961 Γρηγορίῳ.
749 4888 852 4944 Hic
876 4887 1078 4961 titulus
1119 4888 1202 4961 sic
1235 4888 1570 4945 habeturin
1605 4890 1825 4946 codici-

220 4946 703 5047 bus-Vaiq'hiefi.
762 4966 818 5015 et
849 4959 1031 5047 Cpile
1064 4958 1304 5044 primo:
1341 4967 1609 5035 Γρηγορίῳ
1641 4962 1826 5047 ἑταίρῳ

219 5041 331 5105 περὶ
368 5041 470 5095 τῆς
500 5034 802 5103 κοιμήσεως
842 5031 1093 5083 Εὐσεϐίου
1142 5040 1233 5105 τοῦ
1264 5031 1551 5084 ἐπισκόπου
1568 5031 1589 5064 ’⁷
1626 5038 1715 5085 καὶ
1747 5031 1825 5085 ὅτι

219 5101 324 5177 ἔχει
370 5110 481 5176 πρό
515 5101 791 5176 ὀφθαλμῶν
813 5106 897 5155 τὸν
929 5104 1000 5165 εἰς
1044 5106 1136 5158 τὴν
1176 5101 1464 5162 ἐπισκοπὴν
1507 5102 1825 5173 ἐπιτήδειον,

219 5175 506 5247 Gregorio
527 5175 730 5231 sodali
749 5178 822 5232 de
842 5176 1004 5231 obitu
1030 5175 1271 5229 Eusebii
1290 5177 1582 5245 episcopi;
1601 5177 1828 5247 etquod

220 5251 393 5306 habet
425 5265 560 5317 prae
589 5250 780 5303 oculis
799 5250 992 5302 virum
1021 5248 1102 5301 ad
1123 5247 1457 5316 episcopale
1476 5249 1826 5303 munusido-

216 5339 467 5376 neum...
505 5320 644 5375 Levi
684 5335 806 5375 non
833 5323 1031 5391 potest
1087 5318 1365 5391 attentius
1394 5318 1822 5391 hieciepistola,

220 5397 359 5465 quin
396 5408 543 5446 eam
600 5406 721 5447 non
778 5406 811 5445 a
840 5389 1093 5465 Basilio,
1128 5389 1233 5443 sed
1264 5392 1462 5465 potius
1500 5389 1824 5465 de’Basilio

222 5461 507 5537 scriptam
526 5478 661 5517 esse
678 5468 899 5537 pateat.
920 5462 1118 5537 Plures
1133 5467 1327 5515 tamen
1343 5461 1575 5537 decepit
1589 5462 1788 5537 titulus
1812 5478 1824 5528 ;

225 5546 274 5592 at
297 5534 486 5593 hodie
504 5537 661 5590 inter
680 5534 946 5589 eruditos
968 5534 1087 5591 fere
1109 5534 1387 5591 convenit
1406 5548 1538 5587 eam
1554 5549 1589 5588 a
1612 5536 1825 5602 Grego-

226 5608 301 5666 rio
325 5615 531 5683 patre,
556 5606 664 5662 filii
689 5620 899 5672 manu,
914 5604 985 5662 ad
1004 5604 1323 5663 Eusebium
1344 5607 1825 5662 Samosatensem

2487 4068 2775 4138 Gregorio
2804 4067 3020 4123 sodali.

1996 4174 2138 4241 Quis
2163 4174 2331 4230 dabit
2356 4174 2499 4229 mihi
2527 4174 2652 4229 alas
2678 4173 2829 4229 sicut
2850 4171 3146 4228 columba
3169 4172 3214 4207 ⁸³
3237 4172 3289 4227 "l
3306 4179 3409 4228 aut
3433 4187 3579 4244 quo-

1925 4264 2109 4320 modo
2134 4265 2368 4319 senium
2401 4280 2602 4318 meum
2633 4266 2971 4327 renovetur,
3000 4265 3065 4317 ut
3088 4261 3167 4316 ad
3198 4261 3576 4316 dilectionem

1926 4357 2183 4411 vestram
2212 4353 2485 4420 transire,
2509 4356 2565 4408 et
2594 4368 2793 4407 meum
2821 4350 3377 4407 vestridesiderium
3408 4364 3577 4405 exsa-

1926 4444 2071 4500 tiare
2106 4443 2356 4516 possim,
2388 4447 2445 4498 et
2475 4442 2775 4498 molestias
2820 4440 3005 4496 animi
3034 4455 3300 4503 narrare,
3338 4444 3395 4494 et
3424 4454 3459 4494 a
3480 4455 3575 4495 vo-

1926 4533 2021 4590 bis
2042 4532 2287 4605 aliquod
2300 4531 2753 4588 afﬂictationum
2774 4531 3049 4586 levamen
3072 4529 3399 4601 consequi?
3429 4533 3577 4586 Nam

1928 4626 2167 4679 mortuo
2195 4621 2375 4677 beato
2400 4624 2686 4693 episcopo
2736 4619 3013 4686 Eusebio,
3065 4624 3259 4675 metus
3288 4634 3399 4675 nos
3425 4618 3581 4692 cepit

1929 4711 2096 4769 haud
2122 4726 2365 4784 parvus,
2398 4725 2473 4765 ne
2501 4710 2650 4766 forte
2676 4710 2778 4782 qui
2810 4708 3137 4781 aliquando
3160 4707 3433 4764 Ecclesiae
3456 4724 3579 4765 me-

1934 4890 2217 4961 scriptam
2251 4889 2455 4945 fuisse.
2485 4893 2632 4945 Nam
2679 4902 2967 4961 senemse
2994 4903 3123 4961 esse
3152 4886 3416 4942 declarat
3445 4902 3581 4961 auc;

1932 4966 2023 5041 _t_or
2052 4957 2335 5041 epistolae.
2353 4966 2408 5015 et
2448 4962 2514 5041 in
2555 4958 2943 5041 _Cappadocia
2975 4960 3351 5041 episcopum,
3385 4963 3448 5041 u‘t
3476 4957 3580 5038 qui

1930 5029 2139 5088 litteris
2200 5032 2336 5086 cleri
2388 5032 2462 5086 ad
2519 5029 2871 5086 elcctiOnem
2899 5029 3186 5101 episcopi,
3225 5035 3277 5084 et
3309 5029 3578 5083 Ecclesiae

1933 5102 2307 5158 Caesariensis
2328 5103 2736 5157 defensionem
2770 5102 3051 5156 invitatus
3074 5101 3265 5155 fuerit.
3300 5104 3352 5153 ls
3377 5105 3574 5154 autem

1931 5175 2006 5230 ad
2038 5190 2218 5245 quem
2253 5175 2457 5228 scribit
2489 5180 2543 5227 et
2573 5174 2783 5229 eadem
2807 5172 3089 5245 dignitate
3117 5171 3402 5245 prieditus
3431 5175 3575 5245 erat,

1931 5251 1988 5302 et
2016 5240 2324 5325 laboribus
2349 5245 2747 5325 pro~Ecclesia
2779 5240 3072 5325 susceptis
3117 5240 3335 5325 clarus,
3358 5247 3413 5321 et
3433 5240 3578 5325 ami-

1931 5333 2037 5373 cus
2063 5316 2292 5383 Basilio,
2322 5312 2431 5371 nec
2455 5316 2849 5387 Cappadociie
2873 5312 3123 5369 vicinus.
3156 5312 3365 5387 omnia
3387 5312 3445 5364 in
3472 5313 3577 5365 Eu-

1932 5388 2165 5443 sebium
2195 5384 2679 5443 Samosatensem
2714 5387 2959 5441 miritice
2986 5384 3365 5449 conveniunt,
3393 5398 3575 5454 quem

1932 5460 2125 5515 Basilii
2158 5460 2521 5514 ordinationi
2546 5459 2767 5513 scimus
2793 5456 3146 5512 interfuisse.
3420 5458 3421 5461 “

2004 5548 2016 5561 ο
2060 5531 2221 5589 Alias
2252 5534 2336 5586 IV.
2370 5532 2597 5609 Scripta
2624 5545 2785 5587 anno
2815 5532 2937 5591 370.
