4070 6194
488 265 591 324 383
1865 264 1922 320 S.
1963 261 2094 320 BAS

2249 263 2467 319 MAGNI
3730 257 3843 319 384

488 389 734 464 tropolis
759 392 981 446 nostrae
995 388 1259 446 insidiati
1283 392 1444 459 sunt,
1466 405 1724 462 eamque
1747 387 2040 445 haereticis
2067 403 2095 442 z

2254 386 2426 441 ἐλαϐεν
2458 386 2515 440 οὗ
2547 388 2749 461 μικρὸς,
2789 390 2992 458 μήποτε
3020 382 3069 436 οἰ
3120 384 3244 436 ποτε
3298 379 3648 457 ἐφεδρεύοντες
3670 384 3747 452 (2)
3777 390 3840 455 τῇ

488 480 671 539 zaniis
692 478 992 552 complere
1008 478 1348 547 voluerunt,
1371 495 1532 536 nunc
1557 479 1937 536 occasionem
1960 481 2095 532 nact

2249 475 2400 535 ἐκκλη
2412 496 2503 549 σιᾳ
2526 486 2622 538 τῆς
2647 474 3013 550 μητροπόλεως
3041 475 3208 546 ἡμῶν,
3234 478 3325 525 καὶ
3352 471 3658 545 βουλόμενοι
3682 472 3846 530 αὐτὴν

490 575 682 626 satam
705 570 897 626 multo
923 569 1129 626 labore
1178 570 1238 625 in
1269 571 1587 626 hominum
1614 570 1833 627 animis
1858 569 2097 642 pietate!

2248 567 2518 640 αἱρετικῶν
2571 565 2817 625 ζιζανίων
2857 562 3155 637 πληρῶσαι,
3184 568 3373 635 καιροῦ
3417 569 3505 613 νῦν
3550 559 3845 632 λαϐόμενοι,

498 659 664 732 14],
722 660 924 731 pravis
986 661 1110 715 suis
1159 660 1448 716 doctrinis
1500 660 1825 727 eradicent,
1889 659 2104 729 ejusqu

2246 662 2338 713 τὴν
2368 655 2535 726 πολλῷ
2562 658 2777 728 καμάτῳ
2804 660 3229 727 κοίτοιο-παρεῖσαν
3274 650 3322 703 ἐν
3351 659 3463 711 ταῖς
3500 650 3703 722 ψυχαῖς
3746 659 3846 703 τῶν

490 750 769 806 scindant
817 749 1155 805 unitatem:
1190 749 1357 822 quod
1405 754 1463 806 et
1506 750 1568 805 in
1617 749 1819 805 multis
1868 746 2097 804 Ecclesii

2250 744 2530 820 ἀνθρώπων
2560 744 2822 799 εὐσέϐειαν
2852 750 2970 804 ταῖς
2994 742 3114 815 παρ’
3143 742 3335 795 ἑαυτῶν
3358 748 3612 814 πονηραῖς
3643 736 3847 793 διδασ-

489 839 849 896 factitarunt.
910 841 1232 909 Postquam
1283 843 1489 895 autem
1546 844 1605 896 et
1654 838 1794 895 cleri
1830 838 2096 894 litteraea

2247 834 2455 897 καλίαις
2484 834 2839 909 ἐκριζώσωσι,
2871 837 2959 885 καὶ
3014 834 3210 893 ταύτης
3250 835 3346 890 τὴν
3395 830 3608 887 ἑνότητα
3632 834 3850 882 κατατέ-

490 943 601 984 nos
622 930 932 991 venerunt,
974 926 1358 983 exhortantes
1378 932 1536 983 utne
1550 927 1851 999 ejusmodi
1873 931 2097 998 tempor

2249 944 2420 996 μωσιν
2443 941 2455 954 ·
2486 924 2605 999 ὅπερ
2639 928 2728 975 καὶ
2775 922 2861 975 ἐπι
2898 921 3094 975 πολλῶν
3126 920 3445 978 Ἐκκλησιῶν
3474 925 3850 978 πεποιήκασιν.

490 1015 928 1087 despiciamus;
989 1015 1478 1088 circumspiciens
1515 1032 2031 1089 quoquoversum,
2056 1032 2097 1071 ri

2251 1011 2463 1072 Ἐπειδὴ
2497 1010 2555 1066 δὲ
2584 1017 2674 1065 καὶ
2698 1015 2988 1087 γράμματα
3028 1014 3153 1084 πρὸς
3194 1012 3330 1082 ἡμᾶς
3356 1009 3565 1081 ἀφίκετο
3594 1017 3686 1061 τοῦ
3717 1008 3850 1065 κλη-

491 1107 773 1160 cordatus
822 1120 959 1160 sum
1016 1110 1226 1161 vestrae
1249 1105 1553 1161 charitatis
1575 1110 1870 1179 rectaeque
1897 1104 2058 1172 ﬁdei,
2086 1121 2098 1158 ι

2251 1122 2365 1175 ρου,
2399 1101 2801 1177 παρακαλοῦντα
2832 1105 2901 1173 μὴ
2935 1101 3264 1175 παροφθῆναι
3293 1097 3341 1150 ἐν
3394 1106 3561 1170 καιρῷ
3606 1100 3847 1167 τοιούτῳ,

493 1193 670 1249 studii
722 1193 890 1265 quod
939 1209 1180 1266 semper
1231 1195 1293 1250 in
1340 1194 1630 1251 Ecclesias
1678 1196 1778 1251 Dei
1826 1194 2100 1251 adliibeti:

2251 1191 2688 1265 περιϐλεψάμενος
2728 1189 2776 1242 ἐν
2805 1189 2975 1261 κύκλῳ
3015 1188 3279 1262 ἐμνησθην
3306 1197 3401 1249 τῆς
3438 1189 3686 1260 ὑμετέρας
3717 1185 3854 1256 ἁγά-

492 1284 685 1355 Atque
706 1298 777 1339 ea
807 1283 881 1338 de
903 1299 1092 1339 causa
1133 1282 1265 1338 misi
1293 1283 1574 1339 dilectum
1601 1284 1973 1340 Eustathium
2003 1299 2099 1339 cor

2252 1302 2375 1349 πης,
2407 1287 2497 1334 καὶ
2543 1290 2632 1341 τῆς
2681 1280 2835 1355 ὀρθῆς
2878 1284 3119 1345 πίστεως,
3166 1284 3377 1330 καὶτοῦ
3425 1275 3584 1341 ζήλου
3617 1276 3669 1327 ὃν
3701 1279 3856 1347 ἔχετε

492 1372 835 1442 diaconum,
887 1372 992 1444 qui
1043 1376 1305 1428 vestram
1354 1374 1709 1445 gravitatem
1774 1373 2099 1430 adhortetu:

2255 1371 2333 1424 ἀεὶ
2362 1373 2489 1444 ὑπὲρ
2520 1379 2619 1422 τῶν
2650 1372 2972 1427 Ἐκκλησιῶν
3015 1375 3108 1419 τοῦ
3141 1374 3295 1422 Θεοῦ.
3348 1370 3446 1420 Καὶ
3474 1369 3659 1419 τούτου
3688 1366 3855 1417 ἕνεκεν

492 1465 810 1533 exoretque
833 1465 897 1517 ut
913 1461 1228 1518 exantlatis
1241 1462 1528 1518 omnibus
1551 1478 1659 1535 pro
1675 1462 1947 1518 Ecclesiis
1974 1462 2099 1519 labc

2255 1460 2533 1514 ἀπέστειλα
2580 1462 2667 1511 τὸν
2716 1457 2985 1530 ἀγαπητόν
3031 1456 3320 1509 Εὐστάθιον
3362 1459 3450 1508 τὸν
3485 1451 3854 1524 συνδιάκονον,

496 1550 663 1607 ribus
711 1551 872 1607 hunc
932 1567 1176 1624 quoque
1255 1551 1515 1619 addatis,
1569 1552 1868 1624 simulque
1910 1553 2103 1607 seniui

2254 1549 2613 1623 παρακαλέσαι
2660 1550 2801 1621 ὑμῶν
2831 1551 2924 1605 την
2952 1550 3375 1619 σεμνοπρέπειαν,
3405 1549 3495 1597 καὶ
3528 1541 3857 1602 δυσωπῆσαι

490 1655 697 1696 meum
726 1644 927 1696 vestro
946 1640 1223 1696 recreetis
1245 1656 1596 1710 congressu,
1646 1656 1716 1696 ac
1743 1640 2097 1713 percelebrei

2253 1647 2388 1693 πᾶσι
2414 1646 2519 1699 τοῖς
2549 1640 2675 1711 ὑπερ
2708 1645 2807 1689 τῶν
2839 1636 3158 1694 Ἐκκλησιῶν
3207 1638 3458 1708 καμάτοις
3489 1640 3579 1687 καὶ
3626 1638 3715 1687 τὸν
3749 1652 3853 1684 πα-

493 1744 660 1784 sanae
706 1728 981 1784 Ecclesiae
1026 1729 1312 1801 pietatem
1359 1729 1723 1793 instauretis,
1755 1730 2100 1801 praeﬁcientt

2254 1734 2410 1804 ρόντα
2439 1727 2688 1781 ἐπιθεῖναι
2711 1741 2726 1757 ⁸
2761 1725 2929 1799 κάμοῦ
2955 1745 3009 1779 τε
3047 1728 3105 1777 τὸ
3150 1734 3312 1800 γῆρας
3338 1732 3397 1797 τῇ
3431 1728 3696 1795 συντυχίᾳ
3728 1720 3857 1773 ἁνα-

492 1817 545 1874 ei
573 1833 697 1873 una
724 1817 1045 1874 nobiscum
1071 1818 1339 1881 (simodo
1364 1818 1531 1889 digni
1552 1818 2029 1892 habeamur,qui
2047 1836 2099 1874 v1

2256 1826 2484 1872 παῦσαιο
2518 1822 2604 1869 καὶ
2648 1824 2709 1888 τῇ
2763 1815 2889 1888 ὀρθῇ
2921 1813 3207 1886 Ἐκκλησία
3237 1819 3329 1872 τὴν
3368 1812 3675 1888 περιϐόητον
3707 1811 3858 1864 εὐσέ-

489 1907 726 1964 biscum
756 1924 913 1980 opus
940 1908 1174 1964 bonum
1198 1908 1577 1980 adjuvemus)
1600 1914 1906 1981 pastorem
1939 1925 2096 1965 seen]

2256 1907 2395 1961 ϐειαν
2424 1904 2842 1980 διορθώσασθαι,
2900 1900 3085 1964 δόντας
3128 1903 3257 1975 αὐτῇ
3310 1903 3421 1974 μεθ’
3453 1904 3599 1974 ἡμῶν
3647 1900 3721 1967 (εἰ
3759 1901 3863 1973 οῐρα

491 1996 641 2053 dum
663 1997 899 2053 Domini
927 1997 1317 2064 voluntatem,
1376 1999 1480 2070 qui
1524 1998 1717 2070 possit
1744 1999 1931 2071 ipsius
1960 2015 2098 2071 popi

2255 1997 2696 2068 καταξιωθείημεν
2773 1992 3242 2046 συναντιλαϐἐσθαι
3302 1994 3421 2065 ὑμῖν
3496 1999 3587 2043 τοῦ
3654 1989 3860 2062 ἀγαθον

489 2086 617 2142 lum
649 2086 1014 2157 gubernare.
1057 2087 1358 2143 Habemus
1398 2088 1557 2143 enim
1580 2087 1658 2143 ob
1692 2088 1900 2143 oculos
1928 2088 2096 2143 virun

2257 2088 2429 2161 ἔργου)
2459 2089 2680 2159 ποιμένα
2710 2086 2843 2136 κατὰ
2874 2087 2930 2135 τό
2962 2082 3209 2156 βούλημα
3236 2090 3327 2135 τοῦ
3374 2086 3591 2155 Κυρίου,
3634 2077 3864 2152 δυνάμεο

491 2174 783 2231 necvobis
814 2176 1087 2247 ignotum
1124 2191 1348 2248 :quem
1398 2176 1446 2231 si
1479 2176 1747 2232 obtinere
1800 2192 2093 2249 possumu

2257 2197 2339 2229 vov
2387 2172 2654 2229 ὃιευθῦναι
2702 2177 2788 2225 τὸν
2843 2173 2964 2225 λαὸν
3008 2172 3187 2228 αὐτοῦ.
3220 2172 3451 2244 ’Ἐχομεν
3494 2174 3596 2242 γὰρ
3650 2172 3732 2241 (3)
3764 2172 3862 2243 πρὸ

490 2264 614 2320 scio
667 2265 1067 2337 acquisituros
1115 2280 1226 2321 nos
1250 2281 1539 2337 magnam
1593 2266 1756 2338 apud
1785 2269 1969 2321 Deum
1999 2266 2097 2321 ﬁdi

2259 2265 2530 2338 ὀφθαλμῶν
2560 2260 2731 2337 ἄνδρα
2776 2262 2829 2314 ὃν
2869 2259 2994 2315 οὐδὲ
3043 2262 3192 2314 αὐτοὶ
3232 2260 3493 2333 ἁγνοεῖτε⁶
3536 2260 3595 2312 οὗ
3627 2260 3673 2312 εἰ
3705 2278 3864 2311 κατα-

489 2353 668 2417 ciam,
699 2361 880 2426 atque
918 2354 978 2409 in
1019 2354 1336 2427 populum,
1377 2355 1482 2427 qui
1525 2371 1636 2411 nos
1684 2355 2022 2425 advocavit,
2047 2355 2096 2411 bi

2258 2355 2561 2426 ξιωθείημεν
2588 2354 2881 2424 ἐπιτυχεῖν,
2908 2348 3033 2404 οἶδα
3058 2353 3135 2405 ὅτι
3156 2350 3384 2423 μεγάλην
3408 2348 3579 2425 παρρη
3591 2353 3713 2401 σίαν
3735 2352 3864 2421 πρός

492 2442 777 2498 neﬁcium
803 2443 1142 2499 maximum
1190 2442 1538 2499 collaturos.
1584 2443 1696 2500 Sed
1726 2445 1942 2500 iterum
1971 2450 2099 2517 atqt

2256 2448 2343 2498 τὸν
2376 2447 2502 2497 Θεὸν
2528 2444 2852 2514 κτησόμεθα,
2880 2445 2969 2493 καὶ
2996 2448 3069 2511 τῷ
3101 2439 3520 2512 ἕπικαλεσαμένῳ
3571 2440 3601 2496 ἡ
3610 2444 3714 2511 μᾶς
3756 2438 3861 2508 λαῷ

501 2531 724 2603 saepius
756 2547 924 2601 rogo,
958 2537 1023 2588 ut
1051 2531 1217 2587 omni
1242 2532 1517 2605 deposita
1545 2532 1795 2601 segnitie
1826 2535 2108 2590 occurrati

2257 2538 2512 2606 μεγίστην
2533 2532 2827 2606 εὐεργεσίαν
2848 2531 3276 2603 καταϐησόμεθα.
3291 2529 3446 2581 Ἀλλὰ
3472 2528 3765 2602 παρακαλῶ
3788 2529 3860 2599 (4)

491 2624 549 2675 et
569 2620 784 2676 hiemis
806 2620 1189 2678 difﬁcultates
1220 2622 1622 2678 antevertatis.

2257 2627 2346 2676 καὶ
2370 2621 2521 2676 πάλιν
2543 2626 2632 2674 καὶ
2653 2620 2919 2685 πολλάκις,
2948 2622 3119 2673 πάντα
3138 2623 3283 2673 ὄκνον
3305 2621 3671 2694 ὑπερθεμένους
3701 2617 3861 2672 ἀπαν-

490 2718 652 2771 τῆσαι
675 2716 766 2763 καὶ
791 2710 1064 2788 προλαϐεῖν
1086 2714 1152 2763 τὰ
1180 2710 1233 2763 ἐκ
1259 2719 1350 2763 τοῦ
1380 2720 1642 2784 χειμῶνος
1674 2708 1938 2786 δυσχερῆ.

1007 2861 1343 2917 EPISTOLA
1381 2861 1630 2918 XLVIII'.

2804 2864 3143 2913 ΕΠΙΣΤΟΛΗ
3175 2865 3293 2915 ΜΗ.

492 2987 759 3043 Hiemem
789 2993 1035 3043 excusat
1076 2988 1347 3043 Basilius
1381 3002 1492 3042 cur
1522 3002 1643 3042 non
1680 2987 2009 3055 scripserit.
2049 2986 2236 3042 Mittit
2283 2984 2566 3054 epistolas
2591 2984 2918 3040 Antiochia
2954 2984 3200 3040 allatas.
3251 2984 3487 3040 Narrat
3531 2982 3604 3039 de
3651 2984 3857 3039 Demo-

562 3059 730 3127 philo
760 3059 1153 3113 simulacrum
1182 3059 1427 3126 pietatis
1461 3064 1516 3114 et
1538 3063 1715 3114 recta:
1738 3059 1881 3127 ﬁdei
1907 3074 2034 3128 pra:
2077 3073 2138 3114 se
2178 3059 2434 3129 ferente,
2469 3062 2522 3112 et
2554 3056 2628 3112 de
2649 3058 3085 3126 episcoporum,
3113 3061 3247 3126 post
3272 3070 3567 3127 egressum
3595 3055 3859 3125 Eusebii,

566 3131 829 3186 adventu
860 3135 915 3186 et
947 3130 1327 3185 schismatico
1361 3132 1583 3185 animo.
1607 3132 1793 3201 Rogat
1822 3136 1887 3185 ut
1915 3146 1973 3187 se
1996 3131 2216 3186 revisat
2248 3144 2381 3185 vere
2407 3130 2668 3185 ineunte.

793 3253 1061 3315 Eusebio,
1093 3256 1364 3324 episcopo
1390 3254 1857 3311 Samosatorum.
2184 3254 2224 3309 C

2184 3254 2224 3309 C
2601 3252 2670 3306 Eu’
2679 3251 2769 3306 σεϐ
2774 3256 2833 3323 ίῳ
2840 3295 2854 3319 ,
2884 3251 3150 3323 ἐπισκόπῳ
3181 3253 3514 3325 Σαμοσάτων.

572 3358 677 3415 Vix
730 3363 891 3416 nacti
941 3377 1152 3416 sumus
1191 3362 1295 3433 qui
1318 3362 1541 3418 litteras
1570 3361 1647 3417 ad
1680 3367 1845 3417 tuam
1876 3361 2153 3433 pietatem

2332 3358 2494 3422 Μόλις
2546 3361 2670 3432 ἡμῖν
2725 3358 2947 3432 ὑπῆρξεν
2991 3356 3257 3430 ἐπιτυχεῖν
3318 3354 3561 3410 διακόνου
3610 3360 3859 3432 γραμμά-

493 3448 1070 3521 deferret,siquidem
1084 3451 1269 3505 nostri
1282 3452 1557 3506 homines
1574 3451 1653 3507 ita
1670 3451 1928 3507 hiemem
1943 3451 2097 3507 exho

2262 3468 2358 3501 των
2413 3452 2539 3523 πρὸς
2590 3453 2682 3506 τὴν
2736 3452 2832 3506 σὴν
2894 3447 3216 3500 θεοσίϐειαν’
3260 3446 3368 3499 ἐπεὶ
3417 3450 3526 3518 οἶγε
3580 3448 3710 3522 παρ’
3740 3451 3858 3521 ἡμῖν

497 3542 759 3606 rescunt,
785 3544 847 3594 ut
870 3555 943 3595 ne
966 3539 1277 3611 paululum
1302 3540 1549 3611 quidem
1574 3556 1645 3595 ex
1667 3540 1898 3596 aedibus
1919 3556 2104 3613 prosp

2259 3540 2393 3591 οὕτω
2444 3538 2770 3601 κατέπτηξαν
2812 3541 2898 3589 τὸν
2945 3547 3201 3610 χειμῶνα,
3257 3539 3325 3600 ὡς
3373 3533 3511 3610 μηδέ
3562 3540 3619 3589 τὸ
3679 3541 3860 3612 μικρό-

495 3644 627 3685 cere
642 3628 843 3683 velint.
873 3631 1021 3685 Nam
1053 3633 1219 3684 tanta
1245 3628 1475 3684 nivium
1506 3629 1681 3701 copia
1711 3629 1897 3685 abluti
1920 3646 2102 3684 sumu:

2255 3648 2409 3680 τατον
2439 3631 2749 3701 προκύπτειν
2790 3636 2888 3679 τῶν
2934 3623 3210 3698 δωματὶων
3250 3624 3550 3698 ἀνέχεσθαι.
3612 3632 3721 3679 Καὶ
3764 3630 3856 3701 γὰρ

494 3722 557 3775 ut
584 3734 723 3774 cum
748 3717 897 3790 ipsis
921 3717 1156 3773 aedibus
1187 3719 1452 3789 cooperti
1485 3718 1615 3787 jam
1648 3718 1800 3774 duos
1823 3734 2058 3773 menses
2088 3718 2101 3773 i

2254 3720 2486 3788 τοσούτῳ
2541 3717 2725 3775 πλήθει
2774 3721 2966 3787 χιόνων
3021 3722 3383 3788 κατενίφημεν,
3438 3718 3502 3776 ὡς
3555 3714 3740 3776 αὐτοῖς
3795 3719 3858 3767 oi-

495 3807 797 3880 speluncis
818 3806 1141 3863 latitemus.
1160 3810 1403 3862 Prorsus
1419 3807 1620 3879 itaque
1653 3806 1823 3862 nobis
1844 3808 2102 3877 ignosce:

2255 3826 2380 3877 κοις,
2414 3808 2837 3877 καταχωσθέντες
2884 3810 2962 3876 (5)
3023 3802 3120 3857 δύο
3180 3813 3348 3877 μῆνας
3399 3801 3505 3863 ἤδη
3548 3811 3661 3865 ταῖς
3694 3824 3859 3857 κατα·-

564 3931 721 4010 tilias
753 3931 979 4010 CQLIY.
1015 3931 1444 4010 Scriptainitio
1466 3931 1881 4010 episcopatus.
1951 4008 1957 4010 _
2100 4001 2116 4010 _
2254 3929 2718 4010 a.patre_Ba_sili_i
2750 3946 2936 4010 causa
2966 3933 3279 4010 susceptos
3331 3934 3535 4010 narrat
3559 3929 3620 3984 in
3642 3930 3865 4010 oratio-

565 3945 721 3986 Alias
753 3945 979 3986 tgtzblv.
1015 3945 1245 4002 scripta
1274 3945 1439 3987 initio
1466 3945 1881 4003 episcopatus.
2254 3945 2487 4055 apatre
2521 3945 2718 3985 basuu
2750 3946 2936 3986 causa
2966 3945 3279 4010 susceptos
3331 3945 3535 3985 narrat
3559 3945 3620 3984 1n
3642 3945 3865 3985 orauo-

565 4005 637 4081 ('2)
680 3998 1361 4081 :Epsdpevovreg._ln§1ic_at
1408 4004 1722 4081 (iregorius
1758 4008 2037 4081 structas
2253 4018 2311 4081 ni
2365 4018 2432 4055 us
2469 4005 2529 4055 19
2556 4008 2612 4081 et
2639 4006 2728 4070 26,
2759 4001 2928 4057 facile
2953 4001 3704 4081 perspICimusepiscopos
3722 4002 3869 4081 elec-

492 4072 725 4128 Arianis
750 4072 1049 4145 insidias
1090 4073 1361 4129 Ecclesia:
1420 4073 1771 4129 Caesariensi
1815 4089 1974 4127 anno
2014 4077 2140 4141 365,
2253 4074 2486 4145 tironum
2520 4073 2745 4127 otiosos
2799 4072 3167 4145 spectatores
3211 4088 3333 4145 non
3362 4072 3569 4145 fuisse,
3598 4072 3708 4126 sed
3745 4072 3866 4145 plu-

494 4160 630 4199 cum
667 4143 876 4216 Valens
927 4144 987 4198 in
1038 4144 1197 4199 hanc
1227 4145 1438 4199 urbem
1482 4145 1643 4200 venit
1672 4160 1809 4199 cum
1838 4162 1947 4216 suo
1978 4146 2143 4216 Aria:
2254 4144 2439 4216 rimas
2471 4159 2679 4198 earum
2709 4142 2909 4216 partes
2952 4144 3353 4216 conciliando
3376 4149 3434 4199 et
3475 4142 3865 4216 adhortando

493 4230 710 4271 norum
734 4214 1168 4287 episcoporum
1189 4216 1497 4271 comitatu.
1530 4219 1691 4271 Tunc
1734 4214 2004 4277 Basilius.
2039 4215 2145 4287 qui
2257 4214 2640 4287 sustinuisse.
2696 4213 2847 4279 Quin
2903 4216 3083 4271 etiam
3108 4213 3315 4271 electio
3342 4214 3643 4287 interdum
3676 4230 3865 4287 penes

495 4288 636 4359 sein
662 4286 1044 4359 solitudinem
1086 4287 1251 4359 pacis
1306 4287 1543 4342 tuendae
1587 4303 1774 4359 causa
1816 4286 2143 4358 receperat,
2255 4286 2576 4359 episcopos
2620 4292 2785 4351 erat;
2840 4291 3067 4359 etcum
3108 4288 3275 4359 varia
3323 4291 3524 4341 essent
3563 4286 3771 4359 plebis
3798 4302 3863 4341 ac

495 4358 574 4414 ad
615 4356 1103 4430 succurrenduin'
1146 4359 1430 4430 episcopo
1461 4374 1569 4413 suo
1601 4357 1923 4421 advolavit.
1950 4356 2145 4413 ciuni-
2255 4356 2393 4411 cleri
2425 4356 2644 4430 studia,
2678 4362 2740 4430 ut
2789 4358 2847 4412 in
2876 4358 3070 4412 Basilii
3099 4357 3386 4430 electione
3418 4356 3686 4430 contigit.
3724 4365 3863 4413 tunc

493 4431 609 4486 bus
655 4430 836 4501 rebus
892 4429 1161 4485 Ecclesiae
1180 4428 1445 4501 ,‘utilitati
1471 4429 1857 4501 posthabitis,
1898 4445 1968 4483 ac
1998 4445 2146 4501 prte-
2255 4445 2323 4483 ea
2345 4444 2485 4500 pars
2511 4428 2791 4483 vincebat
2814 4430 2909 4483 cui
2943 4430 3136 4499 major
3163 4429 3402 4483 favebat
3433 4428 3863 4501 episcoporum

494 4501 723 4558 clarum
748 4500 917 4556 illum
947 4500 1322 4572 triumphum
1376 4500 1717 4573 reportavit,
1760 4500 1834 4556 de
1864 4516 1986 4572 quo
2002 4500 2147 4557 ’Gre-
2254 4515 2561 4573 numerus.
2594 4502 2735 4555 Hinc
2774 4516 2913 4556 eum
2966 4502 3041 4555 ad
3076 4501 3433 4573 canonicam
3462 4500 3664 4573 Basilii
3710 4501 3865 4556 elec-

495 4573 865 4644 goriusorat.
894 4575 982 4636 40,
1012 4588 1070 4644 ρ.
1097 4571 1189 4629 39.
1442 4571 1458 4573 “
1634 4642 1642 4644 Α
1741 4642 1749 4644 _
2182 4584 2223 4638 ι)
2256 4571 2476 4644 tionem
2504 4572 2741 4625 deesset
2769 4572 2959 4644 unius
2989 4572 3255 4643 episcopi
3303 4571 3687 4644 sutfragium,
3729 4574 3864 4628 Gre-

566 4645 644 4725 (3)
683 4642 913 4715 Ἔχομεν
1092 4644 1182 4699 Sic
1209 4646 1473 4768 quatuor
1526 4642 1755 4714 antiqui
1808 4642 2047 4699 codices
2092 4647 2148 4700 et
2256 4643 2458 4712 gorius
2511 4643 2778 4697 Nazianzi
2833 4643 3512 4766 egiscopus,quamvis
3562 4642 3735 4697 senio
3796 4658 3865 4697 ac

566 4714 674 4768 itio
706 4715 1133 4768 Hacanoensis.
1164 4716 1203 4768 E
1253 4714 1313 4768 iti
1340 4717 1526 4768 ἓγοιιεν
1559 4719 1665 4768 μέν.
2256 4713 2468 4768 morbo
2499 4714 2827 4768 confectus.
2905 4730 3193 4768 aasaream
3225 4713 3543 4768 advolavit.
3615 4720 3681 4767 ut
3715 4716 3865 4768 elec—

495 4713 1133 4787 editioHag'anoensis.
1164 4713 1313 4770 Editi
1340 4717 1526 4787 ἔχομεν
1557 4713 1682 4786 μέν(
1773 4786 1780 4787 ί
2127 4785 2139 4787 _
2256 4713 2468 4769 morbo
2499 4714 2827 4787 confectus,
2860 4713 3193 4769 Caesaream
3225 4713 3543 4787 advolavit,
3615 4716 3865 4787 utrelec—

568 4786 1183 4858 (4)_'All£t_1rapazxdlrb,
1225 4784 1634 4858 θὶοᾙΜίηίᾁιθ
1703 4785 2146 4858 ῐηὶτιιωῄᾳιιοά

2258 4788 2475 4841 tionem
2502 4786 2733 4840 calculo
2754 4802 2859 4841 suo
2885 4787 3229 4855 adjuvaret,
3264 4784 3546 4858 βοηθήσων
3567 4793 3639 4858 Δτῇ
3678 4786 3863 4858 «item,

495 4856 788 4929 Eusebius
838 4856 900 4912 in
947 4856 1244 4912 remotam
1288 4856 1767 4929 provinciamad
1794 4856 2146 4912 electionem
2258 4859 2427 4925 Greg.
2460 4860 2628 4926 Naz.,
2664 4862 2811 4912 orat.
2853 4863 2935 4923 i9,
2967 4872 3024 4927 p.
3059 4859 3184 4925 3H,
3212 4856 3381 4923 et20,
3414 4872 3479 4929 p.
3502 4856 3639 4929 7343.

496 4928 765 5000 episcopi
790 4934 1048 4983 vocetur.
1080 4927 1421 5009 Nam,_cum
1453 4943 1607 5009 unus
1642 4928 1718 4983 sit.
1742 4929 2144 5009 episcopatus,
2328 4934 2404 5009 (5)
2447 4930 2901 5009 Καταχωσθξντες.
2930 4934 3207 5009 ita‘mss:
3262 4943 3391 5009 sex.
3635 4932 3723 5008 et.
3752 4932 3867 4983 tres

497 4998 554 5056 et
578 4998 736 5054 unus
768 5015 932 5069 grex,
964 5016 1123 5072 saepe
1155 5000 1429 5078 incidunt
1450 5004 1722 5078 tempora
1744 4998 2064 5078 ejusmodi,
2085 5006 2149 5078 ut
2256 4999 2647 5078 vetustissimi
2668 5000 2904 5078 codices
2929 4999 3139 5078 Harl...
3162 4998 3310 5078 Med.
3343 5004 3399 5054 et
3430 4998 3603 5078 Coisl.
3630 4999 3868 5078 primus

495 5087 704 5127 curam
756 5087 929 5126 suam
982 5069 1548 5126 et'sollicitudinem
1574 5069 1873 5142 'episcopi
1930 5072 2147 5125 exteris
2256 5069 3145 5142 habentxuraxmaeévraaouod
3170 5070 3416 5142 quidem
3446 5069 3651 5142 mirari
3684 5070 3867 5125 subit.

498 5143 769 5199 Ecclesiis
799 5142 1079 5198 debeant.
1142 5145 1209 5198 Ut
1230 5143 1489 5198 haeream
1517 5143 1577 5198 in
1603 5128 1879 5214 eiempio
1909 5142 2147 5197 Eusebii
2257 5144 2405 5214 Nam
2431 5157 2590 5212 saepe
2623 5128 2772 5196 alias
2802 5142 2862 5196 in
2892 5128 3206 5212 ejusmodi
3222 5141 3368 5214 locis
3399 5141 3637 5214 codices
3654 5157 3871 5196 recen-

498 5214 957 5276 Samosatensis,
1013 5214 1238 5269 nemini
1285 5220 1528 5270 sanctus
1566 5214 1660 5269 ille
1694 5213 1921 5285 martyr
1945 5216 2003 5268 in
2032 5215 2146 5269 hoc
2257 5213 2435 5285 tiores
2478 5215 2914 5279 accusativum,
2981 5213 3375 5269 vetustissimi
3421 5213 3873 5285 nominativum

497 5303 713 5357 genere
744 5285 1064 5353 concessit,
1089 5301 1158 5340 ac
1182 5285 1239 5357 in
1267 5286 1447 5357 variis,
1468 5285 1738 5340 Ecclesiis
1764 5284 2146 5357 presbyteros
2255 5284 2502 5339 habent.
2537 5285 2729 5349 Quare
2761 5286 2946 5340 satius
2968 5285 3175 5357 visum,
3207 5291 3470 5357 estgeam
3503 5284 3872 5355 scripturam

496 5354 553 5413 et
581 5359 921 5429 diaconos,
950 5363 1128 5429 atque
1156 5356 1336 5429 etiam
1358 5356 1673 5427 episcopos
1706 5354 1933 5429 magno
1950 5354 2145 5411 Eccle-
2254 5358 2527 5429 retinere,
2584 5356 2698 5429 cui
2731 5371 2833 5429 sex
2870 5355 3112 5429 codices
3163 5356 3279 5411 hoc
3309 5354 3468 5419 loco,
3499 5354 3639 5429 tres’
3676 5362 3871 5429 vetus-

498 5429 603 5484 site
647 5428 969 5485 commodo
991 5424 1306 5491 ordinavit,
1360 5424 1421 5483 ut
1461 5424 1711 5482 testatur
1740 5426 2143 5483 Theodoretus
2254 5424 2471 5481 tissimi
2510 5425 2569 5480 in
2602 5425 2733 5480 aliis
2767 5426 2913 5481 locis
2944 5428 3368 5497 suffragantur.
3427 5425 3621 5497 Paulo
3642 5434 3787 5481 ante
3810 5427 3871 5481 in

495 5502 654 5571 Hist.
688 5500 791 5555 lib.
822 5516 898 5569 iv,
923 5516 974 5556 c.
1005 5506 1086 5555 t3.
1141 5502 1221 5555 Ex
1257 5499 1599 5571 hacgautem
1631 5497 1883 5571 epistola
1917 5504 1974 5553 et
1999 5514 2143 5553 non-
2253 5497 2444 5553 tribus
2464 5497 2889 5554 vetustissimis
2911 5494 3223 5555 codicibus
3242 5498 3457 5569 legitur
3472 5506 3571 5550 τῶν
3595 5494 3869 5571 ciuitatem.

496 5570 675 5629 nullis
696 5571 826 5629 aliis
856 5568 1129 5644 ejusdem
1156 5569 1436 5641 Gregorii,
1460 5574 1517 5627 et
1542 5585 1617 5626 ex
1634 5568 1965 5640 laboribus,
1988 5586 2143 5642 quos
