4054 6200
231 308 313 364 385

1140 290 1633 351 EPISTOLARUM
1675 286 1955 347 CLASSIS
1992 293 2058 347 11.
2101 294 2313 351 EPIST.
2351 296 2530 353 XLlX.

3413 302 3517 357 386

232 428 406 482 δύαισιν
451 419 751 494 ἔμφωλεύιιν.
801 422 1085 490 Συγγνώσῃ
1131 412 1217 469 οὖν
1272 438 1473 479 παντως
1527 418 1672 489 ἡμῖν,
1703 420 1759 468 τό

1872 432 2008 471 cum
2041 421 2095 473 et
2123 420 2550 491 Cappadocum
2587 421 2771 477 animi
2801 421 3202 494 timiditatem,
3235 428 3527 499 etcorpo-

226 538 265 571 τε
286 515 472 586 ἄτολμον
516 519 607 562 τῶν
652 504 1075 561 Καππαδοκικῶν
1124 509 1193 575 (6)
1240 509 1403 576 ἠθῶν,
1435 512 1524 559 καὶ
1562 510 1621 558 τὸ
1659 514 1759 557 τῶν

232 608 431 676 σωμάτων
461 598 758 655 δυσκίνητον
800 596 1163 669 ἐπιστάμενος,
1214 596 1256 648 εἰ
1298 601 1369 668 μὴ
1424 598 1608 648 θᾶττον
1641 594 1758 647 ἐπε-

227 693 458 763 στείλαμεν,
510 683 631 759 μηδ’
677 686 743 745 εἰς
798 693 989 757 γνῶσιν
1036 688 1301 757 ἠγάγομεν
1360 694 1421 757 τῇ
1490 687 1759 756 τιμιότητί

227 803 298 836 σου
322 783 377 831 τὰ
418 777 509 829 ἀπὸ
550 785 641 835 τῆς
673 775 1022 846 Ἀντιοχείας,
1074 774 1108 825 ἃ
1136 776 1342 836 πάντως
1372 777 1462 845 μὲν
1486 773 1757 847 γνωρίζειν

225 890 287 922 σοι
306 868 431 920 ἕωλόν
462 863 567 916 ἔστι
600 868 688 915 καὶ
716 862 950 936 ψυχρόν,
986 862 1148 913 πάλαι
1179 864 1527 934 μεμαθηκότι,
1578 864 1645 922 ὡς
1700 863 1757 912 τό

222 959 350 1018 εἰκός·
400 954 521 1011 πλὴν
577 950 681 1003 ἀλλ’
738 949 890 1004 οὐδὲν
942 953 1225 1024 ἡγούμενοι
1290 958 1505 1023 πρᾶγμα
1546 954 1637 1002 καὶ
1692 951 1759 1001 τὰ

221 1046 459 1119 ἐγνωσμένα
529 1046 843 1113 σημαίνειν,
910 1039 1280 1113 ἀπεστείλαμεν
1350 1044 1439 1101 τὰς
1516 1038 1610 1092 διὰ
1664 1046 1755 1091 τοῦ

218 1136 490 1207 ἀναγνώστου
546 1133 888 1204 κομισθείσας
943 1130 1240 1193 ἐπιστολάς.
1303 1136 1404 1183 Καὶ
1452 1138 1620 1182 ταῦτα
1665 1132 1755 1202 μὲν

218 1226 269 1286 εἰς
304 1230 542 1276 τοσοῦτον,
577 1221 634 1273 Ἠ
687 1218 746 1273 δε
780 1220 1322 1282 Κωνσταντινουπολις
1370 1224 1482 1293 ἔχει
1528 1225 1615 1273 τὸν
1661 1227 1756 1278 Δη-

213 1314 379 1387 μόφιλον
434 1311 588 1363 πολῦν
627 1307 736 1369 ἤδη
778 1314 968 1382 χρόνον
1020 1314 1117 1379 (7),
1161 1313 1230 1372 ὡς
1274 1310 1366 1362 καί
1415 1310 1563 1362 αὐτοὶ
1613 1310 1756 1362 οὗτοι

214 1401 529 1473 ἀπαγγελοῦσι,
574 1404 664 1453 καὶ
695 1403 1119 1473 προκεκηρυκται
1166 1402 1370 1460 πάντως
1414 1408 1474 1472 τῇ
1519 1401 1757 1457 όσιὸτητί

211 1513 293 1546 σου.
331 1496 419 1544 Καί
441 1511 489 1542 τι
513 1496 631 1566 περὶ
680 1490 836 1542 αὐτόν
879 1490 1098 1563 πλάσμα
1150 1490 1427 1564 ὀρθότητος
1472 1494 1563 1541 καί
1614 1490 1756 1543 εὐλα-

209 1583 308 1642 ϐείας
374 1584 509 1653 παρὰ
572 1583 783 1633 πάντων
853 1586 1137 1653 συμφώνως
1208 1589 1308 1632 τῶν
1376 1580 1756 1653 ἀφικνουμένων

206 1671 455 1743 θρυλλείται,
490 1674 552 1731 ὡς
597 1675 689 1723 καὶ
741 1674 807 1723 τὰ
857 1668 1116 1722 διεστῶτα
1154 1679 1245 1731 τῆς
1276 1670 1465 1730 πόλεως
1509 1673 1638 1744 μέρη
1686 1670 1757 1731 εἰς

1866 521 2001 561 rum
2030 512 2331 579 torporem
2377 512 2635 580 noveris,
2687 512 2735 566 si
2774 512 2945 567 citius
2983 528 3104 568 non
3144 515 3518 587 scripsimus,

1866 610 2061 668 neque
2088 597 2338 653 fecimus
2358 601 2766 671 praestantiam
2799 607 2963 657 tuam
2996 619 3203 659 eorum
3230 622 3367 677 quae
3405 611 3518 662 An-

1866 685 2085 742 tiochia
2115 686 2295 743 allata
2324 694 2463 744 sunt
2492 690 2804 745 certiorem
2836 708 2847 745 :
2881 708 3017 762 quae
3043 693 3289 765 quidem
3322 696 3516 750 omni-

1865 790 1943 829 no
1966 775 2070 830 tibi
2096 782 2239 832 nota
2268 778 2463 833 facere
2508 780 2828 835 rancidum
2871 786 2962 835 est
3010 786 3065 836 et
3116 781 3421 854 frigidum,
3453 788 3521 841 ut

1864 865 1968 935 qui
1999 864 2231 921 dudum
2255 867 2552 935 didiceris,
2583 873 2647 925 ut
2678 869 2992 924 verisimile
3023 876 3146 937 est;
3181 873 3285 926 sed
3315 877 3521 930 tamen

1864 953 2010 1008 nihil
2039 954 2408 1011 incommodi
2438 973 2570 1012 esse
2612 958 3041 1025 existimantes,
3075 959 3255 1015 etiam
3282 961 3521 1031 cognita

1866 1043 2225 1115 signiﬁcare,
2245 1046 2523 1101 misimus
2550 1047 2763 1103 allatas
2785 1048 3189 1119 perlectorem
3214 1049 3518 1120 epistolas.

1863 1136 1944 1186 Ac
1967 1132 2145 1187 dehis
2164 1134 2411 1204 quidem
2434 1136 3303 1209 hactenus.Constantinopolis
3315 1143 3520 1195 autem

1859 1221 2226 1294 jamdudum
2245 1224 2428 1280 habet
2450 1226 2895 1297 Demophilum,
2913 1231 2977 1282 ut
3001 1232 3057 1282 et
3080 1226 3162 1282 illi
3184 1228 3296 1299 ipsi
3317 1242 3522 1284 narra-

1862 1312 2037 1383 bunt,
2071 1320 2250 1387 atque
2283 1321 2346 1371 ut
2376 1316 2587 1387 procul
2636 1316 2823 1372 dubio
2857 1317 2985 1388 jam
3026 1318 3191 1389 prius
3222 1311 3523 1377 sanctitati

1864 1408 1980 1461 tum
2010 1405 2352 1460 nuntiatum
2374 1411 2480 1461 est.
2514 1412 2594 1461 Ac
2621 1405 2695 1461 de
2720 1406 2820 1461 illo
2846 1406 3094 1478 quidem
3126 1407 3519 1463 simulacrum

1863 1493 2175 1566 quoddam
2200 1500 2374 1550 rectae
2405 1496 2545 1551 ﬁdei
2569 1501 2625 1551 et
2653 1496 2891 1568 pietatis
2925 1496 3003 1551 ab
3026 1496 3309 1552 omnibus
3340 1497 3520 1553 adve-

1864 1583 2192 1651 nientibus,
2235 1583 2403 1655 142
2438 1601 2679 1640 summo
2726 1601 3025 1640 consensu
3048 1585 3331 1656 jactatur,
3364 1585 3518 1643 adeo

1864 1678 1929 1728 ut
1955 1672 2133 1728 etiam
2165 1672 2522 1727 dissidentes
2554 1673 2809 1729 civitatis
2856 1679 3055 1745 partes
3086 1673 3419 1730 coaluerint
3455 1674 3517 1729 in

203 1764 345 1812 ταπόν
394 1760 674 1830 συνελθεῖν,
731 1765 822 1812 καὶ
872 1768 972 1811 τῶν
1015 1760 1400 1832 πλησιοχώρων
1447 1762 1588 1819 τινὰς
1651 1758 1759 1812 ἐπι-

1872 1777 2077 1829 unum,
2099 1764 2278 1832 atque
2310 1776 2383 1816 ex
2412 1760 2621 1817 vicinis
2648 1761 2946 1834 episcopis
2976 1761 3248 1818 nonnulli
3270 1763 3520 1834 conjun-

202 1854 361 1901 no'mw
388 1853 470 1906 τὴν
500 1849 687 1901 ἕνωσιν
713 1845 1135 1911 καταδέξασθαι.
1167 1850 1233 1899 Οἱ
1256 1845 1315 1900 δὲ
1336 1850 1576 1921 ἡμέτεροι
1605 1844 1755 1901 οὐδὲν

204 1937 391 2009 ἀμείνους
442 1936 710 2009 ἐφάνησαν
776 1946 875 1989 τῶν
944 1933 1190 1994 ἐλπίδων.
1258 1937 1595 1999 Ἐπιστάντες
1656 1940 1755 2012 γὰρ

204 2028 316 2089 εὐθός
353 2030 479 2079 κατὰ
520 2024 702 2089 πόδας
750 2034 841 2087 τῆς
897 2028 1143 2100 ὑμετέρας
1203 2022 1407 2093 ἐξόδου,
1462 2026 1625 2079 πολλὰ
1667 2029 1757 2098 μὶν

201 2114 304 2168 εἷπον
347 2117 562 2190 λυπηρὰ,
600 2116 769 2170 πολλά
818 2113 877 2168 δὲ
926 2115 1201 2187 ἐποίησαν,
1236 2122 1325 2169 καὶ
1368 2116 1510 2177 τέλος
1560 2115 1758 2188 ἀνεχώ-

201 2225 345 2277 ρησαν,
375 2204 759 2279 βεϐαιώσαντες
804 2208 928 2278 ἡμῖν
976 2209 1035 2257 τό
1070 2210 1305 2278 σχίσμα.
1358 2205 1417 2258 Εἰ
1445 2210 1535 2278 μεν
1569 2202 1656 2257 οὖν
1707 2225 1760 2274 ει·ι

201 2302 416 2365 γενήσεται
469 2295 678 2368 βελτιον
712 2338 726 2362 ,
790 2300 881 2347 καὶ
943 2295 987 2347 εἰ
1057 2298 1350 2347 παύσονται
1400 2303 1495 2356 τῆς
1548 2299 1757 2363 κακίας,

202 2381 352 2440 ἄδηλον
376 2391 524 2437 παντὶ
552 2385 698 2443 πλὴν
729 2385 758 2444 ᾖ
792 2393 862 2445 τῷ
894 2392 1006 2455 Θεῷ
1176 2386 1253 2437 Τὰ
1283 2387 1372 2457 μὲν
1411 2380 1499 2436 οὖν
1529 2389 1761 2457 παρόντα

202 2483 388 2531 τοιαῦτα.
417 2475 471 2528 Ἠ
504 2472 563 2527 δε
598 2474 757 2533 λοιπὴ
790 2474 1076 2533 Ἐκκλησία
1109 2475 1353 2527 εῦσταθεῑ
1397 2483 1458 2548 τῇ
1501 2482 1593 2526 τοῦ
1625 2482 1758 2527 Θεοῦ

201 2566 364 2636 χάριτι,
390 2570 473 2616 καὶ
503 2568 730 2637 εὔχεται
777 2566 908 2637 ὁμοῦ
960 2572 1032 2634 τῷ
1092 2561 1181 2639 ἦρι
1237 2562 1365 2617 ἰδεῖν
1398 2583 1456 2617 σε
1492 2564 1644 2617 πάλιν
1676 2563 1759 2617 ἐπὶ

202 2657 533 2729 τῆςήμετίρας,
584 2660 688 2707 καὶ
738 2653 1086 2714 ἆνανεωθῆναι
1136 2651 1230 2706 διὰ
1276 2663 1371 2717 τῆς
1416 2653 1617 2726 ἀγαθῆς
1663 2674 1758 2707 σου

205 2739 519 2805 διδασκαλίας.
554 2743 739 2817 Κάμοὶ
770 2741 829 2797 δε
858 2747 916 2796 τὸ
948 2752 1101 2816 σῶμα
1126 2740 1277 2797 οὐδὲν
1302 2745 1509 2817 ἄμεινον
1538 2751 1634 2805 τῆς
1662 2763 1758 2796 συ-

201 2833 364 2895 νηθείας
387 2836 511 2906 ἔχει,

729 2980 1067 3029 ΕΗΙΣΤΟΛΗ
1104 2973 1232 3029 ΜΘ’.

1865 1852 2123 1908 ctionem
2137 1850 2399 1923 amplexi
2418 1852 2552 1907 sint.
2570 1853 2765 1908 Nostri
2788 1857 2990 1908 autem
3011 1869 3116 1925 spe
3138 1858 3193 1909 et
3213 1870 3317 1909 exs
3325 1857 3520 1925 pecta-

1865 1942 2023 1997 tione
2053 1956 2174 1996 non
2206 1940 2479 1996 exstitere
2504 1940 2799 1996 meliores.
2820 1944 2967 1997 Nam
2990 1958 3129 1997 cum
3162 1942 3361 1997 statim
3383 1945 3521 2014 post

1867 2045 2175 2099 egressum
2198 2033 2367 2084 tuum
2400 2029 2810 2100 advenissent,
2831 2029 3021 2085 multa
3050 2030 3296 2102 quidem
3327 2031 3520 2089 tristia

1869 2119 2093 2186 dixere,
2109 2118 2299 2174 multa
2315 2120 2495 2174 etiam
2518 2119 2730 2187 fecere,
2757 2134 2827 2175 ac
2848 2118 3090 2175 tandem
3112 2120 3521 2175 discesserunt

1867 2208 2108 2264 ﬁrmato
2131 2207 2305 2263 nobis
2341 2208 2684 2264 schismate.
2722 2210 2927 2264 Utrum
2953 2214 3153 2265 autem
3176 2208 3389 2265 melius
3409 2208 3518 2265 ali-

1868 2297 2016 2370 quid
2044 2297 2313 2353 futurum
2345 2300 2436 2363 sit,
2461 2302 2641 2370 atque
2663 2302 2863 2353 utrum
2890 2297 2967 2353 ab
2996 2298 3373 2370 improbitate
3404 2296 3522 2353 dis-

1868 2386 2091 2442 cessuri
2109 2386 2245 2455 sint,
2259 2387 2485 2443 nemini
2503 2387 2621 2443 nisi
2646 2389 2766 2443 Deo
2783 2391 3161 2459 compertum
3183 2392 3291 2443 est.
3318 2392 3521 2461 Itaque

1866 2492 1963 2533 res
1994 2482 2317 2549 praesentes
2350 2481 2490 2534 sunt
2513 2476 2834 2547 ejusmodi.
2871 2476 3132 2534 Ecclesia
3160 2482 3362 2533 autem
3391 2478 3522 2534 reli-

1867 2582 1992 2638 qua
2020 2581 2129 2638 per
2158 2566 2257 2621 Dei
2284 2568 2541 2636 gratiam
2570 2566 2858 2639 praeclare
2890 2571 3023 2637 stat,
3048 2570 3224 2639 teque
3254 2572 3520 2640 exoptat,

1868 2654 2048 2709 simul
2072 2670 2141 2709 ac
2170 2671 2274 2710 ver
2300 2655 2603 2726 prodierit,
2636 2656 2851 2712 iterum
2883 2655 3050 2727 apud
3074 2670 3187 2712 nos
3213 2656 3435 2725 videre,
3464 2660 3523 2713 et

1867 2760 1976 2817 per
2003 2744 2229 2799 bonam
2260 2749 2429 2799 tuam
2453 2745 2791 2802 doctrinam
2820 2745 3121 2802 renovari.
3154 2745 3289 2803 Mihi
3317 2750 3521 2803 autem

1868 2849 2089 2907 corpus
2120 2832 2295 2891 solito
2321 2834 2534 2891 melius
2564 2851 2686 2891 non
2720 2852 2785 2891 se
2817 2835 3018 2893 habet.

2421 2979 2757 3035 EPISTULA
2795 2980 2987 3035 XLIX‘.

204 3117 411 3175 Basilius
439 3118 683 3193 gratias
713 3118 840 3189 agit
865 3117 1162 3197 Arcadio,
1177 3117 1284 3197 qui
1302 3122 1656 3197 conceptam
1677 3134 1722 3197 a_
1734 3134 1796 3175 se
1814 3118 1885 3175 de
1906 3135 1970 3176 eo
1988 3135 2147 3190 spem
2170 3121 2637 3197 signiﬁcaverat.
2665 3121 2976 3197 Promittit
2997 3120 3052 3197 ei
3069 3118 3340 3177 Basilius
3367 3133 3506 3177 mar

572 3198 789 3261 tyrum
821 3189 1241 3261 reliquias,'ad
1255 3190 1563 3246 ecclesiam
1591 3191 1667 3247 ab
1700 3192 1826 3261 ipso
1860 3189 2290 3263 constructam,
2322 3195 2375 3248 si
2400 3208 2548 3265 quas
2577 3194 2842 3262 reperire
2867 3193 3073 3262 possit.

663 3328 867 3406 ’Δρκαδ
872 3336 930 3403 ίῳ
953 3331 1243 3405 ἐπισκόπῳ.

258 3459 626 3535 Εὐχαρίστησα
652 3465 726 3529 τῷ
754 3457 888 3530 ἁγίῳ
920 3466 1054 3529 Θεῷ,
1081 3459 1387 3531 γράμμασιν
1412 3455 1644 3529 ἐντυχὼν
1670 3467 1761 3520 τῆς

210 3546 413 3611 εὐλαϐείας
438 3552 612 3622 ὑμῶν,
645 3554 735 3600 καὶ
766 3552 997 3620 εὔχομαι
1023 3547 1178 3609 αὐτός
1215 3566 1270 3599 τε
1308 3555 1403 3608 τῆς
1434 3545 1666 3612 ἐλπίδος,
1700 3548 1762 3608 ἦν

213 3637 324 3705 ἔχετε
345 3637 400 3710 ἐρ’
422 3642 563 3713 ἡμῖν,
608 3638 760 3701 ἄξιος
806 3634 954 3704 εἶναι,
988 3643 1078 3689 καὶ
1108 3639 1241 3709 ὑμᾶς
1287 3639 1371 3689 τόν
1412 3636 1498 3689 ἐπὶ
1534 3645 1597 3709 τῇ
1632 3645 1757 3711 τιμῇ

213 3723 334 3794 ἡμῶν,
359 3728 404 3783 ην
428 3728 503 3779 ἐπὶ
544 3724 631 3798 τῷ
685 3729 898 3799 ὀνόματι
943 3733 1034 3778 τοῦ
1087 3730 1280 3798 Κυρίου
1316 3726 1494 3783 Ἰησοῦ
1526 3733 1762 3801 Χριστοῦ

206 3822 344 3885 τιμᾶτε
364 3819 504 3888 ἡμᾶς,
538 3818 746 3890 μισθόν
772 3815 958 3867 τελείου
989 3817 1336 3887 κομίσασθαι.
1370 3814 1763 3889 Ὑπερησθημεν

209 3899 267 3969 δε,
293 3906 357 3955 ὅτι
380 3912 479 3973 καὶ,
524 3912 789 3979 μέριμναν
819 3909 1120 3980 πρέπουσαν
1152 3912 1455 3977 Χριστιανῷ
1486 3903 1763 3956 ἀναλαϐόνη

205 3993 351 4059 τες,εἱς
376 3990 520 4057 δόξαν
542 4002 646 4047 τοῦ
678 3994 931 4066 ὀνόματος
952 4002 1043 4046 τοῦ
1074 4002 1309 4069 Χριστοῦ
1335 3993 1474 4046 οἶκον
1496 3995 1759 4067 ἠγείρατε,

206 4085 271 4129 καὶ
293 4082 577 4152 ἠγαπήσατε
614 4092 687 4155 τῷ
719 4088 848 4150 ὄντι,
896 4086 1031 4136 κατὰ
1058 4087 1116 4135 τὸ
1156 4088 1533 4157 γεγραμμένον,
1581 4082 1762 4157 εὐπρέ-

207 4185 315 4220 τειαν
356 4175 489 4225 οῖκου
537 4178 763 4248 Κυρίου,
796 4172 1182 4247 εὐτρεπίσαντες
1227 4172 1423 4233 ἑαυτοῖς
1465 4176 1560 4231 τὴν
1610 4172 1764 4248 οὖρά-

206 4274 283 4307 νιον
307 4262 369 4329 (9)
398 4266 552 4333 μονὴν
588 4266 683 4319 τὴν
731 4262 1123 4334 ἡτοιμασμένην
1169 4259 1216 4313 ἐν
1237 4269 1299 4333 τῇ
1336 4260 1625 4313 ἀναπαύσει
1655 4268 1764 4321 τοῖς

208 4341 403 4414 ἀγαπῶσι
443 4354 499 4402 τό
549 4355 717 4423 ὄνομα
763 4358 856 4402 τοῦ
893 4358 1149 4425 Χριστοῦ.
1184 4350 1301 4403 Ἐὰν
1351 4347 1411 4402 δὲ
1458 4346 1764 4422 δυνηθῶμεν

206 4447 459 4505 περινοῆσαι
514 4439 741 4509 λείψανα
797 4442 1098 4513 μαρτύρων,
1160 4438 1425 4512 εὐχόμεθα
1467 4444 1557 4491 καὶ
1615 4438 1763 4491 αὐτοὶ

210 4523 514 4595 σνμξαλέσθαι
543 4531 696 4601 ἡμῶν
725 4536 788 4601 τῇ
826 4525 1062 4601 σπουδῇ.
1109 4529 1167 4581 Εἰ
1204 4532 1305 4602 γὰρ
1340 4529 1405 4589 εἰς
1430 4533 1764 4601 μνημόσυνον

209 4614 364 4666 αἰώνιον
388 4619 531 4669 ἔσται
558 4615 789 4686 δίκαιος,
830 4623 1065 4671 κοινωνοὶ
1102 4619 1211 4689 (ιο)
1245 4618 1489 4692 ἐσόμεθα,
1522 4615 1765 4677 δηλονότι

211 4702 477 4776 fici-726:5;
504 4712 723 4781 μνήμης
758 4716 849 4769 τῆς
898 4704 1263 4782 δοθησομένης
1311 4710 1433 4781 ὑμῖν
1472 4710 1618 4784 παρὰ
1670 4714 1763 4761 τοῦ

208 4809 339 4861 qm.

258 4954 296 4990 ’°
319 4956 458 5015 Psal.
491 4975 631 5030 xxv,
664 4962 717 5016 8.
794 4960 865 4997 90‘
889 4960 1048 5018 Psal.
1076 4974 1189 5031 cxx,
1215 4966 1270 5016 7.

360 5099 805 5184 Κμππαδοέικῶν.
866 5102 1761 5184 lta_ilarl.,“Coigztprimus,

214 5164 579 5291 primus,
609 5174 940 5231 Clarom.et
960 5175 1147 5244 Bigot.
1174 5164 1344 5232 alter.
1370 5164 1525 5230 Editi
1544 5164 1763 5228 Καππαέ

256 5284 499 5389 ᾖὼλὺν
533 5313 642 5389 ἤδη
674 5322 886 5389 χρόνον.
920 5316 1077 5373 Harl.
1119 5321 1176 5373 et
1216 5316 1361 5373 Med.
1397 5334 1537 5373 cum
1570 5317 1760 5377 duob.

217 5376 306 5455 ἓδίίδ
328 5387 469 5465 τξολύς
500 5376 850 5465 ijnjpmévgg.
886 5389 1077 5465 Paulo;
1094 5395 1230 5465 post
1254 5389 1470 5465 legitur
1497 5388 1761 5462 ἀπαγγελ-

220 5468 322 5532 mf!
344 5459 399 5532 in
433 5459 747 5515 codicibus
780 5460 931 5516 Harl.
962 5466 1018 5532 et
1043 5459 1220 5516 coisl.
1258 5462 1473 5532 primo.

265 5526 472 5606 (ὃληλρν
513 5532 657 5606 ἡλτῷ
687 5539 823 5602 Θεῷ.
872 5531 1043 5590 Coisl.
1094 5526 1343 5606 uterque
1384 5539 1440 5590 et
1482 5549 1641 5590 unus
1690 5549 1765 5591 ex

376 5600 505 5661 πλὴν
540 5602 587 5655 εἰ
615 5589 686 5676 τῷ
716 5589 852 5677 Θεῷ.

1790 3316 1830 3372 C

1796 4667 1841 4723 D

2399 3336 2665 3394 Arcadio
2690 3337 2985 3406 episcopo.

1941 3460 2172 3516 Gratias
2198 3460 2290 3531 egi
2321 3462 2440 3517 Deo
2462 3464 2670 3517 sancto
2689 3460 2857 3517 lectis
2878 3460 3116 3532 pietatis
3144 3462 3263 3516 tua:
3291 3458 3519 3529 litteris,

1869 3564 2201 3622 precorque
2222 3554 2284 3606 ut
2305 3555 2361 3606 et
2382 3566 2494 3622 ego
2514 3566 2587 3606 ea
2608 3566 2939 3622 spe,quam
2960 3550 3034 3605 de
3057 3565 3152 3606 me
3174 3548 3518 3621 concepisti,

1869 3637 2090 3708 dignus
2121 3639 2256 3707 sim,
2278 3643 2335 3695 et
2366 3644 2424 3695 tu
2454 3639 2720 3705 honoris,
2744 3655 2927 3712 quem
2950 3639 3096 3695 mihi
3120 3638 3304 3694 habes
3324 3638 3386 3693 in
3415 3652 3522 3693 no-

1870 3728 2033 3782 mine
2063 3728 2297 3785 Domini
2342 3730 2481 3783 Jesu
2528 3728 2773 3797 Christi,
2821 3727 3163 3784 mercedem
3192 3726 3523 3800 perfectam

1869 3818 2115 3873 referas.
2167 3817 2347 3874 Valde
2388 3823 2593 3875 autem
2632 3819 2868 3874 laetatus
2915 3835 3073 3887 sum,
3100 3818 3269 3891 quod
3312 3831 3523 3873 curam

1873 3906 2205 3964 Christiano
2231 3907 2483 3976 dignam
2504 3908 2859 3980 suscipiens,
2883 3909 3138 3963 domum
3169 3907 3247 3963 ad
3269 3906 3523 3977 gloriam

1871 3995 2134 4051 nominis
2180 3996 2393 4052 Christi
2440 3997 2868 4065 construxeris,
2918 4012 2991 4052 ac
3036 4012 3175 4051 vere
3221 3993 3519 4064 dilexeris,

1874 4084 2027 4140 sicut
2051 4086 2340 4157 scriptum
2366 4088 2532 4157 est“,
2566 4085 2847 4142 decorem
2869 4085 3091 4142 domus
3117 4084 3353 4142 Domini
3378 4101 3390 4137 :
3417 4081 3525 4139 tibi

1870 4173 1988 4244 ipsi
2022 4189 2371 4246 praeparans
2395 4174 2697 4230 caelestem
2728 4174 3137 4243 mansionem,
3159 4172 3523 4229 destinatam

1870 4262 1932 4318 in
1960 4262 2164 4334 requie
2185 4262 2568 4332 diligentibus
2606 4278 2830 4319 nomen
2858 4263 3089 4319 Christi.
3119 4262 3293 4327 Quod
3323 4261 3373 4315 si
3393 4259 3523 4315 reli-

1870 4352 2046 4424 quias
2074 4358 2410 4424 martyrum
2438 4352 2796 4422 investigare
2826 4352 3078 4425 possim,
3097 4351 3276 4423 cupio
3306 4354 3363 4405 et
3391 4349 3525 4421 ipse

1872 4441 2050 4497 studii
2072 4442 2153 4497 tui
2180 4441 2422 4513 adjutor
2450 4457 2600 4497 esse.
2625 4445 2775 4498 Nam
2809 4442 2859 4496 si
2884 4442 2945 4496 in
2980 4440 3276 4496 memoria
3302 4443 3527 4495 eterna

1871 4530 1980 4586 erit
1995 4531 2193 4602 justus
2207 4532 2297 4602 90',
2324 4530 2591 4603 profecto
2611 4531 2788 4587 bona:
2810 4530 2972 4586 illius
2990 4528 3321 4599 memorias,
3336 4543 3526 4602 quam

1869 4620 1977 4678 tibi
2000 4625 2243 4678 sanctus
2264 4619 2583 4693 impertiet,
2614 4620 2837 4677 erimus
2858 4618 3203 4693 participes.

1943 5105 2023 5175 (9)
2046 5101 2331 5185 gigantis.
2374 5102 2467 5185 Sic
2498 5101 2674 5162 Coisl.
2714 5105 2968 5177 uterque
3016 5107 3073 5161 et
3114 5106 3254 5173 Reg.
3316 5112 3527 5155 secund

1873 5174 2014 5231 dus.
2046 5174 2197 5230 Editi
2227 5176 2487 5249 οὐρανίαν.

1942 5250 2052 5318 (10)
2086 5242 2349 5300 Κοινωνὸί.
2380 5251 2527 5302 Ante
2552 5246 2710 5303 hanc
2738 5262 2949 5303 vocem
2977 5246 3117 5302 editi
3148 5242 3381 5301 addunt
3409 5245 3524 5311 καὶ,

1873 5319 1978 5393 sed
2007 5319 2136 5374 haec
2166 5318 2509 5393 conjunctio
2540 5319 2711 5393 abest
2747 5319 2825 5374 ab
2868 5319 3323 5393 omnibus__mss.
3352 5328 3524 5393 μορε

1873 5392 1934 5446 in
1959 5391 2116 5446 hanc
2134 5383 2450 5462 epistolam
2476 5391 2820 5462 habuimus,
2848 5405 3064 5461 nempe
3086 5403 3122 5443 a
3146 5385 3319 5456 Med.,
3344 5383 3521 5441 Coisl.

1874 5468 2151 5530 utroque,
2173 5460 2311 5517 ‘Vat.
2343 5468 2399 5517 et
2423 5464 2561 5530 Reg.
2597 5460 2884 5517 secundo.

1945 5479 2007 5518 [‘0
2059 5479 2151 5527 ue,
2193 5479 2311 5517 νᾶῐι
2343 5479 2399 5517 οι
2424 5479 2561 5530 ueg.
2597 5479 2884 5517 secundo.

1945 5534 1962 5555 "
1990 5479 2152 5591 tilias
2173 5535 2727 5605 CCCCVlll.Scripta
2747 5532 2913 5588 initio
2935 5530 3343 5603 episcopatus.
