4054 6204
462 266 565 322 387

1057 380 1392 438 EPISTULA
1435 381 1517 445 L'.

1837 248 1893 310 S.
1935 240 2192 308 BASILII
2230 248 2446 309 MAGNI

3719 263 3825 317 388

2783 385 3120 434 ΕΠΙΣΤΟΛΗ
3159 379 3238 433 Νο

464 478 730 536 Basilius
760 475 995 547 gratias
1023 473 1148 543 agit
1171 472 1443 540 episcopo
1474 468 1710 526 cuidam
1737 473 1913 524 astate
1940 472 1993 593 et
2028 468 2252 594 vértuat:
2276 467 2643 594 generando,
2660 468 2769 540 qui
2787 471 2963 539 prior
2985 471 3068 527 ad
3091 484 3223 526 eum
3247 471 3572 540 scripserat
3601 472 3832 530 adhor-

1972 554 2050 594 an
2100 554 2119 593 ι
2139 554 2170 594 c
2259 554 2285 594 s
2333 580 2345 593 .

1972 553 2119 595 ana:
2139 553 2345 594 causa.

959 642 1305 698 Innocentio
1336 640 1628 709 episcopo.

536 738 707 794 Eccui
723 734 821 791 alii
837 730 1233 789 conveniebat
1253 733 1307 784 et
1324 727 1545 783 timidis
1565 726 1852 782 ﬁduciam
1871 725 2114 791 addere,

463 835 520 886 et
536 826 899 884 dormientes
920 820 1197 887 excitare,
1214 817 1457 873 nisitua:
1480 816 1708 872 domini
1734 816 1850 872 mei
1873 816 2073 887 pietati
2100 831 2112 869 :

463 918 566 991 qui
599 922 760 970 tuam
792 913 851 967 in
901 908 1185 965 omnibus
1230 906 1410 963 rebus
1450 905 1877 977 perfectionem
1908 905 1968 960 in
2000 905 2115 960 hoc

463 1019 707 1077 quoque
738 997 1075 1060 declarasti,
1108 995 1275 1069 quod
1307 1001 1361 1050 te
1393 996 1571 1050 etiam
1603 994 1680 1050 ad
1709 1010 1819 1050 nos
1857 994 2115 1049 humiles

462 1094 770 1151 demittere
818 1087 1099 1153 volueris,
1132 1091 1198 1141 ut
1240 1100 1564 1155 germanus
1595 1083 1927 1156 discipulus
1958 1084 2115 1139 illius

462 1185 565 1257 qui
594 1181 777 1238 dixit:
801 1180 934 1234 Illic
956 1193 1085 1233 sum
1118 1177 1176 1231 in
1209 1175 1400 1231 medio
1422 1175 1620 1242 vestri,
1658 1189 1781 1229 non
1822 1178 2114 1247 tanquam

460 1270 844 1337 recumbens,
887 1266 992 1322 sed
1051 1271 1339 1335 tanquam
1382 1264 1816 1318 ministrans“.
1863 1266 2010 1319 Nam
2059 1268 2117 1319 et

460 1363 590 1434 ipse
611 1359 891 1429 dignatus
917 1371 980 1410 es
1003 1354 1178 1409 nobis
1198 1352 1531 1407 ministrare
1554 1350 1924 1423 spiritualem
1946 1355 2112 1408 tuam

460 1450 748 1512 laetitiam,
810 1450 990 1517 atque
1044 1440 1401 1498 venerandis
1457 1440 1573 1495 tuis
1617 1440 1824 1495 litteris
1879 1440 2114 1495 animos

461 1544 699 1597 nostros
757 1549 1046 1601 recreare,
1098 1537 1155 1587 et
1210 1530 1368 1585 velut
1422 1546 1749 1601 puerorum
1798 1529 2110 1585 infantiam

460 1629 617 1685 ulnis
647 1632 763 1682 tua;
813 1620 1249 1693 magnitudinis
1294 1618 1593 1690 amplecti.
1640 1619 1888 1673 Precare
1936 1619 2114 1689 igitur

459 1720 715 1791 (bonum
749 1721 916 1771 tuum
964 1712 1235 1768 animum
1280 1713 1615 1779 rogamus),
1644 1714 1709 1764 ut
1734 1708 1901 1778 digni
1927 1709 2113 1766 simus

459 1808 565 1882 qui
597 1824 633 1863 a
670 1805 839 1877 143
870 1801 1042 1858 vobis
1074 1798 1315 1868 magnis
1357 1797 1496 1853 viris
1548 1797 1925 1868 adjuvemur,
1959 1803 2016 1854 et
2045 1815 2112 1854 os

459 1913 529 1953 ac
584 1892 936 1967 sapientiam
988 1888 1380 1959 accipiamus,
1437 1889 1497 1940 ut
1544 1884 1717 1940 vobis
1776 1885 2111 1942 audeamus

2152 639 2199 691 Α

2644 638 2953 709 Ἰννοκεντίῳ
2980 639 3247 711 ἐπισκόπῳ
3275 640 3322 712 (1
3340 646 3355 696 1
3370 646 3410 708 ).

2301 730 2402 785 Καὶ
2431 732 2531 777 τίνι
2576 726 2711 799 ἄλλῳ
2752 731 2936 801 ἔπρεπε
2982 735 3071 781 καὶ
3116 726 3308 791 δειλοῖς
3342 732 3536 805 θάρσος
3569 729 3829 804 ἐμποιεῖν,

2225 819 2313 865 καὶ
2362 811 2711 877 καθεύδοντας
2755 813 3070 886 διυπνίζειν,
3113 820 3141 877 ἢ
3198 827 3259 891 τῇ
3313 827 3379 890 σῇ
3426 828 3517 872 τοῦ
3569 823 3827 893 ἡμετέρου

2226 898 2485 956 δεσπότου
2516 905 2793 979 θεοσεϐείᾳ,
2829 908 2886 969 ὃς
2916 912 3009 966 τὴν
3034 906 3083 959 ἐν
3116 915 3251 960 πᾶσι
3284 917 3504 961 σεαυτοῦ
3528 910 3831 968 τελειότητα

2223 996 2312 1042 καὶ
2343 990 2391 1042 ἐν
2432 994 2599 1063 τούτῳ
2653 991 2953 1066 ἐγνώρισας,
2999 1003 3070 1065 τῷ
3126 992 3521 1058 καταδέξασθαι
3566 1003 3656 1049 καὶ
3694 1000 3830 1070 ἡμῖν

2223 1087 2328 1140 τοῖς
2358 1089 2618 1144 ταπεινοῖς
2650 1083 3066 1153 συγκαταϐῆναι,
3096 1087 3159 1145 ὡς
3190 1084 3432 1148 ἀληθινὸς
3457 1088 3699 1157 μαθητὴς
3728 1095 3828 1139 τοῦ

2224 1170 2471 1240 εἰπόντος,
2501 1174 2578 1223 ὅτι
2612 1172 2747 1224 Ἐκεῖ
2785 1173 2891 1245 εἰμι
2935 1173 2982 1225 ὶν
3028 1178 3171 1246 μέσῳ
3214 1176 3376 1247 ὑμῶν,
3411 1176 3516 1246 οὐχ
3543 1177 3612 1237 ὡς
3642 1177 3667 1228 6
3700 1175 3830 1228 ἀνα-

2222 1265 2472 1332 κείμενος,
2506 1260 2613 1312 eor
2645 1265 2714 1324 ὡς
2758 1264 2783 1314 6
2830 1259 3113 1318 διακονῶν.
3180 1264 3527 1327 Κατηξίωσας
3573 1268 3672 1339 γὰρ
3731 1271 3831 1318 καὶ

2222 1349 2381 1411 αύτός
2406 1347 2725 1411 διακονῆσαι
2768 1354 2891 1424 ημῖν
2922 1358 3015 1411 τὴν
3044 1358 3141 1411 σὴν
3166 1360 3519 1426 πνευματικὴν
3558 1355 3828 1430 εὐφροσύ-

2221 1460 2331 1505 νην,
2356 1445 2444 1493 καὶ
2472 1448 2577 1501 τοῖς
2608 1446 2803 1513 τιμίοις
2828 1442 2941 1511 (12)
2984 1442 3169 1495 ἑαυτοῦ
3198 1446 3506 1517 γράμμασιν
3548 1444 3829 1498 ἀναλαϐεῖν

2223 1532 2367 1602 ἡμῶν
2412 1533 2504 1593 τὰς
2545 1530 2751 1602 ψυχὰς,
2797 1536 2886 1583 καὶ
2933 1535 3107 1606 ὥσπερ
3156 1530 3357 1585 παίδων
3416 1540 3708 1593 νηπιότητα
3748 1544 3829 1606 τῷ

2222 1619 2408 1671 ἑαυτοῦ
2437 1622 2642 1691 μεγέθει
2668 1619 3229 1695 προσαγκαλίσασθαι.
3254 1626 3435 1694 Εὕχου
3456 1620 3543 1675 οὖν
3570 1620 3831 1697 (δεόμεθά

2225 1728 2318 1761 σου
2355 1718 2444 1770 τῆς
2477 1708 2675 1780 ἀγαθῆς
2702 1708 2906 1782 ψυχῆς)
2955 1709 3131 1773 ἀξίους
3170 1713 3311 1784 ἡμᾶς
3344 1709 3473 1765 εἶναι
3501 1718 3589 1765 καὶ
3629 1710 3831 1767 {Hrodi-

2220 1800 2419 1869 χεσθαι
2472 1801 2567 1860 τὰς
2612 1802 2755 1873 παρά
2803 1808 2902 1851 τῶν
2958 1800 3191 1872 μεγάλων
3241 1802 3384 1872 ὑμῶν
3442 1801 3699 1874 ὠφελείας,
3730 1808 3833 1856 καὶ

2221 1887 2499 1960 λαμϐάνειν
2531 1892 2702 1960 στόμα
2732 1893 2821 1940 καὶ
2868 1894 3052 1961 σοφίαν
3099 1890 3169 1951 εἰς
3210 1893 3268 1942 τό
3299 1890 3492 1963 τολμᾷν
3535 1889 3829 1964 ἀντιφθεγ-

463 1984 745 2057 Spiritum
773 1984 1050 2035 sanctum
1098 1975 1315 2030 ducem
1352 1973 1713 2029 habentibus
1755 1975 2060 2031 succinere
2092 1994 2105 2033 :

2228 1980 2407 2048 γεσθαι
2432 1980 2574 2050 ὑμῖν,
2602 1986 2710 2039 τοῖς
2737 1979 2837 2029 ὑπὸ
2868 1986 2959 2030 τοῦ
2994 1978 3144 2050 ἁγίου
3186 1982 3481 2052 Πνεύματος
3506 1980 3780 2053 ἀγομένοις
3804 1999 3825 2012 ·

462 2076 633 2146 cujus
665 2078 716 2129 te
743 2070 1005 2127 amicum
1041 2083 1109 2122 ac
1138 2065 1594 2135 gloriﬁcatorem
1623 2080 1751 2120 esse
1773 2065 2107 2136 audientes,

461 2180 719 2233 magnas
761 2160 841 2216 ob
889 2158 1053 2214 illam
1102 2162 1268 2211 tuam
1311 2154 1551 2209 ﬁrmam
1606 2171 1677 2210 ac
1718 2155 1993 2211 stabilem
2046 2160 2108 2214 in

461 2259 649 2313 Deum
680 2249 1055 2307 dilectionem
1078 2246 1299 2315 gratias
1322 2243 1582 2315 agimus,
1614 2251 1853 2300 orantes
1876 2250 1939 2301 ut
1969 2263 2109 2319 pars

460 2349 665 2399 nostra
708 2355 847 2395 cum
894 2335 1048 2391 veris
1102 2333 1521 2389 adoratoribus
1569 2333 1927 2401 inveniatur,
1957 2336 2111 2392 inter

459 2448 615 2506 quos
656 2434 712 2485 et
767 2434 933 2483 tuam
990 2422 1416 2497 perfectionem
1463 2423 1703 2493 reperiri
1752 2438 2108 2495 persuasum

456 2524 773 2583 habemus,
803 2522 859 2572 et
892 2529 1181 2583 magnum
1209 2512 1377 2567 illum
1401 2516 1458 2566 et
1490 2528 1698 2567 vernrn
1727 2512 2107 2586 episcopum,

459 2611 559 2684 qui
592 2613 780 2665 totum
811 2604 1019 2661 orbem
1048 2601 1173 2656 suis
1201 2600 1508 2656 miraculis
1538 2600 1881 2673 complevit,
1918 2603 2111 2659 Domi-

460 2716 605 2757 num
640 2710 950 2766 rogamus.

1028 2788 1368 2844 EPISTOLA
1403 2787 1541 2844 LI".

2220 2064 2278 2121 οὗ
2307 2067 2448 2140 φίλον
2490 2087 2546 2119 σε
2586 2064 2716 2119 εἶναι
2746 2071 2834 2118 καὶ
2885 2063 3191 2140 δοξαστῆρα
3230 2067 3471 2126 ἀληθινόν
3520 2068 3828 2139 ἀκούοντες,

2218 2157 2448 2230 μεγάλην
2480 2155 2561 2208 ἐπὶ
2594 2164 2655 2228 τῇ
2694 2156 2885 2230 στερρᾁ
2930 2176 3022 2208 σου
3072 2162 3162 2209 καὶ
3206 2156 3399 2210 ἀκλινεί
3432 2164 3549 2231 περὶ
3572 2164 3657 2211 τόν
3685 2163 3830 2213 Θεὸν

2220 2245 2397 2318 ἀγάπη
2432 2250 2520 2303 την
2568 2247 2731 2318 χάριν
2784 2244 3169 2317 ὁμολογοῦμεν.
3222 2246 3641 2319 εύχόμενοι113)
3684 2252 3835 2320 μετὰ

2216 2344 2313 2388 τῶν
2345 2334 2598 2392 ἀληθινῶν
2628 2343 2999 2408 προσκυνητᾱη
3031 2335 3300 2409 εὑρεθῆναι
3341 2338 3486 2408 ἡμῶν
3535 2341 3591 2388 τό
3638 2343 3831 2409 μέρος,

2219 2424 2267 2477 ἐν
2299 2426 2375 2486 οἷς
2404 2425 2723 2495 πεπείσμεθα
2749 2422 2878 2475 εἶναι
2900 2428 2989 2475 xui.
3016 2428 3107 2481 τὴν
3143 2428 3240 2481 σὴν
3262 2423 3578 2491 τελειότητα,
3603 2432 3695 2478 καὶ
3726 2435 3834 2479 τοῦ

2218 2514 2446 2587 μεγάλου
2501 2517 2589 2563 καὶ
2644 2510 2889 2569 ἀληθινοῦ
2945 2511 3233 2565 ἐπισκόπου
3287 2519 3461 2567 πᾶσαν
3500 2520 3593 2573 τὴν
3647 2515 3836 2568 οἰκου-

2220 2608 2374 2676 μένην
2405 2602 2496 2654 τοῦ
2539 2598 2681 2654 ἰδίου
2735 2601 3107 2673 πληρώσαντος
3158 2604 3439 2671 θαύματος,
3478 2612 3570 2657 τοῦ
3623 2610 3831 2677 Κυρίου

2222 2689 2465 2765 δεόμεθα.

2769 2793 3103 2841 ΕΠΙΣΤΟΛΗ
3142 2788 3264 2844 ΝΑ’.

459 2884 702 2960 Refellit
723 2880 992 2960 Basilius
1019 2878 1288 2960 tif/ictam
1314 2876 1453 2960 sibi;
1469 2878 1857 2960 calumniam,
1891 2879 2816 2960 quodADianqiuniCaesariensem
2857 2877 3446 2960 anathematizasset.
3470 2880 3740 2960 _Fatetur
3768 2898 3833 2940 se

528 2948 803 3023 doluisse,
837 2950 992 3023 quod
1022 2952 1069 3003 is
1092 2949 1377 3024 formula
1406 2948 1933 3024 Constantinopoli
1956 2967 1993 3007 a
2026 2952 2278 3024 Georgio
2300 2953 2512 3007 allatae
2536 2950 3014 3024 subscripsisset;
3040 2950 3143 3005 sed
3172 2956 3368 3024 tamen
3399 2953 3481 3006 ad
3504 2954 3633 3020 ejus
3662 2969 3830 3009 com-

528 3020 867 3084 munionem
893 3022 1220 3089 accessisse,
1250 3025 1566 3090 postquam
1597 3020 1672 3075 ab
1694 3021 1803 3076 illo
1833 3030 2167 3092 aegrotante
2181 3020 2539 3090 accersitus,
2571 3021 2731 3076 nihil
2756 3035 2887 3075 eum
2920 3028 3132 3077 contra
3160 3022 3471 3078 Nicoenam
3498 3024 3675 3093 ﬁdem
3704 3026 3827 3082 sibi

526 3098 902 3170 proposuisse
924 3094 1220 3163 cognovit.

968 3200 1257 3269 Bosporio
1297 3198 1590 3268 episcopo.

536 3298 583 3351 1.
621 3292 936 3359 Quomodo
984 3296 1160 3363 putas
1191 3288 1463 3344 animum
1494 3305 1698 3344 meum
1728 3289 2108 3349 vulneratum

458 3383 637 3440 fuisse
678 3381 983 3437 auditione
1014 3378 1170 3433 illius
1192 3376 1526 3442 calumniae,
1555 3394 1678 3449 qua
1702 3395 1797 3434 me
1832 3396 2106 3452 asperse-

457 3476 597 3529 runt
618 3468 883 3525 nonnulli
904 3484 976 3523 ex
996 3465 1345 3521 hominibus
1369 3482 1487 3521 non
1514 3466 1914 3522 metuentibus
1938 3469 2105 3524 Judi-

456 3578 585 3617 cem
630 3557 1007 3632 perditurum
1053 3569 1285 3621 omnes,
1333 3554 1438 3623 qui
1476 3552 1808 3625 loquuntur
1858 3556 2107 3614 menda-

456 3649 730 3708 cium“?
762 3652 844 3703 lta
887 3650 951 3701 ut
1003 3649 1240 3699 noctem
1282 3647 1467 3697 totam
1511 3642 1591 3698 ob
1622 3643 1958 3701 dilectionis
1991 3652 2105 3702 tum

453 3741 635 3797 verba
655 3737 1165 3811 peneinsomnem
1192 3731 1584 3800 transegerim
1615 3749 1627 3786 :
1653 3733 1806 3790 adeo
1837 3735 2105 3791 medium

453 3845 555 3886 cor
585 3844 789 3885 meum
832 3827 1103 3895 tetigerat
1150 3836 1390 3877 maeror.
1446 3822 1672 3877 Revera
1701 3824 1859 3880 enim
1891 3843 2106 3882 secun-

451 3920 601 3975 dum
624 3916 1082 3982 Salomonem”,
1105 3910 1410 3968 calumnia
1431 3910 1627 3965 virum
1660 3912 1937 3970 humiliat
1958 3933 1970 3971 :
1995 3933 2105 3973 nec

451 4008 775 4080 quisquam
810 4006 887 4060 ita
910 4002 1272 4059 obduruitet
1292 4000 1625 4072 percalluit,
1648 4006 1711 4056 ut
1741 4005 1946 4061 animo
1980 4022 2103 4063 non

452 4101 783 4161 moveatur,
805 4099 859 4150 ct
880 4092 1049 4148 humi
1070 4106 1193 4146 non
1217 4096 1534 4157 sternatur,
1572 4090 1619 4145 si
1650 4091 1711 4146 in
1743 4108 1849 4148 ora
1880 4094 2105 4153 incidat

451 4184 529 4242 ad
552 4182 934 4240 mendacium
957 4179 1263 4254 proclivia.
1287 4184 1358 4235 At
1394 4180 1556 4234 enim
1586 4195 1828 4237 necesse
1858 4187 1944 4237 est
1972 4199 2103 4239 om-

1082 4333 1129 4367 ⁹²
1152 4328 1305 4386 Psal.
1330 4344 1389 4393 v,
1412 4334 1465 4385 7.
1543 4330 1592 4365 ⁹³
1615 4330 1802 4387 Eccle.
1827 4347 1928 4401 vn,
1951 4335 2003 4387 8.

522 4339 565 4372 ⁹¹
595 4338 731 4393 Luc.
753 4351 892 4403 xxn,
914 4337 1004 4391 27.

520 4490 541 4510 "
569 4488 728 4545 Alias
758 4485 1033 4543 CCCCIX.
1067 4484 1297 4555 Scripta
1322 4481 1486 4555 initio
1516 4482 1923 4555 episcopatus.

518 4560 563 4582 “
592 4560 752 4615 Alias
786 4560 1055 4627 LXXXVI.
1080 4553 1310 4626 Scripta
1339 4553 1942 4627 initioqe’piscdpatus.

2714 3203 2984 3272 Βοσπορίῳ
3012 3197 3297 3270 ἕπισκόπῳ.

2290 3297 2313 3347 1
2359 3299 2472 3353 Πως
2526 3310 2649 3363 μου,
2690 3293 2804 3356 οἴει,
2847 3294 2940 3347 τὴν
2974 3288 3161 3361 ψυχὴν
3192 3286 3458 3347 ὠδύνησεν
3490 3293 3518 3350 ἡ
3550 3291 3681 3352 ἀκοη
3726 3303 3830 3358 τῆς

2218 3385 2562 3453 συκοφαντίας
2629 3378 2867 3440 ἐκείνης,
2930 3380 2958 3437 ἡ
3024 3384 3275 3450 κατέχεόν
3342 3399 3442 3451 μου
3512 3382 3624 3448 (14)
3686 3389 3832 3447 τινες

2214 3479 2313 3522 τῶν
2366 3475 2437 3542 μὴ
2503 3468 2825 3541 φοϐουμένων
2873 3470 2959 3519 τὸν
3024 3472 3220 3541 Κριτὴν
3284 3468 3335 3528 ὃς
3383 3467 3560 3522 ἀπολεῖ
3619 3476 3832 3536 πάντας

2215 3564 2336 3620 τοὺς
2382 3558 2665 3619 λαλοῦντας
2711 3560 2768 3609 τὸ
2808 3553 3044 3628 ψεῦδος
3093 3556 3254 3610 Ὠστε
3310 3564 3483 3611 πᾶσαν
3532 3564 3626 3617 τὴν
3656 3565 3833 3616 νύκτα

2216 3647 2299 3700 ἐπὶ
2371 3656 2479 3709 τοῖς
2551 3649 2753 3722 ῥήμασι
2830 3656 2924 3708 τῆς
2981 3644 3192 3717 ἀγάπης
3250 3666 3385 3713 σου,
3457 3648 3634 3720 ὀλίγου
3684 3648 3826 3720 δεῖν,

2214 3738 2409 3797 οῖύπνος
2465 3738 2576 3807 (15)
2630 3733 2925 3808 διαμεῖναι·
2986 3736 3121 3787 οὕτω
3169 3740 3337 3809 μέσης
3377 3736 3549 3807 ἣψατό
3588 3759 3693 3811 μου
3728 3750 3829 3804 τῆς

2214 3822 2437 3897 καρδίας
2491 3826 2521 3881 ἡ
2572 3823 2733 3881 λύπη.
2764 3824 2961 3883 Ὀντως
3012 3825 3137 3897 γὰρ,
3171 3826 3307 3876 κατά
3350 3828 3437 3876 τόν
3490 3825 3826 3899 Σολομῶντα,

2216 3918 2538 3986 συκοφαντία
2567 3910 2737 3987 ἄνδρα
2784 3921 3054 3965 ταπεινοῖ·
3107 3918 3196 3965 καὶ
3240 3910 3415 3976 οὐδεὶς
3462 3919 3625 3977 οὕτως
3664 3916 3833 3970 ἀνάλ-

2210 4022 2384 4074 γητος,
2444 4004 2509 4062 ὡς
2564 4006 2635 4074 μὴ
2696 4004 2876 4054 παθεῖν
2932 4006 3026 4059 την
3064 4000 3273 4073 ψυχὴν,
3310 4007 3399 4054 καὶ
3438 4008 3831 4077 κατακαμφθῆ-

2211 4112 2294 4143 ναι
2331 4091 2401 4152 εἰς
2444 4099 2562 4163 γῆν,
2611 4095 2841 4163 στόμασι
2893 4094 3024 4165 πρὸς
3070 4087 3419 4163 ψευδολογίαν
3458 4092 3687 4154 εύκόλοις
3719 4115 3825 4148 πα-

2210 4186 2447 4254 ραπεσὼν
2520 4180 2656 4251 (16).
2723 4178 2878 4233 Ἀλλά
2940 4182 3041 4253 γὰρ
3119 4178 3317 4252 ἀνάγκη
3377 4182 3547 4233 πάντα
3593 4186 3822 4255 στέγειν,

2211 4482 2492 4554 antiquos
2516 4481 2884 4555 μεγαλόπολις,
2915 4498 3135 4555 magna
3160 4484 3323 4554 urbs,
3349 4488 3625 4542 vocatur.

2280 4556 2395 4625 (12)
2428 4558 2658 4630 Καὶ-τοίς
2688 4560 2903 4627 τιμίοις.
2934 4555 3087 4630 Editl
3117 4556 3179 4615 ἦν
3204 4561 3293 4608 καὶ
3322 4563 3424 4617 τοῖς
3453 4561 3663 4630 τιμίοις.
3700 4559 3827 4617 Sed

519 4632 641 4755 (1Ιῖ
678 4631 985 4699 Ἰννοκεντίῳ
1042 4624 1329 4696 ἐπισκόπῳ.
1382 4624 1531 4679 Editi
1576 4624 1824 4681 ’addu—nt
1875 4626 2095 4700 Ῥωμης,

519 4718 558 4755 ιο
584 4717 619 4755 a
645 4701 751 4755 iter
777 4701 839 4755 in
878 4700 1161 4755 omnibus
1208 4696 1431 4751 nostris
1476 4696 1787 4752 codicibus
1832 4714 1999 4755 mss..
2036 4702 2098 4755 in

2228 4624 2338 4682 meo
2371 4624 2586 4681 vocula
2611 4624 3045 4698 non'reperitur
3073 4626 3133 4681 in
3165 4643 3308 4682 mss.

2281 4698 2392 4755 H3)
2422 4697 2735 4755 Εύγὸμενοι.
2766 4697 2849 4753 Ita
2882 4714 3029 4753 mss.
3057 4698 3308 4755 auinam

447 4696 558 4758 nec
584 4696 751 4757 aliter
777 4701 839 4755 in
878 4696 1161 4755 omnibus
1208 4696 1431 4751 nostris
1476 4696 1787 4752 codicibus
1832 4696 1999 4765 mssi,
2036 4696 2098 4756 in

446 4789 570 4847 quo
598 4772 1065 4847 manifestus_est
1086 4784 1251 4847 error
1268 4767 1674 4847 librariorum,
1698 4784 1837 4823 cum
1865 4775 2099 4847 constat

449 4840 798 4912 Damasum,
812 4858 934 4898 non
952 4841 1528 4912 Innocentiumtunc
1546 4841 1747 4912 Romae
1767 4840 2093 4910 praefuisse.

450 4916 563 4972 Sed
596 4916 709 4971 hoc
736 4909 999 4969 erratum
1026 4912 1142 4967 alio
1160 4909 1509 4979 absurdiore
1531 4909 1814 4966 emendat
1844 4912 2097 4969 Combe-

446 4987 635 5056 ﬁsius,
664 4987 768 5058 qui
816 4986 974 5040 hanc
1023 4981 1339 5058 epistolam
1388 4980 1461 5035 ad
1500 4981 1911 5058 Innocentium
1957 4988 2097 5058 tunc

448 5052 718 5115 Ecclesiae
758 5052 1513 5125 Romanoe'presbyterum
1562 5052 1910 5124 suspicatur
1952 5056 2096 5111 scri-

446 5135 614 5203 ptam
644 5129 849 5203 fuisse,
903 5132 957 5183 et
1004 5123 1291 5203 magnum
1322 5123 1498 5203 illum
1533 5129 1587 5179 et
1637 5123 1841 5203 verum
1881 5128 2098 5203 episco-

492 5219 611 5269 um,
642 5202 748 5272 qui
776 5206 964 5256 totum
1012 5197 1210 5252 orbem
1258 5196 1391 5272 suis
1408 5197 1723 5272 miraculis
1755 5199 2094 5272 complevit,

492 5219 611 5269 um,
642 5218 743 5272 qui
776 5218 964 5256 latum
1012 5218 1210 5252 oroem
1258 5218 1378 5250 suis
1408 5218 1723 5251 mzrucuus
1755 5218 2094 5267 comptevu,

439 5218 775 5329 gamasum
820 5272 1260 5341 interpretatur.
1292 5266 1534 5321 Videtur
1561 5266 1814 5341 illusisse
1840 5268 2096 5341 librariis

447 5360 585 5417 cum
619 5342 943 5417 Innocentii
976 5338 1217 5417 nomen,
1260 5352 1382 5417 quo
1428 5338 1672 5417 nomine
1721 5339 2095 5410 appellatum

448 5414 716 5473 sciebant
771 5411 1228 5471 celeberrimum
1277 5411 1481 5480 Romae
1528 5411 1916 5480 episcopum;
1969 5417 2096 5467 tum

447 5487 629 5543 etiam
658 5487 826 5559 quod
854 5486 1015 5560 id_e_m
1045 5478 1422 5560 Innocentius
1469 5479 1531 5534 in
1568 5478 1831 5560 epistola
1860 5484 1919 5536 8t
1957 5481 2099 5560 dici:

446 5561 542 5621 tur
572 5552 810 5633 magnae
831 5557 966 5616 urbi
984 5552 1312 5632 praefuisse.
1338 5552 1505 5626 Saepe
1526 5552 1685 5609 enim
1719 5552 1908 5611 Roma
1932 5553 2098 5629 apud

2281 4698 2392 4778 (lg)
2422 4697 2849 4778 deopnoi._lta
2882 4714 3029 4778 mss.
3057 4698 3347 4778 quinque,
3381 4714 3602 4778 nempe
3633 4701 3822 4778 Med.,

2210 4768 2386 4846 Coisl.
2420 4768 2670 4846 uterque
2693 4773 2757 4846 _et
2783 4768 2921 4846 _duo
2959 4768 3142 4846 Regii.
3177 4768 3392 4846 Plures
3410 4770 3472 4827 in
3502 4768 3660 4828 lianc
3691 4768 3825 4846 apii

2209 4840 2425 4895 stolam
2456 4838 2957 4895 non’habuimus.
2990 4838 3139 4912 Editi
3171 4840 3456 4912 εὐχόμεθα.

2280 4912 2686 4986 (14)-Κ-ατεχεόν
2711 4930 2833 4986 μου.
2868 4914 2951 4967 Ita
2980 4911 3150 4981 Med.,
3181 4911 3334 4968 Harl.
3378 4918 3434 4969 et
3478 4912 3653 4970 Coisl.
3690 4914 3819 4986 pri-

2208 4998 2366 5038 mus.
2401 4981 2551 5055 ἰξάίῑὶ
2581 4981 2834 5053 κατέχεάν
2859 5002 2986 5055 μου.

2277 5054 2387 5127 (15)
2420 5052 2664 5113 Ἄντωνος.
2687 5052 2779 5109 Sic
2809 5052 3121 5127 Mediczeus
3151 5053 3286 5127 cod.
3312 5058 3369 5110 et
3394 5054 3591 5127 prima
3617 5072 3822 5113 manu

2206 5125 2596 5200 liarlmanus;
2650 5140 2783 5200 quae
2835 5124 3145 5200 scriptura
3175 5126 3317 5200 satis
3347 5124 3622 5200 congruit
3650 5128 3820 5200 stylo

2207 5196 2425 5263 Basilii,
2448 5211 2518 5250 ac
2545 5194 2693 5267 forte
2720 5194 2831 5250 hoc
2861 5194 2994 5251 loco
3026 5212 3062 5251 a
3088 5196 3344 5253 librariis
3384 5194 3570 5253 nimio
3603 5194 3820 5267 gra'm-

2206 5268 2439 5341 maticae
2472 5266 2671 5341 studio
2720 5271 2949 5341 mutata
2998 5273 3106 5341 est.
3141 5271 3202 5323 In
3230 5269 3348 5324 hac
3375 5268 3511 5341 ipsa
3548 5266 3823 5341 epistola

2206 5338 2341 5389 ὥστε
2372 5337 2568 5407 ἀγνοεῖν
2592 5337 2767 5399 αύτός.
2799 5336 2946 5393 Edili
2986 5339 3198 5393 ἄυπνον.

2274 5412 2384 5478 (16)
2421 5414 2775 5481 Παραπεσών,
2807 5412 2949 5481 Reg.
2978 5409 3282 5481 secundus
3306 5416 3361 5467 et
3388 5409 3561 5468 Coisl.
3594 5426 3825 5481 secun-

2205 5474 2322 5554 dus
2352 5474 2670 5554 περιήεσώνε
2698 5474 3111 5554 Ibidemediti
3148 5486 3401 5554 στόμασιν
3454 5486 3523 5542 εὶς
3551 5478 3822 5552 ψευδολο-

2205 5553 2352 5625 γίαν.
2388 5550 2525 5609 Tres
2549 5550 2954 5625 antiquissimi
2982 5552 3221 5613 codices
3240 5550 3318 5612 ἰιι
3344 5553 3405 5612 in
3438 5550 3625 5617 textu.
