4054 6200
177 246 291 303 389

178 372 359 421 πάντα
404 368 688 439 ὑπομένειν,
743 368 837 423 τήν
892 365 1018 438 ὑπέρ
1078 362 1270 416 ἑαυτῶν
1347 359 1623 418 ἐκδίκησιν
1681 356 1792 410 ἔπι·
1825 360 1869 412 Α

181 457 471 531 τρέψαντες
516 458 623 527 (17)
684 464 754 526 τῷ
816 459 1010 527 Κυρίῳ,
1062 454 1112 513 ὃς
1164 453 1223 504 οὐ
1289 451 1595 526 περιόψεται
1638 450 1791 519 ἡμᾶς·

187 545 333 601 διότι
464 546 523 598 ’0

188 643 496 694 ποιήσαντα
544 635 715 689 αὐτόν.
772 636 837 686 Οἱ
902 638 1076 706 μέντοι
1128 635 1185 684 τό
1237 634 1411 683 καινὸν
1443 637 1594 682 τοῦτο
1618 624 1800 701 δρᾶμα

638 552 967 616 συκοφαντῶν
1064 546 1257 600 πένητα
1346 540 1619 615 παροξῦναι
1711 540 1796 589 τόν

191 737 292 787 τῆς
337 725 451 777 καθ’
498 727 644 797 ἡμῶν
711 722 1051 797 βλασφημίας
1111 724 1374 780 συνθέντες
1431 718 1635 771 ἐοίκασι
1676 736 1799 767 παν-

193 816 353 876 τελῶς
422 813 653 866 ἀπιστεῖν
717 822 789 883 τῷ
818 817 1013 886 Καρίῳ,
1082 812 1135 873 ὃς
1181 815 1272 862 καὶ
1336 814 1454 883 περὶ
1504 811 1613 869 (18)
1638 805 1799 878 ἀργοῦ

192 906 435 978 ῥήματος
483 900 672 955 δώσειν
728 904 869 975 ἡμᾶς
915 902 1064 972 λογον
1124 899 1171 951 ἐν
1232 908 1291 971 τῇ
1353 901 1523 972 ἡμέρᾳ
1572 904 1663 955 τῆς
1692 898 1801 968 κρί-

201 1014 329 1054 σεως
382 993 699 1064 ἀπεφήνατο.
770 992 900 1063 Ἐγώ
956 987 1034 1057 δε,
1091 990 1199 1041 εἶπέ
1252 1008 1361 1061 μοι,
1410 990 1494 1039 τόν
1525 990 1801 1058 μακαριω-

198 1104 354 1135 τατον
414 1084 615 1135 Διάνιον
673 1081 788 1148 (19)
847 1082 1246 1153 ἀνεθεμάτισα;
1304 1085 1470 1131 Τοῦτο
1533 1078 1635 1148 γὰρ
1658 1075 1801 1146 ἡμῶν

197 1172 550 1243 κατήγγειλαν
599 1176 731 1236 ΩΟ),
784 1177 891 1222 Ποῦ
948 1170 975 1228 ἡ
1030 1174 1202 1234 πότε;
1273 1168 1421 1219 τίνων
1496 1170 1802 1236 παρόντων;

200 1262 289 1314 ἐπὶ
332 1266 463 1333 ποία
512 1262 813 1335 προφάσει;
872 1258 1047 1329 ψιλοῖς
1083 1257 1315 1331 ῥήμασιν
1374 1258 1402 1314 ἦ
1491 1254 1803 1328 ἐγγράφοιω

202 1351 397 1424 ἑτέροις
462 1349 773 1414 ἀκολουθῶν,
838 1350 867 1407 ἡ
912 1348 1062 1407 αὑτός
1109 1349 1392 1418 κατάρχων
1437 1349 1525 1395 καὶ
1552 1344 1806 1394 αὐθεντῶν

202 1448 295 1491 τοῦ
343 1440 675 1511 τολμήματος
707 1454 721 1504 ;
786 1437 854 1489 ’Ὠ
879 1445 989 1505 ,τῆς
1040 1432 1306 1495 ἀναιδείας
1344 1443 1442 1485 τῶν
1462 1434 1631 1486 πάντα
1660 1432 1810 1503 φθεγ-

204 1534 434 1600 γομένων
489 1524 733 1602 ῥᾳδίωςι
779 1525 850 1578 Ὠ
905 1536 997 1587 τῆς
1072 1527 1497 1597 καταφρονήσεως
1555 1529 1653 1572 τῶν
1714 1526 1810 1571 τοῦ

206 1625 343 1669 Θεοῦ
408 1619 674 1690 χριμάτων
703 1615 715 1668 i
782 1615 919 1673 Πλὴν
985 1614 1027 1666 εἰ
1057 1618 1127 1686 μή
1173 1615 1279 1685 ἄρα
1312 1620 1383 1681 τῷ
1415 1610 1690 1682 πλάσματι
1722 1609 1812 1659 αὐ-

208 1715 309 1757 τῶν
341 1711 433 1758 καὶ
465 1714 615 1757 τοῦτο
645 1700 1229 1779 προστραγῳδήσουσιν
1262 1705 1396 1766 (21),
1447 1701 1527 1751 ὅτι
1568 1698 1812 1771 ἐγενόμην
1851 1714 1889 1765 Β

212 1793 301 1838 καὶ
329 1790 527 1859 ἔκφρων
572 1790 715 1851 ποτε,
766 1787 901 1836 ὥστε
960 1785 1157 1854 ἀγνοῖεν
1214 1782 1371 1843 αὐτὸς
1412 1783 1478 1832 τὰ
1509 1780 1693 1831 ἑαυτοῦ
1719 1780 1811 1853 ῥή-

214 1895 376 1948 ματα.
416 1876 532 1927 Ἐπὶ
561 1878 663 1947 γὰρ
718 1882 817 1925 τῶν
874 1873 1138 1944 λογισμῶν
1195 1872 1453 1944 ὑπάρχῶν
1502 1877 1601 1921 τῶν
1652 1868 1815 1939 ἐμαυ-

216 1973 331 2030 τοῦ,
386 1961 540 2016 οὐδὲν
593 1960 717 2016 οῖδα
772 1968 998 2022 ποιήσας
1046 1969 1299 2027 τοιοῦτον,
1332 1957 1456 2012 οὗδέ
1484 1958 1819 2033 προελόμενος

215 2055 311 2113 τῆν
360 2053 560 2127 ἀρχήν.
617 2051 750 2105 Ἀλλ’
787 2051 946 2104 ἐκεῖνο
1001 2050 1190 2123 μᾶλλον
1235 2049 1437 2122 ἐμαυτῷ
1514 2054 1823 2100 συνεπίστα·

219 2164 335 2216 μαι,
387 2144 473 2195 ότι
524 2141 579 2194 ἐκ
619 2148 833 2216 πρώτης
888 2140 1089 2201 ἡλικίας
1166 2140 1484 2211 συνετράφην
1550 2146 1621 2207 τῷ
1707 2138 1823 2211 περὶ

220 2235 373 2285 αὐτόν
432 2232 643 2306 φίλτρῳ,
699 2236 790 2283 καὶ
850 2229 1129 2283 ἀπέϐλεπον
1190 2233 1315 2303 πρός
1354 2233 1440 2280 τόν
1494 2225 1687 2300 ἄνδρα,
1755 2229 1823 2287 ὡς

216 2327 305 2394 μὲν
354 2326 571 2394 γερκρός
625 2316 775 2385 ἰδεῖν,
836 2322 904 2380 ὡς
959 2316 1017 2371 δὲ
1089 2318 1505 2391 μεγαλοπρεπής,
1565 2320 1686 2369 ὅσον
1765 2312 1824 2367 δὲ

220 2416 359 2483 ἔχων
412 2414 475 2462 τό
524 2413 817 2485 ἱεροπρεπες
869 2408 916 2460 ἐν
946 2418 1015 2481 τῷ
1073 2405 1219 2463 εῖδει.
1264 2407 1405 2460 Ἐπιὶ
1451 2404 1510 2460 δέ
1537 2406 1823 2479 μοι).οιπὸν

221 2508 309 2553 καὶ
336 2502 363 2551 ό
415 2500 567 2570 λόγος
608 2508 802 2574 παρῆν,
835 2504 950 2551 τότε
1013 2495 1078 2557 δή
1127 2503 1216 2549 καὶ
1244 2496 1343 2549 ἀπὸ
1375 2505 1473 2549 τῶν
1506 2506 1597 2558 τῆς
1638 2495 1824 2568 ψυχῆς

210 2592 435 2665 κάγαθῶν
480 2589 641 2641 αὐτόν
697 2588 1063 2660 ἐπεγίνωσκον
1112 2593 1201 2639 καὶ
1256 2590 1469 2661 ἔχαιρον
1519 2586 1678 2637 αὑτοῦ
1760 2594 1821 2659 τῇ

226 2684 509 2750 συνουσίᾳ,
554 2680 612 2730 τό
665 2677 859 2730 ἁπλοῦν
906 2682 996 2729 καὶ
1024 2684 1255 2749 γενναῖον
1285 2681 1374 2727 καὶ
1405 2675 1683 2750 ἐλευθέριον
1711 2675 1826 2738 ('22)

226 2778 323 2821 τῶν
380 2773 587 2837 τρόπων
629 2768 1057 2839 καταμανθάνων,
1116 2771 1206 2818 καὶ
1264 2767 1364 2818 ὅσα
1416 2765 1690 2826 οἷλλα(23)
1736 2772 1827 2816 τοῦ

230 2854 441 2933 ἀνδρὸς,
470 2853 608 2925 ἴδια,
676 2858 705 2915 ἡ
767 2864 856 2917 τῆς
896 2856 1083 2927 ψυχῆς
1118 2858 1393 2929 ἡμερότης,
1427 2858 1484 2906 τό
1517 2853 1830 2927 μεγαλοφυές

230 2967 284 3000 τε
331 2949 464 3019 ὁμοῦ
508 2951 599 2998 καὶ
652 2951 839 3018 πρᾶον,
894 2949 951 2997 τό
999 2945 1268 3017 εὐπρεπὲς,
1332 2948 1389 2996 τό
1452 2942 1727 3019 ἀόργητον,
1774 2946 1829 2993 τό

233 3033 456 3109 φαιδρὸν
524 3040 617 3087 καὶ
672 3035 982 3109 εὐπρόσιτον
1040 3042 1101 3107 τῇ
1139 3037 1418 3107 σεμνότητι
1498 3037 1827 3105 κεκραμένον.
1866 3064 1906 3118 C

230 3126 392 3178 Ὠστε
450 3125 609 3177 αὐτὸν
665 3125 961 3197 ἐναρίθμιον
1001 3123 1147 3195 εἶχον
1213 3130 1323 3183 τοῖς
1375 3124 1832 3197 περιφανεστάτοις

231 3214 344 3267 κατ’
375 3213 589 3288 ἀρετήν,

300 3308 359 3359 2.
393 3308 521 3378 Περὶ
569 3322 744 3375 μεντοι
801 3304 866 3354 τὰ
909 3301 1173 3354 τελευταῖα
1193 3309 1282 3354 τοῦ
1315 3300 1437 3374 βίον
1473 3301 1551 3361 (οὗ
1577 3305 1675 3377 γὰρ
1701 3303 1833 3353 ἁπο-

233 3393 510 3466 κρὺψομαι
582 3390 811 3451 τάληθές)
886 3390 1143 3448 ἐλυπήθην
1198 3389 1273 3442 ἐπ’
1340 3390 1476 3461 αὐτῷ
1527 3391 1693 3448 λύπην
1743 3389 1835 3442 οὐκ

238 3481 451 3540 ἀνεκτὴν
512 3484 645 3553 μετὰ
700 3480 897 3533 πολλῶν
940 3489 1039 3531 τῶν
1081 3482 1127 3531 ἓν
1154 3488 1213 3551 τῇ
1264 3476 1486 3555 πατρίδι
1514 3479 1836 3553 φοϐουμένων

240 3576 331 3623 τόν
380 3574 589 3642 Κύριον,
636 3572 721 3621 ἐπὶ
773 3577 835 3641 τῇ
899 3571 1176 3643 ὑπογραφῇ
1230 3579 1321 3629 τῆς
1356 3575 1581 3631 πίστεως
1613 3578 1707 3631 τῆς
1736 3572 1835 3621 ὑπὸ

247 3670 347 3718 τῆν
372 3665 481 3734 περὶ
532 3664 784 3733 Γεώργιον
842 3661 950 3719 (24)
990 3656 1091 3710 ἀπὸ
1123 3667 1212 3718 τῆς
1247 3660 1839 3721 Κωνσταντίνουπόλεως

245 3751 609 3820 κομισθείσης.
668 3744 812 3813 Εἶτα,
878 3748 983 3808 οἶος
1063 3750 1247 3807 ἐκεῖνος
1320 3752 1578 3822 πραότητι
1648 3754 1838 3822 τρόπου

242 3844 333 3890 καὶ
384 3842 635 3908 ἐπιεικείᾳ
694 3839 887 3896 πάντος
954 3835 1297 3909 πληροφορείν
1381 3840 1431 3888 ἐν
1518 3837 1839 3909 σπλάγχνοις

240 3934 516 4003 πατρικοῖς
572 3924 903 3998 ἀνεχόμενος,
958 3921 1065 3983 ἤδη
1113 3930 1417 3978 καταπεσὼν
1485 3926 1556 3988 εἰς
1618 3932 1703 3984 τήν
1759 3924 1847 4002 ἁρ-

240 4019 500 4091 ρωστίαν,
549 4016 636 4087 ὑφ’
692 4017 756 4076 ἧς
811 4020 900 4067 καὶ
921 4016 1164 4087 μετῆλθεν
1192 4012 1291 4067 ἀπὸ
1322 4023 1411 4067 τοῦ
1440 4013 1585 4088 βίου,
1616 4036 1846 4089 προσκα-

240 4108 526 4179 λεσάμενος
574 4107 713 4178 ἡμᾶς
770 4109 883 4178 ἔφη,
942 4106 1041 4157 ὑπὸ
1098 4104 1325 4179 μάρτυρι
1400 4114 1471 4175 τῷ
1548 4108 1721 4179 Κυρίω
1801 4109 1849 4158 ἐν

254 4196 267 4209 9

247 4196 505 4253 ἁπλότητι
570 4190 794 4267 καρδίας
887 4195 1245 4247 συντεθεῖσθαι
1296 4196 1385 4265 μὲν
1460 4202 1531 4263 τῷ
1592 4193 1691 4247 ἀπό
1754 4205 1849 4258 τῆς

250 4283 845 4345 Κωνσταντινουπόλιως
937 4302 1295 4358 γραμματειῳ,
1392 4279 1558 4355 μηδὲν
1639 4280 1695 4336 δὲ
1772 4284 1851 4337 ἐπ’

1223 234 1705 294 EPISTOLARUM
1746 222 2028 289 CLASSIS
2067 230 2135 284 ΙΙ.
2176 226 2392 287 EPIST.
2442 229 2527 284 ω.

3448 228 3553 291 390

1903 355 2003 411 nia
2024 353 2302 427 perferre,
2328 351 2535 408 omnia
2578 351 2886 423 sustinere,
2941 358 3216 412 nostram
3280 356 3554 430 ipsorum

1904 445 2191 501 ultionem
2222 442 2630 516 permittentes
2654 442 2925 513 Domino,
2955 444 3058 516 qui
3110 462 3221 503 nos
3276 464 3399 504 non
3452 451 3556 507 de-

1906 534 2134 607 spiciet,
2192 534 2349 588 Nam
2401 533 2507 602 qui
2533 532 2949 587 calumniatur
2970 550 3318 608 pauperem,
3354 541 3557 596 irritat

1904 625 2091 692 ipsius
2123 622 2503 679 Conditorem
2531 621 2603 676 9‘.
2636 619 2927 675 Caeterum
2967 623 3071 695 qui
3116 641 3340 682 novam
3390 628 3556 686 illam

1907 713 2301 785 blasphemiae
2324 710 2595 767 fabulam
2609 710 2934 766 adversum
2963 728 3071 767 nos
3098 716 3555 789 concinnarunt,

1909 802 2187 858 videntur
2209 802 2457 856 omnino
2480 815 2602 854 non
2619 799 2859 854 credere
2884 802 3135 857 Domino
3148 805 3557 875 quirationem

1910 909 2021 948 nos
2074 892 2133 947 in
2174 892 2267 946 die
2308 890 2519 961 judicii
2565 889 2658 944 vel
2685 888 2759 944 de
2785 890 2978 945 otioso
3010 892 3191 947 verbo
3220 894 3561 952 reddituros

1912 980 2320 1066 pronuntiavit
2342 980 2519 1036 95.Dic
2544 986 2769 1047 autem,
2799 996 3028 1049 quaeso,
3062 996 3252 1050 egone
3296 984 3564 1041 beatissi-

1913 1087 2079 1126 mum
2111 1070 2382 1126 Dianium
2415 1068 2940 1123 anathematizavi?
2969 1072 3084 1125 Hoc
3106 1072 3264 1126 enim
3287 1072 3359 1129 de
3386 1075 3564 1131 nobis

1912 1159 2277 1214 dictitarunt.
2304 1158 2441 1213 Ubi?
2465 1156 2553 1211 vel
2582 1156 2829 1229 quando
2861 1158 2887 1211 ‘I
2914 1174 3116 1214 coram
3146 1161 3411 1233 quibus?
3441 1180 3564 1236 quo

1915 1254 2205 1322 prietextu
2236 1249 2262 1303 ?
2285 1248 2463 1303 nudis
2493 1247 2715 1315 verbis,
2744 1263 2820 1302 an
2868 1248 3127 1320 scripto?
3182 1252 3329 1307 alios
3378 1254 3566 1311 duces

1915 1354 2194 1411 sequens,
2238 1353 2313 1392 an
2357 1338 2480 1409 ipse
2521 1336 2815 1407 increptor
2835 1341 2890 1391 et
2922 1343 3131 1393 auctor
3162 1340 3441 1397 facinoris
3464 1346 3492 1399 ?
3522 1346 3565 1400 Ο

1916 1426 2357 1499 impudentiam
2384 1425 2698 1481 hominum
2724 1426 2930 1481 omnia
2971 1426 3139 1481 facile
3165 1428 3563 1501 loquentium!

1919 1518 1962 1572 Ο
2001 1521 2411 1587 contemptum
2473 1514 2841 1585 judiciorum
2898 1515 2996 1569 Dei
3032 1516 3042 1569 !
3079 1517 3199 1572 Nisi
3231 1518 3377 1575 forte
3409 1537 3571 1577 com-

1918 1609 2120 1661 mento
2144 1620 2254 1658 suo
2277 1604 2432 1658 hanc
2458 1602 2637 1657 etiam
2661 1602 3014 1671 tragoediam
3037 1605 3569 1677 adjicient,factum

1922 1712 2017 1750 me
2048 1710 2177 1749 esse
2206 1691 2638 1765 aliquandoita
2692 1692 3060 1763 dementem,
3107 1700 3168 1750 ut
3214 1713 3350 1754 mea
3380 1700 3571 1772 ipsius

1921 1786 2109 1841 verba
2161 1800 2282 1839 non
2324 1798 2656 1838 noscerem.
2693 1782 2842 1837 Nihil
2875 1784 3035 1840 enim
3066 1786 3388 1858 ejusmodi,
3422 1790 3570 1847 dum

1927 1873 2175 1931 rationis
2206 1888 2459 1943 compos
2489 1871 2595 1939 fui,
2624 1877 2726 1925 aut
2755 1871 2962 1927 fecisse
2986 1889 3080 1928 me
3114 1876 3258 1939 scio,
3298 1883 3402 1933 aut
3445 1895 3572 1935 om-

1925 1966 2069 2023 nino
2096 1962 2290 2018 facerc
2318 1960 2590 2016 voluisse.
2656 1959 2768 2014 Sed
2823 1961 3023 2032 potius
3063 1964 3208 2019 mihi
3252 1966 3437 2037 hujus
3492 1968 3577 2025 rei

1926 2052 2205 2111 conscius
2223 2065 2481 2115 sum,me
2504 2048 2581 2104 ab
2604 2048 2843 2104 ineunte
2865 2055 3035 2106 aetate
3052 2052 3375 2111 educatum
3397 2057 3579 2115 fuisse

1928 2144 1987 2198 in
2045 2142 2200 2197 illius
2240 2155 2470 2205 amore,
2528 2142 2584 2193 et
2626 2138 2916 2193 intuendo
2944 2142 3360 2200 considerasse
3390 2163 3579 2218 quam

1930 2236 2084 2288 esset
2112 2230 2204 2285 ille
2236 2230 2323 2284 vir
2344 2234 2589 2299 aspectu
2618 2228 3237 2301 venerabilis,quanta
3266 2236 3583 2305 majestate

1929 2320 2540 2394 prteditus,quantum
2572 2317 2878 2386 dignitatis
2906 2322 3293 2377 sacerdotalis
3314 2340 3416 2379 ore
3440 2341 3582 2397 prae-

1930 2410 2145 2465 ferens.
2193 2411 2516 2478 Postquam
2566 2412 2769 2461 autem
2827 2406 2973 2463 mihi
3020 2407 3305 2483 deinceps
3347 2418 3401 2469 et
3431 2416 3582 2473 ratio

1935 2498 2144 2563 adfuit,
2178 2501 2306 2553 tum
2338 2512 2480 2550 vero
2503 2500 2559 2550 et
2585 2511 2652 2550 ex
2676 2495 2895 2550 animae
2925 2496 3101 2552 bonis
3127 2514 3265 2555 eum
3296 2517 3585 2561 noveram

1933 2588 2249 2659 ipsiusque
2279 2583 2452 2655 144
2482 2583 2825 2639 delectabar
2849 2588 3305 2655 consuetudine,
3359 2592 3589 2666 simpli-

1935 2678 2170 2732 citatem
2205 2679 2259 2729 et
2296 2673 2727 2743 ingenuitatem
2759 2690 2828 2728 ac
2874 2674 3289 2734 liberalitatem
3346 2697 3588 2739 morum

1936 2763 2323 2838 perspiciens,
2354 2767 2407 2817 et
2428 2777 2806 2834 quzecunque
2835 2762 2952 2820 alia
2974 2767 3217 2837 propria
3254 2774 3423 2825 erant
3479 2772 3590 2828 viri

1937 2857 2315 2919 ornamenta,
2355 2850 2542 2906 animi
2570 2852 2993 2921 mansuetudo,
3022 2857 3491 2925 magnanimitas
3513 2860 3589 2915 si-

1938 2943 2065 3001 mul
2091 2948 2146 2999 et
2174 2942 2406 3007 lenitas,
2449 2940 2651 2995 decori
2674 2940 3212 3008 studium,animus
3244 2948 3343 3001 iraa
3370 2963 3587 3020 expers

1938 3034 2202 3091 hilaritas
2229 3028 2631 3085 etaﬂabilitas
2681 3030 2970 3099 gravitate
3039 3035 3341 3105 permista.
3396 3038 3592 3103 Quare

1938 3124 2140 3196 ipsum
2170 3120 2320 3175 inter
2348 3118 2626 3175 homines
2647 3119 2861 3176 virtute
2884 3122 3355 3193 spectatissimos
3384 3142 3596 3183 nume-

1938 3212 2174 3270 rabam.

2011 3306 2066 3356 2.
2100 3298 2213 3357 Sed
2243 3304 2446 3355 tamen
2477 3298 2635 3354 circa
2660 3302 2995 3356 extremum
3026 3301 3157 3357 vitae
3188 3307 3428 3376 tempus
3455 3313 3595 3364 (non

1942 3392 2103 3449 enim
2142 3388 2351 3445 celabo
2406 3388 2735 3459 veritatem)
2796 3388 2961 3445 dolui
3020 3390 3093 3447 de
3126 3392 3225 3449 illo
3259 3396 3599 3452 inconsola-

1944 3480 2136 3537 biliter
2153 3494 2290 3533 cum
2307 3476 2578 3549 pluribus
2600 3476 2660 3532 in
2677 3478 2869 3549 patria
2888 3480 3205 3537 Dominum
3222 3482 3594 3556 timentibus,

1946 3568 2113 3642 quod
2170 3566 2625 3637 subscripsisset
2676 3566 3152 3641 ﬁdeiaGeorgio
3184 3574 3603 3630 Constantino-

1947 3658 2070 3732 poli
2091 3654 2560 3722 allatze.Deinde,
2590 3661 2653 3710 ut
2682 3655 2777 3711 ille
2809 3673 2916 3729 pro
2948 3675 3058 3714 sua
3080 3676 3319 3716 morum
3360 3662 3601 3719 lenitate

1948 3753 2001 3804 et
2018 3744 2480 3802 mansuetudine
2500 3760 2619 3799 non
2644 3746 3011 3815 gravabatur
3032 3750 3317 3805 omnibus
3348 3754 3601 3822 paterno

1949 3841 2187 3910 pectore
2246 3832 2761 3903 satisfacere,cum
2801 3836 2929 3905 jam
2958 3836 3017 3891 in
3046 3838 3350 3907 morbum,
3374 3856 3447 3895 ex
3477 3857 3602 3913 quo

1952 3927 2133 3983 etiam
2155 3941 2184 3980 e
2216 3926 2337 3980 vita
2375 3924 2663 3993 discessit,
2688 3925 2992 3981 incidisset
3024 3943 3037 3993 ;
3078 3928 3253 3985 nobis
3279 3932 3604 3999 accersitis,

1954 4015 2122 4077 dixit,
2175 4014 2426 4070 Domino
2475 4019 2641 4083 teste,
2698 4030 2759 4069 se
2814 4016 3036 4089 scripto
3090 4019 3609 4093 Constantinopoli

1957 4104 2223 4161 allatoin
2248 4104 2623 4176 simplicitate
2654 4104 2851 4160 cordis
2900 4108 3255 4175 assensisse,
3304 4109 3411 4164 sed
3460 4110 3612 4166 nihil

1958 4194 2037 4251 ad
2067 4193 2206 4249 ﬁdei
2236 4194 2438 4249 Nicaeae
2462 4208 2498 4248 a
2525 4196 2750 4249 sanctis
2804 4195 3074 4251 Patribus
3109 4198 3386 4269 expositte
3441 4214 3608 4255 ever-

1962 4283 2193 4339 sionem
2246 4282 2357 4337 sibi
2404 4282 2815 4354 proposuisse,
2868 4299 3064 4356 neque
3110 4285 3274 4341 aliud
3312 4288 3374 4342 in
3428 4287 3611 4344 corde

249 4374 500 4432 ἁθετήσει
554 4380 645 4432 τῆς
699 4375 832 4424 κατὰ
877 4377 1100 4425 Νικαίαν
1150 4372 1249 4423 ὑπὸ
1284 4379 1383 4423 τῶν
1425 4371 1586 4443 ἁγίων
1613 4375 1831 4445 ΙΙατέρωε

1960 4371 2206 4441 habere,
2228 4388 2415 4444 quam
2436 4372 2602 4444 quod
2623 4372 2700 4429 ab
2728 4373 2892 4429 initio
2916 4372 3200 4431 traditum
3255 4382 3571 4448 acceperat
3596 4394 3609 4433 :

248 4467 554 4522 ἓκτεθείσης
601 4466 823 4524 πίστεως
880 4461 1211 4537 προελέσθαυ
1272 4457 1411 4533 μηδὲ
1482 4460 1645 4523 ἄλλως
1714 4463 1853 4533 ἔχειν

252 4558 297 4607 ἓν
339 4561 401 4625 τῇ
474 4547 698 4625 καρδίᾳ,
753 4552 780 4610 ἦ
838 4554 902 4612 ὡς
954 4548 1235 4623 παρελαϐεν
1291 4550 1345 4612 ἐξ
1393 4547 1584 4623 ἀρχῆς·
1620 4548 1856 4604 ἀλλὰκαὶ

326 4724 375 4757 ’δ
404 4725 585 4779 Prov.
620 4735 737 4788 xiv,
770 4723 856 4776 31.
936 4718 984 4757 9⁵
1014 4719 1218 4778 Matth.
1253 4735 1352 4787 xu,
1384 4723 1473 4777 36.

328 4878 444 4956 (ιτ)
498 4868 915 4956 Ἐέεῖθέφῖκνῖἕέ·
973 4871 1065 4929 δίο
1124 4870 1315 4956 ,Μεεέτι
1370 4871 1640 4956 Harl-net
1712 4875 1853 4955 R98-

257 4942 517 5025 primus.
544 4942 694 4999 Editi
721 4942 775 4999 et
929 4960 1080 5025 mss.
1114 4942 1497 5025 ἐπιῤῥίψοεντες.
1526 4944 1641 5025 §ed
1674 4942 1857 5025 scrip-

259 5014 387 5073 tura
409 5032 609 5089 quam
632 5015 970 5089 sequimur,
1020 5014 1409 5086 Basilii'stylo
1443 5016 1656 5088 aptior,
1694 5022 1757 5072 ut
1783 5014 1861 5072 vi;

264 5090 332 5145 de
349 5086 525 5144 est—in
548 5086 875 5158 epistft26,
917 5090 1041 5142 289.

326 5162 439 5231 (18)
465 5160 569 5220 Ὃς
588 5156 685 5210 καὶ
708 5163 846 5231 πιρί·
876 5158 1019 5228 Conj
1031 5158 1231 5214 unctio
1261 5156 1469 5213 addita
1492 5173 1563 5214 ex
1592 5159 1862 5232 quinque

270 5246 410 5287 ωδε.

333 5308 443 5365 (19)
479 5304 712 5357 Accium.
740 5304 824 5357 lta
855 5315 1065 5358 omnes
1090 5317 1238 5357 mss.
1284 5300 1432 5356 Editi
1459 5302 1710 5357 Διάνοιον,

333 5374 441 5442 (20)
475 5373 863 5445 Κατήγγειλαν.
902 5376 1041 5429 Tres
1097 5372 1332 5445 codices
1356 5388 1483 5445 non
1528 5372 1865 5445 antiquissi-

279 5445 351 5501 mi
375 5444 727 5516 κατήνίιγκαν,
768 5445 879 5516 hoc
908 5459 1129 5502 crimen
1148 5444 1311 5500 nobis
1338 5444 1686 5500 intulerunt.

344 5519 448 5593 (tt)
509 5513 1128 5596 Προστραγῳδήσουσιν.
1177 5519 1263 5577 Ita
1314 5520 1434 5574 tres
1486 5514 1876 5578 vetustissinﬁ

1962 4463 2085 4519 imo
2117 4462 2297 4517 etiam
2320 4461 2551 4533 precari
2582 4477 2663 4528 se,
2699 4466 2762 4517 ut
2792 4478 2863 4517 ne
2892 4469 3255 4536 separetura
3284 4468 3443 4522 sorte
3474 4465 3617 4523 bea-

1963 4555 2165 4609 torum
2184 4554 2583 4608 trecentorum
2636 4549 2847 4607 decem
2877 4555 2935 4609 et
2974 4556 3110 4610 octo
3167 4553 3615 4629 epiSCOporum,

1968 4874 2205 4932 codices
2258 4890 2397 4931 cum
2455 4870 2732 4949 pluribus
2791 4872 2942 4934 aliis.
2990 4872 3140 4934 Editi
3194 4872 3621 4953 προστραγῳδή-

1972 4966 2162 5092 σωᾶιέὶ
2224 5018 2558 5092 Ἐλευθέριον.
2612 5021 2751 5092 Reg.
2833 5019 3142 5076 secundus
3202 5024 3258 5077 et
3310 5020 3625 5092 Coisl.,ise-

1971 5090 2206 5164 cuudus
2236 5090 2511 5164 ἐλεύθερον.
2549 5090 2730 5146 Paulo
2754 5097 2896 5164 post
2925 5106 2997 5146 ex
3023 5092 3285 5164 antiquis
3314 5091 3624 5148 codicibus

1972 5161 2181 5236 addita
2206 5161 2597 5236 voculapost
2619 5161 2952 5236 μεγαλοφυές.

2029 5234 2157 5313 ,(23)
2206 5230 2347 5313 Ὀσα
2378 5230 2543 5313 fama
2570 5305 2579 5313 _
2603 5230 3028 5313 Editiaddunt
3080 5231 3140 5293 ἦν
3170 5233 3336 5307 quod
3373 5232 3625 5289 deestin

1972 5304 2163 5359 tribus
2193 5304 2615 5360 vetustissimis
2643 5306 2977 5362 codicibus.

1975 5375 2155 5518 γι(ἓίι)
2203 5380 2475 5451 Γεώργιον.
2534 5379 2673 5447 Reg.
2731 5377 3033 5435 secundus
3100 5380 3158 5434 et
3210 5374 3385 5433 Coisl.

2036 5466 2060 5499 ν
2092 5467 2137 5502 ν.

2036 5466 2137 5502 νον.

3465 5376 3628 5453 Γιώρ-
