4054 6204
480 286 580 341 391
1852 273 1908 329 S.
1947 268 2199 327 BASILII
2228 271 2447 330 MAGNI
3729 277 3843 332 392

480 408 585 481 qui
613 407 778 481 piam
794 404 953 461 illam
968 403 1303 460 doctrinam
1316 400 1447 457 orbi
1478 398 2081 464 annuntiarunt.Quai

2242 398 2496 467 εὔχεσθαι
2549 398 2620 468 μὴ
2676 384 3015 467 χωρισθῆναι
3070 401 3161 455 τῆς
3197 392 3411 468 μερίδος
3440 404 3539 448 τῶν
3569 405 3841 475 μακαρίων

482 499 650 556 omni
680 496 877 553 cordis
903 494 1277 551 dubitatione
1299 492 1378 547 ob
1426 492 1583 547 hanc
1629 490 2083 545 asseveratione:

2241 486 2444 538 ἐκείνων
2490 484 2787 537 ἐπισκόπων
2837 492 2937 535 τῶν
2994 490 3308 555 τριακοσίων
3378 482 3641 540 δεκαοκτὼ
3700 492 3841 562 (25),

482 588 697 653 soluta,
754 586 833 642 ad
884 586 1013 656 ejus
1066 582 1580 645 communionem,
1631 584 1694 635 ut
1747 577 2083 635 tumetetiai

2243 584 2338 627 τῶν
2423 578 2482 627 τὸ
2532 573 2736 636 εὐσεϐὲς
2788 578 3039 646 κήρυγμα
3095 570 3496 645 διαγγειλάντων
3548 585 3608 649 τῇ
3661 578 3844 630 οἰκου-

480 677 638 734 nosti
658 676 1048 742 accessimus,
1075 678 1131 729 et
1169 686 1417 727 moerere
1443 669 1763 726 desiimus.
1794 668 1977 737 Igitur
1995 683 2077 739 qu

2242 668 2387 738 μένῃ·
2453 666 2588 717 ὥστε
2644 666 2798 735 ἡμᾶς,
2864 662 2948 715 ἐπὶ
2987 670 3049 735 τῇ
3097 664 3423 739 πληροφορίᾳ
3460 669 3621 740 ταύτῃ
3654 666 3843 719 λύσαν-

480 766 657 823 nobis
682 782 820 821 cum
846 765 960 819 hoc
990 762 1115 817 viro
1169 761 1574 826 intercessere,
1608 758 1911 829 ejusmodi
1970 772 2081 811 sun

2243 773 2333 814 τας
2388 760 2562 806 πᾶσαν
2610 762 2707 805 τῶν
2751 748 2979 825 καρδιῶν
3040 756 3134 810 τὴν
3183 749 3472 826 διάκρισιν,
3517 758 3587 816 ὡς
3610 761 3701 809 καὶ
3749 757 3844 809 az}-

483 856 657 922 Quod
710 855 758 909 si
796 853 933 925 quis
972 852 1135 907 dicat
1197 866 1259 905 se
1326 849 1571 905 nefaria:
1600 848 1853 918 alicujus
1876 847 1935 902 in
1964 846 2084 901 illul

2240 846 2329 905 τὸς
2376 842 2657 895 ἐπίστασαι
2716 842 2850 911 (26),
2908 841 3206 914 προσελθεῖν
3270 851 3331 901 τῆ
3389 850 3651 916 κοινωνίᾳ,
3738 851 3833 899 καὶ

479 942 858 1001 contumelias
882 940 1191 997 conscium
1224 938 1401 994 nobis
1432 954 1587 1007 esse,
1617 937 1664 992 is
1687 936 1882 992 nonin
1909 934 2080 1004 angui

2243 930 2594 1004 λυπουμένους
2647 933 2980 988 παύσασθαι.
3043 934 3119 983 Τὰ
3172 934 3262 1004 μὲν
3338 928 3425 984 οὖν
3456 935 3686 1008 ἡμέτερα
3709 939 3844 1010 πρὸς

481 1037 748 1088 susurret
770 1030 1077 1097 serviliter,
1102 1028 1209 1085 sed
1232 1028 1294 1085 in
1319 1032 1589 1101 apertam
1617 1026 1811 1082 lucem
1825 1024 2077 1099 prodien

2243 1024 2327 1073 τὸν
2353 1018 2523 1096 ἄνδρα
2548 1029 2789 1075 τοιαῦτα.
2822 1021 2883 1074 Εἰ
2913 1017 2974 1073 δέ
2989 1040 3067 1083 τις
3097 1020 3238 1092 λέγοι
3259 1023 3375 1093 (27)
3419 1026 3537 1076 τινὰ
3598 1022 3844 1096 βλασφη-

477 1122 663 1178 libere
688 1126 923 1193 arguat.

2247 1114 2364 1182 μίαν
2404 1109 2646 1183 ἀθέμιτον
2678 1110 2749 1173 εἰς
2788 1111 2944 1162 αὑτὸν
2975 1115 3091 1182 ἡμῖν
3132 1116 3525 1182 συνεγνωκέναι,
3576 1118 3649 1185 μὴ
3705 1117 3848 1165 κατὰ

2240 1203 2430 1272 γωνίαν
2480 1199 2760 1275 θρυλλείτω
2846 1196 3232 1275 δουλοπρεπῶς,
3302 1198 3503 1264 ἀλλἐἰς
3542 1206 3599 1255 τό
3627 1206 3848 1277 φανερὸν

2244 1287 2649 1358 ἀντικαταστάς,
2686 1285 3000 1361 διελεγχέτω
3030 1290 3160 1361 μετὰ
3183 1287 3507 1365 παρρησίας.

1083 1403 1415 1460 EPISTOLA
1451 1401 1565 1459 LII.

2799 1401 3131 1449 ΕΗΙΣΤΟΑΗ
3158 1394 3274 1451 ΝΒ’.

483 1532 631 1589 Cum
654 1544 922 1586 rumores
950 1528 1146 1599 iniqui
1167 1531 1239 1583 de
1262 1526 1585 1599 Canonicis
1613 1524 1694 1580 ad
1719 1523 2043 1599 Basiliam,
2060 1520 2141 1599 _dc_
2157 1520 2503 1599 _Basi_li0_ad
2520 1520 3098 1599 Δ«εςςιηοηίειιερονιαιί
3116 1520 3405 1599 fuisseni,
3426 1524 3851 1599 utrosquegic-

548 1604 750 1658 docuit
766 1592 1112 1669 Bosporius.
1168 1599 1366 1654 Multa
1423 1598 1496 1653 de
1551 1593 2068 1669 Consubstantiali
2107 1592 2339 1647 disserit
2380 1593 2858 1669 Basilius_._quo_d
2880 1607 2916 1647 a
2945 1592 3258 1669 nonnullis
3288 1594 3480 1669 rejici,
3506 1592 3851 1669 αῃὶιζνίραε

551 1663 937 1728 Amice/cenis
962 1674 1369 1737 vituperatum
1391 1670 1628 1739 fatelur
1647 1668 2242 1739 aptissimumitamen
2267 1679 2388 1719 esse
2408 1663 2718 1739 contendit
2740 1664 3028 1721 adversus
3059 1664 3311 1721 haereses
3332 1666 3472 1721 Arii
3494 1670 3548 1723 et
3562 1665 3852 1723 Sabellii.

551 1746 799 1816 Refeiiit
819 1759 913 1801 eos
942 1744 1047 1814 qui
1064 1735 1361 1812 Spiritum
1391 1735 1665 1797 sanctum
1694 1739 1852 1794 Filio
1879 1742 1987 1794 aut
2015 1736 2192 1791 Patri
2208 1735 2665 1805 praeponebant.

1082 1900 1182 1957 Ad
1208 1900 1531 1957 canonicas
2168 1953 2209 2007 Β

2168 1953 2209 2007 Β
2887 1899 3212 1955 Κανονικαῖς.

553 2034 607 2086 1.
643 2028 947 2095 Quantum
975 2025 1152 2081 nobis
1184 2030 1360 2081 antea
1381 2023 1603 2079 doloris
1634 2020 1822 2078 attulit
1844 2019 2133 2077 molestus

2318 2021 2367 2075 1,
2406 2016 2567 2071 Ὀσον
2619 2019 2829 2077 ἠνίασεν
2881 2019 3019 2091 ἡμᾶς
3064 2023 3310 2094 πρότερον
3335 2023 3479 2093 φήμη
3505 2018 3720 2096 λυπηρά
3764 2023 3857 2083 τὰς

480 2134 711 2189 rumor,
740 2133 863 2189 quo
895 2131 1070 2172 aures
1102 2120 1319 2170 nostra:
1346 2113 1924 2175 circumsonuerunt,
1968 2114 2081 2165 tant

2253 2106 2405 2169 ἀκοὰς
2452 2110 2598 2180 ἡμῶν
2659 2112 3065 2182 περιηχήσασα,
3122 2115 3371 2161 τοσοῦτον
3422 2112 3662 2184 εὔφρανεν
3702 2113 3854 2184 ἡμᾶς

478 2205 883 2265 affecitlaztitia
897 2202 1604 2274 religiosissimusfepisco
1613 2217 1723 2272 pus
1739 2199 1920 2255 frater
1932 2204 2079 2254 ηοςῑι

2252 2196 2683 2269 ὅθεοφιλέστατος
2730 2195 3012 2260 ἐπίσκοπος
3066 2198 3092 2249 ὁ
3149 2194 3374 2271 ἀδελφὸς
3429 2200 3573 2271 ἡμῶν
3634 2205 3853 2254 Βοσπό-

478 2296 817 2370 Bosporius,
850 2293 1095 2349 meliora
1115 2292 1189 2349 de
1227 2298 1421 2347 vestra
1450 2292 1669 2364 pietate
1696 2288 2079 2345 narrans.l)ix

2252 2307 2380 2356 οιος,
2410 2289 2475 2339 τὰ
2517 2306 2852 2361 χρηστοτέρα
2896 2292 3014 2361 περὶ
3061 2296 3156 2350 τῆς
3202 2292 3309 2353 (28)
3379 2287 3643 2351 εὐλαϐείας
3701 2292 3853 2363 ὑμῶν

477 2387 658 2453 enim,
720 2384 819 2440 Dei
846 2383 1059 2455 gratia,
1097 2398 1308 2438 omnes
1340 2382 1472 2437 illos
1505 2396 1781 2437 rumores
1813 2378 2078 2434 hominm

2253 2373 2654 2448 ἲιηγησάμενος.
2684 2374 2814 2448 Ἔφη
2843 2377 2966 2450 γὰρ,
2993 2384 3052 2448 τῇ
3103 2384 3195 2429 τοῦ
3263 2385 3397 2431 Θεοῦ
3432 2380 3641 2450 χάριτι,
3709 2382 3854 2431 ποίν-

476 2492 606 2533 esse
663 2478 1007 2530 commenta
1063 2488 1186 2527 non
1244 2475 1523 2527 accurate
1564 2469 1871 2525 veritatem
1929 2483 2077 2523 rerui

2255 2485 2308 2516 τα
2372 2463 2539 2517 ἐκεῖνα
2585 2467 2651 2517 τὰ
2700 2464 3049 2539 θρυλληθέντα
3106 2464 3385 2541 ἀνθρώπων
3466 2463 3595 2519 εἶναι
3678 2488 3856 2521 κοιτα-

474 2568 809 2620 vestrarum
824 2561 1128 2631 cognitam
1158 2557 1816 2616 habentium.Addebat
1837 2562 2039 2612 autem
2071 2576 2075 2607 ε

2255 2556 2609 2627 τκευάσματα,
2656 2554 2747 2606 οὐκ
2806 2552 3035 2629 ἀκριϐῶς
3082 2558 3175 2613 τήν
3234 2556 3354 2608 καθ’
3399 2556 3534 2628 ὑμᾶς
3564 2554 3856 2631 ἐπισταμέ-

476 2657 533 2710 et
561 2650 897 2708 calumnias
912 2649 1214 2705 invenisse
1228 2647 1392 2721 apud
1409 2664 1515 2703 vos
1532 2646 1606 2703 de
1624 2646 1801 2702 nobis
1814 2644 2077 2701 nefanda

2255 2666 2336 2695 mw
2386 2642 2643 2702 ἀλήθειαν,
2694 2645 3001 2719 Προσετίθει
3049 2644 3160 2715 (29)
3201 2640 3282 2713 δὲ,
3327 2646 3408 2696 ὅτι
3456 2650 3547 2697 καὶ
3596 2642 3856 2709 διαϐολὰς

474 2742 807 2815 qualesque
850 2738 1229 2812 protulerint,
1286 2738 1389 2809 qui
1420 2752 1543 2793 non
1573 2739 1926 2808 exspectant
1948 2750 2011 2788 se
2042 2750 2075 2788 v

2252 2729 2354 2807 εὗρε
2412 2732 2535 2809 παρ’
2589 2733 2709 2805 ὑμῖν
2771 2733 2888 2785 καθ’
2936 2734 3083 2805 ἡμῶν
3151 2731 3388 2802 ἀνοσίας,
3430 2739 3519 2787 καὶ
3596 2739 3853 2799 τοιαύτας

476 2831 649 2887 otiosi
678 2829 845 2885 verbi
866 2829 1160 2885 rationem
1180 2826 1518 2883 reddituros
1544 2825 1740 2881 Judici
1762 2825 1823 2880 in
1843 2824 1939 2879 die
1965 2824 2077 2894 jus‘

2250 2823 2353 2883 aia;
2404 2821 2463 2873 ἃν
2518 2825 2703 2875 εἴποιεν
2750 2822 2798 2873 οἱ
2861 2826 2932 2894 μὴ
2984 2818 3325 2895 ἐκδεχόμενοι
3380 2828 3471 2875 καὶ
3528 2828 3643 2898 περὶ
3676 2824 3851 2899 ἀργοῦ

472 2918 877 2976 retributionis
906 2917 1284 2983 illius.Quare
1317 2917 1540 2986 gratias
1580 2914 1677 2984 egi
1709 2914 2073 2979 Domino,cu.

2251 2911 2468 2983 Ξήματος
2518 2908 2706 2963 δώσειν
2762 2910 2911 2983 λόγον
2952 2918 3025 2981 τῷ
3078 2918 3240 2985 Κριτῇ
3290 2911 3338 2963 ἐν
3369 2914 3538 2987 ἡμέρᾳ
3565 2918 3662 2975 της
3691 2912 3852 2968 ἀντα·

472 3010 602 3083 ipse
628 3014 875 3066 sanatus
920 3024 993 3064 ex
1021 3008 1203 3064 noxia
1249 3006 1324 3062 de
1355 3006 1526 3063 vobis
1558 3005 1865 3078 opinione,
1920 3020 2073 3077 quan

2250 2997 2506 3062 ποδὸσεως
2537 3000 2696 3053 αὐτοῦ
2726 3008 2787 3073 τῇ
2819 2996 3007 3073 δικαίᾳ
3047 2997 3184 3072 (30).
3243 2999 3404 3054 Ὠστε
3457 3001 3851 3077 ηὐχαρίστησα

473 3104 541 3155 ut
568 3098 892 3155 verisimile
923 3102 1029 3167 est,
1056 3114 1128 3153 ex
1158 3097 1475 3153 hominum
1497 3096 1802 3152 calumnia
1854 3109 2073 3166 suscep

2242 3097 2309 3160 τῷ
2369 3094 2565 3164 Κυρίῳ,
2622 3088 2778 3152 αὐτός
2825 3108 2877 3141 τε
2929 3088 3093 3151 ἰαθεὶς
3122 3094 3213 3148 τὴν
3241 3087 3312 3162 ἐφ’
3341 3091 3461 3163 ὑμῖν
3502 3088 3843 3164 βλάϐην,ἧν,

472 3204 628 3253 ram;
659 3194 787 3243 tum
819 3186 998 3242 etiam
1025 3203 1133 3242 vos
1165 3186 1421 3243 audiens
1452 3184 1812 3257 deposuisse
1842 3182 2026 3239 falsas
2056 3199 2073 3237 ί

2247 3181 2307 3241 ὣς
2364 3181 2543 3248 ἔοικεν,
2597 3176 2651 3230 ἐκ
2710 3183 3053 3251 συκοφαντίας
3112 3177 3389 3254 ἀνθρώπων
3448 3183 3587 3252 ἤμην
3668 3200 3848 3257 παρα-

472 3291 571 3333 me
622 3275 1015 3347 suspiciones,
1075 3275 1179 3331 ubi
1218 3274 1471 3331 audistis
1524 3273 1695 3346 145
1755 3290 1893 3346 quin
1952 3271 2073 3329 frati

2248 3265 2538 3342 δεξάμενος,
2587 3269 2724 3339 ὑμᾶς
2768 3286 2823 3320 τε
2876 3266 3105 3330 ἀκούσας
3164 3266 3534 3321 ἀποτεθεῖσθαι
3583 3272 3672 3332 τὰς
3722 3270 3849 3342 ψευ-

472 3367 677 3420 noster
705 3363 1101 3419 asseveravit:
1136 3366 1240 3435 qui
1263 3364 1511 3435 quidem
1542 3364 1715 3418 vobis
1745 3378 1919 3417 suam
1941 3361 2073 3434 ipsil

2245 3355 2349 3419 δεῖς
2398 3364 2515 3434 περὶ
2567 3359 2712 3430 ἡμῶν
2769 3355 3078 3428 ὑπολήψεις,
3159 3357 3213 3421 εξ
3292 3359 3361 3408 ὧν
3420 3358 3683 3417 ἠκούσατε
3756 3368 3846 3414 τοῦ

474 3452 833 3508 sententiam
858 3451 1004 3506 dum
1019 3451 1570 3522 exposuit,omnino
1583 3455 1638 3507 et
1654 3454 1927 3506 nostram
1949 3449 2075 3504 εἱωι

2243 3444 2461 3520 ἀδελφοῦ
2514 3448 2659 3520 ἡμῶν
2706 3443 3221 3519 διαϐεϐαιωσαμένου
3282 3446 3410 3517 (31)·
3457 3446 3507 3507 ὃς
3558 3446 3607 3499 ἐν
3648 3444 3734 3511 οἷς
3790 3453 3844 3503 τό

471 3540 955 3611 declaravit.Una
971 3539 1123 3595 enim
1137 3540 1195 3594 in
1211 3544 1466 3611 utroque
1481 3544 1757 3595 nostrum
1772 3538 1845 3594 de
1860 3538 1979 3593 ﬁde
1998 3554 2072 3593 sei

2246 3536 2353 3589 καθ’
2392 3536 2571 3588 ἑαυτὸν
2647 3536 2754 3606 (32)
2828 3536 2949 3607 ὑμῖν
2987 3539 3307 3611 παρέστησε,
3343 3532 3684 3599 συναπέδειξε
3720 3540 3847 3590 ποίν-

472 3630 655 3688 tentia
688 3649 701 3687 :
747 3628 1050 3700 siquidem
1074 3633 1130 3685 et
1160 3628 1516 3684 eorumdem
1566 3631 1804 3684 Patrum
1854 3626 2073 3683 haeredc

2241 3646 2337 3687 τως
2378 3630 2468 3677 καὶ
2539 3627 2597 3677 τὸ
2644 3627 2908 3699 ἡμέτερον.
2958 3632 3043 3678 Ἐν
3100 3623 3198 3700 γάρ
3246 3625 3293 3677 έν
3351 3624 3662 3699 ἀμφοτέροις
3718 3629 3842 3700 ἠμν

472 3718 812 3792 sumus,qui
841 3718 1146 3790 quondam
1166 3718 1371 3773 Nicaeae
1403 3732 1697 3787 magnum
1727 3716 1961 3789 pietatis
1979 3732 2073 3789 pra

2238 3718 2294 3767 τὸ
2349 3722 2439 3775 τῆς
2494 3718 2721 3775 πίστεως
2772 3718 3030 3786 φρόνημα,
3084 3710 3265 3773 ἐπειδὴ
3340 3720 3430 3766 καὶ
3488 3722 3588 3767 τῶν
3664 3715 3839 3768 αὐτῶν

470 3810 716 3865 conium
746 3808 1227 3880 promulgarunt:
1260 3807 1435 3878 cujus
1456 3807 1699 3879 reliquae
1720 3806 1969 3879 quidem
1994 3822 2071 3878 pa

2239 3807 2477 3877 Πατέρων
2528 3802 2837 3875 κληρονόμοι
2888 3811 2989 3853 τῶν
3035 3805 3169 3855 κατά
3222 3807 3316 3862 τὴν
3372 3808 3595 3857 Νικαίαν
3624 3808 3759 3857 ποτε
3784 3807 3840 3857 τὸ

471 3903 559 3954 tes
583 3898 903 3953 calumniae
931 3897 1077 3953 nulli
1104 3897 1382 3953 obnoxiae
1405 3901 1576 3963 sunt;
1603 3896 1708 3951 sed
1736 3912 1945 3953 vocem
1978 3899 2072 3952 Co:

2244 3897 2370 3963 μέγα
2424 3899 2515 3952 τῆς
2578 3890 2843 3954 εὐσεϐείας
2899 3890 3302 3964 ἐξαγγειλάντων
3345 3898 3614 3968 κήρυγμα·
3670 3890 3739 3945 οὗ
3779 3896 3845 3947 τά

472 3986 884 4042 substantialis
909 3986 1065 4041 male
1095 4003 1131 4043 a
1152 3985 1455 4041 nonnullis
1496 3989 1829 4056 acceptam,
1862 3990 2000 4041 sunt
2021 4002 2073 4058 qi

2241 3986 2325 4055 μὲν
2372 3980 2503 4033 οὖλα
2547 3983 2884 4033 παντάπασίν
2935 3982 3077 4034 ἐστιν
3135 3982 3245 4054 (33)
3281 3981 3713 4055 ἀσυκοφάντητα,
3748 3989 3842 4043 τὴν

468 4073 745 4130 nondum
799 4074 1151 4145 receperint:
1187 4090 1341 4146 quos
1385 4074 1520 4146 quis
1551 4078 1607 4129 et
1627 4073 1761 4144 jure
1794 4074 2069 4145 reprebei

2246 4068 2296 4124 5“:
2338 4078 2429 4123 τοῦ
2504 4072 2786 4143 ὀμοουσίου
2842 4075 3031 4143 φωνὴν,
3090 4079 3261 4135 κακῶς
3328 4074 3472 4147 παρά
3513 4092 3663 4124 τινων
3688 4072 3847 4132 έκληο

470 4161 643 4231 derit,
698 4178 767 4218 ac
799 4177 1007 4217 rursus
1029 4162 1207 4217 venia
1237 4162 1457 4233 dignos
1500 4161 1801 4233 judicarit.
1843 4165 1993 4217 Nam
2023 4165 2071 4217 Ρε

2243 4162 2471 4234 ρθεῖσαν,
2524 4159 2629 4212 εἰσί
2679 4179 2813 4220 τινες
2886 4162 2935 4212 οἱ
3014 4166 3173 4232 μήπω
3241 4158 3689 4237 παραδεξάμενον
3753 4162 3844 4225 οὓς

468 4254 630 4307 trum
675 4250 940 4323 vestigiis
990 4266 1113 4307 non
1165 4251 1456 4319 insistere,
1523 4267 1635 4306 nec
1675 4266 1787 4307 sua
1827 4256 2063 4307 sentent

2243 4255 2322 4303 ιιαὶ
2370 4248 2635 4322 μέμψαιτο
2693 4250 2754 4300 ἄν
2815 4268 2896 4311 τις
2958 4244 3197 4317 δικαίως,
3221 4251 3481 4303 καὶπάλιν
3502 4254 3681 4323 μέντοι
3712 4271 3844 4324 συγ-

468 4356 681 4397 vocem
712 4340 952 4397 illorum
978 4340 1275 4414 potiorem
1305 4340 1547 4409 ducere,
1568 4356 1663 4396 res
1687 4344 1778 4396 est
1796 4341 2069 4412 reprebex

2241 4345 2441 4412 γνώμης
2481 4338 2667 4398 αὐτοὺς
2724 4336 3010 4400 ἀξιώσειεν.
3060 4342 3131 4392 To
3184 4342 3273 4413 μὲν
3323 4343 3423 4413 γὰρ
3476 4342 3726 4413 Πατράσι
3771 4346 3842 4413 μή

468 4430 635 4487 sione
665 4430 869 4499 digna,
916 4435 981 4486 ut
1019 4430 1199 4503 plena
1230 4432 1611 4502 arrogantiae.
1661 4432 1884 4485 Rursus
1918 4435 2069 4486 aute]

2241 4427 2547 4494 ἀκολουθεῖν,
2602 4432 2691 4479 καὶ
2735 4430 2827 4485 τὴν
2894 4425 3094 4479 ἐκείνων
3153 4433 3321 4500 φωνὴν
3373 4430 3489 4501 (34)
3514 4434 3842 4506 κυριωτέραν

468 4519 869 4593 vituperatam
897 4521 975 4577 ab
1005 4521 1136 4577 aliis
1186 4536 1423 4587 vocem,
1481 4524 1827 4593 suspectam
1874 4520 2069 4577 haberi

2243 4519 2470 4571 τίθεσθαι
2541 4524 2633 4577 τῆς
2680 4514 2872 4568 ἰαυτῶν
2923 4521 3154 4591 γνώμης,
3207 4516 3533 4591 ἐγκλήματος
3574 4518 3844 4589 ᾱίξιον,ὡς

576 4661 737 4719 Alias
762 4663 914 4719 CCC.
951 4664 1181 4734 Scripta
1204 4662 1374 4720 initio
1396 4662 1807 4735 episcopatus.
1856 4731 1872 4735 _

2301 4664 2416 4735 (31)Δ
2456 4656 2992 4735 Διαᾼϐεβαιωσαμένου.
3050 4659 3327 4733 Quinque
3350 4675 3496 4716 mss.
3528 4675 3655 4717 non
3686 4659 3844 4718 anti-

541 4738 649 4807 (25)
692 4741 984 4792 Δεκαοκτὼ.
1034 4728 1191 4791 Harl.
1233 4750 1373 4791 cum
1403 4728 1645 4791 d’uobu's
1676 4733 1809 4791 aliis
1843 4731 1975 4787 δέκα
2028 4739 2119 4788 καὶ

1403 4728 1645 4791 ἅυοδιίε
1676 4733 1809 4791 aliis
1843 4731 1975 4787 δέκα
2028 4739 2119 4788 καὶ
2227 4730 2507 4807 quissimi
2530 4728 2981 4807 βεϐαιωσαμένουΣ

471 4800 644 4858 ὀκτώ.’

2245 4800 2269 4805 ’
2300 4804 2420 4874 (32)
2450 4800 2666 4854 Tb‘an'
2706 4800 2907 4854 ἑαυτὸν.
2964 4800 3122 4858 Harl.
3155 4805 3213 4859 et
3242 4817 3401 4859 unus
3423 4819 3497 4859 ex
3535 4802 3737 4874 Regiis
3765 4807 3834 4858 τὰ

543 4877 804 4948 (ἓὸλὨς
857 4892 948 4929 και
1001 4877 1153 4939 αὐτὸς
1214 4875 1527 4930 έπίστασαι.
1584 4880 1719 4933 Haec
1769 4877 2119 4934 addidimus

1001 4877 1153 4939 αὐτὸς
1214 4875 1527 4930 έπίστασαι.
1584 4880 1719 4933 Haec
1769 4877 2119 4934 addidimus
2229 4876 2347 4927 καθ’
2369 4873 2566 4948 ἔαυτόν-

473 4944 573 5026 ρκ’.
603 4947 792 5026 tribus
839 4948 1214 5023 perantiquis
1270 4948 1583 5005 codicibus
1636 4949 1821 5017 Med.,
1874 4949 2074 5006 Harl.4

2239 5017 2245 5026 _
2302 4950 2408 5026 (_33)
2440 4946 2654 5026 _’Eam.
2681 4946 2874 5026 ‘Hanc
2918 4960 3156 5012 vocem,
3188 4960 3327 5026 quae
3349 4944 3519 5026 deest
3544 4944 3840 5026 ineditis,

474 5018 650 5077 Coisl.
840 5014 859 5021 “
1095 5014 1115 5023 ’
1806 5014 1813 5017 ’
2228 5016 2455 5073 habent
2483 5014 2894 5089 mssadecem,
2924 5031 3188 5088 quorum
3208 5014 3279 5072 in
3300 5022 3565 5089 quatuor
3615 5016 3844 5088 legitur

542 5090 968 5165 (27_)Ai«,oi_._l_ta
990 5092 1167 5162 Harl,
1215 5091 1394 5149 Coisl.
1430 5093 1684 5165 Uterque
1729 5096 1787 5149 et
1815 5094 1956 5163 Reg.
2022 5108 2121 5149 se-

1215 5091 1394 5149 Coisl.
1430 5093 1684 5165 Uterque
1729 5096 1787 5149 et
1815 5094 1956 5163 Reg.
2022 5108 2121 5149 se-
2229 5091 2400 5165 πάντα
2424 5088 2795 5165 μαθεῖνὲστιν.

470 5162 725 5219 cundus.
753 5157 910 5218 'Ediii
934 5162 1091 5233 λέγει.
1152 5157 1162 5162 ⁷
1585 5157 1605 5165 ’
1901 5157 1932 5163 ⁷

2307 5157 2555 5233 (34)’Τὴν
2595 5157 2792 5211 ἐκείνων
2825 5162 3009 5233 φωνήν.
3043 5158 3134 5215 Sic
3156 5158 3395 5215 codices
3425 5174 3641 5233 omnes
3678 5175 3838 5233 mss.

541 5236 656 5326 (Ea)
686 5239 810 5326 ι]δῦ
917 5253 962 5326 ς,
983 5229 1159 5326 lieest
1181 5234 1527 5326 praepositio
1572 5234 1634 5290 in
1655 5239 1788 5316 octo
1818 5233 2120 5291 veteribus

2239 5235 2287 5287 et
2320 5229 2514 5318 paulo
2562 5236 2697 5301 post
2744 5229 2839 5290 τῆς
2901 5229 3096 5316 ἑαυτῶν
3153 5232 3655 5326 γνώμξς.ΔΟοιιιι·δτ
3687 5231 3840 5287 editi

468 5301 657 5372 libris,
692 5301 814 5361 non
849 5307 1149 5379 tamenin
1179 5301 1543 5363 Coisliniano
1580 5308 1797 5379 primo.
2033 5376 2069 5379 μ

2237 5301 2565 5379 τῆς-ἐκείνων
2643 5310 2811 5373 φωνῆς
2866 5306 3184 5377 κυριωτέραν
3240 5301 3483 5354 τίθεσθαι
3517 5307 3612 5358 τὴν
3635 5302 3838 5355 ἑαυτῶν

540 5381 645 5436 (29)
686 5380 1008 5451 Προσετίθει.
1051 5378 1144 5433 Sic
1205 5384 1435 5450 septem
1480 5373 1625 5434 mss.
1658 5378 1918 5434 codices.
1968 5376 2121 5433 Editi

2242 5380 2457 5445 γνώμην.
2505 5373 2733 5451 [garum
2777 5374 2905 5451 uoci
2928 5373 3247 5451 propriam
3283 5375 3649 5451 sementium
3681 5390 3843 5443 pra:-

469 5444 864 5522 λιεροσεπιετίίθι-τιἱ
1276 5444 1287 5450 ’

2240 5444 2468 5501 nouere.
2520 5446 2649 5499 Non
2698 5444 3253 5522 animadverterunt
3302 5445 3410 5517 qui
3436 5445 3841 5522 bun_c_locum

542 5523 650 5583 (30)
703 5528 775 5581 Τῆ
836 5518 1043 5595 ὁξικαίᾳ.
1064 5525 1169 5595 Alta
1200 5520 1379 5595 Harl..
1403 5520 1573 5588 Med.,
1599 5520 1772 5578 Coisl.
1802 5520 2032 5593 primus
2062 5523 2119 5576 et
2228 5515 2991 5595 mutavere,ne'gationem,
3036 5532 3172 5589 qua:
3194 5515 3526 5589 praecessit,
3554 5516 3654 5572 hic
3678 5532 3843 5590 quo-

469 5588 612 5662 Reg.
644 5593 971 5651 secundus.
1000 5585 1150 5651 Editi
1189 5600 1280 5654 τῆς
1313 5585 1567 5655 δικαίας(
1802 5585 1822 5593 ’

1189 5600 1280 5654 τῆς
1313 5585 1567 5655 δικαίας(
1802 5585 1822 5593 ’
2225 5604 2345 5661 que
2376 5585 2757 5658 subintelligi.
