4054 6204
523 298 628 356 403
1927 298 1984 353 S.
2030 297 2278 354 BASILII

522 439 637 481 nos
648 425 859 480 natum
880 420 1158 479 existimo
1177 420 1494 479 libidinose
1511 420 1787 479 habitare
1809 437 1948 477 cum
1972 421 2179 478 mulie-
2208 424 2257 477 A

521 530 585 570 re
601 531 614 569 :
629 529 739 570 nec
749 512 916 586 quod
932 517 1101 586 turpe
1113 512 1359 585 aliquod
1374 512 1605 569 facinus
1621 511 2181 568 fuissetadmissum

518 603 745 661 idcirco
766 603 1040 660 constitui
1064 619 1200 676 quas
1224 602 1504 659 constitui
1534 619 1547 669 ;
1572 602 1677 659 sed
1697 601 1864 675 quod
1886 602 1964 657 ab
1987 606 2180 674 Apos-

518 696 641 753 tolo
679 694 999 752 didicimus
1042 694 1474 751 oﬂendiculum
1514 694 1679 751 fratri
1710 709 1833 749 non
1854 708 2079 766 ponere
2104 692 2183 749 ad

520 784 885 841 scandalum
908 786 947 838 ¹.
973 783 1207 841 Scimus
1234 788 1436 840 autem
1454 784 1621 856 quod
1644 800 1679 839 a
1701 782 2008 839 nonnullis
2029 786 2182 838 recte

518 875 761 945 geritur,
822 873 951 930 aliis
998 872 1384 929 occasionem
1431 890 1563 929 esse
1626 872 1941 945 peccandi.
1988 874 2182 938 Quare

517 962 905 1037 praecipimus
942 967 1287 1019 sanctorum
1320 962 1567 1018 Patrum
1593 962 1901 1018 decretum
1933 977 2185 1035 sequen-

516 1059 629 1123 tes,
659 1057 721 1109 ut
741 1069 777 1110 a
801 1052 1158 1109 muliercula
1185 1054 1504 1125 separeris.
1532 1053 1685 1119 Quid
1710 1054 1890 1124 igitur
1911 1054 2183 1126 chorepi-

518 1159 775 1216 scopum
809 1142 1074 1211 incusas,
1098 1145 1153 1198 et
1178 1142 1395 1198 veteris
1416 1142 1739 1199 inimicitias
1766 1142 1912 1198 facis
1933 1143 2185 1199 mentio-

515 1249 658 1290 nem
678 1234 707 1288 ?
739 1232 895 1299 Quid
924 1232 999 1288 de
1030 1230 1207 1288 nobis
1239 1232 1507 1303 quereris
1534 1232 1700 1304 quod
1728 1230 1933 1287 faciles
1962 1232 2189 1289 calum-

520 1323 637 1379 niis
678 1338 853 1379 aures
892 1321 1307 1394 praebeamus,
1338 1337 1410 1377 ac
1447 1337 1569 1377 non
1603 1322 1802 1394 potius
1845 1322 1920 1377 de
1951 1326 2005 1378 te
2033 1322 2182 1394 ipse,

522 1410 628 1485 qui
663 1409 887 1466 adduci
928 1425 1052 1466 non
1087 1413 1279 1482 potes,
1306 1415 1371 1466 ut
1397 1426 1432 1467 a
1452 1409 1719 1466 mulieris
1748 1410 2185 1467 consuetudine

518 1498 768 1556 recedas
789 1500 818 1555 ?
853 1499 1009 1570 Ejice
1048 1499 1228 1570 igitur
1266 1498 1430 1556 illam
1480 1500 1653 1572 150
1688 1516 1755 1556 ex
1786 1500 1902 1556 tuis
1928 1500 2180 1572 aedibus,

522 1592 579 1646 et
607 1589 670 1645 in
700 1588 1062 1645 monasterio
1088 1589 1411 1646 constitue.
1435 1589 1516 1645 Sit
1541 1589 1643 1646 illa
1666 1605 1804 1645 cum
1826 1589 2182 1661 virginibus,

523 1682 581 1736 et
617 1678 783 1751 apud
806 1683 861 1735 te
894 1678 1157 1735 serviant
1198 1678 1327 1750 viri,
1361 1683 1429 1735 ut
1456 1695 1531 1734 ne
1563 1679 1665 1734 Dei
1691 1693 1914 1735 nomen
1941 1684 2185 1752 propter

520 1784 633 1827 vos
656 1766 1132 1840 blasphemetur.
1150 1770 1283 1823 Haec
1305 1767 1499 1824 donec
1520 1766 1754 1833 feceris,
1776 1768 2185 1824 innumerabi-
2220 1796 2260 1850 Β

519 1856 602 1914 lia
621 1872 759 1929 quas
785 1872 892 1929 per
912 1855 1197 1929 epistolas
1226 1855 1438 1912 scribis
1460 1856 1607 1912 nihil
1628 1860 1684 1912 te
1702 1856 2008 1929 juvabunt
2033 1875 2045 1925 ;
2080 1856 2185 1913 sed

522 1946 795 2003 morieris
820 1946 1068 2017 otiosus,
1112 1962 1182 2002 ac
1210 1944 1428 2003 reddes
1460 1944 1714 2002 Domino
1739 1946 2036 2002 rationem
2080 1946 2185 2002 otii

523 2034 637 2091 tui.
691 2033 861 2100 Quod
913 2034 964 2090 si
1021 2050 1208 2091 ausus
1262 2034 1444 2089 fueris
1504 2034 1650 2090 citra
1699 2034 2185 2091 emendationem

524 2124 932 2182 sacerdotium
971 2124 1077 2180 tibi
1122 2123 1454 2190 vindicare,
1501 2124 1828 2181 anathema
1871 2125 1987 2180 eris
2017 2125 2185 2181 omni

523 2213 791 2287 populo;
828 2217 885 2269 et
913 2214 1019 2287 qui
1064 2218 1119 2270 te
1164 2213 1514 2286 receperint,
1548 2214 2049 2272 excommunicati
2077 2230 2185 2287 per

524 2317 770 2359 omnem
800 2301 1127 2359 Eoclesiam
1158 2308 1349 2359 erunt.

524 2393 595 2463 μὴ
663 2386 1088 2463 διορθωσάμενος
1150 2394 1386 2461 σεαυτόν,
1434 2389 1753 2465 ἀντέχεσθαι
1806 2402 1897 2453 τῆς
1952 2395 2255 2468 ἱερωσύνης,

524 2476 835 2555 ἒκκήρυκτοι
861 2482 997 2534 κατά
1020 2486 1195 2533 πᾶσαν
1229 2480 1543 2539 Ἐκκλησίαν
1572 2488 1909 2554 γενήσονται.

1133 2607 1468 2664 EPISTULA
1508 2608 1662 2664 LVI'.

2315 299 2534 355 MAGNI
3793 304 3903 359 404

2291 422 2546 498 ἐλεύθερος
2588 424 2717 477 εἶναι
2762 425 2953 486 παντὸς
3004 429 3305 495 σωματικοῦ
3355 424 3575 487 πάθους.
3614 426 3750 478 Οὔτε
3788 429 3898 502 γὰρ

2290 516 2376 564 τόν
2439 510 2887 587 ἐϐδομηκονταετῆ
2976 517 3225 585 γεγονότα
3298 515 3542 587 πείθομαι
3645 514 3897 589 ἐμπαθῶς

2293 610 2545 655 συνοικεῖν
2606 608 2838 675 γυναικὶ,
2894 605 3011 656 οὔτε
3067 605 3136 663 ὡς
3186 601 3511 676 ἐπιγενομένῃ
3569 609 3671 656 τινὶ
3714 604 3893 678 ἀτόπῳ

2290 691 2473 767 πράξει
2520 694 2781 768 ὡρίσαμεν
2836 692 2870 743 ἂ
2926 696 3223 765 ὡρίσαμεν·
3288 690 3396 743 ἀλλ’
3449 690 3631 751 ἐπειδὴ
3699 691 3895 747 ἐδιδά-

2290 783 2497 855 χθημεν
2548 786 2691 857 παρά
2734 790 2825 835 τοῦ
2867 781 3184 834 Ἀποστόλου
3226 785 3297 853 μὴ
3338 783 3533 834 τιθέναι
3571 789 3895 858 πρόσκομμα

2292 879 2363 942 τῷ
2418 868 2620 945 ἀδελφῷ
2672 871 2745 933 εἰς
2800 868 3092 924 σκάνδαλον
3143 872 3273 943 (64).
3322 868 3555 945 Οἵδαμεν
3588 869 3668 942 δὲ,
3713 875 3795 925 ὅτι
3835 878 3894 926 τὸ

2291 962 2435 1036 παρά
2501 981 2649 1013 τινων
2720 961 2877 1033 ὑγιῶς
2938 966 3202 1033 γινόμενον
3263 959 3431 1021 ἄλλοις
3504 960 3707 1037 ἀφορμὴ
3770 966 3898 1037 πρὸς

2294 1050 2552 1126 ἁμαρτίαν
2606 1052 2839 1126 ὑπάρχει
2898 1051 3047 1122 (65).
3099 1053 3295 1103 Τούτου
3352 1051 3512 1103 ἕνεκεν
3569 1054 3901 1126 προσετάξα-

2293 1158 2405 1212 μεν,
2443 1138 2693 1213 ’ἑπόμενοι
2746 1148 2806 1212 τῇ
2860 1136 3085 1212 διαταγῇ
3135 1148 3232 1191 τῶν
3272 1139 3431 1211 ἁγίων
3492 1145 3755 1214 Πατέρων,
3789 1163 3907 1214 χω-

2293 1230 2541 1302 ρισθῆναί
2590 1249 2645 1282 σε
2687 1236 2778 1281 τοῦ
2807 1234 3043 1301 γυναίου.
3076 1234 3138 1281 Τί
3169 1226 3255 1281 οὖν
3285 1228 3509 1300 ἐγκαλεῖς
3548 1239 3620 1301 τῷ
3658 1251 3903 1305 χωρεπι-

2296 1324 2497 1390 σκόπῳ,
2554 1323 2645 1371 καὶ
2686 1318 2907 1379 παλαιᾶς
2943 1320 3139 1394 ἔχθρας
3180 1322 3479 1391 μέμνησαι;
3529 1324 3592 1372 Τί
3641 1317 3700 1373 δὲ
3754 1323 3902 1394 ἡμᾶς

2296 1412 2605 1481 καταμέμφῃ
2668 1410 2731 1470 ἡς
2787 1408 3029 1469 εὐκόλους
3083 1407 3240 1469 ἀκοάς
3296 1410 3511 1480 ἔχοντας
3568 1409 3633 1469 εἰς
3686 1414 3745 1462 τὸ
3805 1413 3909 1472 τὰς

2299 1493 2551 1560 διαϐολὰς
2603 1500 2953 1572 προσίεσθαις
3013 1496 3121 1549 ἀλλ’
3175 1497 3303 1569 οὐχὶ
3349 1506 3551 1569 σεαυτῷ
3597 1502 3667 1570 μὴ
3713 1498 3910 1571 ἀνεχο-

2294 1591 2427 1661 μένῳ
2487 1588 2600 1655 (66)
2661 1587 2957 1646 ἀποστῆναι
3009 1596 3110 1649 τῶς
3164 1592 3290 1662 πρός
3336 1592 3431 1646 τὴν
3495 1596 3718 1659 γυναῖκα
3782 1607 3914 1641 συν-

2297 1679 2513 1744 ηθείας;
2570 1676 2817 1730 Ἐκϐαλλε
2867 1682 3037 1729 τοίνυν
3086 1676 3247 1735 αὐτὴν
3292 1676 3392 1729 ἀπὸ
3444 1684 3536 1729 τοῦ
3584 1681 3728 1731 οἴκου
3781 1697 3910 1745 σου,

2294 1770 2383 1820 καὶ
2434 1768 2769 1825 κατάστησον
2828 1766 2988 1825 αὐτὴν
3044 1765 3091 1818 ἐν
3150 1771 3487 1840 μοναστηρίῳ
3535 1765 3673 1839 (67).
3723 1767 3913 1820 Ἔστω

2296 1856 2459 1914 ἐκείνη
2519 1859 2651 1929 μετὰ
2704 1858 2987 1932 παρθένων,
3048 1860 3139 1908 καὶ
3203 1859 3268 1908 σὺ
3326 1857 3585 1931 ὑπηρετοῦ
3653 1856 3743 1909 ὑπ’
3805 1856 3912 1909 ὄιν-

2296 1945 2454 2023 δρῶν,
2503 1948 2584 1998 ἴνα
2630 1951 2699 2019 μὴ
2742 1950 2800 1999 τό
2846 1948 3005 2019 ὄνομα
3052 1953 3143 1998 τοῦ
3181 1951 3313 1999 Θεοῦ
3364 1942 3437 1999 δι’
3475 1948 3610 2020 ὑμᾶς
3650 1946 3915 2019 βλασφη-

2295 2044 2481 2111 μῆται.
2534 2034 2663 2097 Ἕως
2723 2032 2772 2087 δ’
2832 2035 2891 2087 ἂν
2922 2042 3087 2088 ταῦτα
3125 2044 3297 2108 ποιῇς,
3333 2038 3386 2087 αἱ
3433 2033 3708 2109 μυριάδες,
3771 2036 3911 2111 οἷπερ

2297 2129 2409 2195 (68)
2456 2126 2778 2199 συγγράφεις
2841 2121 2936 2177 διὰ
2993 2134 3091 2176 τῶν
3150 2124 3455 2195 ἐπιστολῶν,
3511 2122 3662 2179 οὐδὲν
3704 2126 3917 2197 ὠφελή-

2296 2220 2454 2269 σουσί
2502 2234 2559 2267 σε
2587 2236 2613 2249 ·ν
2658 2214 2786 2267 ἀλλά
2832 2214 3159 2275 τελευτήσεις
3211 2213 3404 2289 ἀργῶν,
3436 2219 3525 2268 καὶ
3582 2213 3778 2277 δώσεις
3839 2224 3917 2287 τῷ

2296 2307 2469 2378 Κυρίῳ
2513 2303 2663 2376 λόγον
2716 2311 2813 2365 τῆς
2860 2311 3088 2357 σεαυτοῦ
3133 2301 3337 2379 ἀργίας.
3374 2303 3489 2358 Ἐὰν
3523 2300 3581 2357 δε
3611 2303 3916 2377 τολμήσῃς,

2317 2393 2547 2465 ἀνάθεμα
2603 2394 2694 2467 ἔσῃ
2760 2398 2917 2446 παντὶ
2974 2400 3047 2463 τῷ
3098 2392 3220 2464 λαῷ.
3280 2397 3371 2445 καὶ
3418 2395 3465 2445 οἱ
3515 2388 3803 2465 δεχόμενοί
3860 2412 3919 2445 σε

2802 2611 3134 2661 ΕΠΙΣΤΟΛῐί
3173 2613 3278 2671 Nc.

529 2702 783 2776 Basilius
813 2708 1153 2774 querentem
1182 2702 1598 2772 Pergamium,
1620 2706 1781 2775 quod
1812 2706 2030 2761 litteris
2059 2706 2181 2761 suis
2208 2719 2326 2761 non
2359 2706 2781 2774 respondisset,
2805 2706 3059 2773 placare
3087 2709 3365 2772 conatur,
3387 2719 3563 2776 seque
3590 2720 3715 2761 non
3744 2721 3924 2762 arro-

594 2774 801 2849 gantia
839 2789 914 2849 ea;
960 2780 1250 2849 potestate
1301 2781 1459 2835 orta.
1525 2774 1643 2832 sed
1686 2778 2115 2845 sollicitudine,
2148 2791 2271 2849 qua

596 2846 898 2916 Pergamii
924 2846 1401 2905 oblivisceretur.

1204 2971 1552 3041 Pergamio.
2227 2975 2267 3032 C

603 3094 749 3149 Sum
794 3093 1081 3166 equidem
1130 3099 1349 3152 natura
1378 3095 1661 3168 proclivis
1693 3095 1771 3153 ad
1801 3096 2192 3173 oblivionem,

532 3181 637 3236 sed
681 3183 932 3239 accessit
970 3184 1119 3239 mihi
1164 3189 1221 3240 et
1267 3185 1648 3255 negotiorum
1679 3186 2022 3251 multitudo,
2057 3203 2193 3260 quae

530 3268 802 3326 innatam
845 3271 1259 3329 inﬁrmitatem
1310 3274 1597 3345 adauget.
1646 3275 2054 3341 Quamobrem
2085 3274 2190 3331 etsi

530 3373 656 3415 non
700 3360 952 3416 memini
984 3377 1083 3417 me
1127 3361 1354 3420 litteras
1382 3364 1651 3437 accipere
1682 3364 2011 3421 nobilitatis
2052 3371 2188 3437 tuae,

529 3450 733 3504 tamen
758 3454 811 3505 te
834 3449 913 3505 ad
942 3466 1038 3506 me
1070 3452 1379 3524 scripsisse
1410 3470 1767 3526 persuasum
1794 3454 1991 3511 habeo
2018 3473 2031 3524 ;
2071 3470 2195 3511 non

530 3536 693 3593 enim
720 3538 1113 3595 mentiturum
1160 3545 1214 3597 te
1244 3557 1496 3615 prorsus
1526 3542 1732 3599 fuisse.
1778 3544 1951 3609 Quod
1990 3548 2194 3600 autem

530 3642 655 3684 non
687 3628 994 3702 respondi,
1041 3628 1218 3704 culpa
1257 3646 1381 3688 non
1426 3632 1535 3689 fuit
1577 3649 1730 3701 mea,
1770 3634 1876 3690 sed
1901 3634 2058 3690 illius
2089 3634 2195 3707 qui

531 3733 833 3792 responsa
859 3734 983 3777 non
1009 3720 1308 3795 poposcit.
1331 3723 1380 3776 Ν
1387 3737 1502 3778 unc
1530 3728 1731 3779 autem
1764 3724 1841 3780 ad
1864 3729 1917 3781 te
1949 3725 2196 3781 veniunt

538 3807 632 3863 hae
648 3808 873 3880 litterae,
891 3826 1027 3883 quae
1051 3816 1107 3867 et
1128 3811 1425 3884 prseterita
1446 3818 1732 3869 excusent
1753 3819 1807 3869 et
1824 3814 2196 3871 salutationis

542 3897 784 3954 alterius
824 3900 1062 3955 initium
1092 3901 1425 3973 praebeant.
1457 3903 1648 3967 Quare
1678 3918 1817 3958 cum
1843 3904 1920 3959 ad
1944 3920 2038 3959 me
2060 3903 2197 3959 scri-

537 3987 671 4057 bes,
697 4004 773 4044 ne
793 3989 1046 4046 alterum
1075 3991 1380 4047 scribendi
1406 3991 1682 4048 ordinem
1724 4008 1759 4048 a
1785 3997 1835 4048 te
1861 3992 2042 4065 incipi
2071 3993 2198 4067 opi-

539 4077 718 4147 neris,
757 4078 861 4134 sed
903 4078 1069 4135 hisce
1118 4079 1325 4137 litteris
1369 4080 1643 4138 debitum
1673 4081 1952 4155 persolvi.
1983 4084 2197 4149 Quam-

615 4222 632 4257 ¹
676 4223 845 4279 Rom.
874 4237 993 4291 xxv,
1029 4226 1121 4280 13.

613 4364 830 4447 ἿΑᾼΗιιε
857 4366 1119 4447 ϐρομινε
1156 4365 1388 4447 Scripta
1411 4365 1585 4447 _i_nit_io
1616 4366 2029 4447 episcopatus.
2229 4337 2274 4392 ί)

614 4438 725 4510 (ει)
758 4437 847 4510 El;
896 4433 1205 4492 σκάνδαλον.
1258 4433 1565 4510 Sicllarl.
1618 4433 1674 4494 el;
1723 4433 1898 4494 Cois].
1940 4438 2192 4510 primus,

542 4509 765 4633 quibus
787 4508 945 4564 favet
974 4525 1131 4564 unus
1154 4526 1227 4564 ex
1251 4509 1463 4579 Regiis,
1492 4509 1550 4564 in
1590 4526 1712 4583 quo
1734 4508 2019 4580 legitur—si
2043 4514 2195 4562 σκάν-

585 4580 721 4632 αλον.
753 4579 902 4633 Editi
929 4580 957 4633 ἦ
994 4577 1303 4633 σκάνδαλον.

585 4580 721 4632 αλον.
753 4579 902 4635 Editi
929 4580 957 4637 ἦ
994 4577 1303 4635 σκάνδαλον.

616 4653 725 4734 (ρᾷ)
747 4650 1036 4734 ρ’ῖςοξρχει.
1068 4653 1159 4734 Sic
1194 4652 1377 4709 iidem
1409 4657 1525 4709 tres
1562 4652 1799 4709 codices
1832 4657 1889 4709 et
1919 4651 2017 4710 alii
2047 4669 2197 4711 non-

543 4720 715 4777 nulli.”
747 4720 901 4778 Editi
918 4720 1169 4795 -υπάρξεμ

614 4795 729 4870 (6-6)
784 4801 986 4870 Esmun}:
1059 4800 1130 4866 μὴ
1197 4795 1524 4870 ἀνεχομένου.
1602 4800 1685 4853 Ita
1743 4799 1856 4852 tres
1928 4798 2197 4870 vetustis-

543 4864 678 4920 simi
708 4864 1114 4921 codices'cum
1142 4864 1334 4923 tribus
1359 4864 1508 4924 aliis.
1535 4870 1696 4923 Unus
1726 4884 1796 4923 ex
1826 4869 2019 4924 Regiis
2047 4889 2195 4921 σεαυ-

544 4944 634 4988 τοῦ
687 4942 759 5021 μὴ
818 4935 1150 5021 ἀνεχομένου.
1206 4940 1355 4995 Editi
1403 4945 1461 4995 et
1508 4955 1663 4995 unus
1716 4943 1818 4995 aut
1876 4935 2023 4996 alter
2076 4958 2191 4995 ms.

544 5012 759 5061 σεαυτόν
788 5012 859 5079 μή
896 5012 1222 5080 ἀνεχόμενον.

614 5083 727 5151 (67)
784 5082 863 5157 Ἐν
919 5088 1274 5157 μοναστηρίῳ.
1353 5082 1690 5157 Balsamon,
1765 5082 1883 5157 qui
1936 5086 2195 5157 vetustos

539 5165 804 5209 canones
839 5152 1242 5209 interdum'ex
1269 5154 1704 5211 consuetudine
1731 5152 1919 5209 inlatis
1951 5170 2074 5209 suae
2107 5154 2193 5208 in-

537 5227 913 5297 terpretatur,
963 5223 1156 5297 Basilii
1198 5225 1506 5281 decretum
1555 5227 1616 5280 in
1674 5225 1927 5297 consilii,
1970 5241 2093 5279 non
2133 5226 2193 5280 in

536 5295 820 5368 praecepti
849 5295 981 5351 loco
1013 5295 1250 5369 accipit,
1279 5298 1423 5369 quia
1447 5298 1799 5369 virginitatis
1828 5296 2023 5369 legem
2046 5296 2193 5369 iuvi-

534 5369 950 5440 tee‘imponerc
990 5368 1251 5422 severius
1275 5368 1443 5438 justo
1474 5368 1803 5440 videretur.
1845 5368 1957 5422 Sed
1994 5368 2192 5422 minus

532 5438 677 5494 vidit
706 5438 1021 5495 Balsamon
1044 5442 1100 5494 et
1126 5444 1443 5495 extraneas
1468 5438 1599 5493 illas
1623 5438 1901 5493 mulieres
1929 5446 1979 5491 ut
2016 5439 2189 5505 viros,

576 5510 895 5566 uibuscum
926 5510 1304 5566 habitabant.
1334 5509 1692 5579 virginitatis
1719 5509 1850 5578 lege
1871 5509 2190 5565 obstrictos

556 5580 734 5638 uisse.
774 5583 1170 5638 Consentiunt
1201 5598 1273 5638 ea
1302 5582 1375 5636 de
1428 5598 1490 5636 re
1521 5586 1769 5636 veteres.
1807 5585 2025 5637 Auctor
2056 5581 2205 5635 libri

526 5652 614 5706 De
632 5653 1061 5723 singularitate
1086 5656 1465 5719 clericorum,
1492 5653 1935 5709 continentibus
1957 5653 2193 5709 clericis

2318 2794 2482 2833 nunc
2529 2777 2935 2847 distringitur,
2972 2776 3303 2833 adductum
3342 2775 3470 2834 esse
3498 2775 3808 2849 declarat,
3854 2785 3921 2833 ut

2875 2976 3158 3047 Περγαμίῳ
3200 2972 3335 3043 (69).

2376 3098 2496 3170 Εἰμὶ
2558 3100 2647 3171 μὲν
2701 3099 2853 3169 φύσει
2906 3097 3113 3160 εὔκολος
3162 3100 3291 3173 πρὸς
3347 3100 3441 3155 τὴν
3492 3096 3678 3163 λήθην,
3744 3097 3921 3170 ἐπεγέ-

2303 3208 2413 3241 νετο
2468 3185 2528 3241 δέ
2572 3209 2661 3261 μοι
2709 3193 2797 3241 καὶ
2842 3192 2897 3241 τὸ
2943 3197 3041 3239 τῶν
3097 3187 3361 3260 ἀσχολιῶν
3401 3188 3613 3251 πλῆθος,
3659 3188 3920 3242 ἐπιτεῖνον

2304 3283 2398 3336 τὴν
2446 3277 2499 3330 ἐκ
2553 3281 2751 3351 φύσεως
2810 3276 3123 3353 ἀρρωστίαν.
3172 3275 3350 3347 Ὠστε,
3387 3278 3429 3330 εἰ
3475 3282 3565 3330 καὶ
3596 3282 3665 3351 μή
3709 3284 3920 3351 μέμνη-

2304 3389 2400 3441 μαι
2457 3364 2729 3441 δεξάμενος
2775 3370 3062 3443 γράμματα
3109 3376 3202 3429 τῆς
3260 3368 3508 3439 εὐγενείας
3567 3386 3685 3439 σου,
3744 3370 3916 3421 πείθο-

2305 3478 2400 3531 μαι
2476 3455 2839 3510 ἐπεσταλκέναι
2917 3476 2973 3509 σε
3038 3458 3202 3529 ἡμῖν’
3271 3456 3329 3508 οὐ
3386 3459 3487 3529 γὰρ
3555 3455 3614 3507 ἂν
3704 3460 3911 3519 πάντως

2303 3543 2494 3618 ψεῦδος
2568 3547 2723 3599 εἰπεῖν
2784 3565 2858 3601 σε.
2921 3552 3023 3598 Τοῦ
3079 3542 3137 3598 δὲ
3188 3549 3259 3619 μὴ
3316 3544 3771 3619 ἀντιφθέγξασθαι
3820 3549 3908 3600 οὐκ

2304 3633 2403 3707 ἐγὼ
2462 3637 2649 3704 αἴτιος,
2712 3634 2820 3687 ἀλλ’
2860 3636 2885 3686 ό
2941 3638 3012 3707 μὴ
3074 3634 3373 3697 ἀπαιτήσας
3424 3638 3517 3697 τὰς
3577 3634 3905 3712 ἀποκρίσεις.

2304 3730 2434 3776 Νυνὶ
2490 3722 2549 3777 δι
2603 3727 2717 3783 ἣκει
2772 3742 2856 3776 σοι
2907 3726 2972 3775 τὰ
3002 3726 3292 3797 γράμματα
3334 3730 3519 3792 ταῦτα,
3548 3724 3679 3798 υπίρ
3719 3743 3774 3775 τε
3804 3724 3912 3794 (70)

2304 3822 2402 3867 τῶν
2489 3816 2792 3887 φθασάντων
2859 3811 3141 3885 ἀπολογίαν
3200 3813 3517 3889 πληροῦντα,
3575 3818 3668 3864 καὶ
3740 3811 3911 3888 ἀρχὴν

2306 3900 2527 3957 διδόντα
2574 3908 2933 3979 προσηγορίας
2982 3900 3250 3977 δευτέροις.
3301 3899 3485 3971 Ὥστε,
3541 3896 3762 3954 ἕπειδάν
3818 3901 3922 3953 ἐπι·

2308 3992 2517 4067 στίλλῃς
2590 3995 2736 4066 ἡμῖν,
2820 3997 2890 4065 μὴ
2968 3996 3035 4056 ὡς
3110 3991 3271 4067 ἄρξας
3347 3988 3592 4065 δευτέρας
3660 3987 3921 4067 περιόδου

2303 4085 2627 4156 γραμμάτων
2686 4077 2920 4147 διανοοῦ,
2982 4079 3093 4133 ἀλλ’
3142 4082 3206 4142 ὡς
3258 4079 3649 4157 ἀποπληρώσας
3697 4080 3787 4133 ἐπὶ
3821 4085 3926 4139 τοῖς

2304 4372 2360 4425 et
2411 4365 2743 4444 virginibus
2800 4365 3059 4444 hospitia
3108 4363 3475 4444 separanda,
3511 4364 3925 4444 pronuntiat,

2302 4454 2472 4494 num.
2506 4444 2587 4493 16.
2623 4441 2848 4494 Canon.
2888 4442 2946 4494 19
2981 4440 3622 4509 Ancyranusvetatne
3656 4438 3923 4509 virgines

2305 4526 2442 4565 cum
2472 4511 2628 4575 viris,
2657 4511 2836 4564 veluti
2859 4526 2995 4564 cum
3021 4509 3302 4564 fratribus
3323 4508 3567 4575 degant.
3594 4508 3923 4576 Gregorius

2304 4585 2441 4638 Naz.
2475 4583 2534 4636 in
2567 4583 2831 4637 carmine
2861 4582 3048 4648 tertio,
3080 4596 3219 4651 pag.
3256 4584 3343 4645 357,
3370 4578 3639 4650 praecipit
3671 4579 3922 4651 virgini-

2302 4653 2417 4707 bus
2468 4659 2527 4708 ut
2562 4652 2899 4708 masculum
2947 4646 3192 4707 omnem
3239 4646 3441 4719 vitent,
3480 4646 3836 4702 συνεισακτὲν
3869 4646 3922 4702 δι

2304 4724 2574 4804 μάλιστα,Δ
2602 4726 3032 4804 ηιατίηιερθνξο
3076 4728 3455 4804 ecetraneum:
3472 4722 3925 4804 "Hieronymus

2303 4792 2363 4851 in
2423 4796 2680 4867 Epistola
2731 4796 2807 4851 ad
2864 4794 3269 4867 Eustochium,
3328 4792 3651 4867 Ccelibem,
3697 4792 3924 4866 inquit,

2304 4866 2528 4937 spernit
2562 4870 2728 4937 virgo
2766 4882 3143 4936 germanum,
3165 4866 3424 4934 fratrem
3464 4866 3682 4935 quierit
3714 4872 3927 4921 extra-

2306 4955 2499 4996 neum.
2524 4945 2579 4994 et
2602 4955 2732 4993 cum
2758 4941 2815 4993 in
2842 4939 3040 4994 eodem
3060 4938 3365 5006 proposito
3386 4951 3507 4991 esse
3525 4952 3587 4991 se
3602 4938 3926 4999 simulent,

2347 5017 2580 5065 uwrunt
2621 5012 2881 5065 aliorum
2919 5010 3241 5078 spirituale
3276 5009 3585 5075 solatium,
3642 5014 3709 5061 ut
3755 5008 3933 5064 domi

2347 5028 2580 5065 lliL’l'lUll
2621 5028 2881 5065 auorum
2919 5028 3241 5078 sptruuace
3276 5028 3585 5075 somnum,
3642 5028 3707 5061 ιιι
3755 5028 3931 5064 αοπιι

2304 5028 2564 5137 labeant
2594 5082 2845 5137 carnale
2873 5081 3310 5136 commercium.
3348 5079 3616 5147 Virgines
3641 5082 3697 5133 et
3727 5093 3933 5136 cano-

2304 5154 2449 5207 nicae
2484 5158 2772 5209 vocantur
2802 5152 3100 5221 ejusmodi
3128 5150 3406 5207 mulieres
3432 5150 3492 5204 in
3524 5150 3934 5206 Orationibus

2306 5224 2711 5294 Chrysostomi
2759 5224 3053 5279 adversus
3091 5239 3217 5289 eos,
3250 5222 3355 5295 qui
3405 5224 3793 5295 συνιισαχτοὺς
3827 5223 3936 5279 ha,-

2303 5292 2465 5350 bent.
2510 5296 2745 5351 Miuime
2776 5310 2919 5365 ergo
2948 5295 3171 5349 mirum
3217 5292 3547 5365 si'Basilius
3579 5293 3642 5365 in
3672 5309 3938 5365 monaso

2303 5368 2447 5422 terio
2472 5364 2893 5422 collocandam
2925 5382 3058 5422 esse
3104 5366 3203 5433 ait,
3239 5381 3377 5437 quae
3414 5364 3545 5435 jam
3586 5364 3934 5435 virginitati

2303 5454 2431 5493 sese
2458 5444 2934 5494 consecraverat.

2398 5512 2487 5586 68)
2513 5506 2694 5581 "Amp.
2740 5509 2993 5586 Codices
3028 5512 3300 5586 quatuor
3332 5506 3699 5586 recentiores
3727 5508 3939 5586 ἇσπερ.

2399 5584 2485 5649 69)
2516 5579 2815 5655 Περγαμίῳ.
2849 5579 3161 5655 Medicaeus
3415 5582 3699 5652 Περγάμῳ.

2373 5655 2486 5723 (70)
2515 5650 2663 5727 ’Υπέρ
2694 5650 2775 5709 τε..
2802 5652 2957 5711 Harl.
2988 5660 3047 5709 et
3076 5650 3225 5709 Med.
3259 5652 3384 5724 ὑπὲρ
3415 5655 3533 5722 μέν.
