  <div class='ocr_page' id='page_1' title='image "/cluster/home/n/w/nwhite01/storage/ocr_20150623/32/hvd.32044048207401/208.png"; bbox 0 0 4054 6204; ppageno 0'>
   <div class='ocr_carea' id='block_1_1' title="bbox 179 315 288 370">
    <p class='ocr_par' dir='ltr' id='par_1_1' title="bbox 179 315 288 370">
     <span class='ocr_line' id='line_1_1' title="bbox 179 315 288 370; baseline -0.018 0"><span class='ocrx_word' id='word_1_1' title='bbox 179 315 288 370; x_wconf 65' lang='grc'>40⁸5</span> 
     </span>
    </p>
   </div>
   <div class='ocr_carea' id='block_1_2' title="bbox 1190 303 2555 367">
    <p class='ocr_par' dir='ltr' id='par_1_2' title="bbox 1190 303 2555 367">
     <span class='ocr_line' id='line_1_2' title="bbox 1190 303 2555 367; baseline -0.001 -3"><span class='ocrx_word' id='word_1_2' title='bbox 1190 306 1681 367; x_wconf 68' lang='grc' dir='ltr'><strong>ΕΡΙεΤΟΙΑΒΗΜ</strong></span> <span class='ocrx_word' id='word_1_3' title='bbox 1719 303 2000 364; x_wconf 86' lang='lat' dir='ltr'><strong>CLASSIS</strong></span> <span class='ocrx_word' id='word_1_4' title='bbox 2036 308 2102 362; x_wconf 88' lang='lat' dir='ltr'><strong>ll.</strong></span> <span class='ocrx_word' id='word_1_5' title='bbox 2142 308 2354 364; x_wconf 86' lang='lat' dir='ltr'><strong>EPIST.</strong></span> <span class='ocrx_word' id='word_1_6' title='bbox 2397 307 2555 364; x_wconf 86' lang='lat' dir='ltr'><strong>LVII.</strong></span> 
     </span>
    </p>
   </div>
   <div class='ocr_carea' id='block_1_3' title="bbox 3444 310 3552 368">
    <p class='ocr_par' dir='ltr' id='par_1_3' title="bbox 3444 310 3552 368">
     <span class='ocr_line' id='line_1_3' title="bbox 3444 310 3552 368; baseline 0.037 -4"><span class='ocrx_word' id='word_1_7' title='bbox 3444 310 3552 368; x_wconf 79' lang='grc'><strong>406</strong></span> 
     </span>
    </p>
   </div>
   <div class='ocr_carea' id='block_1_4' title="bbox 178 429 1801 512">
    <p class='ocr_par' dir='ltr' id='par_1_4' title="bbox 178 429 1801 512">
     <span class='ocr_line' id='line_1_4' title="bbox 178 429 1801 512; baseline -0.004 -22"><span class='ocrx_word' id='word_1_8' title='bbox 178 443 422 512; x_wconf 83' lang='grc' dir='ltr'>παροῦσι</span> <span class='ocrx_word' id='word_1_9' title='bbox 452 437 520 489; x_wconf 81' lang='grc' dir='ltr'>τὰ</span> <span class='ocrx_word' id='word_1_10' title='bbox 560 432 884 507; x_wconf 81' lang='grc' dir='ltr'>ὀφειλόμενα.</span> <span class='ocrx_word' id='word_1_11' title='bbox 919 437 1019 487; x_wconf 82' lang='grc' dir='ltr'><strong>Καὶ</strong></span> <span class='ocrx_word' id='word_1_12' title='bbox 1076 435 1200 507; x_wconf 79' lang='grc' dir='ltr'>γὰρ,</span> <span class='ocrx_word' id='word_1_13' title='bbox 1229 434 1272 487; x_wconf 86' lang='grc' dir='ltr'>εἰ</span> <span class='ocrx_word' id='word_1_14' title='bbox 1310 440 1401 486; x_wconf 80' lang='grc' dir='ltr'>καὶ</span> <span class='ocrx_word' id='word_1_15' title='bbox 1446 435 1557 505; x_wconf 73' lang='lat' dir='ltr'><strong>(Ti)</strong></span> <span class='ocrx_word' id='word_1_16' title='bbox 1590 429 1801 485; x_wconf 73' lang='grc' dir='ltr'>ἀντίδο-</span> 
     </span>
    </p>
   </div>
   <div class='ocr_carea' id='block_1_5' title="bbox 1919 429 3564 512">
    <p class='ocr_par' dir='ltr' id='par_1_5' title="bbox 1919 430 3564 504">
     <span class='ocr_line' id='line_1_5' title="bbox 1919 430 3564 504; baseline 0.003 -19"><span class='ocrx_word' id='word_1_17' title='bbox 1919 431 2005 485; x_wconf 91' lang='lat' dir='ltr'><strong>vis</strong></span> <span class='ocrx_word' id='word_1_18' title='bbox 2035 431 2195 487; x_wconf 91' lang='lat' dir='ltr'><strong>enim</strong></span> <span class='ocrx_word' id='word_1_19' title='bbox 2217 448 2353 488; x_wconf 90' lang='lat' dir='ltr'><strong>mea</strong></span> <span class='ocrx_word' id='word_1_20' title='bbox 2374 431 2627 504; x_wconf 91' lang='lat' dir='ltr'><strong>epistola</strong></span> <span class='ocrx_word' id='word_1_21' title='bbox 2647 430 2861 503; x_wconf 87' lang='lat' dir='ltr'><strong>prioris</strong></span> <span class='ocrx_word' id='word_1_22' title='bbox 2892 432 3009 487; x_wconf 81' lang='lat' dir='ltr'><strong>tuae</strong></span> <span class='ocrx_word' id='word_1_23' title='bbox 3038 430 3110 488; x_wconf 89' lang='lat' dir='ltr'><strong>sit</strong></span> <span class='ocrx_word' id='word_1_24' title='bbox 3138 433 3564 504; x_wconf 82' lang='lat' dir='ltr'><strong>remuneratio;</strong></span> 
     </span>
    </p>
   </div>
   <div class='ocr_carea' id='block_1_6' title="bbox 185 522 1799 601">
    <p class='ocr_par' dir='ltr' id='par_1_6' title="bbox 185 522 1799 601">
     <span class='ocr_line' id='line_1_6' title="bbox 185 522 1799 601; baseline -0.003 -23"><span class='ocrx_word' id='word_1_25' title='bbox 185 546 271 587; x_wconf 88' lang='grc' dir='ltr'><strong>σις</strong></span> <span class='ocrx_word' id='word_1_26' title='bbox 324 528 659 601; x_wconf 67' lang='grc' dir='ltr'><strong>προαγόντων</strong></span> <span class='ocrx_word' id='word_1_27' title='bbox 712 522 829 576; x_wconf 71' lang='grc' dir='ltr'>ἐστὶ</span> <span class='ocrx_word' id='word_1_28' title='bbox 881 525 947 575; x_wconf 76' lang='grc' dir='ltr'><strong>τὰ</strong></span> <span class='ocrx_word' id='word_1_29' title='bbox 1004 524 1251 596; x_wconf 80' lang='grc' dir='ltr'>ἡμέτερα,</span> <span class='ocrx_word' id='word_1_30' title='bbox 1285 522 1412 576; x_wconf 81' lang='grc' dir='ltr'>ἀλλὰ</span> <span class='ocrx_word' id='word_1_31' title='bbox 1463 532 1536 595; x_wconf 81' lang='grc' dir='ltr'>τῷ</span> <span class='ocrx_word' id='word_1_32' title='bbox 1592 523 1741 575; x_wconf 84' lang='grc' dir='ltr'>πλέον</span> <span class='ocrx_word' id='word_1_33' title='bbox 1771 523 1799 579; x_wconf 80' lang='grc' dir='ltr'>ἡ</span> 
     </span>
    </p>
   </div>
   <div class='ocr_carea' id='block_1_7' title="bbox 184 611 1804 687">
    <p class='ocr_par' dir='ltr' id='par_1_7' title="bbox 184 611 1804 687">
     <span class='ocr_line' id='line_1_7' title="bbox 184 611 1804 687; baseline -0.003 -20"><span class='ocrx_word' id='word_1_34' title='bbox 184 612 473 667; x_wconf 80' lang='grc' dir='ltr'>διπλάσιον</span> <span class='ocrx_word' id='word_1_35' title='bbox 550 611 885 684; x_wconf 71' lang='grc' dir='ltr'>ὑπερϐάλλειν</span> <span class='ocrx_word' id='word_1_36' title='bbox 966 614 1099 663; x_wconf 79' lang='grc' dir='ltr'>κατὰ</span> <span class='ocrx_word' id='word_1_37' title='bbox 1154 616 1209 664; x_wconf 87' lang='grc' dir='ltr'>τὸ</span> <span class='ocrx_word' id='word_1_38' title='bbox 1267 617 1497 687; x_wconf 80' lang='grc' dir='ltr'><strong>μέτρον,</strong></span> <span class='ocrx_word' id='word_1_39' title='bbox 1564 612 1804 684; x_wconf 80' lang='grc' dir='ltr'><strong>ἑκατέραν</strong></span> 
     </span>
    </p>
   </div>
   <div class='ocr_carea' id='block_1_8' title="bbox 183 700 1804 776">
    <p class='ocr_par' dir='ltr' id='par_1_8' title="bbox 183 700 1804 776">
     <span class='ocr_line' id='line_1_8' title="bbox 183 700 1804 776; baseline -0.002 -21"><span class='ocrx_word' id='word_1_40' title='bbox 183 709 279 763; x_wconf 73' lang='grc' dir='ltr'>τήν</span> <span class='ocrx_word' id='word_1_41' title='bbox 326 704 479 766; x_wconf 85' lang='grc' dir='ltr'>τάξιν</span> <span class='ocrx_word' id='word_1_42' title='bbox 510 704 626 774; x_wconf 82' lang='lat'><strong>(72)</strong></span> <span class='ocrx_word' id='word_1_43' title='bbox 650 700 1219 776; x_wconf 72' lang='grc' dir='ltr'>ἁποπληρὼσει.’ορᾁς</span> <span class='ocrx_word' id='word_1_44' title='bbox 1277 704 1433 754; x_wconf 85' lang='grc' dir='ltr'>ὁποῖα</span> <span class='ocrx_word' id='word_1_45' title='bbox 1494 701 1804 773; x_wconf 77' lang='grc' dir='ltr'><strong>σοφίζεσθαι</strong></span> 
     </span>
    </p>
   </div>
   <div class='ocr_carea' id='block_1_9' title="bbox 184 787 1803 866">
    <p class='ocr_par' dir='ltr' id='par_1_9' title="bbox 184 787 1803 866">
     <span class='ocr_line' id='line_1_9' title="bbox 184 787 1803 866; baseline -0.003 -22"><span class='ocrx_word' id='word_1_46' title='bbox 184 796 323 866; x_wconf 70' lang='grc' dir='ltr'>ἡμᾶς</span> <span class='ocrx_word' id='word_1_47' title='bbox 390 795 421 850; x_wconf 75' lang='grc' dir='ltr'>ἡ</span> <span class='ocrx_word' id='word_1_48' title='bbox 494 796 655 865; x_wconf 79' lang='grc' dir='ltr'>ἀργία</span> <span class='ocrx_word' id='word_1_49' title='bbox 722 792 1164 861; x_wconf 77' lang='grc' dir='ltr'>καταναγκάζει;</span> <span class='ocrx_word' id='word_1_50' title='bbox 1224 796 1290 845; x_wconf 79' lang='grc' dir='ltr'>Συ</span> <span class='ocrx_word' id='word_1_51' title='bbox 1360 789 1418 844; x_wconf 73' lang='grc' dir='ltr'><strong>δὲ</strong></span> <span class='ocrx_word' id='word_1_52' title='bbox 1482 798 1706 860; x_wconf 77' lang='grc' dir='ltr'>παῦσαι,</span> <span class='ocrx_word' id='word_1_53' title='bbox 1765 787 1803 839; x_wconf 79' lang='grc' dir='ltr'><strong>ὦ</strong></span> 
     </span>
    </p>
   </div>
   <div class='ocr_carea' id='block_1_10' title="bbox 186 878 1800 957">
    <p class='ocr_par' dir='ltr' id='par_1_10' title="bbox 186 878 1800 957">
     <span class='ocr_line' id='line_1_10' title="bbox 186 878 1800 957; baseline -0.004 -22"><span class='ocrx_word' id='word_1_54' title='bbox 186 885 396 957; x_wconf 76' lang='grc' dir='ltr'>ἄριστε,</span> <span class='ocrx_word' id='word_1_55' title='bbox 449 882 656 952; x_wconf 77' lang='grc' dir='ltr'>ἐπάγων</span> <span class='ocrx_word' id='word_1_56' title='bbox 689 878 874 951; x_wconf 74' lang='grc' dir='ltr'>(73)ἕν</span> <span class='ocrx_word' id='word_1_57' title='bbox 929 887 1136 953; x_wconf 79' lang='grc' dir='ltr'><strong>μικροῖς</strong></span> <span class='ocrx_word' id='word_1_58' title='bbox 1191 882 1396 955; x_wconf 74' lang='grc' dir='ltr'>ῥήμασι</span> <span class='ocrx_word' id='word_1_59' title='bbox 1443 879 1667 953; x_wconf 86' lang='grc' dir='ltr'>μεγάλας</span> <span class='ocrx_word' id='word_1_60' title='bbox 1718 878 1800 930; x_wconf 84' lang='grc' dir='ltr'><strong>αἰ-</strong></span> 
     </span>
    </p>
   </div>
   <div class='ocr_carea' id='block_1_11' title="bbox 189 968 1797 1044">
    <p class='ocr_par' dir='ltr' id='par_1_11' title="bbox 189 968 1797 1044">
     <span class='ocr_line' id='line_1_11' title="bbox 189 968 1797 1044; baseline 0 -21"><span class='ocrx_word' id='word_1_61' title='bbox 189 977 334 1035; x_wconf 81' lang='grc' dir='ltr'>τίας,</span> <span class='ocrx_word' id='word_1_62' title='bbox 374 972 615 1043; x_wconf 65' lang='grc' dir='ltr'>οὐμενοῦν</span> <span class='ocrx_word' id='word_1_63' title='bbox 656 968 890 1040; x_wconf 79' lang='grc' dir='ltr'>ἐχούσας</span> <span class='ocrx_word' id='word_1_64' title='bbox 938 968 1223 1044; x_wconf 76' lang='grc' dir='ltr'>ὑπερϐολὴν</span> <span class='ocrx_word' id='word_1_65' title='bbox 1272 971 1342 1031; x_wconf 87' lang='grc' dir='ltr'>εἰς</span> <span class='ocrx_word' id='word_1_66' title='bbox 1393 972 1605 1023; x_wconf 74' lang='grc' dir='ltr'>κακίαν.</span> <span class='ocrx_word' id='word_1_67' title='bbox 1647 968 1797 1025; x_wconf 75' lang='grc' dir='ltr'>Λήθη</span> 
     </span>
    </p>
   </div>
   <div class='ocr_carea' id='block_1_12' title="bbox 188 1056 1797 1134">
    <p class='ocr_par' dir='ltr' id='par_1_12' title="bbox 188 1056 1797 1134">
     <span class='ocr_line' id='line_1_12' title="bbox 188 1056 1797 1134; baseline -0.007 -16"><span class='ocrx_word' id='word_1_68' title='bbox 188 1065 289 1134; x_wconf 71' lang='grc' dir='ltr'>γὰρ</span> <span class='ocrx_word' id='word_1_69' title='bbox 347 1060 521 1131; x_wconf 70' lang='grc' dir='ltr'>φίλων,</span> <span class='ocrx_word' id='word_1_70' title='bbox 554 1064 643 1111; x_wconf 76' lang='grc' dir='ltr'><strong>καὶ</strong></span> <span class='ocrx_word' id='word_1_71' title='bbox 696 1057 958 1133; x_wconf 74' lang='grc' dir='ltr'><strong>ὑπεροψία</strong></span> <span class='ocrx_word' id='word_1_72' title='bbox 1008 1060 1062 1110; x_wconf 76' lang='grc' dir='ltr'>ἐκ</span> <span class='ocrx_word' id='word_1_73' title='bbox 1116 1056 1426 1119; x_wconf 81' lang='grc' dir='ltr'><strong>δυναστείας</strong></span> <span class='ocrx_word' id='word_1_74' title='bbox 1474 1058 1797 1129; x_wconf 79' lang='grc' dir='ltr'>ἐγγινομένη,</span> 
     </span>
    </p>
   </div>
   <div class='ocr_carea' id='block_1_13' title="bbox 184 1145 1797 1223">
    <p class='ocr_par' dir='ltr' id='par_1_13' title="bbox 184 1145 1797 1223">
     <span class='ocr_line' id='line_1_13' title="bbox 184 1145 1797 1223; baseline -0.004 -21"><span class='ocrx_word' id='word_1_75' title='bbox 184 1155 357 1202; x_wconf 76' lang='grc' dir='ltr'>πάντα</span> <span class='ocrx_word' id='word_1_76' title='bbox 413 1152 529 1221; x_wconf 77' lang='grc' dir='ltr'>ἔχει</span> <span class='ocrx_word' id='word_1_77' title='bbox 586 1151 716 1221; x_wconf 83' lang='grc' dir='ltr'>ὁμοῦ</span> <span class='ocrx_word' id='word_1_78' title='bbox 765 1151 832 1200; x_wconf 78' lang='grc' dir='ltr'>τὰ</span> <span class='ocrx_word' id='word_1_79' title='bbox 886 1145 1051 1205; x_wconf 78' lang='grc' dir='ltr'>δεινά.</span> <span class='ocrx_word' id='word_1_80' title='bbox 1080 1152 1196 1201; x_wconf 84' lang='grc' dir='ltr'>Εἲτε</span> <span class='ocrx_word' id='word_1_81' title='bbox 1238 1153 1338 1223; x_wconf 78' lang='grc' dir='ltr'>γὰρ</span> <span class='ocrx_word' id='word_1_82' title='bbox 1371 1148 1466 1201; x_wconf 72' lang='grc' dir='ltr'><strong>οὐκ</strong></span> <span class='ocrx_word' id='word_1_83' title='bbox 1522 1146 1797 1218; x_wconf 78' lang='grc' dir='ltr'>ἀγαπῶμεν</span> 
     </span>
    </p>
   </div>
   <div class='ocr_carea' id='block_1_14' title="bbox 182 1235 1800 1311">
    <p class='ocr_par' dir='ltr' id='par_1_14' title="bbox 182 1235 1800 1311">
     <span class='ocr_line' id='line_1_14' title="bbox 182 1235 1800 1311; baseline -0.003 -20"><span class='ocrx_word' id='word_1_84' title='bbox 182 1243 321 1291; x_wconf 71' lang='grc' dir='ltr'>κατὰ</span> <span class='ocrx_word' id='word_1_85' title='bbox 372 1244 463 1296; x_wconf 73' lang='grc' dir='ltr'>τὴν</span> <span class='ocrx_word' id='word_1_86' title='bbox 516 1237 721 1295; x_wconf 76' lang='grc' dir='ltr'>ἐντολὴν</span> <span class='ocrx_word' id='word_1_87' title='bbox 760 1245 851 1289; x_wconf 82' lang='grc' dir='ltr'><strong>τοῦ</strong></span> <span class='ocrx_word' id='word_1_88' title='bbox 912 1242 1127 1311; x_wconf 82' lang='grc' dir='ltr'>Κυρίου,</span> <span class='ocrx_word' id='word_1_89' title='bbox 1161 1235 1287 1290; x_wconf 70' lang='grc' dir='ltr'><strong>οὐδὲ</strong></span> <span class='ocrx_word' id='word_1_90' title='bbox 1340 1242 1424 1290; x_wconf 81' lang='grc' dir='ltr'>τὸν</span> <span class='ocrx_word' id='word_1_91' title='bbox 1482 1242 1800 1311; x_wconf 78' lang='grc' dir='ltr'>χαρακτῆρα</span> 
     </span>
    </p>
   </div>
   <div class='ocr_carea' id='block_1_15' title="bbox 182 1328 1798 1401">
    <p class='ocr_par' dir='ltr' id='par_1_15' title="bbox 182 1328 1798 1401">
     <span class='ocr_line' id='line_1_15' title="bbox 182 1328 1798 1401; baseline -0.003 -21"><span class='ocrx_word' id='word_1_92' title='bbox 182 1328 503 1400; x_wconf 68' lang='grc' dir='ltr'><strong>ἐπικείμενον</strong></span> <span class='ocrx_word' id='word_1_93' title='bbox 566 1329 692 1399; x_wconf 74' lang='grc' dir='ltr'>ἡμῖν</span> <span class='ocrx_word' id='word_1_94' title='bbox 758 1329 945 1398; x_wconf 78' lang='grc' dir='ltr'>ἔχομεν</span> <span class='ocrx_word' id='word_1_95' title='bbox 978 1343 991 1355; x_wconf 88' lang='grc'><strong>·</strong></span> <span class='ocrx_word' id='word_1_96' title='bbox 1058 1328 1158 1379; x_wconf 82' lang='grc' dir='ltr'>εὶτε</span> <span class='ocrx_word' id='word_1_97' title='bbox 1238 1332 1563 1401; x_wconf 74' lang='grc' dir='ltr'>φρονήματος</span> <span class='ocrx_word' id='word_1_98' title='bbox 1653 1332 1798 1376; x_wconf 88' lang='grc' dir='ltr'>κενοῦ</span> 
     </span>
    </p>
   </div>
   <div class='ocr_carea' id='block_1_16' title="bbox 183 1412 1796 1488">
    <p class='ocr_par' dir='ltr' id='par_1_16' title="bbox 183 1412 1796 1488">
     <span class='ocr_line' id='line_1_16' title="bbox 183 1412 1796 1488; baseline -0.002 -19"><span class='ocrx_word' id='word_1_99' title='bbox 183 1424 273 1469; x_wconf 73' lang='grc' dir='ltr'><strong>καὶ</strong></span> <span class='ocrx_word' id='word_1_100' title='bbox 338 1416 645 1477; x_wconf 78' lang='grc' dir='ltr'>ἀλαζονείας</span> <span class='ocrx_word' id='word_1_101' title='bbox 728 1416 1126 1488; x_wconf 80' lang='grc' dir='ltr'>ὑπεπλήσθημεν</span> <span class='ocrx_word' id='word_1_102' title='bbox 1212 1418 1570 1487; x_wconf 83' lang='grc' dir='ltr'>τυφωθέντες,</span> <span class='ocrx_word' id='word_1_103' title='bbox 1640 1412 1796 1485; x_wconf 82' lang='grc' dir='ltr'>ἐμπί-</span> 
     </span>
    </p>
   </div>
   <div class='ocr_carea' id='block_1_17' title="bbox 184 1502 1792 1579">
    <p class='ocr_par' dir='ltr' id='par_1_17' title="bbox 184 1502 1792 1579">
     <span class='ocr_line' id='line_1_17' title="bbox 184 1502 1792 1579; baseline -0.002 -20"><span class='ocrx_word' id='word_1_104' title='bbox 184 1526 376 1579; x_wconf 83' lang='grc' dir='ltr'>πτομεν</span> <span class='ocrx_word' id='word_1_105' title='bbox 410 1508 526 1577; x_wconf 68' lang='grc'><strong>(74)</strong></span> <span class='ocrx_word' id='word_1_106' title='bbox 556 1506 626 1567; x_wconf 88' lang='grc' dir='ltr'><strong>εἰς</strong></span> <span class='ocrx_word' id='word_1_107' title='bbox 673 1506 899 1577; x_wconf 74' lang='grc' dir='ltr'>ἄφυκτον</span> <span class='ocrx_word' id='word_1_108' title='bbox 947 1512 1110 1579; x_wconf 81' lang='grc' dir='ltr'>κρῖμα</span> <span class='ocrx_word' id='word_1_109' title='bbox 1155 1512 1247 1556; x_wconf 87' lang='grc' dir='ltr'><strong>τοῦ</strong></span> <span class='ocrx_word' id='word_1_110' title='bbox 1301 1502 1575 1557; x_wconf 75' lang='grc' dir='ltr'>διαϐόλου.</span> <span class='ocrx_word' id='word_1_111' title='bbox 1613 1502 1792 1569; x_wconf 76' lang='grc' dir='ltr'>Ὠστε,</span> 
     </span>
    </p>
   </div>
   <div class='ocr_carea' id='block_1_18' title="bbox 183 1590 1797 1668">
    <p class='ocr_par' dir='ltr' id='par_1_18' title="bbox 183 1590 1797 1668">
     <span class='ocr_line' id='line_1_18' title="bbox 183 1590 1797 1668; baseline -0.003 -20"><span class='ocrx_word' id='word_1_112' title='bbox 183 1598 227 1649; x_wconf 81' lang='grc' dir='ltr'>εἰ</span> <span class='ocrx_word' id='word_1_113' title='bbox 292 1600 407 1667; x_wconf 70' lang='grc' dir='ltr'>μεν,</span> <span class='ocrx_word' id='word_1_114' title='bbox 474 1596 638 1656; x_wconf 76' lang='grc' dir='ltr'>οὕτως</span> <span class='ocrx_word' id='word_1_115' title='bbox 702 1596 840 1665; x_wconf 82' lang='grc' dir='ltr'>ἔχων</span> <span class='ocrx_word' id='word_1_116' title='bbox 905 1590 1144 1655; x_wconf 75' lang='grc' dir='ltr'>διανοίας</span> <span class='ocrx_word' id='word_1_117' title='bbox 1206 1598 1319 1668; x_wconf 84' lang='grc' dir='ltr'>περὶ</span> <span class='ocrx_word' id='word_1_118' title='bbox 1382 1595 1550 1665; x_wconf 79' lang='grc' dir='ltr'>ἡμῶν,</span> <span class='ocrx_word' id='word_1_119' title='bbox 1591 1595 1797 1654; x_wconf 79' lang='grc' dir='ltr'>τούτοις</span> 
     </span>
    </p>
   </div>
   <div class='ocr_carea' id='block_1_19' title="bbox 181 1679 1792 1759">
    <p class='ocr_par' dir='ltr' id='par_1_19' title="bbox 181 1679 1792 1759">
     <span class='ocr_line' id='line_1_19' title="bbox 181 1679 1792 1759; baseline -0.002 -22"><span class='ocrx_word' id='word_1_120' title='bbox 181 1685 405 1759; x_wconf 67' lang='grc' dir='ltr'>ἐχρήσω</span> <span class='ocrx_word' id='word_1_121' title='bbox 450 1691 560 1745; x_wconf 87' lang='grc' dir='ltr'>τοῖς</span> <span class='ocrx_word' id='word_1_122' title='bbox 590 1685 845 1757; x_wconf 72' lang='grc' dir='ltr'>ῥήμασιν,</span> <span class='ocrx_word' id='word_1_123' title='bbox 878 1679 1020 1745; x_wconf 78' lang='grc' dir='ltr'>εὖξαι</span> <span class='ocrx_word' id='word_1_124' title='bbox 1064 1690 1241 1755; x_wconf 88' lang='grc' dir='ltr'>φυγεῖν</span> <span class='ocrx_word' id='word_1_125' title='bbox 1301 1685 1435 1754; x_wconf 74' lang='grc' dir='ltr'>ἡμᾶς</span> <span class='ocrx_word' id='word_1_126' title='bbox 1491 1687 1585 1740; x_wconf 83' lang='grc' dir='ltr'>τὴν</span> <span class='ocrx_word' id='word_1_127' title='bbox 1632 1701 1792 1738; x_wconf 88' lang='grc' dir='ltr'>πονη-</span> 
     </span>
    </p>
   </div>
   <div class='ocr_carea' id='block_1_20' title="bbox 1915 519 3566 594">
    <p class='ocr_par' dir='ltr' id='par_1_20' title="bbox 1915 519 3566 594">
     <span class='ocr_line' id='line_1_20' title="bbox 1915 519 3566 594; baseline 0.002 -20"><span class='ocrx_word' id='word_1_128' title='bbox 1915 520 2061 590; x_wconf 89' lang='lat' dir='ltr'><strong>quia</strong></span> <span class='ocrx_word' id='word_1_129' title='bbox 2090 524 2290 575; x_wconf 88' lang='lat' dir='ltr'><strong>tamen</strong></span> <span class='ocrx_word' id='word_1_130' title='bbox 2326 521 2462 592; x_wconf 88' lang='lat' dir='ltr'>plus</span> <span class='ocrx_word' id='word_1_131' title='bbox 2492 519 2677 592; x_wconf 90' lang='lat' dir='ltr'><strong>duplo</strong></span> <span class='ocrx_word' id='word_1_132' title='bbox 2701 520 2951 576; x_wconf 90' lang='lat' dir='ltr'><strong>modum</strong></span> <span class='ocrx_word' id='word_1_133' title='bbox 2981 520 3566 594; x_wconf 86' lang='lat' dir='ltr'><strong>excedit,utrumque</strong></span> 
     </span>
    </p>
   </div>
   <div class='ocr_carea' id='block_1_21' title="bbox 1915 608 3568 682">
    <p class='ocr_par' dir='ltr' id='par_1_21' title="bbox 1915 608 3568 682">
     <span class='ocr_line' id='line_1_21' title="bbox 1915 608 3568 682; baseline 0.004 -20"><span class='ocrx_word' id='word_1_134' title='bbox 1915 608 2191 664; x_wconf 87' lang='lat' dir='ltr'><strong>ordinem</strong></span> <span class='ocrx_word' id='word_1_135' title='bbox 2221 609 2501 681; x_wconf 86' lang='lat' dir='ltr'><strong>explebit.</strong></span> <span class='ocrx_word' id='word_1_136' title='bbox 2535 609 2709 663; x_wconf 86' lang='lat' dir='ltr'><strong>Vides</strong></span> <span class='ocrx_word' id='word_1_137' title='bbox 2737 609 2943 681; x_wconf 86' lang='lat' dir='ltr'><strong>qualia</strong></span> <span class='ocrx_word' id='word_1_138' title='bbox 2971 626 3083 665; x_wconf 90' lang='lat' dir='ltr'><strong>nos</strong></span> <span class='ocrx_word' id='word_1_139' title='bbox 3109 611 3373 667; x_wconf 84' lang='lat' dir='ltr'><strong>cavillari</strong></span> <span class='ocrx_word' id='word_1_140' title='bbox 3391 616 3568 682; x_wconf 82' lang='lat' dir='ltr'><strong>cogat</strong></span> 
     </span>
    </p>
   </div>
   <div class='ocr_carea' id='block_1_22' title="bbox 1913 697 3567 771">
    <p class='ocr_par' dir='ltr' id='par_1_22' title="bbox 1913 697 3567 771">
     <span class='ocr_line' id='line_1_22' title="bbox 1913 697 3567 771; baseline 0.002 -19"><span class='ocrx_word' id='word_1_141' title='bbox 1913 697 2103 752; x_wconf 84' lang='lat' dir='ltr'><strong>otium</strong></span> <span class='ocrx_word' id='word_1_142' title='bbox 2124 700 2150 753; x_wconf 84' lang='lat'><strong>?</strong></span> <span class='ocrx_word' id='word_1_143' title='bbox 2196 701 2279 753; x_wconf 91' lang='lat' dir='ltr'><strong>Tu</strong></span> <span class='ocrx_word' id='word_1_144' title='bbox 2304 715 2446 754; x_wconf 87' lang='lat' dir='ltr'><strong>vero</strong></span> <span class='ocrx_word' id='word_1_145' title='bbox 2478 698 2702 764; x_wconf 89' lang='lat' dir='ltr'><strong>desine,</strong></span> <span class='ocrx_word' id='word_1_146' title='bbox 2737 714 2773 752; x_wconf 97' lang='lat' dir='ltr'><strong>o</strong></span> <span class='ocrx_word' id='word_1_147' title='bbox 2802 699 2893 753; x_wconf 87' lang='lat' dir='ltr'><strong>vir</strong></span> <span class='ocrx_word' id='word_1_148' title='bbox 2921 699 3165 770; x_wconf 86' lang='lat' dir='ltr'><strong>optime,</strong></span> <span class='ocrx_word' id='word_1_149' title='bbox 3195 700 3406 771; x_wconf 84' lang='lat' dir='ltr'><strong>paucis</strong></span> <span class='ocrx_word' id='word_1_150' title='bbox 3436 716 3567 756; x_wconf 90' lang='lat' dir='ltr'><strong>ver-</strong></span> 
     </span>
    </p>
   </div>
   <div class='ocr_carea' id='block_1_23' title="bbox 1911 785 3563 859">
    <p class='ocr_par' dir='ltr' id='par_1_23' title="bbox 1911 785 3563 859">
     <span class='ocr_line' id='line_1_23' title="bbox 1911 785 3563 859; baseline 0.003 -19"><span class='ocrx_word' id='word_1_151' title='bbox 1911 785 2004 841; x_wconf 89' lang='lat' dir='ltr'><strong>bis</strong></span> <span class='ocrx_word' id='word_1_152' title='bbox 2028 803 2256 858; x_wconf 85' lang='lat' dir='ltr'><strong>magna</strong></span> <span class='ocrx_word' id='word_1_153' title='bbox 2281 787 2555 854; x_wconf 88' lang='lat' dir='ltr'><strong>crimina,</strong></span> <span class='ocrx_word' id='word_1_154' title='bbox 2581 802 2837 858; x_wconf 65' lang='lat' dir='ltr'><strong>quaeque</strong></span> <span class='ocrx_word' id='word_1_155' title='bbox 2859 787 3125 857; x_wconf 80' lang='lat' dir='ltr'><strong>nequitia</strong></span> <span class='ocrx_word' id='word_1_156' title='bbox 3146 789 3415 859; x_wconf 88' lang='lat' dir='ltr'><strong>superari</strong></span> <span class='ocrx_word' id='word_1_157' title='bbox 3438 804 3563 845; x_wconf 91' lang='lat' dir='ltr'><strong>non</strong></span> 
     </span>
    </p>
   </div>
   <div class='ocr_carea' id='block_1_24' title="bbox 1911 875 3565 946">
    <p class='ocr_par' dir='ltr' id='par_1_24' title="bbox 1911 875 3565 946">
     <span class='ocr_line' id='line_1_24' title="bbox 1911 875 3565 946; baseline 0.002 -15"><span class='ocrx_word' id='word_1_158' title='bbox 1911 876 2168 946; x_wconf 81' lang='lat' dir='ltr'><strong>possint,</strong></span> <span class='ocrx_word' id='word_1_159' title='bbox 2196 876 2588 932; x_wconf 76' lang='lat' dir='ltr'><strong>inferre.i\&#39;am</strong></span> <span class='ocrx_word' id='word_1_160' title='bbox 2611 876 2946 931; x_wconf 88' lang='lat' dir='ltr'><strong>amicorum</strong></span> <span class='ocrx_word' id='word_1_161' title='bbox 2976 875 3198 930; x_wconf 88' lang='lat' dir='ltr'><strong>oblivio</strong></span> <span class='ocrx_word' id='word_1_162' title='bbox 3224 883 3281 931; x_wconf 90' lang='lat' dir='ltr'><strong>et</strong></span> <span class='ocrx_word' id='word_1_163' title='bbox 3303 883 3565 934; x_wconf 87' lang='lat' dir='ltr'><strong>contem-</strong></span> 
     </span>
    </p>
   </div>
   <div class='ocr_carea' id='block_1_25' title="bbox 1912 965 3562 1038">
    <p class='ocr_par' dir='ltr' id='par_1_25' title="bbox 1912 965 3562 1038">
     <span class='ocr_line' id='line_1_25' title="bbox 1912 965 3562 1038; baseline 0.001 -18"><span class='ocrx_word' id='word_1_164' title='bbox 1912 970 2049 1036; x_wconf 92' lang='lat' dir='ltr'><strong>ptus</strong></span> <span class='ocrx_word' id='word_1_165' title='bbox 2096 982 2170 1021; x_wconf 83' lang='lat' dir='ltr'><strong>ex</strong></span> <span class='ocrx_word' id='word_1_166' title='bbox 2198 970 2493 1038; x_wconf 77' lang='lat' dir='ltr'><strong>potestate</strong></span> <span class='ocrx_word' id='word_1_167' title='bbox 2523 970 2708 1031; x_wconf 87' lang='lat' dir='ltr'><strong>ortus,</strong></span> <span class='ocrx_word' id='word_1_168' title='bbox 2737 965 2947 1020; x_wconf 85' lang='lat' dir='ltr'><strong>omnia</strong></span> <span class='ocrx_word' id='word_1_169' title='bbox 2993 965 3171 1019; x_wconf 87' lang='lat' dir='ltr'><strong>simul</strong></span> <span class='ocrx_word' id='word_1_170' title='bbox 3210 965 3372 1021; x_wconf 88' lang='lat' dir='ltr'><strong>mala</strong></span> <span class='ocrx_word' id='word_1_171' title='bbox 3398 982 3562 1021; x_wconf 89' lang='lat' dir='ltr'><strong>com-</strong></span> 
     </span>
    </p>
   </div>
   <div class='ocr_carea' id='block_1_26' title="bbox 1910 1054 3564 1126">
    <p class='ocr_par' dir='ltr' id='par_1_26' title="bbox 1910 1054 3564 1126">
     <span class='ocr_line' id='line_1_26' title="bbox 1910 1054 3564 1126; baseline -0.001 -16"><span class='ocrx_word' id='word_1_172' title='bbox 1910 1055 2268 1126; x_wconf 89' lang='lat' dir='ltr'><strong>plectuntur.</strong></span> <span class='ocrx_word' id='word_1_173' title='bbox 2299 1056 2429 1112; x_wconf 80' lang='lat' dir='ltr'><strong>Sive</strong></span> <span class='ocrx_word' id='word_1_174' title='bbox 2477 1057 2637 1111; x_wconf 90' lang='lat' dir='ltr'><strong>enim</strong></span> <span class='ocrx_word' id='word_1_175' title='bbox 2686 1054 3023 1110; x_wconf 88' lang='lat' dir='ltr'><strong>secundum</strong></span> <span class='ocrx_word' id='word_1_176' title='bbox 3071 1054 3303 1109; x_wconf 89' lang='lat' dir='ltr'><strong>Domini</strong></span> <span class='ocrx_word' id='word_1_177' title='bbox 3340 1070 3564 1125; x_wconf 77' lang='lat' dir='ltr'><strong>praece-</strong></span> 
     </span>
    </p>
   </div>
   <div class='ocr_carea' id='block_1_27' title="bbox 1909 1145 3560 1218">
    <p class='ocr_par' dir='ltr' id='par_1_27' title="bbox 1909 1145 3560 1218">
     <span class='ocr_line' id='line_1_27' title="bbox 1909 1145 3560 1218; baseline -0.001 -16"><span class='ocrx_word' id='word_1_178' title='bbox 1909 1154 2081 1218; x_wconf 88' lang='lat' dir='ltr'><strong>ptum</strong></span> <span class='ocrx_word' id='word_1_179' title='bbox 2112 1164 2232 1203; x_wconf 93' lang='lat' dir='ltr'><strong>non</strong></span> <span class='ocrx_word' id='word_1_180' title='bbox 2265 1148 2796 1217; x_wconf 88' lang='lat' dir='ltr'><strong>diligimus,neque</strong></span> <span class='ocrx_word' id='word_1_181' title='bbox 2814 1146 2993 1201; x_wconf 87' lang='lat' dir='ltr'><strong>etiam</strong></span> <span class='ocrx_word' id='word_1_182' title='bbox 3020 1145 3367 1217; x_wconf 81' lang='lat' dir='ltr'><strong>impositam</strong></span> <span class='ocrx_word' id='word_1_183' title='bbox 3384 1145 3560 1201; x_wconf 91' lang='lat' dir='ltr'><strong>nobis</strong></span> 
     </span>
    </p>
   </div>
   <div class='ocr_carea' id='block_1_28' title="bbox 1908 1234 3563 1293">
    <p class='ocr_par' dir='ltr' id='par_1_28' title="bbox 1908 1234 3563 1293">
     <span class='ocr_line' id='line_1_28' title="bbox 1908 1234 3563 1293; baseline 0 -2"><span class='ocrx_word' id='word_1_184' title='bbox 1908 1241 2118 1291; x_wconf 86' lang='lat' dir='ltr'><strong>notam</strong></span> <span class='ocrx_word' id='word_1_185' title='bbox 2150 1242 2206 1293; x_wconf 88' lang='lat' dir='ltr'><strong>et</strong></span> <span class='ocrx_word' id='word_1_186' title='bbox 2236 1238 2642 1292; x_wconf 78' lang='lat' dir='ltr'><strong>characterem</strong></span> <span class='ocrx_word' id='word_1_187' title='bbox 2664 1236 3011 1291; x_wconf 89' lang='lat' dir='ltr'><strong>retinemus.</strong></span> <span class='ocrx_word' id='word_1_188' title='bbox 3047 1234 3179 1291; x_wconf 84' lang='lat' dir='ltr'><strong>Sive</strong></span> <span class='ocrx_word' id='word_1_189' title='bbox 3211 1234 3373 1290; x_wconf 85' lang='lat' dir='ltr'><strong>factu</strong></span> <span class='ocrx_word' id='word_1_190' title='bbox 3398 1234 3563 1291; x_wconf 89' lang='lat' dir='ltr'><strong>inani</strong></span> 
     </span>
    </p>
   </div>
   <div class='ocr_carea' id='block_1_29' title="bbox 1909 1325 3559 1399">
    <p class='ocr_par' dir='ltr' id='par_1_29' title="bbox 1909 1325 3559 1399">
     <span class='ocr_line' id='line_1_29' title="bbox 1909 1325 3559 1399; baseline -0.001 -16"><span class='ocrx_word' id='word_1_191' title='bbox 1909 1334 1967 1383; x_wconf 90' lang='lat' dir='ltr'><strong>et</strong></span> <span class='ocrx_word' id='word_1_192' title='bbox 1992 1329 2336 1398; x_wconf 78' lang='lat' dir='ltr'><strong>arrogantia</strong></span> <span class='ocrx_word' id='word_1_193' title='bbox 2383 1328 2686 1399; x_wconf 89' lang='lat' dir='ltr'><strong>replemur</strong></span> <span class='ocrx_word' id='word_1_194' title='bbox 2737 1326 2945 1393; x_wconf 89' lang='lat' dir='ltr'><strong>inﬂati,</strong></span> <span class='ocrx_word' id='word_1_195' title='bbox 2974 1326 3297 1381; x_wconf 88' lang='lat' dir='ltr'><strong>incidimus</strong></span> <span class='ocrx_word' id='word_1_196' title='bbox 3329 1327 3391 1381; x_wconf 89' lang='lat' dir='ltr'><strong>in</strong></span> <span class='ocrx_word' id='word_1_197' title='bbox 3432 1325 3559 1382; x_wconf 89' lang='lat' dir='ltr'><strong>dia-</strong></span> 
     </span>
    </p>
   </div>
   <div class='ocr_carea' id='block_1_30' title="bbox 1906 1414 3561 1486">
    <p class='ocr_par' dir='ltr' id='par_1_30' title="bbox 1906 1414 3561 1486">
     <span class='ocr_line' id='line_1_30' title="bbox 1906 1414 3561 1486; baseline -0.001 -13"><span class='ocrx_word' id='word_1_198' title='bbox 1906 1417 2029 1473; x_wconf 90' lang='lat' dir='ltr'><strong>boli</strong></span> <span class='ocrx_word' id='word_1_199' title='bbox 2062 1418 2357 1486; x_wconf 86' lang='lat' dir='ltr'><strong>judicium</strong></span> <span class='ocrx_word' id='word_1_200' title='bbox 2406 1416 2808 1472; x_wconf 82' lang='lat' dir='ltr'><strong>ineluctabile.</strong></span> <span class='ocrx_word' id='word_1_201' title='bbox 2843 1417 3037 1479; x_wconf 84' lang='lat' dir='ltr'><strong>Quare</strong></span> <span class='ocrx_word' id='word_1_202' title='bbox 3078 1416 3126 1469; x_wconf 89' lang='lat' dir='ltr'><strong>si</strong></span> <span class='ocrx_word' id='word_1_203' title='bbox 3170 1415 3243 1469; x_wconf 91' lang='lat' dir='ltr'><strong>de</strong></span> <span class='ocrx_word' id='word_1_204' title='bbox 3270 1414 3448 1469; x_wconf 90' lang='lat' dir='ltr'><strong>nobis</strong></span> <span class='ocrx_word' id='word_1_205' title='bbox 3477 1416 3561 1471; x_wconf 90' lang='lat' dir='ltr'><strong>ita</strong></span> 
     </span>
    </p>
   </div>
   <div class='ocr_carea' id='block_1_31' title="bbox 1908 1504 3559 1575">
    <p class='ocr_par' dir='ltr' id='par_1_31' title="bbox 1908 1504 3559 1575">
     <span class='ocr_line' id='line_1_31' title="bbox 1908 1504 3559 1575; baseline -0.002 -13"><span class='ocrx_word' id='word_1_206' title='bbox 1908 1508 2191 1575; x_wconf 91' lang='lat' dir='ltr'><strong>sentiens,</strong></span> <span class='ocrx_word' id='word_1_207' title='bbox 2224 1508 2317 1561; x_wconf 91' lang='lat' dir='ltr'><strong>his</strong></span> <span class='ocrx_word' id='word_1_208' title='bbox 2348 1507 2542 1561; x_wconf 83' lang='lat' dir='ltr'><strong>verbis</strong></span> <span class='ocrx_word' id='word_1_209' title='bbox 2574 1522 2719 1560; x_wconf 89' lang='lat' dir='ltr'><strong>usus</strong></span> <span class='ocrx_word' id='word_1_210' title='bbox 2748 1520 2810 1559; x_wconf 91' lang='lat' dir='ltr'><strong>es</strong></span> <span class='ocrx_word' id='word_1_211' title='bbox 2836 1520 2847 1569; x_wconf 91' lang='lat'><strong>;</strong></span> <span class='ocrx_word' id='word_1_212' title='bbox 2893 1520 3137 1575; x_wconf 87' lang='lat' dir='ltr'><strong>precare</strong></span> <span class='ocrx_word' id='word_1_213' title='bbox 3166 1508 3226 1557; x_wconf 91' lang='lat' dir='ltr'><strong>ut</strong></span> <span class='ocrx_word' id='word_1_214' title='bbox 3270 1504 3559 1575; x_wconf 88' lang='lat' dir='ltr'><strong>improbi-</strong></span> 
     </span>
    </p>
   </div>
   <div class='ocr_carea' id='block_1_32' title="bbox 1906 1594 3556 1669">
    <p class='ocr_par' dir='ltr' id='par_1_32' title="bbox 1906 1594 3556 1669">
     <span class='ocr_line' id='line_1_32' title="bbox 1906 1594 3556 1669; baseline -0.002 -16"><span class='ocrx_word' id='word_1_215' title='bbox 1906 1603 2109 1663; x_wconf 85' lang='lat' dir='ltr'><strong>tatem,</strong></span> <span class='ocrx_word' id='word_1_216' title='bbox 2132 1614 2320 1669; x_wconf 89' lang='lat' dir='ltr'><strong>quam</strong></span> <span class='ocrx_word' id='word_1_217' title='bbox 2378 1598 2439 1651; x_wconf 93' lang='lat' dir='ltr'><strong>in</strong></span> <span class='ocrx_word' id='word_1_218' title='bbox 2494 1596 2713 1651; x_wconf 88' lang='lat' dir='ltr'><strong>nostris</strong></span> <span class='ocrx_word' id='word_1_219' title='bbox 2772 1594 3041 1650; x_wconf 89' lang='lat' dir='ltr'><strong>moribus</strong></span> <span class='ocrx_word' id='word_1_220' title='bbox 3084 1594 3556 1665; x_wconf 89' lang='lat' dir='ltr'><strong>deprehendisti,</strong></span> 
     </span>
    </p>
   </div>
   <div class='ocr_carea' id='block_1_33' title="bbox 1906 1685 3554 1757">
    <p class='ocr_par' dir='ltr' id='par_1_33' title="bbox 1906 1685 3554 1757">
     <span class='ocr_line' id='line_1_33' title="bbox 1906 1685 3554 1757; baseline -0.001 -15"><span class='ocrx_word' id='word_1_221' title='bbox 1906 1688 2251 1757; x_wconf 84' lang='lat' dir='ltr'><strong>fugiamus;</strong></span> <span class='ocrx_word' id='word_1_222' title='bbox 2285 1687 2374 1741; x_wconf 91' lang='lat' dir='ltr'><strong>sin</strong></span> <span class='ocrx_word' id='word_1_223' title='bbox 2406 1693 2609 1741; x_wconf 90' lang='lat' dir='ltr'><strong>autem</strong></span> <span class='ocrx_word' id='word_1_224' title='bbox 2654 1685 3085 1741; x_wconf 89' lang='lat' dir='ltr'><strong>consuetudine</strong></span> <span class='ocrx_word' id='word_1_225' title='bbox 3140 1685 3410 1756; x_wconf 88' lang='lat' dir='ltr'><strong>quadam</strong></span> <span class='ocrx_word' id='word_1_226' title='bbox 3466 1686 3554 1740; x_wconf 92' lang='lat' dir='ltr'><strong>in-</strong></span> 
     </span>
    </p>
   </div>
   <div class='ocr_carea' id='block_1_34' title="bbox 179 1770 1801 1848">
    <p class='ocr_par' dir='ltr' id='par_1_34' title="bbox 179 1770 1794 1848">
     <span class='ocr_line' id='line_1_34' title="bbox 179 1770 1794 1848; baseline -0.001 -23"><span class='ocrx_word' id='word_1_227' title='bbox 179 1781 319 1848; x_wconf 82' lang='grc' dir='ltr'>ρίαν,</span> <span class='ocrx_word' id='word_1_228' title='bbox 349 1774 413 1831; x_wconf 77' lang='grc' dir='ltr'><strong>ἢν</strong></span> <span class='ocrx_word' id='word_1_229' title='bbox 472 1772 663 1845; x_wconf 80' lang='grc' dir='ltr'>ἐξεῦρες</span> <span class='ocrx_word' id='word_1_230' title='bbox 715 1771 937 1843; x_wconf 78' lang='grc' dir='ltr'>ἡμῶνέν</span> <span class='ocrx_word' id='word_1_231' title='bbox 966 1780 1037 1842; x_wconf 78' lang='grc' dir='ltr'>τῷ</span> <span class='ocrx_word' id='word_1_232' title='bbox 1086 1776 1279 1843; x_wconf 83' lang='grc' dir='ltr'>τροπῳ·</span> <span class='ocrx_word' id='word_1_233' title='bbox 1337 1773 1378 1823; x_wconf 79' lang='grc' dir='ltr'>εἰ</span> <span class='ocrx_word' id='word_1_234' title='bbox 1437 1770 1495 1823; x_wconf 76' lang='grc' dir='ltr'><strong>δὲ</strong></span> <span class='ocrx_word' id='word_1_235' title='bbox 1545 1774 1794 1844; x_wconf 77' lang='grc' dir='ltr'>συνηθείᾳ</span> 
     </span>
    </p>
   </div>
   <div class='ocr_carea' id='block_1_35' title="bbox 1919 1770 3557 1848">
    <p class='ocr_par' dir='ltr' id='par_1_35' title="bbox 1919 1774 3557 1847">
     <span class='ocr_line' id='line_1_35' title="bbox 1919 1774 3557 1847; baseline -0.001 -16"><span class='ocrx_word' id='word_1_236' title='bbox 1919 1776 2285 1832; x_wconf 68' lang='lat' dir='ltr'><strong>zonsiderata</strong></span> <span class='ocrx_word' id='word_1_237' title='bbox 2306 1776 2382 1831; x_wconf 90' lang='lat' dir='ltr'><strong>ad</strong></span> <span class='ocrx_word' id='word_1_238' title='bbox 2416 1776 2526 1830; x_wconf 88' lang='lat' dir='ltr'><strong>has</strong></span> <span class='ocrx_word' id='word_1_239' title='bbox 2548 1791 2727 1831; x_wconf 89' lang='lat' dir='ltr'><strong>voces</strong></span> <span class='ocrx_word' id='word_1_240' title='bbox 2758 1774 2999 1830; x_wconf 82' lang='lat' dir='ltr'><strong>devenit</strong></span> <span class='ocrx_word' id='word_1_241' title='bbox 3025 1774 3253 1844; x_wconf 84' lang='lat' dir='ltr'><strong>lingua,</strong></span> <span class='ocrx_word' id='word_1_242' title='bbox 3285 1790 3398 1830; x_wconf 87' lang='lat' dir='ltr'><strong>nos</strong></span> <span class='ocrx_word' id='word_1_243' title='bbox 3441 1775 3557 1847; x_wconf 91' lang='lat' dir='ltr'><strong>ipsi</strong></span> 
     </span>
    </p>
   </div>
   <div class='ocr_carea' id='block_1_36' title="bbox 182 1860 1789 1935">
    <p class='ocr_par' dir='ltr' id='par_1_36' title="bbox 182 1860 1789 1935">
     <span class='ocr_line' id='line_1_36' title="bbox 182 1860 1789 1935; baseline -0.002 -21"><span class='ocrx_word' id='word_1_244' title='bbox 182 1870 286 1914; x_wconf 81' lang='grc' dir='ltr'>τινὶ</span> <span class='ocrx_word' id='word_1_245' title='bbox 328 1862 653 1932; x_wconf 84' lang='grc' dir='ltr'>άνιξετάστῳ</span> <span class='ocrx_word' id='word_1_246' title='bbox 709 1860 792 1912; x_wconf 83' lang='grc' dir='ltr'><strong>ἐπὶ</strong></span> <span class='ocrx_word' id='word_1_247' title='bbox 852 1869 950 1912; x_wconf 84' lang='grc' dir='ltr'>τῶν</span> <span class='ocrx_word' id='word_1_248' title='bbox 1000 1862 1247 1935; x_wconf 75' lang='grc' dir='ltr'><strong>ῥημάτων</strong></span> <span class='ocrx_word' id='word_1_249' title='bbox 1295 1860 1444 1918; x_wconf 76' lang='grc' dir='ltr'>ἦλθεν</span> <span class='ocrx_word' id='word_1_250' title='bbox 1475 1862 1503 1917; x_wconf 77' lang='grc' dir='ltr'>ἡ</span> <span class='ocrx_word' id='word_1_251' title='bbox 1564 1860 1789 1931; x_wconf 83' lang='grc' dir='ltr'>γλῶττα,</span> 
     </span>
    </p>
   </div>
   <div class='ocr_carea' id='block_1_37' title="bbox 186 1950 1796 2025">
    <p class='ocr_par' dir='ltr' id='par_1_37' title="bbox 186 1950 1796 2025">
     <span class='ocr_line' id='line_1_37' title="bbox 186 1950 1796 2025; baseline -0.001 -22"><span class='ocrx_word' id='word_1_252' title='bbox 186 1952 395 2011; x_wconf 79' lang='grc' dir='ltr'>ἑαυτούς</span> <span class='ocrx_word' id='word_1_253' title='bbox 457 1950 970 2025; x_wconf 82' lang='grc' dir='ltr'>παραμυθησόμεθα,</span> <span class='ocrx_word' id='word_1_254' title='bbox 991 1955 1082 2002; x_wconf 81' lang='grc' dir='ltr'><strong>καὶ</strong></span> <span class='ocrx_word' id='word_1_255' title='bbox 1151 1955 1244 2007; x_wconf 77' lang='grc' dir='ltr'><strong>την</strong></span> <span class='ocrx_word' id='word_1_256' title='bbox 1302 1954 1399 2007; x_wconf 80' lang='grc' dir='ltr'>σὴν</span> <span class='ocrx_word' id='word_1_257' title='bbox 1446 1955 1796 2023; x_wconf 79' lang='grc' dir='ltr'>χρηστότητα</span> 
     </span>
    </p>
   </div>
   <div class='ocr_carea' id='block_1_38' title="bbox 186 2041 1794 2115">
    <p class='ocr_par' dir='ltr' id='par_1_38' title="bbox 186 2041 1794 2115">
     <span class='ocr_line' id='line_1_38' title="bbox 186 2041 1794 2115; baseline -0.001 -23"><span class='ocrx_word' id='word_1_258' title='bbox 186 2045 279 2101; x_wconf 75' lang='grc' dir='ltr'>τὰς</span> <span class='ocrx_word' id='word_1_259' title='bbox 311 2044 365 2092; x_wconf 77' lang='grc' dir='ltr'><strong>ἑκ</strong></span> <span class='ocrx_word' id='word_1_260' title='bbox 406 2048 509 2092; x_wconf 83' lang='grc' dir='ltr'>τῶν</span> <span class='ocrx_word' id='word_1_261' title='bbox 556 2042 876 2112; x_wconf 80' lang='grc' dir='ltr'>πραγμάτων</span> <span class='ocrx_word' id='word_1_262' title='bbox 932 2044 1226 2113; x_wconf 84' lang='grc' dir='ltr'>μαρτυρίας</span> <span class='ocrx_word' id='word_1_263' title='bbox 1271 2041 1575 2112; x_wconf 79' lang='grc' dir='ltr'>προσθεῖναι</span> <span class='ocrx_word' id='word_1_264' title='bbox 1623 2060 1794 2115; x_wconf 88' lang='grc' dir='ltr'>παρα-</span> 
     </span>
    </p>
   </div>
   <div class='ocr_carea' id='block_1_39' title="bbox 184 2124 1796 2204">
    <p class='ocr_par' dir='ltr' id='par_1_39' title="bbox 184 2124 1796 2204">
     <span class='ocr_line' id='line_1_39' title="bbox 184 2124 1796 2204; baseline -0.001 -22"><span class='ocrx_word' id='word_1_265' title='bbox 184 2130 462 2201; x_wconf 69' lang='grc' dir='ltr'>καλοῦμεν.</span> <span class='ocrx_word' id='word_1_266' title='bbox 497 2129 686 2182; x_wconf 80' lang='grc' dir='ltr'>Ἐκεῖνο</span> <span class='ocrx_word' id='word_1_267' title='bbox 724 2131 829 2203; x_wconf 84' lang='grc' dir='ltr'>γὰρ</span> <span class='ocrx_word' id='word_1_268' title='bbox 879 2124 929 2181; x_wconf 83' lang='grc' dir='ltr'>εὖ</span> <span class='ocrx_word' id='word_1_269' title='bbox 962 2131 1074 2181; x_wconf 85' lang='grc' dir='ltr'>ῖσθι</span> <span class='ocrx_word' id='word_1_270' title='bbox 1102 2169 1114 2193; x_wconf 90' lang='grc'><strong>,</strong></span> <span class='ocrx_word' id='word_1_271' title='bbox 1144 2130 1226 2181; x_wconf 83' lang='grc' dir='ltr'>ὃτι</span> <span class='ocrx_word' id='word_1_272' title='bbox 1255 2130 1283 2187; x_wconf 79' lang='grc' dir='ltr'><strong>η</strong></span> <span class='ocrx_word' id='word_1_273' title='bbox 1318 2137 1561 2201; x_wconf 87' lang='grc' dir='ltr'>παροῦσα</span> <span class='ocrx_word' id='word_1_274' title='bbox 1591 2135 1796 2204; x_wconf 83' lang='grc' dir='ltr'>φροντὶς</span> 
     </span>
    </p>
   </div>
   <div class='ocr_carea' id='block_1_40' title="bbox 186 2217 1796 2293">
    <p class='ocr_par' dir='ltr' id='par_1_40' title="bbox 186 2217 1796 2293">
     <span class='ocr_line' id='line_1_40' title="bbox 186 2217 1796 2293; baseline 0 -21"><span class='ocrx_word' id='word_1_275' title='bbox 186 2225 541 2279; x_wconf 75' lang='grc' dir='ltr'>ταπεινώσεως</span> <span class='ocrx_word' id='word_1_276' title='bbox 597 2222 722 2291; x_wconf 73' lang='grc' dir='ltr'>ἡμῖν</span> <span class='ocrx_word' id='word_1_277' title='bbox 780 2223 985 2290; x_wconf 78' lang='grc' dir='ltr'>γέγονεν</span> <span class='ocrx_word' id='word_1_278' title='bbox 1031 2217 1236 2293; x_wconf 80' lang='grc' dir='ltr'>ἀφορμή</span> <span class='ocrx_word' id='word_1_279' title='bbox 1267 2261 1279 2273; x_wconf 93' lang='grc'><strong>.</strong></span> <span class='ocrx_word' id='word_1_280' title='bbox 1328 2218 1489 2271; x_wconf 82' lang='grc' dir='ltr'>Ὠστε</span> <span class='ocrx_word' id='word_1_281' title='bbox 1534 2227 1628 2272; x_wconf 83' lang='grc' dir='ltr'><strong>σοῦ</strong></span> <span class='ocrx_word' id='word_1_282' title='bbox 1682 2225 1796 2273; x_wconf 80' lang='grc' dir='ltr'>τότε</span> 
     </span>
    </p>
   </div>
   <div class='ocr_carea' id='block_1_41' title="bbox 186 2308 1791 2381">
    <p class='ocr_par' dir='ltr' id='par_1_41' title="bbox 186 2308 1791 2381">
     <span class='ocr_line' id='line_1_41' title="bbox 186 2308 1791 2381; baseline 0.001 -21"><span class='ocrx_word' id='word_1_283' title='bbox 186 2308 564 2381; x_wconf 72' lang='grc' dir='ltr'>ἆπιλησὸμεθα,</span> <span class='ocrx_word' id='word_1_284' title='bbox 593 2310 713 2360; x_wconf 85' lang='grc' dir='ltr'>ὅταν</span> <span class='ocrx_word' id='word_1_285' title='bbox 761 2316 851 2359; x_wconf 77' lang='grc' dir='ltr'><strong>και</strong></span> <span class='ocrx_word' id='word_1_286' title='bbox 905 2308 1121 2368; x_wconf 75' lang='grc' dir='ltr'>ἑαυτούς</span> <span class='ocrx_word' id='word_1_287' title='bbox 1174 2310 1663 2381; x_wconf 78' lang='grc' dir='ltr'>άγνοησωμεν(75).</span> <span class='ocrx_word' id='word_1_288' title='bbox 1707 2314 1791 2367; x_wconf 67' lang='lat' dir='ltr'><strong>Mi)</strong></span> 
     </span>
    </p>
   </div>
   <div class='ocr_carea' id='block_1_42' title="bbox 184 2396 1797 2472">
    <p class='ocr_par' dir='ltr' id='par_1_42' title="bbox 184 2396 1797 2472">
     <span class='ocr_line' id='line_1_42' title="bbox 184 2396 1797 2472; baseline -0.001 -21"><span class='ocrx_word' id='word_1_289' title='bbox 184 2404 351 2451; x_wconf 78' lang='grc' dir='ltr'>τοίνυν</span> <span class='ocrx_word' id='word_1_290' title='bbox 376 2401 505 2450; x_wconf 61' lang='grc' dir='ltr'>ποτε</span> <span class='ocrx_word' id='word_1_291' title='bbox 532 2401 624 2460; x_wconf 82' lang='grc' dir='ltr'><strong>τὰς</strong></span> <span class='ocrx_word' id='word_1_292' title='bbox 656 2396 913 2469; x_wconf 77' lang='grc' dir='ltr'>ἀσχολίας</span> <span class='ocrx_word' id='word_1_293' title='bbox 968 2405 1182 2470; x_wconf 84' lang='grc' dir='ltr'>σημεῖον</span> <span class='ocrx_word' id='word_1_294' title='bbox 1225 2402 1421 2472; x_wconf 77' lang='grc' dir='ltr'>τρόπον</span> <span class='ocrx_word' id='word_1_295' title='bbox 1470 2403 1559 2451; x_wconf 82' lang='grc' dir='ltr'>καί</span> <span class='ocrx_word' id='word_1_296' title='bbox 1606 2408 1797 2458; x_wconf 85' lang='grc' dir='ltr'>κακοη-</span> 
     </span>
    </p>
   </div>
   <div class='ocr_carea' id='block_1_43' title="bbox 188 2490 572 2561">
    <p class='ocr_par' dir='ltr' id='par_1_43' title="bbox 188 2490 572 2561">
     <span class='ocr_line' id='line_1_43' title="bbox 188 2490 572 2561; baseline -0.008 -19"><span class='ocrx_word' id='word_1_297' title='bbox 188 2490 321 2550; x_wconf 69' lang='lat' dir='ltr'><strong>Otia;</strong></span> <span class='ocrx_word' id='word_1_298' title='bbox 345 2492 572 2561; x_wconf 73' lang='grc' dir='ltr'>ποιήσῃ.</span> 
     </span>
    </p>
   </div>
   <div class='ocr_carea' id='block_1_44' title="bbox 748 2612 1246 2668">
    <p class='ocr_par' dir='ltr' id='par_1_44' title="bbox 748 2612 1246 2668">
     <span class='ocr_line' id='line_1_44' title="bbox 748 2612 1246 2668; baseline 0.002 -1"><span class='ocrx_word' id='word_1_299' title='bbox 748 2619 1086 2667; x_wconf 86' lang='grc' dir='ltr'><strong>ΕΠΙΣΤΟΛΗ</strong></span> <span class='ocrx_word' id='word_1_300' title='bbox 1126 2612 1246 2668; x_wconf 73' lang='grc' dir='ltr'><strong>ΝΖ.</strong></span> 
     </span>
    </p>
   </div>
   <div class='ocr_carea' id='block_1_45' title="bbox 1905 1863 3556 1936">
    <p class='ocr_par' dir='ltr' id='par_1_45' title="bbox 1905 1863 3556 1936">
     <span class='ocr_line' id='line_1_45' title="bbox 1905 1863 3556 1936; baseline -0.001 -15"><span class='ocrx_word' id='word_1_301' title='bbox 1905 1865 2378 1929; x_wconf 86' lang='lat' dir='ltr'><strong>consolabimur,</strong></span> <span class='ocrx_word' id='word_1_302' title='bbox 2412 1869 2700 1936; x_wconf 87' lang='lat' dir='ltr'><strong>tuamque</strong></span> <span class='ocrx_word' id='word_1_303' title='bbox 2722 1863 3247 1933; x_wconf 85' lang='lat' dir='ltr'><strong>benignitatem,ut</strong></span> <span class='ocrx_word' id='word_1_304' title='bbox 3276 1880 3348 1919; x_wconf 84' lang='lat' dir='ltr'><strong>ex</strong></span> <span class='ocrx_word' id='word_1_305' title='bbox 3386 1864 3556 1920; x_wconf 85' lang='lat' dir='ltr'><strong>factis</strong></span> 
     </span>
    </p>
   </div>
   <div class='ocr_carea' id='block_1_46' title="bbox 1906 1952 3553 2025">
    <p class='ocr_par' dir='ltr' id='par_1_46' title="bbox 1906 1952 3553 2025">
     <span class='ocr_line' id='line_1_46' title="bbox 1906 1952 3553 2025; baseline -0.002 -14"><span class='ocrx_word' id='word_1_306' title='bbox 1906 1955 2245 2011; x_wconf 77' lang='lat' dir='ltr'><strong>testimonia</strong></span> <span class='ocrx_word' id='word_1_307' title='bbox 2299 1954 2582 2025; x_wconf 86' lang='lat' dir='ltr'><strong>proferat,</strong></span> <span class='ocrx_word' id='word_1_308' title='bbox 2612 1968 2925 2022; x_wconf 83' lang='lat' dir='ltr'><strong>rogamus.</strong></span> <span class='ocrx_word' id='word_1_309' title='bbox 2968 1953 3117 2008; x_wconf 83' lang='lat' dir='ltr'><strong>Illud</strong></span> <span class='ocrx_word' id='word_1_310' title='bbox 3164 1953 3323 2008; x_wconf 93' lang='lat' dir='ltr'><strong>enim</strong></span> <span class='ocrx_word' id='word_1_311' title='bbox 3366 1952 3553 2024; x_wconf 85' lang='lat' dir='ltr'><strong>probe</strong></span> 
     </span>
    </p>
   </div>
   <div class='ocr_carea' id='block_1_47' title="bbox 1904 2042 3553 2114">
    <p class='ocr_par' dir='ltr' id='par_1_47' title="bbox 1904 2042 3553 2114">
     <span class='ocr_line' id='line_1_47' title="bbox 1904 2042 3553 2114; baseline -0.002 -13"><span class='ocrx_word' id='word_1_312' title='bbox 1904 2047 2079 2112; x_wconf 85' lang='lat' dir='ltr'><strong>scias,</strong></span> <span class='ocrx_word' id='word_1_313' title='bbox 2135 2046 2293 2100; x_wconf 89' lang='lat' dir='ltr'><strong>hanc</strong></span> <span class='ocrx_word' id='word_1_314' title='bbox 2343 2043 2825 2107; x_wconf 88' lang='lat' dir='ltr'><strong>sollicitudinem,</strong></span> <span class='ocrx_word' id='word_1_315' title='bbox 2852 2059 2974 2114; x_wconf 88' lang='lat' dir='ltr'><strong>qua</strong></span> <span class='ocrx_word' id='word_1_316' title='bbox 3028 2058 3192 2098; x_wconf 87' lang='lat' dir='ltr'><strong>nunc</strong></span> <span class='ocrx_word' id='word_1_317' title='bbox 3247 2042 3553 2113; x_wconf 87' lang='lat' dir='ltr'><strong>distringi-</strong></span> 
     </span>
    </p>
   </div>
   <div class='ocr_carea' id='block_1_48' title="bbox 1903 2133 3543 2205">
    <p class='ocr_par' dir='ltr' id='par_1_48' title="bbox 1903 2133 3543 2205">
     <span class='ocr_line' id='line_1_48' title="bbox 1903 2133 3543 2205; baseline -0.002 -13"><span class='ocrx_word' id='word_1_318' title='bbox 1903 2152 2061 2205; x_wconf 89' lang='lat' dir='ltr'><strong>mur,</strong></span> <span class='ocrx_word' id='word_1_319' title='bbox 2091 2136 2470 2191; x_wconf 87' lang='lat' dir='ltr'><strong>occasionem</strong></span> <span class='ocrx_word' id='word_1_320' title='bbox 2518 2134 2694 2189; x_wconf 88' lang='lat' dir='ltr'><strong>nobis</strong></span> <span class='ocrx_word' id='word_1_321' title='bbox 2724 2133 2947 2189; x_wconf 84' lang='lat' dir='ltr'><strong>factam</strong></span> <span class='ocrx_word' id='word_1_322' title='bbox 2995 2149 3129 2189; x_wconf 91' lang='lat' dir='ltr'><strong>esse</strong></span> <span class='ocrx_word' id='word_1_323' title='bbox 3166 2133 3543 2190; x_wconf 87' lang='lat' dir='ltr'><strong>humilitatis.</strong></span> 
     </span>
    </p>
   </div>
   <div class='ocr_carea' id='block_1_49' title="bbox 1906 2222 3557 2297">
    <p class='ocr_par' dir='ltr' id='par_1_49' title="bbox 1906 2222 3557 2297">
     <span class='ocr_line' id='line_1_49' title="bbox 1906 2222 3557 2297; baseline -0.002 -17"><span class='ocrx_word' id='word_1_324' title='bbox 1906 2228 2281 2297; x_wconf 84' lang='lat' dir='ltr'><strong>Quapropter</strong></span> <span class='ocrx_word' id='word_1_325' title='bbox 2310 2224 2395 2279; x_wconf 88' lang='lat' dir='ltr'><strong>tui</strong></span> <span class='ocrx_word' id='word_1_326' title='bbox 2426 2230 2564 2279; x_wconf 89' lang='lat' dir='ltr'><strong>tunc</strong></span> <span class='ocrx_word' id='word_1_327' title='bbox 2587 2222 3178 2288; x_wconf 89' lang='lat' dir='ltr'><strong>obliviscemur,cum</strong></span> <span class='ocrx_word' id='word_1_328' title='bbox 3207 2227 3265 2278; x_wconf 91' lang='lat' dir='ltr'><strong>et</strong></span> <span class='ocrx_word' id='word_1_329' title='bbox 3286 2225 3557 2278; x_wconf 89' lang='lat' dir='ltr'><strong>nosmet-</strong></span> 
     </span>
    </p>
   </div>
   <div class='ocr_carea' id='block_1_50' title="bbox 1903 2311 3557 2388">
    <p class='ocr_par' dir='ltr' id='par_1_50' title="bbox 1903 2311 3557 2388">
     <span class='ocr_line' id='line_1_50' title="bbox 1903 2311 3557 2388; baseline -0.002 -17"><span class='ocrx_word' id='word_1_330' title='bbox 1903 2315 2072 2388; x_wconf 89' lang='lat' dir='ltr'><strong>ipsos</strong></span> <span class='ocrx_word' id='word_1_331' title='bbox 2129 2316 2293 2386; x_wconf 81' lang='lat'><strong>151</strong></span> <span class='ocrx_word' id='word_1_332' title='bbox 2344 2312 2779 2384; x_wconf 87' lang='lat' dir='ltr'><strong>ignorabimus.</strong></span> <span class='ocrx_word' id='word_1_333' title='bbox 2814 2313 2971 2367; x_wconf 87' lang='lat' dir='ltr'><strong>Cave</strong></span> <span class='ocrx_word' id='word_1_334' title='bbox 2996 2312 3196 2383; x_wconf 86' lang='lat' dir='ltr'><strong>igitur,</strong></span> <span class='ocrx_word' id='word_1_335' title='bbox 3230 2311 3557 2384; x_wconf 90' lang='lat' dir='ltr'><strong>nequando</strong></span> 
     </span>
    </p>
   </div>
   <div class='ocr_carea' id='block_1_51' title="bbox 1906 2396 3560 2475">
    <p class='ocr_par' dir='ltr' id='par_1_51' title="bbox 1906 2396 3560 2475">
     <span class='ocr_line' id='line_1_51' title="bbox 1906 2396 3560 2475; baseline -0.002 -15"><span class='ocrx_word' id='word_1_336' title='bbox 1906 2403 2147 2475; x_wconf 85' lang='lat' dir='ltr'><strong>negotia</strong></span> <span class='ocrx_word' id='word_1_337' title='bbox 2171 2402 2392 2459; x_wconf 90' lang='lat' dir='ltr'><strong>indolis</strong></span> <span class='ocrx_word' id='word_1_338' title='bbox 2425 2417 2496 2458; x_wconf 91' lang='lat' dir='ltr'><strong>ac</strong></span> <span class='ocrx_word' id='word_1_339' title='bbox 2526 2417 2769 2458; x_wconf 89' lang='lat' dir='ltr'><strong>morum</strong></span> <span class='ocrx_word' id='word_1_340' title='bbox 2797 2396 3407 2457; x_wconf 87' lang='lat' dir='ltr'><strong>malorumindicium</strong></span> <span class='ocrx_word' id='word_1_341' title='bbox 3428 2415 3560 2457; x_wconf 88' lang='lat' dir='ltr'><strong>esse</strong></span> 
     </span>
    </p>
   </div>
   <div class='ocr_carea' id='block_1_52' title="bbox 1905 2493 2120 2549">
    <p class='ocr_par' dir='ltr' id='par_1_52' title="bbox 1905 2493 2120 2549">
     <span class='ocr_line' id='line_1_52' title="bbox 1905 2493 2120 2549; baseline -0.005 0"><span class='ocrx_word' id='word_1_342' title='bbox 1905 2493 2120 2549; x_wconf 90' lang='lat' dir='ltr'><strong>ducas.</strong></span> 
     </span>
    </p>
   </div>
   <div class='ocr_carea' id='block_1_53' title="bbox 2457 2615 3013 2672">
    <p class='ocr_par' dir='ltr' id='par_1_53' title="bbox 2457 2615 3013 2672">
     <span class='ocr_line' id='line_1_53' title="bbox 2457 2615 3013 2672; baseline 0.004 -2"><span class='ocrx_word' id='word_1_343' title='bbox 2457 2615 2701 2671; x_wconf 86' lang='lat' dir='ltr'><strong>EPISTO</strong></span> <span class='ocrx_word' id='word_1_344' title='bbox 2710 2616 2798 2671; x_wconf 83' lang='lat' dir='ltr'><strong>LA</strong></span> <span class='ocrx_word' id='word_1_345' title='bbox 2838 2617 3013 2672; x_wconf 82' lang='lat' dir='ltr'><strong>LVll&#39;.</strong></span> 
     </span>
    </p>
   </div>
   <div class='ocr_carea' id='block_1_54' title="bbox 191 2712 3566 2785">
    <p class='ocr_par' dir='ltr' id='par_1_54' title="bbox 191 2712 3566 2785">
     <span class='ocr_line' id='line_1_54' title="bbox 191 2712 3566 2785; baseline 0 -16"><span class='ocrx_word' id='word_1_346' title='bbox 191 2713 495 2771; x_wconf 73' lang='lat' dir='ltr'><strong>Meletium</strong></span> <span class='ocrx_word' id='word_1_347' title='bbox 542 2712 829 2785; x_wconf 81' lang='lat' dir='ltr'><strong>hortatur</strong></span> <span class='ocrx_word' id='word_1_348' title='bbox 861 2714 1118 2785; x_wconf 73' lang='lat' dir='ltr'><strong>Basilius</strong></span> <span class='ocrx_word' id='word_1_349' title='bbox 1147 2718 1209 2767; x_wconf 88' lang='lat' dir='ltr'><strong>ut</strong></span> <span class='ocrx_word' id='word_1_350' title='bbox 1238 2713 1454 2782; x_wconf 56' lang='lat' dir='ltr'><strong>saepius</strong></span> <span class='ocrx_word' id='word_1_351' title='bbox 1492 2714 1737 2785; x_wconf 76' lang='lat' dir='ltr'><strong>scribat,</strong></span> <span class='ocrx_word' id='word_1_352' title='bbox 1769 2722 1825 2772; x_wconf 88' lang='lat' dir='ltr'><strong>et</strong></span> <span class='ocrx_word' id='word_1_353' title='bbox 1857 2716 1917 2773; x_wconf 88' lang='lat' dir='ltr'><strong>in</strong></span> <span class='ocrx_word' id='word_1_354' title='bbox 1938 2714 2171 2785; x_wconf 81' lang='lat' dir='ltr'><strong>magnis</strong></span> <span class='ocrx_word' id='word_1_355' title='bbox 2203 2713 2486 2769; x_wconf 80' lang='lat' dir='ltr'><strong>molestiis</strong></span> <span class='ocrx_word' id='word_1_356' title='bbox 2528 2719 2861 2770; x_wconf 78' lang='lat' dir='ltr'><strong>versantem</strong></span> <span class='ocrx_word' id='word_1_357' title='bbox 2896 2715 3252 2771; x_wconf 80' lang='lat' dir='ltr'><strong>consoletur.</strong></span> <span class='ocrx_word' id='word_1_358' title='bbox 3290 2714 3469 2785; x_wconf 84' lang='lat' dir='ltr'><strong>Optat</strong></span> <span class='ocrx_word' id='word_1_359' title='bbox 3500 2718 3566 2769; x_wconf 86' lang='lat' dir='ltr'><strong>ut</strong></span> 
     </span>
    </p>
   </div>
   <div class='ocr_carea' id='block_1_55' title="bbox 259 2784 3566 2866">
    <p class='ocr_par' dir='ltr' id='par_1_55' title="bbox 259 2784 3566 2866">
     <span class='ocr_line' id='line_1_55' title="bbox 259 2784 3566 2866; baseline 0 -25"><span class='ocrx_word' id='word_1_360' title='bbox 259 2786 384 2866; x_wconf 68' lang='lat' dir='ltr'><strong>sibi</strong></span> <span class='ocrx_word' id='word_1_361' title='bbox 403 2786 584 2866; x_wconf 73' lang='lat' dir='ltr'><strong>illum</strong></span> <span class='ocrx_word' id='word_1_362' title='bbox 607 2784 941 2866; x_wconf 66' lang='lat' dir='ltr'><strong>aliquando</strong></span> <span class='ocrx_word' id='word_1_363' title='bbox 967 2784 1167 2866; x_wconf 61' lang='lat' dir='ltr'><strong>videre</strong></span> <span class='ocrx_word' id='word_1_364' title='bbox 1191 2788 1497 2866; x_wconf 72' lang='lat' dir='ltr'><strong>contingat</strong></span> <span class='ocrx_word' id='word_1_365' title='bbox 1517 2803 1530 2853; x_wconf 90' lang='lat'><strong>;</strong></span> <span class='ocrx_word' id='word_1_366' title='bbox 1545 2787 1796 2866; x_wconf 73' lang='lat' dir='ltr'><strong>jamque</strong></span> <span class='ocrx_word' id='word_1_367' title='bbox 1821 2789 1961 2845; x_wconf 87' lang='lat' dir='ltr'><strong>huic</strong></span> <span class='ocrx_word' id='word_1_368' title='bbox 1982 2784 2304 2856; x_wconf 80' lang='lat' dir='ltr'><strong>cupiditati</strong></span> <span class='ocrx_word' id='word_1_369' title='bbox 2333 2785 2771 2855; x_wconf 75' lang='lat' dir='ltr'><strong>obsequeretur,</strong></span> <span class='ocrx_word' id='word_1_370' title='bbox 2796 2787 2915 2841; x_wconf 86' lang='lat' dir='ltr'><strong>nisi</strong></span> <span class='ocrx_word' id='word_1_371' title='bbox 2933 2786 3161 2854; x_wconf 81' lang='lat' dir='ltr'><strong>fratres</strong></span> <span class='ocrx_word' id='word_1_372' title='bbox 3177 2788 3566 2842; x_wconf 77' lang='lat' dir='ltr'><strong>retinuissent</strong></span> 
     </span>
    </p>
   </div>
   <div class='ocr_carea' id='block_1_56' title="bbox 262 2856 1777 2927">
    <p class='ocr_par' dir='ltr' id='par_1_56' title="bbox 262 2856 1777 2927">
     <span class='ocr_line' id='line_1_56' title="bbox 262 2856 1777 2927; baseline 0.001 -14"><span class='ocrx_word' id='word_1_373' title='bbox 262 2859 441 2913; x_wconf 77' lang='lat' dir='ltr'><strong>certis</strong></span> <span class='ocrx_word' id='word_1_374' title='bbox 469 2856 548 2913; x_wconf 86' lang='lat' dir='ltr'><strong>de</strong></span> <span class='ocrx_word' id='word_1_375' title='bbox 575 2857 795 2925; x_wconf 80' lang='lat' dir='ltr'><strong>causis,</strong></span> <span class='ocrx_word' id='word_1_376' title='bbox 824 2871 971 2927; x_wconf 85' lang='lat' dir='ltr'><strong>quas</strong></span> <span class='ocrx_word' id='word_1_377' title='bbox 1008 2856 1448 2926; x_wconf 81' lang='lat' dir='ltr'><strong>Theophrastus</strong></span> <span class='ocrx_word' id='word_1_378' title='bbox 1476 2856 1777 2915; x_wconf 82' lang='lat' dir='ltr'><strong>narrabit.</strong></span> 
     </span>
    </p>
   </div>
   <div class='ocr_carea' id='block_1_57' title="bbox 481 2952 1516 3028">
    <p class='ocr_par' dir='ltr' id='par_1_57' title="bbox 481 2952 1516 3028">
     <span class='ocr_line' id='line_1_57' title="bbox 481 2952 1516 3028; baseline -0.001 -19"><span class='ocrx_word' id='word_1_379' title='bbox 481 2953 713 3027; x_wconf 78' lang='grc' dir='ltr'>Μελετίῳ</span> <span class='ocrx_word' id='word_1_380' title='bbox 741 2952 1149 3027; x_wconf 78' lang='grc' dir='ltr'>(76),ἐπισκόπῳ</span> <span class='ocrx_word' id='word_1_381' title='bbox 1169 2953 1516 3028; x_wconf 81' lang='grc' dir='ltr'>Ἀντιοχείας.</span> 
     </span>
    </p>
   </div>
   <div class='ocr_carea' id='block_1_58' title="bbox 260 3061 1800 3138">
    <p class='ocr_par' dir='ltr' id='par_1_58' title="bbox 260 3061 1800 3138">
     <span class='ocr_line' id='line_1_58' title="bbox 260 3061 1800 3138; baseline 0.001 -22"><span class='ocrx_word' id='word_1_382' title='bbox 260 3066 322 3116; x_wconf 82' lang='grc' dir='ltr'><strong>Εἴ</strong></span> <span class='ocrx_word' id='word_1_383' title='bbox 367 3082 482 3124; x_wconf 87' lang='grc' dir='ltr'><strong>πως</strong></span> <span class='ocrx_word' id='word_1_384' title='bbox 549 3061 745 3134; x_wconf 73' lang='grc' dir='ltr'>ἐγένετο</span> <span class='ocrx_word' id='word_1_385' title='bbox 813 3065 1025 3138; x_wconf 86' lang='grc' dir='ltr'>φανερὸν</span> <span class='ocrx_word' id='word_1_386' title='bbox 1091 3071 1152 3135; x_wconf 79' lang='grc' dir='ltr'><strong>τῇ</strong></span> <span class='ocrx_word' id='word_1_387' title='bbox 1227 3061 1487 3136; x_wconf 78' lang='grc' dir='ltr'>θεοσεϐείᾳ</span> <span class='ocrx_word' id='word_1_388' title='bbox 1555 3083 1648 3116; x_wconf 90' lang='grc' dir='ltr'><strong>σου</strong></span> <span class='ocrx_word' id='word_1_389' title='bbox 1704 3072 1800 3137; x_wconf 72' lang='grc' dir='ltr'><strong>τῇς</strong></span> 
     </span>
    </p>
   </div>
   <div class='ocr_carea' id='block_1_59' title="bbox 190 3151 1803 3227">
    <p class='ocr_par' dir='ltr' id='par_1_59' title="bbox 190 3151 1803 3227">
     <span class='ocr_line' id='line_1_59' title="bbox 190 3151 1803 3227; baseline 0.01 -22"><span class='ocrx_word' id='word_1_390' title='bbox 190 3152 517 3226; x_wconf 66' lang='grc' dir='ltr'>εὐφροσύνης</span> <span class='ocrx_word' id='word_1_391' title='bbox 561 3157 621 3204; x_wconf 83' lang='grc' dir='ltr'>τὸ</span> <span class='ocrx_word' id='word_1_392' title='bbox 681 3153 915 3225; x_wconf 78' lang='grc' dir='ltr'>μέγεθος,</span> <span class='ocrx_word' id='word_1_393' title='bbox 973 3157 1033 3210; x_wconf 74' lang='grc' dir='ltr'>ἦν</span> <span class='ocrx_word' id='word_1_394' title='bbox 1094 3151 1318 3225; x_wconf 76' lang='grc' dir='ltr'>ἐμποιεῖς</span> <span class='ocrx_word' id='word_1_395' title='bbox 1350 3154 1463 3226; x_wconf 78' lang='grc'><strong>(77)</strong></span> <span class='ocrx_word' id='word_1_396' title='bbox 1502 3154 1625 3227; x_wconf 72' lang='grc' dir='ltr'>ἡμῖν</span> <span class='ocrx_word' id='word_1_397' title='bbox 1680 3156 1803 3206; x_wconf 70' lang='grc' dir='ltr'><strong>δσά⁶</strong></span> 
     </span>
    </p>
   </div>
   <div class='ocr_carea' id='block_1_60' title="bbox 187 3236 1803 3316">
    <p class='ocr_par' dir='ltr' id='par_1_60' title="bbox 187 3236 1803 3316">
     <span class='ocr_line' id='line_1_60' title="bbox 187 3236 1803 3316; baseline 0.001 -23"><span class='ocrx_word' id='word_1_398' title='bbox 187 3262 273 3303; x_wconf 75' lang='lat' dir='ltr'><strong>zu;</strong></span> <span class='ocrx_word' id='word_1_399' title='bbox 321 3243 383 3293; x_wconf 76' lang='grc' dir='ltr'>οἶν</span> <span class='ocrx_word' id='word_1_400' title='bbox 435 3240 763 3314; x_wconf 74' lang='grc' dir='ltr'>ἐπιστέλλῃς,</span> <span class='ocrx_word' id='word_1_401' title='bbox 817 3236 1065 3303; x_wconf 76' lang='grc' dir='ltr'>οἰδα,ὁτι</span> <span class='ocrx_word' id='word_1_402' title='bbox 1122 3240 1215 3292; x_wconf 81' lang='grc' dir='ltr'>ούκ</span> <span class='ocrx_word' id='word_1_403' title='bbox 1263 3243 1324 3293; x_wconf 82' lang='grc' dir='ltr'>οἶν</span> <span class='ocrx_word' id='word_1_404' title='bbox 1390 3261 1512 3294; x_wconf 88' lang='grc' dir='ltr'>ποτε</span> <span class='ocrx_word' id='word_1_405' title='bbox 1564 3261 1803 3316; x_wconf 82' lang='grc' dir='ltr'>παραπε-</span> 
     </span>
    </p>
   </div>
   <div class='ocr_carea' id='block_1_61' title="bbox 195 3329 1804 3406">
    <p class='ocr_par' dir='ltr' id='par_1_61' title="bbox 195 3329 1804 3406">
     <span class='ocr_line' id='line_1_61' title="bbox 195 3329 1804 3406; baseline 0 -23"><span class='ocrx_word' id='word_1_406' title='bbox 195 3340 395 3383; x_wconf 65' lang='grc' dir='ltr'>σοῦσαν</span> <span class='ocrx_word' id='word_1_407' title='bbox 458 3333 778 3405; x_wconf 81' lang='grc' dir='ltr'>γραμμάτων</span> <span class='ocrx_word' id='word_1_408' title='bbox 843 3334 1102 3403; x_wconf 82' lang='grc' dir='ltr'>πρόφασιν</span> <span class='ocrx_word' id='word_1_409' title='bbox 1164 3330 1458 3406; x_wconf 73' lang='grc' dir='ltr'>ὑπερέϐης·</span> <span class='ocrx_word' id='word_1_410' title='bbox 1523 3329 1652 3383; x_wconf 79' lang='grc' dir='ltr'>ἀλλὰ</span> <span class='ocrx_word' id='word_1_411' title='bbox 1716 3337 1804 3384; x_wconf 83' lang='grc' dir='ltr'><strong>καὶ</strong></span> 
     </span>
    </p>
   </div>
   <div class='ocr_carea' id='block_1_62' title="bbox 196 3419 1804 3492">
    <p class='ocr_par' dir='ltr' id='par_1_62' title="bbox 196 3419 1804 3492">
     <span class='ocr_line' id='line_1_62' title="bbox 196 3419 1804 3492; baseline -0.001 -20"><span class='ocrx_word' id='word_1_412' title='bbox 196 3419 483 3481; x_wconf 76' lang='grc' dir='ltr'>ἕπενὸησας</span> <span class='ocrx_word' id='word_1_413' title='bbox 530 3422 586 3471; x_wconf 83' lang='grc' dir='ltr'>οἶν</span> <span class='ocrx_word' id='word_1_414' title='bbox 635 3419 826 3480; x_wconf 79' lang='grc' dir='ltr'>πολλὰς</span> <span class='ocrx_word' id='word_1_415' title='bbox 877 3420 1001 3492; x_wconf 78' lang='grc' dir='ltr'>ημῖν</span> <span class='ocrx_word' id='word_1_416' title='bbox 1048 3426 1210 3472; x_wconf 83' lang='grc' dir='ltr'>ποιεῖν</span> <span class='ocrx_word' id='word_1_417' title='bbox 1260 3420 1505 3473; x_wconf 83' lang='grc' dir='ltr'>ἑκάστοτε</span> <span class='ocrx_word' id='word_1_418' title='bbox 1555 3422 1648 3483; x_wconf 85' lang='grc' dir='ltr'>τὰς</span> <span class='ocrx_word' id='word_1_419' title='bbox 1698 3419 1804 3473; x_wconf 85' lang='grc' dir='ltr'>ἐπι-</span> 
     </span>
    </p>
   </div>
   <div class='ocr_carea' id='block_1_63' title="bbox 200 3506 1804 3582">
    <p class='ocr_par' dir='ltr' id='par_1_63' title="bbox 200 3506 1804 3582">
     <span class='ocr_line' id='line_1_63' title="bbox 200 3506 1804 3582; baseline -0.001 -20"><span class='ocrx_word' id='word_1_420' title='bbox 200 3509 416 3577; x_wconf 76' lang='grc' dir='ltr'>στολὰς,</span> <span class='ocrx_word' id='word_1_421' title='bbox 445 3514 701 3582; x_wconf 79' lang='grc' dir='ltr'>γνωρίζων</span> <span class='ocrx_word' id='word_1_422' title='bbox 749 3512 840 3562; x_wconf 85' lang='grc' dir='ltr'>τὸν</span> <span class='ocrx_word' id='word_1_423' title='bbox 890 3506 973 3562; x_wconf 79' lang='grc' dir='ltr'><strong>ἐπὶ</strong></span> <span class='ocrx_word' id='word_1_424' title='bbox 1141 3508 1429 3563; x_wconf 79' lang='grc' dir='ltr'>ἀναπαύσει</span> <span class='ocrx_word' id='word_1_425' title='bbox 1476 3518 1576 3562; x_wconf 83' lang='grc' dir='ltr'>τῶν</span> <span class='ocrx_word' id='word_1_426' title='bbox 1629 3509 1804 3562; x_wconf 75' lang='grc' dir='ltr'>θλιϐο-</span> 
     </span>
    </p>
   </div>
   <div class='ocr_carea' id='block_1_64' title="bbox 194 3598 1804 3674">
    <p class='ocr_par' dir='ltr' id='par_1_64' title="bbox 194 3598 1804 3674">
     <span class='ocr_line' id='line_1_64' title="bbox 194 3598 1804 3674; baseline 0.001 -24"><span class='ocrx_word' id='word_1_427' title='bbox 194 3603 368 3671; x_wconf 79' lang='grc' dir='ltr'>μένων</span> <span class='ocrx_word' id='word_1_428' title='bbox 406 3599 517 3668; x_wconf 77' lang='grc'>(78)</span> <span class='ocrx_word' id='word_1_429' title='bbox 566 3601 703 3674; x_wconf 80' lang='grc' dir='ltr'>παρὰ</span> <span class='ocrx_word' id='word_1_430' title='bbox 740 3606 834 3651; x_wconf 85' lang='grc' dir='ltr'><strong>τοῦ</strong></span> <span class='ocrx_word' id='word_1_431' title='bbox 883 3598 1246 3672; x_wconf 69' lang='grc' dir='ltr'>φιλανθρώπου</span> <span class='ocrx_word' id='word_1_432' title='bbox 1306 3604 1565 3653; x_wconf 84' lang='grc' dir='ltr'>Δεσπότου</span> <span class='ocrx_word' id='word_1_433' title='bbox 1615 3601 1804 3672; x_wconf 82' lang='grc' dir='ltr'>μισθὸν</span> 
     </span>
    </p>
   </div>
   <div class='ocr_carea' id='block_1_65' title="bbox 195 3686 1804 3765">
    <p class='ocr_par' dir='ltr' id='par_1_65' title="bbox 195 3686 1804 3765">
     <span class='ocr_line' id='line_1_65' title="bbox 195 3686 1804 3765; baseline -0.001 -24"><span class='ocrx_word' id='word_1_434' title='bbox 195 3687 552 3761; x_wconf 71' lang='grc' dir='ltr'>ἀποκείμενον.</span> <span class='ocrx_word' id='word_1_435' title='bbox 595 3690 780 3743; x_wconf 87' lang='grc' dir='ltr'>Πάνπα</span> <span class='ocrx_word' id='word_1_436' title='bbox 826 3692 925 3763; x_wconf 82' lang='grc' dir='ltr'><strong>γὰρ</strong></span> <span class='ocrx_word' id='word_1_437' title='bbox 989 3686 1177 3750; x_wconf 71' lang='grc' dir='ltr'>ὀδύνης</span> <span class='ocrx_word' id='word_1_438' title='bbox 1227 3691 1292 3742; x_wconf 83' lang='grc' dir='ltr'><strong>τὰ</strong></span> <span class='ocrx_word' id='word_1_439' title='bbox 1350 3687 1480 3763; x_wconf 73' lang='grc' dir='ltr'>τῇδε</span> <span class='ocrx_word' id='word_1_440' title='bbox 1534 3688 1804 3765; x_wconf 78' lang='grc' dir='ltr'>πεπληρω-</span> 
     </span>
    </p>
   </div>
   <div class='ocr_carea' id='block_1_66' title="bbox 191 3776 1802 3855">
    <p class='ocr_par' dir='ltr' id='par_1_66' title="bbox 191 3776 1802 3855">
     <span class='ocr_line' id='line_1_66' title="bbox 191 3776 1802 3855; baseline -0.001 -24"><span class='ocrx_word' id='word_1_441' title='bbox 191 3799 301 3846; x_wconf 84' lang='grc' dir='ltr'>ται,</span> <span class='ocrx_word' id='word_1_442' title='bbox 349 3784 440 3830; x_wconf 81' lang='grc' dir='ltr'><strong>καὶ</strong></span> <span class='ocrx_word' id='word_1_443' title='bbox 481 3784 614 3851; x_wconf 75' lang='grc' dir='ltr'>μόνη</span> <span class='ocrx_word' id='word_1_444' title='bbox 664 3782 789 3852; x_wconf 70' lang='grc' dir='ltr'>ἡμῖν</span> <span class='ocrx_word' id='word_1_445' title='bbox 842 3777 981 3831; x_wconf 72' lang='grc' dir='ltr'>ἔστιν</span> <span class='ocrx_word' id='word_1_446' title='bbox 1029 3778 1334 3855; x_wconf 74' lang='grc' dir='ltr'>ἀποστροφὴ</span> <span class='ocrx_word' id='word_1_447' title='bbox 1384 3787 1483 3831; x_wconf 85' lang='grc' dir='ltr'>τῶν</span> <span class='ocrx_word' id='word_1_448' title='bbox 1538 3776 1716 3832; x_wconf 72' lang='grc' dir='ltr'>δεινῶν</span> <span class='ocrx_word' id='word_1_449' title='bbox 1772 3781 1802 3836; x_wconf 80' lang='grc' dir='ltr'>ἡ</span> 
     </span>
    </p>
   </div>
   <div class='ocr_carea' id='block_1_67' title="bbox 188 3867 1805 3945">
    <p class='ocr_par' dir='ltr' id='par_1_67' title="bbox 188 3867 1805 3945">
     <span class='ocr_line' id='line_1_67' title="bbox 188 3867 1805 3945; baseline -0.001 -24"><span class='ocrx_word' id='word_1_450' title='bbox 188 3879 281 3931; x_wconf 71' lang='grc' dir='ltr'>τῆς</span> <span class='ocrx_word' id='word_1_451' title='bbox 341 3878 440 3929; x_wconf 69' lang='grc' dir='ltr'>σῆς</span> <span class='ocrx_word' id='word_1_452' title='bbox 497 3870 772 3930; x_wconf 80' lang='grc' dir='ltr'>ὁσιότητος</span> <span class='ocrx_word' id='word_1_453' title='bbox 852 3871 1058 3921; x_wconf 85' lang='grc' dir='ltr'>ἔννοια·</span> <span class='ocrx_word' id='word_1_454' title='bbox 1123 3872 1183 3927; x_wconf 74' lang='grc' dir='ltr'>ἣν</span> <span class='ocrx_word' id='word_1_455' title='bbox 1250 3867 1623 3945; x_wconf 76' lang='grc' dir='ltr'>ἐναργοστέραν</span> <span class='ocrx_word' id='word_1_456' title='bbox 1681 3871 1805 3942; x_wconf 79' lang='grc' dir='ltr'>ημῖν</span> 
     </span>
    </p>
   </div>
   <div class='ocr_carea' id='block_1_68' title="bbox 191 3954 1805 4033">
    <p class='ocr_par' dir='ltr' id='par_1_68' title="bbox 191 3954 1805 4033">
     <span class='ocr_line' id='line_1_68' title="bbox 191 3954 1805 4033; baseline 0 -22"><span class='ocrx_word' id='word_1_457' title='bbox 191 3957 399 4033; x_wconf 78' lang='grc' dir='ltr'>ὶμποιιῖ</span> <span class='ocrx_word' id='word_1_458' title='bbox 425 3962 456 4018; x_wconf 67' lang='grc' dir='ltr'>ἡ</span> <span class='ocrx_word' id='word_1_459' title='bbox 518 3954 613 4012; x_wconf 76' lang='grc' dir='ltr'>διὰ</span> <span class='ocrx_word' id='word_1_460' title='bbox 658 3968 756 4011; x_wconf 81' lang='grc' dir='ltr'>τῶν</span> <span class='ocrx_word' id='word_1_461' title='bbox 788 3961 965 4021; x_wconf 87' lang='grc' dir='ltr'>πσάης</span> <span class='ocrx_word' id='word_1_462' title='bbox 1005 3965 1184 4033; x_wconf 88' lang='grc' dir='ltr'>σοφίας</span> <span class='ocrx_word' id='word_1_463' title='bbox 1214 3964 1301 4011; x_wconf 76' lang='grc' dir='ltr'><strong>καὶ</strong></span> <span class='ocrx_word' id='word_1_464' title='bbox 1343 3962 1567 4032; x_wconf 86' lang='grc' dir='ltr'>χάριτος</span> <span class='ocrx_word' id='word_1_465' title='bbox 1604 3959 1805 4018; x_wconf 84' lang='grc' dir='ltr'>πεπλη-</span> 
     </span>
    </p>
   </div>
   <div class='ocr_carea' id='block_1_69' title="bbox 190 4046 1807 4124">
    <p class='ocr_par' dir='ltr' id='par_1_69' title="bbox 190 4046 1807 4124">
     <span class='ocr_line' id='line_1_69' title="bbox 190 4046 1807 4124; baseline 0.002 -25"><span class='ocrx_word' id='word_1_466' title='bbox 190 4054 434 4122; x_wconf 76' lang='grc' dir='ltr'>ρωμένων</span> <span class='ocrx_word' id='word_1_467' title='bbox 491 4051 816 4124; x_wconf 82' lang='grc' dir='ltr'>γραμμάτων</span> <span class='ocrx_word' id='word_1_468' title='bbox 884 4067 979 4102; x_wconf 86' lang='grc' dir='ltr'><strong>σου</strong></span> <span class='ocrx_word' id='word_1_469' title='bbox 1041 4048 1241 4121; x_wconf 82' lang='grc' dir='ltr'>ὁμιλία.</span> <span class='ocrx_word' id='word_1_470' title='bbox 1292 4046 1473 4118; x_wconf 52' lang='lat' dir='ltr'><strong>&quot;ﬂare,</strong></span> <span class='ocrx_word' id='word_1_471' title='bbox 1534 4051 1653 4101; x_wconf 84' lang='grc' dir='ltr'>ὅταν</span> <span class='ocrx_word' id='word_1_472' title='bbox 1721 4049 1807 4103; x_wconf 87' lang='grc' dir='ltr'>λά-</span> 
     </span>
    </p>
   </div>
   <div class='ocr_carea' id='block_1_70' title="bbox 193 4136 1806 4215">
    <p class='ocr_par' dir='ltr' id='par_1_70' title="bbox 193 4136 1806 4215">
     <span class='ocr_line' id='line_1_70' title="bbox 193 4136 1806 4215; baseline -0.002 -23"><span class='ocrx_word' id='word_1_473' title='bbox 193 4138 364 4211; x_wconf 68' lang='grc' dir='ltr'>ϐωμεν</span> <span class='ocrx_word' id='word_1_474' title='bbox 416 4140 490 4201; x_wconf 79' lang='grc' dir='ltr'><strong>εἰς</strong></span> <span class='ocrx_word' id='word_1_475' title='bbox 542 4146 726 4215; x_wconf 85' lang='grc' dir='ltr'>χεῖρας</span> <span class='ocrx_word' id='word_1_476' title='bbox 780 4143 876 4197; x_wconf 74' lang='grc' dir='ltr'>τὴν</span> <span class='ocrx_word' id='word_1_477' title='bbox 923 4136 1198 4197; x_wconf 77' lang='grc' dir='ltr'>ἐπιστολήν</span> <span class='ocrx_word' id='word_1_478' title='bbox 1258 4157 1392 4209; x_wconf 85' lang='grc' dir='ltr'>σου,</span> <span class='ocrx_word' id='word_1_479' title='bbox 1441 4145 1645 4214; x_wconf 84' lang='grc' dir='ltr'>πρῶτον</span> <span class='ocrx_word' id='word_1_480' title='bbox 1717 4139 1806 4209; x_wconf 78' lang='grc' dir='ltr'>μὲν</span> 
     </span>
    </p>
   </div>
   <div class='ocr_carea' id='block_1_71' title="bbox 188 4228 1806 4304">
    <p class='ocr_par' dir='ltr' id='par_1_71' title="bbox 188 4228 1806 4304">
     <span class='ocr_line' id='line_1_71' title="bbox 188 4228 1806 4304; baseline -0.004 -18"><span class='ocrx_word' id='word_1_481' title='bbox 188 4236 251 4286; x_wconf 82' lang='grc' dir='ltr'>τὸ</span> <span class='ocrx_word' id='word_1_482' title='bbox 315 4235 509 4304; x_wconf 75' lang='grc' dir='ltr'>μέτρον</span> <span class='ocrx_word' id='word_1_483' title='bbox 570 4230 729 4291; x_wconf 64' lang='grc' dir='ltr'>αὐτῆς</span> <span class='ocrx_word' id='word_1_484' title='bbox 792 4230 1193 4303; x_wconf 75' lang='grc' dir='ltr'>ἐπισκοποῦμεν,</span> <span class='ocrx_word' id='word_1_485' title='bbox 1251 4234 1342 4281; x_wconf 81' lang='grc' dir='ltr'><strong>καὶ</strong></span> <span class='ocrx_word' id='word_1_486' title='bbox 1402 4236 1648 4281; x_wconf 76' lang='grc' dir='ltr'>τοσοῦτον</span> <span class='ocrx_word' id='word_1_487' title='bbox 1719 4228 1806 4279; x_wconf 81' lang='grc' dir='ltr'>αύ-</span> 
     </span>
    </p>
   </div>
   <div class='ocr_carea' id='block_1_72' title="bbox 184 4318 1803 4396">
    <p class='ocr_par' dir='ltr' id='par_1_72' title="bbox 184 4318 1803 4396">
     <span class='ocr_line' id='line_1_72' title="bbox 184 4318 1803 4396; baseline 0.003 -25"><span class='ocrx_word' id='word_1_488' title='bbox 184 4328 283 4377; x_wconf 67' lang='grc' dir='ltr'><strong>την</strong></span> <span class='ocrx_word' id='word_1_489' title='bbox 340 4320 652 4392; x_wconf 72' lang='grc' dir='ltr'>ἀγαπῶμεν,</span> <span class='ocrx_word' id='word_1_490' title='bbox 679 4320 883 4393; x_wconf 77' lang='grc' dir='ltr'>ὅσῳπερ</span> <span class='ocrx_word' id='word_1_491' title='bbox 942 4319 1001 4371; x_wconf 76' lang='grc' dir='ltr'>ἂν</span> <span class='ocrx_word' id='word_1_492' title='bbox 1058 4322 1341 4396; x_wconf 72' lang='grc' dir='ltr'>περισσεύῃ</span> <span class='ocrx_word' id='word_1_493' title='bbox 1375 4320 1493 4391; x_wconf 84' lang='grc'><strong>(79)</strong></span> <span class='ocrx_word' id='word_1_494' title='bbox 1552 4328 1622 4390; x_wconf 83' lang='grc' dir='ltr'>τῷ</span> <span class='ocrx_word' id='word_1_495' title='bbox 1678 4318 1803 4376; x_wconf 81' lang='grc' dir='ltr'>πλή-</span> 
     </span>
    </p>
   </div>
   <div class='ocr_carea' id='block_1_73' title="bbox 185 4406 1805 4484">
    <p class='ocr_par' dir='ltr' id='par_1_73' title="bbox 185 4406 1805 4484">
     <span class='ocr_line' id='line_1_73' title="bbox 185 4406 1805 4484; baseline -0.004 -20"><span class='ocrx_word' id='word_1_496' title='bbox 185 4413 269 4464; x_wconf 76' lang='grc' dir='ltr'><strong>οιι</strong></span> <span class='ocrx_word' id='word_1_497' title='bbox 300 4427 314 4441; x_wconf 84' lang='grc'><em>³</em></span> <span class='ocrx_word' id='word_1_498' title='bbox 351 4413 552 4476; x_wconf 71' lang='grc' dir='ltr'>ἔπειτα,</span> <span class='ocrx_word' id='word_1_499' title='bbox 614 4406 909 4475; x_wconf 71' lang='grc' dir='ltr'>διεξιόντες,</span> <span class='ocrx_word' id='word_1_500' title='bbox 939 4417 1012 4481; x_wconf 83' lang='grc' dir='ltr'>τῷ</span> <span class='ocrx_word' id='word_1_501' title='bbox 1072 4412 1162 4482; x_wconf 68' lang='grc' dir='ltr'>μὶν</span> <span class='ocrx_word' id='word_1_502' title='bbox 1221 4408 1300 4461; x_wconf 78' lang='grc' dir='ltr'>ἀεὶ</span> <span class='ocrx_word' id='word_1_503' title='bbox 1346 4410 1805 4484; x_wconf 86' lang='grc' dir='ltr'>προστυγχάνοντι</span> 
     </span>
    </p>
   </div>
   <div class='ocr_carea' id='block_1_74' title="bbox 183 4494 1808 4573">
    <p class='ocr_par' dir='ltr' id='par_1_74' title="bbox 183 4494 1808 4573">
     <span class='ocr_line' id='line_1_74' title="bbox 183 4494 1808 4573; baseline -0.004 -19"><span class='ocrx_word' id='word_1_504' title='bbox 183 4507 283 4554; x_wconf 82' lang='grc' dir='ltr'><strong>τοῦ</strong></span> <span class='ocrx_word' id='word_1_505' title='bbox 347 4500 510 4571; x_wconf 75' lang='grc' dir='ltr'>λογον</span> <span class='ocrx_word' id='word_1_506' title='bbox 571 4504 847 4573; x_wconf 81' lang='grc' dir='ltr'>χαίρομεν·</span> <span class='ocrx_word' id='word_1_507' title='bbox 912 4507 984 4571; x_wconf 79' lang='grc' dir='ltr'>τῷ</span> <span class='ocrx_word' id='word_1_508' title='bbox 1056 4498 1187 4551; x_wconf 79' lang='grc' dir='ltr'>τέλει</span> <span class='ocrx_word' id='word_1_509' title='bbox 1254 4494 1312 4550; x_wconf 69' lang='grc' dir='ltr'><strong>δὲ</strong></span> <span class='ocrx_word' id='word_1_510' title='bbox 1376 4506 1467 4559; x_wconf 84' lang='grc' dir='ltr'>τῆς</span> <span class='ocrx_word' id='word_1_511' title='bbox 1531 4495 1808 4557; x_wconf 82' lang='grc' dir='ltr'>ἐπιστολῆς</span> 
     </span>
    </p>
   </div>
   <div class='ocr_carea' id='block_1_75' title="bbox 185 4582 1807 4666">
    <p class='ocr_par' dir='ltr' id='par_1_75' title="bbox 185 4582 1807 4666">
     <span class='ocr_line' id='line_1_75' title="bbox 185 4582 1807 4666; baseline -0.006 -20"><span class='ocrx_word' id='word_1_512' title='bbox 185 4591 638 4666; x_wconf 69' lang='grc' dir='ltr'>προσεγγίζοντες</span> <span class='ocrx_word' id='word_1_513' title='bbox 669 4632 682 4655; x_wconf 92' lang='grc'><strong>,</strong></span> <span class='ocrx_word' id='word_1_514' title='bbox 752 4585 1167 4665; x_wconf 78' lang='grc' dir='ltr'>δυσχεραίνομεν</span> <span class='ocrx_word' id='word_1_515' title='bbox 1197 4630 1211 4646; x_wconf 93' lang='grc'><strong>.</strong></span> <span class='ocrx_word' id='word_1_516' title='bbox 1270 4582 1432 4657; x_wconf 23' lang='grc' dir='ltr'>¹Οῦτω</span> <span class='ocrx_word' id='word_1_517' title='bbox 1492 4593 1591 4639; x_wconf 82' lang='grc' dir='ltr'>πᾶν</span> <span class='ocrx_word' id='word_1_518' title='bbox 1644 4585 1669 4638; x_wconf 86' lang='grc' dir='ltr'><strong>ὃ</strong></span> <span class='ocrx_word' id='word_1_519' title='bbox 1730 4605 1807 4638; x_wconf 86' lang='grc' dir='ltr'>τι-</span> 
     </span>
    </p>
   </div>
   <div class='ocr_carea' id='block_1_76' title="bbox 259 4706 1807 4790">
    <p class='ocr_par' dir='ltr' id='par_1_76' title="bbox 259 4706 1807 4790">
     <span class='ocr_line' id='line_1_76' title="bbox 259 4706 1807 4790; baseline -0.006 -15"><span class='ocrx_word' id='word_1_520' title='bbox 259 4720 386 4789; x_wconf 78' lang='grc'>(71)</span> <span class='ocrx_word' id='word_1_521' title='bbox 429 4720 532 4769; x_wconf 75' lang='grc' dir='ltr'>Καὶ</span> <span class='ocrx_word' id='word_1_522' title='bbox 548 4717 652 4790; x_wconf 79' lang='grc' dir='ltr'><strong>γὰρ</strong></span> <span class='ocrx_word' id='word_1_523' title='bbox 703 4715 904 4790; x_wconf 46' lang='lat' dir='ltr'><strong>tingui.</strong></span> <span class='ocrx_word' id='word_1_524' title='bbox 933 4713 1091 4771; x_wconf 82' lang='lat' dir='ltr'><strong>Harl.</strong></span> <span class='ocrx_word' id='word_1_525' title='bbox 1123 4717 1211 4766; x_wconf 80' lang='grc' dir='ltr'><strong>καὶ</strong></span> <span class='ocrx_word' id='word_1_526' title='bbox 1257 4715 1363 4790; x_wconf 78' lang='grc' dir='ltr'><strong>γὰρ</strong></span> <span class='ocrx_word' id='word_1_527' title='bbox 1394 4716 1504 4790; x_wconf 29' lang='grc' dir='ltr'>,θεαὶ</span> <span class='ocrx_word' id='word_1_528' title='bbox 1534 4713 1588 4770; x_wconf 75' lang='grc' dir='ltr'><strong>ἡ.</strong></span> <span class='ocrx_word' id='word_1_529' title='bbox 1764 4712 1807 4790; x_wconf 69' lang='grc' dir='ltr'><strong>εί</strong></span> 
     </span>
    </p>
   </div>
   <div class='ocr_carea' id='block_1_77' title="bbox 183 4783 1805 4866">
    <p class='ocr_par' dir='ltr' id='par_1_77' title="bbox 183 4783 1805 4866">
     <span class='ocr_line' id='line_1_77' title="bbox 183 4783 1805 4866; baseline 0.015 -48"><span class='ocrx_word' id='word_1_530' title='bbox 317 4783 522 4866; x_wconf 36' lang='grc' dir='ltr'>κὰγ-ἠ,</span> <span class='ocrx_word' id='word_1_531' title='bbox 840 4791 930 4866; x_wconf 61' lang='grc' dir='ltr'>διαὶ</span> <span class='ocrx_word' id='word_1_532' title='bbox 980 4790 1082 4860; x_wconf 82' lang='grc' dir='ltr'>γὰρ</span> <span class='ocrx_word' id='word_1_533' title='bbox 1113 4790 1202 4839; x_wconf 77' lang='grc' dir='ltr'><strong>καὶ</strong></span> <span class='ocrx_word' id='word_1_534' title='bbox 1229 4783 1290 4841; x_wconf 76' lang='grc' dir='ltr'><strong>εἶ.</strong></span> <span class='ocrx_word' id='word_1_535' title='bbox 1323 4783 1551 4841; x_wconf 85' lang='lat' dir='ltr'><strong>Ibidem</strong></span> <span class='ocrx_word' id='word_1_536' title='bbox 1577 4783 1717 4840; x_wconf 85' lang='lat' dir='ltr'><strong>editi</strong></span> <span class='ocrx_word' id='word_1_537' title='bbox 1746 4787 1805 4836; x_wconf 75' lang='grc' dir='ltr'>τὸ</span> 
     </span>
    </p>
   </div>
   <div class='ocr_carea' id='block_1_78' title="bbox 187 4859 943 4917">
    <p class='ocr_par' dir='ltr' id='par_1_78' title="bbox 187 4859 943 4917">
     <span class='ocr_line' id='line_1_78' title="bbox 187 4859 943 4917; baseline 0 -2"><span class='ocrx_word' id='word_1_538' title='bbox 187 4859 369 4917; x_wconf 53' lang='grc' dir='ltr'>λιτὶ-εον,</span> <span class='ocrx_word' id='word_1_539' title='bbox 404 4861 543 4916; x_wconf 63' lang='grc' dir='ltr'><strong>Μῦς.</strong></span> <span class='ocrx_word' id='word_1_540' title='bbox 576 4865 642 4914; x_wconf 89' lang='lat' dir='ltr'><strong>ut</strong></span> <span class='ocrx_word' id='word_1_541' title='bbox 666 4859 729 4914; x_wconf 89' lang='lat' dir='ltr'><strong>in</strong></span> <span class='ocrx_word' id='word_1_542' title='bbox 758 4863 943 4915; x_wconf 83' lang='lat' dir='ltr'><strong>textu.</strong></span> 
     </span>
    </p>
   </div>
   <div class='ocr_carea' id='block_1_79' title="bbox 282 4926 1805 5004">
    <p class='ocr_par' dir='ltr' id='par_1_79' title="bbox 282 4926 1805 5004">
     <span class='ocr_line' id='line_1_79' title="bbox 282 4926 1805 5004; baseline -0.005 -17"><span class='ocrx_word' id='word_1_543' title='bbox 282 4936 385 5001; x_wconf 78' lang='lat'><strong>72)</strong></span> <span class='ocrx_word' id='word_1_544' title='bbox 422 4932 703 5004; x_wconf 74' lang='grc' dir='ltr'>Ἐκατέραν</span> <span class='ocrx_word' id='word_1_545' title='bbox 758 4935 851 4987; x_wconf 76' lang='grc' dir='ltr'>τὴν</span> <span class='ocrx_word' id='word_1_546' title='bbox 923 4929 1066 4991; x_wconf 81' lang='grc' dir='ltr'>τάξιν</span> <span class='ocrx_word' id='word_1_547' title='bbox 1101 4928 1323 5004; x_wconf 73' lang='lat' dir='ltr'><strong>.__E_diti</strong></span> <span class='ocrx_word' id='word_1_548' title='bbox 1384 4926 1630 4999; x_wconf 76' lang='grc' dir='ltr'>ἑκατέρων</span> <span class='ocrx_word' id='word_1_549' title='bbox 1695 4932 1805 5004; x_wconf 30' lang='grc' dir='ltr'>’τὴν</span> 
     </span>
    </p>
   </div>
   <div class='ocr_carea' id='block_1_80' title="bbox 192 4998 1795 5073">
    <p class='ocr_par' dir='ltr' id='par_1_80' title="bbox 192 4998 1795 5073">
     <span class='ocr_line' id='line_1_80' title="bbox 192 4998 1795 5073; baseline -0.004 -16"><span class='ocrx_word' id='word_1_550' title='bbox 192 4998 375 5068; x_wconf 59' lang='grc' dir='ltr'>ἀξίως</span> <span class='ocrx_word' id='word_1_551' title='bbox 400 4998 645 5072; x_wconf 80' lang='lat' dir='ltr'><strong>Legitur</strong></span> <span class='ocrx_word' id='word_1_552' title='bbox 672 5003 733 5057; x_wconf 92' lang='lat' dir='ltr'><strong>in</strong></span> <span class='ocrx_word' id='word_1_553' title='bbox 756 5004 984 5073; x_wconf 86' lang='lat' dir='ltr'><strong>septem</strong></span> <span class='ocrx_word' id='word_1_554' title='bbox 1016 5000 1325 5056; x_wconf 85' lang='lat' dir='ltr'><strong>codicibus</strong></span> <span class='ocrx_word' id='word_1_555' title='bbox 1346 5017 1480 5054; x_wconf 86' lang='lat' dir='ltr'><strong>mss.</strong></span> <span class='ocrx_word' id='word_1_556' title='bbox 1505 4998 1598 5057; x_wconf 62' lang='grc' dir='ltr'>τὴν</span> <span class='ocrx_word' id='word_1_557' title='bbox 1625 4998 1795 5061; x_wconf 83' lang='grc' dir='ltr'>τάξιν.</span> 
     </span>
    </p>
   </div>
   <div class='ocr_carea' id='block_1_81' title="bbox 191 5072 1807 5155">
    <p class='ocr_par' dir='ltr' id='par_1_81' title="bbox 191 5072 1807 5155">
     <span class='ocr_line' id='line_1_81' title="bbox 191 5072 1807 5155; baseline -0.003 -24"><span class='ocrx_word' id='word_1_558' title='bbox 191 5077 307 5155; x_wconf 72' lang='lat' dir='ltr'><strong>sed</strong></span> <span class='ocrx_word' id='word_1_559' title='bbox 338 5072 842 5155; x_wconf 47' lang='grc' dir='ltr'>νοςεωεκατέραν,</span> <span class='ocrx_word' id='word_1_560' title='bbox 872 5072 1313 5155; x_wconf 46' lang='lat' dir='ltr'><strong>quaa‘maxime</strong></span> <span class='ocrx_word' id='word_1_561' title='bbox 1342 5087 1681 5155; x_wconf 62' lang='lat' dir='ltr'><strong>necessaria</strong></span> <span class='ocrx_word' id='word_1_562' title='bbox 1719 5076 1807 5126; x_wconf 92' lang='lat' dir='ltr'><strong>est</strong></span> 
     </span>
    </p>
   </div>
   <div class='ocr_carea' id='block_1_82' title="bbox 193 5142 1806 5211">
    <p class='ocr_par' dir='ltr' id='par_1_82' title="bbox 193 5142 1806 5211">
     <span class='ocr_line' id='line_1_82' title="bbox 193 5142 1806 5211; baseline -0.004 -6"><span class='ocrx_word' id='word_1_563' title='bbox 193 5148 271 5204; x_wconf 76' lang='lat' dir='ltr'><strong>ad</strong></span> <span class='ocrx_word' id='word_1_564' title='bbox 313 5146 679 5204; x_wconf 83' lang='lat' dir='ltr'><strong>sententiam</strong></span> <span class='ocrx_word' id='word_1_565' title='bbox 726 5142 1171 5211; x_wconf 69' lang='lat' dir='ltr'><strong>illustiandam,</strong></span> <span class='ocrx_word' id='word_1_566' title='bbox 1203 5144 1264 5198; x_wconf 91' lang='lat' dir='ltr'><strong>in</strong></span> <span class='ocrx_word' id='word_1_567' title='bbox 1312 5142 1440 5199; x_wconf 89' lang='lat' dir='ltr'><strong>solo</strong></span> <span class='ocrx_word' id='word_1_568' title='bbox 1497 5142 1806 5198; x_wconf 70' lang='lat' dir='ltr'><strong>Harlasano</strong></span> 
     </span>
    </p>
   </div>
   <div class='ocr_carea' id='block_1_83' title="bbox 193 5214 1803 5292">
    <p class='ocr_par' dir='ltr' id='par_1_83' title="bbox 193 5214 1803 5292">
     <span class='ocr_line' id='line_1_83' title="bbox 193 5214 1803 5292; baseline -0.006 -16"><span class='ocrx_word' id='word_1_569' title='bbox 193 5222 557 5292; x_wconf 83' lang='lat' dir='ltr'><strong>reperimus.</strong></span> <span class='ocrx_word' id='word_1_570' title='bbox 590 5216 819 5273; x_wconf 87' lang='lat' dir='ltr'><strong>Ibidem</strong></span> <span class='ocrx_word' id='word_1_571' title='bbox 851 5216 993 5273; x_wconf 91' lang='lat' dir='ltr'><strong>editi</strong></span> <span class='ocrx_word' id='word_1_572' title='bbox 1024 5218 1149 5291; x_wconf 76' lang='grc' dir='ltr'>ὁρᾷς</span> <span class='ocrx_word' id='word_1_573' title='bbox 1173 5215 1332 5277; x_wconf 84' lang='grc' dir='ltr'>ὅπως.</span> <span class='ocrx_word' id='word_1_574' title='bbox 1361 5214 1628 5286; x_wconf 90' lang='lat' dir='ltr'><strong>Plerique</strong></span> <span class='ocrx_word' id='word_1_575' title='bbox 1660 5230 1803 5269; x_wconf 89' lang='lat' dir='ltr'><strong>mss.</strong></span> 
     </span>
    </p>
   </div>
   <div class='ocr_carea' id='block_1_84' title="bbox 194 5296 1804 5435">
    <p class='ocr_par' dir='ltr' id='par_1_84' title="bbox 194 5296 1804 5435">
     <span class='ocr_line' id='line_1_84' title="bbox 194 5296 578 5347; baseline -0.008 0"><span class='ocrx_word' id='word_1_576' title='bbox 194 5298 259 5347; x_wconf 80' lang='lat' dir='ltr'><strong>ut</strong></span> <span class='ocrx_word' id='word_1_577' title='bbox 297 5296 357 5347; x_wconf 89' lang='lat' dir='ltr'><strong>in</strong></span> <span class='ocrx_word' id='word_1_578' title='bbox 386 5296 578 5346; x_wconf 81' lang='lat' dir='ltr'><strong>textu.</strong></span> 
     </span>
     <span class='ocr_line' id='line_1_85' title="bbox 263 5356 1804 5435; baseline -0.005 -17"><span class='ocrx_word' id='word_1_579' title='bbox 263 5367 379 5435; x_wconf 68' lang='grc' dir='ltr'><strong>σε)</strong></span> <span class='ocrx_word' id='word_1_580' title='bbox 420 5363 676 5435; x_wconf 52' lang='grc' dir='ltr'><strong>Ἐφεσίων.</strong></span> <span class='ocrx_word' id='word_1_581' title='bbox 711 5362 1119 5435; x_wconf 86' lang='lat' dir='ltr'><strong>Hanc_v_oce_m</strong></span> <span class='ocrx_word' id='word_1_582' title='bbox 1148 5356 1495 5435; x_wconf 78' lang='lat' dir='ltr'><strong>addidimus</strong></span> <span class='ocrx_word' id='word_1_583' title='bbox 1522 5372 1594 5412; x_wconf 84' lang='lat' dir='ltr'><strong>ex</strong></span> <span class='ocrx_word' id='word_1_584' title='bbox 1626 5356 1804 5435; x_wconf 85' lang='lat' dir='ltr'><strong>Harl.,</strong></span> 
     </span>
    </p>
   </div>
   <div class='ocr_carea' id='block_1_85' title="bbox 204 5429 1807 5501">
    <p class='ocr_par' dir='ltr' id='par_1_85' title="bbox 204 5429 1807 5501">
     <span class='ocr_line' id='line_1_86' title="bbox 204 5429 1807 5501; baseline -0.006 -12"><span class='ocrx_word' id='word_1_585' title='bbox 204 5429 446 5490; x_wconf 44' lang='lat' dir='ltr'><strong>ledﬁet</strong></span> <span class='ocrx_word' id='word_1_586' title='bbox 469 5429 750 5501; x_wconf 69' lang='lat' dir='ltr'><strong>Clarom.,</strong></span> <span class='ocrx_word' id='word_1_587' title='bbox 785 5437 843 5488; x_wconf 82' lang='lat' dir='ltr'><strong>et</strong></span> <span class='ocrx_word' id='word_1_588' title='bbox 867 5431 1200 5486; x_wconf 85' lang='lat' dir='ltr'><strong>delevimus</strong></span> <span class='ocrx_word' id='word_1_589' title='bbox 1229 5429 1484 5485; x_wconf 88' lang='lat' dir='ltr'><strong>verbum</strong></span> <span class='ocrx_word' id='word_1_590' title='bbox 1509 5433 1807 5501; x_wconf 76' lang='grc' dir='ltr'>παρεχόμε-</span> 
     </span>
    </p>
   </div>
   <div class='ocr_carea' id='block_1_86' title="bbox 206 5503 1345 5579">
    <p class='ocr_par' dir='ltr' id='par_1_86' title="bbox 206 5503 1345 5579">
     <span class='ocr_line' id='line_1_87' title="bbox 206 5503 1345 5579; baseline -0.011 -11"><span class='ocrx_word' id='word_1_591' title='bbox 206 5524 301 5569; x_wconf 64' lang='grc' dir='ltr'><strong>ης,</strong></span> <span class='ocrx_word' id='word_1_592' title='bbox 328 5506 497 5579; x_wconf 84' lang='lat' dir='ltr'><strong>quod</strong></span> <span class='ocrx_word' id='word_1_593' title='bbox 527 5510 654 5563; x_wconf 86' lang='lat' dir='ltr'><strong>erat</strong></span> <span class='ocrx_word' id='word_1_594' title='bbox 683 5507 745 5561; x_wconf 90' lang='lat' dir='ltr'><strong>in</strong></span> <span class='ocrx_word' id='word_1_595' title='bbox 778 5503 954 5560; x_wconf 82' lang='lat' dir='ltr'><strong>editis</strong></span> <span class='ocrx_word' id='word_1_596' title='bbox 979 5507 1117 5576; x_wconf 89' lang='lat' dir='ltr'><strong>post</strong></span> <span class='ocrx_word' id='word_1_597' title='bbox 1139 5506 1345 5579; x_wconf 75' lang='grc' dir='ltr'>κακίαν.</span> 
     </span>
    </p>
   </div>
   <div class='ocr_carea' id='block_1_87' title="bbox 262 5570 1813 5660">
    <p class='ocr_par' dir='ltr' id='par_1_87' title="bbox 262 5570 1813 5660">
     <span class='ocr_line' id='line_1_88' title="bbox 262 5570 1813 5660; baseline -0.006 -26"><span class='ocrx_word' id='word_1_598' title='bbox 262 5570 380 5660; x_wconf 32' lang='grc' dir='ltr'>,(ῖί)</span> <span class='ocrx_word' id='word_1_599' title='bbox 426 5579 802 5651; x_wconf 79' lang='grc' dir='ltr'>Ἐμπίπτομεν.</span> <span class='ocrx_word' id='word_1_600' title='bbox 835 5579 923 5633; x_wconf 87' lang='lat' dir='ltr'><strong>Ita</strong></span> <span class='ocrx_word' id='word_1_601' title='bbox 976 5570 1123 5631; x_wconf 76' lang='lat' dir='ltr'><strong>inss.</strong></span> <span class='ocrx_word' id='word_1_602' title='bbox 1177 5574 1465 5647; x_wconf 89' lang='lat' dir='ltr'><strong>quinque.</strong></span> <span class='ocrx_word' id='word_1_603' title='bbox 1527 5571 1678 5628; x_wconf 89' lang='lat' dir='ltr'><strong>Editi</strong></span> <span class='ocrx_word' id='word_1_604' title='bbox 1736 5570 1813 5623; x_wconf 83' lang='grc' dir='ltr'><strong>ἐκ-</strong></span> 
     </span>
    </p>
   </div>
   <div class='ocr_carea' id='block_1_88' title="bbox 225 5664 474 5724">
    <p class='ocr_par' dir='ltr' id='par_1_88' title="bbox 225 5664 474 5724">
     <span class='ocr_line' id='line_1_89' title="bbox 225 5664 474 5724; baseline 0.024 -27"><span class='ocrx_word' id='word_1_605' title='bbox 225 5664 455 5724; x_wconf 64' lang='grc' dir='ltr'><strong>τιττυμο</strong></span> <span class='ocrx_word' id='word_1_606' title='bbox 462 5693 474 5707; x_wconf 90' lang='grc'><strong>.</strong></span> 
     </span>
    </p>
   </div>
   <div class='ocr_carea' id='block_1_89' title="bbox 2264 2954 3295 3025">
    <p class='ocr_par' dir='ltr' id='par_1_89' title="bbox 2264 2954 3295 3025">
     <span class='ocr_line' id='line_1_90' title="bbox 2264 2954 3295 3025; baseline 0.001 -15"><span class='ocrx_word' id='word_1_607' title='bbox 2264 2954 2523 3025; x_wconf 79' lang='lat' dir='ltr'><strong>Meletio,</strong></span> <span class='ocrx_word' id='word_1_608' title='bbox 2556 2955 2823 3024; x_wconf 77' lang='lat' dir='ltr'><strong>episcopo</strong></span> <span class='ocrx_word' id='word_1_609' title='bbox 2848 2954 3205 3011; x_wconf 61' lang='lat' dir='ltr'><strong>Antiochiae.</strong></span> <span class='ocrx_word' id='word_1_610' title='bbox 3292 2956 3295 2959; x_wconf 38' lang='grc' dir='ltr'><strong>λ</strong></span> 
     </span>
    </p>
   </div>
   <div class='ocr_carea' id='block_1_90' title="bbox 1986 3061 3566 3138">
    <p class='ocr_par' dir='ltr' id='par_1_90' title="bbox 1986 3061 3566 3138">
     <span class='ocr_line' id='line_1_91' title="bbox 1986 3061 3566 3138; baseline -0.001 -17"><span class='ocrx_word' id='word_1_611' title='bbox 1986 3064 2043 3122; x_wconf 92' lang='lat' dir='ltr'><strong>Si</strong></span> <span class='ocrx_word' id='word_1_612' title='bbox 2064 3080 2187 3138; x_wconf 91' lang='lat' dir='ltr'><strong>quo</strong></span> <span class='ocrx_word' id='word_1_613' title='bbox 2217 3063 2404 3119; x_wconf 92' lang='lat' dir='ltr'><strong>modo</strong></span> <span class='ocrx_word' id='word_1_614' title='bbox 2444 3072 2587 3119; x_wconf 86' lang='lat' dir='ltr'><strong>nota</strong></span> <span class='ocrx_word' id='word_1_615' title='bbox 2628 3061 2797 3119; x_wconf 86' lang='lat' dir='ltr'><strong>ﬁeret</strong></span> <span class='ocrx_word' id='word_1_616' title='bbox 2826 3062 3033 3135; x_wconf 89' lang='lat' dir='ltr'><strong>pietati</strong></span> <span class='ocrx_word' id='word_1_617' title='bbox 3062 3066 3176 3119; x_wconf 81' lang='lat' dir='ltr'><strong>tuae</strong></span> <span class='ocrx_word' id='word_1_618' title='bbox 3211 3061 3566 3133; x_wconf 83' lang='lat' dir='ltr'><strong>magnitudo</strong></span> 
     </span>
    </p>
   </div>
   <div class='ocr_carea' id='block_1_91' title="bbox 1911 3151 3566 3228">
    <p class='ocr_par' dir='ltr' id='par_1_91' title="bbox 1911 3151 3566 3228">
     <span class='ocr_line' id='line_1_92' title="bbox 1911 3151 3566 3228; baseline -0.002 -17"><span class='ocrx_word' id='word_1_619' title='bbox 1911 3155 2146 3226; x_wconf 69' lang='lat' dir='ltr'><strong>laetitite,</strong></span> <span class='ocrx_word' id='word_1_620' title='bbox 2178 3171 2365 3228; x_wconf 89' lang='lat' dir='ltr'><strong>quam</strong></span> <span class='ocrx_word' id='word_1_621' title='bbox 2388 3153 2533 3208; x_wconf 86' lang='lat' dir='ltr'><strong>mihi</strong></span> <span class='ocrx_word' id='word_1_622' title='bbox 2566 3152 2764 3220; x_wconf 69' lang='lat' dir='ltr'><strong>affers,</strong></span> <span class='ocrx_word' id='word_1_623' title='bbox 2806 3153 3305 3226; x_wconf 87' lang='lat' dir='ltr'><strong>quotiescumque</strong></span> <span class='ocrx_word' id='word_1_624' title='bbox 3333 3151 3566 3220; x_wconf 90' lang='lat' dir='ltr'><strong>scribis,</strong></span> 
     </span>
    </p>
   </div>
   <div class='ocr_carea' id='block_1_92' title="bbox 1914 3242 3570 3317">
    <p class='ocr_par' dir='ltr' id='par_1_92' title="bbox 1914 3242 3570 3317">
     <span class='ocr_line' id='line_1_93' title="bbox 1914 3242 3570 3317; baseline -0.002 -16"><span class='ocrx_word' id='word_1_625' title='bbox 1914 3246 2036 3301; x_wconf 92' lang='lat' dir='ltr'><strong>scio</strong></span> <span class='ocrx_word' id='word_1_626' title='bbox 2063 3250 2116 3301; x_wconf 91' lang='lat' dir='ltr'><strong>te</strong></span> <span class='ocrx_word' id='word_1_627' title='bbox 2142 3260 2459 3317; x_wconf 85' lang='lat' dir='ltr'><strong>nunquam</strong></span> <span class='ocrx_word' id='word_1_628' title='bbox 2513 3242 2782 3298; x_wconf 88' lang='lat' dir='ltr'><strong>oblatam</strong></span> <span class='ocrx_word' id='word_1_629' title='bbox 2838 3242 3137 3299; x_wconf 88' lang='lat' dir='ltr'><strong>scribendi</strong></span> <span class='ocrx_word' id='word_1_630' title='bbox 3185 3244 3570 3299; x_wconf 88' lang='lat' dir='ltr'><strong>occasionem</strong></span> 
     </span>
    </p>
   </div>
   <div class='ocr_carea' id='block_1_93' title="bbox 1913 3332 3568 3407">
    <p class='ocr_par' dir='ltr' id='par_1_93' title="bbox 1913 3332 3568 3407">
     <span class='ocr_line' id='line_1_94' title="bbox 1913 3332 3568 3407; baseline -0.001 -17"><span class='ocrx_word' id='word_1_631' title='bbox 1913 3335 2458 3407; x_wconf 59' lang='lat' dir='ltr'><strong>prmtermissurum</strong></span> <span class='ocrx_word' id='word_1_632' title='bbox 2501 3332 2728 3400; x_wconf 84' lang='lat' dir='ltr'><strong>fuisse;</strong></span> <span class='ocrx_word' id='word_1_633' title='bbox 2764 3332 2873 3388; x_wconf 90' lang='lat' dir='ltr'><strong>sed</strong></span> <span class='ocrx_word' id='word_1_634' title='bbox 2921 3336 2978 3389; x_wconf 87' lang='lat' dir='ltr'><strong>et</strong></span> <span class='ocrx_word' id='word_1_635' title='bbox 3024 3333 3298 3390; x_wconf 87' lang='lat' dir='ltr'><strong>consulto</strong></span> <span class='ocrx_word' id='word_1_636' title='bbox 3345 3332 3568 3390; x_wconf 89' lang='lat' dir='ltr'><strong>multas</strong></span> 
     </span>
    </p>
   </div>
   <div class='ocr_carea' id='block_1_94' title="bbox 1913 3420 3570 3494">
    <p class='ocr_par' dir='ltr' id='par_1_94' title="bbox 1913 3420 3570 3494">
     <span class='ocr_line' id='line_1_95' title="bbox 1913 3420 3570 3494; baseline 0 -14"><span class='ocrx_word' id='word_1_637' title='bbox 1913 3425 2089 3480; x_wconf 89' lang='lat' dir='ltr'><strong>nobis</strong></span> <span class='ocrx_word' id='word_1_638' title='bbox 2122 3423 2378 3480; x_wconf 91' lang='lat' dir='ltr'><strong>subinde</strong></span> <span class='ocrx_word' id='word_1_639' title='bbox 2419 3420 2701 3494; x_wconf 87' lang='lat' dir='ltr'><strong>epistolas</strong></span> <span class='ocrx_word' id='word_1_640' title='bbox 2732 3422 3052 3491; x_wconf 84' lang='lat' dir='ltr'><strong>facturum,</strong></span> <span class='ocrx_word' id='word_1_641' title='bbox 3075 3440 3215 3479; x_wconf 91' lang='lat' dir='ltr'><strong>cum</strong></span> <span class='ocrx_word' id='word_1_642' title='bbox 3240 3439 3364 3480; x_wconf 91' lang='lat' dir='ltr'><strong>non</strong></span> <span class='ocrx_word' id='word_1_643' title='bbox 3394 3424 3570 3494; x_wconf 87' lang='lat' dir='ltr'><strong>igno—</strong></span> 
     </span>
    </p>
   </div>
   <div class='ocr_carea' id='block_1_95' title="bbox 1911 3510 3571 3584">
    <p class='ocr_par' dir='ltr' id='par_1_95' title="bbox 1911 3510 3571 3584">
     <span class='ocr_line' id='line_1_96' title="bbox 1911 3510 3571 3584; baseline 0.001 -15"><span class='ocrx_word' id='word_1_644' title='bbox 1911 3530 2006 3570; x_wconf 90' lang='lat' dir='ltr'><strong>res</strong></span> <span class='ocrx_word' id='word_1_645' title='bbox 2038 3512 2379 3570; x_wconf 89' lang='lat' dir='ltr'><strong>mercedem</strong></span> <span class='ocrx_word' id='word_1_646' title='bbox 2429 3510 2827 3568; x_wconf 85' lang='lat' dir='ltr'><strong>consolationi</strong></span> <span class='ocrx_word' id='word_1_647' title='bbox 2856 3511 3218 3570; x_wconf 83' lang='lat' dir='ltr'><strong>afﬂictorum</strong></span> <span class='ocrx_word' id='word_1_648' title='bbox 3240 3530 3276 3569; x_wconf 91' lang='lat' dir='ltr'><strong>a</strong></span> <span class='ocrx_word' id='word_1_649' title='bbox 3304 3513 3571 3584; x_wconf 91' lang='lat' dir='ltr'><strong>benigno</strong></span> 
     </span>
    </p>
   </div>
   <div class='ocr_carea' id='block_1_96' title="bbox 1914 3600 3569 3675">
    <p class='ocr_par' dir='ltr' id='par_1_96' title="bbox 1914 3600 3569 3675">
     <span class='ocr_line' id='line_1_97' title="bbox 1914 3600 3569 3675; baseline 0.003 -20"><span class='ocrx_word' id='word_1_650' title='bbox 1914 3603 2033 3659; x_wconf 93' lang='lat' dir='ltr'><strong>Deo</strong></span> <span class='ocrx_word' id='word_1_651' title='bbox 2062 3600 2633 3675; x_wconf 87' lang='lat' dir='ltr'><strong>repositam.0mnia</strong></span> <span class='ocrx_word' id='word_1_652' title='bbox 2658 3601 2822 3657; x_wconf 91' lang='lat' dir='ltr'><strong>enim</strong></span> <span class='ocrx_word' id='word_1_653' title='bbox 2848 3601 2945 3658; x_wconf 92' lang='lat' dir='ltr'><strong>hic</strong></span> <span class='ocrx_word' id='word_1_654' title='bbox 2976 3602 3181 3659; x_wconf 86' lang='lat' dir='ltr'><strong>dolore</strong></span> <span class='ocrx_word' id='word_1_655' title='bbox 3209 3604 3387 3675; x_wconf 86' lang='lat' dir='ltr'><strong>plena</strong></span> <span class='ocrx_word' id='word_1_656' title='bbox 3410 3608 3569 3674; x_wconf 83' lang='lat' dir='ltr'><strong>sunt,</strong></span> 
     </span>
    </p>
   </div>
   <div class='ocr_carea' id='block_1_97' title="bbox 1915 3691 3569 3764">
    <p class='ocr_par' dir='ltr' id='par_1_97' title="bbox 1915 3691 3569 3764">
     <span class='ocr_line' id='line_1_98' title="bbox 1915 3691 3569 3764; baseline -0.001 -16"><span class='ocrx_word' id='word_1_657' title='bbox 1915 3708 1984 3748; x_wconf 88' lang='lat' dir='ltr'><strong>ac</strong></span> <span class='ocrx_word' id='word_1_658' title='bbox 2037 3707 2159 3748; x_wconf 92' lang='lat' dir='ltr'><strong>una</strong></span> <span class='ocrx_word' id='word_1_659' title='bbox 2214 3691 2392 3746; x_wconf 90' lang='lat' dir='ltr'><strong>nobis</strong></span> <span class='ocrx_word' id='word_1_660' title='bbox 2444 3695 2531 3746; x_wconf 90' lang='lat' dir='ltr'><strong>est</strong></span> <span class='ocrx_word' id='word_1_661' title='bbox 2570 3692 2841 3747; x_wconf 64' lang='lat' dir='ltr'><strong>avocatio</strong></span> <span class='ocrx_word' id='word_1_662' title='bbox 2880 3692 3203 3764; x_wconf 87' lang='lat' dir='ltr'><strong>malorum,</strong></span> <span class='ocrx_word' id='word_1_663' title='bbox 3238 3693 3569 3749; x_wconf 86' lang='lat' dir='ltr'><strong>sanctitatis</strong></span> 
     </span>
    </p>
   </div>
   <div class='ocr_carea' id='block_1_98' title="bbox 1917 3780 3571 3852">
    <p class='ocr_par' dir='ltr' id='par_1_98' title="bbox 1917 3780 3571 3852">
     <span class='ocr_line' id='line_1_99' title="bbox 1917 3780 3571 3852; baseline -0.001 -14"><span class='ocrx_word' id='word_1_664' title='bbox 1917 3787 2029 3838; x_wconf 69' lang='lat' dir='ltr'><strong>tua:</strong></span> <span class='ocrx_word' id='word_1_665' title='bbox 2060 3781 2378 3849; x_wconf 79' lang='lat' dir='ltr'><strong>cogitatio;</strong></span> <span class='ocrx_word' id='word_1_666' title='bbox 2412 3795 2599 3852; x_wconf 89' lang='lat' dir='ltr'><strong>quam</strong></span> <span class='ocrx_word' id='word_1_667' title='bbox 2647 3780 3118 3837; x_wconf 88' lang='lat' dir='ltr'><strong>manifestiorem</strong></span> <span class='ocrx_word' id='word_1_668' title='bbox 3167 3781 3344 3837; x_wconf 90' lang='lat' dir='ltr'><strong>nobis</strong></span> <span class='ocrx_word' id='word_1_669' title='bbox 3393 3780 3571 3836; x_wconf 74' lang='lat' dir='ltr'><strong>efﬁcit</strong></span> 
     </span>
    </p>
   </div>
   <div class='ocr_carea' id='block_1_99' title="bbox 1913 3870 3568 3945">
    <p class='ocr_par' dir='ltr' id='par_1_99' title="bbox 1913 3870 3568 3945">
     <span class='ocr_line' id='line_1_100' title="bbox 1913 3870 3568 3945; baseline -0.003 -16"><span class='ocrx_word' id='word_1_670' title='bbox 1913 3877 2087 3929; x_wconf 89' lang='lat' dir='ltr'><strong>tuum</strong></span> <span class='ocrx_word' id='word_1_671' title='bbox 2116 3887 2221 3945; x_wconf 91' lang='lat' dir='ltr'><strong>per</strong></span> <span class='ocrx_word' id='word_1_672' title='bbox 2250 3871 2473 3926; x_wconf 90' lang='lat' dir='ltr'><strong>litteras</strong></span> <span class='ocrx_word' id='word_1_673' title='bbox 2499 3870 2666 3926; x_wconf 91' lang='lat' dir='ltr'><strong>omni</strong></span> <span class='ocrx_word' id='word_1_674' title='bbox 2697 3871 2992 3942; x_wconf 88' lang='lat' dir='ltr'><strong>sapientia</strong></span> <span class='ocrx_word' id='word_1_675' title='bbox 3015 3888 3085 3928; x_wconf 89' lang='lat' dir='ltr'><strong>ac</strong></span> <span class='ocrx_word' id='word_1_676' title='bbox 3108 3872 3302 3941; x_wconf 87' lang='lat' dir='ltr'><strong>gratia</strong></span> <span class='ocrx_word' id='word_1_677' title='bbox 3320 3870 3568 3927; x_wconf 85' lang='lat' dir='ltr'><strong>refertas</strong></span> 
     </span>
    </p>
   </div>
   <div class='ocr_carea' id='block_1_100' title="bbox 1916 3960 3570 4034">
    <p class='ocr_par' dir='ltr' id='par_1_100' title="bbox 1916 3960 3570 4034">
     <span class='ocr_line' id='line_1_101' title="bbox 1916 3960 3570 4034; baseline -0.002 -16"><span class='ocrx_word' id='word_1_678' title='bbox 1916 3961 2302 4034; x_wconf 90' lang='lat' dir='ltr'><strong>colloquium.</strong></span> <span class='ocrx_word' id='word_1_679' title='bbox 2333 3962 2525 4026; x_wconf 90' lang='lat' dir='ltr'><strong>Quare</strong></span> <span class='ocrx_word' id='word_1_680' title='bbox 2548 3976 2687 4015; x_wconf 90' lang='lat' dir='ltr'><strong>cum</strong></span> <span class='ocrx_word' id='word_1_681' title='bbox 2718 3960 3033 4032; x_wconf 88' lang='lat' dir='ltr'><strong>epistolam</strong></span> <span class='ocrx_word' id='word_1_682' title='bbox 3060 3966 3227 4016; x_wconf 85' lang='lat' dir='ltr'><strong>tuam</strong></span> <span class='ocrx_word' id='word_1_683' title='bbox 3256 3961 3318 4015; x_wconf 91' lang='lat' dir='ltr'><strong>in</strong></span> <span class='ocrx_word' id='word_1_684' title='bbox 3348 3976 3570 4017; x_wconf 90' lang='lat' dir='ltr'><strong>manus</strong></span> 
     </span>
    </p>
   </div>
   <div class='ocr_carea' id='block_1_101' title="bbox 1917 4049 3569 4123">
    <p class='ocr_par' dir='ltr' id='par_1_101' title="bbox 1917 4049 3569 4123">
     <span class='ocr_line' id='line_1_102' title="bbox 1917 4049 3569 4123; baseline -0.001 -15"><span class='ocrx_word' id='word_1_685' title='bbox 1917 4053 2238 4120; x_wconf 91' lang='lat' dir='ltr'><strong>sumimus,</strong></span> <span class='ocrx_word' id='word_1_686' title='bbox 2270 4050 2534 4123; x_wconf 90' lang='lat' dir='ltr'><strong>primum</strong></span> <span class='ocrx_word' id='word_1_687' title='bbox 2570 4049 2818 4122; x_wconf 89' lang='lat' dir='ltr'><strong>quidem</strong></span> <span class='ocrx_word' id='word_1_688' title='bbox 2872 4050 3123 4106; x_wconf 92' lang='lat' dir='ltr'><strong>modum</strong></span> <span class='ocrx_word' id='word_1_689' title='bbox 3154 4051 3345 4123; x_wconf 90' lang='lat' dir='ltr'><strong>ipsius</strong></span> <span class='ocrx_word' id='word_1_690' title='bbox 3377 4051 3569 4107; x_wconf 88' lang='lat' dir='ltr'><strong>intue-</strong></span> 
     </span>
    </p>
   </div>
   <div class='ocr_carea' id='block_1_102' title="bbox 1918 4139 3572 4213">
    <p class='ocr_par' dir='ltr' id='par_1_102' title="bbox 1918 4139 3572 4213">
     <span class='ocr_line' id='line_1_103' title="bbox 1918 4139 3572 4213; baseline 0 -16"><span class='ocrx_word' id='word_1_691' title='bbox 1918 4159 2073 4209; x_wconf 93' lang='lat' dir='ltr'><strong>mur,</strong></span> <span class='ocrx_word' id='word_1_692' title='bbox 2114 4157 2370 4213; x_wconf 89' lang='lat' dir='ltr'><strong>eamque</strong></span> <span class='ocrx_word' id='word_1_693' title='bbox 2419 4145 2653 4195; x_wconf 91' lang='lat' dir='ltr'><strong>tantum</strong></span> <span class='ocrx_word' id='word_1_694' title='bbox 2706 4139 3031 4211; x_wconf 90' lang='lat' dir='ltr'><strong>diligimus,</strong></span> <span class='ocrx_word' id='word_1_695' title='bbox 3056 4146 3284 4213; x_wconf 91' lang='lat' dir='ltr'><strong>quanto</strong></span> <span class='ocrx_word' id='word_1_696' title='bbox 3328 4140 3572 4197; x_wconf 89' lang='lat' dir='ltr'><strong>uberior</strong></span> 
     </span>
    </p>
   </div>
   <div class='ocr_carea' id='block_1_103' title="bbox 1918 4228 3568 4303">
    <p class='ocr_par' dir='ltr' id='par_1_103' title="bbox 1918 4228 3568 4303">
     <span class='ocr_line' id='line_1_104' title="bbox 1918 4228 3568 4303; baseline -0.001 -16"><span class='ocrx_word' id='word_1_697' title='bbox 1918 4231 2091 4287; x_wconf 90' lang='lat' dir='ltr'><strong>fuerit</strong></span> <span class='ocrx_word' id='word_1_698' title='bbox 2121 4247 2189 4287; x_wconf 91' lang='lat' dir='ltr'><strong>ac</strong></span> <span class='ocrx_word' id='word_1_699' title='bbox 2236 4229 2572 4301; x_wconf 90' lang='lat' dir='ltr'><strong>copiosior:</strong></span> <span class='ocrx_word' id='word_1_700' title='bbox 2607 4228 2823 4284; x_wconf 91' lang='lat' dir='ltr'><strong>deinde</strong></span> <span class='ocrx_word' id='word_1_701' title='bbox 2874 4230 3140 4301; x_wconf 83' lang='lat' dir='ltr'><strong>legentes</strong></span> <span class='ocrx_word' id='word_1_702' title='bbox 3175 4246 3414 4303; x_wconf 89' lang='lat' dir='ltr'><strong>semper</strong></span> <span class='ocrx_word' id='word_1_703' title='bbox 3434 4231 3568 4303; x_wconf 89' lang='lat' dir='ltr'><strong>qui-</strong></span> 
     </span>
    </p>
   </div>
   <div class='ocr_carea' id='block_1_104' title="bbox 1916 4318 3569 4393">
    <p class='ocr_par' dir='ltr' id='par_1_104' title="bbox 1916 4318 3569 4393">
     <span class='ocr_line' id='line_1_105' title="bbox 1916 4318 3569 4393; baseline -0.001 -17"><span class='ocrx_word' id='word_1_704' title='bbox 1916 4321 2056 4376; x_wconf 88' lang='lat' dir='ltr'><strong>dem</strong></span> <span class='ocrx_word' id='word_1_705' title='bbox 2086 4323 2433 4376; x_wconf 88' lang='lat' dir='ltr'><strong>occurrente</strong></span> <span class='ocrx_word' id='word_1_706' title='bbox 2456 4318 2725 4374; x_wconf 86' lang='lat' dir='ltr'><strong>oratione</strong></span> <span class='ocrx_word' id='word_1_707' title='bbox 2742 4319 3110 4375; x_wconf 89' lang='lat' dir='ltr'><strong>delectamur</strong></span> <span class='ocrx_word' id='word_1_708' title='bbox 3135 4337 3146 4374; x_wconf 92' lang='lat'><strong>:</strong></span> <span class='ocrx_word' id='word_1_709' title='bbox 3171 4320 3277 4374; x_wconf 88' lang='lat' dir='ltr'><strong>ﬁni</strong></span> <span class='ocrx_word' id='word_1_710' title='bbox 3307 4335 3447 4375; x_wconf 85' lang='lat' dir='ltr'><strong>vero</strong></span> <span class='ocrx_word' id='word_1_711' title='bbox 3466 4336 3569 4393; x_wconf 90' lang='lat' dir='ltr'><strong>ap-</strong></span> 
     </span>
    </p>
   </div>
   <div class='ocr_carea' id='block_1_105' title="bbox 1917 4406 3568 4482">
    <p class='ocr_par' dir='ltr' id='par_1_105' title="bbox 1917 4406 3568 4482">
     <span class='ocr_line' id='line_1_106' title="bbox 1917 4406 3568 4482; baseline -0.004 -17"><span class='ocrx_word' id='word_1_712' title='bbox 1917 4410 2414 4482; x_wconf 88' lang='lat' dir='ltr'><strong>propinquantes,</strong></span> <span class='ocrx_word' id='word_1_713' title='bbox 2442 4408 2743 4463; x_wconf 84' lang='lat' dir='ltr'><strong>afﬁcimur</strong></span> <span class='ocrx_word' id='word_1_714' title='bbox 2757 4407 3057 4474; x_wconf 88' lang='lat' dir='ltr'><strong>molestia;</strong></span> <span class='ocrx_word' id='word_1_715' title='bbox 3088 4407 3243 4462; x_wconf 91' lang='lat' dir='ltr'><strong>adeo</strong></span> <span class='ocrx_word' id='word_1_716' title='bbox 3269 4406 3568 4479; x_wconf 90' lang='lat' dir='ltr'><strong>quidquid</strong></span> 
     </span>
    </p>
   </div>
   <div class='ocr_carea' id='block_1_106' title="bbox 1916 4494 3570 4567">
    <p class='ocr_par' dir='ltr' id='par_1_106' title="bbox 1916 4494 3570 4567">
     <span class='ocr_line' id='line_1_107' title="bbox 1916 4494 3570 4567; baseline -0.003 -13"><span class='ocrx_word' id='word_1_717' title='bbox 1916 4499 2135 4554; x_wconf 84' lang='lat' dir='ltr'><strong>dixeris</strong></span> <span class='ocrx_word' id='word_1_718' title='bbox 2160 4498 2221 4552; x_wconf 94' lang='lat' dir='ltr'><strong>in</strong></span> <span class='ocrx_word' id='word_1_719' title='bbox 2248 4496 2711 4565; x_wconf 90' lang='lat' dir='ltr'><strong>1itteris,bonum</strong></span> <span class='ocrx_word' id='word_1_720' title='bbox 2739 4499 3001 4552; x_wconf 90' lang='lat' dir='ltr'><strong>est.Nam</strong></span> <span class='ocrx_word' id='word_1_721' title='bbox 3027 4496 3261 4552; x_wconf 88' lang='lat' dir='ltr'><strong>bonum</strong></span> <span class='ocrx_word' id='word_1_722' title='bbox 3282 4502 3372 4551; x_wconf 88' lang='lat' dir='ltr'><strong>est</strong></span> <span class='ocrx_word' id='word_1_723' title='bbox 3400 4494 3570 4567; x_wconf 90' lang='lat' dir='ltr'><strong>quod</strong></span> 
     </span>
    </p>
   </div>
   <div class='ocr_carea' id='block_1_107' title="bbox 1916 4584 3571 4655">
    <p class='ocr_par' dir='ltr' id='par_1_107' title="bbox 1916 4584 3571 4655">
     <span class='ocr_line' id='line_1_108' title="bbox 1916 4584 3571 4655; baseline -0.004 -9"><span class='ocrx_word' id='word_1_724' title='bbox 1916 4605 1952 4646; x_wconf 88' lang='lat' dir='ltr'><strong>a</strong></span> <span class='ocrx_word' id='word_1_725' title='bbox 1970 4589 2135 4645; x_wconf 89' lang='lat' dir='ltr'><strong>bono</strong></span> <span class='ocrx_word' id='word_1_726' title='bbox 2165 4586 2343 4642; x_wconf 91' lang='lat' dir='ltr'><strong>corde</strong></span> <span class='ocrx_word' id='word_1_727' title='bbox 2372 4584 2694 4641; x_wconf 89' lang='lat' dir='ltr'><strong>redundat.</strong></span> <span class='ocrx_word' id='word_1_728' title='bbox 2718 4584 2891 4650; x_wconf 92' lang='lat' dir='ltr'><strong>Quod</strong></span> <span class='ocrx_word' id='word_1_729' title='bbox 2922 4585 2970 4639; x_wconf 92' lang='lat' dir='ltr'><strong>si</strong></span> <span class='ocrx_word' id='word_1_730' title='bbox 2995 4585 3172 4641; x_wconf 83' lang='lat' dir='ltr'><strong>nobis</strong></span> <span class='ocrx_word' id='word_1_731' title='bbox 3198 4585 3571 4655; x_wconf 87' lang='lat' dir='ltr'><strong>contingeret</strong></span> 
     </span>
    </p>
   </div>
   <div class='ocr_carea' id='block_1_108' title="bbox 1988 4709 3563 4784">
    <p class='ocr_par' dir='ltr' id='par_1_108' title="bbox 1988 4709 3563 4784">
     <span class='ocr_line' id='line_1_109' title="bbox 1988 4709 3563 4784; baseline 0.003 -23"><span class='ocrx_word' id='word_1_732' title='bbox 1988 4713 2110 4784; x_wconf 10' lang='lat' dir='ltr'><strong>(r75)</strong></span> <span class='ocrx_word' id='word_1_733' title='bbox 2142 4711 2518 4783; x_wconf 79' lang='grc' dir='ltr'>Ἀγνοήσωμεν.</span> <span class='ocrx_word' id='word_1_734' title='bbox 2572 4713 2726 4767; x_wconf 77' lang='grc' dir='ltr'><strong>Μὴ...</strong></span> <span class='ocrx_word' id='word_1_735' title='bbox 2756 4713 2977 4784; x_wconf 74' lang='grc' dir='ltr'>ποιήσῃ.</span> <span class='ocrx_word' id='word_1_736' title='bbox 3002 4710 3088 4767; x_wconf 88' lang='lat' dir='ltr'><strong>Ita</strong></span> <span class='ocrx_word' id='word_1_737' title='bbox 3117 4709 3387 4782; x_wconf 88' lang='lat' dir='ltr'><strong>plerique</strong></span> <span class='ocrx_word' id='word_1_738' title='bbox 3416 4726 3563 4765; x_wconf 91' lang='lat' dir='ltr'><strong>mss.</strong></span> 
     </span>
    </p>
   </div>
   <div class='ocr_carea' id='block_1_109' title="bbox 1915 4782 2899 4855">
    <p class='ocr_par' dir='ltr' id='par_1_109' title="bbox 1915 4782 2899 4855">
     <span class='ocr_line' id='line_1_110' title="bbox 1915 4782 2899 4855; baseline -0.009 -15"><span class='ocrx_word' id='word_1_739' title='bbox 1915 4782 2062 4840; x_wconf 84' lang='lat' dir='ltr'><strong>Editi</strong></span> <span class='ocrx_word' id='word_1_740' title='bbox 2091 4782 2431 4855; x_wconf 72' lang='grc' dir='ltr'>ἀγνοήσομεν.</span> <span class='ocrx_word' id='word_1_741' title='bbox 2655 4786 2899 4855; x_wconf 77' lang='grc' dir='ltr'>ποίησαι.</span> 
     </span>
    </p>
   </div>
   <div class='ocr_carea' id='block_1_110' title="bbox 1989 4852 3567 4926">
    <p class='ocr_par' dir='ltr' id='par_1_110' title="bbox 1989 4852 3567 4926">
     <span class='ocr_line' id='line_1_111' title="bbox 1989 4852 3567 4926; baseline -0.003 -15"><span class='ocrx_word' id='word_1_742' title='bbox 1989 4856 2097 4926; x_wconf 83' lang='lat'><strong>(76)</strong></span> <span class='ocrx_word' id='word_1_743' title='bbox 2133 4852 2383 4925; x_wconf 68' lang='grc' dir='ltr'>Μελετίῲ.</span> <span class='ocrx_word' id='word_1_744' title='bbox 2416 4853 2642 4926; x_wconf 81' lang='lat' dir='ltr'><strong>Titulus</strong></span> <span class='ocrx_word' id='word_1_745' title='bbox 2696 4854 2881 4925; x_wconf 91' lang='lat' dir='ltr'><strong>hujus</strong></span> <span class='ocrx_word' id='word_1_746' title='bbox 2933 4852 3192 4925; x_wconf 80' lang='lat' dir='ltr'><strong>epistolae</strong></span> <span class='ocrx_word' id='word_1_747' title='bbox 3225 4856 3280 4908; x_wconf 90' lang='lat' dir='ltr'><strong>et</strong></span> <span class='ocrx_word' id='word_1_748' title='bbox 3310 4852 3567 4909; x_wconf 90' lang='lat' dir='ltr'><strong>aliarum</strong></span> 
     </span>
    </p>
   </div>
   <div class='ocr_carea' id='block_1_111' title="bbox 1914 4924 3567 4999">
    <p class='ocr_par' dir='ltr' id='par_1_111' title="bbox 1914 4924 3567 4999">
     <span class='ocr_line' id='line_1_112' title="bbox 1914 4924 3567 4999; baseline -0.002 -17"><span class='ocrx_word' id='word_1_749' title='bbox 1914 4924 2221 4999; x_wconf 85' lang='lat' dir='ltr'><strong>deinceps,</strong></span> <span class='ocrx_word' id='word_1_750' title='bbox 2247 4924 2382 4999; x_wconf 68' lang='lat' dir='ltr'><strong>quae</strong></span> <span class='ocrx_word' id='word_1_751' title='bbox 2405 4924 2478 4981; x_wconf 87' lang='lat' dir='ltr'><strong>ad</strong></span> <span class='ocrx_word' id='word_1_752' title='bbox 2514 4924 2805 4999; x_wconf 82' lang='lat' dir='ltr'><strong>Meletium</strong></span> <span class='ocrx_word' id='word_1_753' title='bbox 2829 4924 3050 4997; x_wconf 84' lang='lat' dir='ltr'><strong>scripta</strong></span> <span class='ocrx_word' id='word_1_754' title='bbox 3068 4930 3234 4999; x_wconf 86' lang='lat' dir='ltr'><strong>sunt,</strong></span> <span class='ocrx_word' id='word_1_755' title='bbox 3258 4941 3330 4980; x_wconf 81' lang='lat' dir='ltr'><strong>ex</strong></span> <span class='ocrx_word' id='word_1_756' title='bbox 3362 4926 3567 4999; x_wconf 86' lang='lat' dir='ltr'><strong>codice</strong></span> 
     </span>
    </p>
   </div>
   <div class='ocr_carea' id='block_1_112' title="bbox 1916 4996 3567 5069">
    <p class='ocr_par' dir='ltr' id='par_1_112' title="bbox 1916 4996 3567 5069">
     <span class='ocr_line' id='line_1_113' title="bbox 1916 4996 3567 5069; baseline -0.003 -16"><span class='ocrx_word' id='word_1_757' title='bbox 1916 4996 2232 5053; x_wconf 65' lang='lat' dir='ltr'><strong>Harlaaano</strong></span> <span class='ocrx_word' id='word_1_758' title='bbox 2266 4996 2564 5069; x_wconf 55' lang='lat' dir='ltr'><strong>&#39;sumptus</strong></span> <span class='ocrx_word' id='word_1_759' title='bbox 2599 5004 2705 5062; x_wconf 76' lang='lat' dir='ltr'><strong>est,</strong></span> <span class='ocrx_word' id='word_1_760' title='bbox 2738 4998 2797 5051; x_wconf 90' lang='lat' dir='ltr'><strong>in</strong></span> <span class='ocrx_word' id='word_1_761' title='bbox 2829 4996 2961 5069; x_wconf 73' lang='lat' dir='ltr'><strong>qua</strong></span> <span class='ocrx_word' id='word_1_762' title='bbox 2983 4996 3237 5069; x_wconf 86' lang='lat' dir='ltr'><strong>epistola</strong></span> <span class='ocrx_word' id='word_1_763' title='bbox 3266 5002 3391 5065; x_wconf 72' lang='lat'><strong>213,</strong></span> <span class='ocrx_word' id='word_1_764' title='bbox 3419 4997 3567 5051; x_wconf 87' lang='lat' dir='ltr'><strong>alias</strong></span> 
     </span>
    </p>
   </div>
   <div class='ocr_carea' id='block_1_113' title="bbox 1915 5068 3569 5137">
    <p class='ocr_par' dir='ltr' id='par_1_113' title="bbox 1915 5068 3569 5137">
     <span class='ocr_line' id='line_1_114' title="bbox 1915 5068 3569 5137; baseline -0.003 -13"><span class='ocrx_word' id='word_1_765' title='bbox 1915 5075 2038 5137; x_wconf 80' lang='lat'><strong>272,</strong></span> <span class='ocrx_word' id='word_1_766' title='bbox 2074 5070 2158 5124; x_wconf 92' lang='lat' dir='ltr'><strong>sic</strong></span> <span class='ocrx_word' id='word_1_767' title='bbox 2218 5068 2581 5124; x_wconf 85' lang='lat' dir='ltr'><strong>inscribitur.</strong></span> <span class='ocrx_word' id='word_1_768' title='bbox 2612 5072 2673 5123; x_wconf 94' lang='lat' dir='ltr'><strong>ln</strong></span> <span class='ocrx_word' id='word_1_769' title='bbox 2733 5068 2864 5124; x_wconf 82' lang='lat' dir='ltr'><strong>aliis</strong></span> <span class='ocrx_word' id='word_1_770' title='bbox 2923 5068 3231 5123; x_wconf 83' lang='lat' dir='ltr'><strong>codicibus</strong></span> <span class='ocrx_word' id='word_1_771' title='bbox 3277 5069 3569 5126; x_wconf 87' lang='lat' dir='ltr'><strong>omittitur</strong></span> 
     </span>
    </p>
   </div>
   <div class='ocr_carea' id='block_1_114' title="bbox 1913 5141 2409 5213">
    <p class='ocr_par' dir='ltr' id='par_1_114' title="bbox 1913 5141 2409 5213">
     <span class='ocr_line' id='line_1_115' title="bbox 1913 5141 2409 5213; baseline -0.014 -13"><span class='ocrx_word' id='word_1_772' title='bbox 1913 5158 2033 5199; x_wconf 82' lang='lat' dir='ltr'><strong>VOX</strong></span> <span class='ocrx_word' id='word_1_773' title='bbox 2064 5141 2409 5213; x_wconf 72' lang='grc' dir='ltr'>Ἀντιοχείας.</span> 
     </span>
    </p>
   </div>
   <div class='ocr_carea' id='block_1_115' title="bbox 2012 5208 3567 5285">
    <p class='ocr_par' dir='ltr' id='par_1_115' title="bbox 2012 5208 3567 5285">
     <span class='ocr_line' id='line_1_116' title="bbox 2012 5208 3567 5285; baseline 0.006 -23"><span class='ocrx_word' id='word_1_774' title='bbox 2012 5214 2101 5285; x_wconf 78' lang='lat'><strong>77)</strong></span> <span class='ocrx_word' id='word_1_775' title='bbox 2140 5208 2536 5284; x_wconf 67' lang='grc' dir='ltr'>Ἣν⁷’ἑμποιεῑς.</span> <span class='ocrx_word' id='word_1_776' title='bbox 2572 5214 2699 5267; x_wconf 91' lang='lat' dir='ltr'><strong>Duo</strong></span> <span class='ocrx_word' id='word_1_777' title='bbox 2752 5228 2898 5267; x_wconf 91' lang='lat' dir='ltr'><strong>mss.</strong></span> <span class='ocrx_word' id='word_1_778' title='bbox 2949 5210 3309 5269; x_wconf 87' lang='lat' dir='ltr'><strong>recentiores</strong></span> <span class='ocrx_word' id='word_1_779' title='bbox 3368 5211 3430 5271; x_wconf 76' lang='grc' dir='ltr'>ἧς</span> <span class='ocrx_word' id='word_1_780' title='bbox 3482 5208 3567 5281; x_wconf 81' lang='grc' dir='ltr'><strong>ἐμ-</strong></span> 
     </span>
    </p>
   </div>
   <div class='ocr_carea' id='block_1_116' title="bbox 1915 5303 2097 5343">
    <p class='ocr_par' dir='ltr' id='par_1_116' title="bbox 1915 5303 2097 5343">
     <span class='ocr_line' id='line_1_117' title="bbox 1915 5303 2097 5343; baseline -0.011 -6"><span class='ocrx_word' id='word_1_781' title='bbox 1915 5303 2097 5343; x_wconf 86' lang='grc' dir='ltr'>ποιεις.</span> 
     </span>
    </p>
   </div>
   <div class='ocr_carea' id='block_1_117' title="bbox 1934 5352 3568 5455">
    <p class='ocr_par' dir='ltr' id='par_1_117' title="bbox 1934 5352 3568 5455">
     <span class='ocr_line' id='line_1_118' title="bbox 1934 5352 3568 5455; baseline -0.012 -31"><span class='ocrx_word' id='word_1_782' title='bbox 1934 5359 2099 5455; x_wconf 56' lang='grc'>,(78)</span> <span class='ocrx_word' id='word_1_783' title='bbox 2142 5354 2482 5429; x_wconf 63' lang='grc' dir='ltr'>Θλιίῗομένων-</span> <span class='ocrx_word' id='word_1_784' title='bbox 2539 5358 2677 5413; x_wconf 88' lang='lat' dir='ltr'><strong>Tres</strong></span> <span class='ocrx_word' id='word_1_785' title='bbox 2750 5356 2988 5413; x_wconf 90' lang='lat' dir='ltr'><strong>codices</strong></span> <span class='ocrx_word' id='word_1_786' title='bbox 3044 5352 3400 5410; x_wconf 89' lang='lat' dir='ltr'><strong>recentiores</strong></span> <span class='ocrx_word' id='word_1_787' title='bbox 3464 5352 3568 5405; x_wconf 84' lang='grc' dir='ltr'>θλί-</span> 
     </span>
    </p>
   </div>
   <div class='ocr_carea' id='block_1_118' title="bbox 1916 5447 2072 5482">
    <p class='ocr_par' dir='ltr' id='par_1_118' title="bbox 1916 5447 2072 5482">
     <span class='ocr_line' id='line_1_119' title="bbox 1916 5447 2072 5482; baseline 0 0"><span class='ocrx_word' id='word_1_788' title='bbox 1916 5447 1954 5482; x_wconf 70' lang='grc' dir='ltr'>ψ</span> <span class='ocrx_word' id='word_1_789' title='bbox 1964 5447 2051 5479; x_wconf 86' lang='grc' dir='ltr'><strong>εων</strong></span> <span class='ocrx_word' id='word_1_790' title='bbox 2062 5471 2072 5482; x_wconf 90' lang='grc'><strong>.</strong></span> 
     </span>
    </p>
   </div>
   <div class='ocr_carea' id='block_1_119' title="bbox 1922 5452 3572 5574">
    <p class='ocr_par' dir='ltr' id='par_1_119' title="bbox 1922 5452 3572 5574">
     <span class='ocr_line' id='line_1_120' title="bbox 1922 5452 3572 5574; baseline -0.004 -18"><span class='ocrx_word' id='word_1_791' title='bbox 1922 5452 2459 5574; x_wconf 45' lang='grc' dir='ltr'>Υῗῗέθληερισσεύη.</span> <span class='ocrx_word' id='word_1_792' title='bbox 2504 5504 2588 5557; x_wconf 85' lang='lat' dir='ltr'><strong>ita</strong></span> <span class='ocrx_word' id='word_1_793' title='bbox 2642 5499 2822 5566; x_wconf 84' lang='lat' dir='ltr'><strong>Ilarl.,</strong></span> <span class='ocrx_word' id='word_1_794' title='bbox 2860 5497 3029 5554; x_wconf 82' lang='lat' dir='ltr'><strong>Coisl.</strong></span> <span class='ocrx_word' id='word_1_795' title='bbox 3062 5495 3294 5569; x_wconf 89' lang='lat' dir='ltr'><strong>primus</strong></span> <span class='ocrx_word' id='word_1_796' title='bbox 3349 5500 3405 5554; x_wconf 91' lang='lat' dir='ltr'><strong>et</strong></span> <span class='ocrx_word' id='word_1_797' title='bbox 3452 5502 3572 5555; x_wconf 80' lang='lat' dir='ltr'><strong>tres</strong></span> 
     </span>
    </p>
   </div>
   <div class='ocr_carea' id='block_1_120' title="bbox 1919 5570 2538 5645">
    <p class='ocr_par' dir='ltr' id='par_1_120' title="bbox 1919 5570 2538 5645">
     <span class='ocr_line' id='line_1_121' title="bbox 1919 5570 2538 5645; baseline 0 -18"><span class='ocrx_word' id='word_1_798' title='bbox 1919 5570 2017 5645; x_wconf 84' lang='lat' dir='ltr'><strong>alii</strong></span> <span class='ocrx_word' id='word_1_799' title='bbox 2050 5570 2195 5645; x_wconf 64' lang='lat' dir='ltr'><strong>Editi</strong></span> <span class='ocrx_word' id='word_1_800' title='bbox 2214 5570 2538 5645; x_wconf 75' lang='grc' dir='ltr'>περισσεύει.</span> 
     </span>
    </p>
   </div>
   <div class='ocr_carea' id='block_1_121' title="bbox 1990 5642 2964 5716">
    <p class='ocr_par' dir='ltr' id='par_1_121' title="bbox 1990 5642 2964 5716">
     <span class='ocr_line' id='line_1_122' title="bbox 1990 5642 2964 5716; baseline 0 -19"><span class='ocrx_word' id='word_1_801' title='bbox 1990 5643 2012 5665; x_wconf 83' lang='lat'>&quot;</span> <span class='ocrx_word' id='word_1_802' title='bbox 2051 5642 2208 5700; x_wconf 82' lang='lat' dir='ltr'><strong>Alias</strong></span> <span class='ocrx_word' id='word_1_803' title='bbox 2242 5642 2369 5699; x_wconf 85' lang='lat' dir='ltr'><strong>LVI.</strong></span> <span class='ocrx_word' id='word_1_804' title='bbox 2402 5644 2629 5716; x_wconf 88' lang='lat' dir='ltr'><strong>Scripta</strong></span> <span class='ocrx_word' id='word_1_805' title='bbox 2654 5657 2816 5701; x_wconf 87' lang='lat' dir='ltr'><strong>anno</strong></span> <span class='ocrx_word' id='word_1_806' title='bbox 2842 5645 2964 5697; x_wconf 77' lang='grc'><strong>371.</strong></span> 
     </span>
    </p>
   </div>
  </div>
