4054 6200
495 264 595 324 ιιι

498 390 804 463 meipsum
842 389 1181 457 obﬁrmem,
1214 404 1326 446 nec
1354 389 1476 461 ipse
1522 388 1813 453 scribens,
1843 402 1955 443 nec
2000 382 2151 440 allo-

499 486 785 553 quentem
817 480 1067 536 audiens
1089 482 1115 535 ἶ)
1136 482 1257 549 Ego
1289 480 1447 535 enim
1472 496 1608 534 cum
1629 478 1920 535 hactenus
1948 476 2009 531 in
2038 473 2153 528 hac

499 570 648 625 tristi
680 569 975 625 sententia
1006 569 1466 641 permanserim,
1494 567 1702 624 videor
1726 566 1870 622 mihi
1891 579 2014 620 non
2038 563 2153 617 im-

501 657 713 715 merito
742 658 1048 730 prophetae
1080 657 1260 713 verba
1282 662 1338 712 et
1366 657 1496 730 ipse
1515 673 1693 730 posse
1713 654 1978 729 proferre
2004 671 2016 707 :
2048 652 2152 705 To-

504 749 693 804 leravi
726 749 876 803 sicut
906 748 1255 816 parturiens
1280 749 1299 781 ⁵
1326 764 1338 801 :
1373 763 1609 820 semper
1654 746 1903 818 quidem
1934 757 2153 798 concu-

501 837 741 909 piscens
774 841 875 892 aut
913 851 1327 907 congressum,
1371 842 1473 892 aut
1522 851 1887 901 sermonem,
1916 844 2155 902 semper

501 931 705 981 autem
747 925 1056 997 proposito
1089 924 1373 981 excideris
1405 926 1484 982 ob
1526 942 1663 981 mea
1705 928 1977 998 peccata.
2026 923 2153 975 Non

501 1014 661 1069 enim
689 1014 871 1070 ullam
901 1014 1081 1069 aliam
1129 1031 1358 1079 eorum,
1392 1031 1528 1087 quae
1564 1015 1734 1081 fiunt,
1770 1027 2022 1069 causam
2058 1025 2155 1065 ex-

500 1103 763 1173 cogitare
790 1119 947 1175 queo
979 1103 1093 1159 nisi
1118 1104 1285 1176 quod
1317 1120 1678 1176 persuasum
1709 1101 1856 1159 mihi
1882 1106 1971 1157 est
1998 1103 2155 1155 vete-

499 1209 636 1250 rum
668 1209 763 1249 me
796 1199 1181 1265 peccatorum
1208 1196 1270 1249 in
1305 1194 1641 1250 dilectionis
1671 1198 1787 1249 tuae
1830 1190 2155 1264 separatio-

500 1298 575 1338 ne
604 1298 819 1355 pmnas
851 1282 1047 1338 luere:
1081 1283 1128 1337 si
1160 1288 1359 1338 tamen
1394 1284 1470 1338 de
1510 1288 1562 1338 te
1595 1281 2040 1355 separationem
2064 1278 2155 1335 vel

501 1374 818 1428 nominare
850 1372 940 1427 fas
975 1377 1061 1427 est
1092 1388 1128 1427 a
1158 1371 1428 1444 quolibet
1454 1372 1719 1437 homine,
1743 1370 1967 1427 nedum
1992 1384 2028 1424 a
2051 1383 2155 1424 no-

500 1460 615 1527 bis,
646 1460 872 1532 quibus
903 1460 981 1516 ab
1008 1460 1176 1517 initio
1207 1460 1395 1532 patris
1421 1460 1555 1517 loco
1586 1460 1768 1517 fuisti.
1803 1458 1917 1516 Sed
1946 1473 2155 1530 pecca-

501 1552 627 1605 tum
678 1564 881 1604 meum
927 1565 1108 1617 nunc,
1155 1549 1319 1606 velut
1347 1548 1540 1605 densa
1570 1549 1853 1622 quaedam
1890 1546 2156 1603 obducta

500 1638 720 1707 nubes,
748 1638 966 1694 horum
988 1639 1261 1694 omnium
1284 1640 1715 1709 ignorationem
1736 1636 1993 1694 induxit.
2009 1637 2155 1691 Cum

502 1726 664 1783 enim
690 1727 1026 1799 considero,
1054 1734 1268 1800 praeter
1291 1729 1563 1785 dolorem
1585 1729 1691 1801 qui
1720 1728 1868 1783 mihi
1898 1742 1969 1783 ea
1998 1742 2071 1781 ex
2091 1740 2153 1780 re

503 1821 739 1872 creatus
770 1821 879 1884 est,
912 1817 1241 1873 aliudnihil
1272 1818 1413 1874 inde
1445 1822 1843 1874 consecutum
1871 1832 1970 1872 me
1998 1830 2153 1884 esse,

501 1905 814 1978 quomodo
830 1922 951 1962 non
976 1907 1186 1963 merito
1207 1908 1489 1980 nequitiae
1517 1922 1663 1963 mea;
1684 1905 1984 1962 ascribam
2006 1920 2155 1976 prae-

503 1994 737 2051 sentia?
796 1995 1088 2052 Caeterum
1120 1997 1244 2052 sive
1282 2001 1531 2070 peccata
1564 2001 1706 2052 sunt
1754 2012 1964 2051 eorum
2017 2008 2155 2065 qum

502 2084 853 2142 acciderunt
879 2102 1085 2153 causa,
1104 2087 1200 2143 hic
1221 2087 1369 2143 mihi
1399 2087 1811 2143 molestiarum
1840 2085 1977 2140 ﬁnis
2006 2089 2152 2139 esto:

504 2174 631 2230 sive
684 2174 909 2248 aliquid
964 2176 1199 2232 concilii
1250 2176 1693 2243 intendebatur,
1743 2174 2155 2247 adempletum

503 2263 755 2319 omnino
772 2268 863 2319 est
888 2266 1052 2337 quod
1076 2267 1484 2338 expetebatur.
1512 2268 1639 2322 Non
1662 2266 1824 2321 enim
1847 2264 2155 2320 modicum

502 2356 591 2407 est
617 2352 827 2408 damni
854 2358 1111 2427 tempus.
1149 2357 1527 2427 Quapropter
1560 2355 1867 2411 continere
1898 2370 1993 2410 me
2032 2370 2155 2410 am-

501 2438 660 2511 plius
689 2456 829 2497 cum
861 2457 983 2498 non
1030 2458 1301 2515 possem,
1333 2446 1497 2516 prior
1537 2444 1673 2517 rupi
1718 2460 1947 2513 vocem,
1981 2442 2155 2499 obse-

507 2544 685 2585 crans
714 2535 781 2586 ut
830 2536 888 2587 et
938 2533 1126 2588 nostri
1182 2549 1419 2590 memor
1448 2534 1548 2604 sis,
1578 2538 1634 2590 et
1682 2533 1767 2589 tui
1812 2533 2023 2606 ipsius,
2050 2531 2156 2605 qui

501 2633 611 2689 per
646 2634 891 2676 omnem
924 2621 1133 2686 vitam,
1166 2623 1461 2693 majorem
1492 2639 1675 2696 quam
1728 2620 2153 2693 consanguini-

505 2713 596 2764 tas
652 2710 950 2779 exigebat,
986 2713 1173 2768 nostri
1222 2730 1432 2769 curam
1488 2713 1841 2781 ostendisti,
1874 2727 2157 2785 nuncque

504 2796 804 2854 civitatem
826 2799 1042 2870 diligas
1073 2806 1281 2858 nostra
1302 2818 1505 2869 causa,
1532 2817 1654 2858 non
1680 2808 1881 2858 autem
1914 2806 2159 2874 propter

503 2901 615 2941 nos
641 2891 696 2943 te
720 2886 847 2960 ipse
878 2889 1183 2947 abalienes
1216 2907 1252 2948 a
1282 2891 1542 2949 civitate.

574 2978 629 3029 2.
673 2975 732 3032 Si
760 2992 884 3048 qua
927 2978 1107 3048 igitur
1151 2979 1490 3038 consolatio
1536 2981 1600 3037 in
1651 2980 1906 3049 Christo,
1937 2978 1986 3035 si
2036 2993 2162 3050 qua

505 3068 857 3122 communio
874 3068 1150 3140 Spiritus,
1168 3070 1216 3125 si
1236 3087 1373 3142 quae
1390 3070 1616 3127 viscera
1633 3075 1689 3127 et
1711 3069 2148 3140 miserationes,

506 3153 679 3226 exple
710 3160 915 3211 votum
947 3174 1151 3214 meum
1178 3178 1190 3227 ;
1226 3160 1366 3215 siste
1395 3160 1491 3216 hic
1522 3160 1709 3217 tristia
1747 3178 1759 3214 :
1793 3158 2027 3215 initium
2056 3156 2160 3213 ali-

505 3244 673 3317 quod
704 3244 851 3301 affer
876 3262 1078 3305 rerum
1108 3249 1393 3323 deinceps
1432 3250 1807 3317 hilariorum,
1839 3249 2058 3305 ducem
2106 3253 2161 3304 te

507 3330 639 3389 aliis
671 3332 951 3405 praebens
972 3336 1051 3393 ad
1077 3337 1331 3409 optima,
1361 3338 1611 3395 minime
1636 3343 1838 3395 autem
1871 3336 2058 3393 alium
2081 3335 2161 3391 ad

505 3419 708 3477 illicita
740 3439 1026 3495 sequens.
1068 3429 1269 3497 Neque
1301 3428 1461 3485 enim
1493 3443 1819 3500 corporeus
1850 3427 2162 3483 character

506 3508 589 3565 ita
617 3512 899 3583 proprius
918 3512 1280 3587 cujusquam
1303 3516 1626 3588 deputatus
1648 3522 1757 3587 est,
1783 3521 1844 3571 ut
1869 3515 2054 3571 animi
2077 3513 2161 3570 tui

507 3616 630 3675 pax
658 3607 714 3658 et
743 3605 1168 3661 mansuetudo.
1220 3608 1329 3661 Par
1377 3607 1557 3676 igitur
1610 3608 1803 3677 fuerit,
1840 3621 1979 3661 cum
2028 3603 2160 3660 talis

510 3691 614 3757 sis,
645 3691 795 3748 alios
826 3692 906 3748 ad
934 3699 986 3749 te
1020 3694 1252 3750 trahere
1309 3711 1379 3751 ac
1428 3696 1712 3751 omnibus
1767 3696 1845 3751 ad
1894 3700 1947 3751 te
1996 3709 2160 3750 acce-

509 3777 790 3835 dentibus
817 3787 1127 3854 praestare,
1156 3788 1221 3839 ut
1272 3782 1473 3839 veluti
1506 3784 1829 3855 cujusdam
1869 3782 2161 3855 unguenti

509 3868 835 3941 fragantia,
884 3888 1123 3928 morum
1176 3878 1417 3929 tuorum
1468 3873 1710 3930 lenitate
1761 3872 2150 3946 impleantur.

510 3960 660 4013 Nam
714 3960 951 4016 etiamsi
1004 3962 1151 4034 quid
1207 3977 1369 4017 nunc
1414 3962 1707 4035 ‘obsistat,
1746 3969 1950 4019 tamen
1979 3965 2160 4035 paulo

510 4051 647 4121 post
670 4047 870 4119 ipsum
892 4050 1071 4107 etiam
1094 4052 1260 4125 pacis
1280 4053 1512 4109 bonum
1534 4058 1945 4125 cognoscetur.
1964 4055 2160 4120 Quan-

510 4135 617 4192 diu
638 4141 843 4195 autem
870 4138 948 4195 ob
975 4142 1018 4210 1
1034 4140 1148 4213 54
1169 4141 1597 4199 dissentionem
1620 4142 1937 4199 calumniae
1957 4142 2160 4200 locum

508 4225 844 4298 habebunt,
870 4244 1120 4286 necesse
1146 4236 1234 4288 est
1280 4232 1657 4304 suspiciones
1701 4248 1939 4305 semper
1966 4234 2029 4289 in
2059 4250 2161 4305 pe-

506 4317 608 4388 jus
640 4318 950 4389 adaugeri.
982 4322 1136 4377 Sane
1167 4337 1241 4377 ne
1288 4321 1403 4378 illis
1450 4323 1692 4395 quidem
1743 4323 2033 4379 decorum
2073 4328 2161 4379 est

509 4421 621 4463 nos
663 4408 989 4480 negligere,
1022 4409 1127 4465 sed
1160 4411 1422 4467 maxime
1461 4413 1764 4482 omnium',
1799 4413 2159 4484 praestantiae

509 4500 644 4553 tuae.
697 4499 753 4554 Si
808 4498 957 4571 quid
1007 4499 1166 4556 enim
1212 4517 1561 4573 peccamus,
1611 4501 1888 4560 meliores
1937 4502 2159 4560 erimus

509 4583 824 4643 admoniti.
842 4590 962 4645 Hoc
982 4593 1184 4645 autem
1200 4589 1331 4647 ﬁeri
1354 4606 1478 4647 non
1500 4595 1696 4663 potest
1712 4591 1859 4648 citra
1880 4606 2161 4663 congres-

582 4725 602 4760 ‘
640 4728 754 4783 Isa.
794 4742 933 4793 xm,
969 4733 1055 4786 14.

580 4872 694 4943 (96)
737 4872 864 4948 Κατ’
902 4867 1282 4948 ᾐιιιοιυτούηίιειι.Δ
1322 4873 1592 4948 quinque
1646 4892 1790 4932 mss.
1840 4876 1989 4935 Editi
2046 4878 2158 4933 κατ’

508 4942 747 5021 ἐμαυτόν.
778 4942 958 5001 Paulo
989 4949 1124 5016 post
1154 4942 1400 5021 Harljd:
1423 4942 1557 5021 αὐτὰ
1583 4957 1656 5021 τῷ
1681 4954 1944 5021 προφήτῃ.

582 5017 691 5090 (97)
726 5020 1161 5090 Τοῖςγινομενοις
1190 5019 1275 5073 lta
1306 5017 1460 5074 Harl.
1486 5022 1541 5074 et
1562 5017 1735 5075 COisl.
1764 5017 1995 5090 primus
2017 5038 2159 5079 cum

506 5086 749 5143 duobus
795 5089 946 5161 aliis.
980 5086 1130 5161 EAditi
1164 5096 1269 5161 τοῖς
1310 5094 1617 5161 γενομένοις,
1652 5092 1742 5146 Sic
1770 5086 1965 5148 ctiam
2004 5094 2160 5150 infra

508 5162 565 5210 τὸ
596 5164 881 5232 γενόμενον.
908 5159 1134 5215 Ibidem
1157 5159 1279 5215 duo
1299 5159 1535 5216 codices
1558 5178 1667 5234 pro
1697 5162 1911 5215 ἐπινοεῖν
1933 5164 2161 5221 habent

508 5230 688 5289 εἰπεῖν.
719 5232 900 5287 Paulo
926 5236 1063 5291 post
1084 5230 1226 5287 editi
1253 5232 1296 5284 εἰ
1327 5228 1407 5284 δεῖ
1435 5237 1544 5291 καί.
1567 5233 1733 5291 auod
1754 5241 2017 5291 erratum
2043 5252 2159 5291 one

508 5249 688 5289 ειπειν.
719 5247 900 5287 γε.ωο
923 5247 1063 5312 ροεῐ
1084 5247 1226 5287 eam
1253 5247 1406 5312 ειοει
1435 5247 1544 5303 καί,
1567 5247 1733 5304 quoa
1754 5247 2017 5291 erratum
2043 5252 2159 5309 Ope

508 5306 770 5374 quatuor
800 5302 1077 5359 codicum
1110 5302 1482 5359 sustuhmus.

581 5375 687 5444 (98)
731 5376 1173 5447 KarropOoépavov,
1218 5383 1325 5433 πῶς
1360 5374 1508 5447 οὐχί.
1543 5378 1626 5431 lta
1665 5392 1767 5431 sex
1814 5393 1964 5434 mss.
2010 5378 2158 5435 Editi

507 5444 936 5518 κατορθούμενος,
966 5444 1074 5497 πῶν
1106 5445 1221 5499 οὐκ.
1273 5444 1504 5502 Habent
1551 5449 1959 5521 κατορθούμενον
2009 5453 2154 5521 Hag.

509 5518 567 5569 et
594 5516 845 5573 Froben.

509 5528 1317 5661 Θῐδθξῗῗξῗῖκονομοῡμινονλά
1327 5588 1490 5658 est,si
1508 5588 1798 5662 puniendi
1826 5591 1947 5650 mei
1970 5608 2161 5653 causa

1871 258 1932 320 S.
1973 246 2220 316 BASILII
2256 254 2473 315 MAGNI

3757 258 3875 315 412

2190 383 2237 437 Α
2269 390 2474 444 σιωπῆς
2518 391 2755 457 κυρῶσαι
2800 383 2916 436 κατ’
2966 382 3192 455 ἐμαυτοῦ
3225 382 3339 452 (96)
3384 386 3513 454 μήτε
3560 381 3712 443 αὐτὸς
3758 380 3875 434 ἐπι-

2268 470 2516 539 στέλλων,
2565 478 2695 545 μητε
2748 472 2947 526 ἁκούων
3002 474 3531 548 προσφθεγγομένου;
3589 472 3721 542 Ἐγὼ
3774 474 3873 542 μὲν

2262 562 2404 633 γὰρ,
2463 566 2626 637 μέχρι
2688 571 2780 616 τού
2838 567 3089 637 παρόντος
3157 561 3538 637 ἐγκαρτερήσας
3602 569 3674 631 τῷ
3731 579 3873 612 σκυ-

2265 649 2452 720 θρωπῴ
2504 654 2668 724 τούτῳ
2726 649 2979 725 δόγματι,
3033 653 3265 724 ἡγουμαι
3328 655 3535 725 πρέπειν
3583 648 3743 721 κάμοὶ
3803 652 3875 701 τὰ

2262 747 2353 789 τοῦ
2418 746 2685 814 προφήτου
2741 741 2937 813 λέγειν·
3002 742 3081 793 ὅτι
3139 740 3495 815 Ἐκαρτέρησα
3558 742 3621 799 ὡς
3687 740 3717 795 ἡ
3792 742 3875 788 τί-

2262 847 2501 880 κτουσα*
2558 829 2635 883 ἀεὶ
2692 834 2781 903 μὲν
2836 831 3097 903 ἐπιθυμῶν
3156 830 3185 889 ἣ
3244 833 3536 901 συντυχίας
3586 829 3615 886 ἦ
3670 826 3868 898 λόγων,

2264 915 2339 969 ἀεὶ
2388 914 2446 970 δε
2491 916 2870 991 ἀποτυγχάνων
2917 916 3012 972 διὰ
3052 922 3139 979 τὰς
3178 919 3433 991 ἁμαρτίας
3479 920 3568 977 τὰς
3609 916 3867 989 ἐμαυτοῦ.

2263 1006 2338 1057 Ού
2394 1009 2492 1081 γὰρ
2561 1005 2628 1066 δὴ
2688 1008 2843 1066 άλλην
2904 1012 3024 1062 τινὰ
3078 1008 3249 1060 αἰτίαν
3301 1010 3409 1078 ἔχω
3475 1014 3584 1067 τοῖς
3646 1008 3869 1077 γινομέ-

2262 1116 2370 1157 νοις
2409 1100 2521 1169 (97)
2570 1097 2807 1170 ἐπινοεῖν,
2864 1098 2995 1157 πλήν
3048 1118 3106 1169 γε
3160 1094 3229 1157 δὴ
3282 1104 3374 1149 τοῦ
3420 1096 3699 1149 πεπεῖσθαι
3754 1114 3871 1147 πα-

2261 1184 2417 1237 λαιῶν
2486 1187 2875 1261 ἁμαρτημάτων
2931 1187 3204 1240 ἐκτιννύειν
3260 1182 3455 1253 δίκας,
3508 1183 3555 1236 ἑν
3614 1193 3686 1255 τῷ
3746 1204 3869 1255 χω·-

2262 1285 2437 1349 ρισμῷ
2480 1285 2571 1337 τῆς
2622 1275 2831 1348 ἀγάπης
2868 1296 2962 1329 σου
2992 1298 3004 1310 '
3048 1277 3090 1329 εἰ
3138 1272 3205 1333 δὴ
3254 1279 3343 1327 καὶ
3392 1275 3657 1345 ὀνομάζειν
3696 1290 3875 1345 χωρι-

2267 1370 2415 1438 σμόν,
2459 1368 2600 1419 ὅσιον
2644 1366 2727 1419 ἐπὶ
2777 1374 2892 1431 σοῦ,
2937 1372 3027 1419 καὶ
3075 1367 3375 1418 ούτινοσούν
3420 1371 3522 1416 τῶν
3567 1366 3869 1433 τυχόντων,

2263 1460 2335 1528 μὴ
2386 1458 2466 1508 ὅτι
2512 1476 2572 1527 γε
2628 1458 2795 1529 ἡμῶν,
2845 1453 2917 1517 οἷς
2962 1455 3014 1519 ἐξ
3067 1454 3239 1529 ἀρχῆς
3291 1452 3340 1505 ἐν
3392 1456 3588 1528 πατρὸς
3644 1456 3869 1523 γέγονας

2262 1551 2439 1620 χώρᾳ.
2480 1544 2613 1597 Ἀλλ’
2656 1547 2684 1603 ἡ
2729 1546 2961 1619 ἁμαρτία
2996 1565 3095 1617 μου
3132 1553 3255 1608 νυν,
3316 1544 3401 1595 οἶα
3436 1540 3608 1614 νεφέλη
3669 1539 3869 1612 βαθεῖά

2263 1653 2338 1694 τις
2377 1632 2713 1707 ἐπισχούσα,
2757 1637 2960 1687 πάντων
3013 1634 3217 1687 ἐκείνων
3274 1634 3487 1704 ἄγνοιαν
3542 1629 3867 1686 ἐνεποίησεν.

2192 1733 2233 1787 Β
2260 1723 2421 1776 Ὀταν
2464 1726 2566 1799 γὰρ
2616 1720 2812 1793 ἀπίδω,
2838 1724 2969 1782 πλὴν
3014 1732 3104 1776 τοῦ
3148 1722 3260 1795 ἐμοὶ
3296 1721 3466 1779 λύπην
3498 1723 3557 1772 τὸ
3593 1724 3867 1791 γινόμενον

2264 1819 2448 1888 φέρειν,
2497 1810 2663 1886 μηδὲν
2720 1814 2887 1887 ἕτερον
2935 1812 2987 1876 ἐξ
3044 1812 3204 1865 αὑτοῦ
3260 1812 3669 1885 κατορθούμενον
3721 1809 3863 1878 (98),

2262 1913 2372 1965 πὼς
2418 1903 2546 1974 οὐχὶ
2599 1904 2807 1965 εἰκότως
2858 1910 2972 1964 ταῖς
3028 1901 3250 1974 ἐμαυτοῦ
3305 1904 3516 1960 κακίαις
3573 1896 3864 1969 ἀνατίθημι

2263 1996 2327 2045 τὰ
2386 1997 2651 2065 παρόντα;
2714 1992 2848 2045 Ἀλλ’
2909 1996 3007 2044 εἴτε
3072 1992 3326 2067 ἁμαρτίαι
3393 1998 3490 2042 τῶν
3554 1986 3862 2059 συμϐάντων

2264 2082 2449 2145 αἰτίαι,
2499 2088 2651 2134 τοῦτό
2704 2102 2795 2155 μοι
2844 2086 3003 2155 πέρας
3056 2084 3188 2133 ἔστω
3235 2088 3334 2133 τῶν
3388 2075 3702 2152 δυσχερῶν·
3761 2079 3864 2128 εἴτε

2263 2176 2315 2223 τί
2356 2175 2413 2223 τό
2455 2171 2876 2244 οἰκονομούμενον
2916 2168 2976 2229 ἦν
3004 2172 3138 2241 (99),
3186 2168 3513 2245 ἐξεπληρώθη
3562 2169 3767 2225 πάντως
3802 2168 3862 2216 τὸ

2266 2258 2712 2334 σπουδαζόμενον.
2755 2262 2832 2313 Ού
2860 2263 2961 2336 γὰρ
2994 2260 3168 2332 ὀλίγος
3213 2262 3238 2311 ὀ
3286 2268 3381 2320 τῆς
3426 2258 3621 2330 ζημίας
3649 2260 3862 2328 χρόνος.

2264 2354 2373 2419 Διὸ,
2403 2356 2591 2423 μηκέτι
2631 2354 2844 2421 στέγων,
2874 2359 3072 2425 πρῶτος
3109 2348 3301 2424 ἔρρηξα
3329 2352 3518 2421 φωνην,
3550 2344 3865 2418 παρακαλῶν

2263 2441 2409 2512 ἡμῶν
2451 2459 2505 2492 τε
2548 2439 2715 2492 αὐτῶν
2764 2438 3164 2512 ἀναμνησθῆναι
3207 2442 3297 2491 καὶ
3347 2443 3591 2506 σεαυτοῦ,
3622 2435 3677 2497 ὃς
3712 2434 3864 2487 πλέον

2264 2530 2295 2588 ἦ
2344 2533 2480 2582 κατὰ
2534 2533 2592 2582 τό
2648 2538 2744 2591 τῆς
2798 2533 3101 2601 συγγενείας
3153 2527 3305 2595 εἰκός,
3360 2528 3505 2601 παρὰ
3558 2526 3727 2578 πάντα
3776 2527 3864 2576 τόν

2268 2618 2386 2691 βίον
2435 2624 2526 2678 τὴν
2576 2615 2891 2692 κηδεμονιαν
2938 2621 3084 2690 ἡμῶν
3136 2614 3400 2687 ἐπεδείξω,
3445 2619 3536 2668 καὶ
3586 2619 3673 2672 τὴν
3715 2613 3865 2667 πόλιν

2263 2718 2352 2761 νῦν
2401 2711 2547 2782 ἡμῶν
2594 2710 2753 2762 ἕνεκεν
2798 2706 3027 2780 ἀγαπᾷν,
3069 2706 3196 2760 ἀλλὰ
3231 2710 3303 2780 μὴ
3351 2702 3423 2758 δι’
3457 2705 3532 2777 (ί)
3565 2703 3867 2778 ἀλλοτριοῶ

2269 2804 2462 2853 σαυτὸν
2491 2808 2584 2860 τῆς
2621 2798 2833 2861 πόλεως.

2340 2982 2393 3034 2.
2440 2983 2497 3033 Εἴ
2541 2999 2621 3041 τις
2673 2975 2761 3032 οὖν
2806 2978 3140 3054 παράκλησις
3184 2976 3233 3031 ἐν
3280 2983 3518 3053 Χριστῷ,
3551 2978 3705 3036 εἴτις
3754 2992 3868 3026 κοι-

2195 3090 2237 3148 C
2270 3072 2427 3120 νωνία
2478 3070 2790 3140 Πνεύματος,
2844 3071 2887 3120 εἶ
2941 3087 3058 3120 τινα
3107 3066 3390 3138 σπλάγχνα
3434 3069 3524 3118 καὶ
3577 3064 3861 3136 οἰκτιρμοί,

2271 3156 2543 3231 πλήρωσον
2601 3159 2746 3230 ἡμῶν
2797 3162 2890 3215 τὴν
2943 3158 3135 3229 εὐχήν
3169 3156 3390 3209 ἐνταῦθα
3438 3162 3634 3213 στῆσον
3680 3156 3757 3223 (2)
3799 3154 3867 3203 τὰ

2269 3255 2498 3318 κατηφῆ,
2552 3244 2725 3321 ἀρχὴν
2780 3266 2896 3299 τινα
2934 3243 3024 3307 δὸς
3073 3254 3178 3306 τοῖς
3235 3241 3591 3319 φαιδροτέροις
3637 3246 3765 3317 πρός
3806 3246 3863 3292 τό

2270 3336 2403 3403 ἑξῆς,
2457 3336 2613 3398 αύτός
2663 3343 2773 3397 τοῖς
2826 3335 2997 3397 ἄλλοις
3042 3338 3431 3407 καθηγούμενος
3490 3332 3576 3385 ἐπὶ
3628 3334 3693 3383 τὰ
3746 3328 3863 3402 βέλ-

2270 3444 2445 3491 τιστα,
2488 3424 2596 3477 ἀλλ’
2639 3425 2769 3497 οὐχὶ
2805 3424 3097 3479 ἀκολουθῶν
3137 3425 3285 3498 ἑτέρῳ
3330 3423 3403 3496 ἐφ’
3435 3423 3469 3475 ἂ
3496 3427 3566 3495 μὴ
3614 3418 3718 3473 δεῖ.
3764 3425 3864 3473 Καὶ

2267 3518 2366 3587 ’γὰρ
2412 3512 2535 3567 οὐδὲ
2589 3523 2826 3587 σωματος
2867 3519 3146 3590 χαρακτὴρ
3206 3511 3344 3576 ἴδιος
3386 3513 3520 3565 οὕτω
3576 3514 3713 3571 τινός
3762 3508 3863 3561 ἐνο-

2268 3606 2459 3677 μίσθη,
2491 3608 2559 3666 ὡς
2588 3613 2681 3665 τῆς
2733 3612 2828 3666 σῆς
2865 3605 3053 3677 ψυχῆς
3095 3608 3152 3656 τό
3202 3604 3453 3677 εἰρηνικόν
3502 3620 3556 3654 τε
3613 3604 3701 3652 καὶ
3741 3602 3863 3671 ἦμε-

2268 3713 2374 3769 ρον.
2418 3698 2611 3769 Πρέποι
2651 3696 2727 3765 (3)
2775 3691 2824 3746 δ’
2865 3694 2924 3746 ἂν
2973 3690 3060 3747 οὖν
3112 3703 3184 3765 τῷ
3238 3697 3455 3766 τοιούτῳ
3507 3695 3624 3753 τούς
3680 3690 3863 3751 ἄλλους

2270 3783 2428 3836 ἕλκειν
2471 3786 2601 3860 πρὸς
2657 3784 2866 3851 ἑαυτὸν,
2921 3789 3010 3837 καὶ
3061 3787 3309 3858 παρέχειν
3368 3789 3499 3836 πᾶσι
3548 3789 3658 3843 τοῖς
3714 3779 3862 3852 ἐγγί-

2272 3872 2425 3933 ζουσί
2472 3892 2573 3943 σοι,
2617 3874 2789 3948 ὥσπερ
2839 3876 3005 3947 μύρου
3050 3876 3182 3934 τινὸς
3211 3869 3453 3941 εὐωδίας,
3486 3880 3579 3934 τῆς
3626 3877 3717 3922 τοῦ
3768 3878 3863 3921 σοῦ

2268 3966 2461 4036 τρόπου
2508 3966 2876 4035 χρηστότητος
2934 3960 3385 4035 ἀναπίμπλασθαι.
3439 3965 3538 4014 Καὶ
3584 3962 3687 4032 γὰρ
3732 3962 3776 4010 εἰ
3814 3979 3867 4011 τι

2269 4054 2359 4102 καὶ
2412 4049 2689 4103 ἀντιτεῖνόν
2743 4050 2853 4104 ἐστι
2900 4060 2987 4103 νῦν
3018 4094 3032 4119 ,
3079 4049 3205 4102 ἀλλὰ
3260 4054 3445 4127 μικρὸν
3501 4051 3716 4125 ὕστερον
3771 4053 3865 4099 καὶ

2270 4140 2395 4192 αὐτό
2440 4143 2497 4193 τό
2549 4148 2644 4201 τῆς
2679 4140 2879 4215 εἰρήνης
2918 4138 3109 4211 ἀγαθόν
3150 4138 3512 4209 ἐπιγνώσεται.
3540 4136 3665 4199 Ἐως
3704 4133 3755 4190 δ’
3806 4136 3867 4188 ἆν

2271 4228 2321 4282 ἐν
2374 4238 2467 4291 τῆς
2526 4226 2853 4291 διαστάσεῶς
2897 4231 2951 4283 αἱ
3001 4226 3245 4283 διαϐολαὶ
3291 4235 3472 4303 χώραν
3520 4232 3715 4301 ἔχωσιν
3755 4230 3864 4297 (4),

2271 4318 2467 4392 ἀνάγκη
2514 4318 2593 4372 ἀεί
2636 4323 2726 4380 τὰς
2772 4319 3005 4391 ὑποψίας
3037 4319 3123 4372 ἐπὶ
3163 4323 3222 4371 τὸ
3252 4327 3431 4393 χεῖρον
3478 4318 3853 4380 συναύξεσθαι.

2192 4446 2237 4501 D
2271 4407 2422 4462 Ἐστι
2479 4413 2568 4483 μὲν
2614 4406 2701 4461 οὖν
2757 4406 2881 4462 οὐδὲ
2935 4408 3145 4471 ἐκείνοις
3195 4414 3386 4485 πρέπον
3444 4408 3641 4483 ἀμελεῖν
3694 4408 3864 4480 ἡμῶν,

2270 4500 2471 4552 πάντων
2523 4496 2580 4553 δὲ
2623 4499 2771 4552 πλέον
2814 4507 2875 4572 τῇ
2923 4503 3190 4571 τιμιότητί
3236 4518 3352 4554 σου.
3397 4504 3498 4552 Καὶ
3544 4502 3642 4571 γὰρ
3695 4497 3737 4549 εἰ
3776 4500 3867 4569 μὲν

2272 4588 2629 4665 ἁμαρτάνομεν
2693 4607 2786 4655 τι,
2857 4587 3091 4661 βελτίους
3155 4588 3381 4663 ἐσόμεθα
3443 4590 3858 4659 νουθετούμενοι.

2269 4877 2332 4935 id
2360 4874 2565 4950 fecisti.
2600 4878 2729 4933 Non
2760 4874 2948 4950 multo
2995 4880 3132 4949 post
3155 4874 3315 4950 (editi
3366 4874 3721 4950 ἀναμνῆσθαι.
3761 4880 3869 4934 Sex

2269 4965 2416 5006 mss.
2442 4953 2507 5004 ut
2530 4948 2591 5004 in
2622 4953 2806 5005 textu.
2832 4949 2924 5006 Sic
2954 4948 3013 5004 et
3039 4948 3220 5004 Paris.
3251 4953 3303 5004 2.

2338 5022 2418 5093 (1)
2458 5020 2531 5073 Δι’
2556 5021 2714 5093 ἡμᾶς.
2745 5020 2832 5075 Ita
2862 5036 2965 5076 sex
2992 5020 3231 5076 codices
3256 5037 3400 5077 mss.
3426 5020 3578 5076 Editi
3598 5017 3671 5073 δι’
3697 5021 3864 5093 ἡμῶν.

2272 5091 2501 5148 Ibidem
2532 5091 2673 5147 editi
2704 5096 2939 5146 σεαυτόν.
2969 5093 3234 5158 Quatuor
3262 5109 3406 5149 mss.
3443 5098 3649 5146 σαυτόν.

2341 5166 2419 5245 (2.)
2460 5164 2813 5245 grecansm
2854 5179 3007 5245 mss.
3034 5178 3300 5245 se‘xﬂpro
3344 5164 3757 5245 ecquod‘est
3808 5165 3868 5220 in

2270 5233 2442 5306 editis
2470 5235 2647 5292 λῦσον.
2671 5234 2856 5290 Paulo
2877 5240 3015 5306 post
3038 5234 3179 5290 editi
3193 5233 3288 5298 ἐξῆ
3300 5256 3342 5304 ς,
3359 5240 3448 5287 καὶ
3472 5233 3866 5306 humata...

2399 5306 2512 5361 ούκ.
2546 5308 2659 5363 Sex
2685 5322 2827 5362 mss.
2850 5304 2914 5361 ut
2937 5306 2998 5362 in
3019 5309 3202 5370 textu,
3228 5306 3369 5363 Cod.
3397 5306 3553 5362 Harl.
3578 5305 3871 5360 ἀκολουθῶν

2271 5378 2483 5451 ἑτέροις.
2512 5379 2641 5434 Duo
2665 5377 2766 5433 alii
2796 5376 2871 5449 ἐφ’
2902 5376 3028 5451 ὃ-μὴ
3064 5375 3164 5430 δεῖ.

2341 5448 2419 5520 (3)
2454 5452 2792 5532 ῃρέπο-ιζλζιι
2816 5448 2973 5532 Harl.
3005 5452 3064 5507 et
3092 5449 3266 5506 Coisl.
3287 5449 3519 5523 primus
3550 5467 3690 5508 cum
3719 5449 3872 5508 duo-

2270 5520 2386 5595 bus
2400 5519 2565 5595 aliis.
2602 5519 2754 5577 Editi
2780 5524 2985 5595 πρέπει.

2342 5592 2415 5664 (4)
2454 5591 2711 5665 Ἔχωσιν.
2744 5591 2829 5649 Ita.
2855 5608 3005 5649 mss.
3033 5592 3322 5665 quinque.
3528 5597 3768 5667 ἔχουσιν.
