4054 6200
449 280 557 337 415

1827 277 1884 332 S.
1927 271 2180 331 BASILII
2221 273 2436 328 MAGNI

3723 275 3836 330 416

453 403 644 460 animi
670 401 950 459 dolorum
981 399 1458 457 consolationem
1481 400 1628 458 duxi
1657 416 1786 458 esse
1823 399 1933 456 viri
1963 414 2107 472 prae-

2227 403 2347 460 τοὺς
2401 397 2626 459 οἰκείους
2679 402 2912 456 ποιησει.
2957 394 3112 450 Ἀλλὰ
3149 401 3240 448 καὶ
3286 403 3385 448 τῶν
3439 403 3530 448 τοῦ
3585 415 3838 471 σωματος

455 492 730 559 sentiam,
749 495 806 548 et
833 493 875 561 ι
893 491 1004 563 55
1030 507 1064 546 a
1082 489 1424 562 praestantia
1447 495 1548 546 tua
1569 505 1674 562 per
1689 489 1890 562 ipsum
1919 486 2114 544 allatis

451 580 658 636 litteris
686 580 857 636 valde
889 595 1022 634 sum
1053 578 1404 646 delectatus;
1427 595 1581 651 quas
1604 578 1850 652 quidem
1871 575 2114 648 jamdu-

453 670 602 726 dum
627 669 772 725 milii
794 668 1114 740 cupiebam
1141 668 1360 735 venire,
1378 685 1502 724 non
1525 668 1706 724 aliam
1729 667 1807 722 ob
1840 680 2110 730 causam,

453 759 568 815 nisi
599 765 664 815 ut
693 775 766 814 ne
794 764 848 813 et
876 773 988 814 nos
1017 758 1149 813 vitae
1177 758 1462 814 humanae
1494 757 1856 814 adderemus
1886 754 2112 810 tristem

453 848 763 904 historiam
810 853 1035 902 mutuae
1073 847 1225 902 inter
1273 847 1823 919 propinquissimos
1877 845 2112 900 dissen-

455 936 668 1006 sionis,
687 935 1056 1008 voluptatem
1080 935 1328 1008 quidem
1351 935 1608 991 inimicis
1630 933 1950 1006 aiferentis,
1969 933 2114 988 ami-

453 1026 535 1082 cis
557 1040 697 1080 vero
731 1040 1070 1094 mmrorem,
1102 1041 1171 1080 ac
1201 1025 1322 1080 Deo
1352 1023 1740 1096 displicentis,
1761 1023 1864 1096 qui
1900 1023 1954 1078 in
1987 1038 2114 1094 per-

453 1113 605 1169 fecta
650 1112 966 1170 dilectione
1016 1113 1424 1169 characterem
1480 1129 1551 1168 ac
1604 1117 1812 1170 notam
1863 1127 2114 1167 suorum

453 1200 885 1274 discipulorum
931 1202 1152 1274 posuit.
1204 1201 1497 1267 Quocirca
1539 1207 1594 1257 et
1637 1201 1979 1258 necessario
2016 1215 2112 1255 re-

452 1291 671 1357 scribo,
705 1307 814 1364 pro
844 1291 1020 1346 nobis
1042 1295 1105 1346 ut
1129 1307 1261 1346 ores
1282 1291 1632 1356 obsecrans,
1663 1296 1719 1346 et
1774 1291 1834 1345 in
1869 1288 2114 1362 reliquis

457 1379 635 1435 rebus
661 1395 869 1436 curam
893 1379 1070 1434 nobis
1101 1385 1166 1434 ut
1196 1379 1555 1452 propinquis
1585 1378 1924 1452 impendas.
1959 1376 2110 1444 Quid

456 1473 656 1524 autem
699 1467 809 1522 sibi
857 1467 1042 1523 velint
1081 1483 1220 1540 quas
1267 1473 1402 1524 acta
1446 1473 1604 1534 sunt,
1655 1467 1944 1540 quoniam
1991 1481 2112 1539 pra:

453 1556 693 1614 inscitia
715 1556 1041 1627 intelligere
1063 1573 1188 1614 non
1211 1574 1560 1630 possumus,
1579 1557 1639 1613 id
1671 1557 1989 1614 statuimus
2017 1572 2114 1612 ve-

452 1662 588 1703 rum
615 1645 909 1717 judicare,
936 1645 1103 1719 quod
1139 1647 1264 1719 ipse
1296 1646 1472 1702 nobis
1500 1662 1802 1719 exponere
1831 1646 2111 1718 dignatus

2223 485 2666 560 ἀρρωστημάτων,
2689 491 2779 538 καὶ
2805 494 2904 538 τῶν
2925 485 3087 538 ἄλλων
3118 484 3360 557 ἀλγεινῶν
3382 492 3475 547 τῆς
3501 485 3703 558 ψυχῆς,
3727 507 3808 540 ποι
3823 519 3836 528 -

2221 577 2482 647 ραιαυθίαν
2514 579 2799 648 ἡγησάμην
2829 577 2939 647 (12)
2971 572 3099 626 εἶναι
3142 579 3235 634 τὴν
3279 582 3371 626 τοῦ
3413 571 3600 647 ἀνδρὸς
3631 595 3837 648 παρου-

2227 667 2366 714 σίαν·
2396 671 2500 724 τοῖς
2529 684 2582 716 τε
2619 667 2761 737 παρὰ
2799 671 2894 726 τῆς
2921 669 3222 736 τιμιοτητὸς
3243 664 3354 734 (13)
3405 681 3500 714 σου
3546 659 3619 714 δι’
3663 665 3835 716 αὑτοῦ

2222 755 2524 826 κομισθεῖσι
2553 756 2862 827 γράμμασιν
2892 753 3214 828 ὑπερήσθην·
3248 750 3282 804 ἃ
3306 757 3395 804 καὶ
3435 749 3489 804 ἐκ
3519 751 3708 804 πολλοῦ
3735 773 3836 826 μοι

2223 840 2506 915 ἐπεθύμουν
2539 841 2715 909 ἐλθεῖν,
2747 842 2840 895 οὐκ
2877 841 3031 894 ὧλου
3075 845 3214 904 τινος
3239 842 3416 911 ἕνεκεν,
3447 841 3476 899 ἦ
3509 849 3600 893 τοῦ
3631 845 3701 914 μη
3735 847 3834 894 καὶ

2224 933 2362 1004 ἡμᾶς
2399 951 2448 984 τι
2490 935 2797 1005 σκυθρωπὸν
2845 928 3089 1004 διήγημα
3127 939 3198 1002 τῷ
3240 929 3343 1004 βίω
3377 933 3704 1004 προσθεῖναι,
3756 935 3832 992 ὼς

2223 1021 2326 1093 οῖρα
2355 1041 2434 1082 τις
2467 1024 2540 1078 εἵη
2574 1029 2681 1083 τοῖς
2713 1021 3052 1082 οἰκειοτάτοις
3082 1024 3212 1093 πρὸς
3238 1018 3483 1080 ἀλλήλους
3515 1016 3828 1080 διάστασις·

2221 1105 2416 1166 ἡδονὴν
2447 1112 2535 1181 μεν
2563 1108 2771 1184 ἐχθροῖς
2809 1111 3309 1184 παρασκευάζουσα,
3342 1108 3508 1181 φίλοις
3537 1105 3596 1160 δὲ
3627 1128 3832 1180 συμφο-

2221 1199 2332 1270 ρὰν,
2370 1196 2742 1270 ἀπαρέσκουσα
2773 1195 2832 1250 δὲ
2862 1207 2996 1268 θεῷ,
3035 1207 3106 1269 τῷ
3153 1196 3200 1248 ἐν
3239 1205 3300 1270 τῇ
3335 1196 3502 1270 τελείᾳ
3531 1195 3706 1268 ἀγάπη
3737 1199 3832 1248 τόν

2222 1295 2540 1360 χαρακτῆρα
2568 1295 2666 1338 τῶν
2712 1285 2896 1339 ἑαυτοῦ
2926 1289 3172 1359 μαθητων
3208 1288 3417 1358 θεμένῳ.
3450 1289 3536 1338 Διὸ
3567 1290 3656 1336 καὶ
3685 1283 3833 1336 ἀντι-

2223 1377 2512 1448 φθέγγομαι
2545 1374 2840 1448 ἀναγκαίως
2867 1378 3121 1448 εὔχεσθαί
3155 1394 3212 1428 σε
3242 1375 3350 1446 (14)
3380 1376 3506 1448 ὑπὲρ
3541 1376 3685 1446 ημῶν
3725 1394 3832 1426 πα-

2219 1464 2478 1540 ρακαλῶν,
2505 1469 2684 1518 καὶτὰ
2721 1465 2851 1518 ἀλλα
2887 1461 3151 1524 κήδεσθαι
3190 1467 3334 1537 ἡμῶν
3361 1467 3425 1525 ὡς
3471 1464 3689 1518 οἰκείων.
3721 1468 3830 1517 Τὸν

2222 1551 2280 1608 δῖε
2307 1562 2425 1606 νούν
2456 1563 2555 1606 τῶν
2585 1559 2862 1627 γινομένων
3041 1551 3219 1612 ἐπειδη
3251 1554 3400 1605 αὐτοὶ
3437 1553 3538 1604 ὑπὸ
3569 1551 3830 1624 ἁμαθείας

2222 1649 2448 1697 συνιέναι
2475 1645 2568 1696 οὐκ
2599 1647 2807 1716 ἔχομεν,
2843 1641 3028 1695 ἐκεῖνον
3057 1642 3322 1718 ἐκρίναμεν
3364 1640 3529 1700 ἀληθῆ
3565 1637 3693 1694 εἶναι
3729 1659 3826 1692 νο·-

454 1733 658 1792 tueris.
689 1737 941 1792 Necesse
967 1739 1054 1790 est
1085 1739 1288 1792 autem
1317 1736 1548 1809 reliqua
1569 1735 1748 1792 etiam
1779 1752 1816 1792 a
1847 1741 1946 1792 tua
1971 1750 2107 1807 pru-

2227 1734 2408 1800 αιζειν,
2463 1735 2516 1785 ὁν
2563 1732 2622 1784 ἂν
2677 1733 2830 1794 αὐτὸς
2883 1734 3009 1805 ἡμῖν
3059 1730 3424 1803 ἐξηγήσασθαι
3462 1729 3826 1802 καταξιὼσης.

452 1823 656 1880 dentia
676 1824 932 1896 deliniri,
955 1831 1234 1882 mutuum
1255 1826 1406 1882 inter
1427 1841 1536 1883 nos
1553 1841 1943 1896 congressum
1965 1831 2108 1882 tem-

452 1929 564 1984 pus
605 1913 1095 1985 accommodum,
1147 1917 1204 1970 et
1257 1913 1544 1970 idoneum
1573 1909 1795 1970 lecum.
1845 1913 1902 1970 Si
1929 1913 2110 1984 igitur

453 2003 700 2060 omnino
733 2003 996 2074 gravitas
1029 2008 1130 2060 tua
1168 2003 1246 2070 ad
1277 2009 1548 2061 nostram
1579 2005 1976 2076 humilitatem
2005 2005 2108 2062 de-

457 2091 744 2148 scendere
767 2107 888 2148 non
921 2097 1177 2155 recusat,
1205 2109 1438 2167 nosque
1464 2093 1668 2168 aliquo
1695 2110 1971 2150 sermone
1999 2096 2106 2150 im-

453 2181 669 2252 pertire
696 2199 708 2248 ;
740 2181 863 2236 sive
894 2197 1034 2237 cum
1056 2181 1208 2252 aliis,
1242 2183 1364 2238 sive
1386 2183 1662 2256 privatim
1683 2183 1810 2240 ﬁeri
1832 2199 2106 2256 congres-

454 2285 592 2324 sum
619 2267 902 2340 volueris,
937 2286 1170 2326 morem
1198 2287 1474 2342 geremus
1501 2291 1514 2338 ;
1557 2289 1696 2328 cum
1727 2271 1914 2329 semel
1941 2272 2107 2345 apud

450 2371 563 2412 nos
580 2357 962 2414 statuerimus
985 2359 1206 2416 servire
1230 2359 1332 2416 tibi
1355 2360 1416 2416 in
1439 2361 1745 2428 charitate,
1766 2376 1836 2417 ac
1857 2362 2106 2417 omnino

450 2445 700 2518 exsequi
729 2463 866 2518 quas
897 2447 972 2504 ad
1015 2449 1116 2524 Dei
1145 2448 1398 2519 gloriam
1439 2465 1476 2506 a
1515 2455 1621 2506 tua
1669 2449 1886 2522 pietate
1929 2449 2106 2506 nobis

449 2532 893 2605 praecipientur.
929 2537 1221 2592 Caeterum
1251 2536 1492 2592 fratrem
1524 2553 1815 2609 perquam
1841 2553 2106 2593 reveren-

451 2619 599 2676 dum
624 2637 746 2678 non
777 2624 1086 2696 coegimus
1115 2625 1452 2697 quidquam
1482 2625 1660 2681 nobis
1683 2621 1818 2683 viva
1847 2643 1994 2682 voce
2019 2627 2104 2683 di-

451 2725 604 2778 cere,
631 2711 774 2783 quia
804 2727 1000 2786 neque
1027 2719 1205 2769 antea
1232 2712 1422 2786 ipsius
1447 2731 1646 2771 sermo
1675 2731 1925 2788 operum
1953 2716 2108 2772 testi-

451 2799 659 2856 monio
690 2801 1188 2859 conﬁrmabatur.

1037 2911 1280 2968 EPISTO
1289 2912 1377 2966 LA
1416 2912 1521 2966 LX.

2221 1823 2445 1895 ’Λνάγκη
2477 1819 2536 1875 δὲ
2563 1827 2654 1874 καὶ
2683 1824 2748 1874 τὰ
2775 1821 3048 1894 λειπόμενα
3077 1824 3220 1896 παρὰ
3251 1828 3342 1882 τῆς
3365 1829 3459 1882 σῆς
3482 1819 3828 1894 μεγαλονοίας

2217 1913 2515 1988 ὁρισθῆναι,
2540 1917 2632 1971 τὴν
2665 1917 2954 1984 συντυχίαν
2983 1912 3128 1984 ἡμῶν
3153 1917 3244 1969 την
3269 1914 3399 1986 πρὸς
3428 1909 3696 1972 ἀλλήλους,
3725 1912 3824 1960 καὶ

2215 2005 2396 2076 καιρὸν
2421 2005 2507 2054 τὸν
2537 2006 2816 2074 πρέποντα,
2853 2005 2942 2052 καὶ
2979 2003 3134 2053 τόπον
3173 1997 3488 2058 ἐπιτήδειον.
3539 2003 3693 2071 Εἴπερ
3725 1998 3822 2050 οὖν

2217 2096 2326 2160 (16)
2349 2090 2478 2152 ὅλως
2499 2089 2740 2162 ἀνέχεται
2759 2088 3052 2148 καταϐῆναι
3071 2092 3198 2162 πρὸς
3221 2095 3315 2148 τὴν
3337 2094 3646 2142 ταπείνωσιν
3668 2090 3822 2160 ἡμῶν

2215 2183 2245 2240 ἡ
2287 2186 2534 2254 σεμνότης
2563 2199 2680 2252 σου,
2716 2185 2806 2233 καὶ
2828 2179 2982 2253 λόγου
3021 2183 3158 2242 τινὸς
3197 2176 3514 2253 μεταδοῦναι
3543 2181 3687 2249 ἡμῖν,
3715 2181 3824 2230 εἴτε

2215 2271 2323 2344 μετ’
2355 2271 2538 2338 ἄλλων,
2567 2275 2668 2323 ε’ίτε
2697 2273 2832 2323 κατὰ
2863 2273 3077 2324 σεαυτὸν
3101 2269 3281 2343 βούλει
3307 2272 3547 2343 γενέσθαι
3571 2275 3664 2328 τὴν
3687 2287 3822 2321 συν-

2217 2365 2429 2432 τυχίαν,
2462 2363 2892 2434 ύπακουσομεθα,
2940 2367 3093 2413 τοῦτο
3140 2359 3300 2423 οἷπαξο
3347 2361 3548 2422 ἑαυτοῖς
3581 2359 3824 2433 συμϐου-

2213 2448 2507 2518 λεύσαντες,
2528 2447 2788 2502 δουλεύειν
2805 2451 2920 2521 (17)
2945 2469 3029 2502 σοι
3051 2448 3098 2501 ἐν
3122 2447 3296 2522 ἀγάπῃ
3311 2500 3317 2512 ,
3335 2455 3426 2503 καὶ
3445 2455 3607 2503 ποιεῖν
3621 2447 3674 2500 ἐκ
3693 2469 3825 2500 παν-

2217 2543 2305 2600 τὸς
2325 2543 2518 2614 τρόπου
2539 2541 2604 2590 τὰ
2626 2539 2696 2600 εἰς
2720 2535 2876 2602 δόξαν
2894 2546 3026 2592 Θεοῦ
3039 2541 3182 2612 παρὰ
3197 2545 3287 2598 τῆς
3307 2535 3567 2596 εὐλαϐειας
3587 2535 3822 2606 σουημῖν

2217 2627 2620 2701 ἐπιτασσόμενα.
2681 2631 2778 2682 Τὸν
2821 2626 2880 2681 δὲ
2929 2625 3342 2702 αἰδεσιμὼτατον
3397 2621 3614 2697 ἀδελφὸν
3665 2619 3822 2676 οὐδὲν

2217 2716 2586 2790 ἠναγκάσαμεν
2609 2715 2708 2770 ἀπὸ
2735 2715 2964 2788 γλώττης
2991 2715 3146 2770 εἰπεῖν
3175 2718 3319 2789 ἡμῖν·
3345 2711 3484 2768 διότι
3499 2716 3616 2765 οὔτε
3637 2715 3824 2786 πρότε-

2217 2827 2305 2882 ρον
2337 2808 2441 2876 (ἱὸ)
2471 2809 2931 2882 μεμαρτυρημένον
2957 2803 3068 2878 εἶχε
3099 2804 3350 2877 τὸνλόγον
3381 2805 3479 2857 ύπὲ
3503 2811 3602 2855 τῶν
3632 2803 3818 2875 ἔργων.

2779 2919 3106 2968 ΕΡΙΣΤΟΛΗ
3145 2911 3262 2982 ΞΑ’,

448 2999 718 3074 Basilius
749 2999 1064 3074 respondet
1089 3001 1324 3074 litteris,
1347 3001 1562 3074 quibus
1587 3000 1960 3059 Athanasius
1987 3006 2568 3063 excommunicatum
2597 3021 2630 3058 τι
2651 3019 2708 3058 sc
2725 3004 2913 3074 fuisse
2933 3003 3130 3073 Libya:
3158 3002 3365 3058 ducem
3403 3001 3820 3057 nuntiaverat.

519 3071 806 3126 Declarat
838 3071 1046 3126 ducem
1079 3085 1154 3128 ea:
1181 3071 1402 3145 litteris
1421 3072 1750 3128 Athanasii
1774 3075 1858 3130 sic
1883 3075 2169 3134 Ecclesia:
2193 3077 2542 3142 innotm’sse,
2567 3080 2630 3130 ut
2654 3071 2824 3131 nemo
2855 3090 2988 3131 cum
3019 3071 3083 3131 eo
3111 3077 3306 3145 ignem
3332 3078 3438 3130 aut
3465 3086 3680 3144 aquam
3709 3075 3822 3126 aut

523 3147 740 3198 tectum
782 3156 1091 3199 commune
1121 3144 1264 3199 velit
1296 3143 1531 3200 habere.

479 3309 494 3318 _
713 3247 1076 3319 Athanasio,
1116 3250 1518 3308 .~ttexandrice
1555 3252 1843 3322 epist-apo.

527 3337 663 3407 Legi
689 3338 1021 3394 sanctitatis
1053 3343 1168 3394 tua:
1192 3338 1444 3406 litteras,
1475 3338 1534 3394 in
1565 3339 1790 3412 quibus
1815 3340 2111 3398 adversus

451 3425 653 3498 Libyae
678 3426 916 3494 ducem,
939 3425 1249 3483 hominem
1279 3428 1632 3496 nefandum,
1656 3429 2110 3499 ingemuisti.Ac

451 3515 802 3572 deﬂevimus
830 3515 1077 3589 quidem
1107 3517 1369 3590 patriam
1386 3521 1676 3586 nostram,
1703 3519 1870 3591 quod
1903 3519 2110 3576 talium

451 3604 754 3662 malorum
787 3610 976 3662 mater
1016 3606 1090 3662 sit
1131 3611 1187 3663 et
1227 3606 1447 3662 nutrix.
1481 3606 1840 3664 Deﬂevimus
1865 3625 2110 3682 quoque

453 3695 701 3768 Libyam
725 3695 952 3768 regioni
987 3701 1204 3752 nostrai
1234 3695 1514 3764 vicinam,
1545 3695 1842 3754 malorum
1868 3703 2109 3756 nostro-

449 3801 587 3842 rum
619 3785 993 3859 participem,
1028 3803 1098 3843 ac
1129 3784 1402 3842 moribus
1431 3784 1634 3842 ferinis
1679 3787 1962 3844 traditam
2004 3787 2110 3845 ho-

451 3873 630 3931 minis
661 3874 978 3932 crudeliter
1011 3874 1191 3931 simul
1231 3878 1288 3931 et
1321 3873 1613 3946 ﬂagitiose
1655 3875 1935 3934 viventis.
1989 3880 2110 3935 Hoc

450 3963 629 4036 igitur
667 3969 812 4032 erat,
863 3965 1030 4037 quod
1081 3963 1384 4037 sapienter
1422 3963 1654 4021 dixerat
1683 3965 2101 4024 Ecclesiastes:

522 4162 542 4182 ⁶
580 4160 739 4233 Alias
772 4162 972 4216 XLVII.
1007 4161 1238 4233 Scripta
1267 4161 1425 4220 circa
1454 4177 1553 4219 an.
1587 4167 1711 4220 371.

520 4233 639 4305 (t2)
675 4231 1010 4305 nuncium.
1055 4231 1187 4288 Post
1211 4233 1368 4289 hanc
1409 4250 1614 4291 vocem
1653 4235 1797 4292 Med.
1844 4241 1902 4292 et
1947 4237 2101 4294 llarl.

450 4301 686 4377 addunt
714 4301 1164 4377 αὐταρκεστάτην,
1186 4305 1552 4377 uberrimum
1582 4307 1887 4365 solatium.

522 4375 634 4446 (13)
673 4375 1223 4450 Τιμιοτητοςη-Οοὶει.
1265 4375 1496 4450 primus
1523 4383 1892 4450 κοσμιότητος.
1921 4379 2105 4438 Paulo

447 4445 588 4518 pest
616 4445 878 4518 quatuor
908 4446 1146 4503 codices
1177 4445 1536 4504 recentiores
1566 4445 1652 4501 διδ
1689 4450 1779 4502 καί
1811 4451 1866 4503 ἐκ
1891 4451 2102 4508 πολλοῦ.

523 4520 634 4585 (14)
673 4519 944 4596 sexageni
989 4537 1065 4596 es.
1115 4521 1289 4596 neest
1341 4535 1689 4596 pronomen
1723 4521 1788 4596 in
1833 4522 2104 4596 quinque

447 4603 624 4655 mss.,
655 4604 779 4644 non
811 4594 1014 4646 tamen
1041 4589 1104 4644 in
1133 4589 1312 4658 llarl.,

449 4659 631 4732 paulo
661 4665 804 4732 post
853 4659 1182 4726 Medicasus,
1217 4661 1377 4718 Harl.
1425 4667 1482 4718 et
1529 4665 1654 4719 Vat.
1693 4659 1834 4720 cum
1863 4663 2104 4721 duobus

447 4729 579 4815 aliis
610 4729 874 4815 κῇδεσθαε
902 4734 980 4815 ᾡς.
1006 4732 1398 4815 οἰκείωνκοαεε
1438 4733 1683 4815 quidem
1730 4736 2026 4808 scriptura
2055 4736 2103 4792 si

446 4801 754 4878 probetur,
785 4801 1358 4878 subintelligendum
1390 4801 1496 4861 erit
1545 4806 1710 4878 ὴμῷν.

519 4875 634 4945 (15)
805 4878 1103 4946 γινομένων.
1134 4877 1222 4932 Ita
1245 4891 1457 4932 omnes
1477 4875 1666 4932 nostri
1691 4877 1927 4934 codices
1951 4894 2099 4936 mss.

447 4961 587 5001 cum
611 4945 869 5022 editione
893 4945 1302 5022 Haganoensi,
1326 4948 1425 5003 ett
1459 4947 1708 5022 Froben.
1733 4948 1873 5004 Aliae
1889 4957 1989 5022 τῶν
2018 4969 2102 5022 γε·

445 5021 774 5092 γραμμένων,
806 5033 1042 5092 sensum
1091 5019 1458 5092 litterarum,
1493 5022 1558 5092 ut
1585 5018 2102 5092 interpretandum

445 5088 654 5144 monet
678 5088 1100 5146 Cnmbeﬁsius.
1131 5091 1486 5146 Contextum
1512 5088 1910 5147 immutarunt
1930 5091 2104 5148 libra-

445 5160 534 5234 rii,
561 5175 700 5216 cum
724 5159 924 5234 minus
943 5159 1355 5234 intelligerent,
1388 5161 1667 5234 quamvis
1689 5179 1811 5219 non
1830 5163 2006 5220 valde
2029 5165 2106 5219 sit

445 5231 764 5304 obscurus.
797 5231 887 5286 Ait
915 5230 1074 5287 enim
1097 5230 1345 5304 Basilius
1367 5230 1744 5304 proisumma
1760 5250 1870 5292 sua
1893 5235 2105 5292 huma-

447 5303 650 5371 nitate,
674 5317 738 5359 se
759 5317 989 5376 eorum,
1013 5317 1150 5376 quas
1173 5303 1956 5376 baeteﬁusintereesserant,
1975 5322 2104 5363 sen-

449 5389 584 5446 sum
611 5389 734 5430 non
759 5373 1108 5446 intelligere,
1131 5373 1194 5429 id
1225 5377 1330 5440 est,
1352 5390 1538 5446 quam
1559 5375 1638 5431 ob
1677 5392 1925 5432 causam
1941 5373 2105 5434 facta

444 5443 912 5518 fuerint,_minus_
928 5443 1277 5518 perspicere
1303 5443 1452 5518 ;_sed
1489 5450 1697 5518 tamen
1737 5449 2106 5506 asseveranti

446 5516 764 5591 avunculo
777 5515 1168 5591 crediturum.
1195 5515 1472 5591 Similiter
1485 5515 1547 5572 in
1559 5519 1734 5590 epist.
1749 5523 1872 5591 232,
1887 5521 2108 5577 Mirari

447 5593 644 5645 autem
667 5588 849 5659 subit,
885 5587 1100 5662 inquit,
1141 5591 1232 5640 καὶ
1258 5591 1352 5646 τὴν
1379 5583 1413 5640 δ
1419 5583 1616 5642 ιάνοιαῦ
1634 5597 1734 5642 τῶν
1766 5583 2027 5664 εύλὸγιῶν,
2051 5599 2106 5650 et

2423 3253 2718 3325 Ἀθανασίῳ
2751 3253 2881 3322 (19),
2907 3255 3173 3325 ἐπισκὸπῳ
3202 3247 3612 3327 Ἀλεξανδρείας.

2293 3342 2564 3414 Ἐνέτυχον
2594 3349 2704 3404 τοῖς
2725 3344 3007 3416 γράμμασι
3045 3351 3138 3402 τῆν
3177 3351 3276 3404 σῆς
3301 3343 3596 3408 ὁσιότητος,
3645 3334 3716 3390 δι’
3741 3335 3823 3388 ’ὧν

2219 3438 2312 3483 τοῦ
2368 3433 2618 3504 ἡγεμονος
2665 3439 2760 3494 τῆς
2809 3431 3009 3493 Λιϐύης
3039 3431 3174 3502 (20),
3237 3437 3328 3482 τοῦ
3374 3426 3687 3500 δυσωνύμου
3736 3425 3824 3477 ἀν-

2219 3515 2367 3593 δρὸς,
2419 3520 2816 3584 κατεστέναξας,
2877 3525 2976 3574 Καὶ
3039 3516 3358 3596 ὠδυράμεθα
3405 3519 3494 3591 μὶν
3551 3521 3645 3574 τὴν
3695 3517 3824 3587 ἠμε-

2217 3611 2367 3684 τέραν
2409 3609 2520 3675 (21)
2567 3605 2820 3684 πατρίδα,
2873 3611 2950 3662 ὅτι
2991 3611 3234 3662 τοιούτων
3277 3615 3447 3659 κακῶν
3480 3610 3656 3680 μήτηρ
3701 3602 3822 3656 έστὶ

2216 3703 2306 3750 καὶ
2363 3701 2567 3772 τροφόςο
2627 3695 2944 3772 ὠδυράριεθα
3015 3695 3074 3750 δὲ
3134 3701 3221 3750 καὶ
3284 3701 3378 3755 τὴν
3451 3700 3656 3768 γείτονα
3721 3701 3822 3754 τῆς

2217 3787 2466 3863 ἡμετέρας
2529 3787 2748 3856 Λιϐύην,
2805 3795 2906 3840 τῶν
2963 3789 3224 3864 ἡμετέρων
3297 3793 3469 3839 κακῶν
3526 3783 3822 3838 ἀπολαύου-

2217 3895 2313 3929 σαν
2353 3879 2486 3948 (22),
2549 3881 2638 3930 καὶ
2707 3873 2958 3950 θηριώδει
3005 3879 3121 3935 ἤθει
3177 3872 3569 3950 παραδοθεῖσαν
3623 3869 3820 3947 ἀνδρὸς

2215 3966 2448 4040 ὠμότητί
2495 3985 2550 4019 τε
2602 3967 2731 4040 ὁμοῦ
2777 3971 2868 4020 καὶ
2931 3965 3186 4040 ἀκολασίᾳ
3229 3969 3508 4030 συζῶντος,
3548 3971 3711 4017 Τουτο
3753 3959 3822 4021 ἦν

2213 4139 2534 4220 missarum
2552 4163 2932 4234 eutogiarum
2943 4165 3496 4236 sententia;quippe
3507 4164 3649 4235 quia
3666 4163 3824 4219 mihi

2206 4249 2319 4305 per
2347 4236 2674 4306 aenigmata
2704 4237 2972 4292 validam
2994 4243 3279 4306 precatus
3317 4251 3375 4292 es
3421 4241 3812 4306 senectutem.

2284 4307 2394 4379 (16)
2435 4303 2591 4379 Εἴπερ
2615 4303 2729 4362 οὖν.
2773 4307 2865 4379 Sic
2889 4303 3038 4379 mss.
3081 4307 3232 4364 Editi
3271 4307 3316 4359 εἰ
3345 4307 3452 4376 οὖν,
3486 4306 3546 4362 in
3589 4305 3820 4378 quibus

2211 4375 2394 4450 etiam
2421 4375 2604 4450 paulo
2634 4383 2772 4450 post
2807 4377 3025 4448 legitur
3065 4384 3154 4431 καὶ
3191 4381 3326 4431 κατὰ
3357 4375 3823 4433 metutam—Deest

2211 4449 2558 4520 conjunctio
2582 4449 2655 4505 in
2674 4465 2820 4505 mss.

2281 4517 2396 4590 (1⁷7)
2437 4519 2717 4592 Δουλεύειν,
2739 4523 2828 4592 Ita
2855 4537 3002 4577 mss.
3036 4520 3188 4578 Editi
3217 4517 3537 4590 δουλεύσειν,
3563 4523 3823 4592 excepta

1395 4590 1490 4670 ed_.
1517 4597 1572 4670 et
1592 4591 1770 4670 Coisl.
1793 4590 2106 4670 primo_fAt

2227 4592 2350 4648 adit.
2379 4591 2560 4670 Paris.
2585 4597 2638 4648 2.
2666 4591 2852 4648 Paulo
2871 4599 3010 4666 post
3027 4592 3218 4650 codex
3243 4593 3401 4649 Harl.
3425 4590 3822 4664 ἐπιτασσόμενα

2209 4679 2322 4738 Pro
2349 4667 2668 4738 γραφόμενα·

2433 4735 2708 4811 ῌρ-ὀτερον.
2733 4737 2819 4791 lta
2848 4751 2996 4811 mss.
3025 4752 3154 4811 sex.
3185 4735 3336 4811 Editi
3361 4739 3716 4811 Tenedi-epos.

2283 4805 2395 4880 (t9)
2437 4805 2901 4880 'xgpaviIO'iQJLBic:
2929 4807 3020 4880 Sic
3043 4806 3257 4880 legitur
3279 4807 3376 4863 hic
3399 4805 3686 4863 titulus'in
3715 4821 3818 4862 co-

2209 4875 2445 4951 dicibus
2467 4875 2837 4951 Harl._,lt{ed.,
2864 4877 3042 4934 Coisl.
3067 4875 3264 4951 primo
3285 4883 3344 4936 et
3361 4881 3502 4950 Reg.
3531 4882 3818 4950 utroque.

2209 4947 2360 5022 Editi
2380 4957 2460 5022 ,τῷ
2489 4949 2693 5022 μεγάλῳ
2725 4949 3041 5022 Ἀθανασίῳ,

2281 5021 2416 5094 (20)_
2431 5019 2537 5094 Τῆς
2562 5019 2785 5081 Λιϐύης.
2805 5019 3126 5094 _Articu1us
3163 5019 3404 5078 additus
3433 5036 3505 5078 ex
3543 5020 3820 5094 quinque

2209 5106 2356 5147 mss.
2383 5091 2568 5148 Paulo
2592 5097 2730 5148 ante
2751 5091 2892 5150 editi
2910 5101 3005 5155 τῆς
3031 5094 3304 5154 ὁσιότητος
3327 5113 3444 5151 σου.
3469 5091 3647 5162 Harl,
3663 5091 3816 5150 Med.

2210 5166 2269 5218 et
2293 5161 2467 5220 Coisl.
2502 5163 2646 5219 utin
2677 5169 2862 5220 textu.
3545 5181 3548 5184 ·

2285 5237 2401 5310 (2_t)
2437 5236 2848 5310 ’ζῇν-ἡμετέραν..
2871 5239 2958 5310 Ita
2985 5238 3102 5310 tres
3133 5235 3520 5310 vetustissimi
3551 5233 3816 5310 codices,

2211 5304 2393 5381 Ποῖ-1.,
2447 5303 2616 5381 Med.‘
2644 5303 2935 5381 etjCoisl.
2987 5307 3265 5381 Tresalii
3293 5313 3388 5381 {tu
3427 5308 3638 5381 ἑαυτῶν,
3669 5303 3818 5362 editi

2211 5383 2306 5436 τὴν
2351 5376 2557 5434 ἑαυτοῦ.
2591 5377 2773 5435 Paulo
2802 5381 2940 5450 post
2965 5377 3351 5450 editioiBasil.
3396 5383 3454 5436 et
3494 5378 3676 5437 Paris.
3713 5384 3820 5439 τῆς

2212 5451 2487 5524 ἡμετέρας,
2529 5452 2586 5504 et
2619 5458 2717 5501 τῶν
2755 5449 3034 5524 υμετέρων.
3083 5449 3272 5507 Editio
3313 5453 3540 5522 Hagan.
3575 5453 3631 5507 et
3659 5463 3814 5505 mss.

2212 5521 2400 5577 nostri
2427 5535 2640 5576 omnes
2673 5525 2734 5576 ut
2759 5520 2822 5576 in
2851 5525 3034 5578 textu.

2212 5535 2400 5577 nosm
2427 5535 2640 5576 omnes
2673 5535 2734 5576 ιιι
2759 5537 2822 5576 1n
2851 5535 3034 5578 texm.

2289 5594 2402 5664 (‘22)
2445 5590 2857 5649 ⁷Απολαύουσαν.
2917 5591 3093 5652 Coisl.
3143 5595 3373 5668 primus
3413 5592 3816 5654 ἀπολαύσασαν.
