4054 6204
542 277 645 332 427

1913 269 1969 326 8.
2010 265 2260 324 BASILII
2299 267 2545 326 MAGNI.

3795 274 3900 330 428

542 416 616 458 ex
673 401 893 458 sanctae
932 397 1204 456 Ecclesiae
1251 397 1632 454 Antiochenae
1676 393 1904 470 populo
1956 393 2019 449 in
2071 390 2176 447 ﬁde

2302 391 2516 457 ξασθαι,
2549 394 2627 446 ὅτι
2675 399 2775 448 πᾶν
2812 396 2870 447 τό
2920 393 3033 467 (57)
3071 394 3207 448 κατὰ
3251 397 3344 455 τὴν
3396 399 3574 449 πίστιν
3619 396 3902 473 ἕρῥωμένον

539 491 785 548 ﬁrmum
817 492 922 560 est,
955 488 1017 545 in
1046 504 1233 544 unam
1262 486 1648 543 concordiam
1681 490 1738 541 et
1765 484 2059 540 unitatem
2089 479 2192 537 ad-

539 578 888 636 ducendum
916 593 1079 644 esse;
1109 576 1191 645 id,
1221 575 1494 648 inquam,
1519 573 1666 630 satis
1698 589 1826 629 esse
1851 570 2188 637 videbatur,

539 673 607 724 ut
648 669 1125 725 demonstrarem
1151 663 1599 734 religiosissimo
1649 662 1935 735 episcopo
1966 658 2189 716 Meletio

542 761 835 830 oportere,
864 770 994 828 qua:
1029 753 1088 810 in
1119 751 1317 826 plures
1347 755 1546 824 partes
1590 767 1754 806 nunc
1784 749 1980 806 divisa
2028 751 2188 816 sunt,

543 841 1013 918 adjungere.Scd
1033 842 1178 916 quia
1199 841 1361 898 idem
1383 840 1478 897 ille
1506 839 1757 897 dilectus
1781 838 2190 895 condiaconus

539 940 745 993 noster
773 931 1106 990 Dcrotheus
1131 930 1443 988 clariorem
1478 929 1552 986 de
1581 929 1674 986 his
1696 929 2062 986 mentionem
2085 943 2191 1000 po-

537 1022 797 1091 stulavit,
829 1019 1168 1078 necessario
1217 1023 1506 1076 testamur
1558 1023 1614 1075 et
1657 1018 1938 1074 universo
1970 1016 2189 1073 Orienti

534 1114 597 1171 in
624 1112 780 1169 votis
801 1126 950 1174 esse,
985 1112 1041 1166 et
1070 1125 1107 1165 a
1147 1107 1322 1165 nobis
1370 1107 1596 1165 Meletio
1649 1105 2004 1164 omnimodo
2051 1120 2188 1161 con-

531 1200 754 1274 junctis
786 1198 1071 1272 expeti,ut
1102 1215 1239 1253 eum
1267 1197 1587 1253 videamus
1609 1195 1930 1252 Ecclesiam
1951 1194 2188 1250 Domini

536 1290 1010 1361 gubernantem;
1042 1287 1240 1343 virum
1271 1291 1327 1343 et
1373 1286 1492 1343 ﬁde
1542 1285 1941 1358 inculpatum,
1973 1287 2029 1340 et
2059 1287 2186 1339 tum

531 1380 653 1436 vita
682 1377 911 1435 nullum
945 1393 1082 1434 cum
1129 1377 1259 1434 aliis
1308 1374 1744 1450 comparationi
1779 1375 1980 1431 locum
2008 1372 2184 1430 relin-

530 1474 854 1545 quentem;
899 1471 1024 1523 tum
1056 1465 1222 1540 quod
1253 1465 1381 1539 ipse
1413 1465 1716 1526 universo,
1751 1467 1814 1521 ut
1850 1463 1930 1519 ita
1959 1462 2180 1532 dicam,

530 1559 766 1632 corpori
813 1555 1084 1612 Ecclesiae
1136 1555 1360 1628 praesit,
1411 1553 1642 1628 reliqua
1697 1568 1836 1609 vero
1884 1550 2183 1608 sintvelut

528 1649 789 1723 partium
848 1650 1180 1716 segmenta.
1224 1646 1418 1711 Quare
1447 1644 1711 1717 undique
1771 1642 2181 1698 necessarium

530 1737 711 1793 simul
760 1741 817 1793 et
868 1735 1025 1807 utile,
1082 1734 1222 1790 huic
1275 1733 1402 1790 viro
1451 1733 1738 1803 conjungi
1775 1731 1924 1788 alios
1977 1735 2180 1788 autem
2209 1753 2248 1806 Β

527 1826 880 1882 ﬂuminibus
936 1823 1176 1894 magnis
1232 1822 1471 1880 minora
1522 1839 1534 1878 :
1587 1823 1747 1878 circa
1814 1821 1963 1876 alios
2024 1819 2183 1877 velut

526 1915 773 1989 aliquod
827 1917 1370 1986 temperamentum
1420 1911 1716 1979 adhiberi,
1744 1909 1909 1984 quod
1948 1914 2005 1965 et
2063 1908 2177 1965 illis

525 2003 862 2064 conveniat.
887 2007 943 2059 et
967 2001 1244 2076 paciﬁcet
1269 2000 1586 2074 populum,
1619 2004 1676 2056 et
1705 1998 2039 2073 prudentiae
2064 2001 2178 2054 tuae

523 2110 594 2150 ac
623 2109 917 2168 perquam
951 2089 1165 2147 celebri
1196 2089 1448 2146 solertiae
1478 2088 1798 2162 studioque
1840 2090 2168 2159 competat.

523 2184 806 2239 Caeterum
857 2180 1139 2236 eximiam
1175 2182 1340 2234 tuam
1382 2177 1766 2251 prudentiam
1797 2174 1962 2233 nullo
1993 2175 2178 2232 modo

520 2271 682 2339 latet,
717 2271 929 2328 eadem
953 2270 1083 2342 jam
1115 2273 1170 2324 et
1200 2267 1593 2324 unanimibus
1649 2266 1766 2324 tuis
1820 2264 2176 2322 Occidenta-

521 2361 680 2418 libus
706 2359 1115 2433 placuisse,ut
1143 2357 1470 2415 ostendunt
1525 2356 1731 2413 litteras
1774 2371 1883 2431 per
1930 2353 2177 2412 beatum

525 2450 853 2525 Sylvanum
873 2449 1050 2508 nobis
1070 2447 1286 2506 allatae.

951 2639 1115 2710 16],
1154 2635 1484 2695 EPISTOLA
1510 2635 1760 2693 LXVIII‘.

2301 489 2392 535 τοῦ
2421 486 2552 536 κατά
2607 488 2700 543 τὴν
2749 484 2900 557 ἁγίαν
2937 484 3248 543 Ἐκκλησίαν
3290 485 3615 558 Ἀντιοχείας
3658 487 3790 540 λαοῦ
3836 488 3905 551 εἰς

2299 575 2420 643 μίαν
2469 577 2769 646 συμφωνίαν
2807 577 2896 626 καὶ
2943 576 3123 626 ἕνωσιν
3161 578 3272 646 χρὴ
3323 574 3630 647 ἐνοιχθῆναι,
3663 579 3801 651 πρός
3846 580 3897 630 τό

2303 656 2541 718 δηλῶσαι
2573 702 2587 727 ,
2649 661 2728 715 ὃτι
2784 671 2856 734 τῷ
2913 662 3288 735 θεοφιλεστατῳ
3345 664 3614 738 ἐπισκόπῳ
3671 665 3896 738 Μελετίῳ

2301 745 2412 802 δέοι
2461 753 2528 803 τὰ
2585 751 2651 813 εἰς
2699 756 2828 825 μέρη
2879 751 3088 806 πλείονα
3141 760 3228 805 νῦν
3287 750 3582 828 διῃρημένα
3643 756 3893 828 συνάψαι.

2300 837 2442 891 Ἐπεὶ
2477 836 2536 892 δὲ
2573 841 2598 893 ό
2626 840 2780 905 αὐτὸς
2813 842 2958 903 οὗτος
2987 843 3013 894 ὀ
3060 846 3329 914 ἀγαπητός
3383 840 3723 906 συνδιάκονος
3755 847 3892 919 ἡμῶν

2298 931 2556 1002 Δωρόθεος
2607 929 2974 1006 ἐναργεστέραν
3025 937 3119 989 τὴν
3171 937 3288 1008 περὶ
3341 936 3535 987 τούτων
3608 935 3895 997 ἐπεζήτησε

2296 1023 2504 1092 μνήμην
2534 1062 2548 1087 ,
2601 1025 2892 1093 ἄναγκαίως
2943 1021 3431 1096 ἑπισημαινόμεθα,
3483 1025 3560 1076 ὅτι
3613 1030 3704 1078 καὶ
3755 1029 3892 1100 πάσῃ

2295 1113 2358 1179 τῇ
2393 1105 2612 1181 όινατολῖῑ)¹
2643 1106 2716 1162 δι’
2749 1110 2933 1183 εὐχῆς,
2975 1115 3066 1164 καὶ
3122 1113 3246 1183 ἡμῖν
3301 1121 3413 1175 τοῖς
3463 1118 3717 1176 παντοίως
3765 1115 3899 1188 αὐτῷ

2299 1201 2642 1269 συνημμένοις
2687 1198 3028 1272 ἐπιθυμητὸν,
3061 1199 3214 1253 αὐτόν
3268 1198 3402 1255 ἰδεῖν
3449 1207 3544 1262 την
3589 1201 3898 1263 Ἐκκλησίαν

2296 1280 2542 1338 διέποντα
2580 1294 2681 1339 τπῦ
2740 1293 2956 1363 Κυρίου·
2991 1297 3052 1362 τῇ
3098 1309 3153 1343 τε
3172 1294 3347 1344 πίστει
3379 1289 3724 1351 ἀνεπίληπτον
3756 1295 3896 1364 ὄντα,

2293 1379 2478 1446 καὶτῷ
2519 1373 2621 1448 βίῳ
2674 1373 2923 1450 οὐδεμίαν
2971 1382 3095 1452 τρὸς
3123 1383 3242 1442 τοὺς
3290 1379 3477 1443 ἄλλους
3526 1379 3900 1456 ἐπιδεχόμενον

2295 1465 2596 1539 σύγκρισιν,
2620 1470 2709 1518 καὶ
2749 1474 2821 1538 τῷ
2852 1467 2965 1538 (58)
2990 1475 3081 1520 τοῦ
3112 1471 3324 1536 παντὸς,
3348 1471 3420 1531 ὡς
3448 1471 3625 1538 εἰπεῖν,
3656 1477 3901 1544 σώματος

2291 1559 2386 1614 τῆς
2447 1552 2759 1616 Ἐκκλησίας
2807 1555 2960 1608 αὐτόν
3009 1559 3348 1632 προεστάναι,
3382 1561 3449 1611 τὰ
3501 1555 3560 1613 δὲ
3588 1559 3750 1613 λοιπὰ
3796 1563 3902 1615 οἷον

2289 1649 2456 1717 μερῶν
2487 1648 2841 1716 ἀποτμήματα
2884 1642 3033 1700 εἶναι.
3056 1645 3219 1700 Ὠστε
3245 1650 3575 1720 πανταχὸθεν
3613 1647 3902 1721 ἀναγκαῖόν

2289 1748 2343 1782 τε
2392 1730 2522 1804 ὁμοῦ
2571 1738 2660 1784 καὶ
2719 1739 2976 1810 συμφέρον
3020 1743 3092 1787 τῶ
3144 1732 3300 1810 ἀνδρὶ
3359 1740 3522 1810 τούτῳ
3569 1742 3905 1812 συναφθῆναι

2287 1823 2409 1881 τοὺς
2441 1819 2654 1885 ἄλλωυς,
2708 1825 2879 1898 ὥσπερ
2929 1831 3040 1886 τοῖς
3087 1825 3330 1897 μεγάλοις
3360 1835 3459 1880 τῶν
3487 1836 3739 1902 ποταμῶν
3785 1833 3907 1888 τοὺς

2290 1907 2550 1970 ἐλάττουςο
2598 1916 2715 1987 περὶ
2760 1909 2819 1965 δὲ
2848 1916 2969 1976 τούς
3016 1913 3202 1978 ἄλλους
3253 1917 3498 1987 γενέσθαι
3544 1919 3660 1970 τινὰ
3708 1917 3909 1971 οἰκονο·

2287 2001 2432 2068 μίαν,
2482 2003 2569 2056 τὴν
2613 2003 2861 2063 κάκείνοις
2911 2008 3256 2077 πρέπουσαν,
3301 2009 3392 2057 καὶ
3447 2009 3535 2058 τόν
3577 2006 3704 2059 λαόν
3763 2012 3909 2082 εἱρηη

2287 2089 2558 2158 νεύουσαν,
2591 2094 2680 2141 καὶ
2705 2099 2766 2163 τῇ
2804 2099 2868 2164 σῇ
2921 2097 3128 2146 συνέσει
3173 2098 3264 2147 καὶ
3293 2093 3582 2168 περιϐοήτῳ
3626 2095 3908 2169 ἐντρεχείᾳ

2287 2180 2376 2227 καὶ
2433 2173 2640 2250 σπουδῇ
2690 2178 3088 2235 ἐπιϐάλλουσαν.
3119 2184 3327 2244 Πάντως
3369 2179 3427 2236 δὲ
3456 2183 3549 2236 οὐκ
3592 2184 3746 2238 ἔλαθέ
3807 2206 3904 2240 σου

2286 2267 2380 2322 τὴν
2422 2262 2806 2341 ἀνυπέδοῶ-ηόν
2856 2274 3124 2343 φρόνησιν,
3160 2273 3239 2324 ὅτι
3270 2267 3377 2330 ἤδη
3411 2273 3501 2325 καί
3531 2280 3645 2336 τοῖς
3698 2276 3905 2348 ὁμοφύ-

2286 2372 2405 2425 χοις
2452 2373 2547 2407 σου
2589 2363 2697 2419 τοῖς
2744 2361 2881 2410 κατὰ
2925 2364 3012 2418 τὴν
3071 2357 3228 2414 δύσιν
3260 2363 3327 2414 τὰ
3372 2362 3507 2415 αὐτὰ
3542 2370 3715 2416 ταῦτα
3767 2384 3904 2418 συν-

2287 2449 2469 2520 ήρεσεν
2501 2448 2632 2518 (59)’
2677 2450 2744 2512 ὡς
2776 2446 2934 2508 δηλοῖ
2976 2454 3040 2504 τὰ
3091 2455 3376 2526 γράμματα
3428 2455 3493 2507 τὰ
3541 2449 3634 2509 διὰ
3675 2463 3770 2508 τοῦ
3805 2477 3906 2531 μα·-

2287 2537 2473 2606 καρίου
2501 2535 2775 2592 Σιλουανοῦ
2805 2541 3123 2613 κομισθέντα
3151 2544 3298 2615 ἡμῖν.

2839 2644 3176 2704 EHIXTOAH
3225 2639 3343 2696 EH'.

528 2747 676 2806 Cum
703 2746 939 2805 Meletio
977 2745 1099 2816 agit
1144 2743 1414 2803 Basilius
1450 2741 1523 2800 de
1557 2740 2145 2824 Dorothcooltomam
2172 2736 2790 2824 mittendo,_Nuntiat
2817 2744 2889 2802 de
2924 2745 3182 2820 Eiuppii
3225 2747 3510 2819 adventu,
3543 2754 3599 2809 et
3627 2750 3900 2810 aliorum

1766 2814 2139 2872 Arianorum
2179 2814 2640 2881 exspectatione.

870 2951 1129 3018 Meletio,
1159 2949 1431 3021 episcopo
1469 2947 1829 3004 Antiochiae.

2627 2947 2872 3024 Μελετίῳ,
2905 2950 3172 3024 ἑπισκόιιῳ
3201 2950 3540 3026 Ἀντιοχείας.

596 3065 891 3121 Hactenus
942 3059 1189 3135 quidem
1233 3057 1529 3116 voluimus
1579 3057 1828 3114 retinere
1873 3055 2038 3130 apud
2067 3071 2176 3113 nos

2356 3058 2493 3116 Τίως
2547 3058 2638 3128 μὲν
2699 3055 3064 3131 ἠϐουλήθημεν
3121 3069 3415 3134 κατασχεῖν
3479 3061 3603 3136 παρ’
3686 3064 3899 3128 ἑαυτοῖς

525 3151 1045 3222 religiosissimum
1062 3149 1303 3206 fratrem
1329 3147 1691 3204 Dorotheum
1711 3146 2176 3214 condiaconum,

529 3245 595 3298 ut
621 3258 761 3298 eum
778 3239 891 3296 sub
912 3240 1093 3295 tinem
1116 3237 1494 3307 negotiorum
1521 3234 2179 3306 dimittentes,singulas

528 3346 624 3388 res
652 3334 853 3401 gestas
881 3327 1246 3401 praestantiae
1286 3331 1400 3382 tuae
1430 3341 1536 3400 per
1564 3325 1765 3398 ipsum
1809 3325 2179 3396 significare-

530 3435 688 3476 mus.
719 3417 834 3476 Sed
863 3421 1063 3474 tamen
1114 3415 1426 3490 quoniam,
1449 3414 1596 3470 dum
1621 3414 1781 3470 diem
1804 3429 1876 3469 ex
1899 3415 1994 3470 die
2016 3412 2180 3469 diffe-

530 3508 747 3577 rimus,
776 3507 837 3563 in
855 3506 1108 3577 longum
1138 3510 1377 3577 tempus
1409 3503 1689 3576 protracti
1715 3519 1948 3573 sumus,
1980 3504 2180 3560 statim

534 3604 715 3676 atque
761 3597 959 3667 nobis,
1013 3601 1074 3653 ut
1124 3595 1185 3652 in
1226 3594 1408 3650 rebus
1447 3592 1830 3658 difﬁcillimis,
1863 3593 2181 3650 consilium

534 3687 782 3764 aliquod
811 3687 886 3744 de
916 3685 1096 3742 rebus
1135 3682 1387 3756 agendis
1419 3682 1478 3738 in
1509 3687 1772 3740 mentem
1811 3683 1990 3750 venit,
2021 3683 2180 3740 misi-

532 3798 667 3837 mus
711 3776 1064 3852 praedictum
1111 3774 1329 3837 virum,
1363 3771 1467 3845 qui
1499 3772 1876 3829 sanctitatem
1911 3776 2179 3848 vestram

530 3867 871 3932 conveniat,
901 3863 1234 3937 referetque
1262 3877 1368 3934 per
1410 3877 1472 3916 se
1493 3860 1623 3933 ipse
1658 3861 1912 3931 singula,
1939 3867 1996 3918 et
2017 3878 2176 3918 com-

529 3956 890 4014 mentarium
915 3958 1190 4011 nostrum
1214 3950 1509 4021 ostendat,
1528 3954 1592 4006 ut
1613 3949 1660 4004 si
1681 3950 1846 4007 utilia
1863 3951 2180 4008 videantur

526 4063 663 4119 quae
689 4061 726 4103 a
755 4043 930 4100 nobis
977 4041 1312 4114 excogitata
1361 4044 1521 4106 sunt,
1549 4055 1620 4096 ea
1657 4039 1718 4096 in
1749 4056 1875 4098 rem
1924 4041 2177 4100 conferri

525 4139 691 4194 curet
718 4137 919 4191 vestra
946 4129 1462 4204 praestantiaJItcc
1490 4133 1715 4196 autem,
1749 4133 1813 4185 ut
1835 4129 1896 4186 in
1936 4146 2178 4190 summa

524 4222 909 4291 dicam,vicit
963 4219 1275 4288 sententia,
1307 4223 1372 4276 ut
1400 4218 1558 4274 idem
1609 4217 1704 4274 ille
1761 4216 1944 4276 frater
1973 4225 2176 4279 noster

522 4314 853 4371 Dorotheus
881 4315 1131 4369 Romam
1146 4308 1924 4383 proliciscatur,excitetque
1939 4309 2173 4382 aliquos

2287 3145 2373 3194 τόν
2403 3143 2794 3199 εὖλαϐἐστατονο
2830 3145 3049 3222 ἀδελφόν
3106 3153 3362 3224 Δωρόθεον
3399 3155 3486 3205 τόν
3518 3150 3894 3221 συνδιάκονον,

2288 3234 2439 3305 ὥστε,
2493 3235 2573 3287 ἐπὶ
2611 3245 2684 3308 τῷ
2726 3236 2853 3290 τέλει
2888 3246 2986 3290 τῶν
3041 3243 3364 3314 πραγμάτων
3434 3244 3895 3319 ᾶποπεμψοὲμενοι,

2286 3328 2544 3396 γνωρίσαι
2617 3321 2692 3378 δι’
2749 3327 2910 3380 αὐτοῦ
2981 3329 3183 3382 ἕκαστα
3241 3340 3338 3384 τῶν
3397 3339 3778 3406 πεπραγμένων
3837 3345 3893 3408 τῇ

2285 3417 2553 3485 τιμιότητί
2599 3435 2713 3472 σου.
2741 3417 2878 3472 Ἐπεὶ
2909 3415 2969 3472 δι
3007 3422 3202 3497 ἡμέραν
3235 3421 3288 3485 ἐξ
3323 3423 3518 3499 ἡμέρας
3561 3423 3895 3499 ὖπεΡτιθέὲιε“

2287 3519 2366 3552 νοι
2388 3502 2457 3564 εἰς
2485 3503 2614 3556 πολὺ
2658 3513 2748 3558 τοῦ
2792 3511 2987 3581 χρόνου
3043 3512 3424 3585 παρετάθημεν,
3456 3517 3547 3566 καὶ
3576 3513 3708 3586 ἅμα,
3745 3517 3820 3576 ὡς
3853 3515 3894 3568 ἐν

2291 3588 2505 3666 ἀπόροις
2537 3635 2550 3660 ,
2603 3593 2766 3666 βουλή
2821 3615 2898 3658 τις
2943 3599 3069 3670 ἡμῖν
3137 3599 3338 3654 ἐνέπεσε
3405 3606 3523 3676 περὶ
3581 3610 3686 3654 τῶν
3769 3624 3897 3680 repa-

2288 3684 2446 3733 κτέων
2470 3683 2602 3752 (60),
2636 3682 3009 3759 ἀπεστείλαμεν
3043 3691 3140 3740 τόὔ
3182 3695 3550 3766 προειρημένον
3599 3688 3784 3766 ἄνδρα
3811 3715 3895 3748 κα-

2288 3769 2524 3824 ταλαϐεῖν
2569 3773 2711 3845 ὑμῶν
2766 3779 2860 3833 τὴν
2908 3777 3195 3844 ὁσιότητα,
3231 3784 3321 3832 καὶ
3363 3776 3436 3832 δι’
3482 3780 3671 3834 ἑαυτοῦ
3711 3803 3775 3836 τε
3819 3784 3898 3835 ἆν-

2290 3868 2505 3932 ενεγκεῖν
2552 3863 2767 3931 ἕκαστα,
2795 3869 2885 3917 καὶ
2913 3868 2971 3918 τό
3003 3867 3392 3939 ὑπομνηστικόν
3423 3871 3568 3942 ἡμῶν
3601 3868 3896 3940 ἐπιδεῖξαι,

2290 3949 2390 4016 ἵνα,
2420 3949 2463 4002 εἰ
2493 3951 2666 4022 φανείη
2717 3959 3003 4027 χρησίμως
3063 3959 3203 4028 ἔχειν
3243 3960 3308 4010 τὰ
3339 3957 3457 4031 παρ’
3509 3961 3659 4031 ἡμῶν
3721 3961 3900 4021 ἐννοη-

2290 4039 2456 4106 θέντα,
2491 4039 2562 4102 εἰς
2599 4043 2743 4114 ἔργον
2801 4042 2959 4096 ἐλθεῖν
3013 4049 3156 4120 παρα
3202 4055 3293 4109 τῆς
3342 4049 3585 4124 ὑμετέρας
3634 4049 3902 4112 τελειότη-

2285 4148 2368 4190 τος
2428 4126 2812 4190 σπουδασθείη.
2852 4132 2934 4195 Ὠς
3003 4130 3062 4189 δὲ
3132 4141 3399 4209 συντόμως
3468 4136 3646 4205 εἰπεῖν,
3705 4149 3900 4215 γνώμη

2285 4217 2565 4291 ἐκράτησεν
2598 4219 2680 4274 ἐπὶ
2721 4225 2815 4280 τὴν
2862 4221 3059 4296 Ῥώμην
3091 4221 3341 4287 διαϐῆναι
3389 4229 3474 4279 τόν
3529 4227 3687 4282 αὐτόν
3712 4239 3901 4286 τοῦτον

2283 4303 2502 4380 ἀδελφόν
2530 4311 2676 4382 ἡμῶν
2727 4313 3003 4386 Δωρόθεον,
3052 4311 3410 4375 διαναστῆσαι
3437 4337 3578 4381 τινας
3631 4327 3738 4370 τῶν
3802 4319 3900 4375 ἀπὸ

521 4422 592 4466 ex
623 4404 793 4463 Italia
829 4403 934 4477 qui
981 4416 1094 4459 nos
1124 4399 1401 4462 invisant,
1435 4398 1588 4455 mari
1618 4400 1872 4460 utentes,
1904 4402 1970 4454 ut
1997 4399 2172 4456 inter-

2289 4405 2372 4457 τῆς
2431 4396 2668 4466 Ἰταλίας,
2725 4403 2855 4474 πρὸς
2916 4406 3011 4461 τὴν
3085 4403 3356 4476 ἐπίσκεψιν
3427 4407 3572 4478 ἡμῶν
3642 4407 3896 4470 θαλάσση

517 4473 1132 4568 pollatoresdevitent.
1150 4487 1558 4545 Animadverti
1572 4486 1733 4542 enim
1755 4503 1859 4543 eos
1879 4487 1982 4560 qui
2005 4490 2169 4563 apud

2289 4489 2652 4558 χρησαμένους
2680 4487 2811 4556 (61),
2847 4490 2929 4541 ἶνα
2959 4493 3078 4553 τοὺς
3111 4489 3484 4565 ἐμποδίζοντας
3538 4490 3573 4548 δ
3579 4473 3893 4569 ιαφύγωσιξ

517 4586 947 4654 Imperatorem
1001 4583 1273 4651 potentes
1315 4581 1481 4656 sunt,
1516 4591 1714 4648 neque
1768 4575 1942 4646 velle,
1971 4593 2167 4651 neque

2289 4577 2408 4636 Γοὺς
2457 4576 2557 4648 γὰρ
2607 4574 3173 4651 παραδυναστεύοντας
3225 4589 3331 4643 τοῖς
3406 4590 3692 4656 κρατοῦσιν
3756 4586 3896 4644 εἶδον

513 4687 692 4744 posse
722 4669 889 4726 illum
935 4668 1008 4724 de
1054 4667 1362 4724 exsulibus
1413 4665 1778 4721 submonere
1810 4666 1956 4722 :sed
2000 4669 2165 4739 quod

2289 4661 2439 4724 ιηδὲν
2498 4664 2860 4739 βουλομένους,
2900 4675 3025 4742 μήτε
3085 4668 3402 4745 δυναμένους
3461 4675 3898 4748 ὑπομιμνήσκειν

509 4761 658 4820 nihil
686 4761 858 4834 pejus
889 4759 949 4816 in
979 4756 1246 4814 ecclesiis
1276 4755 1404 4812 ﬁeri
1449 4755 1715 4826 videant,
1747 4755 1806 4812 id
1835 4772 1946 4830 pro
1995 4756 2162 4814 lucro

2289 4755 2428 4808 ιῦτόν
2483 4755 2596 4828 (62)
2645 4761 2758 4830 περὶ
2807 4766 2906 4810 τῶν
2960 4758 3358 4834 ὶκϐεϐλημίνων,
3405 4761 3533 4816 ἀλλὰ
3595 4769 3657 4818 τό
3694 4774 3785 4838 μή
3851 4789 3900 4822 τι

581 4868 602 4892 ⁶
639 4867 797 4924 Alias
827 4867 979 4923 LVII.
1009 4866 1239 4938 Scripta
1260 4880 1422 4922 anno
1453 4869 1576 4920 371.

580 4941 696 5010 (57)
733 4939 851 4991 Ὀτι
898 4945 997 4991 πᾶν
1035 4945 1112 5010 τό.
1139 4935 1254 4992 ⁷116.
1293 4953 1440 4992 mss.
1471 4939 1724 5010 septem.
1764 4935 1931 5010 Editi
1963 4939 2041 5010 ᾷτι
2063 4957 2155 5010 περ

505 4995 785 5068 τόῘΡαιιΙΟ
815 5015 952 5088 post
979 5008 1515 5088 edit‘lnawazeﬁ‘vat‘.
1542 4995 1699 5064 Harl.
1734 5013 1790 5068 et
1835 5007 2010 5067 Coisl.
2041 4995 2157 5081 pri-

504 5099 642 5140 mus
669 5079 1024 5138 cum‘tribus
1057 5079 1186 5136 aliis
1215 5084 1280 5136 ut
1309 5080 1368 5136 in
1395 5083 1574 5136 textu.

575 5157 685 5218 (58)
729 5157 940 5224 Ka‘ira.
965 5150 1114 5224 Editi
1141 5156 1231 5204 καὶ
1258 5154 1335 5224 το.
1384 5150 1503 5224 sed
1526 5149 1644 5206 hoc
1673 5155 1960 5224 erratum,
1985 5153 2153 5224 quod

499 5227 602 5280 toti
635 5221 898 5297 epistolae
922 5221 1211 5297 tenebras
1241 5221 1629 5297 offundebat._
1649 5221 2150 5297 sustulimus‘_0pe

497 5291 776 5354 codicum
805 5294 955 5352 llarl.
985 5298 1041 5348 et
1061 5291 1694 5365 Coisl._utriusque,Vat
1715 5299 1770 5350 et
1793 5297 1931 5362 Reg.
1946 5291 2144 5365 primi.

498 5365 1003 5448 Paulopostediti
1031 5366 1080 5417 oi
1138 5360 1195 5416 δὲ
1238 5360 1477 5420 laurei":
1509 5367 1607 5421 εἴη.
1636 5360 2044 5436 Septem—mss.
2085 5371 2149 5425 ut

493 5445 555 5494 in
585 5445 767 5495 textu.

564 5511 676 5586 (59)
710 5515 1009 5586 Συνήρεσεν.
1043 5511 1259 5586 Ιιεινεθχ
1291 5505 1528 5562 codices
1575 5508 1632 5562 et
1658 5509 1906 5564 vetustae
1936 5507 2142 5566 editio.

489 5595 618 5638 nes.
649 5582 996 5642 Parisiensis
1025 5585 1357 5656 συνήρεσκεν.

2309 4863 2455 4945 ’(69)
2494 4867 2617 4948 Περὶ
2642 4872 2741 4948 τξῦν
2767 4870 3050 4948 πρακτέων.
3074 4868 3220 4948 Tres
3252 4886 3396 4948 mss.
3428 4885 3553 4928 non
3574 4871 3898 4948 antiquis-

2269 4940 2408 5014 _S_imi
2459 4940 2584 5014 περὶ.
2627 4943 3148 5014 τῶν-προκειμένων,
3179 4941 3252 4999 de
3289 4942 3464 5014 rebus
3509 4940 3888 5014 ρνοροέίιίς,

2446 4989 2588 5090 editi

2266 5077 2421 5135 Libri
2459 5082 2687 5133 veteres
2715 5084 2775 5134 ut
2802 5081 2861 5136 in
2890 5085 3074 5139 textu.

2335 5148 2465 5230 (διὶ⁸
2511 5153 3177 5230 Χ,οησα.ιιξένφίς.αῧοάςξ
3205 5155 3513 5230 Μθᾶὶοεειιε
3579 5177 3698 5230 χρη
3717 5168 3896 5230 σομέ-

2260 5199 2611 5347 ἒοδς.,ἳ)ἃυίο
2642 5203 2779 5277 ante
2810 5221 2956 5279 Med.
2991 5229 3049 5282 et
3078 5199 3258 5284 Coisl.
3549 5199 3895 5298 ἓέἰξὲς

2302 5305 2496 5347 ταλιας.

2302 5311 2496 5352 ταΛιας.

2332 5368 2442 5446 (6:2)
2487 5362 2986 5446 narévzltaeditio
3010 5369 3235 5438 Hagen.
3269 5373 3337 5446 et
3359 5369 3683 5446 I‘Basiliet
3715 5378 3897 5434 codi-

2258 5451 2356 5492 ces
2384 5433 2530 5509 Med.
2563 5438 2626 5509 e_t_
2650 5434 2822 5509 coisl.
2856 5433 3272 5509 primus—cum
3324 5441 3514 5498 tribus
3546 5442 3707 5501 aliis.
3753 5433 3902 5507 Non

2254 5511 2447 5589 exstat
2473 5505 2905 5589 in_Harlaea_no_
2948 5509 3156 5572 codice
3184 5512 3313 5571 haec
3335 5513 3615 5589 epistola.
3650 5505 3900 5580 Εᾱίιξέ

2252 5577 2430 5637 Basil.
2458 5580 2514 5634 et
2539 5577 2723 5636 Paris.
2750 5579 2960 5643 αὐτούς.
