  <div class='ocr_page' id='page_1' title='image "/cluster/home/n/w/nwhite01/storage/ocr_20150623/32/hvd.32044048207401/221.png"; bbox 0 0 4054 6204; ppageno 0'>
   <div class='ocr_carea' id='block_1_1' title="bbox 555 224 2189 300">
    <p class='ocr_par' dir='ltr' id='par_1_1' title="bbox 555 225 2188 300">
     <span class='ocr_line' id='line_1_1' title="bbox 555 225 2188 300; baseline -0.01 -2"><span class='ocrx_word' id='word_1_1' title='bbox 555 242 655 300; x_wconf 80' lang='grc'>431</span> <span class='ocrx_word' id='word_1_2' title='bbox 1505 287 1512 295; x_wconf 94' lang='grc'>.</span> <span class='ocrx_word' id='word_1_3' title='bbox 1721 289 1724 292; x_wconf 14' lang='grc' dir='ltr'>ι</span> <span class='ocrx_word' id='word_1_4' title='bbox 1936 230 1992 291; x_wconf 91' lang='lat' dir='ltr'>S.</span> <span class='ocrx_word' id='word_1_5' title='bbox 2035 225 2188 283; x_wconf 86' lang='lat' dir='ltr'><strong>BASl</strong></span> 
     </span>
    </p>
   </div>
   <div class='ocr_carea' id='block_1_2' title="bbox 2304 224 3916 300">
    <p class='ocr_par' dir='ltr' id='par_1_2' title="bbox 2319 227 3916 298">
     <span class='ocr_line' id='line_1_2' title="bbox 2319 227 3916 298; baseline 0.006 -15"><span class='ocrx_word' id='word_1_6' title='bbox 2319 227 2538 285; x_wconf 72' lang='lat' dir='ltr'>MAGNI</span> <span class='ocrx_word' id='word_1_7' title='bbox 2747 295 2750 298; x_wconf 94' lang='lat'><strong><em>_</em></strong></span> <span class='ocrx_word' id='word_1_8' title='bbox 3814 238 3916 294; x_wconf 57' lang='lat'>43?.</span> 
     </span>
    </p>
   </div>
   <div class='ocr_carea' id='block_1_3' title="bbox 553 347 2189 431">
    <p class='ocr_par' dir='ltr' id='par_1_3' title="bbox 553 347 2178 431">
     <span class='ocr_line' id='line_1_3' title="bbox 553 347 2178 431; baseline -0.013 -7"><span class='ocrx_word' id='word_1_9' title='bbox 553 383 624 424; x_wconf 91' lang='lat' dir='ltr'>ac</span> <span class='ocrx_word' id='word_1_10' title='bbox 653 363 996 422; x_wconf 87' lang='lat' dir='ltr'>desiderata</span> <span class='ocrx_word' id='word_1_11' title='bbox 1038 359 1441 431; x_wconf 80' lang='lat' dir='ltr'>aggrediatur.</span> <span class='ocrx_word' id='word_1_12' title='bbox 1487 357 1654 414; x_wconf 84' lang='lat' dir='ltr'>Hunc</span> <span class='ocrx_word' id='word_1_13' title='bbox 1709 359 1766 413; x_wconf 89' lang='lat' dir='ltr'>et</span> <span class='ocrx_word' id='word_1_14' title='bbox 1797 351 2090 424; x_wconf 88' lang='lat' dir='ltr'>suscipies</span> <span class='ocrx_word' id='word_1_15' title='bbox 2123 347 2178 405; x_wconf 90' lang='lat' dir='ltr'>vi</span> 
     </span>
    </p>
   </div>
   <div class='ocr_carea' id='block_1_4' title="bbox 2304 347 3916 431">
    <p class='ocr_par' dir='ltr' id='par_1_4' title="bbox 2312 350 3916 431">
     <span class='ocr_line' id='line_1_4' title="bbox 2312 350 3916 431; baseline 0.006 -29"><span class='ocrx_word' id='word_1_16' title='bbox 2312 369 2398 412; x_wconf 87' lang='grc' dir='ltr'>τος</span> <span class='ocrx_word' id='word_1_17' title='bbox 2455 351 2771 425; x_wconf 69' lang='grc' dir='ltr'><em>συμϐουλίαν</em></span> <span class='ocrx_word' id='word_1_18' title='bbox 2803 395 2817 420; x_wconf 86' lang='grc'>,</span> <span class='ocrx_word' id='word_1_19' title='bbox 2878 350 3268 428; x_wconf 72' lang='grc' dir='ltr'><em>ἀσφαλεστέρας</em></span> <span class='ocrx_word' id='word_1_20' title='bbox 3321 358 3589 408; x_wconf 83' lang='grc' dir='ltr'><em>ποιεῖσθαι</em></span> <span class='ocrx_word' id='word_1_21' title='bbox 3643 354 3916 431; x_wconf 52' lang='lat' dir='ltr'>dinam},</span> 
     </span>
    </p>
   </div>
   <div class='ocr_carea' id='block_1_5' title="bbox 552 439 2189 524">
    <p class='ocr_par' dir='ltr' id='par_1_5' title="bbox 552 444 2189 524">
     <span class='ocr_line' id='line_1_5' title="bbox 552 444 2189 524; baseline -0.012 -11"><span class='ocrx_word' id='word_1_22' title='bbox 552 456 784 524; x_wconf 89' lang='lat' dir='ltr'>delicct,</span> <span class='ocrx_word' id='word_1_23' title='bbox 833 456 890 510; x_wconf 85' lang='lat' dir='ltr'>et</span> <span class='ocrx_word' id='word_1_24' title='bbox 943 449 1269 508; x_wconf 78' lang='lat' dir='ltr'>intueberis</span> <span class='ocrx_word' id='word_1_25' title='bbox 1332 447 1600 520; x_wconf 81' lang='lat' dir='ltr'>paciﬁcis</span> <span class='ocrx_word' id='word_1_26' title='bbox 1672 444 1883 510; x_wconf 89' lang='lat' dir='ltr'>oculis,</span> <span class='ocrx_word' id='word_1_27' title='bbox 1939 453 2189 512; x_wconf 69' lang='lat' dir='ltr'>eumque</span> 
     </span>
    </p>
   </div>
   <div class='ocr_carea' id='block_1_6' title="bbox 2304 439 3918 524">
    <p class='ocr_par' dir='ltr' id='par_1_6' title="bbox 2313 439 3918 515">
     <span class='ocr_line' id='line_1_6' title="bbox 2313 439 3918 515; baseline 0.007 -25"><span class='ocrx_word' id='word_1_28' title='bbox 2313 440 2477 501; x_wconf 72' lang='grc' dir='ltr'><em>οὕτως</em></span> <span class='ocrx_word' id='word_1_29' title='bbox 2505 439 2758 515; x_wconf 70' lang='grc' dir='ltr'>ἐγχειρεῖν</span> <span class='ocrx_word' id='word_1_30' title='bbox 2788 449 2892 504; x_wconf 85' lang='grc' dir='ltr'><em>τοῖς</em></span> <span class='ocrx_word' id='word_1_31' title='bbox 2939 439 3410 515; x_wconf 77' lang='grc' dir='ltr'><em>σπουδαζομένοις.</em></span> <span class='ocrx_word' id='word_1_32' title='bbox 3437 444 3531 497; x_wconf 71' lang='lat' dir='ltr'>‘Ov</span> <span class='ocrx_word' id='word_1_33' title='bbox 3561 453 3653 500; x_wconf 85' lang='grc' dir='ltr'><em>καὶ</em></span> <span class='ocrx_word' id='word_1_34' title='bbox 3686 445 3918 513; x_wconf 75' lang='grc' dir='ltr'><em>ῦποδέξη</em></span> 
     </span>
    </p>
   </div>
   <div class='ocr_carea' id='block_1_7' title="bbox 550 527 2202 620">
    <p class='ocr_par' dir='ltr' id='par_1_7' title="bbox 550 527 2202 620">
     <span class='ocr_line' id='line_1_7' title="bbox 550 527 2202 620; baseline -0.011 -18"><span class='ocrx_word' id='word_1_35' title='bbox 550 561 800 620; x_wconf 83' lang='lat' dir='ltr'>precum</span> <span class='ocrx_word' id='word_1_36' title='bbox 858 539 1130 598; x_wconf 89' lang='lat' dir='ltr'>subsidio</span> <span class='ocrx_word' id='word_1_37' title='bbox 1190 539 1514 599; x_wconf 81' lang='lat' dir='ltr'>firmatum,</span> <span class='ocrx_word' id='word_1_38' title='bbox 1571 552 1642 592; x_wconf 90' lang='lat' dir='ltr'>ac</span> <span class='ocrx_word' id='word_1_39' title='bbox 1694 535 2025 591; x_wconf 88' lang='lat' dir='ltr'>litterarum</span> <span class='ocrx_word' id='word_1_40' title='bbox 2083 527 2202 620; x_wconf 68' lang='lat' dir='ltr'>via-</span> 
     </span>
    </p>
   </div>
   <div class='ocr_carea' id='block_1_8' title="bbox 550 615 2201 697">
    <p class='ocr_par' dir='ltr' id='par_1_8' title="bbox 550 615 2201 697">
     <span class='ocr_line' id='line_1_8' title="bbox 550 615 2201 697; baseline -0.012 -7"><span class='ocrx_word' id='word_1_41' title='bbox 550 615 667 690; x_wconf 75' lang='lat' dir='ltr'>tico</span> <span class='ocrx_word' id='word_1_42' title='bbox 713 629 1035 697; x_wconf 87' lang='lat' dir='ltr'>munitum,</span> <span class='ocrx_word' id='word_1_43' title='bbox 1093 626 1215 682; x_wconf 88' lang='lat' dir='ltr'>imo</span> <span class='ocrx_word' id='word_1_44' title='bbox 1267 624 1448 680; x_wconf 85' lang='lat' dir='ltr'>etiam</span> <span class='ocrx_word' id='word_1_45' title='bbox 1486 623 1790 679; x_wconf 89' lang='lat' dir='ltr'>bonorum</span> <span class='ocrx_word' id='word_1_46' title='bbox 1815 620 1919 693; x_wconf 87' lang='lat' dir='ltr'>qui</span> <span class='ocrx_word' id='word_1_47' title='bbox 1951 615 2116 690; x_wconf 91' lang='lat' dir='ltr'>apud</span> <span class='ocrx_word' id='word_1_48' title='bbox 2150 620 2201 671; x_wconf 89' lang='lat' dir='ltr'>te</span> 
     </span>
    </p>
   </div>
   <div class='ocr_carea' id='block_1_9' title="bbox 552 705 2201 785">
    <p class='ocr_par' dir='ltr' id='par_1_9' title="bbox 552 705 2201 785">
     <span class='ocr_line' id='line_1_9' title="bbox 552 705 2201 785; baseline -0.01 -9"><span class='ocrx_word' id='word_1_49' title='bbox 552 725 692 778; x_wconf 90' lang='lat' dir='ltr'>sunt</span> <span class='ocrx_word' id='word_1_50' title='bbox 737 716 1040 776; x_wconf 85' lang='lat' dir='ltr'>nonnullis</span> <span class='ocrx_word' id='word_1_51' title='bbox 1092 714 1465 785; x_wconf 86' lang='lat' dir='ltr'>adjunctum,</span> <span class='ocrx_word' id='word_1_52' title='bbox 1529 711 1606 768; x_wconf 90' lang='lat' dir='ltr'>ad</span> <span class='ocrx_word' id='word_1_53' title='bbox 1664 709 1969 783; x_wconf 89' lang='lat' dir='ltr'>proposita</span> <span class='ocrx_word' id='word_1_54' title='bbox 2012 705 2201 761; x_wconf 86' lang='lat' dir='ltr'>dedu-</span> 
     </span>
    </p>
   </div>
   <div class='ocr_carea' id='block_1_10' title="bbox 553 797 2206 875">
    <p class='ocr_par' dir='ltr' id='par_1_10' title="bbox 553 797 2206 875">
     <span class='ocr_line' id='line_1_10' title="bbox 553 797 2206 875; baseline -0.01 -8"><span class='ocrx_word' id='word_1_55' title='bbox 553 826 676 868; x_wconf 92' lang='lat' dir='ltr'>ces.</span> <span class='ocrx_word' id='word_1_56' title='bbox 726 808 908 866; x_wconf 89' lang='lat' dir='ltr'>Nobis</span> <span class='ocrx_word' id='word_1_57' title='bbox 939 809 1136 861; x_wconf 91' lang='lat' dir='ltr'>autem</span> <span class='ocrx_word' id='word_1_58' title='bbox 1183 818 1380 875; x_wconf 72' lang='lat' dir='ltr'>operm</span> <span class='ocrx_word' id='word_1_59' title='bbox 1438 801 1697 874; x_wconf 88' lang='lat' dir='ltr'>pretium</span> <span class='ocrx_word' id='word_1_60' title='bbox 1724 815 1851 855; x_wconf 91' lang='lat' dir='ltr'>esse</span> <span class='ocrx_word' id='word_1_61' title='bbox 1891 797 2087 852; x_wconf 78' lang='lat' dir='ltr'>visum</span> <span class='ocrx_word' id='word_1_62' title='bbox 2117 798 2206 850; x_wconf 91' lang='lat' dir='ltr'>est</span> 
     </span>
    </p>
   </div>
   <div class='ocr_carea' id='block_1_11' title="bbox 551 883 2203 971">
    <p class='ocr_par' dir='ltr' id='par_1_11' title="bbox 551 883 2203 971">
     <span class='ocr_line' id='line_1_11' title="bbox 551 883 2203 971; baseline -0.01 -16"><span class='ocrx_word' id='word_1_63' title='bbox 551 900 629 956; x_wconf 91' lang='lat' dir='ltr'>ad</span> <span class='ocrx_word' id='word_1_64' title='bbox 659 897 1012 971; x_wconf 83' lang='lat' dir='ltr'>episcopum</span> <span class='ocrx_word' id='word_1_65' title='bbox 1040 896 1242 949; x_wconf 70' lang='lat' dir='ltr'>Romae</span> <span class='ocrx_word' id='word_1_66' title='bbox 1275 891 1552 959; x_wconf 82' lang='lat' dir='ltr'>scribere,</span> <span class='ocrx_word' id='word_1_67' title='bbox 1611 893 1678 945; x_wconf 89' lang='lat' dir='ltr'>ut</span> <span class='ocrx_word' id='word_1_68' title='bbox 1713 905 1809 944; x_wconf 90' lang='lat' dir='ltr'>res</span> <span class='ocrx_word' id='word_1_69' title='bbox 1845 889 2081 943; x_wconf 90' lang='lat' dir='ltr'>nostras</span> <span class='ocrx_word' id='word_1_70' title='bbox 2109 883 2203 939; x_wconf 92' lang='lat' dir='ltr'>in-</span> 
     </span>
    </p>
   </div>
   <div class='ocr_carea' id='block_1_12' title="bbox 549 972 2202 1057">
    <p class='ocr_par' dir='ltr' id='par_1_12' title="bbox 549 972 2202 1057">
     <span class='ocr_line' id='line_1_12' title="bbox 549 972 2202 1057; baseline -0.01 -12"><span class='ocrx_word' id='word_1_71' title='bbox 549 988 720 1057; x_wconf 83' lang='lat' dir='ltr'>visat,</span> <span class='ocrx_word' id='word_1_72' title='bbox 748 990 804 1042; x_wconf 89' lang='lat' dir='ltr'>et</span> <span class='ocrx_word' id='word_1_73' title='bbox 823 983 1143 1042; x_wconf 89' lang='lat' dir='ltr'>consilium</span> <span class='ocrx_word' id='word_1_74' title='bbox 1181 980 1347 1046; x_wconf 88' lang='lat' dir='ltr'>dare,</span> <span class='ocrx_word' id='word_1_75' title='bbox 1395 984 1461 1036; x_wconf 89' lang='lat' dir='ltr'>ut</span> <span class='ocrx_word' id='word_1_76' title='bbox 1515 995 1655 1035; x_wconf 86' lang='lat' dir='ltr'>cum</span> <span class='ocrx_word' id='word_1_77' title='bbox 1694 978 1852 1034; x_wconf 92' lang='lat' dir='ltr'>illinc</span> <span class='ocrx_word' id='word_1_78' title='bbox 1895 972 2202 1031; x_wconf 89' lang='lat' dir='ltr'>communi</span> 
     </span>
    </p>
   </div>
   <div class='ocr_carea' id='block_1_13' title="bbox 552 1062 2198 1147">
    <p class='ocr_par' dir='ltr' id='par_1_13' title="bbox 552 1062 2198 1147">
     <span class='ocr_line' id='line_1_13' title="bbox 552 1062 2198 1147; baseline -0.01 -14"><span class='ocrx_word' id='word_1_79' title='bbox 552 1093 621 1133; x_wconf 90' lang='lat' dir='ltr'>ac</span> <span class='ocrx_word' id='word_1_80' title='bbox 669 1073 962 1147; x_wconf 86' lang='lat' dir='ltr'>synodico</span> <span class='ocrx_word' id='word_1_81' title='bbox 1009 1071 1248 1126; x_wconf 88' lang='lat' dir='ltr'>decreto</span> <span class='ocrx_word' id='word_1_82' title='bbox 1311 1068 1546 1141; x_wconf 87' lang='lat' dir='ltr'>aliquos</span> <span class='ocrx_word' id='word_1_83' title='bbox 1613 1067 1762 1123; x_wconf 90' lang='lat' dir='ltr'>mitti</span> <span class='ocrx_word' id='word_1_84' title='bbox 1819 1064 2056 1120; x_wconf 90' lang='lat' dir='ltr'>difﬁcile</span> <span class='ocrx_word' id='word_1_85' title='bbox 2106 1062 2198 1128; x_wconf 86' lang='lat' dir='ltr'>sit,</span> 
     </span>
    </p>
   </div>
   <div class='ocr_carea' id='block_1_14' title="bbox 547 1152 2202 1238">
    <p class='ocr_par' dir='ltr' id='par_1_14' title="bbox 547 1152 2202 1238">
     <span class='ocr_line' id='line_1_14' title="bbox 547 1152 2202 1238; baseline -0.011 -15"><span class='ocrx_word' id='word_1_86' title='bbox 547 1165 676 1238; x_wconf 89' lang='lat' dir='ltr'>ipse</span> <span class='ocrx_word' id='word_1_87' title='bbox 705 1164 819 1220; x_wconf 91' lang='lat' dir='ltr'>hoc</span> <span class='ocrx_word' id='word_1_88' title='bbox 841 1161 1149 1231; x_wconf 77' lang='lat' dir='ltr'>negotium</span> <span class='ocrx_word' id='word_1_89' title='bbox 1181 1174 1290 1214; x_wconf 93' lang='lat' dir='ltr'>suo</span> <span class='ocrx_word' id='word_1_90' title='bbox 1334 1162 1523 1213; x_wconf 87' lang='lat' dir='ltr'>marte</span> <span class='ocrx_word' id='word_1_91' title='bbox 1549 1155 1952 1228; x_wconf 79' lang='lat' dir='ltr'>aggrediatur,</span> <span class='ocrx_word' id='word_1_92' title='bbox 1978 1152 2202 1222; x_wconf 86' lang='lat' dir='ltr'>eligens</span> 
     </span>
    </p>
   </div>
   <div class='ocr_carea' id='block_1_15' title="bbox 546 1241 2200 1319">
    <p class='ocr_par' dir='ltr' id='par_1_15' title="bbox 546 1241 2200 1319">
     <span class='ocr_line' id='line_1_15' title="bbox 546 1241 2200 1319; baseline -0.009 -9"><span class='ocrx_word' id='word_1_93' title='bbox 546 1253 825 1310; x_wconf 86' lang='lat' dir='ltr'>homines</span> <span class='ocrx_word' id='word_1_94' title='bbox 861 1250 1114 1306; x_wconf 90' lang='lat' dir='ltr'>idoneos</span> <span class='ocrx_word' id='word_1_95' title='bbox 1145 1247 1222 1303; x_wconf 91' lang='lat' dir='ltr'>ad</span> <span class='ocrx_word' id='word_1_96' title='bbox 1252 1245 1640 1319; x_wconf 87' lang='lat' dir='ltr'>perferendos</span> <span class='ocrx_word' id='word_1_97' title='bbox 1674 1244 1900 1300; x_wconf 82' lang='lat' dir='ltr'>itineris</span> <span class='ocrx_word' id='word_1_98' title='bbox 1924 1241 2200 1309; x_wconf 85' lang='lat' dir='ltr'>labores;</span> 
     </span>
    </p>
   </div>
   <div class='ocr_carea' id='block_1_16' title="bbox 547 1329 2204 1409">
    <p class='ocr_par' dir='ltr' id='par_1_16' title="bbox 547 1329 2204 1409">
     <span class='ocr_line' id='line_1_16' title="bbox 547 1329 2204 1409; baseline -0.008 -10"><span class='ocrx_word' id='word_1_99' title='bbox 547 1342 802 1398; x_wconf 92' lang='lat' dir='ltr'>idoneos</span> <span class='ocrx_word' id='word_1_100' title='bbox 843 1339 921 1396; x_wconf 92' lang='lat' dir='ltr'>ad</span> <span class='ocrx_word' id='word_1_101' title='bbox 947 1353 1068 1407; x_wconf 87' lang='lat' dir='ltr'>eos,</span> <span class='ocrx_word' id='word_1_102' title='bbox 1102 1336 1207 1409; x_wconf 91' lang='lat' dir='ltr'>qui</span> <span class='ocrx_word' id='word_1_103' title='bbox 1262 1334 1426 1408; x_wconf 87' lang='lat' dir='ltr'>apud</span> <span class='ocrx_word' id='word_1_104' title='bbox 1475 1350 1586 1390; x_wconf 90' lang='lat' dir='ltr'>nos</span> <span class='ocrx_word' id='word_1_105' title='bbox 1640 1332 1906 1406; x_wconf 88' lang='lat' dir='ltr'>perversi</span> <span class='ocrx_word' id='word_1_106' title='bbox 1937 1335 2091 1392; x_wconf 87' lang='lat' dir='ltr'>sunt,</span> <span class='ocrx_word' id='word_1_107' title='bbox 2126 1329 2204 1385; x_wconf 90' lang='lat' dir='ltr'>le-</span> 
     </span>
    </p>
   </div>
   <div class='ocr_carea' id='block_1_17' title="bbox 550 1421 2203 1493">
    <p class='ocr_par' dir='ltr' id='par_1_17' title="bbox 550 1421 2203 1493">
     <span class='ocr_line' id='line_1_17' title="bbox 550 1421 2203 1493; baseline -0.008 -6"><span class='ocrx_word' id='word_1_108' title='bbox 550 1431 734 1487; x_wconf 82' lang='lat' dir='ltr'>nitate</span> <span class='ocrx_word' id='word_1_109' title='bbox 765 1445 835 1484; x_wconf 92' lang='lat' dir='ltr'>ac</span> <span class='ocrx_word' id='word_1_110' title='bbox 861 1425 1049 1484; x_wconf 91' lang='lat' dir='ltr'>animi</span> <span class='ocrx_word' id='word_1_111' title='bbox 1089 1424 1429 1481; x_wconf 83' lang='lat' dir='ltr'>constantia</span> <span class='ocrx_word' id='word_1_112' title='bbox 1485 1421 1876 1492; x_wconf 87' lang='lat' dir='ltr'>corrigendos</span> <span class='ocrx_word' id='word_1_113' title='bbox 1910 1438 1922 1487; x_wconf 90' lang='lat'><strong>;</strong></span> <span class='ocrx_word' id='word_1_114' title='bbox 1981 1424 2116 1493; x_wconf 87' lang='lat' dir='ltr'>apte</span> <span class='ocrx_word' id='word_1_115' title='bbox 2148 1423 2203 1474; x_wconf 95' lang='lat' dir='ltr'>ct</span> 
     </span>
    </p>
   </div>
   <div class='ocr_carea' id='block_1_18' title="bbox 548 1509 2203 1591">
    <p class='ocr_par' dir='ltr' id='par_1_18' title="bbox 548 1509 2203 1591">
     <span class='ocr_line' id='line_1_18' title="bbox 548 1509 2203 1591; baseline -0.008 -15"><span class='ocrx_word' id='word_1_116' title='bbox 548 1521 942 1591; x_wconf 85' lang='lat' dir='ltr'>attemperate</span> <span class='ocrx_word' id='word_1_117' title='bbox 998 1518 1232 1570; x_wconf 88' lang='lat' dir='ltr'>utentes</span> <span class='ocrx_word' id='word_1_118' title='bbox 1289 1527 1586 1583; x_wconf 88' lang='lat' dir='ltr'>sermone,</span> <span class='ocrx_word' id='word_1_119' title='bbox 1626 1527 1952 1583; x_wconf 88' lang='lat' dir='ltr'>secumque</span> <span class='ocrx_word' id='word_1_120' title='bbox 1979 1509 2203 1566; x_wconf 86' lang='lat' dir='ltr'>baben-</span> 
     </span>
    </p>
   </div>
   <div class='ocr_carea' id='block_1_19' title="bbox 546 1600 2204 1682">
    <p class='ocr_par' dir='ltr' id='par_1_19' title="bbox 546 1600 2204 1682">
     <span class='ocr_line' id='line_1_19' title="bbox 546 1600 2204 1682; baseline -0.007 -18"><span class='ocrx_word' id='word_1_121' title='bbox 546 1614 634 1666; x_wconf 90' lang='lat' dir='ltr'>tes</span> <span class='ocrx_word' id='word_1_122' title='bbox 658 1619 1039 1682; x_wconf 72' lang='lat' dir='ltr'>quaecunque</span> <span class='ocrx_word' id='word_1_123' title='bbox 1070 1607 1208 1676; x_wconf 87' lang='lat' dir='ltr'>post</span> <span class='ocrx_word' id='word_1_124' title='bbox 1260 1601 1638 1657; x_wconf 84' lang='lat' dir='ltr'>Ariminense</span> <span class='ocrx_word' id='word_1_125' title='bbox 1686 1600 2006 1656; x_wconf 90' lang='lat' dir='ltr'>concilium</span> <span class='ocrx_word' id='word_1_126' title='bbox 2039 1602 2204 1668; x_wconf 85' lang='lat' dir='ltr'>gesta</span> 
     </span>
    </p>
   </div>
   <div class='ocr_carea' id='block_1_20' title="bbox 547 1688 2274 1766">
    <p class='ocr_par' dir='ltr' id='par_1_20' title="bbox 547 1688 2274 1766">
     <span class='ocr_line' id='line_1_20' title="bbox 547 1688 2274 1766; baseline -0.008 -12"><span class='ocrx_word' id='word_1_127' title='bbox 547 1701 706 1764; x_wconf 89' lang='lat' dir='ltr'>sunt,</span> <span class='ocrx_word' id='word_1_128' title='bbox 764 1695 843 1752; x_wconf 90' lang='lat' dir='ltr'>ad</span> <span class='ocrx_word' id='word_1_129' title='bbox 891 1709 1104 1750; x_wconf 90' lang='lat' dir='ltr'>eorum</span> <span class='ocrx_word' id='word_1_130' title='bbox 1159 1708 1296 1766; x_wconf 71' lang='lat' dir='ltr'>quae</span> <span class='ocrx_word' id='word_1_131' title='bbox 1344 1706 1446 1764; x_wconf 90' lang='lat' dir='ltr'>per</span> <span class='ocrx_word' id='word_1_132' title='bbox 1502 1690 1621 1746; x_wconf 88' lang='lat' dir='ltr'>vim</span> <span class='ocrx_word' id='word_1_133' title='bbox 1659 1689 1775 1745; x_wconf 90' lang='lat' dir='ltr'>illic</span> <span class='ocrx_word' id='word_1_134' title='bbox 1806 1693 1939 1745; x_wconf 88' lang='lat' dir='ltr'>acta</span> <span class='ocrx_word' id='word_1_135' title='bbox 1968 1688 2204 1743; x_wconf 77' lang='lat' dir='ltr'>fuerant</span> <span class='ocrx_word' id='word_1_136' title='bbox 2235 1704 2274 1758; x_wconf 77' lang='grc' dir='ltr'><strong>Β</strong></span> 
     </span>
    </p>
   </div>
   <div class='ocr_carea' id='block_1_21' title="bbox 545 1778 2204 1854">
    <p class='ocr_par' dir='ltr' id='par_1_21' title="bbox 545 1778 2204 1854">
     <span class='ocr_line' id='line_1_21' title="bbox 545 1778 2204 1854; baseline -0.007 -11"><span class='ocrx_word' id='word_1_137' title='bbox 545 1785 1043 1851; x_wconf 90' lang='lat' dir='ltr'>dissolutionem;</span> <span class='ocrx_word' id='word_1_138' title='bbox 1101 1781 1283 1854; x_wconf 88' lang='lat' dir='ltr'>iique,</span> <span class='ocrx_word' id='word_1_139' title='bbox 1340 1780 1582 1836; x_wconf 91' lang='lat' dir='ltr'>nemine</span> <span class='ocrx_word' id='word_1_140' title='bbox 1620 1779 1856 1848; x_wconf 87' lang='lat' dir='ltr'>sciente,</span> <span class='ocrx_word' id='word_1_141' title='bbox 1893 1778 2038 1834; x_wconf 91' lang='lat' dir='ltr'>citra</span> <span class='ocrx_word' id='word_1_142' title='bbox 2063 1781 2204 1832; x_wconf 89' lang='lat' dir='ltr'>stre-</span> 
     </span>
    </p>
   </div>
   <div class='ocr_carea' id='block_1_22' title="bbox 543 1865 2201 1950">
    <p class='ocr_par' dir='ltr' id='par_1_22' title="bbox 543 1865 2201 1950">
     <span class='ocr_line' id='line_1_22' title="bbox 543 1865 2201 1950; baseline -0.007 -18"><span class='ocrx_word' id='word_1_143' title='bbox 543 1877 736 1950; x_wconf 80' lang='lat' dir='ltr'>pitum</span> <span class='ocrx_word' id='word_1_144' title='bbox 757 1889 866 1948; x_wconf 88' lang='lat' dir='ltr'>per</span> <span class='ocrx_word' id='word_1_145' title='bbox 895 1887 1062 1929; x_wconf 89' lang='lat' dir='ltr'>mare</span> <span class='ocrx_word' id='word_1_146' title='bbox 1087 1871 1202 1927; x_wconf 92' lang='lat' dir='ltr'>huc</span> <span class='ocrx_word' id='word_1_147' title='bbox 1229 1868 1572 1937; x_wconf 82' lang='lat' dir='ltr'>adveniant,</span> <span class='ocrx_word' id='word_1_148' title='bbox 1624 1871 1688 1924; x_wconf 90' lang='lat' dir='ltr'>ut</span> <span class='ocrx_word' id='word_1_149' title='bbox 1714 1867 2062 1940; x_wconf 87' lang='lat' dir='ltr'>opinionem</span> <span class='ocrx_word' id='word_1_150' title='bbox 2088 1865 2201 1921; x_wconf 80' lang='lat' dir='ltr'>ini-</span> 
     </span>
    </p>
   </div>
   <div class='ocr_carea' id='block_1_23' title="bbox 543 1961 1451 2036">
    <p class='ocr_par' dir='ltr' id='par_1_23' title="bbox 543 1961 1451 2036">
     <span class='ocr_line' id='line_1_23' title="bbox 543 1961 1451 2036; baseline -0.011 -14"><span class='ocrx_word' id='word_1_151' title='bbox 543 1965 839 2023; x_wconf 83' lang='lat' dir='ltr'>micorum</span> <span class='ocrx_word' id='word_1_152' title='bbox 876 1961 1043 2036; x_wconf 87' lang='lat' dir='ltr'>pacis</span> <span class='ocrx_word' id='word_1_153' title='bbox 1067 1962 1451 2034; x_wconf 62' lang='lat' dir='ltr'>prae-vertant.</span> 
     </span>
    </p>
   </div>
   <div class='ocr_carea' id='block_1_24' title="bbox 616 2043 2201 2124">
    <p class='ocr_par' dir='ltr' id='par_1_24' title="bbox 616 2043 2201 2124">
     <span class='ocr_line' id='line_1_24' title="bbox 616 2043 2201 2124; baseline -0.007 -15"><span class='ocrx_word' id='word_1_154' title='bbox 616 2059 670 2110; x_wconf 87' lang='lat'>2.</span> <span class='ocrx_word' id='word_1_155' title='bbox 711 2050 1047 2124; x_wconf 83' lang='lat' dir='ltr'>Requiritur</span> <span class='ocrx_word' id='word_1_156' title='bbox 1098 2052 1300 2105; x_wconf 88' lang='lat' dir='ltr'>autem</span> <span class='ocrx_word' id='word_1_157' title='bbox 1353 2051 1411 2103; x_wconf 88' lang='lat' dir='ltr'>et</span> <span class='ocrx_word' id='word_1_158' title='bbox 1464 2045 1611 2102; x_wconf 90' lang='lat' dir='ltr'>illud</span> <span class='ocrx_word' id='word_1_159' title='bbox 1654 2061 1689 2100; x_wconf 91' lang='lat' dir='ltr'>a</span> <span class='ocrx_word' id='word_1_160' title='bbox 1737 2043 2042 2100; x_wconf 86' lang='lat' dir='ltr'>nonnullis</span> <span class='ocrx_word' id='word_1_161' title='bbox 2098 2043 2201 2117; x_wconf 89' lang='lat' dir='ltr'>qui</span> 
     </span>
    </p>
   </div>
   <div class='ocr_carea' id='block_1_25' title="bbox 543 2133 2200 2210">
    <p class='ocr_par' dir='ltr' id='par_1_25' title="bbox 543 2133 2200 2210">
     <span class='ocr_line' id='line_1_25' title="bbox 543 2133 2200 2210; baseline -0.007 -10"><span class='ocrx_word' id='word_1_162' title='bbox 543 2144 642 2201; x_wconf 91' lang='lat' dir='ltr'>hic</span> <span class='ocrx_word' id='word_1_163' title='bbox 698 2145 857 2207; x_wconf 88' lang='lat' dir='ltr'>sunt,</span> <span class='ocrx_word' id='word_1_164' title='bbox 908 2156 978 2196; x_wconf 89' lang='lat' dir='ltr'>ac</span> <span class='ocrx_word' id='word_1_165' title='bbox 1024 2137 1366 2195; x_wconf 90' lang='lat' dir='ltr'>necessario</span> <span class='ocrx_word' id='word_1_166' title='bbox 1391 2135 1661 2210; x_wconf 86' lang='lat' dir='ltr'>quidem,</span> <span class='ocrx_word' id='word_1_167' title='bbox 1713 2135 1985 2191; x_wconf 88' lang='lat' dir='ltr'>utetiam</span> <span class='ocrx_word' id='word_1_168' title='bbox 2023 2133 2200 2189; x_wconf 86' lang='lat' dir='ltr'>nobis</span> 
     </span>
    </p>
   </div>
   <div class='ocr_carea' id='block_1_26' title="bbox 544 2222 2200 2304">
    <p class='ocr_par' dir='ltr' id='par_1_26' title="bbox 544 2222 2200 2304">
     <span class='ocr_line' id='line_1_26' title="bbox 544 2222 2200 2304; baseline -0.007 -17"><span class='ocrx_word' id='word_1_169' title='bbox 544 2230 692 2304; x_wconf 89' lang='lat' dir='ltr'>ipsis</span> <span class='ocrx_word' id='word_1_170' title='bbox 719 2229 970 2295; x_wconf 79' lang='lat' dir='ltr'>videtur,</span> <span class='ocrx_word' id='word_1_171' title='bbox 1001 2231 1067 2282; x_wconf 88' lang='lat' dir='ltr'>ut</span> <span class='ocrx_word' id='word_1_172' title='bbox 1112 2226 1231 2299; x_wconf 90' lang='lat' dir='ltr'>ipsi</span> <span class='ocrx_word' id='word_1_173' title='bbox 1282 2224 1536 2282; x_wconf 85' lang='lat' dir='ltr'>Marcelli</span> <span class='ocrx_word' id='word_1_174' title='bbox 1561 2223 1839 2280; x_wconf 71' lang='lat' dir='ltr'>haeresim</span> <span class='ocrx_word' id='word_1_175' title='bbox 1872 2222 2033 2278; x_wconf 83' lang='lat' dir='ltr'>velut</span> <span class='ocrx_word' id='word_1_176' title='bbox 2060 2238 2200 2295; x_wconf 90' lang='lat' dir='ltr'>pcr-</span> 
     </span>
    </p>
   </div>
   <div class='ocr_carea' id='block_1_27' title="bbox 544 2311 2203 2388">
    <p class='ocr_par' dir='ltr' id='par_1_27' title="bbox 544 2311 2203 2388">
     <span class='ocr_line' id='line_1_27' title="bbox 544 2311 2203 2388; baseline -0.005 -14"><span class='ocrx_word' id='word_1_177' title='bbox 544 2318 862 2388; x_wconf 91' lang='lat' dir='ltr'>niciosam,</span> <span class='ocrx_word' id='word_1_178' title='bbox 901 2320 958 2372; x_wconf 88' lang='lat' dir='ltr'>et</span> <span class='ocrx_word' id='word_1_179' title='bbox 1006 2315 1276 2381; x_wconf 82' lang='lat' dir='ltr'>noxiam,</span> <span class='ocrx_word' id='word_1_180' title='bbox 1328 2318 1386 2370; x_wconf 92' lang='lat' dir='ltr'>et</span> <span class='ocrx_word' id='word_1_181' title='bbox 1434 2330 1470 2370; x_wconf 90' lang='lat' dir='ltr'>a</span> <span class='ocrx_word' id='word_1_182' title='bbox 1496 2329 1647 2369; x_wconf 92' lang='lat' dir='ltr'>sana</span> <span class='ocrx_word' id='word_1_183' title='bbox 1673 2312 1792 2367; x_wconf 83' lang='lat' dir='ltr'>fide</span> <span class='ocrx_word' id='word_1_184' title='bbox 1822 2311 2083 2367; x_wconf 88' lang='lat' dir='ltr'>alienam</span> <span class='ocrx_word' id='word_1_185' title='bbox 2106 2327 2203 2366; x_wconf 84' lang='lat' dir='ltr'>ex-</span> 
     </span>
    </p>
   </div>
   <div class='ocr_carea' id='block_1_28' title="bbox 546 2400 2202 2474">
    <p class='ocr_par' dir='ltr' id='par_1_28' title="bbox 546 2400 2202 2474">
     <span class='ocr_line' id='line_1_28' title="bbox 546 2400 2202 2474; baseline -0.005 -10"><span class='ocrx_word' id='word_1_186' title='bbox 546 2406 889 2468; x_wconf 84' lang='lat' dir='ltr'>terminent.</span> <span class='ocrx_word' id='word_1_187' title='bbox 928 2408 1076 2462; x_wconf 88' lang='lat' dir='ltr'>Nam</span> <span class='ocrx_word' id='word_1_188' title='bbox 1101 2404 1394 2460; x_wconf 87' lang='lat' dir='ltr'>hactenus</span> <span class='ocrx_word' id='word_1_189' title='bbox 1443 2403 1505 2459; x_wconf 89' lang='lat' dir='ltr'>in</span> <span class='ocrx_word' id='word_1_190' title='bbox 1558 2401 1844 2458; x_wconf 89' lang='lat' dir='ltr'>omnibus</span> <span class='ocrx_word' id='word_1_191' title='bbox 1875 2418 2028 2474; x_wconf 92' lang='lat' dir='ltr'>quas</span> <span class='ocrx_word' id='word_1_192' title='bbox 2061 2400 2202 2456; x_wconf 86' lang='lat' dir='ltr'>scri-</span> 
     </span>
    </p>
   </div>
   <div class='ocr_carea' id='block_1_29' title="bbox 546 2491 2198 2566">
    <p class='ocr_par' dir='ltr' id='par_1_29' title="bbox 546 2491 2198 2566">
     <span class='ocr_line' id='line_1_29' title="bbox 546 2491 2198 2566; baseline -0.005 -13"><span class='ocrx_word' id='word_1_193' title='bbox 546 2497 702 2554; x_wconf 87' lang='lat' dir='ltr'>bunt</span> <span class='ocrx_word' id='word_1_194' title='bbox 755 2495 984 2562; x_wconf 89' lang='lat' dir='ltr'>litteris,</span> <span class='ocrx_word' id='word_1_195' title='bbox 1043 2494 1247 2550; x_wconf 78' lang='lat' dir='ltr'>Arium</span> <span class='ocrx_word' id='word_1_196' title='bbox 1309 2493 1556 2566; x_wconf 89' lang='lat' dir='ltr'>quidem</span> <span class='ocrx_word' id='word_1_197' title='bbox 1635 2492 1875 2547; x_wconf 83' lang='lat' dir='ltr'>infausti</span> <span class='ocrx_word' id='word_1_198' title='bbox 1937 2491 2198 2547; x_wconf 90' lang='lat' dir='ltr'>nominis</span> 
     </span>
    </p>
   </div>
   <div class='ocr_carea' id='block_1_30' title="bbox 2315 525 3919 608">
    <p class='ocr_par' dir='ltr' id='par_1_30' title="bbox 2315 525 3919 608">
     <span class='ocr_line' id='line_1_30' title="bbox 2315 525 3919 608; baseline 0.007 -28"><span class='ocrx_word' id='word_1_199' title='bbox 2315 525 2575 602; x_wconf 77' lang='grc' dir='ltr'><em>δηλονότι,</em></span> <span class='ocrx_word' id='word_1_200' title='bbox 2619 536 2709 584; x_wconf 82' lang='grc' dir='ltr'><em>καὶ</em></span> <span class='ocrx_word' id='word_1_201' title='bbox 2745 531 3088 605; x_wconf 66' lang='grc' dir='ltr'><em>προσϐλέψας</em></span> <span class='ocrx_word' id='word_1_202' title='bbox 3141 532 3419 608; x_wconf 76' lang='grc' dir='ltr'>εἰρηνικοῖς</span> <span class='ocrx_word' id='word_1_203' title='bbox 3450 535 3762 608; x_wconf 69' lang='grc' dir='ltr'><em>ὀφθαλμοῖς,</em></span> <span class='ocrx_word' id='word_1_204' title='bbox 3799 558 3919 597; x_wconf 66' lang='grc' dir='ltr'><em>στη-</em></span> 
     </span>
    </p>
   </div>
   <div class='ocr_carea' id='block_1_31' title="bbox 2311 617 3913 699">
    <p class='ocr_par' dir='ltr' id='par_1_31' title="bbox 2311 617 3913 699">
     <span class='ocr_line' id='line_1_31' title="bbox 2311 617 3913 699; baseline 0.004 -28"><span class='ocrx_word' id='word_1_205' title='bbox 2311 617 2463 691; x_wconf 81' lang='grc' dir='ltr'><em>ρίξας</em></span> <span class='ocrx_word' id='word_1_206' title='bbox 2493 638 2546 672; x_wconf 89' lang='grc' dir='ltr'>τε</span> <span class='ocrx_word' id='word_1_207' title='bbox 2585 620 2738 672; x_wconf 66' lang='grc' dir='ltr'><em>αὐτόν</em></span> <span class='ocrx_word' id='word_1_208' title='bbox 2789 629 2848 693; x_wconf 73' lang='grc' dir='ltr'><em>τῇ</em></span> <span class='ocrx_word' id='word_1_209' title='bbox 2905 617 2997 673; x_wconf 76' lang='grc' dir='ltr'><em>δια</em></span> <span class='ocrx_word' id='word_1_210' title='bbox 3033 629 3132 672; x_wconf 83' lang='grc' dir='ltr'><em>τῶν</em></span> <span class='ocrx_word' id='word_1_211' title='bbox 3188 632 3499 696; x_wconf 76' lang='grc' dir='ltr'>προσευχῶν</span> <span class='ocrx_word' id='word_1_212' title='bbox 3551 624 3802 699; x_wconf 76' lang='grc' dir='ltr'>βοηθείᾳ,</span> <span class='ocrx_word' id='word_1_213' title='bbox 3834 634 3913 680; x_wconf 75' lang='grc' dir='ltr'><em>καὶ</em></span> 
     </span>
    </p>
   </div>
   <div class='ocr_carea' id='block_1_32' title="bbox 2313 704 3915 788">
    <p class='ocr_par' dir='ltr' id='par_1_32' title="bbox 2313 704 3915 788">
     <span class='ocr_line' id='line_1_32' title="bbox 2313 704 3915 788; baseline 0.007 -30"><span class='ocrx_word' id='word_1_214' title='bbox 2313 704 2601 779; x_wconf 72' lang='grc' dir='ltr'><em>ἐφοδιάσας</em></span> <span class='ocrx_word' id='word_1_215' title='bbox 2646 711 2946 785; x_wconf 88' lang='grc' dir='ltr'><em>γράμμασι,</em></span> <span class='ocrx_word' id='word_1_216' title='bbox 3002 709 3192 783; x_wconf 81' lang='grc' dir='ltr'><em>μᾶλλον</em></span> <span class='ocrx_word' id='word_1_217' title='bbox 3242 708 3301 764; x_wconf 70' lang='grc' dir='ltr'><em>δε</em></span> <span class='ocrx_word' id='word_1_218' title='bbox 3338 718 3428 765; x_wconf 87' lang='grc' dir='ltr'><em>καὶ</em></span> <span class='ocrx_word' id='word_1_219' title='bbox 3484 715 3817 788; x_wconf 68' lang='grc' dir='ltr'>παραζεύξας</span> <span class='ocrx_word' id='word_1_220' title='bbox 3848 737 3915 770; x_wconf 89' lang='grc' dir='ltr'><em>τι-</em></span> 
     </span>
    </p>
   </div>
   <div class='ocr_carea' id='block_1_33' title="bbox 2311 797 3913 878">
    <p class='ocr_par' dir='ltr' id='par_1_33' title="bbox 2311 797 3913 878">
     <span class='ocr_line' id='line_1_33' title="bbox 2311 797 3913 878; baseline 0.007 -31"><span class='ocrx_word' id='word_1_221' title='bbox 2311 797 2400 858; x_wconf 85' lang='grc' dir='ltr'>νάς</span> <span class='ocrx_word' id='word_1_222' title='bbox 2431 799 2540 869; x_wconf 82' lang='lat'>(67)</span> <span class='ocrx_word' id='word_1_223' title='bbox 2575 807 2671 852; x_wconf 84' lang='grc' dir='ltr'><em>τῶν</em></span> <span class='ocrx_word' id='word_1_224' title='bbox 2716 799 2929 852; x_wconf 66' lang='grc' dir='ltr'><em>αὐτόθεν</em></span> <span class='ocrx_word' id='word_1_225' title='bbox 2980 797 3306 871; x_wconf 73' lang='grc' dir='ltr'>σπουδαίων,</span> <span class='ocrx_word' id='word_1_226' title='bbox 3362 801 3448 854; x_wconf 82' lang='grc' dir='ltr'>ἐπὶ</span> <span class='ocrx_word' id='word_1_227' title='bbox 3495 805 3562 855; x_wconf 86' lang='grc' dir='ltr'>τά</span> <span class='ocrx_word' id='word_1_228' title='bbox 3607 811 3913 878; x_wconf 72' lang='grc' dir='ltr'>προκείμενα</span> 
     </span>
    </p>
   </div>
   <div class='ocr_carea' id='block_1_34' title="bbox 2311 883 3913 968">
    <p class='ocr_par' dir='ltr' id='par_1_34' title="bbox 2311 883 3913 968">
     <span class='ocr_line' id='line_1_34' title="bbox 2311 883 3913 968; baseline 0.006 -31"><span class='ocrx_word' id='word_1_229' title='bbox 2311 883 2622 958; x_wconf 75' lang='grc' dir='ltr'><em>ὁδηγήσεις,</em></span> <span class='ocrx_word' id='word_1_230' title='bbox 2673 888 2858 961; x_wconf 72' lang='grc' dir='ltr'><em>Ἐφάνη</em></span> <span class='ocrx_word' id='word_1_231' title='bbox 2912 887 2972 942; x_wconf 68' lang='grc' dir='ltr'>δὲ</span> <span class='ocrx_word' id='word_1_232' title='bbox 3010 891 3134 962; x_wconf 74' lang='grc' dir='ltr'><em>ἡμῖν</em></span> <span class='ocrx_word' id='word_1_233' title='bbox 3185 889 3466 944; x_wconf 86' lang='grc' dir='ltr'><em>ἀκόλουθον</em></span> <span class='ocrx_word' id='word_1_234' title='bbox 3518 891 3810 947; x_wconf 82' lang='grc' dir='ltr'><em>ἐπιστεῖλαι</em></span> <span class='ocrx_word' id='word_1_235' title='bbox 3849 905 3913 968; x_wconf 78' lang='grc' dir='ltr'><em>τῷ</em></span> 
     </span>
    </p>
   </div>
   <div class='ocr_carea' id='block_1_35' title="bbox 2312 973 3915 1050">
    <p class='ocr_par' dir='ltr' id='par_1_35' title="bbox 2312 973 3915 1050">
     <span class='ocr_line' id='line_1_35' title="bbox 2312 973 3915 1050; baseline 0.007 -23"><span class='ocrx_word' id='word_1_236' title='bbox 2312 973 2579 1049; x_wconf 74' lang='grc' dir='ltr'><em>ἕπισκόπῳ</em></span> <span class='ocrx_word' id='word_1_237' title='bbox 2605 977 2822 1050; x_wconf 74' lang='grc' dir='ltr'><em>Ῥώμης,</em></span> <span class='ocrx_word' id='word_1_238' title='bbox 2852 977 3243 1050; x_wconf 65' lang='grc' dir='ltr'>ἐπισκέψασθαι</span> <span class='ocrx_word' id='word_1_239' title='bbox 3283 983 3350 1033; x_wconf 84' lang='grc' dir='ltr'><em>τὰ</em></span> <span class='ocrx_word' id='word_1_240' title='bbox 3397 982 3639 1050; x_wconf 84' lang='grc' dir='ltr'><em>ἐνταῦθα,</em></span> <span class='ocrx_word' id='word_1_241' title='bbox 3670 990 3763 1037; x_wconf 84' lang='grc' dir='ltr'><em>καὶ</em></span> <span class='ocrx_word' id='word_1_242' title='bbox 3795 982 3915 1038; x_wconf 76' lang='grc' dir='ltr'><em>δοῦ-</em></span> 
     </span>
    </p>
   </div>
   <div class='ocr_carea' id='block_1_36' title="bbox 2310 1063 3914 1146">
    <p class='ocr_par' dir='ltr' id='par_1_36' title="bbox 2310 1063 3914 1146">
     <span class='ocr_line' id='line_1_36' title="bbox 2310 1063 3914 1146; baseline 0.007 -31"><span class='ocrx_word' id='word_1_243' title='bbox 2310 1084 2394 1116; x_wconf 89' lang='grc' dir='ltr'>ναι</span> <span class='ocrx_word' id='word_1_244' title='bbox 2421 1071 2651 1138; x_wconf 83' lang='grc' dir='ltr'><em>γνώμην,</em></span> <span class='ocrx_word' id='word_1_245' title='bbox 2687 1065 2748 1118; x_wconf 78' lang='grc' dir='ltr'>ἶν’</span> <span class='ocrx_word' id='word_1_246' title='bbox 2776 1063 2954 1126; x_wconf 67' lang='grc' dir='ltr'><em>ἐπειδὴ</em></span> <span class='ocrx_word' id='word_1_247' title='bbox 3004 1066 3103 1120; x_wconf 84' lang='grc' dir='ltr'>ἀπό</span> <span class='ocrx_word' id='word_1_248' title='bbox 3134 1077 3309 1121; x_wconf 78' lang='grc' dir='ltr'><em>κοινοῦ</em></span> <span class='ocrx_word' id='word_1_249' title='bbox 3336 1074 3426 1121; x_wconf 84' lang='grc' dir='ltr'><em>καὶ</em></span> <span class='ocrx_word' id='word_1_250' title='bbox 3473 1068 3760 1126; x_wconf 81' lang='grc' dir='ltr'><em>συνοδικοῦ</em></span> <span class='ocrx_word' id='word_1_251' title='bbox 3794 1071 3914 1146; x_wconf 76' lang='grc' dir='ltr'><em>δόγ-</em></span> 
     </span>
    </p>
   </div>
   <div class='ocr_carea' id='block_1_37' title="bbox 2310 1153 3918 1233">
    <p class='ocr_par' dir='ltr' id='par_1_37' title="bbox 2310 1153 3918 1233">
     <span class='ocr_line' id='line_1_37' title="bbox 2310 1153 3918 1233; baseline 0.006 -28"><span class='ocrx_word' id='word_1_252' title='bbox 2310 1173 2472 1226; x_wconf 82' lang='grc' dir='ltr'><em>ματος</em></span> <span class='ocrx_word' id='word_1_253' title='bbox 2500 1153 2858 1215; x_wconf 74' lang='grc' dir='ltr'>ἀποσταλῆναι</span> <span class='ocrx_word' id='word_1_254' title='bbox 2906 1177 3045 1218; x_wconf 87' lang='grc' dir='ltr'><em>τινας</em></span> <span class='ocrx_word' id='word_1_255' title='bbox 3086 1155 3341 1211; x_wconf 72' lang='grc' dir='ltr'><em>δύσκολον</em></span> <span class='ocrx_word' id='word_1_256' title='bbox 3388 1168 3485 1212; x_wconf 82' lang='grc' dir='ltr'><em>τῶν</em></span> <span class='ocrx_word' id='word_1_257' title='bbox 3520 1161 3729 1233; x_wconf 81' lang='grc' dir='ltr'><em>ἐκεῖθεν,</em></span> <span class='ocrx_word' id='word_1_258' title='bbox 3765 1163 3918 1218; x_wconf 66' lang='grc' dir='ltr'><em>αὐτόν</em></span> 
     </span>
    </p>
   </div>
   <div class='ocr_carea' id='block_1_38' title="bbox 2312 1242 3918 1324">
    <p class='ocr_par' dir='ltr' id='par_1_38' title="bbox 2312 1242 3918 1324">
     <span class='ocr_line' id='line_1_38' title="bbox 2312 1242 3918 1324; baseline 0.007 -31"><span class='ocrx_word' id='word_1_259' title='bbox 2312 1242 2627 1301; x_wconf 71' lang='grc' dir='ltr'><em>αὖθεντῆσαι</em></span> <span class='ocrx_word' id='word_1_260' title='bbox 2663 1248 2781 1316; x_wconf 84' lang='grc' dir='ltr'><em>περὶ</em></span> <span class='ocrx_word' id='word_1_261' title='bbox 2838 1248 2896 1297; x_wconf 88' lang='grc' dir='ltr'>τό</span> <span class='ocrx_word' id='word_1_262' title='bbox 2945 1251 3180 1320; x_wconf 78' lang='grc' dir='ltr'><em>πρᾶγμα,</em></span> <span class='ocrx_word' id='word_1_263' title='bbox 3217 1247 3542 1320; x_wconf 82' lang='grc' dir='ltr'><em>ἐκλεξάμενον</em></span> <span class='ocrx_word' id='word_1_264' title='bbox 3574 1248 3772 1324; x_wconf 74' lang='grc' dir='ltr'><em>ἄνδρας</em></span> <span class='ocrx_word' id='word_1_265' title='bbox 3804 1255 3918 1305; x_wconf 79' lang='grc' dir='ltr'><em>ἰκα-</em></span> 
     </span>
    </p>
   </div>
   <div class='ocr_carea' id='block_1_39' title="bbox 2310 1328 3919 1409">
    <p class='ocr_par' dir='ltr' id='par_1_39' title="bbox 2310 1328 3919 1409">
     <span class='ocr_line' id='line_1_39' title="bbox 2310 1328 3919 1409; baseline 0.008 -27"><span class='ocrx_word' id='word_1_266' title='bbox 2310 1334 2426 1394; x_wconf 74' lang='grc' dir='ltr'><em>νοῦς</em></span> <span class='ocrx_word' id='word_1_267' title='bbox 2453 1335 2544 1404; x_wconf 77' lang='grc' dir='ltr'>μεν</span> <span class='ocrx_word' id='word_1_268' title='bbox 2571 1328 2879 1409; x_wconf 71' lang='grc' dir='ltr'><em>ὁδοιπορίας</em></span> <span class='ocrx_word' id='word_1_269' title='bbox 2909 1339 3092 1396; x_wconf 77' lang='grc' dir='ltr'><em>πόνους</em></span> <span class='ocrx_word' id='word_1_270' title='bbox 3131 1338 3424 1408; x_wconf 68' lang='grc' dir='ltr'><em>ὑπενεγκεῖν</em></span> <span class='ocrx_word' id='word_1_271' title='bbox 3456 1337 3590 1408; x_wconf 64' lang='grc'>(68),</span> <span class='ocrx_word' id='word_1_272' title='bbox 3622 1342 3831 1402; x_wconf 79' lang='grc' dir='ltr'><em>ἱκανοὺς</em></span> <span class='ocrx_word' id='word_1_273' title='bbox 3861 1339 3919 1395; x_wconf 72' lang='grc' dir='ltr'>δὲ</span> 
     </span>
    </p>
   </div>
   <div class='ocr_carea' id='block_1_40' title="bbox 2312 1423 3917 1502">
    <p class='ocr_par' dir='ltr' id='par_1_40' title="bbox 2312 1423 3917 1502">
     <span class='ocr_line' id='line_1_40' title="bbox 2312 1423 3917 1502; baseline 0.007 -30"><span class='ocrx_word' id='word_1_274' title='bbox 2312 1425 2570 1494; x_wconf 76' lang='grc' dir='ltr'><em>πραότητι</em></span> <span class='ocrx_word' id='word_1_275' title='bbox 2604 1428 2695 1475; x_wconf 80' lang='grc' dir='ltr'><em>καὶ</em></span> <span class='ocrx_word' id='word_1_276' title='bbox 2735 1423 2937 1497; x_wconf 69' lang='grc' dir='ltr'><em>εὐτονία</em></span> <span class='ocrx_word' id='word_1_277' title='bbox 2987 1427 3146 1488; x_wconf 74' lang='grc' dir='ltr'><em>ἤθους</em></span> <span class='ocrx_word' id='word_1_278' title='bbox 3194 1430 3313 1489; x_wconf 76' lang='grc' dir='ltr'><em>τοὺς</em></span> <span class='ocrx_word' id='word_1_279' title='bbox 3379 1423 3792 1502; x_wconf 69' lang='grc' dir='ltr'><em>ἐνδιαστρόφους</em></span> <span class='ocrx_word' id='word_1_280' title='bbox 3821 1441 3917 1483; x_wconf 82' lang='grc' dir='ltr'>τῶν</span> 
     </span>
    </p>
   </div>
   <div class='ocr_carea' id='block_1_41' title="bbox 2312 1511 3917 1593">
    <p class='ocr_par' dir='ltr' id='par_1_41' title="bbox 2312 1511 3917 1593">
     <span class='ocr_line' id='line_1_41' title="bbox 2312 1511 3917 1593; baseline 0.006 -29"><span class='ocrx_word' id='word_1_281' title='bbox 2312 1512 2432 1584; x_wconf 87' lang='grc' dir='ltr'><em>παρ’</em></span> <span class='ocrx_word' id='word_1_282' title='bbox 2458 1513 2583 1584; x_wconf 73' lang='grc' dir='ltr'><em>ἡμῖν</em></span> <span class='ocrx_word' id='word_1_283' title='bbox 2611 1514 2925 1572; x_wconf 72' lang='grc' dir='ltr'><em>νουθετῆσαι</em></span> <span class='ocrx_word' id='word_1_284' title='bbox 2949 1530 2961 1543; x_wconf 83' lang='grc'><em>’</em></span> <span class='ocrx_word' id='word_1_285' title='bbox 2995 1511 3307 1576; x_wconf 74' lang='grc' dir='ltr'>ἐπιτηδείως</span> <span class='ocrx_word' id='word_1_286' title='bbox 3352 1512 3411 1569; x_wconf 74' lang='grc' dir='ltr'>δὲ</span> <span class='ocrx_word' id='word_1_287' title='bbox 3449 1523 3538 1570; x_wconf 85' lang='grc' dir='ltr'><em>καὶ</em></span> <span class='ocrx_word' id='word_1_288' title='bbox 3576 1519 3917 1593; x_wconf 77' lang='grc' dir='ltr'><em>οἰκονομικῶς</em></span> 
     </span>
    </p>
   </div>
   <div class='ocr_carea' id='block_1_42' title="bbox 2311 1601 3917 1680">
    <p class='ocr_par' dir='ltr' id='par_1_42' title="bbox 2311 1601 3917 1680">
     <span class='ocr_line' id='line_1_42' title="bbox 2311 1601 3917 1680; baseline 0.002 -28"><span class='ocrx_word' id='word_1_289' title='bbox 2311 1605 2667 1673; x_wconf 73' lang='grc' dir='ltr'><em>κεχρημένους</em></span> <span class='ocrx_word' id='word_1_290' title='bbox 2695 1610 2766 1672; x_wconf 78' lang='grc' dir='ltr'><em>τῷ</em></span> <span class='ocrx_word' id='word_1_291' title='bbox 2805 1601 2964 1674; x_wconf 80' lang='grc' dir='ltr'><em>λόγῳ,</em></span> <span class='ocrx_word' id='word_1_292' title='bbox 3005 1608 3096 1656; x_wconf 91' lang='grc' dir='ltr'><em>καὶ</em></span> <span class='ocrx_word' id='word_1_293' title='bbox 3126 1606 3295 1657; x_wconf 88' lang='grc' dir='ltr'><em>πάντα</em></span> <span class='ocrx_word' id='word_1_294' title='bbox 3332 1608 3549 1678; x_wconf 80' lang='grc' dir='ltr'><em>ἔχοντας</em></span> <span class='ocrx_word' id='word_1_295' title='bbox 3577 1609 3690 1680; x_wconf 85' lang='grc' dir='ltr'><em>μεθ’</em></span> <span class='ocrx_word' id='word_1_296' title='bbox 3725 1609 3917 1661; x_wconf 72' lang='grc' dir='ltr'><em>ἑαυτῶν</em></span> 
     </span>
    </p>
   </div>
   <div class='ocr_carea' id='block_1_43' title="bbox 2314 1690 3920 1769">
    <p class='ocr_par' dir='ltr' id='par_1_43' title="bbox 2314 1690 3920 1769">
     <span class='ocr_line' id='line_1_43' title="bbox 2314 1690 3920 1769; baseline 0.006 -27"><span class='ocrx_word' id='word_1_297' title='bbox 2314 1693 2378 1742; x_wconf 86' lang='grc' dir='ltr'>τά</span> <span class='ocrx_word' id='word_1_298' title='bbox 2403 1693 2532 1763; x_wconf 84' lang='grc' dir='ltr'>μετά</span> <span class='ocrx_word' id='word_1_299' title='bbox 2559 1690 2821 1766; x_wconf 84' lang='grc' dir='ltr'><em>Ἀριμῖνον</em></span> <span class='ocrx_word' id='word_1_300' title='bbox 2851 1697 2958 1760; x_wconf 81' lang='grc'>(69)</span> <span class='ocrx_word' id='word_1_301' title='bbox 2986 1699 3345 1769; x_wconf 83' lang='grc' dir='ltr'><em>πεπραγμένα,</em></span> <span class='ocrx_word' id='word_1_302' title='bbox 3391 1694 3472 1748; x_wconf 88' lang='grc' dir='ltr'><em>ἐπὶ</em></span> <span class='ocrx_word' id='word_1_303' title='bbox 3501 1696 3648 1750; x_wconf 74' lang='grc' dir='ltr'><em>λύσει</em></span> <span class='ocrx_word' id='word_1_304' title='bbox 3677 1708 3778 1750; x_wconf 80' lang='grc' dir='ltr'><em>τῶν</em></span> <span class='ocrx_word' id='word_1_305' title='bbox 3809 1701 3920 1752; x_wconf 51' lang='grc' dir='ltr'>καί</span> 
     </span>
    </p>
   </div>
   <div class='ocr_carea' id='block_1_44' title="bbox 2315 1779 3916 1859">
    <p class='ocr_par' dir='ltr' id='par_1_44' title="bbox 2315 1779 3916 1859">
     <span class='ocr_line' id='line_1_44' title="bbox 2315 1779 3916 1859; baseline 0.007 -29"><span class='ocrx_word' id='word_1_306' title='bbox 2315 1779 2544 1852; x_wconf 85' lang='grc' dir='ltr'><em>ἀνάγκην</em></span> <span class='ocrx_word' id='word_1_307' title='bbox 2575 1779 2678 1833; x_wconf 85' lang='grc' dir='ltr'><em>ἐκεῖ</em></span> <span class='ocrx_word' id='word_1_308' title='bbox 2723 1787 3040 1854; x_wconf 78' lang='grc' dir='ltr'><em>γενομένων·</em></span> <span class='ocrx_word' id='word_1_309' title='bbox 3088 1787 3175 1835; x_wconf 85' lang='grc' dir='ltr'><em>καὶ</em></span> <span class='ocrx_word' id='word_1_310' title='bbox 3228 1792 3380 1837; x_wconf 89' lang='grc' dir='ltr'><em>τοῦτο</em></span> <span class='ocrx_word' id='word_1_311' title='bbox 3415 1783 3640 1857; x_wconf 67' lang='grc' dir='ltr'><em>μηδενός</em></span> <span class='ocrx_word' id='word_1_312' title='bbox 3693 1785 3916 1859; x_wconf 70' lang='grc' dir='ltr'><em>εἰδότος,</em></span> 
     </span>
    </p>
   </div>
   <div class='ocr_carea' id='block_1_45' title="bbox 2313 1866 3918 1951">
    <p class='ocr_par' dir='ltr' id='par_1_45' title="bbox 2313 1866 3918 1951">
     <span class='ocr_line' id='line_1_45' title="bbox 2313 1866 3918 1951; baseline 0.007 -31"><span class='ocrx_word' id='word_1_313' title='bbox 2313 1868 2542 1942; x_wconf 61' lang='grc' dir='ltr'><em>ἀψοφητὶ</em></span> <span class='ocrx_word' id='word_1_314' title='bbox 2577 1866 2671 1922; x_wconf 77' lang='grc' dir='ltr'>διὰ</span> <span class='ocrx_word' id='word_1_315' title='bbox 2717 1870 2982 1933; x_wconf 88' lang='grc' dir='ltr'><em>θαλάσσης</em></span> <span class='ocrx_word' id='word_1_316' title='bbox 3027 1871 3304 1932; x_wconf 78' lang='grc' dir='ltr'><em>ἐπιστῆναι</em></span> <span class='ocrx_word' id='word_1_317' title='bbox 3349 1883 3457 1936; x_wconf 83' lang='grc' dir='ltr'><em>τοῖς</em></span> <span class='ocrx_word' id='word_1_318' title='bbox 3500 1872 3623 1944; x_wconf 71' lang='grc' dir='ltr'><em>ὦδε,</em></span> <span class='ocrx_word' id='word_1_319' title='bbox 3654 1877 3785 1951; x_wconf 67' lang='grc' dir='ltr'><em>ὑπὲρ</em></span> <span class='ocrx_word' id='word_1_320' title='bbox 3827 1886 3918 1931; x_wconf 78' lang='grc' dir='ltr'>τοῦ</span> 
     </span>
    </p>
   </div>
   <div class='ocr_carea' id='block_1_46' title="bbox 2313 1960 3633 2040">
    <p class='ocr_par' dir='ltr' id='par_1_46' title="bbox 2313 1960 3633 2040">
     <span class='ocr_line' id='line_1_46' title="bbox 2313 1960 3633 2040; baseline 0.005 -29"><span class='ocrx_word' id='word_1_321' title='bbox 2313 1960 2510 2031; x_wconf 72' lang='grc' dir='ltr'><em>φθάσαι</em></span> <span class='ocrx_word' id='word_1_322' title='bbox 2535 1964 2627 2017; x_wconf 78' lang='grc' dir='ltr'>τῆν</span> <span class='ocrx_word' id='word_1_323' title='bbox 2661 1962 2909 2019; x_wconf 81' lang='grc' dir='ltr'><em>αἴσθησιν</em></span> <span class='ocrx_word' id='word_1_324' title='bbox 2937 1970 3036 2013; x_wconf 82' lang='grc' dir='ltr'>τῶν</span> <span class='ocrx_word' id='word_1_325' title='bbox 3063 1960 3266 2037; x_wconf 76' lang='grc' dir='ltr'><em>ἐχθρῶν</em></span> <span class='ocrx_word' id='word_1_326' title='bbox 3288 1971 3380 2026; x_wconf 84' lang='grc' dir='ltr'>τῆς</span> <span class='ocrx_word' id='word_1_327' title='bbox 3405 1965 3633 2040; x_wconf 74' lang='grc' dir='ltr'><em>εἰρήνης.</em></span> 
     </span>
    </p>
   </div>
   <div class='ocr_carea' id='block_1_47' title="bbox 2381 2137 3917 2216">
    <p class='ocr_par' dir='ltr' id='par_1_47' title="bbox 2381 2137 3917 2216">
     <span class='ocr_line' id='line_1_47' title="bbox 2381 2137 3917 2216; baseline 0.007 -28"><span class='ocrx_word' id='word_1_328' title='bbox 2381 2140 2432 2192; x_wconf 84' lang='lat'>2.</span> <span class='ocrx_word' id='word_1_329' title='bbox 2477 2137 2834 2199; x_wconf 77' lang='grc' dir='ltr'><em>Ἐπιζητείται</em></span> <span class='ocrx_word' id='word_1_330' title='bbox 2865 2137 2924 2192; x_wconf 66' lang='grc' dir='ltr'>δὲ</span> <span class='ocrx_word' id='word_1_331' title='bbox 2953 2138 3156 2194; x_wconf 81' lang='grc' dir='ltr'><em>κάκεῖνο</em></span> <span class='ocrx_word' id='word_1_332' title='bbox 3186 2144 3328 2216; x_wconf 86' lang='grc' dir='ltr'><em>παρά</em></span> <span class='ocrx_word' id='word_1_333' title='bbox 3357 2163 3504 2195; x_wconf 88' lang='grc' dir='ltr'><em>τινων</em></span> <span class='ocrx_word' id='word_1_334' title='bbox 3533 2153 3632 2195; x_wconf 88' lang='grc' dir='ltr'><em>τῶν</em></span> <span class='ocrx_word' id='word_1_335' title='bbox 3664 2144 3917 2216; x_wconf 84' lang='grc' dir='ltr'><em>ἐντεῦθεν,</em></span> 
     </span>
    </p>
   </div>
   <div class='ocr_carea' id='block_1_48' title="bbox 2313 2224 3919 2305">
    <p class='ocr_par' dir='ltr' id='par_1_48' title="bbox 2313 2224 3919 2305">
     <span class='ocr_line' id='line_1_48' title="bbox 2313 2224 3919 2305; baseline 0.006 -28"><span class='ocrx_word' id='word_1_336' title='bbox 2313 2224 2626 2295; x_wconf 70' lang='grc' dir='ltr'>ἀναγκαίως,</span> <span class='ocrx_word' id='word_1_337' title='bbox 2669 2231 2735 2290; x_wconf 84' lang='grc' dir='ltr'><em>ὡς</em></span> <span class='ocrx_word' id='word_1_338' title='bbox 2768 2234 2856 2281; x_wconf 86' lang='grc' dir='ltr'><em>καὶ</em></span> <span class='ocrx_word' id='word_1_339' title='bbox 2889 2228 3066 2291; x_wconf 66' lang='grc' dir='ltr'><em>αὐτοῖς</em></span> <span class='ocrx_word' id='word_1_340' title='bbox 3115 2233 3239 2302; x_wconf 80' lang='grc' dir='ltr'><em>ἡμῖν</em></span> <span class='ocrx_word' id='word_1_341' title='bbox 3269 2238 3662 2305; x_wconf 61' lang='grc' dir='ltr'><em>καταφαίνεται,</em></span> <span class='ocrx_word' id='word_1_342' title='bbox 3697 2238 3783 2286; x_wconf 89' lang='grc' dir='ltr'>τόν</span> <span class='ocrx_word' id='word_1_343' title='bbox 3824 2241 3919 2294; x_wconf 72' lang='grc' dir='ltr'>την</span> 
     </span>
    </p>
   </div>
   <div class='ocr_carea' id='block_1_49' title="bbox 2311 2317 3918 2398">
    <p class='ocr_par' dir='ltr' id='par_1_49' title="bbox 2311 2317 3918 2398">
     <span class='ocr_line' id='line_1_49' title="bbox 2311 2317 3918 2398; baseline 0.006 -30"><span class='ocrx_word' id='word_1_344' title='bbox 2311 2317 2610 2390; x_wconf 57' lang='grc' dir='ltr'><em>ἈΙαρκῇλου</em></span> <span class='ocrx_word' id='word_1_345' title='bbox 2661 2321 2860 2393; x_wconf 81' lang='grc' dir='ltr'><em>αἵρεσιν</em></span> <span class='ocrx_word' id='word_1_346' title='bbox 2913 2319 3102 2382; x_wconf 64' lang='grc' dir='ltr'><em>αὐτοὺς</em></span> <span class='ocrx_word' id='word_1_347' title='bbox 3133 2324 3196 2382; x_wconf 80' lang='grc' dir='ltr'><em>ὡς</em></span> <span class='ocrx_word' id='word_1_348' title='bbox 3253 2322 3489 2393; x_wconf 69' lang='grc' dir='ltr'><em>χαλεπὴν</em></span> <span class='ocrx_word' id='word_1_349' title='bbox 3516 2329 3602 2375; x_wconf 78' lang='grc' dir='ltr'><em>καὶ</em></span> <span class='ocrx_word' id='word_1_350' title='bbox 3629 2322 3918 2398; x_wconf 67' lang='grc' dir='ltr'><em>βλαϐερὰν,</em></span> 
     </span>
    </p>
   </div>
   <div class='ocr_carea' id='block_1_50' title="bbox 2311 2408 3918 2484">
    <p class='ocr_par' dir='ltr' id='par_1_50' title="bbox 2311 2408 3918 2484">
     <span class='ocr_line' id='line_1_50' title="bbox 2311 2408 3918 2484; baseline 0.006 -28"><span class='ocrx_word' id='word_1_351' title='bbox 2311 2410 2395 2457; x_wconf 84' lang='grc' dir='ltr'><em>καὶ</em></span> <span class='ocrx_word' id='word_1_352' title='bbox 2421 2415 2514 2468; x_wconf 90' lang='grc' dir='ltr'>τῆς</span> <span class='ocrx_word' id='word_1_353' title='bbox 2545 2408 2883 2479; x_wconf 70' lang='grc' dir='ltr'><em>ὑγιαινούσης</em></span> <span class='ocrx_word' id='word_1_354' title='bbox 2923 2414 3149 2472; x_wconf 79' lang='grc' dir='ltr'><em>πίστεως</em></span> <span class='ocrx_word' id='word_1_355' title='bbox 3197 2408 3473 2484; x_wconf 79' lang='grc' dir='ltr'><em>ἀλλοτρίως</em></span> <span class='ocrx_word' id='word_1_356' title='bbox 3522 2415 3780 2484; x_wconf 77' lang='grc' dir='ltr'><em>ἔχουσαν,</em></span> <span class='ocrx_word' id='word_1_357' title='bbox 3811 2414 3918 2478; x_wconf 71' lang='grc' dir='ltr'><em>ἐξοο</em></span> 
     </span>
    </p>
   </div>
   <div class='ocr_carea' id='block_1_51' title="bbox 2309 2497 3922 2572">
    <p class='ocr_par' dir='ltr' id='par_1_51' title="bbox 2309 2497 3922 2572">
     <span class='ocr_line' id='line_1_51' title="bbox 2309 2497 3922 2572; baseline 0.006 -26"><span class='ocrx_word' id='word_1_358' title='bbox 2309 2500 2459 2567; x_wconf 89' lang='grc' dir='ltr'><em>ρίσαι</em></span> <span class='ocrx_word' id='word_1_359' title='bbox 2491 2497 2622 2566; x_wconf 77' lang='grc'>(70).</span> <span class='ocrx_word' id='word_1_360' title='bbox 2658 2497 2797 2550; x_wconf 79' lang='grc' dir='ltr'><em>Ἐπεὶ</em></span> <span class='ocrx_word' id='word_1_361' title='bbox 2855 2502 3020 2572; x_wconf 84' lang='grc' dir='ltr'><em>μέχρι</em></span> <span class='ocrx_word' id='word_1_362' title='bbox 3068 2506 3157 2550; x_wconf 88' lang='grc' dir='ltr'>τοῦ</span> <span class='ocrx_word' id='word_1_363' title='bbox 3205 2507 3293 2551; x_wconf 91' lang='grc' dir='ltr'>νῦν</span> <span class='ocrx_word' id='word_1_364' title='bbox 3347 2499 3395 2551; x_wconf 82' lang='grc' dir='ltr'>ἐν</span> <span class='ocrx_word' id='word_1_365' title='bbox 3442 2508 3604 2553; x_wconf 72' lang='grc' dir='ltr'><em>πᾶσιν</em></span> <span class='ocrx_word' id='word_1_366' title='bbox 3657 2499 3731 2562; x_wconf 83' lang='grc' dir='ltr'><em>οἷς</em></span> <span class='ocrx_word' id='word_1_367' title='bbox 3772 2502 3922 2556; x_wconf 69' lang='grc' dir='ltr'><em>ἐπισο</em></span> 
     </span>
    </p>
   </div>
   <div class='ocr_carea' id='block_1_52' title="bbox 547 2579 2197 2658">
    <p class='ocr_par' dir='ltr' id='par_1_52' title="bbox 547 2579 2197 2658">
     <span class='ocr_line' id='line_1_52' title="bbox 547 2579 2197 2658; baseline -0.006 -15"><span class='ocrx_word' id='word_1_368' title='bbox 547 2585 745 2642; x_wconf 84' lang='lat' dir='ltr'>virum</span> <span class='ocrx_word' id='word_1_369' title='bbox 777 2600 1002 2658; x_wconf 90' lang='lat' dir='ltr'>susque</span> <span class='ocrx_word' id='word_1_370' title='bbox 1031 2583 1226 2656; x_wconf 88' lang='lat' dir='ltr'>deque</span> <span class='ocrx_word' id='word_1_371' title='bbox 1259 2582 1643 2639; x_wconf 86' lang='lat' dir='ltr'>anathemate</span> <span class='ocrx_word' id='word_1_372' title='bbox 1674 2581 1867 2646; x_wconf 88' lang='lat' dir='ltr'>ferire,</span> <span class='ocrx_word' id='word_1_373' title='bbox 1901 2585 1957 2636; x_wconf 90' lang='lat' dir='ltr'>et</span> <span class='ocrx_word' id='word_1_374' title='bbox 1993 2579 2070 2635; x_wconf 90' lang='lat' dir='ltr'>ab</span> <span class='ocrx_word' id='word_1_375' title='bbox 2102 2582 2197 2634; x_wconf 91' lang='lat' dir='ltr'>Ec-</span> 
     </span>
    </p>
   </div>
   <div class='ocr_carea' id='block_1_53' title="bbox 549 2669 2201 2744">
    <p class='ocr_par' dir='ltr' id='par_1_53' title="bbox 549 2669 2201 2744">
     <span class='ocr_line' id='line_1_53' title="bbox 549 2669 2201 2744; baseline -0.005 -12"><span class='ocrx_word' id='word_1_376' title='bbox 549 2674 746 2732; x_wconf 89' lang='lat' dir='ltr'>clesiis</span> <span class='ocrx_word' id='word_1_377' title='bbox 800 2674 1066 2744; x_wconf 80' lang='lat' dir='ltr'>relegare</span> <span class='ocrx_word' id='word_1_378' title='bbox 1120 2687 1242 2728; x_wconf 90' lang='lat' dir='ltr'>non</span> <span class='ocrx_word' id='word_1_379' title='bbox 1300 2674 1575 2728; x_wconf 88' lang='lat' dir='ltr'>cessant:</span> <span class='ocrx_word' id='word_1_380' title='bbox 1619 2669 1889 2727; x_wconf 81' lang='lat' dir='ltr'>Marcello</span> <span class='ocrx_word' id='word_1_381' title='bbox 1910 2685 2068 2735; x_wconf 87' lang='lat' dir='ltr'>vero,</span> <span class='ocrx_word' id='word_1_382' title='bbox 2095 2669 2201 2741; x_wconf 89' lang='lat' dir='ltr'>qui</span> 
     </span>
    </p>
   </div>
   <div class='ocr_carea' id='block_1_54' title="bbox 547 2757 2197 2837">
    <p class='ocr_par' dir='ltr' id='par_1_54' title="bbox 547 2757 2197 2837">
     <span class='ocr_line' id='line_1_54' title="bbox 547 2757 2197 2837; baseline -0.005 -16"><span class='ocrx_word' id='word_1_383' title='bbox 547 2764 920 2837; x_wconf 88' lang='lat' dir='ltr'>impietatem</span> <span class='ocrx_word' id='word_1_384' title='bbox 969 2762 1022 2817; x_wconf 90' lang='lat' dir='ltr'>ei</span> <span class='ocrx_word' id='word_1_385' title='bbox 1079 2777 1151 2817; x_wconf 86' lang='lat' dir='ltr'>ex</span> <span class='ocrx_word' id='word_1_386' title='bbox 1189 2761 1485 2816; x_wconf 89' lang='lat' dir='ltr'>diametro</span> <span class='ocrx_word' id='word_1_387' title='bbox 1546 2759 1885 2833; x_wconf 88' lang='lat' dir='ltr'>oppositam</span> <span class='ocrx_word' id='word_1_388' title='bbox 1932 2757 2197 2830; x_wconf 86' lang='lat' dir='ltr'>protulit,</span> 
     </span>
    </p>
   </div>
   <div class='ocr_carea' id='block_1_55' title="bbox 548 2847 2197 2926">
    <p class='ocr_par' dir='ltr' id='par_1_55' title="bbox 548 2847 2197 2926">
     <span class='ocr_line' id='line_1_55' title="bbox 548 2847 2197 2926; baseline -0.004 -16"><span class='ocrx_word' id='word_1_389' title='bbox 548 2859 604 2911; x_wconf 89' lang='lat' dir='ltr'>et</span> <span class='ocrx_word' id='word_1_390' title='bbox 633 2854 694 2909; x_wconf 90' lang='lat' dir='ltr'>in</span> <span class='ocrx_word' id='word_1_391' title='bbox 723 2854 917 2926; x_wconf 91' lang='lat' dir='ltr'>ipsam</span> <span class='ocrx_word' id='word_1_392' title='bbox 955 2851 1278 2908; x_wconf 86' lang='lat' dir='ltr'>divinitatis</span> <span class='ocrx_word' id='word_1_393' title='bbox 1331 2850 1624 2921; x_wconf 86' lang='lat' dir='ltr'>Unigeniti</span> <span class='ocrx_word' id='word_1_394' title='bbox 1653 2849 2054 2905; x_wconf 77' lang='lat' dir='ltr'>exsistentiam</span> <span class='ocrx_word' id='word_1_395' title='bbox 2086 2847 2197 2903; x_wconf 80' lang='lat' dir='ltr'>im-</span> 
     </span>
    </p>
   </div>
   <div class='ocr_carea' id='block_1_56' title="bbox 548 2937 2198 3017">
    <p class='ocr_par' dir='ltr' id='par_1_56' title="bbox 548 2937 2198 3017">
     <span class='ocr_line' id='line_1_56' title="bbox 548 2937 2198 3017; baseline -0.004 -18"><span class='ocrx_word' id='word_1_396' title='bbox 548 2943 687 3017; x_wconf 90' lang='lat' dir='ltr'>pius</span> <span class='ocrx_word' id='word_1_397' title='bbox 718 2943 845 3010; x_wconf 87' lang='lat' dir='ltr'>fuit,</span> <span class='ocrx_word' id='word_1_398' title='bbox 886 2946 942 2998; x_wconf 90' lang='lat' dir='ltr'>et</span> <span class='ocrx_word' id='word_1_399' title='bbox 997 2940 1170 2996; x_wconf 83' lang='lat' dir='ltr'>Verbi</span> <span class='ocrx_word' id='word_1_400' title='bbox 1227 2939 1692 3013; x_wconf 88' lang='lat' dir='ltr'>appellationem</span> <span class='ocrx_word' id='word_1_401' title='bbox 1735 2954 1916 3010; x_wconf 88' lang='lat' dir='ltr'>prave</span> <span class='ocrx_word' id='word_1_402' title='bbox 1947 2937 2198 3010; x_wconf 89' lang='lat' dir='ltr'>accepit,</span> 
     </span>
    </p>
   </div>
   <div class='ocr_carea' id='block_1_57' title="bbox 545 3027 2268 3113">
    <p class='ocr_par' dir='ltr' id='par_1_57' title="bbox 545 3027 2268 3113">
     <span class='ocr_line' id='line_1_57' title="bbox 545 3027 2268 3113; baseline -0.003 -26"><span class='ocrx_word' id='word_1_403' title='bbox 545 3031 781 3088; x_wconf 91' lang='lat' dir='ltr'>nullum</span> <span class='ocrx_word' id='word_1_404' title='bbox 828 3030 1106 3087; x_wconf 88' lang='lat' dir='ltr'>videntur</span> <span class='ocrx_word' id='word_1_405' title='bbox 1159 3028 1429 3085; x_wconf 90' lang='lat' dir='ltr'>intulisse</span> <span class='ocrx_word' id='word_1_406' title='bbox 1486 3027 1872 3102; x_wconf 82' lang='lat' dir='ltr'>vituperium.</span> <span class='ocrx_word' id='word_1_407' title='bbox 1931 3027 2037 3092; x_wconf 87' lang='lat' dir='ltr'>Qui</span> <span class='ocrx_word' id='word_1_408' title='bbox 2068 3029 2268 3113; x_wconf 77' lang='lat' dir='ltr'>Ver-C</span> 
     </span>
    </p>
   </div>
   <div class='ocr_carea' id='block_1_58' title="bbox 545 3116 2193 3193">
    <p class='ocr_par' dir='ltr' id='par_1_58' title="bbox 545 3116 2193 3193">
     <span class='ocr_line' id='line_1_58' title="bbox 545 3116 2193 3193; baseline -0.004 -16"><span class='ocrx_word' id='word_1_409' title='bbox 545 3120 695 3177; x_wconf 90' lang='lat' dir='ltr'>bum</span> <span class='ocrx_word' id='word_1_410' title='bbox 725 3120 970 3193; x_wconf 88' lang='lat' dir='ltr'>quidem</span> <span class='ocrx_word' id='word_1_411' title='bbox 1001 3119 1229 3175; x_wconf 87' lang='lat' dir='ltr'>dictum</span> <span class='ocrx_word' id='word_1_412' title='bbox 1277 3117 1461 3174; x_wconf 86' lang='lat' dir='ltr'>fuisse</span> <span class='ocrx_word' id='word_1_413' title='bbox 1493 3117 1874 3186; x_wconf 87' lang='lat' dir='ltr'>Unigenitum</span> <span class='ocrx_word' id='word_1_414' title='bbox 1902 3116 2193 3187; x_wconf 86' lang='lat' dir='ltr'>concedit,</span> 
     </span>
    </p>
   </div>
   <div class='ocr_carea' id='block_1_59' title="bbox 545 3205 2197 3279">
    <p class='ocr_par' dir='ltr' id='par_1_59' title="bbox 545 3205 2197 3279">
     <span class='ocr_line' id='line_1_59' title="bbox 545 3205 2197 3279; baseline -0.004 -14"><span class='ocrx_word' id='word_1_415' title='bbox 545 3209 628 3265; x_wconf 87' lang='lat' dir='ltr'>ad</span> <span class='ocrx_word' id='word_1_416' title='bbox 655 3225 835 3264; x_wconf 88' lang='lat' dir='ltr'>usum</span> <span class='ocrx_word' id='word_1_417' title='bbox 882 3213 941 3264; x_wconf 89' lang='lat' dir='ltr'>et</span> <span class='ocrx_word' id='word_1_418' title='bbox 982 3209 1059 3264; x_wconf 86' lang='lat' dir='ltr'>ad</span> <span class='ocrx_word' id='word_1_419' title='bbox 1111 3212 1348 3279; x_wconf 87' lang='lat' dir='ltr'>tempus</span> <span class='ocrx_word' id='word_1_420' title='bbox 1403 3205 1818 3279; x_wconf 86' lang='lat' dir='ltr'>progrediens,</span> <span class='ocrx_word' id='word_1_421' title='bbox 1855 3205 1958 3260; x_wconf 86' lang='lat' dir='ltr'>sed</span> <span class='ocrx_word' id='word_1_422' title='bbox 1989 3221 2197 3261; x_wconf 88' lang='lat' dir='ltr'>rursus</span> 
     </span>
    </p>
   </div>
   <div class='ocr_carea' id='block_1_60' title="bbox 546 3291 2196 3366">
    <p class='ocr_par' dir='ltr' id='par_1_60' title="bbox 546 3291 2196 3366">
     <span class='ocr_line' id='line_1_60' title="bbox 546 3291 2196 3366; baseline -0.001 -17"><span class='ocrx_word' id='word_1_423' title='bbox 546 3294 626 3349; x_wconf 92' lang='lat' dir='ltr'>ad</span> <span class='ocrx_word' id='word_1_424' title='bbox 648 3311 786 3350; x_wconf 89' lang='lat' dir='ltr'>eum</span> <span class='ocrx_word' id='word_1_425' title='bbox 827 3295 988 3350; x_wconf 89' lang='lat' dir='ltr'>unde</span> <span class='ocrx_word' id='word_1_426' title='bbox 1035 3293 1258 3366; x_wconf 89' lang='lat' dir='ltr'>prodiit</span> <span class='ocrx_word' id='word_1_427' title='bbox 1303 3298 1629 3360; x_wconf 85' lang='lat' dir='ltr'>revertens,</span> <span class='ocrx_word' id='word_1_428' title='bbox 1680 3308 1877 3365; x_wconf 91' lang='lat' dir='ltr'>neque</span> <span class='ocrx_word' id='word_1_429' title='bbox 1901 3297 2036 3348; x_wconf 86' lang='lat' dir='ltr'>ante</span> <span class='ocrx_word' id='word_1_430' title='bbox 2068 3291 2196 3347; x_wconf 82' lang='lat' dir='ltr'>exi-</span> 
     </span>
    </p>
   </div>
   <div class='ocr_carea' id='block_1_61' title="bbox 544 3381 2196 3456">
    <p class='ocr_par' dir='ltr' id='par_1_61' title="bbox 544 3381 2196 3456">
     <span class='ocr_line' id='line_1_61' title="bbox 544 3381 2196 3456; baseline -0.001 -18"><span class='ocrx_word' id='word_1_431' title='bbox 544 3387 672 3438; x_wconf 89' lang='lat' dir='ltr'>tum</span> <span class='ocrx_word' id='word_1_432' title='bbox 711 3397 863 3453; x_wconf 87' lang='lat' dir='ltr'>esse,</span> <span class='ocrx_word' id='word_1_433' title='bbox 928 3398 1125 3456; x_wconf 89' lang='lat' dir='ltr'>neque</span> <span class='ocrx_word' id='word_1_434' title='bbox 1166 3386 1304 3454; x_wconf 78' lang='lat' dir='ltr'>post</span> <span class='ocrx_word' id='word_1_435' title='bbox 1331 3382 1592 3438; x_wconf 81' lang='lat' dir='ltr'>reditum</span> <span class='ocrx_word' id='word_1_436' title='bbox 1627 3381 1975 3437; x_wconf 88' lang='lat' dir='ltr'>subsistere.</span> <span class='ocrx_word' id='word_1_437' title='bbox 2006 3385 2196 3452; x_wconf 84' lang='lat' dir='ltr'>Atque</span> 
     </span>
    </p>
   </div>
   <div class='ocr_carea' id='block_1_62' title="bbox 542 3469 2195 3542">
    <p class='ocr_par' dir='ltr' id='par_1_62' title="bbox 542 3469 2195 3542">
     <span class='ocr_line' id='line_1_62' title="bbox 542 3469 2195 3542; baseline -0.003 -13"><span class='ocrx_word' id='word_1_438' title='bbox 542 3471 724 3541; x_wconf 87' lang='lat' dir='ltr'>hujus</span> <span class='ocrx_word' id='word_1_439' title='bbox 753 3471 838 3526; x_wconf 94' lang='lat' dir='ltr'>rei</span> <span class='ocrx_word' id='word_1_440' title='bbox 869 3477 1228 3542; x_wconf 88' lang='lat' dir='ltr'>argumenta</span> <span class='ocrx_word' id='word_1_441' title='bbox 1267 3476 1406 3526; x_wconf 90' lang='lat' dir='ltr'>sunt</span> <span class='ocrx_word' id='word_1_442' title='bbox 1455 3471 1668 3527; x_wconf 82' lang='lat' dir='ltr'>servati</span> <span class='ocrx_word' id='word_1_443' title='bbox 1701 3469 1867 3542; x_wconf 89' lang='lat' dir='ltr'>apud</span> <span class='ocrx_word' id='word_1_444' title='bbox 1897 3485 2009 3525; x_wconf 92' lang='lat' dir='ltr'>nos</span> <span class='ocrx_word' id='word_1_445' title='bbox 2034 3470 2195 3524; x_wconf 81' lang='lat' dir='ltr'>nefa-</span> 
     </span>
    </p>
   </div>
   <div class='ocr_carea' id='block_1_63' title="bbox 539 3559 2194 3632">
    <p class='ocr_par' dir='ltr' id='par_1_63' title="bbox 539 3559 2194 3632">
     <span class='ocr_line' id='line_1_63' title="bbox 539 3559 2194 3632; baseline -0.002 -16"><span class='ocrx_word' id='word_1_446' title='bbox 539 3560 639 3616; x_wconf 78' lang='lat' dir='ltr'>riae</span> <span class='ocrx_word' id='word_1_447' title='bbox 663 3559 822 3616; x_wconf 90' lang='lat' dir='ltr'>illius</span> <span class='ocrx_word' id='word_1_448' title='bbox 853 3559 1185 3632; x_wconf 81' lang='lat' dir='ltr'>scriptionis</span> <span class='ocrx_word' id='word_1_449' title='bbox 1245 3559 1414 3630; x_wconf 79' lang='lat'>163</span> <span class='ocrx_word' id='word_1_450' title='bbox 1469 3559 1625 3615; x_wconf 87' lang='lat' dir='ltr'>libri.</span> <span class='ocrx_word' id='word_1_451' title='bbox 1684 3560 1798 3615; x_wconf 83' lang='lat' dir='ltr'>Sed</span> <span class='ocrx_word' id='word_1_452' title='bbox 1829 3562 2028 3614; x_wconf 89' lang='lat' dir='ltr'>tamen</span> <span class='ocrx_word' id='word_1_453' title='bbox 2056 3574 2194 3613; x_wconf 89' lang='lat' dir='ltr'>nus-</span> 
     </span>
    </p>
   </div>
   <div class='ocr_carea' id='block_1_64' title="bbox 538 3647 2191 3724">
    <p class='ocr_par' dir='ltr' id='par_1_64' title="bbox 538 3647 2191 3724">
     <span class='ocr_line' id='line_1_64' title="bbox 538 3647 2191 3724; baseline -0.002 -18"><span class='ocrx_word' id='word_1_454' title='bbox 538 3666 722 3724; x_wconf 88' lang='lat' dir='ltr'>quam</span> <span class='ocrx_word' id='word_1_455' title='bbox 756 3665 895 3706; x_wconf 91' lang='lat' dir='ltr'>eum</span> <span class='ocrx_word' id='word_1_456' title='bbox 921 3648 1247 3722; x_wconf 89' lang='lat' dir='ltr'>reprobare</span> <span class='ocrx_word' id='word_1_457' title='bbox 1277 3649 1389 3702; x_wconf 84' lang='lat' dir='ltr'>visi</span> <span class='ocrx_word' id='word_1_458' title='bbox 1418 3652 1592 3715; x_wconf 91' lang='lat' dir='ltr'>sunt;</span> <span class='ocrx_word' id='word_1_459' title='bbox 1642 3647 1824 3720; x_wconf 90' lang='lat' dir='ltr'>idque</span> <span class='ocrx_word' id='word_1_460' title='bbox 1855 3663 1925 3702; x_wconf 91' lang='lat' dir='ltr'>eo</span> <span class='ocrx_word' id='word_1_461' title='bbox 1946 3647 2191 3703; x_wconf 89' lang='lat' dir='ltr'>nomine</span> 
     </span>
    </p>
   </div>
   <div class='ocr_carea' id='block_1_65' title="bbox 2309 2583 3920 2663">
    <p class='ocr_par' dir='ltr' id='par_1_65' title="bbox 2309 2583 3920 2663">
     <span class='ocr_line' id='line_1_65' title="bbox 2309 2583 3920 2663; baseline 0.005 -28"><span class='ocrx_word' id='word_1_462' title='bbox 2309 2583 2545 2637; x_wconf 90' lang='grc' dir='ltr'><em>τέλλουσι</em></span> <span class='ocrx_word' id='word_1_463' title='bbox 2583 2589 2883 2659; x_wconf 79' lang='grc' dir='ltr'><em>γράμμασι,</em></span> <span class='ocrx_word' id='word_1_464' title='bbox 2942 2591 3028 2639; x_wconf 86' lang='grc' dir='ltr'>τόν</span> <span class='ocrx_word' id='word_1_465' title='bbox 3083 2591 3174 2660; x_wconf 78' lang='grc' dir='ltr'>μεν</span> <span class='ocrx_word' id='word_1_466' title='bbox 3225 2585 3532 2661; x_wconf 81' lang='grc' dir='ltr'><em>δυο-ώνυμον</em></span> <span class='ocrx_word' id='word_1_467' title='bbox 3563 2589 3771 2663; x_wconf 79' lang='grc' dir='ltr'><em>Ἀρειον</em></span> <span class='ocrx_word' id='word_1_468' title='bbox 3813 2594 3920 2643; x_wconf 79' lang='grc' dir='ltr'><em>οἰνω</em></span> 
     </span>
    </p>
   </div>
   <div class='ocr_carea' id='block_1_66' title="bbox 2309 2673 3918 2753">
    <p class='ocr_par' dir='ltr' id='par_1_66' title="bbox 2309 2673 3918 2753">
     <span class='ocr_line' id='line_1_66' title="bbox 2309 2673 3918 2753; baseline 0.006 -29"><span class='ocrx_word' id='word_1_469' title='bbox 2309 2679 2398 2726; x_wconf 86' lang='grc' dir='ltr'><em>καὶ</em></span> <span class='ocrx_word' id='word_1_470' title='bbox 2427 2676 2568 2726; x_wconf 83' lang='grc' dir='ltr'><em>κάτω</em></span> <span class='ocrx_word' id='word_1_471' title='bbox 2608 2673 3068 2748; x_wconf 81' lang='grc' dir='ltr'><em>ἀναθεματίζοντες</em></span> <span class='ocrx_word' id='word_1_472' title='bbox 3115 2682 3205 2729; x_wconf 85' lang='grc' dir='ltr'><em>καὶ</em></span> <span class='ocrx_word' id='word_1_473' title='bbox 3252 2686 3350 2730; x_wconf 84' lang='grc' dir='ltr'>τῶν</span> <span class='ocrx_word' id='word_1_474' title='bbox 3377 2677 3696 2736; x_wconf 69' lang='grc' dir='ltr'><em>Ἰ-Ικκλησιὼν</em></span> <span class='ocrx_word' id='word_1_475' title='bbox 3742 2679 3918 2753; x_wconf 82' lang='grc' dir='ltr'><em>ἐξορί-</em></span> 
     </span>
    </p>
   </div>
   <div class='ocr_carea' id='block_1_67' title="bbox 2311 2761 3918 2842">
    <p class='ocr_par' dir='ltr' id='par_1_67' title="bbox 2311 2761 3918 2842">
     <span class='ocr_line' id='line_1_67' title="bbox 2311 2761 3918 2842; baseline 0.006 -29"><span class='ocrx_word' id='word_1_476' title='bbox 2311 2761 2482 2824; x_wconf 80' lang='grc' dir='ltr'><em>ζοντες</em></span> <span class='ocrx_word' id='word_1_477' title='bbox 2513 2763 2570 2814; x_wconf 65' lang='grc' dir='ltr'><em>οὔ</em></span> <span class='ocrx_word' id='word_1_478' title='bbox 2603 2761 2964 2816; x_wconf 73' lang='grc' dir='ltr'><em>διαλείπουσιο</em></span> <span class='ocrx_word' id='word_1_479' title='bbox 2998 2765 3278 2840; x_wconf 79' lang='grc' dir='ltr'><em>Μαρκέλλῳ</em></span> <span class='ocrx_word' id='word_1_480' title='bbox 3307 2763 3384 2832; x_wconf 72' lang='grc' dir='ltr'>δὲ,</span> <span class='ocrx_word' id='word_1_481' title='bbox 3431 2775 3502 2838; x_wconf 76' lang='grc' dir='ltr'><em>τῷ</em></span> <span class='ocrx_word' id='word_1_482' title='bbox 3538 2769 3677 2820; x_wconf 86' lang='grc' dir='ltr'>κατά</span> <span class='ocrx_word' id='word_1_483' title='bbox 3726 2765 3918 2842; x_wconf 77' lang='grc' dir='ltr'><em>διάμε-</em></span> 
     </span>
    </p>
   </div>
   <div class='ocr_carea' id='block_1_68' title="bbox 2307 2850 3919 2928">
    <p class='ocr_par' dir='ltr' id='par_1_68' title="bbox 2307 2850 3919 2928">
     <span class='ocr_line' id='line_1_68' title="bbox 2307 2850 3919 2928; baseline 0.006 -26"><span class='ocrx_word' id='word_1_484' title='bbox 2307 2870 2426 2924; x_wconf 82' lang='grc' dir='ltr'><em>τρον</em></span> <span class='ocrx_word' id='word_1_485' title='bbox 2455 2851 2623 2925; x_wconf 71' lang='grc' dir='ltr'><em>ἐκείνῳ</em></span> <span class='ocrx_word' id='word_1_486' title='bbox 2649 2858 2742 2910; x_wconf 78' lang='grc' dir='ltr'>τῆν</span> <span class='ocrx_word' id='word_1_487' title='bbox 2791 2853 3029 2906; x_wconf 76' lang='grc' dir='ltr'><em>ἀσέϐειαν</em></span> <span class='ocrx_word' id='word_1_488' title='bbox 3073 2850 3465 2928; x_wconf 70' lang='grc' dir='ltr'><em>ἐπιδειξαμένῳ,</em></span> <span class='ocrx_word' id='word_1_489' title='bbox 3506 2861 3597 2908; x_wconf 85' lang='grc' dir='ltr'><em>καὶ</em></span> <span class='ocrx_word' id='word_1_490' title='bbox 3643 2857 3718 2919; x_wconf 80' lang='grc' dir='ltr'><em>εἰς</em></span> <span class='ocrx_word' id='word_1_491' title='bbox 3749 2859 3919 2918; x_wconf 65' lang='grc' dir='ltr'><em>αὐτὴν</em></span> 
     </span>
    </p>
   </div>
   <div class='ocr_carea' id='block_1_69' title="bbox 2307 2940 3917 3018">
    <p class='ocr_par' dir='ltr' id='par_1_69' title="bbox 2307 2940 3917 3018">
     <span class='ocr_line' id='line_1_69' title="bbox 2307 2940 3917 3018; baseline 0.007 -28"><span class='ocrx_word' id='word_1_492' title='bbox 2307 2944 2400 2998; x_wconf 78' lang='grc' dir='ltr'>τὴν</span> <span class='ocrx_word' id='word_1_493' title='bbox 2427 2940 2648 3011; x_wconf 80' lang='grc' dir='ltr'><em>ῦπαρξίν</em></span> <span class='ocrx_word' id='word_1_494' title='bbox 2674 2950 2763 3003; x_wconf 82' lang='grc' dir='ltr'>τῆς</span> <span class='ocrx_word' id='word_1_495' title='bbox 2794 2951 2881 2995; x_wconf 92' lang='grc' dir='ltr'>τοῦ</span> <span class='ocrx_word' id='word_1_496' title='bbox 2911 2950 3232 3015; x_wconf 84' lang='grc' dir='ltr'><em>Μονογενοῦς</em></span> <span class='ocrx_word' id='word_1_497' title='bbox 3272 2946 3512 3006; x_wconf 75' lang='grc' dir='ltr'><em>θεότητος</em></span> <span class='ocrx_word' id='word_1_498' title='bbox 3563 2943 3917 3018; x_wconf 70' lang='grc' dir='ltr'><em>ἀσεϐήσαντι,</em></span> 
     </span>
    </p>
   </div>
   <div class='ocr_carea' id='block_1_70' title="bbox 2307 3031 3914 3109">
    <p class='ocr_par' dir='ltr' id='par_1_70' title="bbox 2307 3031 3914 3109">
     <span class='ocr_line' id='line_1_70' title="bbox 2307 3031 3914 3109; baseline 0.006 -29"><span class='ocrx_word' id='word_1_499' title='bbox 2307 3033 2396 3081; x_wconf 81' lang='grc' dir='ltr'><em>καὶ</em></span> <span class='ocrx_word' id='word_1_500' title='bbox 2443 3039 2610 3090; x_wconf 85' lang='grc' dir='ltr'><em>κακῶς</em></span> <span class='ocrx_word' id='word_1_501' title='bbox 2655 3036 2746 3088; x_wconf 79' lang='grc' dir='ltr'>τῆν</span> <span class='ocrx_word' id='word_1_502' title='bbox 2791 3039 2881 3083; x_wconf 87' lang='grc' dir='ltr'>τοῦ</span> <span class='ocrx_word' id='word_1_503' title='bbox 2933 3037 3103 3104; x_wconf 84' lang='grc' dir='ltr'><em>Λόγου</em></span> <span class='ocrx_word' id='word_1_504' title='bbox 3159 3038 3517 3107; x_wconf 70' lang='grc' dir='ltr'><em>προσηγορίαν</em></span> <span class='ocrx_word' id='word_1_505' title='bbox 3561 3031 3914 3109; x_wconf 75' lang='grc' dir='ltr'><em>ἐκδεξαμένῳ,</em></span> 
     </span>
    </p>
   </div>
   <div class='ocr_carea' id='block_1_71' title="bbox 2305 3114 3916 3199">
    <p class='ocr_par' dir='ltr' id='par_1_71' title="bbox 2305 3114 3916 3199">
     <span class='ocr_line' id='line_1_71' title="bbox 2305 3114 3916 3199; baseline 0.006 -30"><span class='ocrx_word' id='word_1_506' title='bbox 2305 3114 2553 3191; x_wconf 65' lang='grc' dir='ltr'><em>οὐδεμίαν</em></span> <span class='ocrx_word' id='word_1_507' title='bbox 2609 3119 2805 3192; x_wconf 66' lang='grc' dir='ltr'><em>μέμψιν</em></span> <span class='ocrx_word' id='word_1_508' title='bbox 2858 3119 3203 3192; x_wconf 77' lang='grc' dir='ltr'><em>ἐπενεγκόντες</em></span> <span class='ocrx_word' id='word_1_509' title='bbox 3251 3127 3541 3194; x_wconf 73' lang='grc' dir='ltr'><em>φαίνονται.</em></span> <span class='ocrx_word' id='word_1_510' title='bbox 3587 3123 3686 3184; x_wconf 85' lang='grc' dir='ltr'><em>Ὀς</em></span> <span class='ocrx_word' id='word_1_511' title='bbox 3735 3130 3916 3199; x_wconf 74' lang='grc' dir='ltr'><em>Λόγον</em></span> 
     </span>
    </p>
   </div>
   <div class='ocr_carea' id='block_1_72' title="bbox 2303 3206 3915 3287">
    <p class='ocr_par' dir='ltr' id='par_1_72' title="bbox 2303 3206 3915 3287">
     <span class='ocr_line' id='line_1_72' title="bbox 2303 3206 3915 3287; baseline 0.006 -29"><span class='ocrx_word' id='word_1_512' title='bbox 2303 3209 2393 3279; x_wconf 66' lang='grc' dir='ltr'><em>μὲν</em></span> <span class='ocrx_word' id='word_1_513' title='bbox 2433 3207 2677 3281; x_wconf 83' lang='grc' dir='ltr'><em>εἰρῆσθαι</em></span> <span class='ocrx_word' id='word_1_514' title='bbox 2726 3212 2812 3260; x_wconf 84' lang='grc' dir='ltr'>τόν</span> <span class='ocrx_word' id='word_1_515' title='bbox 2864 3216 3124 3281; x_wconf 84' lang='grc' dir='ltr'><em>Μονογενῆ</em></span> <span class='ocrx_word' id='word_1_516' title='bbox 3174 3206 3393 3276; x_wconf 67' lang='grc' dir='ltr'><em>δίδωσι,</em></span> <span class='ocrx_word' id='word_1_517' title='bbox 3427 3215 3561 3263; x_wconf 85' lang='grc' dir='ltr'>κατά</span> <span class='ocrx_word' id='word_1_518' title='bbox 3598 3219 3795 3287; x_wconf 78' lang='grc' dir='ltr'><em>χρείαν</em></span> <span class='ocrx_word' id='word_1_519' title='bbox 3825 3221 3915 3268; x_wconf 85' lang='grc' dir='ltr'><em>καὶ</em></span> 
     </span>
    </p>
   </div>
   <div class='ocr_carea' id='block_1_73' title="bbox 2305 3295 3912 3370">
    <p class='ocr_par' dir='ltr' id='par_1_73' title="bbox 2305 3295 3912 3370">
     <span class='ocr_line' id='line_1_73' title="bbox 2305 3295 3912 3370; baseline 0.007 -24"><span class='ocrx_word' id='word_1_520' title='bbox 2305 3295 2389 3347; x_wconf 80' lang='grc' dir='ltr'><em>ἐπὶ</em></span> <span class='ocrx_word' id='word_1_521' title='bbox 2418 3305 2602 3369; x_wconf 77' lang='grc' dir='ltr'><em>καιροῦ</em></span> <span class='ocrx_word' id='word_1_522' title='bbox 2634 3296 2964 3370; x_wconf 77' lang='grc' dir='ltr'><em>προελθόντα,</em></span> <span class='ocrx_word' id='word_1_523' title='bbox 2997 3297 3149 3350; x_wconf 82' lang='grc' dir='ltr'><em>πάλιν</em></span> <span class='ocrx_word' id='word_1_524' title='bbox 3195 3295 3254 3351; x_wconf 68' lang='grc' dir='ltr'>δὲ</span> <span class='ocrx_word' id='word_1_525' title='bbox 3306 3299 3377 3360; x_wconf 79' lang='grc' dir='ltr'><em>εἰς</em></span> <span class='ocrx_word' id='word_1_526' title='bbox 3426 3303 3512 3352; x_wconf 84' lang='grc' dir='ltr'>τόν</span> <span class='ocrx_word' id='word_1_527' title='bbox 3555 3302 3668 3353; x_wconf 86' lang='grc' dir='ltr'><em>ὅθεν</em></span> <span class='ocrx_word' id='word_1_528' title='bbox 3703 3302 3912 3365; x_wconf 68' lang='grc' dir='ltr'><em>ἐξῆλθεν</em></span> 
     </span>
    </p>
   </div>
   <div class='ocr_carea' id='block_1_74' title="bbox 2305 3383 3911 3460">
    <p class='ocr_par' dir='ltr' id='par_1_74' title="bbox 2305 3383 3911 3460">
     <span class='ocr_line' id='line_1_74' title="bbox 2305 3383 3911 3460; baseline 0.006 -24"><span class='ocrx_word' id='word_1_529' title='bbox 2305 3383 2787 3458; x_wconf 63' lang='grc' dir='ltr'><em>ἐπαναστρέψαντα,</em></span> <span class='ocrx_word' id='word_1_530' title='bbox 2845 3390 2962 3440; x_wconf 67' lang='grc' dir='ltr'><em>οὔτε</em></span> <span class='ocrx_word' id='word_1_531' title='bbox 3003 3391 3102 3460; x_wconf 87' lang='grc' dir='ltr'>πρό</span> <span class='ocrx_word' id='word_1_532' title='bbox 3166 3395 3260 3450; x_wconf 86' lang='grc' dir='ltr'>τῆς</span> <span class='ocrx_word' id='word_1_533' title='bbox 3322 3385 3504 3451; x_wconf 65' lang='grc' dir='ltr'><em>ἐξόδου</em></span> <span class='ocrx_word' id='word_1_534' title='bbox 3576 3388 3729 3456; x_wconf 81' lang='grc' dir='ltr'><em>εἶναι,</em></span> <span class='ocrx_word' id='word_1_535' title='bbox 3795 3397 3911 3446; x_wconf 70' lang='grc' dir='ltr'><em>οὔτε</em></span> 
     </span>
    </p>
   </div>
   <div class='ocr_carea' id='block_1_75' title="bbox 2271 3471 3909 3548">
    <p class='ocr_par' dir='ltr' id='par_1_75' title="bbox 2271 3471 3909 3548">
     <span class='ocr_line' id='line_1_75' title="bbox 2271 3471 3909 3548; baseline 0.005 -22"><span class='ocrx_word' id='word_1_536' title='bbox 2271 3477 2432 3546; x_wconf 83' lang='grc' dir='ltr'><em>’μετά</em></span> <span class='ocrx_word' id='word_1_537' title='bbox 2469 3480 2562 3534; x_wconf 80' lang='grc' dir='ltr'>τῆν</span> <span class='ocrx_word' id='word_1_538' title='bbox 2605 3471 2853 3528; x_wconf 70' lang='grc' dir='ltr'><em>ἐπάνοδον</em></span> <span class='ocrx_word' id='word_1_539' title='bbox 2894 3477 3192 3548; x_wconf 73' lang='grc' dir='ltr'><em>ὑφεστάναι,</em></span> <span class='ocrx_word' id='word_1_540' title='bbox 3253 3481 3354 3529; x_wconf 81' lang='grc' dir='ltr'>Καὶ</span> <span class='ocrx_word' id='word_1_541' title='bbox 3408 3481 3588 3530; x_wconf 81' lang='grc' dir='ltr'><em>τούτου</em></span> <span class='ocrx_word' id='word_1_542' title='bbox 3637 3477 3909 3544; x_wconf 77' lang='grc' dir='ltr'><em>ἀπόδειξις</em></span> 
     </span>
    </p>
   </div>
   <div class='ocr_carea' id='block_1_76' title="bbox 2300 3562 3907 3638">
    <p class='ocr_par' dir='ltr' id='par_1_76' title="bbox 2300 3562 3907 3638">
     <span class='ocr_line' id='line_1_76' title="bbox 2300 3562 3907 3638; baseline 0.004 -24"><span class='ocrx_word' id='word_1_543' title='bbox 2300 3565 2355 3614; x_wconf 84' lang='grc' dir='ltr'><em>αἱ</em></span> <span class='ocrx_word' id='word_1_544' title='bbox 2395 3563 2519 3638; x_wconf 88' lang='grc' dir='ltr'><em>παρ’</em></span> <span class='ocrx_word' id='word_1_545' title='bbox 2555 3565 2678 3638; x_wconf 75' lang='grc' dir='ltr'><em>ἡμῖν</em></span> <span class='ocrx_word' id='word_1_546' title='bbox 2723 3562 3058 3637; x_wconf 74' lang='grc' dir='ltr'><em>ἀποκείμεναι</em></span> <span class='ocrx_word' id='word_1_547' title='bbox 3109 3564 3286 3638; x_wconf 73' lang='grc' dir='ltr'><em>βίϐλοι</em></span> <span class='ocrx_word' id='word_1_548' title='bbox 3334 3573 3428 3627; x_wconf 87' lang='grc' dir='ltr'>τῆς</span> <span class='ocrx_word' id='word_1_549' title='bbox 3477 3562 3670 3620; x_wconf 73' lang='grc' dir='ltr'><em>ἀδίκου</em></span> <span class='ocrx_word' id='word_1_550' title='bbox 3711 3569 3907 3632; x_wconf 70' lang='grc' dir='ltr'><em>ἐκείνης</em></span> 
     </span>
    </p>
   </div>
   <div class='ocr_carea' id='block_1_77' title="bbox 2299 3653 3905 3732">
    <p class='ocr_par' dir='ltr' id='par_1_77' title="bbox 2299 3653 3905 3732">
     <span class='ocr_line' id='line_1_77' title="bbox 2299 3653 3905 3732; baseline 0.004 -28"><span class='ocrx_word' id='word_1_551' title='bbox 2299 3660 2609 3726; x_wconf 63' lang='grc' dir='ltr'><em>συγγραφῆς</em></span> <span class='ocrx_word' id='word_1_552' title='bbox 2657 3654 3014 3728; x_wconf 76' lang='grc' dir='ltr'><em>ὑπάρχουσιν.</em></span> <span class='ocrx_word' id='word_1_553' title='bbox 3067 3653 3200 3705; x_wconf 85' lang='grc' dir='ltr'><em>Ἀλλ’</em></span> <span class='ocrx_word' id='word_1_554' title='bbox 3251 3656 3390 3727; x_wconf 86' lang='grc' dir='ltr'><em>ὅμως</em></span> <span class='ocrx_word' id='word_1_555' title='bbox 3437 3664 3617 3708; x_wconf 86' lang='grc' dir='ltr'><em>τοῦτον</em></span> <span class='ocrx_word' id='word_1_556' title='bbox 3662 3655 3905 3732; x_wconf 64' lang='grc' dir='ltr'><em>οὐδαμοῦ</em></span> 
     </span>
    </p>
   </div>
   <div class='ocr_carea' id='block_1_78' title="bbox 538 3736 2189 3819">
    <p class='ocr_par' dir='ltr' id='par_1_78' title="bbox 538 3736 2189 3813">
     <span class='ocr_line' id='line_1_78' title="bbox 538 3736 2189 3813; baseline -0.001 -19"><span class='ocrx_word' id='word_1_557' title='bbox 538 3739 874 3813; x_wconf 87' lang='lat' dir='ltr'>vituperati,</span> <span class='ocrx_word' id='word_1_558' title='bbox 933 3737 1103 3812; x_wconf 91' lang='lat' dir='ltr'>quod</span> <span class='ocrx_word' id='word_1_559' title='bbox 1148 3753 1284 3792; x_wconf 90' lang='lat' dir='ltr'>eum</span> <span class='ocrx_word' id='word_1_560' title='bbox 1341 3736 1418 3792; x_wconf 92' lang='lat' dir='ltr'>ab</span> <span class='ocrx_word' id='word_1_561' title='bbox 1449 3737 1613 3792; x_wconf 90' lang='lat' dir='ltr'>initio</span> <span class='ocrx_word' id='word_1_562' title='bbox 1637 3754 1709 3792; x_wconf 78' lang='lat' dir='ltr'>ex</span> <span class='ocrx_word' id='word_1_563' title='bbox 1731 3736 1992 3792; x_wconf 87' lang='lat' dir='ltr'>veritatis</span> <span class='ocrx_word' id='word_1_564' title='bbox 2022 3737 2189 3806; x_wconf 88' lang='lat' dir='ltr'>igno-</span> 
     </span>
    </p>
   </div>
   <div class='ocr_carea' id='block_1_79' title="bbox 2304 3736 3906 3819">
    <p class='ocr_par' dir='ltr' id='par_1_79' title="bbox 2304 3737 3906 3819">
     <span class='ocr_line' id='line_1_79' title="bbox 2304 3737 3906 3819; baseline 0.006 -27"><span class='ocrx_word' id='word_1_565' title='bbox 2304 3737 2628 3804; x_wconf 66' lang='grc' dir='ltr'><em>διαϐαλόντες</em></span> <span class='ocrx_word' id='word_1_566' title='bbox 2668 3742 2780 3812; x_wconf 76' lang='lat' dir='ltr'>(7t)</span> <span class='ocrx_word' id='word_1_567' title='bbox 2836 3743 3113 3814; x_wconf 63' lang='grc' dir='ltr'><em>ἐφάνησαν,</em></span> <span class='ocrx_word' id='word_1_568' title='bbox 3144 3747 3232 3795; x_wconf 82' lang='grc' dir='ltr'><em>καὶ</em></span> <span class='ocrx_word' id='word_1_569' title='bbox 3262 3752 3430 3796; x_wconf 83' lang='grc' dir='ltr'><em>ταῦτα</em></span> <span class='ocrx_word' id='word_1_570' title='bbox 3468 3745 3640 3797; x_wconf 79' lang='grc' dir='ltr'><em>αἰτίαν</em></span> <span class='ocrx_word' id='word_1_571' title='bbox 3675 3750 3906 3819; x_wconf 80' lang='grc' dir='ltr'><em>ἔχοντες,</em></span> 
     </span>
    </p>
   </div>
   <div class='ocr_carea' id='block_1_80' title="bbox 534 3824 2186 3884">
    <p class='ocr_par' dir='ltr' id='par_1_80' title="bbox 534 3824 2186 3884">
     <span class='ocr_line' id='line_1_80' title="bbox 534 3824 2186 3884; baseline -0.001 0"><span class='ocrx_word' id='word_1_572' title='bbox 534 3828 763 3884; x_wconf 88' lang='lat' dir='ltr'>ratione</span> <span class='ocrx_word' id='word_1_573' title='bbox 816 3829 878 3883; x_wconf 92' lang='lat' dir='ltr'>in</span> <span class='ocrx_word' id='word_1_574' title='bbox 926 3825 1397 3883; x_wconf 90' lang='lat' dir='ltr'>ecclesiasticam</span> <span class='ocrx_word' id='word_1_575' title='bbox 1447 3824 1627 3881; x_wconf 88' lang='lat' dir='ltr'>etiam</span> <span class='ocrx_word' id='word_1_576' title='bbox 1695 3825 2186 3882; x_wconf 90' lang='lat' dir='ltr'>communionem</span> 
     </span>
    </p>
   </div>
   <div class='ocr_carea' id='block_1_81' title="bbox 531 3914 2188 3988">
    <p class='ocr_par' dir='ltr' id='par_1_81' title="bbox 531 3914 2188 3988">
     <span class='ocr_line' id='line_1_81' title="bbox 531 3914 2188 3988; baseline -0.001 -16"><span class='ocrx_word' id='word_1_577' title='bbox 531 3916 882 3988; x_wconf 89' lang='lat' dir='ltr'>receperint.</span> <span class='ocrx_word' id='word_1_578' title='bbox 939 3916 1120 3986; x_wconf 83' lang='lat' dir='ltr'>Igitur</span> <span class='ocrx_word' id='word_1_579' title='bbox 1157 3919 1215 3970; x_wconf 88' lang='lat' dir='ltr'>et</span> <span class='ocrx_word' id='word_1_580' title='bbox 1243 3914 1418 3978; x_wconf 91' lang='lat' dir='ltr'>illius,</span> <span class='ocrx_word' id='word_1_581' title='bbox 1457 3918 1521 3970; x_wconf 89' lang='lat' dir='ltr'>ut</span> <span class='ocrx_word' id='word_1_582' title='bbox 1563 3929 1675 3986; x_wconf 90' lang='lat' dir='ltr'>par</span> <span class='ocrx_word' id='word_1_583' title='bbox 1703 3919 1810 3980; x_wconf 90' lang='lat' dir='ltr'>est,</span> <span class='ocrx_word' id='word_1_584' title='bbox 1843 3915 1968 3970; x_wconf 85' lang='lat' dir='ltr'>ﬁeri</span> <span class='ocrx_word' id='word_1_585' title='bbox 2023 3930 2188 3970; x_wconf 84' lang='lat' dir='ltr'>men-</span> 
     </span>
    </p>
   </div>
   <div class='ocr_carea' id='block_1_82' title="bbox 531 4002 2184 4077">
    <p class='ocr_par' dir='ltr' id='par_1_82' title="bbox 531 4002 2184 4077">
     <span class='ocr_line' id='line_1_82' title="bbox 531 4002 2184 4077; baseline 0 -17"><span class='ocrx_word' id='word_1_586' title='bbox 531 4004 758 4060; x_wconf 90' lang='lat' dir='ltr'>tionem</span> <span class='ocrx_word' id='word_1_587' title='bbox 816 4020 911 4060; x_wconf 88' lang='lat' dir='ltr'>res</span> <span class='ocrx_word' id='word_1_588' title='bbox 954 4008 1282 4077; x_wconf 64' lang='lat' dir='ltr'>praesentes</span> <span class='ocrx_word' id='word_1_589' title='bbox 1331 4002 1662 4076; x_wconf 90' lang='lat' dir='ltr'>postulant,</span> <span class='ocrx_word' id='word_1_590' title='bbox 1690 4008 1752 4059; x_wconf 91' lang='lat' dir='ltr'>ut</span> <span class='ocrx_word' id='word_1_591' title='bbox 1784 4004 1886 4067; x_wconf 83' lang='lat' dir='ltr'>qui</span> <span class='ocrx_word' id='word_1_592' title='bbox 1917 4005 2184 4061; x_wconf 87' lang='lat' dir='ltr'>occasio-</span> 
     </span>
    </p>
   </div>
   <div class='ocr_carea' id='block_1_83' title="bbox 529 4092 2179 4166">
    <p class='ocr_par' dir='ltr' id='par_1_83' title="bbox 529 4092 2179 4166">
     <span class='ocr_line' id='line_1_83' title="bbox 529 4092 2179 4166; baseline 0.002 -19"><span class='ocrx_word' id='word_1_593' title='bbox 529 4107 670 4148; x_wconf 87' lang='lat' dir='ltr'>nem</span> <span class='ocrx_word' id='word_1_594' title='bbox 717 4098 1016 4166; x_wconf 69' lang='lat' dir='ltr'>quaarunt,</span> <span class='ocrx_word' id='word_1_595' title='bbox 1071 4093 1450 4148; x_wconf 88' lang='lat' dir='ltr'>occasionem</span> <span class='ocrx_word' id='word_1_596' title='bbox 1508 4107 1631 4148; x_wconf 91' lang='lat' dir='ltr'>non</span> <span class='ocrx_word' id='word_1_597' title='bbox 1694 4092 1978 4162; x_wconf 87' lang='lat' dir='ltr'>habeant,</span> <span class='ocrx_word' id='word_1_598' title='bbox 2033 4094 2179 4150; x_wconf 90' lang='lat' dir='ltr'>dum</span> 
     </span>
    </p>
   </div>
   <div class='ocr_carea' id='block_1_84' title="bbox 529 4181 2180 4256">
    <p class='ocr_par' dir='ltr' id='par_1_84' title="bbox 529 4181 2180 4256">
     <span class='ocr_line' id='line_1_84' title="bbox 529 4181 2180 4256; baseline 0.002 -19"><span class='ocrx_word' id='word_1_599' title='bbox 529 4181 661 4238; x_wconf 91' lang='lat' dir='ltr'>sani</span> <span class='ocrx_word' id='word_1_600' title='bbox 713 4181 793 4239; x_wconf 91' lang='lat' dir='ltr'>ad</span> <span class='ocrx_word' id='word_1_601' title='bbox 831 4187 995 4238; x_wconf 89' lang='lat' dir='ltr'>tuam</span> <span class='ocrx_word' id='word_1_602' title='bbox 1050 4198 1111 4238; x_wconf 93' lang='lat' dir='ltr'>se</span> <span class='ocrx_word' id='word_1_603' title='bbox 1161 4182 1539 4238; x_wconf 88' lang='lat' dir='ltr'>sanctitatem</span> <span class='ocrx_word' id='word_1_604' title='bbox 1589 4181 1953 4253; x_wconf 87' lang='lat' dir='ltr'>adjungunt,</span> <span class='ocrx_word' id='word_1_605' title='bbox 1995 4188 2048 4239; x_wconf 91' lang='lat' dir='ltr'>et</span> <span class='ocrx_word' id='word_1_606' title='bbox 2077 4185 2180 4256; x_wconf 91' lang='lat' dir='ltr'>qui</span> 
     </span>
    </p>
   </div>
   <div class='ocr_carea' id='block_1_85' title="bbox 527 4269 2180 4339">
    <p class='ocr_par' dir='ltr' id='par_1_85' title="bbox 527 4269 2180 4339">
     <span class='ocr_line' id='line_1_85' title="bbox 527 4269 2180 4339; baseline 0.001 -13"><span class='ocrx_word' id='word_1_607' title='bbox 527 4271 688 4328; x_wconf 90' lang='lat' dir='ltr'>circa</span> <span class='ocrx_word' id='word_1_608' title='bbox 714 4286 920 4327; x_wconf 85' lang='lat' dir='ltr'>veram</span> <span class='ocrx_word' id='word_1_609' title='bbox 936 4270 1120 4326; x_wconf 89' lang='lat' dir='ltr'>ﬁdem</span> <span class='ocrx_word' id='word_1_610' title='bbox 1144 4269 1507 4339; x_wconf 88' lang='lat' dir='ltr'>claudicant,</span> <span class='ocrx_word' id='word_1_611' title='bbox 1551 4269 1849 4326; x_wconf 89' lang='lat' dir='ltr'>manifesti</span> <span class='ocrx_word' id='word_1_612' title='bbox 1896 4271 2180 4328; x_wconf 88' lang='lat' dir='ltr'>omnibus</span> 
     </span>
    </p>
   </div>
   <div class='ocr_carea' id='block_1_86' title="bbox 525 4359 2189 4455">
    <p class='ocr_par' dir='ltr' id='par_1_86' title="bbox 525 4359 2173 4432">
     <span class='ocr_line' id='line_1_86' title="bbox 525 4359 2173 4432; baseline 0.001 -16"><span class='ocrx_word' id='word_1_613' title='bbox 525 4360 680 4418; x_wconf 86' lang='lat' dir='ltr'>fiunt</span> <span class='ocrx_word' id='word_1_614' title='bbox 708 4379 721 4430; x_wconf 91' lang='lat'><strong>;</strong></span> <span class='ocrx_word' id='word_1_615' title='bbox 775 4361 859 4417; x_wconf 91' lang='lat' dir='ltr'>ita</span> <span class='ocrx_word' id='word_1_616' title='bbox 899 4365 966 4416; x_wconf 91' lang='lat' dir='ltr'>ut</span> <span class='ocrx_word' id='word_1_617' title='bbox 1017 4359 1302 4432; x_wconf 89' lang='lat' dir='ltr'>deinceps</span> <span class='ocrx_word' id='word_1_618' title='bbox 1332 4375 1436 4415; x_wconf 92' lang='lat' dir='ltr'>eos</span> <span class='ocrx_word' id='word_1_619' title='bbox 1469 4359 1572 4432; x_wconf 91' lang='lat' dir='ltr'>qui</span> <span class='ocrx_word' id='word_1_620' title='bbox 1611 4359 1772 4414; x_wconf 90' lang='lat' dir='ltr'>idem</span> <span class='ocrx_word' id='word_1_621' title='bbox 1797 4375 1866 4414; x_wconf 90' lang='lat' dir='ltr'>ac</span> <span class='ocrx_word' id='word_1_622' title='bbox 1890 4375 2001 4415; x_wconf 92' lang='lat' dir='ltr'>nos</span> <span class='ocrx_word' id='word_1_623' title='bbox 2032 4377 2173 4417; x_wconf 90' lang='lat' dir='ltr'>sen-</span> 
     </span>
    </p>
   </div>
   <div class='ocr_carea' id='block_1_87' title="bbox 2304 4359 3908 4455">
    <p class='ocr_par' dir='ltr' id='par_1_87' title="bbox 2304 4365 3908 4440">
     <span class='ocr_line' id='line_1_87' title="bbox 2304 4365 3908 4440; baseline 0.006 -25"><span class='ocrx_word' id='word_1_624' title='bbox 2304 4373 2506 4424; x_wconf 77' lang='grc' dir='ltr'><em>τοιῆσαι</em></span> <span class='ocrx_word' id='word_1_625' title='bbox 2531 4381 2543 4394; x_wconf 91' lang='grc'><strong>·</strong></span> <span class='ocrx_word' id='word_1_626' title='bbox 2599 4367 2731 4417; x_wconf 77' lang='grc' dir='ltr'><em>ὥστε</em></span> <span class='ocrx_word' id='word_1_627' title='bbox 2761 4374 2851 4418; x_wconf 86' lang='grc' dir='ltr'>τοῦ</span> <span class='ocrx_word' id='word_1_628' title='bbox 2903 4365 3084 4418; x_wconf 88' lang='grc' dir='ltr'><em>λοιποῦ</em></span> <span class='ocrx_word' id='word_1_629' title='bbox 3123 4367 3394 4440; x_wconf 78' lang='grc' dir='ltr'><em>γνωρίζειν</em></span> <span class='ocrx_word' id='word_1_630' title='bbox 3425 4370 3564 4440; x_wconf 75' lang='grc' dir='ltr'><em>ἡμᾶς</em></span> <span class='ocrx_word' id='word_1_631' title='bbox 3597 4375 3724 4432; x_wconf 77' lang='grc' dir='ltr'><em>τοὺς</em></span> <span class='ocrx_word' id='word_1_632' title='bbox 3771 4374 3908 4426; x_wconf 62' lang='lat' dir='ltr'>6w}-</span> 
     </span>
    </p>
   </div>
   <div class='ocr_carea' id='block_1_88' title="bbox 523 4448 2177 4523">
    <p class='ocr_par' dir='ltr' id='par_1_88' title="bbox 523 4448 2177 4523">
     <span class='ocr_line' id='line_1_88' title="bbox 523 4448 2177 4523; baseline 0 -17"><span class='ocrx_word' id='word_1_633' title='bbox 523 4450 697 4517; x_wconf 85' lang='lat' dir='ltr'>tiunt,</span> <span class='ocrx_word' id='word_1_634' title='bbox 722 4465 1147 4521; x_wconf 84' lang='lat' dir='ltr'>agnoscamus,</span> <span class='ocrx_word' id='word_1_635' title='bbox 1197 4464 1307 4504; x_wconf 91' lang='lat' dir='ltr'>nec</span> <span class='ocrx_word' id='word_1_636' title='bbox 1344 4449 1473 4520; x_wconf 90' lang='lat' dir='ltr'>jam</span> <span class='ocrx_word' id='word_1_637' title='bbox 1494 4448 1652 4505; x_wconf 90' lang='lat' dir='ltr'>velut</span> <span class='ocrx_word' id='word_1_638' title='bbox 1670 4448 1732 4504; x_wconf 91' lang='lat' dir='ltr'>in</span> <span class='ocrx_word' id='word_1_639' title='bbox 1755 4453 2050 4505; x_wconf 90' lang='lat' dir='ltr'>nocturna</span> <span class='ocrx_word' id='word_1_640' title='bbox 2067 4467 2177 4523; x_wconf 89' lang='lat' dir='ltr'>pu-</span> 
     </span>
    </p>
   </div>
   <div class='ocr_carea' id='block_1_89' title="bbox 523 4538 2174 4610">
    <p class='ocr_par' dir='ltr' id='par_1_89' title="bbox 523 4538 2174 4610">
     <span class='ocr_line' id='line_1_89' title="bbox 523 4538 2174 4610; baseline 0 -14"><span class='ocrx_word' id='word_1_641' title='bbox 523 4555 644 4610; x_wconf 83' lang='lat' dir='ltr'>gna</span> <span class='ocrx_word' id='word_1_642' title='bbox 684 4541 918 4596; x_wconf 89' lang='lat' dir='ltr'>nullum</span> <span class='ocrx_word' id='word_1_643' title='bbox 973 4541 1047 4597; x_wconf 93' lang='lat' dir='ltr'>sit</span> <span class='ocrx_word' id='word_1_644' title='bbox 1097 4540 1430 4596; x_wconf 90' lang='lat' dir='ltr'>amicorum</span> <span class='ocrx_word' id='word_1_645' title='bbox 1469 4543 1525 4595; x_wconf 91' lang='lat' dir='ltr'>et</span> <span class='ocrx_word' id='word_1_646' title='bbox 1559 4538 1941 4594; x_wconf 90' lang='lat' dir='ltr'>inimicorum</span> <span class='ocrx_word' id='word_1_647' title='bbox 1963 4539 2174 4596; x_wconf 85' lang='lat' dir='ltr'>discri-</span> 
     </span>
    </p>
   </div>
   <div class='ocr_carea' id='block_1_90' title="bbox 520 4628 2173 4701">
    <p class='ocr_par' dir='ltr' id='par_1_90' title="bbox 520 4628 2173 4701">
     <span class='ocr_line' id='line_1_90' title="bbox 520 4628 2173 4701; baseline 0 -16"><span class='ocrx_word' id='word_1_648' title='bbox 520 4645 682 4685; x_wconf 89' lang='lat' dir='ltr'>men.</span> <span class='ocrx_word' id='word_1_649' title='bbox 701 4632 1021 4686; x_wconf 85' lang='lat' dir='ltr'>Hortamur</span> <span class='ocrx_word' id='word_1_650' title='bbox 1041 4629 1257 4695; x_wconf 91' lang='lat' dir='ltr'>solum,</span> <span class='ocrx_word' id='word_1_651' title='bbox 1303 4629 1588 4684; x_wconf 89' lang='lat' dir='ltr'>utstatim</span> <span class='ocrx_word' id='word_1_652' title='bbox 1610 4628 1689 4684; x_wconf 90' lang='lat' dir='ltr'>ad</span> <span class='ocrx_word' id='word_1_653' title='bbox 1716 4629 1976 4701; x_wconf 90' lang='lat' dir='ltr'>primam</span> <span class='ocrx_word' id='word_1_654' title='bbox 2009 4629 2173 4686; x_wconf 88' lang='lat' dir='ltr'>navi-</span> 
     </span>
    </p>
   </div>
   <div class='ocr_carea' id='block_1_91' title="bbox 519 4717 2173 4792">
    <p class='ocr_par' dir='ltr' id='par_1_91' title="bbox 519 4717 2173 4792">
     <span class='ocr_line' id='line_1_91' title="bbox 519 4717 2173 4792; baseline 0 -18"><span class='ocrx_word' id='word_1_655' title='bbox 519 4719 825 4790; x_wconf 84' lang='lat' dir='ltr'>gationem</span> <span class='ocrx_word' id='word_1_656' title='bbox 863 4717 1188 4792; x_wconf 81' lang='lat' dir='ltr'>praedictus</span> <span class='ocrx_word' id='word_1_657' title='bbox 1227 4717 1522 4774; x_wconf 90' lang='lat' dir='ltr'>diaconus</span> <span class='ocrx_word' id='word_1_658' title='bbox 1564 4717 1847 4784; x_wconf 87' lang='lat' dir='ltr'>mittatur,</span> <span class='ocrx_word' id='word_1_659' title='bbox 1891 4721 1955 4772; x_wconf 91' lang='lat' dir='ltr'>ut</span> <span class='ocrx_word' id='word_1_660' title='bbox 1985 4719 2173 4790; x_wconf 89' lang='lat' dir='ltr'>possit</span> 
     </span>
    </p>
   </div>
   <div class='ocr_carea' id='block_1_92' title="bbox 519 4805 2166 4881">
    <p class='ocr_par' dir='ltr' id='par_1_92' title="bbox 519 4805 2166 4881">
     <span class='ocr_line' id='line_1_92' title="bbox 519 4805 2166 4881; baseline 0.001 -19"><span class='ocrx_word' id='word_1_661' title='bbox 519 4805 731 4864; x_wconf 89' lang='lat' dir='ltr'>saltem</span> <span class='ocrx_word' id='word_1_662' title='bbox 777 4823 938 4865; x_wconf 91' lang='lat' dir='ltr'>anno</span> <span class='ocrx_word' id='word_1_663' title='bbox 966 4807 1239 4881; x_wconf 91' lang='lat' dir='ltr'>sequenti</span> <span class='ocrx_word' id='word_1_664' title='bbox 1290 4806 1517 4880; x_wconf 88' lang='lat' dir='ltr'>aliquid</span> <span class='ocrx_word' id='word_1_665' title='bbox 1538 4822 1769 4875; x_wconf 78' lang='lat' dir='ltr'>eorum,</span> <span class='ocrx_word' id='word_1_666' title='bbox 1797 4823 1932 4880; x_wconf 71' lang='lat' dir='ltr'>quae</span> <span class='ocrx_word' id='word_1_667' title='bbox 1962 4823 2166 4881; x_wconf 84' lang='lat' dir='ltr'>preca-</span> 
     </span>
    </p>
   </div>
   <div class='ocr_carea' id='block_1_93' title="bbox 2295 3829 3909 3904">
    <p class='ocr_par' dir='ltr' id='par_1_93' title="bbox 2295 3829 3909 3904">
     <span class='ocr_line' id='line_1_93' title="bbox 2295 3829 3909 3904; baseline 0.004 -22"><span class='ocrx_word' id='word_1_668' title='bbox 2295 3833 2360 3890; x_wconf 84' lang='grc' dir='ltr'><em>ὡς</em></span> <span class='ocrx_word' id='word_1_669' title='bbox 2412 3834 2469 3882; x_wconf 89' lang='grc' dir='ltr'>τό</span> <span class='ocrx_word' id='word_1_670' title='bbox 2519 3831 2570 3894; x_wconf 79' lang='grc' dir='ltr'><em>ἐξ</em></span> <span class='ocrx_word' id='word_1_671' title='bbox 2614 3829 2791 3903; x_wconf 85' lang='grc' dir='ltr'><em>ἀρχῆς</em></span> <span class='ocrx_word' id='word_1_672' title='bbox 2835 3830 2951 3883; x_wconf 82' lang='grc' dir='ltr'><em>κατ’</em></span> <span class='ocrx_word' id='word_1_673' title='bbox 2982 3833 3194 3903; x_wconf 78' lang='grc' dir='ltr'><em>ἄγνοιαν</em></span> <span class='ocrx_word' id='word_1_674' title='bbox 3241 3841 3336 3894; x_wconf 85' lang='grc' dir='ltr'>τῆς</span> <span class='ocrx_word' id='word_1_675' title='bbox 3384 3831 3650 3904; x_wconf 77' lang='grc' dir='ltr'><em>ἀληθείας,</em></span> <span class='ocrx_word' id='word_1_676' title='bbox 3685 3843 3783 3889; x_wconf 81' lang='grc' dir='ltr'><em>καὶ</em></span> <span class='ocrx_word' id='word_1_677' title='bbox 3846 3839 3909 3898; x_wconf 80' lang='grc' dir='ltr'><em>εἰς</em></span> 
     </span>
    </p>
   </div>
   <div class='ocr_carea' id='block_1_94' title="bbox 2292 3919 3906 3998">
    <p class='ocr_par' dir='ltr' id='par_1_94' title="bbox 2292 3919 3906 3998">
     <span class='ocr_line' id='line_1_94' title="bbox 2292 3919 3906 3998; baseline 0.005 -28"><span class='ocrx_word' id='word_1_678' title='bbox 2292 3924 2559 3972; x_wconf 85' lang='grc' dir='ltr'><em>κοινωνίαν</em></span> <span class='ocrx_word' id='word_1_679' title='bbox 2604 3919 2758 3972; x_wconf 71' lang='grc' dir='ltr'><em>αὐτόν</em></span> <span class='ocrx_word' id='word_1_680' title='bbox 2811 3920 3254 3979; x_wconf 82' lang='grc' dir='ltr'><em>ἐκκλησιαστικήν</em></span> <span class='ocrx_word' id='word_1_681' title='bbox 3301 3919 3725 3997; x_wconf 61' lang='grc' dir='ltr'><em>παραδεξάμενοι</em></span> <span class='ocrx_word' id='word_1_682' title='bbox 3771 3931 3906 3998; x_wconf 75' lang='lat'>(7&#39;2).</span> 
     </span>
    </p>
   </div>
   <div class='ocr_carea' id='block_1_95' title="bbox 2297 4005 3912 4084">
    <p class='ocr_par' dir='ltr' id='par_1_95' title="bbox 2297 4005 3912 4084">
     <span class='ocr_line' id='line_1_95' title="bbox 2297 4005 3912 4084; baseline 0.005 -25"><span class='ocrx_word' id='word_1_683' title='bbox 2297 4008 2518 4060; x_wconf 81' lang='grc' dir='ltr'><em>Ἐκείνου</em></span> <span class='ocrx_word' id='word_1_684' title='bbox 2558 4027 2610 4060; x_wconf 85' lang='grc' dir='ltr'>τε</span> <span class='ocrx_word' id='word_1_685' title='bbox 2641 4005 2727 4060; x_wconf 72' lang='grc' dir='ltr'><em>οὖν</em></span> <span class='ocrx_word' id='word_1_686' title='bbox 2779 4011 3078 4081; x_wconf 81' lang='grc' dir='ltr'><em>μνησθῆναι</em></span> <span class='ocrx_word' id='word_1_687' title='bbox 3131 4013 3429 4084; x_wconf 85' lang='grc' dir='ltr'><em>πρεπόντως</em></span> <span class='ocrx_word' id='word_1_688' title='bbox 3460 4009 3674 4064; x_wconf 88' lang='grc' dir='ltr'><em>ἀπαιτεί</em></span> <span class='ocrx_word' id='word_1_689' title='bbox 3702 4016 3778 4065; x_wconf 80' lang='grc' dir='ltr'><em>τὰ</em></span> <span class='ocrx_word' id='word_1_690' title='bbox 3814 4037 3912 4067; x_wconf 81' lang='grc' dir='ltr'><em>πα-</em></span> 
     </span>
    </p>
   </div>
   <div class='ocr_carea' id='block_1_96' title="bbox 2289 4096 3907 4178">
    <p class='ocr_par' dir='ltr' id='par_1_96' title="bbox 2289 4096 3907 4178">
     <span class='ocr_line' id='line_1_96' title="bbox 2289 4096 3907 4178; baseline 0.002 -28"><span class='ocrx_word' id='word_1_691' title='bbox 2289 4102 2467 4170; x_wconf 88' lang='grc' dir='ltr'><em>ρόντα,</em></span> <span class='ocrx_word' id='word_1_692' title='bbox 2500 4101 2633 4150; x_wconf 81' lang='grc' dir='ltr'><em>ὥστε</em></span> <span class='ocrx_word' id='word_1_693' title='bbox 2657 4102 2727 4170; x_wconf 80' lang='grc' dir='ltr'>μὴ</span> <span class='ocrx_word' id='word_1_694' title='bbox 2761 4101 2903 4170; x_wconf 83' lang='grc' dir='ltr'><em>ἔχειν</em></span> <span class='ocrx_word' id='word_1_695' title='bbox 2935 4096 3194 4173; x_wconf 70' lang='grc' dir='ltr'><em>ἀφορμὴν,</em></span> <span class='ocrx_word' id='word_1_696' title='bbox 3225 4103 3344 4159; x_wconf 76' lang='grc' dir='ltr'><em>τοὺς</em></span> <span class='ocrx_word' id='word_1_697' title='bbox 3373 4099 3603 4161; x_wconf 72' lang='grc' dir='ltr'><em>θελοντας</em></span> <span class='ocrx_word' id='word_1_698' title='bbox 3633 4099 3907 4178; x_wconf 68' lang='grc' dir='ltr'><em>ἀφορμήν,</em></span> 
     </span>
    </p>
   </div>
   <div class='ocr_carea' id='block_1_97' title="bbox 2289 4186 3911 4261">
    <p class='ocr_par' dir='ltr' id='par_1_97' title="bbox 2289 4186 3911 4261">
     <span class='ocr_line' id='line_1_97' title="bbox 2289 4186 3911 4261; baseline 0.005 -24"><span class='ocrx_word' id='word_1_699' title='bbox 2289 4186 2343 4237; x_wconf 87' lang='grc' dir='ltr'>ἐκ</span> <span class='ocrx_word' id='word_1_700' title='bbox 2373 4194 2463 4238; x_wconf 83' lang='grc' dir='ltr'>τοῦ</span> <span class='ocrx_word' id='word_1_701' title='bbox 2494 4195 2555 4259; x_wconf 73' lang='grc' dir='ltr'><em>τῇ</em></span> <span class='ocrx_word' id='word_1_702' title='bbox 2592 4195 2656 4260; x_wconf 71' lang='grc' dir='ltr'><em>σῇ</em></span> <span class='ocrx_word' id='word_1_703' title='bbox 2691 4188 2931 4244; x_wconf 78' lang='grc' dir='ltr'><em>ὁσιότητι</em></span> <span class='ocrx_word' id='word_1_704' title='bbox 2964 4190 3241 4240; x_wconf 83' lang='grc' dir='ltr'><em>συνάπτειν</em></span> <span class='ocrx_word' id='word_1_705' title='bbox 3272 4192 3394 4250; x_wconf 74' lang='grc' dir='ltr'><em>τοὺς</em></span> <span class='ocrx_word' id='word_1_706' title='bbox 3424 4191 3784 4261; x_wconf 70' lang='grc' dir='ltr'><em>ὑγιαίνοντας,</em></span> <span class='ocrx_word' id='word_1_707' title='bbox 3822 4199 3911 4245; x_wconf 78' lang='grc' dir='ltr'><em>καὶ</em></span> 
     </span>
    </p>
   </div>
   <div class='ocr_carea' id='block_1_98' title="bbox 2287 4275 3911 4355">
    <p class='ocr_par' dir='ltr' id='par_1_98' title="bbox 2287 4275 3911 4355">
     <span class='ocr_line' id='line_1_98' title="bbox 2287 4275 3911 4355; baseline 0.006 -29"><span class='ocrx_word' id='word_1_708' title='bbox 2287 4279 2402 4336; x_wconf 74' lang='grc' dir='ltr'><em>τοὺς</em></span> <span class='ocrx_word' id='word_1_709' title='bbox 2431 4279 2555 4350; x_wconf 81' lang='grc' dir='ltr'><em>πρὸς</em></span> <span class='ocrx_word' id='word_1_710' title='bbox 2585 4281 2678 4334; x_wconf 76' lang='grc' dir='ltr'>τῆν</span> <span class='ocrx_word' id='word_1_711' title='bbox 2710 4275 2873 4336; x_wconf 86' lang='grc' dir='ltr'><em>ἀληθῆ</em></span> <span class='ocrx_word' id='word_1_712' title='bbox 2921 4282 3100 4329; x_wconf 90' lang='grc' dir='ltr'><em>πίστιν</em></span> <span class='ocrx_word' id='word_1_713' title='bbox 3131 4276 3440 4339; x_wconf 80' lang='grc' dir='ltr'><em>όκλάζοντας</em></span> <span class='ocrx_word' id='word_1_714' title='bbox 3485 4285 3740 4355; x_wconf 70' lang='grc' dir='ltr'><em>φανεροὺς</em></span> <span class='ocrx_word' id='word_1_715' title='bbox 3770 4291 3911 4335; x_wconf 74' lang='grc' dir='ltr'><em>πᾶσι</em></span> 
     </span>
    </p>
   </div>
   <div class='ocr_carea' id='block_1_99' title="bbox 2286 4455 3910 4534">
    <p class='ocr_par' dir='ltr' id='par_1_99' title="bbox 2286 4455 3910 4534">
     <span class='ocr_line' id='line_1_99' title="bbox 2286 4455 3910 4534; baseline 0.006 -29"><span class='ocrx_word' id='word_1_716' title='bbox 2286 4468 2508 4529; x_wconf 72' lang='grc' dir='ltr'><em>φρονας·</em></span> <span class='ocrx_word' id='word_1_717' title='bbox 2569 4459 2658 4506; x_wconf 84' lang='grc' dir='ltr'><em>καὶ</em></span> <span class='ocrx_word' id='word_1_718' title='bbox 2731 4460 2846 4527; x_wconf 83' lang='grc' dir='ltr'>μὴ,</span> <span class='ocrx_word' id='word_1_719' title='bbox 2915 4457 2981 4517; x_wconf 82' lang='grc' dir='ltr'><em>ὡς</em></span> <span class='ocrx_word' id='word_1_720' title='bbox 3050 4455 3096 4507; x_wconf 87' lang='grc' dir='ltr'><em>ἑν</em></span> <span class='ocrx_word' id='word_1_721' title='bbox 3173 4462 3554 4530; x_wconf 72' lang='grc' dir='ltr'><em>νυκτομαχίᾳ.</em></span> <span class='ocrx_word' id='word_1_722' title='bbox 3617 4457 3910 4534; x_wconf 63' lang='grc' dir='ltr'><em>μηδεμιαν</em></span> 
     </span>
    </p>
   </div>
   <div class='ocr_carea' id='block_1_100' title="bbox 2285 4541 3910 4625">
    <p class='ocr_par' dir='ltr' id='par_1_100' title="bbox 2285 4541 3910 4625">
     <span class='ocr_line' id='line_1_100' title="bbox 2285 4541 3910 4625; baseline 0.004 -31"><span class='ocrx_word' id='word_1_723' title='bbox 2285 4543 2438 4616; x_wconf 73' lang='grc' dir='ltr'><em>φίλων</em></span> <span class='ocrx_word' id='word_1_724' title='bbox 2503 4549 2593 4596; x_wconf 85' lang='grc' dir='ltr'><em>καὶ</em></span> <span class='ocrx_word' id='word_1_725' title='bbox 2648 4544 2903 4616; x_wconf 82' lang='grc' dir='ltr'><em>πολεμίων</em></span> <span class='ocrx_word' id='word_1_726' title='bbox 2949 4547 3088 4616; x_wconf 71' lang='grc' dir='ltr'><em>ἔχειν</em></span> <span class='ocrx_word' id='word_1_727' title='bbox 3152 4541 3444 4620; x_wconf 78' lang='grc' dir='ltr'><em>διάκρισιν,</em></span> <span class='ocrx_word' id='word_1_728' title='bbox 3500 4552 3668 4599; x_wconf 84' lang='grc' dir='ltr'><em>Μόνον</em></span> <span class='ocrx_word' id='word_1_729' title='bbox 3729 4571 3910 4625; x_wconf 75' lang='grc' dir='ltr'><em>παρα-</em></span> 
     </span>
    </p>
   </div>
   <div class='ocr_carea' id='block_1_101' title="bbox 2282 4631 3908 4710">
    <p class='ocr_par' dir='ltr' id='par_1_101' title="bbox 2282 4631 3908 4710">
     <span class='ocr_line' id='line_1_101' title="bbox 2282 4631 3908 4710; baseline -0.004 -25"><span class='ocrx_word' id='word_1_730' title='bbox 2282 4631 2531 4705; x_wconf 86' lang='grc' dir='ltr'><em>καλοῦμεν</em></span> <span class='ocrx_word' id='word_1_731' title='bbox 2590 4633 2741 4695; x_wconf 73' lang='grc' dir='ltr'><em>εῦθυς</em></span> <span class='ocrx_word' id='word_1_732' title='bbox 2793 4635 2890 4685; x_wconf 78' lang='grc' dir='ltr'>ὑπὸ</span> <span class='ocrx_word' id='word_1_733' title='bbox 2923 4636 3008 4685; x_wconf 85' lang='grc' dir='ltr'>τόν</span> <span class='ocrx_word' id='word_1_734' title='bbox 3067 4642 3269 4708; x_wconf 75' lang='grc' dir='ltr'><em>πρῶτον</em></span> <span class='ocrx_word' id='word_1_735' title='bbox 3331 4633 3488 4686; x_wconf 63' lang='grc' dir='ltr'><em>πλεῦν</em></span> <span class='ocrx_word' id='word_1_736' title='bbox 3531 4635 3908 4710; x_wconf 55' lang='grc' dir='ltr'><em>ἐκπεμφθῆναι</em></span> 
     </span>
    </p>
   </div>
   <div class='ocr_carea' id='block_1_102' title="bbox 2280 4719 3909 4797">
    <p class='ocr_par' dir='ltr' id='par_1_102' title="bbox 2280 4719 3909 4797">
     <span class='ocr_line' id='line_1_102' title="bbox 2280 4719 3909 4797; baseline 0.002 -23"><span class='ocrx_word' id='word_1_737' title='bbox 2280 4725 2366 4774; x_wconf 89' lang='grc' dir='ltr'>τόν</span> <span class='ocrx_word' id='word_1_738' title='bbox 2405 4727 2770 4796; x_wconf 85' lang='grc' dir='ltr'><em>προειρημένον</em></span> <span class='ocrx_word' id='word_1_739' title='bbox 2804 4719 3066 4786; x_wconf 76' lang='grc' dir='ltr'><em>διάκονον,</em></span> <span class='ocrx_word' id='word_1_740' title='bbox 3102 4725 3187 4774; x_wconf 76' lang='grc' dir='ltr'><em>ἵνα</em></span> <span class='ocrx_word' id='word_1_741' title='bbox 3233 4719 3434 4796; x_wconf 69' lang='grc' dir='ltr'><em>δυνηθῇ</em></span> <span class='ocrx_word' id='word_1_742' title='bbox 3492 4729 3629 4777; x_wconf 86' lang='grc' dir='ltr'>κατά</span> <span class='ocrx_word' id='word_1_743' title='bbox 3654 4738 3801 4797; x_wconf 71' lang='grc' dir='ltr'><em>γοῦν</em></span> <span class='ocrx_word' id='word_1_744' title='bbox 3854 4734 3909 4781; x_wconf 73' lang='grc' dir='ltr'>’ὸ</span> 
     </span>
    </p>
   </div>
   <div class='ocr_carea' id='block_1_103' title="bbox 2280 4811 3912 4887">
    <p class='ocr_par' dir='ltr' id='par_1_103' title="bbox 2280 4811 3912 4887">
     <span class='ocr_line' id='line_1_103' title="bbox 2280 4811 3912 4887; baseline 0.004 -24"><span class='ocrx_word' id='word_1_745' title='bbox 2280 4811 2457 4884; x_wconf 73' lang='grc' dir='ltr'><em>ἑφεξῆς</em></span> <span class='ocrx_word' id='word_1_746' title='bbox 2509 4813 2618 4872; x_wconf 84' lang='grc' dir='ltr'><em>ἔτος</em></span> <span class='ocrx_word' id='word_1_747' title='bbox 2666 4812 2905 4882; x_wconf 81' lang='grc' dir='ltr'><em>γενέσθαι</em></span> <span class='ocrx_word' id='word_1_748' title='bbox 2959 4831 3052 4878; x_wconf 87' lang='grc' dir='ltr'>τι,</span> <span class='ocrx_word' id='word_1_749' title='bbox 3103 4812 3170 4862; x_wconf 79' lang='grc' dir='ltr'><em>ὧν</em></span> <span class='ocrx_word' id='word_1_750' title='bbox 3227 4816 3642 4887; x_wconf 83' lang='grc' dir='ltr'><em>προσευχόμεθα</em></span> <span class='ocrx_word' id='word_1_751' title='bbox 3734 4818 3912 4872; x_wconf 79' lang='grc' dir='ltr'><em>Ἐκεῖ-</em></span> 
     </span>
    </p>
   </div>
   <div class='ocr_carea' id='block_1_104' title="bbox 2273 5024 3916 5103">
    <p class='ocr_par' dir='ltr' id='par_1_104' title="bbox 2273 5024 3916 5103">
     <span class='ocr_line' id='line_1_104' title="bbox 2273 5024 3916 5103; baseline 0.007 -27"><span class='ocrx_word' id='word_1_752' title='bbox 2273 5029 2426 5103; x_wconf 73' lang='grc' dir='ltr'><em>μίνῳ,</em></span> <span class='ocrx_word' id='word_1_753' title='bbox 2444 5025 2620 5103; x_wconf 71' lang='lat' dir='ltr'>_v_el_ut</span> <span class='ocrx_word' id='word_1_754' title='bbox 2649 5029 2735 5081; x_wconf 87' lang='lat' dir='ltr'>est</span> <span class='ocrx_word' id='word_1_755' title='bbox 2755 5024 3102 5103; x_wconf 26' lang='lat' dir='ltr'>in‘edi_t_ione</span> <span class='ocrx_word' id='word_1_756' title='bbox 3131 5028 3358 5103; x_wconf 52' lang='lat' dir='ltr'>fingam</span> <span class='ocrx_word' id='word_1_757' title='bbox 3386 5026 3537 5103; x_wconf 41' lang='lat' dir='ltr'>3a}?</span> <span class='ocrx_word' id='word_1_758' title='bbox 3589 5028 3916 5103; x_wconf 76' lang='grc' dir='ltr'><em>Ἀριμῖνον.</em></span> 
     </span>
    </p>
   </div>
   <div class='ocr_carea' id='block_1_105' title="bbox 2345 5096 3916 5170">
    <p class='ocr_par' dir='ltr' id='par_1_105' title="bbox 2345 5096 3916 5170">
     <span class='ocr_line' id='line_1_105' title="bbox 2345 5096 3916 5170; baseline 0.006 -20"><span class='ocrx_word' id='word_1_759' title='bbox 2345 5099 2458 5165; x_wconf 83' lang='lat'>(70)</span> <span class='ocrx_word' id='word_1_760' title='bbox 2491 5097 2777 5170; x_wconf 78' lang='grc' dir='ltr'><em>Ἐξορίσαι.</em></span> <span class='ocrx_word' id='word_1_761' title='bbox 2817 5100 2902 5152; x_wconf 88' lang='lat' dir='ltr'>Ita</span> <span class='ocrx_word' id='word_1_762' title='bbox 2932 5096 3340 5170; x_wconf 32' lang='lat' dir='ltr'>Meitllarl“</span> <span class='ocrx_word' id='word_1_763' title='bbox 3376 5098 3551 5153; x_wconf 89' lang='lat' dir='ltr'>Coisl.</span> <span class='ocrx_word' id='word_1_764' title='bbox 3629 5096 3916 5170; x_wconf 76' lang='lat' dir='ltr'>utérque</span> 
     </span>
    </p>
   </div>
   <div class='ocr_carea' id='block_1_106' title="bbox 2273 5167 3918 5242">
    <p class='ocr_par' dir='ltr' id='par_1_106' title="bbox 2273 5167 3918 5242">
     <span class='ocr_line' id='line_1_106' title="bbox 2273 5167 3918 5242; baseline 0.006 -21"><span class='ocrx_word' id='word_1_765' title='bbox 2273 5171 2330 5242; x_wconf 90' lang='lat' dir='ltr'>e_t</span> <span class='ocrx_word' id='word_1_766' title='bbox 2362 5170 2497 5235; x_wconf 78' lang='lat' dir='ltr'>Heg.</span> <span class='ocrx_word' id='word_1_767' title='bbox 2531 5167 2853 5242; x_wconf 72' lang='lat' dir='ltr'>seetindus.</span> <span class='ocrx_word' id='word_1_768' title='bbox 2894 5167 3040 5242; x_wconf 81' lang='lat' dir='ltr'>Editi</span> <span class='ocrx_word' id='word_1_769' title='bbox 3083 5168 3433 5242; x_wconf 75' lang='grc' dir='ltr'><em>ἐξορίζεσθαι.</em></span> <span class='ocrx_word' id='word_1_770' title='bbox 3488 5171 3743 5242; x_wconf 80' lang='lat' dir='ltr'>Habent</span> <span class='ocrx_word' id='word_1_771' title='bbox 3799 5167 3918 5230; x_wconf 74' lang='lat' dir='ltr'>ibi-</span> 
     </span>
    </p>
   </div>
   <div class='ocr_carea' id='block_1_107' title="bbox 2271 5235 3639 5310">
    <p class='ocr_par' dir='ltr' id='par_1_107' title="bbox 2271 5235 3639 5310">
     <span class='ocr_line' id='line_1_107' title="bbox 2271 5235 3639 5310; baseline 0 -18"><span class='ocrx_word' id='word_1_772' title='bbox 2271 5237 2410 5294; x_wconf 85' lang='lat' dir='ltr'>dem</span> <span class='ocrx_word' id='word_1_773' title='bbox 2436 5239 2589 5310; x_wconf 67' lang='lat' dir='ltr'>Med.</span> <span class='ocrx_word' id='word_1_774' title='bbox 2613 5245 2671 5294; x_wconf 88' lang='lat' dir='ltr'>et</span> <span class='ocrx_word' id='word_1_775' title='bbox 2701 5239 2858 5310; x_wconf 78' lang='lat' dir='ltr'>Harl.</span> <span class='ocrx_word' id='word_1_776' title='bbox 2884 5235 3222 5310; x_wconf 70' lang='grc' dir='ltr'><em>ὑγιαινούσης</em></span> <span class='ocrx_word' id='word_1_777' title='bbox 3256 5235 3639 5302; x_wconf 72' lang='grc' dir='ltr'><em>διδασκαλίας.</em></span> 
     </span>
    </p>
   </div>
   <div class='ocr_carea' id='block_1_108' title="bbox 2339 5307 3907 5384">
    <p class='ocr_par' dir='ltr' id='par_1_108' title="bbox 2339 5307 3907 5384">
     <span class='ocr_line' id='line_1_108' title="bbox 2339 5307 3907 5384; baseline 0.007 -21"><span class='ocrx_word' id='word_1_778' title='bbox 2339 5315 2452 5384; x_wconf 81' lang='grc'>(71)</span> <span class='ocrx_word' id='word_1_779' title='bbox 2482 5308 2735 5384; x_wconf 70' lang='grc' dir='ltr'><em>Οὗδαμοῦ</em></span> <span class='ocrx_word' id='word_1_780' title='bbox 2763 5307 3234 5384; x_wconf 53' lang='lat' dir='ltr'>dtué‘zlovfs;._1ttl</span> <span class='ocrx_word' id='word_1_781' title='bbox 3265 5310 3447 5371; x_wconf 84' lang='lat' dir='ltr'>Harl..</span> <span class='ocrx_word' id='word_1_782' title='bbox 3478 5313 3654 5380; x_wconf 86' lang='lat' dir='ltr'>Med.,</span> <span class='ocrx_word' id='word_1_783' title='bbox 3691 5315 3907 5374; x_wconf 86' lang='lat' dir='ltr'>Coisl.</span> 
     </span>
    </p>
   </div>
   <div class='ocr_carea' id='block_1_109' title="bbox 2270 5379 3915 5453">
    <p class='ocr_par' dir='ltr' id='par_1_109' title="bbox 2270 5379 3915 5453">
     <span class='ocr_line' id='line_1_109' title="bbox 2270 5379 3915 5453; baseline 0.001 -17"><span class='ocrx_word' id='word_1_784' title='bbox 2270 5381 2522 5453; x_wconf 80' lang='lat' dir='ltr'>primus.</span> <span class='ocrx_word' id='word_1_785' title='bbox 2546 5379 2690 5437; x_wconf 75' lang='lat' dir='ltr'>Editi</span> <span class='ocrx_word' id='word_1_786' title='bbox 2721 5379 2968 5453; x_wconf 64' lang='grc' dir='ltr'><em>οὐδαμῶς</em></span> <span class='ocrx_word' id='word_1_787' title='bbox 3005 5379 3389 5453; x_wconf 68' lang='grc' dir='ltr'><em>διαϐάλλοντες.</em></span> <span class='ocrx_word' id='word_1_788' title='bbox 3425 5379 3668 5453; x_wconf 76' lang='lat' dir='ltr'>Legitur</span> <span class='ocrx_word' id='word_1_789' title='bbox 3701 5389 3915 5446; x_wconf 72' lang='lat' dir='ltr'>etiam</span> 
     </span>
    </p>
   </div>
   <div class='ocr_carea' id='block_1_110' title="bbox 2268 5449 3686 5524">
    <p class='ocr_par' dir='ltr' id='par_1_110' title="bbox 2268 5449 3686 5524">
     <span class='ocr_line' id='line_1_110' title="bbox 2268 5449 3686 5524; baseline 0.007 -21"><span class='ocrx_word' id='word_1_790' title='bbox 2268 5449 2505 5524; x_wconf 71' lang='grc' dir='ltr'><em>ὀύδαμοῡ</em></span> <span class='ocrx_word' id='word_1_791' title='bbox 2535 5453 2596 5524; x_wconf 88' lang='lat' dir='ltr'>in</span> <span class='ocrx_word' id='word_1_792' title='bbox 2631 5457 2767 5519; x_wconf 80' lang='lat' dir='ltr'>Reg.</span> <span class='ocrx_word' id='word_1_793' title='bbox 2802 5449 3071 5509; x_wconf 83' lang='lat' dir='ltr'>secundo</span> <span class='ocrx_word' id='word_1_794' title='bbox 3093 5457 3150 5508; x_wconf 90' lang='lat' dir='ltr'>et</span> <span class='ocrx_word' id='word_1_795' title='bbox 3176 5452 3351 5509; x_wconf 85' lang='lat' dir='ltr'>Coisl.</span> <span class='ocrx_word' id='word_1_796' title='bbox 3385 5449 3686 5514; x_wconf 74' lang='lat' dir='ltr'>secundo.</span> 
     </span>
    </p>
   </div>
   <div class='ocr_carea' id='block_1_111' title="bbox 2340 5523 2962 5596">
    <p class='ocr_par' dir='ltr' id='par_1_111' title="bbox 2340 5523 2962 5596">
     <span class='ocr_line' id='line_1_111' title="bbox 2340 5523 2962 5596; baseline 0 -18"><span class='ocrx_word' id='word_1_797' title='bbox 2340 5523 2450 5596; x_wconf 77' lang='lat'>(7‘2)</span> <span class='ocrx_word' id='word_1_798' title='bbox 2479 5523 2618 5580; x_wconf 89' lang='lat' dir='ltr'>Vide</span> <span class='ocrx_word' id='word_1_799' title='bbox 2649 5524 2962 5580; x_wconf 85' lang='lat' dir='ltr'>Addenda.</span> 
     </span>
    </p>
   </div>
   <div class='ocr_carea' id='block_1_112' title="bbox 582 5020 2165 5094">
    <p class='ocr_par' dir='ltr' id='par_1_112' title="bbox 582 5020 2165 5094">
     <span class='ocr_line' id='line_1_112' title="bbox 582 5020 2165 5094; baseline 0.001 -16"><span class='ocrx_word' id='word_1_800' title='bbox 582 5023 694 5094; x_wconf 88' lang='grc'>(67)</span> <span class='ocrx_word' id='word_1_801' title='bbox 731 5024 911 5083; x_wconf 78' lang='grc' dir='ltr'><em>Τινάς.</em></span> <span class='ocrx_word' id='word_1_802' title='bbox 970 5022 1056 5078; x_wconf 87' lang='lat' dir='ltr'>Ita</span> <span class='ocrx_word' id='word_1_803' title='bbox 1113 5021 1273 5080; x_wconf 85' lang='lat' dir='ltr'>Harl.</span> <span class='ocrx_word' id='word_1_804' title='bbox 1322 5026 1379 5078; x_wconf 89' lang='lat' dir='ltr'>et</span> <span class='ocrx_word' id='word_1_805' title='bbox 1407 5020 1584 5077; x_wconf 91' lang='lat' dir='ltr'>Coisl.</span> <span class='ocrx_word' id='word_1_806' title='bbox 1635 5020 1868 5094; x_wconf 87' lang='lat' dir='ltr'>primus</span> <span class='ocrx_word' id='word_1_807' title='bbox 1895 5038 2034 5078; x_wconf 85' lang='lat' dir='ltr'>cum</span> <span class='ocrx_word' id='word_1_808' title='bbox 2066 5024 2165 5079; x_wconf 85' lang='lat' dir='ltr'>tri-</span> 
     </span>
    </p>
   </div>
   <div class='ocr_carea' id='block_1_113' title="bbox 510 5094 1127 5152">
    <p class='ocr_par' dir='ltr' id='par_1_113' title="bbox 510 5094 1127 5152">
     <span class='ocr_line' id='line_1_113' title="bbox 510 5094 1127 5152; baseline -0.002 -4"><span class='ocrx_word' id='word_1_809' title='bbox 510 5094 621 5151; x_wconf 87' lang='lat' dir='ltr'>bus</span> <span class='ocrx_word' id='word_1_810' title='bbox 647 5094 800 5152; x_wconf 89' lang='lat' dir='ltr'>aliis.</span> <span class='ocrx_word' id='word_1_811' title='bbox 826 5094 975 5150; x_wconf 80' lang='lat' dir='ltr'>Editi</span> <span class='ocrx_word' id='word_1_812' title='bbox 995 5098 1127 5148; x_wconf 86' lang='grc' dir='ltr'><em>τισί.</em></span> 
     </span>
    </p>
   </div>
   <div class='ocr_carea' id='block_1_114' title="bbox 581 5164 2156 5244">
    <p class='ocr_par' dir='ltr' id='par_1_114' title="bbox 581 5164 2156 5244">
     <span class='ocr_line' id='line_1_114' title="bbox 581 5164 2156 5244; baseline -0.001 -22"><span class='ocrx_word' id='word_1_813' title='bbox 581 5168 1051 5244; x_wconf 52' lang='grc' dir='ltr'><em>(68))’πενεγξιεῑκ</em></span> <span class='ocrx_word' id='word_1_814' title='bbox 1108 5170 1192 5221; x_wconf 90' lang='lat' dir='ltr'>Ita</span> <span class='ocrx_word' id='word_1_815' title='bbox 1260 5165 1435 5244; x_wconf 63' lang='lat' dir='ltr'>ltled.,</span> <span class='ocrx_word' id='word_1_816' title='bbox 1490 5164 1644 5244; x_wconf 68' lang='lat' dir='ltr'>Harl.</span> <span class='ocrx_word' id='word_1_817' title='bbox 1693 5169 1749 5221; x_wconf 90' lang='lat' dir='ltr'>et</span> <span class='ocrx_word' id='word_1_818' title='bbox 1794 5164 1970 5244; x_wconf 64' lang='lat' dir='ltr'>Coisl.</span> <span class='ocrx_word' id='word_1_819' title='bbox 2042 5165 2156 5244; x_wconf 83' lang='lat' dir='ltr'>pri-</span> 
     </span>
    </p>
   </div>
   <div class='ocr_carea' id='block_1_115' title="bbox 507 5235 2155 5309">
    <p class='ocr_par' dir='ltr' id='par_1_115' title="bbox 507 5235 2155 5309">
     <span class='ocr_line' id='line_1_115' title="bbox 507 5235 2155 5309; baseline -0.001 -16"><span class='ocrx_word' id='word_1_820' title='bbox 507 5235 664 5295; x_wconf 84' lang='lat' dir='ltr'>mus.</span> <span class='ocrx_word' id='word_1_821' title='bbox 711 5238 859 5294; x_wconf 86' lang='lat' dir='ltr'>Editi</span> <span class='ocrx_word' id='word_1_822' title='bbox 890 5235 1200 5309; x_wconf 65' lang='grc' dir='ltr'><em>διενεγκεῖν.</em></span> <span class='ocrx_word' id='word_1_823' title='bbox 1260 5237 1439 5292; x_wconf 79' lang='lat' dir='ltr'>Paulo</span> <span class='ocrx_word' id='word_1_824' title='bbox 1488 5242 1647 5309; x_wconf 80' lang='lat' dir='ltr'>_post_</span> <span class='ocrx_word' id='word_1_825' title='bbox 1706 5235 2155 5309; x_wconf 82' lang='lat' dir='ltr'>corruptissime</span> 
     </span>
    </p>
   </div>
   <div class='ocr_carea' id='block_1_116' title="bbox 504 5306 2153 5392">
    <p class='ocr_par' dir='ltr' id='par_1_116' title="bbox 504 5306 2153 5392">
     <span class='ocr_line' id='line_1_116' title="bbox 504 5306 2153 5392; baseline -0.001 -28"><span class='ocrx_word' id='word_1_826' title='bbox 504 5309 685 5365; x_wconf 88' lang='lat' dir='ltr'>iidem</span> <span class='ocrx_word' id='word_1_827' title='bbox 712 5310 848 5392; x_wconf 40' lang='lat' dir='ltr'>e&#39;diti</span> <span class='ocrx_word' id='word_1_828' title='bbox 878 5306 1096 5382; x_wconf 73' lang='grc' dir='ltr'><em>ἀπονοίᾳ</em></span> <span class='ocrx_word' id='word_1_829' title='bbox 1120 5310 1300 5371; x_wconf 80' lang='grc' dir='ltr'><em>ἤθους,</em></span> <span class='ocrx_word' id='word_1_830' title='bbox 1342 5306 1525 5380; x_wconf 67' lang='grc' dir='ltr'><em>(ιιιοᾶ</em></span> <span class='ocrx_word' id='word_1_831' title='bbox 1551 5307 1772 5363; x_wconf 83' lang='lat' dir='ltr'>vulnus</span> <span class='ocrx_word' id='word_1_832' title='bbox 1801 5306 2153 5364; x_wconf 77' lang='lat' dir='ltr'>sanavimus</span> 
     </span>
    </p>
   </div>
   <div class='ocr_carea' id='block_1_117' title="bbox 504 5394 1097 5454">
    <p class='ocr_par' dir='ltr' id='par_1_117' title="bbox 504 5394 1097 5454">
     <span class='ocr_line' id='line_1_117' title="bbox 504 5394 1097 5454; baseline -0.002 -19"><span class='ocrx_word' id='word_1_833' title='bbox 504 5394 623 5454; x_wconf 89' lang='lat' dir='ltr'>ope</span> <span class='ocrx_word' id='word_1_834' title='bbox 651 5397 920 5454; x_wconf 81' lang='lat' dir='ltr'>quinque</span> <span class='ocrx_word' id='word_1_835' title='bbox 951 5398 1097 5436; x_wconf 90' lang='lat' dir='ltr'>mss.</span> 
     </span>
    </p>
   </div>
   <div class='ocr_carea' id='block_1_118' title="bbox 574 5450 2154 5525">
    <p class='ocr_par' dir='ltr' id='par_1_118' title="bbox 574 5450 2154 5525">
     <span class='ocr_line' id='line_1_118' title="bbox 574 5450 2154 5525; baseline 0 -19"><span class='ocrx_word' id='word_1_836' title='bbox 574 5450 691 5521; x_wconf 70' lang='lat'>(69)</span> <span class='ocrx_word' id='word_1_837' title='bbox 725 5455 801 5505; x_wconf 78' lang='grc' dir='ltr'>Τὰ</span> <span class='ocrx_word' id='word_1_838' title='bbox 821 5450 970 5525; x_wconf 69' lang='grc' dir='ltr'><em>’μετὰ</em></span> <span class='ocrx_word' id='word_1_839' title='bbox 1038 5455 1317 5525; x_wconf 69' lang='grc' dir='ltr'><em>Ἀριμίνου.</em></span> <span class='ocrx_word' id='word_1_840' title='bbox 1357 5450 1466 5525; x_wconf 65' lang='grc' dir='ltr'>ΔῙιιι</span> <span class='ocrx_word' id='word_1_841' title='bbox 1510 5450 1863 5525; x_wconf 80' lang='lat' dir='ltr'>_sex_nostri</span> <span class='ocrx_word' id='word_1_842' title='bbox 1918 5451 2154 5525; x_wconf 83' lang='lat' dir='ltr'>codices</span> 
     </span>
    </p>
   </div>
   <div class='ocr_carea' id='block_1_119' title="bbox 503 5520 2157 5596">
    <p class='ocr_par' dir='ltr' id='par_1_119' title="bbox 503 5520 2157 5596">
     <span class='ocr_line' id='line_1_119' title="bbox 503 5520 2157 5596; baseline -0.002 -18"><span class='ocrx_word' id='word_1_843' title='bbox 503 5536 614 5593; x_wconf 88' lang='lat' dir='ltr'>pro</span> <span class='ocrx_word' id='word_1_844' title='bbox 644 5520 716 5579; x_wconf 85' lang='lat' dir='ltr'>eo</span> <span class='ocrx_word' id='word_1_845' title='bbox 744 5520 909 5596; x_wconf 87' lang='lat' dir='ltr'>quod</span> <span class='ocrx_word' id='word_1_846' title='bbox 958 5520 1161 5596; x_wconf 76' lang='lat' dir='ltr'>prave</span> <span class='ocrx_word' id='word_1_847' title='bbox 1188 5524 1249 5580; x_wconf 90' lang='lat' dir='ltr'>in</span> <span class='ocrx_word' id='word_1_848' title='bbox 1299 5521 1471 5577; x_wconf 87' lang='lat' dir='ltr'>editis</span> <span class='ocrx_word' id='word_1_849' title='bbox 1508 5520 1818 5593; x_wconf 85' lang='lat' dir='ltr'>legebatur</span> <span class='ocrx_word' id='word_1_850' title='bbox 1843 5525 1909 5574; x_wconf 75' lang='grc' dir='ltr'><em>τὰ</em></span> <span class='ocrx_word' id='word_1_851' title='bbox 1935 5523 1982 5574; x_wconf 80' lang='grc' dir='ltr'>ἐν</span> <span class='ocrx_word' id='word_1_852' title='bbox 2015 5523 2157 5596; x_wconf 77' lang='grc' dir='ltr'><em>Ἀρι-</em></span> 
     </span>
    </p>
   </div>
  </div>
