4054 6204
172 280 258 336 437
1160 275 1659 337 EPISTOLARUM
1698 272 1983 333 CLASSIS
2026 276 2097 334 Ιῐ.
2136 277 2349 336 EPIST.
2389 278 2573 339 LXXI.
3424 282 3530 338 438

171 406 279 477 ἄρτι
332 400 650 477 παρακύψαι
710 401 1136 477 φιλοτιμούμενος
1184 408 1315 478 πρὸς
1370 408 1457 459 τὸν
1510 402 1626 477 βίον
1669 410 1768 454 τῶν

1928 399 1939 456 i
1968 399 2082 469 ille,
2110 400 2215 475 qui
2245 418 2406 458 nunc
2436 401 2702 476 primum
2750 416 2879 458 sese
2911 400 2988 457 ad
3025 400 3213 459 vitam
3252 403 3529 462 Christia-

172 500 509 565 Χριστιανῶν,
552 487 667 544 εἶτα
715 492 940 565 οἰόμενος
994 492 1135 564 αὐτῷ
1187 496 1479 567 σεμνότητά
1525 513 1642 545 τινα
1680 494 1770 565 φέ-

1927 508 2101 548 orum
2134 509 2438 565 emergere
2471 492 2802 566 proﬁtetur,
2832 509 2900 548 ac
2946 491 3059 547 sibi
3095 493 3311 550 honori
3352 495 3528 553 alicui

169 600 270 654 ρειν
298 584 353 633 τὸ
383 582 508 654 ἡμῖν
552 582 1028 654 συνανατρίϐεσθαι
1053 603 1065 615 ·
1095 582 1129 635 ἆ
1154 602 1207 636 τε
1244 583 1337 636 οὐκ
1380 588 1576 643 ἤκουσε
1604 602 1770 634 κατα-

1927 586 2153 638 iturum
2183 587 2371 655 putat,
2421 582 2745 638 nobiscum
2798 582 3149 650 conﬂictari,
3177 599 3247 640 ea
3300 584 3528 655 efﬁngit

171 673 431 738 σκευάζει,
484 675 573 723 καὶ
628 670 664 722 ἃ
718 676 790 743 μὴ
862 670 1068 730 ἐνόησεν
1134 671 1414 744 ἐξηγεῖται,
1471 674 1769 745 θαυμαστὸν

1925 687 2017 726 ua
2074 687 2196 727 non
2246 672 2494 739 audivit,
2529 675 2584 727 et
2639 675 2844 726 narrat
2878 686 3012 742 qua
3045 686 3167 726 non
3199 672 3521 739 intellexit;

170 758 339 816 οὐδέν.
392 759 525 811 Ἀλλ’
587 760 748 813 ἐκεῖνο
810 763 1111 835 θαυμαστὸν
1164 767 1252 815 καὶ
1304 759 1622 839 παράδοξον,
1690 764 1771 814 ὅτι

1925 760 2027 816 ihil
2056 761 2299 817 mirum.
2324 760 2438 817 Sed
2468 760 2614 816 illud
2646 759 2996 815 mirandum
3036 765 3093 816 et
3139 760 3217 817 ab
3243 761 3526 835 opinione

168 854 364 902 τούτων
420 849 675 923 ἀκροατὰς
733 853 846 923 ἔχει
902 856 1016 913 τοὺς
1072 856 1462 924 γνησιωτάτους
1519 873 1608 926 μοι
1668 860 1768 904 τῶν

1923 850 2230 916 bhorrens,
2254 851 2421 923 quod
2447 849 2750 921 ejusmodi
2781 864 2981 904 rerum
3014 848 3317 904 auditores
3342 850 3524 909 habet

168 939 292 1014 παρ’
341 942 460 1011 ὑμῖν
506 936 776 1012 ἀδελφῶνο
826 943 917 992 καὶ
968 940 1060 993 οὐκ
1109 940 1367 1015 ἀκροατὰς
1413 948 1589 1016 μόνον,
1641 940 1769 993 ἀλλά

1926 940 2379 996 ermanissimos
2408 939 2552 995 mihi
2582 937 2750 1010 apud
2785 954 2893 993 vos
2932 938 3145 993 fratres
3172 956 3183 1005 ;
3218 954 3327 994 nec
3358 941 3527 995 audi-

166 1034 250 1080 καὶ
299 1030 555 1100 μαθητὰς,
605 1032 675 1090 ὡς
724 1032 906 1087 ἔοικεν.
936 1033 997 1083 Εἰ
1032 1048 1093 1102 γε
1128 1036 1219 1084 καὶ
1265 1030 1424 1092 οΰλως
1476 1033 1538 1090 ἦν
1590 1051 1765 1105 παρα-

1924 1046 2033 1085 ιτοε
2053 1029 2262 1097 modo,
2288 1029 2395 1086 sed
2426 1033 2482 1085 et
2519 1027 2875 1099 discipulos,
2900 1032 2966 1082 ut
2993 1026 3240 1081 videtur.
3273 1028 3444 1092 Quod
3477 1030 3525 1084 si

164 1114 316 1179 δοξον
356 1125 589 1170 τοιοῦτον
629 1121 719 1191 μὲν
766 1116 894 1171 εἶναι
931 1122 1017 1171 τόν
1067 1116 1395 1172 διδάσκοντα
1422 1121 1555 1191 (85),
1589 1118 1673 1191 ἐμὲ
1705 1116 1763 1171 δὲ

1923 1118 2101 1190 tioqui
2158 1119 2381 1173 mirum
2425 1122 2606 1179 esset.
2640 1117 2821 1173 talem
2859 1132 2988 1171 esse
3028 1131 3167 1170 eum
3198 1116 3300 1187 qui
3331 1116 3524 1184 docet,

159 1212 235 1257 τὸν
268 1202 676 1279 διασυρόμενον,
714 1205 820 1258 ἀλλ’
853 1204 939 1259 οὖν
970 1216 1068 1259 τῶν
1112 1218 1305 1281 καιρῶν
1350 1211 1378 1266 ἡ
1421 1212 1755 1282 καταστροφὴ

1924 1224 2086 1280 teque
2108 1224 2245 1264 eum
2278 1224 2407 1263 esse
2440 1208 2534 1262 cui
2562 1205 2949 1261 maledicitur
2978 1223 2989 1273 ;
3016 1210 3525 1276 certetemporum

160 1292 468 1347 ἐπαίδευσεν
537 1294 677 1367 ἡμᾶς
741 1298 869 1369 πρὸς
935 1293 1101 1369 μηδὲν
1152 1294 1530 1352 δυσκολαίνειν.
1589 1295 1759 1349 Πάλαι

1922 1297 2068 1352 ,ῐθιὶχ
2118 1302 2307 1353 status
2358 1296 2503 1351 nihil
2552 1312 2663 1351 nos
2712 1311 2871 1364 agre
2928 1293 3078 1349 ferre
3117 1294 3339 1349 docuit.
3374 1298 3523 1351 Nam

156 1387 247 1454 γὰρ
301 1385 368 1435 τὰ
416 1387 613 1437 τούτων
664 1383 947 1459 ἀτιμότερα
1008 1388 1202 1445 συνήθη
1262 1388 1387 1459 ἡμῖν
1443 1390 1616 1459 γέγονε
1665 1382 1757 1438 διὰ

1923 1386 2233 1441 ωιίιιάυω
2264 1385 2524 1455 majores
2547 1385 2638 1439 his
2668 1382 3045 1438 contumelia
3072 1382 3399 1438 familiares
3421 1400 3524 1441 no-

158 1476 236 1533 τάς
280 1472 546 1549 ἁμαρτίας
583 1476 751 1547 ἡμῶν.
802 1474 931 1546 Ἐγὼ
979 1480 1163 1543 τοίνυν,
1198 1476 1241 1528 εἰ
1269 1478 1358 1549 μὲν
1405 1472 1611 1528 οὐδέπω
1649 1481 1755 1537 τοῖς

1932 1493 1957 1530 s
1982 1475 2152 1531 facta
2178 1479 2319 1530 sunt
2339 1475 2415 1530 ob
2434 1478 2640 1529 nostra
2662 1476 2927 1544 peccata.
2953 1474 3074 1541 Ego
3105 1472 3302 1542 igitur,
3323 1472 3368 1527 si
3390 1488 3526 1529 nec-

156 1560 310 1613 αὖτοῦ
360 1558 611 1635 ἀδελφοῖς
651 1560 864 1616 δέδωκα
900 1571 1078 1640 πεῖραν
1109 1573 1203 1627 τῆς
1246 1563 1473 1638 ἐμαυτοῦ
1516 1569 1633 1641 περὶ
1672 1568 1757 1617 τὸν

1923 1583 2013 1621 um
2032 1566 2207 1621 istius
2230 1565 2511 1622 fratribus
2542 1580 2690 1619 mea
2714 1562 2786 1619 de
2810 1566 2927 1619 Deo
2953 1562 3261 1618 sententia
3286 1563 3524 1635 experi-

158 1655 274 1703 Θεὸν
327 1650 582 1726 αἱρέσεως
611 1653 743 1724 (86),
778 1649 901 1707 οὐδὲ
949 1660 1035 1706 νῦν
1080 1656 1189 1726 ἔχω
1235 1674 1286 1706 τι
1335 1653 1716 1729 ἀποκρίνασθαι
1744 1674 1757 1689 ⁸

1924 1660 2141 1711 lentum
2164 1654 2404 1725 dedi,ne
2426 1669 2586 1709 nunc
2610 1653 2855 1725 quidem
2878 1651 3075 1708 habeo
3089 1652 3252 1724 quod
3281 1668 3525 1725 respon-

156 1739 230 1800 οὓς
278 1743 393 1817 γὰρ
457 1744 554 1793 ούκ
615 1744 811 1795 ἔπεισεν
871 1744 896 1793 ό
952 1748 1151 1818 μακρός
1205 1749 1417 1820 χρόνος,
1468 1752 1573 1805 πῶς
1628 1763 1757 1817 συμ-

1919 1744 2312 1811 eam.Quibus
2335 1744 2493 1799 enim
2519 1743 2774 1812 longum
2800 1748 3035 1814 tempus
3056 1756 3179 1797 non
3201 1743 3520 1813 persuasit,

156 1834 313 1882 πείσει
348 1828 608 1890 ἐπιστολὴ
654 1829 927 1907 βραχεία;
972 1833 1013 1885 εἰ
1063 1828 1121 1885 δὲ
1170 1832 1334 1886 ἐκεῖνα
1381 1833 1641 1907 αύταρκη,
1670 1832 1757 1891 λῆ-

1919 1839 2185 1889 uomodo
2204 1832 2403 1888 brevis
2426 1831 2685 1904 cpistola
2702 1830 3111 1902 persuadeat?
3138 1830 3237 1885 Sin
3255 1830 3354 1887 illa
3376 1832 3520 1887 satis

147 1936 227 1995 ροι
274 1920 692 1994 νομιζίσθωσαν
722 1922 789 1973 τὰ
818 1923 958 1996 παρὰ
1014 1929 1113 1974 τῶν
1171 1919 1574 1981 διαϐαλλόντων.
1626 1921 1748 1981 mw}:

1920 1928 2035 1994 unt,
2060 1938 2239 1992 nuga
2272 1922 2690 1978 existimentur
2722 1936 2857 1992 qua
2884 1919 3345 1991 proﬁciscuntur
3371 1936 3405 1976 a
3427 1936 3521 1977 ca-

149 2029 200 2081 7:
246 2012 355 2081 ὅτι,
406 2012 492 2062 ἐὰν
540 2008 891 2084 ὶπιτρέψωμεν
942 2014 1200 2085 στόμασιν
1251 2011 1630 2085 ἀχαλινώτοις,
1680 2032 1745 2064 κα

1919 2010 2365 2068 1mniatoribus.
2410 2009 2524 2066 Sed
2556 2014 2778 2077 tamen,
2798 2008 2847 2063 si
2877 2007 3324 2081 permiserimus
3354 2009 3520 2065 effre-

152 2095 407 2175 καρδίαις
473 2094 816 2161 ἀπαιδεύτοις
876 2099 1043 2153 λαλεῖν
1110 2105 1228 2175 περὶ
1280 2102 1347 2153 ὧν
1407 2100 1466 2153 ἂν
1506 2100 1753 2169 ἐθέλωσιν,

1925 2101 2034 2157 atis
2058 2100 2284 2170 linguis
2308 2105 2365 2155 et
2385 2098 2734 2171 expertibus
2759 2097 3089 2169 disciplina
3121 2096 3426 2166 cordibus,
3450 2097 3526 2154 de

150 2194 230 2240 καὶ
267 2190 469 2262 ἕτοιμα
496 2192 698 2262 ἔχωμεν
744 2191 875 2264 πρὸς
913 2186 1193 2263 ὑποδοχὴν
1230 2194 1295 2243 τὰ
1334 2188 1462 2259 ὦτα,
1511 2191 1567 2244 ού
1616 2196 1751 2264 μόνοτ

1923 2190 2102 2247 uibus
2119 2189 2412 2245 voluerint
2436 2187 2622 2260 loqui,
2640 2201 2942 2259 auresque
2966 2186 3043 2241 ad
3067 2186 3522 2259 suscipiendum

154 2277 289 2350 ἐμεῖς
349 2280 427 2329 τὰ
478 2285 576 2330 τῶν
631 2276 796 2329 ἄλλων
841 2274 1263 2354 παραδεξόμεθα,
1296 2278 1426 2336 ἀλλὰ
1473 2285 1562 2333 καὶ
1610 2282 1755 2357 ἕτεροι

1929 2286 2124 2337 aratas
2154 2278 2545 2335 habuerimus
2571 2316 2583 2340 ,
2618 2293 2740 2333 non
2772 2292 2883 2331 nos
2915 2275 3112 2332 solum
3143 2291 3240 2331 res
3273 2275 3530 2333 aliorum

152 2372 210 2419 τα
236 2371 500 2440 ἡμέτερα.

1878 2386 2049 2427 secus
2072 2368 2457 2442 accipiemus,
2490 2366 2597 2423 sed
2622 2371 2862 2422 nostras
2891 2365 3070 2421 etiam
3103 2364 3223 2422 alii.

212 2460 261 2513 2.
300 2460 530 2510 Τούτων
576 2451 638 2509 δε
686 2457 849 2510 αἴτιον
899 2453 1073 2529 ἐκεῖνο,
1118 2456 1144 2511 ὁ
1191 2457 1354 2511 πάλαι
1401 2462 1491 2532 μὶν
1532 2461 1767 2534 παρεκα-

1948 2465 2007 2517 2.
2057 2458 2154 2514 His
2186 2462 2387 2514 autem
2420 2455 2569 2511 illud
2626 2455 2688 2510 in
2751 2470 2935 2510 causa
2966 2459 3073 2522 est,
3107 2453 3273 2528 quod
3296 2454 3531 2527 pridem

153 2545 263 2597 ἳουν
316 2550 405 2620 μὴ
462 2548 726 2618 γίνεσθαι,
784 2555 872 2599 νῦν
926 2543 984 2600 δι
1036 2546 1399 2623 ἀπαγορεύσας
1452 2558 1655 2621 σιωπῶ,
1709 2552 1754 2601 τί

1931 2546 2164 2604 ortabar
2186 2562 2260 2601 ne
2286 2544 2471 2613 ﬁeret,
2494 2560 2657 2599 nunc
2681 2548 2883 2599 autem
2903 2542 3175 2598 defessus
3198 2542 3345 2599 sileo
3366 2544 3532 2616 quod

154 2640 217 2705 μὴ
264 2637 667 2708 συντυγχάνειν
714 2637 848 2709 ἡμᾶς
908 2634 1163 2700 ἀλλήλοις.
1217 2637 1278 2689 Εἰ
1330 2640 1430 2713 γὰρ
1484 2641 1621 2691 κατὰ
1678 2640 1755 2699 τὰς

1932 2653 2000 2693 3n
2032 2652 2154 2691 una
2185 2634 2645 2691 conveniamus.
2693 2636 2841 2688 Nam
2875 2632 2924 2686 si
2955 2648 3029 2687 ex
3056 2633 3238 2688 veteri
3268 2639 3447 2704 pacto
3476 2638 3533 2689 et

157 2722 389 2798 ἀρχαίοις
448 2725 740 2796 συνθήκας,
806 2731 896 2778 καὶ
955 2728 1090 2779 κατὰ
1136 2730 1230 2785 τὴν
1292 2726 1622 2800 ὀφειλομένην
1678 2736 1758 2780 νῦν

1931 2741 1986 2782 ro
2017 2724 2223 2781 debita
2252 2739 2415 2779 nunc
2442 2722 2716 2778 Ecclesiis
2748 2737 2783 2778 a
2813 2720 2993 2777 nobis
3039 2736 3203 2790 cura,
3240 2736 3532 2791 magnam

154 2821 260 2875 ταῖς
308 2811 671 2874 Ἐκκλησίαις
720 2813 845 2889 παρ’
906 2814 1050 2886 ἡμῶν
1116 2813 1427 2887 ἐπιμέλειαν,
1492 2818 1558 2867 τὰ
1605 2814 1755 2868 πολλᾶ

1930 2814 2021 2871 nni
2050 2818 2285 2887 partem
2317 2812 2498 2868 simul
2531 2809 3251 2877 traduceremus,aditum
3285 2826 3405 2867 non
3426 2810 3531 2866 de-

153 2909 236 2955 τοῦ
278 2901 529 2956 ἐνιαυτοῦ
576 2903 686 2975 μετ’
736 2900 963 2961 ἀλλήλων
1014 2899 1287 2976 διήγομεν,
1318 2904 1411 2957 ούκ
1464 2904 1525 2956 ἆν
1566 2902 1754 2958 ἐδώκα-

1924 2904 2179 2959 issemus
2225 2900 2757 2958 calumniantibus.
2805 2902 2889 2955 Tu
2936 2903 3162 2969 autem,
3195 2898 3242 2953 si
3271 2898 3525 2967 videtur,

155 3012 235 3063 μεν
284 2988 534 3067 πάροδον
582 2999 694 3053 τοῖς
745 2988 1111 3048 διαϐάλλουσι.
1155 2997 1221 3045 Σὺ
1260 2988 1319 3045 δὲ
1351 2994 1479 3064 (87),
1516 2999 1557 3046 εὶ
1599 2990 1756 3068 δοκεῖ,

1925 2993 1967 3049 is
1987 2992 2235 3066 quidem
2274 2991 2408 3047 vale
2438 2990 2621 3046 dicito
2653 3007 2665 3057 ;
2698 2989 2826 3060 ipse
2856 3003 2995 3044 vero
3026 2986 3258 3043 exorari
3290 2991 3345 3042 te
3374 2987 3526 3060 sine,

156 3084 355 3143 τούτους
402 3084 500 3155 μὶν
540 3084 600 3134 ἔα
638 3086 847 3156 χαίρειν
872 3100 884 3113 °
914 3082 1069 3144 αὐτὸς
1116 3078 1175 3135 δὲ
1228 3083 1597 3158 παρακλὴθητι
1631 3104 1757 3156 συγ-

1925 3083 2288 3141 tnobiscum
2320 3081 2399 3137 ad
2439 3079 2821 3153 propositum
2860 3082 3164 3133 certamen
3207 3075 3526 3149 allabores,

153 3174 354 3242 κάμνειν
399 3173 533 3243 ἡμῖν
574 3171 645 3232 εἰς
697 3174 786 3222 τὸν
834 3175 1164 3244 προκείμενον
1208 3170 1403 3244 ἀγῶνα,
1445 3178 1535 3225 καὶ
1579 3193 1754 3225 συντυ-

1919 3190 1948 3229 c
1977 3172 2298 3229 nobiscum
2340 3186 2591 3227 occuras
2621 3168 2674 3224 ei
2717 3167 2823 3241 qui
2850 3166 3076 3222 bellum
3110 3165 3287 3221 nobis
3316 3165 3516 3222 infert.

154 3268 270 3330 χείν
342 3262 455 3331 μεθ’
513 3262 659 3331 ἡμῶν
722 3268 795 3330 τῷ
861 3261 978 3313 καθ’
1041 3262 1186 3333 ἡμῶν
1243 3265 1655 3334 στρατευομένῳ.
1708 3268 1755 3316 Ει

1927 3262 2117 3318 ienim
2150 3265 2386 3317 tantum
2414 3274 2733 3333 apparcas,
2761 3255 3101 3330 supprimes
3131 3255 3320 3328 ipsius
3343 3255 3528 3327 impe-

156 3354 260 3422 γὰρ
316 3350 483 3419 ὀφθῇς
532 3353 704 3420 μόνον,
734 3347 923 3420 ἐφέξεις
970 3349 1133 3403 αὑτοῦ
1162 3354 1257 3408 τὴν
1307 3351 1494 3423 ὁρμὴν,
1526 3356 1615 3403 καὶ
1653 3355 1757 3411 τοὺς

1926 3369 2024 3422 im,
2057 3366 2302 3421 eosque,
2336 3350 2440 3422 qui
2468 3350 2547 3406 ad
2573 3348 2781 3420 patria
2803 3363 2898 3402 res
2920 3345 3270 3402 evertendas
3292 3346 3527 3418 conspi-

164 3441 644 3509 σιηκροτονμίνους
716 3438 802 3490 ἐπὶ
866 3447 939 3509 τῷ
1005 3438 1478 3515 καταστρέψασθαι
1542 3441 1609 3493 τὰ
1673 3449 1765 3503 τῆς

1927 3439 2404 3513 mt,dissipabis,
2432 3438 2530 3495 ubi
2579 3437 2725 3509 ipsis
2782 3440 2996 3492 notum
3042 3434 3252 3491 feceris
3302 3440 3379 3505 te,
3426 3435 3528 3491 Dei

160 3522 433 3598 πατρίδος
477 3529 757 3599 πράγματα
806 3523 1093 3595 διαλύσεις,
1142 3535 1401 3603 γνώριμον
1449 3528 1625 3591 αὐτοῖς
1672 3548 1761 3584 κα-

1924 3532 2087 3599 ratia,
2113 3536 2301 3587 catus
2328 3529 2516 3586 nostri
2545 3528 2763 3584 ducem
2794 3542 2947 3592 esse,
2988 3542 3057 3582 ac
3100 3541 3281 3583 omne
3328 3541 3397 3581 os
3436 3524 3525 3581 lo-

159 3618 455 3682 ταστήσας,
506 3616 581 3667 ὄτι
634 3616 782 3679 ούτὸς
828 3624 891 3690 τῇ
939 3625 1031 3670 τοῦ
1077 3624 1210 3670 Θεοῦ
1258 3620 1446 3693 χάριτι
1500 3625 1592 3671 τοῦ
1647 3620 1760 3671 καθ¹

1923 3622 2189 3679 uentium
2218 3624 2428 3676 contra
2449 3622 2634 3675 Deum
2657 3617 3033 3690 iniquitatem
3050 3615 3524 3671 obturabis.Hac

157 3704 297 3774 ἡμᾶς
332 3703 585 3776 συλλόγου
607 3707 897 3779 κατάρχεις
918 3708 1031 3776 (88)
1055 3727 1067 3739 ·
1101 3712 1190 3759 καὶ
1220 3707 1429 3779 φράζεις
1451 3714 1549 3759 πᾶν
1580 3703 1758 3760 ἄδικον

1922 3762 1923 3765 η
1953 3711 2120 3781 fiant,
2153 3724 2247 3765 res
2293 3708 2428 3780 ipsa
2457 3706 2789 3763 declarabit
2829 3704 2963 3777 quis
2996 3704 3078 3759 tui
3116 3704 3192 3759 ad
3234 3702 3523 3775 praclara

158 3798 325 3865 στόμα
378 3802 486 3846 τῶν
534 3794 817 3847 λαλούντων
874 3798 1011 3847 κατά
1063 3804 1154 3847 τοῦ
1206 3804 1337 3848 Θεοῦ
1392 3795 1625 3869 ἀνομίαν.
1671 3796 1759 3851 ’Λν

1921 3800 2143 3855 tcinora
2168 3802 2444 3863 sectator,
2478 3800 2534 3851 et
2575 3795 2712 3868 quis
2752 3792 3104 3849 claudicans
3152 3806 3222 3845 ac
3261 3787 3522 3844 veritatis

154 3890 317 3934 ταῦτα
366 3889 612 3954 γένηται,
675 3884 809 3937 αύτά
858 3886 925 3936 τὰ
975 3886 1264 3959 πράγματα
1312 3881 1493 3954 δείξει,
1548 3890 1626 3946 τίς
1672 3890 1755 3959 μὲν

1919 3887 2157 3944 octrina
2187 3886 2446 3957 ignavus
2481 3883 2770 3957 proditor.
2814 3880 2987 3947 Quod
3029 3880 3078 3934 si
3120 3895 3215 3934 res
3248 3877 3520 3933 Ecclesia

157 3971 182 4020 ὁ
218 3972 622 4025 κατακολουθῶν
668 3991 753 4024 σοι
792 3971 877 4025 ίπὶ
913 3974 980 4025 τὰ
1025 3976 1187 4041 κατὰ,
1219 3977 1298 4034 τίς
1337 3970 1396 4027 δε
1439 3976 1464 4026 ό
1516 3974 1758 4046 μετοκλά-

1920 3976 2123 4033 rodita
2155 3980 2312 4039 sunt,
2348 3990 2566 4046 parum
2595 3971 2745 4029 mihi
2777 3986 2933 4027 cura
2967 3970 3141 4026 fuerit
3180 3984 3284 4025 eos
3321 3965 3521 4022 verbis

160 4060 259 4121 ζων
302 4067 390 4112 καὶ
448 4057 751 4136 προδιδούς
799 4058 968 4134 δειλιᾳ
1015 4066 1103 4115 τὸν
1157 4060 1310 4134 λόγον
1369 4071 1461 4124 τῆς
1498 4061 1757 4125 ἀληθείας.

1919 4065 2245 4131 )nvincere,
2277 4063 2383 4136 qui
2429 4061 2577 4119 tanti
2625 4076 2722 4117 me
2769 4060 3016 4131 faciunt,
3061 4056 3275 4132 quanti
3324 4056 3520 4112 facere

158 4147 270 4201 ἐὰν
294 4146 352 4204 δε
380 4153 450 4204 τὰ
480 4160 577 4213 τῆς
623 4151 933 4213 Ἐκκλησίας
969 4148 1333 4225 προδιδόμενα
1362 4153 1417 4225 ,
1448 4152 1619 4225 ὀλίγος
1646 4155 1759 4227 (89)

1920 4156 2105 4211 ossint
2131 4154 2238 4227 qui
2282 4151 2559 4209 nondum
2604 4166 2715 4207 suo
2761 4167 2825 4207 se
2854 4149 3105 4207 modulo
3144 4146 3337 4205 metiri
3372 4144 3521 4202 didi-

151 4257 236 4309 μοι
277 4238 433 4312 λόγος
489 4235 586 4292 διὰ
626 4241 873 4314 ῥημάτων
910 4243 1104 4294 πείθειν
1144 4244 1264 4303 τούς
1298 4245 1550 4294 τοσούτου
1581 4261 1644 4315 με
1679 4262 1752 4295 τι·

1917 4248 2099 4301 erunt.
2123 4243 2435 4299 Enimvero
2456 4237 3247 4311 brevi,Deolargiente,ipsis
3265 4252 3518 4308 operum

155 4329 385 4400 θεμένους
433 4330 615 4399 ἄξιον,
662 4332 782 4383 ὅσον
829 4330 890 4382 ἂν
936 4337 1265 4403 τιμήσωνται
1310 4333 1573 4406 ἄνθρωποι
1616 4335 1756 4385 οὔπω

1919 4332 2223 4390 ιείὶωουὶὶε
2249 4331 2571 4388 calumnia
2603 4334 2952 4400 urguentur;
2972 4328 3021 4384 si
3049 4326 3296 4400 quidem
3313 4339 3520 4395 exspe-

153 4417 354 4481 ἁαυταὺς
404 4428 623 4493 μετρεῖν
671 4416 1067 4493 δεδιδαγμένοῐ.
1097 4421 1221 4475 Μετ’
1265 4421 1324 4474 ού
1362 4422 1492 4475 πολὺ
1536 4425 1659 4497 γὰρ,
1693 4431 1754 4495 τῇ

1915 4429 2103 4480 tamus
2129 4438 2239 4495 pro
2264 4421 2524 4477 veritatis
2536 4420 2810 4475 doctrina
2825 4419 2973 4474 forte
2985 4418 3164 4474 etiam
3186 4432 3297 4471 nos
3317 4414 3516 4485 majus

152 4516 238 4560 τοῦ
274 4515 403 4563 Θεοῦ
458 4511 656 4583 χάριτι
703 4506 798 4563 διὰ
842 4519 941 4562 τῶν
991 4513 1150 4585 ἔργων
1208 4507 1477 4574 ἀπόδειξις
1526 4514 1614 4573 τάς
1661 4531 1753 4564 συ-

1919 4512 2098 4585 liquid
2128 4527 2453 4584 passuros;
2487 4509 2577 4565 sin
2633 4508 2855 4576 minus,
2889 4506 3103 4563 saltem
3148 4504 3397 4562 omnino
3446 4520 3520 4561 ex

154 4606 426 4669 ιθφαντίας
522 4598 708 4671 ελέγξει
741 4619 754 4633 ·
823 4595 965 4652 διότι
1036 4596 1415 4674 προσδοκῶμεν
1476 4602 1601 4676 ὑπὲρ
1669 4609 1755 4654 τοῦ

1917 4602 2133 4660 :clesiis
2165 4607 2221 4658 et
2263 4601 2458 4675 patria
2486 4600 2745 4670 ejectum
2777 4598 2866 4654 iri.
2919 4598 3091 4669 166
3122 4595 3258 4666 Sed,
3291 4594 3341 4650 si
3370 4594 3518 4651 nihil

153 4686 301 4759 λόγου
350 4699 453 4751 τῆς
511 4686 754 4751 ἀληθείας
806 4690 952 4762 τάχα
997 4695 1085 4761 μέν
1142 4709 1195 4743 τι
1248 4694 1339 4743 καὶ
1394 4691 1569 4763 μεῖζον
1616 4696 1754 4745 πείσι

1919 4692 2131 4749 venerit
2156 4708 2364 4748 eorum
2395 4706 2532 4762 qua
2564 4704 2904 4761 speramus,
2947 4702 3069 4743 non
3100 4685 3309 4759 procul
3350 4686 3520 4742 abest

158 4779 309 4831 σθαι·
365 4779 414 4832 εἰ
477 4774 541 4831 δι
587 4782 687 4852 μὴ,
727 4780 931 4841 πάντως
960 4798 1019 4851 γε
1048 4787 1147 4832 τῶν
1195 4778 1481 4838 ἐκκλησίῶν
1528 4785 1617 4833 καὶ
1664 4790 1759 4833 τῶν

1914 4781 2081 4838 hristi
2094 4780 2614 4853 judicium.Quare
2633 4779 2681 4833 si
2708 4792 3106 4848 congressum
3128 4775 3208 4831 ob
3234 4774 3515 4831 ecclesias

220 4908 335 4971 (85)
371 4909 487 4959 τὸν
534 4899 887 4960 διδάσκοντα.
934 4903 1085 4961 Editi
1129 4903 1363 4962 addunt
1403 4909 1666 4970 τοιούτους
1706 4903 1765 4961 δε

1947 4910 2057 4975 (87)
2086 4910 2150 4958 Σύ
2184 4902 2258 4976 δέ.
2303 4910 2388 4963 Ita
2418 4904 2589 4971 Med.,
2622 4906 2762 4973 Reg.
2797 4903 3047 4976 primus,
3081 4904 3229 4969 Vat.,
3260 4902 3514 4960 Clarom.

160 4982 269 5050 τως
296 4976 1184 5050 bqopénwﬂrmirumesset
1216 4978 1367 5050 tales
1396 4993 1516 5035 esse
1545 4994 1639 5035 eos
1662 4982 1761 5050 qui

1921 4980 2028 5035 diti
2057 4984 2141 5031 Σοὶ
2189 4975 2267 5050 δέ,
2312 4978 2491 5050 Paulo
2515 4982 2649 5049 post
2701 4975 2841 5032 editi
2883 4980 3116 5050 παρόντα
3155 4979 3348 5050 agebam.
3382 4978 3517 5029 Tres

167 5044 312 5122 hunc
340 5044 653 5122 meum.
668 5044 792 5104 Sed
823 5048 949 5105 hac
987 5047 1210 5106 desunt
1256 5049 1317 5105 in
1348 5044 1766 5122 antiquissimo
1874 5049 2274 5122 antiquissimi
2299 5044 2534 5104 codices
2561 5052 2617 5103 et
2648 5050 2785 5122 Reg.
2818 5044 3142 5122 primusut
3170 5044 3232 5122 in
3264 5051 3445 5122 textu.

400 5120 918 5207 Coislin‘iano,ac
978 5117 1585 5207 praterearpugn‘ant
1615 5138 1767 5203 .cum
1880 5198 1917 5207 _
2096 5124 2413 5207 Κατάρχεις.
2449 5125 2533 5177 lta
2574 5119 2745 5185 Med.,
2772 5117 2926 5175 Harl.
2959 5126 3018 5175 et
3046 5117 3221 5175 Coisl.
3250 5118 3511 5188 primus.

398 5191 743 5265 sententia,
781 5187 887 5263 qui
926 5187 1117 5265 paulo
1164 5187 1768 5265 ante'dikitimirum

781 5187 887 5263 qui
926 5187 1117 5265 paulo
1164 5187 1768 5265 ante'diiitimirum
1878 5187 2346 5265 Εᾶἱῐῖκατάρξέιξ.

168 5230 1139 5342 αἲξῶἇ¹³ιῖῐῖιέἷίιξ¹ἔὶιάῗῶἶὲέ
1164 5230 1768 5342 tgﬁerzﬁf'dgrgga‘;
1878 5230 2555 5342 ᾜὸῖἷᾶἷὲςέξῗςοίρικ
2586 5262 2819 5342 primus
2885 5258 3083 5342 99354;.
3144 5257 3330 5342 ιξᾳυιρ
3382 5260 3521 5328 post

180 5346 301 5410 ergo
326 5331 430 5410 'ha
484 5350 665 5410 voces
718 5334 859 5390 visa
911 5339 1069 5390 sunt.
1106 5334 1287 5410 Paulo
1334 5336 1657 5410 postiediti
1695 5342 1765 5410 μὴ
1879 5331 2020 5393 editi
2040 5331 2305 5410 ξτοσοῦτου
2336 5354 2408 5410 σε.
2447 5334 2560 5410 Sed
2587 5331 2774 5410 inulto
2799 5331 3254 5410 meliusin_edit.
3292 5332 3521 5395 Hagen.

183 5408 289 5469 πρὸς
312 5404 501 5476 μηδὲν.
539 5406 823 5479 Quinque
867 5411 1110 5479 msssut
1137 5406 1199 5462 in
1240 5403 1429 5479 textu.
1453 5409 1583 5479 mox
1624 5403 1769 5479 legi-
1879 5414 1935 5466 et
1961 5403 2147 5465 tribus
2178 5406 2597 5479 vetustissimis
2637 5406 2945 5479 codicibus
2975 5408 3031 5459 et
3069 5403 3523 5479 Clarom.,quos

195 5474 319 5549 ψ
344 5480 408 5529 τά
436 5480 661 5545 τούτων,
690 5474 942 5535 articulo
972 5477 1178 5533 addito
1222 5493 1295 5533 ex
1324 5478 1635 5535 codicibus
1665 5474 1772 5537 bie-

1924 5481 2066 5536 acuti
2113 5497 2342 5535 sumus.
2378 5478 2603 5535 Ibidem
2634 5478 2776 5533 editi
2812 5481 3142 5549 τιμήσονται.
3176 5474 3311 5527 Tres
3341 5486 3525 5545 supra

199 5540 376 5621 dif-{80,
402 5540 776 5606 Coisliniano
806 5550 1001 5621 primo
1031 5552 1088 5606 et
1118 5549 1420 5621 Vaticano.
1879 5552 2021 5610 dicti
2046 5552 2284 5610 codices
2315 5556 2381 5609 ut
2407 5551 2467 5607 in
2488 5554 2671 5609 textu.

262 5617 352 5689 35)
389 5624 670 5697 Δὶρέσεως.
720 5617 904 5694 Harl”
941 5622 1063 5679 Vat.
1110 5625 1168 5679 et
1206 5619 1359 5680 Clar.
1400 5625 1767 5699 προαιρέσεως.
