4054 6200
237 295 345 352 441

1233 290 1710 350 EPISTOLARUM
1749 289 2031 348 CLASSIS
2071 295 2134 347 ll.
2170 293 2380 353 EPIST.
2425 298 2648 353 LXXIII.

3510 304 3614 358 442

237 424 335 471 τόν
369 419 417 472 ἐν
448 420 624 480 αὐτοῖς
651 426 791 489 νοῦν,
846 419 1122 492 ἐθαύμασα
1159 421 1291 479 ὅπως
1335 426 1406 488 τῷ
1453 423 1559 470 ό’ντι
1597 421 1731 470 κατὰ
1760 421 1849 474 τὴν

1971 419 2273 488 quomodo
2302 435 2455 484 vere,
2491 425 2552 476 ut
2581 421 2853 477 omnium
2880 428 3006 480 erat
3044 425 3269 497 opinio,
3295 429 3613 499 paternam

239 513 455 562 πάντων
498 509 782 580 υποληψιν,
818 515 1077 582 πατρικὴν
1111 509 1345 582 ἀπένειμε
1396 511 1505 580 (98)
1560 513 1652 565 τὴν
1694 503 1848 560 αἰδῶ.

237 605 320 652 Τό
350 604 449 672 γαρ
483 599 857 672 φλεγμαίνοντα
907 606 996 650 καὶ
1036 601 1375 675 ὠργισμένον,
1409 607 1498 653 καὶ
1547 601 1872 672 ὁρμήσαντα⁴

241 695 387 762 πρός
413 695 508 748 τὴν
538 699 635 741 τῶν
663 689 1022 748 λελυπηκότων
1061 692 1280 763 ἄμυναν,
1328 691 1628 765 παραλῦσαι
1668 691 1758 762 μὲν
1797 691 1855 738 τό

241 779 386 832 πολύ
417 788 505 839 τῆς
538 775 910 854 σφοδρότητος,
942 782 1078 852 ημᾶς
1111 777 1169 832 δε
1201 788 1291 833 τοῦ
1321 783 1622 854 πράγματος
1647 782 1857 853 κυρίους

243 870 609 938 ποιήσασθαι,
665 865 852 920 ἔδωκεν
901 870 1024 940 ἡμῖν
1074 869 1418 944 εὐφρανθῆναι
1466 873 1530 930 ως
1579 869 1660 920 ἐπὶ
1700 871 1856 937 τέκνῳ

241 967 610 1030 πνευματικῷ.
645 957 785 1009 ’Λντὶ
816 955 902 1010 οὖν
933 961 1126 1010 τούτων
1154 965 1205 1010 τί
1235 959 1357 1012 ἄλλο
1395 959 1688 1030 λειπόμενόν
1716 956 1855 1008 ἐστιν

241 1049 272 1104 i-
311 1049 572 1118 εὔχεσθαί
604 1065 687 1098 σοι
713 1049 778 1098 τα
809 1045 1012 1117 ἀγαθά;
1049 1047 1214 1119 φίλοις
1243 1053 1332 1120 μέν
1374 1067 1430 1100 σε
1460 1045 1681 1106 ἣδιστον
1706 1043 1852 1108 εἶναι,

238 1134 473 1208 ἐχθροῖς
508 1132 566 1188 δε
597 1135 829 1210 οοϐερόν,
863 1143 996 1188 πᾶσι
1028 1133 1086 1188 δὲ
1117 1139 1305 1208 ὁμοίως
1327 1134 1622 1209 αἰδεσιμον,
1658 1138 1739 1187 ἱνα
1769 1139 1854 1185 καὶ

236 1228 294 1276 οἱ
325 1234 431 1277 τῶν
458 1229 825 1297 προσηκόντων
852 1245 903 1276 τι
935 1224 1293 1296 ἐλλελοιπότες,
1331 1228 1580 1284 αἴσθησιν
1619 1224 1855 1283 λαϐόντες

1262 1271 1293 1296 ³9

237 1324 350 1374 τῆς
401 1313 448 1366 ἐν
496 1319 578 1367 σοὶ
632 1319 948 1389 πραότητος,
1010 1316 1199 1367 ἑαυτῶν
1239 1315 1597 1386 καθάψωνται,
1656 1317 1736 1366 ὅτι
1786 1313 1855 1374 εἰς

238 1409 490 1456 τοιοῦτόν
521 1406 635 1476 (99)
674 1423 730 1456 σε
756 1408 878 1457 ὄντα
907 1403 1213 1479 ἐξήμαρτον.

325 1534 385 1584 2.
417 1527 630 1588 Ἐπειδὴ
660 1526 746 1581 οὖν
787 1531 862 1600 (1)
902 1530 1223 1602 προσέταξας
1262 1534 1382 1590 τους
1425 1529 1627 1590 οἰκετας
1659 1526 1740 1580 ἐπὶ
1770 1531 1855 1579 τὸν

237 1621 418 1672 τύπτον
452 1620 498 1672 ἐν
529 1621 568 1690 ᾧ
607 1625 699 1678 τὴν
745 1618 959 1683 ἀταξίαν
1014 1617 1339 1682 ἐπεδείξαντο
1372 1616 1665 1692 ὃιαχθῆναι
1729 1617 1855 1680 ἀξιῶ

241 1715 344 1761 τόν
380 1714 572 1762 σκοπόν
592 1711 792 1782 μαθεῖν,
825 1711 940 1762 καθ’
969 1709 1022 1761 ὃν
1054 1709 1290 1772 ἐπιζητεῖ
1313 1717 1465 1762 τοῦτο
1487 1712 1515 1767 ἡ
1545 1713 1856 1783 χρηστότης

243 1818 381 1853 σου.
417 1800 476 1851 Εἰ
504 1804 592 1872 μεν
624 1801 724 1872 γὰρ
748 1799 901 1860 αὐτὸς
926 1804 1151 1874 παρέσῃ,
1181 1804 1270 1852 καὶ
1296 1799 1453 1860 αὐτὸς
1490 1797 1740 1872 εἰσ-πράξῃ
1778 1799 1852 1868 ('2)

238 1898 360 1940 τῶν
392 1888 774 1961 τετολμημένων
797 1893 890 1947 τὴν
912 1885 1085 1955 δίκην,
1118 1893 1432 1962 παρέσονται
1457 1891 1545 1961 μὲν
1573 1889 1620 1940 οἱ
1651 1883 1851 1947 παῖδες·

237 1984 299 2030 τί
322 1982 433 2051 γὰρ
464 1978 584 2030 οὒλο
609 1974 688 2030 δεῖ
724 1981 986 2050 γενέσθαι,
1021 1979 1064 2031 εἰ
1091 1982 1244 2030 τουτό
1278 1998 1362 2031 σοι
1410 1982 1682 2051 κέκριταις
1723 1975 1854 2034 πλὴν

243 2067 371 2118 ἀλλ’
393 2070 542 2140 ἡμεῖς
569 2068 662 2120 ουκ
701 2064 918 2140 οἷὸαμεν
949 2073 1100 2120 ποίαν
1132 2072 1206 2120 ἔτι
1236 2071 1396 2140 χάριν
1429 2067 1689 2139 εἰληφότες
1733 2065 1854 2118 ἐσό-

242 2158 411 2228 μεθα,
444 2156 526 2208 ἐάν
565 2175 656 2229 περ
684 2161 754 2228 μὴ
790 2156 1142 2229 ἐξαρκέσωμεν
1175 2158 1250 2227 (3)
1285 2155 1545 2219 ἐξελέσθαι
1575 2159 1689 2216 τοὺς
1739 2162 1857 2207 παῖ-

247 2243 363 2306 δας
389 2255 481 2307 τῆς
512 2251 786 2320 τιμωρίας.
811 2246 870 2299 Εἰ
901 2242 960 2298 δὲ
988 2246 1144 2298 αὐτόν
1174 2265 1230 2298 σε
1252 2248 1280 2304 ἡ
1330 2245 1413 2298 ἐπὶ
1460 2253 1552 2307 τῆς
1599 2244 1855 2319 λεωφόρου

247 2335 498 2406 ἀσχολία
525 2336 748 2406 καθέξει,
779 2341 859 2396 τίς
887 2337 912 2386 ὁ
943 2332 1333 2407 ὑποδεχόμενος
1367 2335 1470 2387 ἐκεῖ
1499 2339 1620 2396 τοὺς
1665 2333 1860 2408 ἀνθρὼ-

249 2443 428 2491 πους;
477 2429 556 2485 τίς
613 2421 672 2476 δὲ
702 2430 726 2476 ὁ
755 2423 951 2496 μέλλων
1004 2425 1190 2486 αὖτοὺς
1238 2423 1351 2476 ἀντὶ
1403 2432 1497 2477 σου
1530 2423 1854 2496 ἀμύνεσθαη

251 2515 396 2567 Ἀλλ’
425 2515 469 2566 εἰ
499 2511 644 2566 δοκεῖ
683 2533 767 2566 σοι
824 2513 983 2566 ἐλθεῖν
1045 2513 1228 2574 αὐτοὺς
1268 2513 1334 2574 εἰς
1392 2514 1530 2585 ὁεριν,
1567 2517 1654 2565 καὶ
1706 2521 1858 2565 τοῦτο

252 2609 462 2664 πάντως
512 2608 783 2676 κέκριταιο
842 2608 1006 2677 μέχρι
1051 2604 1290 2676 Σασίμων
1341 2602 1580 2655 κελευσον
1617 2604 1860 2674 γενέσθαι

254 2695 430 2747 αὐτῶν
457 2699 550 2752 την
579 2696 932 2766 παράστασιν,
974 2697 1062 2745 καὶ
1105 2693 1264 2746 αὐτοῦ
1321 2689 1489 2756 δεῖξον
1540 2700 1760 2744 σεαυτοῦ
1803 2695 1858 2744 τό

254 2791 424 2859 πρᾶον
445 2792 537 2835 τοῦ
559 2785 720 2844 ἤθους
753 2789 842 2835 καὶ
871 2782 1254 2856 μεγαλόθυμον.
1288 2781 1472 2835 Λαϐὼν
1501 2784 1600 2857 γὰρ
1632 2782 1856 2853 ὑποχει-

252 2880 407 2950 ρίους
435 2878 557 2936 τοὺς
589 2873 992 2947 παροξύναντας,
1023 2876 1113 2924 καὶ
1140 2872 1187 2925 ἐν
1228 2875 1392 2944 τούτῳ
1442 2876 1499 2923 τὸ
1545 2871 1858 2944 εὐκαταφρο-

253 2983 410 3021 νητον
433 2971 527 3024 τῆς
558 2970 778 3014 σεαυτοῦ
799 2964 877 3035 (4)
910 2961 1057 3025 ἀξίας
1088 2958 1493 3034 ἐπιδειξάμενος,
1524 2963 1646 3033 άφες
1669 2960 1858 3022 αὐτοὺς

256 3051 522 3119 ἀϐλαϐεῖς,
538 3055 604 3112 ως
625 3051 671 3103 ἐν
693 3059 804 3113 τοῖς
826 3055 1092 3126 προτέροις
1118 3053 1399 3126 γράμμασι
1415 3049 1855 3124 παρεκαλέσαμεν,

255 3146 383 3214 ἡμῖν
408 3145 500 3214 μὲν
532 3137 716 3202 διδους
740 3145 834 3199 την
863 3144 1044 3214 χάριν,
1098 3143 1241 3216 παρά
1276 3137 1334 3193 δὲ
1367 3147 1499 3193 Θεοῦ
1543 3145 1636 3197 την
1669 3137 1741 3211 ἐφ’
1782 3139 1859 3200 οἷς
1890 3129 1929 3182 C

257 3239 422 3293 ποιεῖς
449 3229 721 3284 ἀντίδοσιν
755 3227 1116 3303 ἐκδεχόμενος.

336 3380 386 3430 3.
417 3381 519 3428 Καὶ
547 3384 715 3428 ταῦτα
754 3375 908 3446 λέγω,
939 3375 1043 3447 οὐχ
1082 3375 1152 3437 ὡς
1191 3374 1355 3435 οὕτως
1385 3374 1670 3446 όφεῦοντος
1709 3371 1852 3426 τελε·

267 3467 456 3522 σθῆναι
479 3473 569 3518 τοῦ
602 3468 918 3538 πράγματος,
944 3463 1071 3516 ἀλλα
1103 3461 1441 3524 συνενὸιὸους
1467 3471 1528 3536 τῇ
1572 3465 1705 3540 ὁρμῇ
1740 3483 1856 3535 σου,

267 3560 362 3606 καὶ
387 3553 687 3628 φοξούμενος
715 3558 787 3626 μή
821 3574 871 3606 τι
901 3553 1244 3612 ὑπολείπηται
1288 3555 1514 3606 ἄπεπτον
1546 3562 1636 3606 του
1669 3555 1857 3626 θυμοῦ,

271 3649 364 3694 καὶ
395 3646 558 3718 ὥσπερ
612 3643 693 3696 ἐπὶ
745 3652 844 3695 τῶν
900 3643 1304 3716 φλεγμαινόντων
1336 3643 1606 3716 ὀφθαλμῶν
1656 3647 1746 3695 καὶ
1797 3643 1862 3694 τα

271 3732 582 3784 ἁπαλώτατα
607 3742 704 3784 τῶν
745 3731 1100 3806 βοηθημάτων
1155 3729 1389 3808 ὀδυνηρά
1429 3733 1681 3806 φαίνεται,
1727 3733 1860 3785 οὕτω

263 3827 354 3874 καὶ
383 3830 472 3873 νῦν
504 3825 528 3874 ό
554 3821 970 3897 ἡμέτεροςλὸγος
995 3822 1270 3898 ἑξαγριάνη
1306 3841 1362 3874 σε
1391 3821 1582 3896 μᾶλλον
1615 3821 1643 3880 ἦ
1697 3842 1859 3875 κατα-

265 3913 465 3984 στείλη.
495 3912 633 3966 Ἐπεὶ
681 3915 736 3964 τό
770 3912 1180 3986 εὐπρεπέστατον
1221 3909 1300 3984 ἦν,
1344 3912 1434 3965 καί
1495 3917 1577 3965 σοὶ
1613 3915 1859 3985 μέγιστον

259 4003 460 4074 κόσμον
490 4002 701 4074 ἐνεγκεῖν
733 3999 1035 4074 δυνάμενον,
1079 4007 1167 4054 καὶ
1207 4001 1318 4074 ἐμοὶ
1351 3999 1539 4076 ἀρκοῦν
1582 4005 1708 4076 πρὸς
1739 4006 1860 4065 τοὺς

258 4093 485 4168 έμαυτοῦ
517 4092 693 4164 φίλους
717 4096 806 4144 καὶ
827 4091 1110 4154 ἡλικιώτας
1137 4093 1202 4153 εἰς
1234 4091 1620 4166 σεμνολόγημα,
1649 4095 1706 4144 τό
1733 4094 1858 4165 ἡμῖν

260 4182 608 4255 ἐπιτραπῆναι
634 4186 726 4240 τὴν
760 4179 1056 4241 ἐκδίκησιν.
1090 4184 1303 4244 Πάντως
1335 4178 1394 4235 δὲ
1438 4181 1480 4235 εἰ
1527 4187 1616 4234 καὶ
1655 4181 1858 4255 ὀμώμο-

258 4276 378 4323 σταί
413 4291 499 4324 σοι
532 4267 715 4324 δοῦναι
741 4271 926 4332 αὐτοὺς
957 4271 1028 4334 εἰς
1057 4277 1310 4347 τιμωρίαν
1339 4274 1476 4324 κατὰ
1501 4275 1618 4335 τοὺς
1649 4277 1852 4346 νόμους,

260 4364 376 4414 οὔτε
402 4363 430 4419 η
469 4361 595 4436 παρ’
625 4364 768 4434 ἡμῶν
797 4361 1096 4434 ἐπιτίμησις
1128 4361 1345 4413 ὓιάττων
1368 4360 1506 4414 ἐστὶν
1539 4361 1611 4424 εἰς
1643 4359 1854 4420 ἐκδίκη-

1965 505 2109 561 mihi
2141 510 2536 564 reverentiam
2557 510 2954 567 exhibucrint.
2973 514 3143 578 Quod
3164 515 3326 570 enim
3347 519 3616 571 aestuans

1973 597 2138 666 167
2175 603 2231 653 et
2258 599 2442 654 iratus
2473 604 2528 655 et
2553 599 2631 655 ad
2661 599 3034 658 ulciscendos
3069 603 3356 660 molestiae
3409 610 3615 661 aucto-

1963 699 2059 738 res
2087 691 2358 757 paratus,
2388 687 2642 744 multum
2667 689 2950 745 remisisti
2982 691 3054 746 de
3102 692 3352 765 impetu,
3382 708 3615 766 nosque

1965 772 2047 828 rei
2070 774 2349 830 dominos
2378 777 2566 832 fecisti
2592 795 2604 844 ;
2630 777 2688 831 id
2714 778 2859 833 mihi
2889 778 3090 834 locum
3121 781 3286 837 dedit
3313 781 3373 837 in
3405 787 3458 836 te
3491 786 3616 837 tan-

1966 877 2151 933 quam
2185 863 2242 918 iu
2267 864 2385 920 tilio
2413 865 2702 937 spirituali
2731 867 2992 922 laetandi.
3023 871 3129 924 Pro
3159 869 3250 924 his
3273 870 3449 940 igitur
3468 870 3614 942 quid

1968 950 2129 1007 aliud
2171 960 2464 1026 superest,
2507 955 2620 1010 nisi
2661 961 2722 1012 ut
2767 956 2874 1012 tibi
2925 957 3090 1013 bona
3135 974 3449 1030 precemur
3477 959 3505 1014 ‘I
3553 963 3617 1014 ut

1967 1040 2175 1096 amicis
2205 1042 2452 1114 quidem
2484 1044 2566 1098 sis
2598 1045 2995 1113 gratissimus,
3032 1046 3288 1102 inimicis
3321 1062 3464 1102 vero
3503 1045 3617 1101 for-

1968 1129 2312 1200 midandus,
2345 1137 2397 1188 et
2429 1133 2714 1188 omnibus
2764 1137 2984 1206 pariter
3032 1135 3416 1203 reverendus,
3446 1139 3511 1191 ut
3560 1139 3617 1190 et

1964 1219 2069 1290 qui
2099 1219 2302 1292 aliqua
2330 1221 2388 1276 in
2420 1238 2481 1277 rc
2513 1222 2712 1278 ofticio
2745 1239 2855 1279 suo
2899 1223 3210 1296 defuerint,
3245 1225 3485 1295 cognita
3513 1229 3616 1280 tua

1963 1309 2202 1364 lenitate
2245 1309 2486 1382 culpent
2519 1327 2581 1366 sc
2639 1311 2773 1382 ipsi,
2808 1313 2971 1384 quod
3016 1313 3076 1368 in
3118 1321 3170 1369 te
3195 1314 3392 1369 virum
3431 1311 3613 1369 talem

1965 1399 2343 1471 deliquerint.

2037 1531 2087 1581 2.
2118 1525 2230 1583 Sed
2261 1526 2653 1598 quiajussisti
2685 1527 2942 1584 famulos
2981 1529 3041 1584 in
3084 1527 3304 1594 locum,
3348 1527 3451 1585 ubi
3500 1531 3616 1585 tur-

1965 1615 2108 1671 bam
2141 1631 2210 1671 ac
2240 1615 2560 1672 tumultum
2602 1617 2952 1686 excitarunt,
2987 1619 3228 1681 abduci,
3259 1619 3407 1675 scire
3437 1618 3613 1675 velim

1965 1705 2114 1777 quid
2142 1710 2255 1761 iure
2280 1705 2536 1762 bonitati
2571 1707 2631 1763 id
2663 1709 2986 1780 requirenti
3018 1709 3392 1782 propositum
3439 1709 3533 1764 sit.
3557 1708 3614 1761 Si

1966 1795 2124 1851 enim
2155 1795 2351 1852 aderis
2385 1796 2533 1868 ipse,
2568 1801 2624 1852 et
2652 1797 2931 1854 facinoris
2962 1815 3174 1871 pcenas
3203 1798 3329 1870 ipse
3357 1802 3610 1870 repetes,

1965 1883 2222 1941 aderunt
2248 1885 2415 1955 pueri
2441 1903 2453 1940 :
2482 1886 2629 1958 quid
2660 1887 2819 1942 enim
2851 1886 3014 1943 aliud
3053 1887 3421 1955 faciendum,
3459 1886 3507 1942 si
3551 1885 3614 1941 id

1965 1973 2071 2028 tibi
2103 1979 2387 2029 statutum
2421 1976 2562 2030 est?
2596 1976 2708 2032 Sed
2741 1976 2942 2032 nescio
2965 1992 3076 2046 ego
3103 1975 3395 2049 quidjam
3426 1975 3611 2031 benc-

1965 2062 2414 2137 ﬁciiaccepero,
2447 2066 2495 2120 si
2529 2082 2745 2138 pueros
2785 2084 2856 2123 ex
2885 2067 3181 2140 supplicio
3237 2083 3442 2123 eruere
3490 2081 3613 2122 non

1965 2153 2227 2210 valeam.
2269 2155 2442 2220 Quod
2472 2156 2520 2211 si
2552 2161 2605 2212 te
2633 2157 2875 2227 negotia
2909 2173 3014 2229 per
3043 2158 3204 2213 viam
3230 2156 3611 2223 detinuerint,

1966 2242 2102 2316 quis
2141 2244 2413 2300 homines
2443 2245 2558 2301 illic
2587 2247 2871 2318 suscipiet
2899 2247 2925 2302 ?
2951 2247 3085 2318 quis
3116 2262 3224 2318 pro
3259 2250 3311 2301 te
3359 2244 3490 2301 illos
3522 2244 3614 2299 ul-

1969 2335 2224 2391 ciscetur
2252 2336 2279 2390 ?
2311 2335 2481 2401 Quod
2529 2336 2578 2391 si
2625 2336 2861 2393 videtur
2895 2341 2957 2392 ut
2986 2335 3093 2392 tibi
3133 2336 3194 2391 in
3225 2337 3618 2406 conspectum

1968 2423 2280 2498 prodeant,
2311 2425 2492 2496 idque
2523 2425 2774 2480 omnino
2801 2430 3108 2491 statutum,
3154 2424 3300 2496 jube
3351 2423 3618 2481 Sasimos

1969 2530 2164 2586 usque
2194 2514 2494 2583 sistantur,
2529 2530 2600 2570 ac
2626 2513 2710 2570 ibi
2739 2514 2990 2572 ostende
3030 2514 3334 2571 lenitatem
3377 2528 3619 2568 morum

1971 2608 2211 2659 tuorum
2237 2608 2293 2658 et
2310 2603 2892 2673 magnanimitatem.
2909 2607 3230 2676 Postquam
3251 2603 3408 2659 enim
3433 2601 3494 2657 in
3517 2617 3619 2674 po-

1970 2696 2241 2748 testatem
2281 2693 2579 2764 acceperis
2631 2709 2735 2749 eos
2789 2693 2895 2766 qui
2949 2692 3348 2761 offenderunt,
3399 2696 3454 2746 et
3503 2691 3620 2746 hoc

1969 2785 2145 2853 pacto
2176 2780 2680 2838 demonstraveris
2723 2797 2845 2838 non
2875 2781 3244 2853 contemptui
3268 2779 3620 2836 habendam

1969 2886 2096 2927 esse
2124 2875 2288 2926 tuam
2319 2871 2689 2942 dignitatem,
2709 2871 2928 2928 illaesos
2955 2871 3204 2933 dimitte,
3222 2869 3618 2942 quemadmo-

1968 2961 2116 3015 dum
2148 2959 2447 3033 prioribus
2476 2959 2680 3016 litteris
2710 2960 3076 3030 rogavimus,
3095 2959 3348 3029 gratiam
3377 2974 3413 3014 a
3443 2954 3618 3013 nobis

1967 3049 2181 3118 iniens,
2216 3055 2272 3106 et
2301 3066 2336 3107 a
2369 3052 2486 3106 Deo
2515 3049 2657 3107 facti
2689 3049 3030 3106 mercedem
3061 3052 3436 3122 exspectans.

2042 3378 2096 3431 3.
2120 3371 2254 3430 Haec
2285 3377 2485 3429 autem
2517 3369 2675 3442 dico,
2703 3387 2826 3429 non
2854 3373 3021 3446 quod
3051 3389 3147 3430 res
3174 3371 3256 3428 ita
3285 3367 3487 3444 perﬁci
3517 3367 3618 3425 de-

1969 3462 2128 3526 beat,
2163 3461 2265 3518 sed
2297 3462 2515 3519 cedens
2546 3462 2936 3519 commotioni
2966 3467 3096 3534 tuae,
3125 3478 3196 3519 ac
3225 3464 3520 3530 metuens,
3540 3473 3616 3513 ne

1970 3552 2116 3626 quid
2155 3551 2477 3609 iracundiae
2522 3552 2722 3608 minus
2765 3556 3003 3609 coctum
3049 3551 3326 3619 resideat,
3370 3554 3426 3606 et
3476 3561 3619 3621 que-

1971 3641 2370 3699 madmodum
2433 3640 2620 3697 oculis
2673 3641 3066 3698 inﬂammatis
3116 3641 3207 3698 vel
3260 3637 3618 3696 mollissima

1970 3730 2414 3786 medicamenta
2442 3729 2714 3786 dolorem
2744 3730 2961 3799 ferunt,
2995 3729 3077 3785 ita
3114 3734 3172 3785 et
3221 3743 3382 3784 nunc
3425 3723 3616 3783 oratio

1969 3836 2106 3876 mea
2133 3819 2424 3876 accendat
2455 3823 2509 3876 te
2558 3819 2754 3890 magis
2811 3835 2998 3892 quam
3056 3819 3423 3891 compescat.
3466 3811 3617 3870 Illud

1969 3911 2130 3967 enim
2169 3909 2431 3966 maxime
2479 3909 2767 3966 decorum
2796 3909 2965 3976 foret,
2999 3925 3069 3966 ac
3118 3907 3226 3964 tibi
3279 3904 3616 3962 maximum

1968 4005 2393 4056 ornamentum
2422 3999 2631 4056 afferre
2663 4001 2886 4071 posset,
2911 3997 3178 4070 mihique
3196 4012 3320 4054 non
3358 4011 3615 4069 parvam

1968 4090 2131 4163 apud
2163 4089 2392 4147 amicos
2425 4094 2481 4147 et
2511 4090 2774 4164 aequales
2812 4105 2981 4146 meos
3032 4089 3233 4160 gloriae
3278 4087 3614 4157 materiam,

1967 4168 2015 4236 Si
2070 4180 2337 4236 vindicta
2392 4179 2537 4236 mihi
2583 4179 3041 4252 permitteretur.
3103 4179 3360 4235 Omnino
3417 4181 3618 4234 autem

1962 4270 2142 4328 etiam
2176 4269 2223 4326 si
2247 4271 2543 4342 juraveris
2569 4269 2926 4326 traditurum
2951 4274 3004 4326 te
3026 4285 3127 4325 eos
3156 4267 3232 4324 ad
3255 4267 3616 4340 supplicium

1966 4359 2303 4415 secundum
2329 4359 2490 4431 leges
2515 4377 2527 4429 ;
2559 4374 2758 4432 neque
2802 4357 3247 4416 animadversio
3277 4362 3482 4413 nostra
3510 4355 3615 4411 mi-

260 4471 361 4519 σιν,
391 4455 513 4502 οὔτε
542 4452 568 4502 ό
603 4452 731 4512 θεῖος
759 4454 914 4524 νόμος
944 4449 1238 4526 ἀτιμότερος
1269 4459 1367 4503 τῶν
1391 4450 1854 4525 ἐμπολιτευομένων

1971 4465 2076 4506 nor
2105 4455 2192 4506 est
2218 4449 2296 4506 ad
2324 4449 2677 4514 vindictam,
2710 4464 2906 4522 neque
2937 4447 3143 4504 divina
3171 4447 3266 4504 lex
3295 4445 3616 4517 ignobilior

255 4550 326 4611 τῷ
356 4539 466 4612 βίῳ
493 4545 744 4613 νομίμων.
778 4540 886 4595 ἈΥ
917 4538 978 4599 ἦν
1010 4537 1230 4593 δυνατόν
1261 4540 1468 4609 αὐτοὺς,
1500 4541 1719 4595 ἐνταῦθα
1749 4542 1855 4595 ἐπι-

256 4635 582 4704 στρασρέντας
606 4637 710 4690 τοῖς
741 4631 1008 4706 ἡμετέροις
1049 4635 1312 4704 νομίμοις,
1347 4630 1394 4683 ἔν
1451 4631 1528 4693 οἷς
1566 4636 1655 4684 καὶ
1699 4631 1856 4694 αὐτὸς

252 4726 340 4777 την
369 4717 566 4773 ἇπίδα
592 4723 733 4791 ἔχεις
883 4730 976 4782 τῆς
1009 4725 1292 4794 σωτηρίας,
1325 4725 1414 4774 καὶ
1446 4724 1503 4774 σε
1552 4730 1641 4783 τῆς
1669 4721 1754 4774 ἐπὶ
1781 4730 1852 4793 τῷ

244 4813 386 4885 ὅρκῳ
417 4809 655 4882 ἀνάγκης
689 4810 1043 4884 θευοερῶσαι,
1076 4816 1159 4864 καὶ
1201 4810 1390 4874 αὐτους
1423 4814 1717 4886 σύμμετρον
1747 4819 1856 4876 τοῖς

313 5063 434 5132 (98)
479 5059 768 5135 Ἀπένειμε.
806 5057 951 5117 Editi
981 5063 1106 5135 ἡμῖν
1128 5079 1412 5135 απενειμες.
1436 5062 1575 5118 Tres
1597 5078 1744 5135 mSS.
1767 5078 1853 5120 re-

245 5119 545 5190 centiores
575 5119 860 5206 επεάειμες,
881 5119 1272 5206 νΙ-ΙδιέῙηίίὲοἱεΙ.
1297 5119 1529 5206 primus
1550 5134 1769 5206 etMed.
1789 5119 1856 5192 at

235 5206 295 5261 in
327 5210 517 5278 textu,
550 5204 664 5259 nisi
686 5204 934 5278 quodin
960 5205 1141 5278 variis
1190 5204 1446 5278 Medicaei
1488 5205 1851 5278 lectionibus

235 5291 356 5334 non
394 5275 728 5332 observata
747 5276 858 5332 fuit
889 5275 1172 5332 secundae
1208 5277 1374 5332 vocis
1410 5277 1688 5334 varietas.

309 5354 432 5416 (99)
465 5355 737 5400 Τοιοῦτον.
773 5349 864 5404 Sic
896 5365 1038 5403 mss.
1069 5363 1193 5405 sex.
1217 5347 1368 5404 Editi
1389 5355 1663 5404 τοσοῦτον.

309 5425 389 5490 (t)
427 5416 646 5493 Ἐπειᾷη
676 5416 786 5493 οςῧν.
822 5423 905 5476 Ita
935 5419 1115 5490 Ποῖ-1.,
1138 5419 1286 5477 Med.
1314 5424 1369 5476 et
1395 5419 1569 5476 Coisl.
1595 5419 1848 5493 primus.

243 5487 390 5548 ΕΙ]τὶιί
426 5487 647 5549 Ἐπειδὴ
685 5488 764 5544 δέ.

310 5564 387 5634 (Ξ)
419 5563 720 5636 Εὲσπράξη.
753 5565 837 5619 lta
868 5579 1014 5636 mss.
1051 5578 1178 5620 sex.
1217 5563 1367 5619 Editi
1392 5563 1704 5636 εἰσπράξεις.

311 5617 385 5704 i213
420 5617 839 5708 'Eiz,$xé;iopi~).
873 5617 1443 5709 ιῑαῖηέέῑεειςίεξη.
1479 5617 1682 5694 θεάίιί
1707 5635 1851 5712 es...

1964 4537 2297 4595 observatis
2322 4539 2381 4595 in
2411 4539 2630 4596 saeculo
2659 4539 2914 4608 legibus.
2948 4537 3062 4594 Sed
3093 4537 3220 4593 ﬁeri
3250 4539 3506 4610 poterat,
3553 4538 3619 4591 ut

1962 4627 2060 4686 hic
2092 4646 2165 4686 ex
2192 4628 2424 4701 legibus
2447 4629 2684 4697 nostris,
2712 4628 2769 4684 in
2803 4627 3027 4701 quibus
3059 4631 3116 4684 et
3140 4627 3266 4701 ipse
3297 4643 3469 4699 spem
3515 4640 3615 4682 sa-

1961 4719 2100 4775 lutis
2124 4719 2382 4792 positam
2407 4718 2620 4790 habes,
2655 4718 2866 4792 puniti,
2900 4722 2957 4774 et
2985 4722 3038 4774 te
3067 4716 3466 4790 jurisjurandi
3517 4730 3616 4771 ne-

1962 4809 2239 4866 cessitate
2270 4808 2585 4880 solverent,
2612 4812 2667 4865 et
2692 4807 2806 4881 ipsi
2836 4823 3046 4880 parem
3075 4807 3336 4880 peccatis
3371 4821 3618 4880 pcenam

1963 5065 2198 5136 κέσομεν.
2234 5063 2362 5117 Non
2394 5060 2578 5117 multo
2609 5063 2745 5134 post
2773 5060 2913 5118 editi
2942 5059 3263 5133 ἀμύνασθαι.
3293 5061 3438 5116 Octo
3468 5075 3614 5115 mss.

1962 5134 2123 5210 utin
2151 5137 2333 5188 textu.
2548 5207 2588 5210 __
2922 5209 2926 5210 ν

2035 5207 2110 5276 (4)
2139 5212 2240 5264 Τῆς
2274 5211 2512 5276 σεαυτοῦ.
2548 5207 2633 5260 lta
2658 5221 2801 5276 mss.
2837 5209 2991 5262 octo.
3023 5205 3171 5261 Editi
3201 5213 3294 5265 τῆς
3324 5210 3439 5276 σῆς.
3497 5199 3613 5254 Ali‘

1961 5274 2119 5351 quan
2134 5275 2368 5351 tonintra
2395 5275 2538 5351 editi
2570 5274 2872 5351 συνδιδούς.
2903 5281 3047 5351 Mss.
3075 5292 3180 5332 sex
3232 5280 3296 5351 ut
3319 5274 3396 5351 _i_n
3429 5276 3609 5351 textu.

1962 5342 2091 5404 mox
2119 5347 2258 5404 edit.
2293 5347 2629 5405 ὑπολίπηται.
2655 5349 2810 5405 Harl.
2843 5353 2899 5406 et
2926 5348 3073 5404 Med.
3099 5361 3236 5403 cum
3259 5344 3452 5400 tribus
3483 5342 3613 5399 aliis

1961 5420 2306 5478 ὑπολείπηται
2319 5461 2332 5476 .

2033 5495 2120 5564 (ὄλ
2138 5491 2337 5564 Ἔχεις.
2354 5495 2436 5548 tta
2457 5495 2684 5548 veteres
2714 5491 2850 5547 libri
2873 5504 3116 5564 summo
3137 5485 3616 5564 consensudtglale

1958 5557 2413 5644 ίρρᾆὶῐὶξξχοις.
2441 5564 2623 5644 Paulo
2653 5567 2794 5636 post
2822 5561 2962 5644 editi
2988 5565 3075 5644 καὶ
3129 5560 3330 5644 ρινὶτρῑς.
3375 5557 3530 5617 Harl.
3561 5562 3619 5615 ct

1962 5633 2135 5692 Coisl.
2163 5631 2396 5707 primus
2421 5638 2476 5690 et
2507 5635 2608 5692 alii
2637 5631 2912 5691 nonnulli
2939 5636 3006 5690 ut
3029 5631 3095 5689 in
3128 5635 3310 5690 textu.
