4054 6200
445 262 549 321 443

1798 253 1854 315 S.
1896 252 2146 314 BASI'LII
2196 252 2421 315 MAGM
3700 270 3795 326 444

448 387 772 461 explerent.
809 382 924 443 Sed
953 399 1161 441 rursus
1192 381 1510 455 epistolam
1533 381 1774 454 longius
1799 382 2092 456 produco.

2221 382 2598 459 ἡμαρτημένοις
2625 383 2963 458 ἐκπληρῶσαι
2990 387 3081 443 τὴν
3114 380 3294 444 δίκην.
3342 386 3498 442 Ἀλλὰ
3524 389 3678 443 πάλιν
3702 412 3800 464 μου

447 480 597 534 Nam
617 475 766 532 dum
791 475 920 531 haec
948 471 1048 530 tibi
1069 472 1432 546 persuadere
1451 473 1836 529 vehementer
1858 471 2093 541 studeo,

446 566 596 622 nihil
642 581 852 622 eorum
899 580 1035 636 quae
1089 563 1152 619 in
1182 568 1445 619 mentem
1473 563 1745 629 veniunt,
1795 562 2098 635 praeterire

445 671 738 728 possum;
771 653 993 710 veritus
1033 651 1255 708 scilicet
1293 667 1368 707 ne
1424 652 1563 709 ideo
1621 652 1785 708 irrita
1842 652 1915 707 sit
1960 666 2099 708 mea

447 745 733 817 precatio,
764 743 926 816 quod
952 741 1181 814 aliquid
1200 741 1263 797 in
1288 740 1565 798 docendo
1586 740 2095 814 praetermiserim.

446 838 519 891 At
547 834 729 902 enim,
771 831 1194 889 colendissime
1238 846 1310 887 ac
1349 847 1636 902 germane
1676 830 1951 888 Ecclesia:
1990 830 2094 903 ﬁli,

448 923 745 980 conﬁrma
792 937 929 995 spes
957 937 1146 991 meas,
1173 936 1329 993 quas
1356 921 1417 977 in
1448 926 1503 978 te
1533 936 1695 977 nunc
1739 921 1967 994 positas
1996 920 2100 978 ha-

446 1011 585 1079 beo,
616 1016 674 1068 et
702 1011 1134 1068 consentientia
1168 1010 1341 1082 168
1363 1011 1639 1067 omnium
1669 1011 1744 1066 de
1775 1014 1881 1067 tua
1909 1009 2100 1067 animi

447 1100 861 1157 moderatione
890 1104 947 1156 et
968 1099 1208 1156 lenitate
1237 1100 1609 1165 testimonia;
1643 1115 1714 1155 ac
1762 1098 1932 1155 militi
1962 1098 2099 1155 scri-

446 1188 525 1244 be
552 1194 670 1246 uta
702 1189 878 1246 nobis
900 1189 1017 1245 cito
1037 1188 1326 1245 discedat.
1350 1192 1404 1243 Is
1435 1188 1596 1244 enim
1621 1188 1914 1244 hactenus
1948 1187 2100 1244 nihil

450 1276 573 1333 odii
599 1281 705 1335 aut
724 1277 1104 1335 contumeliae
1138 1277 1341 1333 omisit
1369 1295 1381 1332 :
1407 1277 1633 1351 quippe
1676 1292 1816 1332 cum
1847 1275 2016 1332 malit
2047 1280 2101 1331 te

451 1366 728 1423 molestia
753 1383 876 1422 non
904 1365 1163 1435 aﬂicere,
1191 1381 1376 1439 quam
1405 1381 1615 1422 omnes
1634 1381 1746 1423 nos
1774 1365 2100 1423 familiares

451 1470 524 1512 ac
554 1454 785 1512 amicos
806 1454 1053 1512 habere.

960 1564 1200 1621 EPISTO
1210 1565 1297 1620 LA
1338 1564 1589 1624 LXXlV‘.

2209 473 2338 544 κραν
2367 480 2500 524 ποιῶ
2530 476 2624 531 τὴν
2655 471 2953 532 ἐπιστολήν.
3000 472 3122 526 ’Υπό
3149 475 3248 548 γὰρ
3279 483 3371 527 τοῦ
3406 474 3611 551 σφόδρα
3644 498 3800 532 σπου-

2212 556 2393 620 ὃάζειν
2417 563 2635 624 πιθανός
2666 581 2751 615 σοι
2779 563 3039 633 γενέσθαι,
3083 557 3232 615 οὐδὲν
3284 572 3385 615 τῶν
3442 568 3514 629 εἰς
3569 563 3805 621 διάνοιαν

2210 649 2501 723 ἐρχομένων
2525 650 2905 710 ἀποσιωπῆσαι
2928 650 3185 725 ἀνέχομαι
3201 673 3212 685 ·
3243 652 3549 727 φοϐούμενος
3568 662 3639 729 μὴ
3666 661 3809 733 παρὰ

2207 748 2360 793 τοῦτο
2386 740 2653 815 ἄπρακτος
2711 760 2801 814 μοι
2844 743 2874 800 ἡ
2918 744 3126 803 αἴτησις
3168 746 3401 813 γένηται,
3442 742 3659 809 ἐλλιπῶς
3705 756 3807 819 μού

2207 834 2301 887 τὴν
2335 826 2688 883 διδασκαλίαν
2719 834 3098 903 ποιησαμένου.
3140 830 3295 900 ’Δλλ’,
3327 829 3367 883 ὧ
3392 840 3706 907 τιμιώτατον
3730 836 3808 907 (6)

2207 923 2298 971 καὶ
2322 925 2538 991 γνήσιον
2571 922 2779 995 θρέμμα
2796 929 2884 981 τῆς
2909 920 3091 979 Ἐκκλη
3102 925 3237 991 σίας,
3261 920 3552 994 βεϐαίωσον
3580 932 3671 979 καὶ
3694 926 3811 999 ἐμοὶ

2207 1012 2300 1071 τὰς
2328 1007 2479 1062 ἐλπίὸ
2484 1030 2557 1081 ας,
2592 1008 2648 1070 ἃς
2677 1013 2785 1082 ἔχω
2814 1018 2901 1062 νῦν
2933 1009 3016 1063 ἐπὶ
3040 1015 3143 1080 σοὶ,
3175 1016 3265 1064 καὶ
3294 1014 3389 1074 τὰς
3416 1016 3621 1066 πάντων
3663 1036 3807 1089 συμ-

2210 1104 2385 1169 φώνως
2413 1104 2532 1174 περὶ
2552 1106 2646 1162 τῆς
2669 1108 2732 1159 σὴ
2745 1120 2766 1162 ς
2788 1098 3054 1172 ἐμμελείας
3069 1105 3159 1153 καὶ
3178 1105 3472 1174 πραότητος
3486 1110 3781 1178 παρτυρίας
3794 1147 3808 1173 ,

2208 1192 2300 1239 καὶ
2340 1186 2630 1241 ἐπίστειλον
2667 1197 2739 1260 τῷ
2800 1196 3093 1264 στρατιώτῃ
3143 1189 3508 1264 ἀπαλλαγῆναι
3562 1196 3710 1267 ημῶν
3764 1194 3815 1247 ἐν

2210 1280 2389 1349 τάχει,
2421 1277 2585 1339 ὅςνῦν
2614 1298 2670 1351 γε
2696 1274 2847 1331 οὐδὲν
2891 1278 3199 1350 ἐπαχθείας,
3248 1278 3372 1335 ουδὲ
3425 1282 3614 1359 ὕϐρεως
3669 1284 3817 1337 ἑλλέ-

2209 1366 2377 1430 λοιπε,
2426 1365 2615 1438 μᾶλλον
2664 1370 2965 1442 αἱρούμενος
3006 1387 3063 1421 σε
3119 1373 3190 1441 μή
3237 1368 3473 1430 λυπῆσαι
3522 1373 3552 1432 ἦ
3610 1374 3819 1435 πάντας

2213 1455 2353 1527 ἡμᾶς
2382 1454 2601 1515 οἰκείους
2623 1457 2763 1527 ἔχειν
2794 1460 2883 1507 καὶ
2914 1455 3110 1528 φῦους.

2775 1567 3113 1618 ΕΙΙΙΣΤΟΛΙΙ
3146 1562 3262 1624 οΔ’.

454 1686 723 1747 Basilius
759 1689 1060 1745 malorum
1094 1689 1314 1758 patriar
1365 1689 1765 1759 descriptione
1810 1687 2256 1746 Martinianum
2302 1686 2603 1745 adducere
2653 1693 2931 1756 conatur,
2964 1693 3032 1745 ut
3074 1689 3497 1759 imperatorem
3526 1692 3725 1760 adeat,
3762 1698 3823 1749 et

520 1766 755 1905 ἱματίῳ
784 1776 861 1888 εἴ)
888 1761 1179 1889 divisique
1209 1761 1601 1890 Claztmadociae
1630 1766 2077 1833 consequantur
2105 1760 2483 1818 incommoda
2512 1761 2898 1831 demonstret,
2926 1762 3020 1819 vel
3048 1762 3259 1819 saltem
3299 1764 3612 1821 scribendo
3643 1780 3821 1834 opem

558 1848 663 1891 era
719 1848 782 1889 ιη
834 1847 913 1889 an
946 1848 983 1890 a
1012 1848 1083 1890 ca
1114 1847 1233 1890 amt
1264 1847 1300 1889 a
1330 1848 1383 1890 e.

558 1847 689 1891 erat
719 1848 782 1889 ιη
809 1847 983 1890 ιαηια
1012 1847 1383 1890 catamuate.

1090 1958 1469 2017 Martiniano
2125 1958 2166 2013 Β

529 2068 577 2122 1.
611 2064 826 2132 Quanti
870 2080 967 2123 me
1006 2064 1337 2133 arbitraris,
1385 2065 1599 2139 quanti
1645 2065 2103 2133 aestimaturum,

454 2155 598 2211 utin
627 2172 818 2212 unum
848 2155 1180 2229 aliquando
1208 2155 1363 2212 inter
1391 2171 1503 2212 nos
1524 2155 1860 2225 veniamus,
1884 2159 2107 2212 tecum-

453 2258 572 2316 que
601 2243 825 2301 diutius
849 2260 1071 2310 verser,
1091 2244 1245 2301 adeo
1275 2248 1337 2301 ut
1363 2245 1649 2302 omnibus
1678 2244 1855 2301 bonis
1879 2242 2105 2318 quibus

454 2336 704 2389 ornatus
734 2349 815 2405 es,
850 2334 1124 2406 perfruar
1143 2333 1171 2389 ‘t
1205 2333 1262 2391 Si
1291 2334 1451 2391 enim
1478 2334 1812 2408 plurimum
1842 2332 2002 2390 valet
2029 2331 2109 2391 ad

456 2418 808 2478 eruditionis
839 2422 1271 2495 testimonium,
1303 2422 1633 2482 multorum
1671 2421 1990 2481 hominum
2014 2420 2108 2479 vi-

454 2511 616 2569 disse
652 2513 854 2581 urbes,
895 2516 952 2570 et
998 2530 1196 2571 mores
1249 2530 1465 2582 nosse;
1508 2515 1572 2571 id
1616 2512 1889 2571 existimo
1944 2512 2110 2571 brevi

454 2604 725 2675 tempore
753 2606 926 2659 tuum
956 2617 1352 2674 congressum
1403 2607 1709 2676 praestare.
1766 2601 1918 2670 Quid
1949 2600 2109 2660 enim

454 2690 635 2747 refert
664 2696 865 2748 utrum
919 2692 1141 2749 multos
1182 2692 1483 2764 sigillatim
1526 2692 1754 2761 videas,
1801 2708 1879 2750 an
1919 2707 2110 2749 unum

455 2780 560 2854 qui
589 2780 865 2838 omnium
897 2780 1077 2838 simul
1104 2782 1538 2856 experientiam
1562 2782 1818 2856 adeptus
1844 2781 1953 2839 sit?
1982 2782 2110 2838 Imo

453 2885 596 2926 vero
622 2871 886 2928 maxime
934 2876 1223 2944 praestare
1262 2872 1538 2945 dixerim,
1594 2888 1974 2946 quascunque
2015 2886 2111 2929 re-

455 2975 591 3016 rum
620 2961 989 3034 optimarum
1029 2962 1434 3034 cognitionem
1474 2963 1600 3020 sine
1644 2962 1852 3020 labore
1904 2961 2111 3019 conci-

454 3048 621 3116 liant,
654 3054 711 3107 et
739 3066 957 3123 puram
988 3050 1066 3108 ab
1095 3051 1262 3108 omni
1317 3052 1443 3108 vitii
1493 3052 1885 3125 permistione
1926 3052 2111 3108 scien-

456 3140 604 3197 tiam
667 3140 900 3197 virtutis
957 3140 1268 3211 colligunt.
1330 3143 1641 3198 Enimvero
1696 3142 1819 3198 sive
1874 3142 2105 3199 facinus

2222 3155 2340 3205 στη,
2399 3139 2499 3189 εἴτε
2557 3135 2711 3208 λόγος
2774 3141 2986 3210 μνήμης
3052 3137 3219 3204 ἄξιος,
3280 3140 3380 3191 εἴτε
3433 3138 3689 3191 πολιτεῖαι
3738 3140 3827 3209 (8)

458 3228 1012 3301 praeclarissimum,
1044 3232 1169 3286 sive
1201 3231 1493 3288 sententia
1531 3235 1871 3288 memoratu
1900 3230 2105 3302 digna,

2221 3223 2422 3299 ἀνδρῶν
2465 3226 2895 3301 ὑπερπεφυκὸτων
2944 3229 3060 3288 τοὺς
3112 3226 3300 3289 ἄλλους
3330 3248 3344 3263 ·
3396 3229 3566 3281 πάντα
3614 3235 3688 3299 τῷ
3746 3235 3830 3299 σῷ

459 3318 581 3374 sive
618 3317 883 3375 virorum
910 3318 1060 3376 alios
1105 3320 1523 3393 superantium
1569 3320 1858 3388 instituta,
1905 3321 2105 3378 omnia

2221 3320 2435 3389 ταμιείῳ
2506 3323 2597 3375 τῆς
2652 3314 2840 3388 ψυχῆς
2916 3314 3284 3372 ἐναποκειται.
3354 3315 3514 3369 Ὠστε
3591 3316 3686 3369 οὐκ
3752 3316 3829 3378 εἰς

458 3406 520 3463 in
547 3406 735 3465 animi
783 3408 868 3465 tui
920 3408 1206 3466 thesauro
1256 3409 1691 3466 reconduntur.
1737 3411 1929 3477 Quare
1984 3425 2105 3468 non

2221 3407 2448 3466 ἐνιαυτὸν
2497 3407 2673 3478 μόνον,
2714 3405 2779 3465 ὡς
2827 3405 2853 3457 ὁ
2907 3404 3168 3467 Ἀλκινοος
3226 3406 3304 3477 (9)
3351 3413 3443 3459 τοῦ
3494 3401 3825 3474 Ὀδυσσέως,

460 3510 693 3554 annum
722 3500 975 3565 tantum,
1019 3498 1175 3554 sicut
1195 3496 1479 3556 Alcinous
1510 3498 1806 3571 Ulyssem,
1851 3498 1957 3556 sed
2002 3515 2105 3573 per

2221 3491 2327 3547 ἀλλ’
2360 3492 2430 3554 εἰς
2458 3494 2627 3546 πάντα
2655 3512 2754 3566 μου
2780 3496 2868 3545 τὸν
2902 3490 3018 3566 βίον
3045 3493 3293 3567 εὐξαίμην
3343 3495 3403 3547 ἄν
3450 3514 3544 3548 σου
3591 3493 3825 3569 ἀκούειν,

458 3589 648 3644 totam
668 3585 855 3643 vitam
885 3600 1088 3643 meam
1119 3586 1325 3644 audire
1354 3591 1411 3644 te
1466 3587 1820 3661 exoptarim,
1853 3603 2105 3662 eamque

2221 3586 2309 3636 καὶ
2335 3584 2534 3658 μακρὸν
2564 3582 2624 3634 ἄν
2654 3601 2744 3656 μοι
2790 3584 3033 3654 γενέσθαι
3081 3585 3264 3636 τούτου
3322 3601 3382 3656 γε
3424 3584 3567 3637 ἕνεκα
3610 3591 3825 3657 τοῦτον,

459 3674 709 3746 longam
736 3676 851 3733 hac
880 3675 956 3733 de
1000 3691 1185 3733 causa
1212 3675 1363 3746 ﬂeri,
1394 3679 1678 3750 quamvis
1721 3676 1871 3734 mihi
1909 3678 2105 3749 gravis

2221 3677 2307 3726 καὶ
2377 3681 2543 3727 ταῦτα
2612 3667 2883 3737 δυσκόλως
2954 3676 3083 3750 πρὸς
3146 3674 3301 3727 αὐτὸν
3356 3671 3697 3748 διακείμενος.
3762 3678 3830 3728 Τί

465 3763 541 3819 sit
586 3768 643 3820 et
669 3763 947 3821 molesta.
991 3763 1107 3822 Sed
1157 3763 1307 3839 quid
1347 3780 1458 3836 ego
1509 3780 1672 3821 nunc
1710 3765 1929 3837 scribo,
1972 3782 2105 3824 cum

2223 3758 2411 3822 δήποτ’
2443 3757 2530 3815 οὖν
2561 3758 2841 3815 ἐπιστέλλω
2868 3770 2979 3832 νῦν,
3006 3770 3249 3839 παρεῖναι
3276 3760 3390 3817 δέον
3420 3779 3434 3831 ;
3464 3762 3586 3817 Ὀτι
3611 3783 3673 3838 με
3701 3763 3829 3836 (i0)

461 3853 677 3911 adesse
705 3854 1053 3927 oporteret?
1082 3856 1234 3917 Quia
1261 3869 1359 3910 me
1400 3853 1682 3913 aﬂlictata
1718 3857 1915 3928 patria
1950 3855 2105 3913 festi-

2221 3854 2495 3926 κάμνουσα
2540 3852 2570 3911 ἡ
2622 3856 2807 3927 πατρὶς
2876 3850 3066 3926 ἐπείγει
3110 3855 3237 3930 πρὸς
3303 3850 3510 3912 ἑαυτήν.
3563 3855 3664 3906 Οἰα
3718 3855 3829 3928 γὰρ

461 3946 676 3999 nanter
704 3942 785 4000 ad
824 3958 888 3999 se
914 3947 1103 4001 vocat.
1156 3942 1370 4010 Qualia
1417 3948 1619 4001 autem
1665 3943 1950 4017 patiatur,
1988 3960 2105 4003 non

2221 3943 2486 4015 πέπονθεν,
2538 3940 2631 3995 οὐκ
2678 3939 2874 4015 ἀγνοεῖς
2922 3940 2961 3995 ὦ
3006 3944 3189 4017 ἄριστε
3222 3964 3235 3978 ο
3286 3944 3365 3997 ὅτι
3419 3942 3644 4003 Πενθέως
3698 3943 3836 4015 τρό-

460 4030 728 4102 ignoras,
757 4031 847 4087 vir
871 4030 1122 4104 optime.
1162 4034 1307 4089 Eam
1337 4033 1518 4105 enim,
1552 4031 1731 4090 veluti
1762 4033 2105 4100 Pentheum,

2222 4052 2315 4086 πον
2345 4028 2607 4093 Μαινάδες
2647 4035 2803 4095 ὅντως
2848 4034 3003 4104 τινες,
3052 4028 3295 4107 δαίμονες
3344 4035 3482 4103 (Η),
3529 4030 3691 4089 αὐτὴν
3747 4025 3837 4082 δι-

460 4135 596 4177 vere
624 4119 923 4177 Maenades
972 4120 1247 4192 quidam,
1301 4120 1631 4191 daemones,
1685 4121 2105 4197 discerpsere:

2223 4122 2543 4179 εσπάσαντο.
2591 4127 2862 4197 Διαιροῠσι
2907 4123 3008 4197 γὰρ
3051 4120 3208 4181 αὐτὴν
3239 4125 3328 4174 καὶ
3380 4116 3777 4195 ἕπιδιαιροῡσευ
3815 4138 3831 4152 ·

462 4209 765 4282 siquidem
795 4225 931 4267 eam
956 4214 1162 4268 secant
1187 4214 1368 4284 atque
1394 4214 1688 4280 resecant,
1716 4211 1984 4282 vulnera,
2006 4213 2105 4271 im-

2223 4215 2396 4287 ὦσπερ
2453 4214 2503 4266 οἱ
2558 4216 2714 4266 κακοὶ
2762 4220 2862 4265 τῶν
2918 4212 3129 4289 ἰατρῶν,
3185 4212 3530 4289 χαλεπώτερα
3574 4212 3641 4264 τὰ
3696 4209 3827 4268 ἕλκη

459 4300 789 4374 peritorum
809 4300 1183 4358 medicorum
1208 4316 1511 4375 more,per
1534 4301 1913 4361 inscientiam
1936 4320 2105 4362 suam

2224 4310 2491 4365 ποιοῦντες
2536 4309 2598 4376 τῇ
2668 4301 2791 4377 παρ’
2860 4300 3053 4355 ἑαυτῶν
3108 4300 3340 4378 ἀπειρίᾳ.
3401 4300 3541 4355 Ἐπεὶ
3602 4296 3688 4352 οὖν
3748 4303 3836 4353 κέ-

458 4391 778 4449 reddentes
810 4391 1105 4463 graviora.
1138 4394 1366 4461 Itaque,
1401 4407 1540 4449 cum
1568 4392 1802 4451 laboret
1830 4392 2105 4465 dissectaI

2221 4410 2392 4467 κμηκε
2459 4395 2898 4466 κατατεμνομὲνη,
2969 4391 3195 4445 λείπεται
3263 4392 3425 4450 αὐτὴν
3502 4390 3833 4464 θεραπεύειν,

457 4480 761 4554 reliquum
790 4486 879 4539 est
908 4484 972 4538 ut
1000 4480 1053 4537 ei
1083 4485 1375 4554 tanquam
1395 4482 1710 4553 aegrotanti
1731 4481 2112 4543 medeamur.

462 4570 836 4643 Scripserunt
890 4571 1071 4643 igitur
1128 4587 1199 4629 ac
1259 4587 1372 4629 nos
1430 4576 1645 4644 urgent
1695 4573 1872 4640 cives,
1930 4578 2112 4648 atque

2834 1964 3191 2032 Μαρτινιανῷ.

2290 2066 2339 2121 1.
2370 2063 2492 2137 Ἐμέ
2519 2068 2570 2117 τί
2607 2065 2723 2132 οἴει,
2771 2068 2940 2118 πόσου
2985 2064 3100 2119 ποτ’
3143 2065 3205 2117 ἂν
3248 2068 3583 2139 τιμήσασθαι
3631 2069 3690 2121 τὸ
3744 2066 3827 2130 εἰς

2215 2158 2404 2206 ταυτὸν
2460 2153 2577 2207 ποθ’
2636 2156 2773 2228 ἡμᾶς
2830 2152 3070 2217 ἀλληλοις
3126 2153 3307 2227 ἐλθεῖν,
3358 2160 3448 2208 καὶ
3504 2155 3587 2210 ἐπὶ
3640 2157 3826 2211 πλεῖόν

2218 2261 2301 2295 σοι
2356 2245 2721 2316 συγγενέσθαι,
2794 2245 2928 2297 ὥστε
2993 2243 3196 2297 πάντων
3261 2243 3557 2299 ἀπολαῦσαι
3613 2254 3709 2299 τῶν
3773 2245 3826 2300 ἐν

2218 2337 2303 2385 σοὶ
2329 2332 2497 2386 καλῶν
2522 2350 2535 2402 ;
2565 2336 2665 2386 Καὶ
2710 2336 2812 2409 γὰρ
2847 2333 2890 2386 εἰ
2918 2336 3055 2407 μέγα
3083 2336 3214 2408 πρὸς
3254 2340 3549 2411 μαρτυρίαν
3587 2332 3828 2389 παιδεύ-

2218 2440 2349 2485 σεως
2402 2424 2462 2474 τὸ
2519 2421 2717 2475 πολλῶν
2770 2421 3051 2497 ἀνθρώπων
3140 2419 3269 2476 ἰδεῖν
3307 2425 3501 2492 ἄστεα,
3565 2434 3655 2477 καὶ
3701 2428 3829 2478 νὸον

2215 2519 2408 2583 γνῶναι
2438 2530 2453 2545 ο
2486 2519 2640 2565 τοῦτο
2684 2508 2831 2585 οἶμαι
2871 2507 2946 2564 δι’
2992 2511 3168 2584 ὀλίγον
3206 2514 3530 2588 χαρίζεσθαι
3572 2518 3667 2573 τήν
3718 2519 3826 2574 σὴν

2218 2598 2443 2673 ὁμιλίαν.
2475 2605 2539 2654 Τί
2561 2603 2663 2676 γὰρ
2691 2597 2927 2677 διαφέρει
2955 2598 3174 2662 πολλοὺς
3227 2598 3355 2655 ἰδεῖν
3394 2606 3529 2655 κατὰ
3573 2606 3751 2677 μέρος,
3792 2604 3825 2663 ἣ

2218 2689 2305 2741 ἕνα
2332 2691 2419 2741 τὸν
2468 2692 2669 2743 πάντων
2723 2689 2808 2761 (7)
2858 2691 2987 2762 ὁμοῦ
3030 2694 3120 2749 τὴν
3166 2696 3349 2764 πεῖραν
3390 2689 3826 2764 ἀναδεξάμενονς

2219 2778 2423 2833 Μᾶλλον
2451 2775 2509 2832 δι
2552 2777 2652 2851 ἐγὼ
2679 2784 2769 2832 καὶ
2818 2779 3060 2833 πλεῖστον
3109 2779 3169 2832 ἂν
3206 2781 3347 2854 ἔχειν
3378 2783 3574 2854 εἴποιμι
3603 2785 3663 2834 τὸ
3697 2777 3827 2834 διά-

2220 2886 2395 2943 φορον,
2428 2870 2529 2921 ὅσα
2582 2867 2945 2945 ἀταλαίπωρον
2973 2873 3066 2929 τὴν
3113 2876 3303 2942 γνῶσιν
3352 2878 3453 2923 τῶν
3490 2868 3657 2922 καλῶν
3686 2888 3830 2947 προ-

2221 2956 2367 3027 ξενεῖ,
2390 2962 2479 3011 καὶ
2510 2959 2743 3033 καθαρὰν
2770 2965 2867 3021 τῆς
2894 2962 3025 3033 πρὸς
3067 2962 3126 3012 τὸ
3176 2967 3355 3033 χεῖρον
3396 2958 3659 3033 ἐπιμιξίας
3695 2978 3829 3013 συν-

2220 3047 2333 3117 άγει
2379 3050 2474 3105 τὴν
2507 3048 2741 3121 ἱστορίαν
2782 3055 2876 3108 τῆς
2924 3046 3132 3123 ἀρετῆς.
3166 3051 3281 3103 Εἴτε
3309 3050 3411 3125 γὰρ
3468 3049 3652 3125 πρᾶξις
3705 3048 3830 3123 ἀρί-

2223 4215 2396 4287 ὦσπερ
2453 4214 2503 4266 οἱ
2558 4216 2714 4266 κακοὶ
2762 4220 2862 4265 τῶν
2918 4212 3106 4289 ἰατρῶν

2222 4483 2289 4545 ὡς
2337 4479 2732 4557 ἀρρωστοϋσαν.
2804 4480 3130 4535 Ἐπέστειλαν
3202 4480 3290 4534 οὖν
3343 4480 3627 4553 ίπείγοντες
3680 4479 3832 4550 ἡμᾶς

2221 4572 2272 4626 οἱ
2298 4570 2508 4627 πολῖται
2541 4592 2554 4606 ο
2588 4575 2678 4624 καὶ
2728 4567 2929 4645 ἀνάγκη
2982 4568 3237 4645 ἀπαντᾴν,
3281 4568 3388 4642 οὐχ
3440 4570 3504 4633 ᾤς
3552 4588 3603 4622 τι
3647 4568 3837 4642 ὄφελος

530 4803 714 4862 'Alias
745 4803 1096 4863 CCCLXXIX.
1133 4800 1364 4878 Scripta
1393 4819 1555 4862 anno
1582 4808 1705 4863 371.

533 4878 605 4951 (6)
638 4884 983 4951 Tantorum».
1016 4878 1160 4934 Tres
1207 4893 1352 4932 mss.
1402 4878 1762 4935 recentiores
1806 4882 2106 4951 τιμιώτατε.

533 4880 605 5004 (ϋγ
638 4884 983 4950 Tantas-raro».
1016 4880 1160 4934 Tres
1207 4893 1352 4932 mss.
1402 4880 1715 4935 recentiore

461 4953 585 5030 Pa‘u
597 4948 957 5030 _o_post‘duo
984 4965 1128 5030 mss.
1148 4950 1355 5030 πάντων
1389 4955 1715 5030 συμφώνους,

534 5022 611 5091 (7)
638 5019 736 5073 T3»
760 5022 985 5093 πάντων.
1020 5020 1112 5077 Sic
1142 5019 1579 5093 Coisl._prim'us
1617 5026 1675 5078 et
1712 5024 1852 5093 Reg.
1897 5037 2111 5080 secun-

462 5092 577 5149 dus
596 5090 618 5164 ι
642 5092 785 5149 editi
810 5102 908 5144 τῶν
937 5092 1160 5145 πάντων.
1194 5090 1389 5164 Paulo
1405 5096 1541 5164 post
1584 5090 1856 5164 ejusdem
1906 5094 2112 5151 Coisli-

460 5163 627 5222 niani
651 5164 875 5236 codicis
911 5178 1028 5236 ope
1080 5162 1535 5236 emendaviinus
1587 5162 1757 5236 quod
1812 5180 2000 5236 prave
2046 5165 2109 5222 in

462 5236 635 5294 editis
664 5232 1113 5308 legebatuf‘ﬁa'qi
1142 5232 1521 5308 ἀταλαίπωρον.

529 5310 606 5380 (8)
640 5304 923 5380 Πολιτεῖαι.
962 5304 1137 5380 Coisl.
1182 5304 1423 5380 primus
1457 5304 1715 5380 πολιτεία.
1769 5305 2112 5380 Puuiopost

464 5377 679 5435 eodem
703 5378 909 5436 codice
935 5377 1059 5433 nixi
1102 5377 1364 5433 et‘Harl.
1422 5382 1480 5433 et
1524 5378 1695 5446 Med.,
1741 5377 2109 5437 mutavimus

461 5450 788 5521 quodperat
813 5450 875 5506 in
904 5448 1075 5506 editis
1100 5450 1268 5521 πάντα
1294 5466 1388 5501 σου
1428 5456 1520 5521 τῶ.

536 5522 613 5591 (9)
639 5520 919 5583 Ἀλκινοος.
951 5524 1036 5578 Ita
1065 5518 1226 5578 Harl.
1266 5535 1434 5591 cum,
1469 5517 1712 5577 duobus
1763 5518 1934 5578 aliis:
1966 5520 2112 5580 editi

473 5586 737 5653 Λλκίνους.
794 5591 977 5654 Paulo
1027 5596 1169 5665 post
1215 5590 1358 5651 editi
1406 5586 1685 5666 δυσχερῶς
1739 5596 1869 5667 πρὸς
1930 5592 2107 5653 αὐτόν.

2220 4802 2397 4878 cois].
2425 4803 2659 4878 primus
2685 4818 2825 4878 cum
2842 4802 2976 4861 aliis
2998 4799 3309 4861 nonnullis
3332 4805 3399 4860 ut
3424 4800 3487 4859 in
3515 4803 3703 4859 textu.
3732 4800 3840 4860 Sic

2219 4877 2400 4935 etiam
2426 4876 2588 4933 Harl.
2624 4876 2822 4947 prima
2845 4891 3054 4933 manu.

2289 4950 2407 5017 (10)
2432 4947 2553 5000 Ὀτι
2581 4944 2663 5021 μέ.
2698 4947 2789 5021 Sic
2818 4963 2965 5021 mss.
2999 4946 3232 5021 Malein
3278 4946 3541 5021 editione
3574 4950 3592 5001 i
3629 4944 3833 5021 Paris.

2218 5016 2415 5093 ὄτιμή.
2446 5016 2590 5104 Tres
2614 5018 3016 5103 antiquissimi
3056 5018 3295 5077 codices
3343 5019 3495 5076 Med.
3539 5022 3597 5075 et
3643 5016 3838 5075 Coisl.

2217 5091 2446 5150 habent
2474 5110 2557 5144 οτι
2592 5093 2742 5150 καμέ.

2263 5107 2446 5150 anent
2474 5110 2557 5144 οτι
2592 5109 2742 5150 καμε.

2290 5111 2446 5150 ment
2474 5111 2557 5144 οτι
2592 5111 2742 5163 καμε.

2290 5168 2337 5234 (1
2352 5163 2399 5237 1)
2424 5160 2984 5237 Δαίμονεςριιᾷφνίε
3001 5160 3162 5218 hanc
3177 5177 3387 5220 vocem
3407 5158 3675 5237 habeant
3694 5174 3836 5215 om-

2218 5232 2333 5311 nes
2349 5232 2581 5311 veteres
2602 5232 3274 5311 libri,vi_detur_tamen_e
3296 5232 3574 5311 margine
3596 5232 3659 5288 in
3666 5246 3838 5311 gori-

2218 5310 2449 5364 textum
2462 5303 2792 5378 irrepsisse.
2802 5304 2917 5378 Erit
2932 5304 3302 5378 enimmulto
3314 5303 3649 5378 praeclarior
3666 5303 3839 5358 Basi-

2218 5378 2281 5435 lii
2294 5374 2662 5449 sententia—,si
2672 5375 2949 5449 homines
2965 5374 3381 5449 quidam,vere
3396 5374 3843 5449 Maenades,pa-

2218 5450 2397 5526 triam
2413 5445 2804 5526 discerpsisse
2814 5445 3120 5526 dicantur.
3136 5449 3315 5526 _Ha_nc
3322 5453 3529 5526 autem
3542 5445 3847 5526 observa-

2220 5522 2448 5578 tionem
2462 5517 2656 5578 debeo
2670 5518 3019 5577 doctissimo
3036 5520 3294 5577 Antonio
3320 5518 3515 5576 Mariae
3539 5517 3813 5575 Salvinio
3827 5558 3843 5584 ,

2227 5592 2340 5667 qui
2351 5591 2624 5652 codicem
2637 5588 2986 5650 Medicaeum
2999 5590 3238 5651 erudita
3251 5606 3364 5653 sua
3373 5605 3565 5652 manu
3576 5586 3853 5649 contulit
