4054 6204
251 235 346 291 445

1210 233 1696 294 EPISTOLARUM
1733 232 2014 292 CLASSIS
2053 236 2119 293 ll.
2161 237 2372 295 EPIST.
2415 236 2631 296 LXXIV.

3490 241 3602 300 446

249 360 512 433 ἐσομένους
566 365 679 420 τοῖς
732 360 1059 434 πράγμασιν,
1112 359 1243 414 ἀλλὰ
1287 366 1381 421 τὴν
1430 361 1487 414 ἐκ
1530 368 1619 421 τῆς
1648 358 1853 413 ἀπολεί-

1964 358 2244 417 accedere
2273 378 2519 419 necesse
2549 365 2657 429 est,
2685 378 2809 420 non
2838 362 3006 436 quod
3034 364 3216 421 rebus
3260 362 3493 437 aliquid
3525 363 3610 420 al-

251 451 382 521 -ᾇεως
432 449 630 523 μέμψιν
696 449 1045 512 ἐκκλίνοντας.
1107 452 1281 505 Οἶσθα
1337 454 1462 526 γὰρ,
1526 454 1594 513 ὡς
1653 449 1853 502 εὖκολοι

255 544 339 612 μὲν
395 539 603 591 ἐλπίσαι
663 542 713 591 οἱ
774 539 1193 612 ἀμηχανοῦντες,
1249 540 1447 593 εὔκολοι
1506 538 1565 593 δέ
1622 560 1719 593 που
1764 544 1854 591 καὶ

254 629 718 702 καταμέμψασθαι,
790 628 873 683 ἐπὶ
937 634 994 683 τὸ
1062 633 1277 705 παρεθὲν
1333 630 1411 683 ἀεὶ
1461 634 1723 705 τρέποντες
1766 632 1853 689 τὰς

256 721 445 782 αἰτίας.

331 902 384 954 2.
422 902 591 952 Καίτοι
648 900 809 970 ἔγωγε
856 904 945 952 καὶ
989 898 1144 952 αὐτοῦ
1189 902 1375 952 τούτου
1425 918 1583 952 ενεκεν
1633 896 1850 971 ἐδεόμην

258 1008 343 1041 σοι
397 990 668 1057 συνελθεῖν,
711 994 800 1041 καὶ
846 986 1030 1042 δουναι
1059 996 1304 1062 γνώμην·
1347 990 1536 1063 μᾶλλον
1581 987 1638 1042 δὲ
1677 1009 1852 1064 παρα-

249 1078 467 1130 καλέσαι
533 1078 887 1150 ἐνθυμηθῆναί
960 1099 1012 1131 τι
1080 1083 1308 1132 νεανικόν
1382 1085 1472 1132 καὶ
1538 1082 1728 1153 πρέπον
1786 1087 1855 1149 τῷ

251 1176 473 1219 σεαυτοῦ
529 1172 844 1240 φρονήματι,
884 1175 974 1221 καὶ
1032 1169 1097 1229 εἰς
1144 1174 1268 1241 γόνυ
1317 1169 1583 1222 κλιθείσαν
1618 1174 1709 1228 την
1759 1187 1857 1220 παι

247 1252 406 1329 τρίδα
453 1259 598 1327 ἡμῶν
639 1262 708 1329 μὴ
743 1254 1021 1331 περιιδεῖν,
1056 1258 1183 1310 αλλά
1212 1258 1571 1312 καταλαϐόντα
1598 1262 1655 1311 τό
1701 1277 1857 1333 στρα-

248 1340 489 1409 τοπεδον,
539 1345 695 1397 εἰπεῖν
746 1348 877 1418 μετά
927 1347 1227 1421 παρρησίας
1290 1356 1384 1410 τῆς
1435 1356 1530 1407 σῆς
1576 1352 1729 1419 μήτοι
1779 1362 1860 1397 νο·-

244 1436 416 1505 μίζειν
442 1435 636 1495 αὐτοὺς
680 1431 778 1487 δύο
820 1439 1107 1496 κεκτῆσθαι
1139 1436 1253 1489 ἀντὶ
1297 1443 1422 1509 μιᾶς
1452 1436 1734 1512 ἐπαρχίας.
1782 1435 1857 1487 Ου

243 1524 342 1592 γαρ
410 1522 464 1583 ἐξ
533 1522 691 1584 οἰλλης
764 1528 905 1586 τινός
978 1526 1284 1598 οἰκουμένης
1361 1524 1704 1597 ἐπεισήγαγον
1761 1528 1856 1582 τὴν

244 1609 458 1684 ἑτέραν·
523 1609 649 1663 ἀλλά
711 1613 1079 1685 παραπλήσιόν
1139 1635 1192 1667 τι
1257 1621 1630 1681 πεποιήκασιν,
1681 1615 1853 1686 ὥσπερ

243 1698 301 1749 ἀν
340 1701 389 1751 εἰ
414 1719 494 1761 τις
529 1700 638 1771 (12)
670 1704 828 1754 ἵππον
862 1704 890 1761 ἣ
928 1702 1055 1775 βοῦν
1100 1708 1430 1777 κεκτημένος,
1464 1705 1571 1757 εἶτα
1601 1700 1736 1774 διχῆ
1775 1700 1857 1755 ὃι-
1889 1718 1928 1772 Β

244 1787 389 1853 ελων,
452 1785 553 1840 δύο
598 1791 807 1861 νομίζοι
854 1792 994 1862 ἔχειν
1049 1790 1150 1852 ἑνός
1207 1794 1359 1845 οἰντι·
1420 1796 1535 1845 οὔτε
1598 1795 1698 1866 γὰρ
1760 1787 1856 1843 δύο

244 1875 485 1941 ἐποίησε,
540 1882 746 1931 καὶτὸν
804 1874 890 1932 ἕνα
938 1876 1257 1956 διέφθειρεν·
1318 1882 1473 1935 εἰπεῖν
1524 1878 1582 1933 δε
1622 1885 1712 1933 καὶ
1751 1885 1861 1942 τοῖς

242 1963 802 2040 παραδυναστεύουσι,
846 1973 917 2041 μὴ
962 1978 1143 2022 τοῦτον
1192 1971 1363 2034 αὔξειν
1413 1973 1499 2023 τόν
1542 1974 1732 2043 τρόπον
1764 1974 1860 2028 τὴν

242 2053 547 2127 βασιλείαν,
593 2057 651 2110 οὐ
702 2062 805 2131 γαρ
864 2060 912 2111 ἑν
957 2058 1162 2132 ἀριθμῷ
1194 2062 1437 2120 εἶναιτὴν
1469 2058 1715 2133 δύναμιν,
1749 2058 1859 2111 ἀλλ’

242 2143 289 2195 ἐν
350 2154 464 2208 τοῖς
522 2150 862 2221 πράγμασιν·
916 2148 1026 2201 ἐπεὶ
1078 2158 1165 2201 νῦν
1194 2170 1249 2222 γε
1297 2153 1566 2223 ἡγούμεθα
1612 2154 1735 2212 τοὺς
1764 2152 1856 2222 μὲν

242 2232 434 2307 ἀγνοίᾳ
481 2244 578 2298 τῆς
618 2235 861 2300 ἀληθείας
905 2241 1051 2309 ἴσως,
1099 2243 1215 2301 τους
1264 2236 1323 2293 δε
1361 2248 1432 2311 τῷ
1463 2246 1533 2313 μὴ
1569 2239 1855 2313 βούλεσθαι

238 2323 418 2376 λυπεῖν
477 2334 585 2386 τοῖς
632 2328 859 2400 ῥήμασι,
909 2331 1031 2391 τοὺς
1089 2325 1148 2382 δὲ
1195 2335 1284 2383 καὶ
1340 2331 1399 2382 οὐ
1448 2330 1596 2403 μέλον
1648 2330 1848 2397 αυτοῖς,

238 2421 493 2486 περιορᾲν
548 2418 613 2468 τὰ
663 2436 928 2489 γινόμενα.
983 2418 1041 2471 Εἰ
1084 2422 1173 2491 μεν
1212 2417 1299 2471 οὖν
1344 2416 1403 2478 ἧν
1436 2416 1656 2472 δυνατόν
1696 2418 1850 2471 αὐτόν

239 2502 403 2556 ἐλθεῖν
452 2508 583 2577 πρὸς
634 2504 881 2577 βασιλέα,
930 2514 1078 2560 τοῦτο
1126 2511 1405 2582 κράτιστον
1454 2511 1544 2581 μὲν
1586 2515 1694 2570 τοῖς
1722 2509 1853 2581 πράσα

238 2611 432 2664 γμασι,
490 2600 686 2669 πρέπον
718 2591 778 2648 δέ
810 2616 904 2649 σου
948 2604 1009 2669 τῇ
1044 2596 1174 2655 καλῆ
1219 2598 1331 2669 (13)
1370 2605 1463 2650 τοῦ
1503 2596 1625 2670 βίου
1665 2616 1851 2672 προαι-

238 2682 405 2754 ρέσει.
438 2683 501 2735 Εἰ
547 2680 607 2736 δὲ
653 2683 794 2760 βαρὺ
837 2684 1003 2748 ἄλλως
1040 2691 1126 2739 καὶ
1168 2684 1262 2739 διὰ
1290 2691 1380 2745 τὴν
1411 2688 1545 2761 ὥραν
1580 2695 1667 2739 τοῦ
1707 2690 1851 2748 ἔτους

239 2778 331 2822 καί
364 2769 463 2824 διὰ
506 2777 601 2831 τὴν
630 2774 857 2839 ἠλικίαν,
900 2779 969 2836 ὡς
1011 2776 1166 2838 αὐτός
1195 2780 1333 2849 ἔφης,
1378 2780 1657 2851 σύντροφον
1699 2780 1852 2848 ἔχου-

242 2880 339 2913 σαν
387 2862 435 2914 ἐν
483 2864 641 2936 ἑαυτῇ
694 2870 781 2917 τόν
832 2871 1013 2919 ὄκνον⁸
1067 2866 1193 2919 ἀλλὰ
1239 2872 1297 2919 τό
1335 2886 1394 2939 γε
1423 2868 1533 2939 (14)
1565 2866 1851 2919 ἐπιστεῖλαι

238 2957 395 3014 πόνος
435 2950 635 3015 οὐδείς.
690 2954 869 3022 Ὥστε,
929 2960 1022 3015 τὴν
1077 2954 1176 3009 ἀπὸ
1224 2966 1324 3009 τῶν
1361 2958 1679 3029 γραμμάτων
1727 2955 1850 3028 βοή-

238 3042 383 3093 θειαν
437 3044 795 3117 χαριζόμενος
843 3053 904 3117 τῇ
970 3042 1212 3120 πατρίδι,
1270 3055 1472 3120 πρῶτον
1521 3049 1611 3119 μεν
1672 3054 1849 3117 σαυτῷ
1882 3080 1921 3136 C

236 3130 601 3200 συνειδήσεις,
647 3131 816 3206 μηδὲν
864 3144 963 3187 τῶν
1012 3136 1080 3196 εἰς
1112 3132 1333 3208 δύναμιν
1382 3138 1606 3194 ἡκόντων
1638 3135 1849 3188 ἐλλελοι-

234 3222 403 3272 πότι·
465 3225 644 3275 ἔπειτα
700 3228 875 3296 μέντοι
935 3231 1025 3277 καί
1077 3233 1184 3287 τοῖς
1233 3227 1542 3298 κάμνουσιν,
1592 3226 1733 3296 αὐτῷ
1777 3234 1850 3297 τῷ

240 3314 522 3381 φαίνεσθαι
572 3313 859 3386 συναλγῶν,
919 3313 1183 3388 ἀρκοῦσαν
1242 3311 1433 3378 δώσεις
1486 3317 1849 3390 παραμυθίαν,

239 3398 391 3453 Ἀλλ’
442 3404 539 3455 εῐθε
589 3408 691 3478 γαρ
760 3401 823 3461 ἦν
882 3405 987 3457 οἶόν
1044 3423 1120 3475 τε,
1187 3406 1349 3459 αὐτόν»
1406 3407 1687 3459 ἐπιστάντα
1742 3413 1852 3468 τοῖς

242 3492 575 3562 πράγμασιν,
632 3492 747 3564 ὄψει
806 3492 976 3546 λαϐεῖν
1038 3495 1175 3548 αὐτὰ
1227 3498 1293 3549 τα
1345 3497 1656 3568 σκυθρωπά.
1704 3496 1851 3549 Οὕτω

241 3581 353 3653 γὰρ
412 3580 474 3631 ἀν
525 3584 665 3649 ἴσως,
718 3582 808 3636 ἀπ’
859 3584 1019 3646 αὐτῆς
1068 3593 1158 3645 τῆς
1212 3584 1474 3660 ἐναργείας
1520 3594 1616 3639 τῶν
1660 3587 1853 3659 ὁρωμέ-

240 3690 349 3720 νων
397 3675 751 3741 συγκινηθεὶς,
803 3671 1006 3745 ἀφῆκας
1053 3693 1172 3727 τινα
1210 3680 1377 3747 φωνην
1415 3680 1715 3749 πρέπουσαν
1760 3688 1853 3737 καὶ

240 3765 305 3829 τῇ
370 3768 435 3831 σῇ
491 3761 933 3834 μιγαλονοίᾳμιαῖ
984 3772 1045 3836 τῇ
1098 3770 1352 3837 κατηφείᾳ
1409 3774 1500 3826 τῆς
1533 3764 1743 3825 πόλεως.
1786 3769 1850 3817 Συ

242 3844 305 3899 δε
513 3853 638 3923 ἡμῖν
688 3849 1049 3925 διηγουμένοις
1079 3858 1149 3926 μὴ
1186 3853 1516 3926 ἀπιστήσῃς·
1561 3855 1589 3914 ἡ
1634 3859 1713 3907 ὅτι
1763 3862 1850 3907 Σι-

246 3936 485 4009 μωνίδου
524 3944 699 4011 ὄντως,
744 3946 773 4000 ἤ
818 3962 954 4004 τινος
992 3946 1230 3996 τοιούτου
1262 3943 1539 4017 μελοποιοῦ
1580 3941 1847 4017 ἐδεόμεθα,

249 4026 473 4101 ἐναργῶς
531 4026 731 4091 εἰδότος
795 4031 1146 4097 ἑπιστενάζειν
1217 4041 1323 4095 τοῖς
1374 4036 1585 4089 πάθεσι.
1667 4039 1851 4087 Καίτοι

248 4121 301 4168 τί
346 4117 476 4188 λέγω
502 4116 837 4191 numam;
887 4118 999 4174 δέον
1030 4122 1296 4194 Αἰσχύλον
1324 4124 1502 4191 εἰπεῖν,
1536 4124 1564 4183 ἡ
1600 4122 1645 4175 εἰ
1676 4119 1741 4182 δή
1772 4142 1852 4186 τις

242 4210 434 4283 ἔτερος,
490 4208 870 4280 παραπλησίως
928 4210 1101 4282 ἐκείνῳ
1148 4218 1414 4284 συμφορᾶς
1460 4215 1667 4285 μέγεθος
1706 4212 1849 4287 ὀναρ-

239 4306 345 4368 γώς
384 4294 710 4371 διαθέμενος,
753 4299 1121 4373 μεγαλοφρόνως
1155 4298 1420 4375 ὠδύρατο.

310 4481 367 4533 3.
426 4476 677 4549 Συλλογοι
731 4480 821 4551 μεν
872 4482 973 4552 γὰρ
1030 4477 1232 4548 ἐκεῖνοι,
1298 4484 1385 4533 καὶ
1440 4479 1605 4552 λόγοι,
1652 4482 1706 4533 αἱ
1736 4475 1851 4533 κατ’
1886 4432 1929 4486 D

243 4566 441 4639 αγορὰν
503 4572 792 4639 συντυχίαι
856 4578 956 4621 τῶν
1006 4569 1287 4643 ἐλλογίμων
1340 4566 1563 4643 ἀνδρῶν,
1613 4574 1702 4623 καὶ
1752 4574 1853 4625 ὅσα

242 4664 497 4731 πρότερον
548 4657 708 4709 ἐποίει
754 4662 847 4716 τὴν
896 4660 1147 4733 ἡμετέραν
1198 4659 1493 4733 ὀνομαστὴν
1541 4658 1689 4712 πόλιν
1739 4663 1848 4733 (15)

240 4749 379 4819 ἡμᾶς
438 4745 855 4800 ἑπιλελοίπασιν·
924 4752 1058 4802 ὥστε
1119 4758 1217 4801 τῶν
1265 4753 1381 4822 περὶ
1441 4746 1684 4803 παιδείαν
1758 4756 1847 4804 καὶ

233 4834 425 4907 λόγους
475 4836 633 4893 ἦττον
691 4835 749 4888 αν
798 4842 972 4909 φανείη
1030 4845 1117 4890 νῦν
1171 4859 1251 4901 τις
1297 4837 1526 4911 ἐμϐαλὼν
1573 4847 1635 4911 τῇ
1684 4837 1851 4914 ἀγορᾴ

236 4930 260 4981 ξ
321 4926 589 4982 Ἀθήνησι
637 4930 879 4999 πρότερον
934 4928 983 4977 οἱ
1049 4925 1262 4999 ἀτιμίαν
1320 4931 1756 5000 κατεγνωσμένοι,
1814 4930 1843 4988 ὴ

233 5018 328 5077 τὰς
355 5023 551 5089 χεῖρας
584 5016 722 5076 ὄντες
761 5019 833 5087 μὴ
874 5017 1116 5090 καθαροί,
1149 5016 1515 5079 Ἀντεισῆκται
1548 5014 1607 5070 δὴ
1650 5020 1847 5081 τούτοις

305 5306 419 5373 (t2)
462 5310 536 5357 Αν
584 5306 626 5357 εἰ
670 5321 766 5365 τις.
815 5304 983 5363 Deest
1013 5304 1282 5364 secunda
1311 5305 1523 5365 vocula
1553 5305 1613 5363 in
1645 5305 1848 5365 multis

235 5377 648 5439 codicibus.in
672 5375 894 5451 quibus
907 5377 1083 5451 etiam
1100 5379 1284 5451 paulo
1306 5385 1439 5451 post
1456 5379 1669 5449 legitur
1687 5376 1842 5451 δίχα.

304 5395 648 5439 ωοιουςδι]
672 5395 1083 5447 qumuseuam
1096 5395 1284 5504 paulo
1306 5395 1439 5451 posr.
1456 5395 1669 5449 legitur
1687 5395 1842 5451 οιχα.

304 5453 422 5513 (13)
461 5456 573 5529 Ἰ·ῇῄ
786 5451 905 5529 ,μμ
958 5449 1090 5529 (ἱρῆς
1112 5492 1133 5529 _.
1165 5450 1419 5529 primus,
1446 5452 1640 5529 βοὰ,
1666 5451 1843 5529 Harl”

243 5518 715 5595 Clarom.'Editi_’
743 5528 804 5592 τῇ
840 5519 961 5595 o?.p._
988 5518 1186 5578 Paulo"
1212 5527 1349 5594 post
1393 5522 1533 5579 editi
1560 5528 1650 5576 καὶ
1683 5518 1841 5595 βαρύ,

246 5592 339 5645 sed
366 5593 540 5648 deest
566 5591 919 5663 conjunctio
948 5592 1009 5648 in
1039 5608 1189 5650 mss.

311 5668 420 5737 (14)
458 5669 533 5721 Τό
570 5664 1146 5740 γε.....χαριςόμενος.
1188 5667 1275 5726 Ita
1309 5664 1692 5726 vetustissimi
1728 5667 1845 5726 tres

1960 446 2135 503 laturi
2193 449 2381 505 simus
2422 450 2649 514 auxilii,
2700 451 2805 507 sed
2846 457 2928 521 ut,
2962 452 3365 509 derelictionis
3396 468 3613 525 expro-

1961 536 2298 595 brationem
2341 540 2721 609 eil‘ugiamus.
2768 544 2928 596 Nosti
2966 542 3125 597 enim
3156 542 3451 614 proclives
3482 557 3616 598 esse

1962 626 2043 682 ad
2075 629 2445 699 sperandum
2475 630 2581 701 qui
2610 629 2670 684 in
2702 630 2992 699 angustiis
3039 636 3199 701 sunt,
3231 631 3526 703 proclives
3558 633 3617 686 et

1962 716 2042 771 ad
2072 718 2587 790 conquerendum,
2622 734 2861 791 semper
2886 719 2947 775 in
2976 719 3038 775 id
3068 720 3234 792 quod
3259 718 3615 786 praetermis-

1963 822 2097 861 sum
2129 812 2234 876 est,
2267 808 2511 881 culpam
2542 808 2935 864 conferentes.

2035 900 2086 952 '2.
2137 898 2425 969 Equidem
2474 902 2531 954 et
2555 899 2685 969 ejus
2733 898 2817 953 rei
2846 898 3039 968 gratia
3068 898 3389 955 convenire
3428 902 3483 954 te
3515 896 3614 954 de-

1961 984 2207 1056 bebam,
2241 1003 2311 1043 ac
2342 989 2657 1044 consilium
2695 988 2880 1056 dare;
2920 988 3009 1044 vel
3048 988 3247 1061 potius
3300 988 3617 1044 obsecrare

1965 1079 2031 1130 ut
2070 1081 2381 1134 strenuum
2412 1078 2706 1151 quiddam
2755 1094 2825 1134 ac
2868 1077 3190 1149 prudentia
3231 1081 3335 1133 tua
3364 1076 3617 1146 dignum

1965 1167 2285 1235 excogites,
2333 1183 2442 1223 nec
2482 1168 2739 1239 patriam
2787 1172 3058 1223 nostram
3115 1166 3176 1221 in
3229 1181 3429 1235 genua
3478 1180 3619 1237 pro-

1964 1254 2201 1327 lapsam
2244 1256 2710 1329 despiciaszsed
2757 1257 2816 1311 in
2858 1256 3060 1312 aulam
3109 1255 3498 1327 proﬁciscens
3548 1269 3619 1311 ae

1964 1344 2235 1401 libertate
2266 1349 2368 1401 tua
2397 1350 2570 1401 utens
2611 1345 2927 1400 denunties
2958 1345 3063 1413 eis,
3104 1360 3179 1399 ne
3220 1344 3335 1400 sibi
3375 1343 3621 1399 videan-

1967 1437 2061 1487 tur
2080 1433 2231 1490 duas
2253 1450 2325 1489 ex
2350 1450 2471 1489 una
2493 1433 2801 1506 possidere
2832 1431 3173 1504 provincias
3198 1449 3210 1488 :
3235 1447 3434 1503 neque
3455 1430 3619 1486 enim

1966 1537 2039 1577 ex
2059 1522 2177 1578 alia
2213 1523 2485 1595 quadam
2528 1527 2683 1579 terra
2706 1522 2957 1579 alteram
2977 1522 3195 1578 harum
3238 1521 3410 1591 169
3442 1519 3618 1575 indu-

1966 1628 2104 1668 xere
2134 1630 2146 1669 :
2174 1613 2279 1669 sed
2298 1613 2458 1668 idem
2492 1612 2612 1669 fere
2634 1618 2906 1683 egerunt,
2933 1628 3003 1668 ac
3026 1612 3077 1667 si
3106 1611 3241 1683 quis
3263 1625 3490 1683 equum
3513 1612 3619 1666 aut

1965 1702 2186 1759 bovem
2208 1702 2546 1774 possidens,
2576 1702 2793 1759 deinde
2827 1702 2979 1758 duas
3000 1702 3059 1757 in
3082 1705 3282 1774 partes
3316 1699 3613 1767 dividens,

1968 1794 2122 1849 duos
2152 1810 2263 1865 pro
2292 1809 2414 1849 uno
2439 1792 2663 1849 habere
2689 1793 2800 1849 sibi
2831 1792 3139 1857 videatur;
3171 1806 3295 1847 non
3336 1789 3500 1845 enim
3537 1788 3618 1843 ef-

1968 1882 2105 1939 fecit
2130 1883 2306 1953 duos,
2339 1882 2447 1939 sed
2473 1898 2662 1939 unum
2683 1898 2713 1939 e
2738 1882 2939 1939 medio
2972 1881 3236 1951 sustulit;
3269 1896 3340 1937 ac
3366 1879 3617 1935 demon-

1969 1976 2117 2028 stres
2146 1972 2327 2029 etiam
2355 1972 2428 2029 iis
2466 1973 2571 2045 qui
2613 1972 2944 2045 plurimum
2986 1974 3261 2045 possunt,
3292 1968 3617 2041 imperium

1967 2078 2091 2118 non
2137 2062 2252 2118 hoc
2295 2066 2473 2134 pacto
2522 2062 2831 2133 adaugeri,
2877 2078 3073 2135 neque
3121 2061 3282 2117 enim
3324 2058 3509 2115 robur
3552 2056 3616 2111 in

1965 2167 2241 2219 numero,
2258 2152 2363 2207 sed
2384 2151 2445 2207 in
2465 2152 2615 2223 ipsis
2641 2151 2821 2208 rebus
2843 2152 3110 2223 positum
3130 2166 3290 2207 esse:
3312 2146 3616 2220 siquidem

1963 2256 2127 2296 nunc
2165 2240 2528 2298 arbitramur
2574 2241 2725 2297 alios
2771 2240 3017 2314 quidem
3065 2241 3316 2296 fortasse
3345 2234 3614 2296 veritatis

1960 2330 2356 2401 ignoratione,
2389 2330 2537 2386 alios
2566 2346 2708 2386 vero
2738 2346 2810 2386 eo
2839 2330 3006 2402 quod
3036 2328 3230 2386 nolint
3254 2326 3455 2384 verbis
3488 2339 3616 2381 mo-

1958 2421 2090 2477 lesti
2134 2436 2283 2491 esse,
2317 2419 2467 2478 alios
2502 2420 3032 2493 parvipendentes,
3063 2435 3136 2476 ea
3166 2434 3304 2491 quas
3334 2416 3487 2473 ﬁunt
3515 2430 3624 2471 ne-

1960 2510 2200 2582 gligere.
2250 2510 2307 2566 Si
2351 2511 2531 2580 igitur
2567 2510 2998 2582 imperatorem
3028 2510 3230 2582 ipsum
3272 2506 3438 2564 adire
3479 2520 3617 2578 pos-

1959 2615 2073 2663 ses,
2100 2600 2163 2655 id
2184 2603 2239 2656 et
2263 2599 2443 2655 rebus
2468 2600 3039 2656 commodissimum
3064 2599 3216 2655 foret
3246 2601 3303 2653 et
3322 2595 3616 2669 praeclaro

1958 2689 2094 2744 vitae
2137 2692 2254 2743 ture
2283 2688 2553 2745 instituto
2584 2689 2895 2746 decorum.
2949 2688 3048 2745 Sin
3079 2693 3282 2744 autem
3316 2685 3433 2743 hoc
3469 2683 3615 2741 alio-

1958 2777 2063 2850 qui
2106 2792 2286 2847 grave
2316 2780 2405 2832 est
2450 2781 2577 2833 tum
2609 2777 2688 2833 ob
2728 2777 2872 2833 anni
2906 2779 3347 2848 tempestatem,
3376 2777 3504 2830 tum
3533 2771 3613 2829 ob

1958 2870 2194 2922 aetatem
2223 2883 2381 2939 quae,
2414 2867 2501 2923 uti
2543 2871 2608 2924 tu
2637 2868 2766 2939 ipse
2797 2866 2966 2934 dicis,
3000 2865 3280 2921 comitem
3311 2862 3495 2918 habet
3524 2860 3613 2932 pi-

1958 2956 2232 3026 gritiam;
2263 2961 2324 3013 at
2357 2956 2566 3013 saltem
2598 2955 2900 3012 scribendi
2931 2953 3132 3010 nullus
3159 2952 3355 3009 labor.
3392 2952 3611 3017 Quam-

1956 3046 2188 3113 obrem,
2222 3046 2271 3101 si
2307 3046 2638 3103 litterarum
2668 3043 3015 3117 praesidium
3049 3042 3257 3115 patriae
3301 3038 3613 3113 impertias

1956 3134 2223 3206 primum
2265 3133 2513 3207 quidem
2553 3133 2832 3190 conscius
2878 3130 3227 3203 tibimetipsi
3278 3129 3415 3196 eris,
3462 3127 3613 3184 nihil

1956 3223 2202 3296 quodin
2234 3228 2337 3279 tua
2356 3227 2646 3295 potestate
2672 3223 2851 3279 situm
2877 3225 3052 3292 esset,
3086 3224 3200 3277 ate
3224 3219 3410 3276 fuisse
3436 3218 3615 3273 omis-

1959 3329 2127 3381 sum;
2176 3312 2394 3368 deinde
2420 3311 2655 3369 afﬂictis
2684 3312 2885 3378 etiam,
2912 3311 3047 3384 ipsa
3071 3306 3620 3366 commiserationis

1961 3402 2181 3476 specie,
2230 3402 2372 3460 satis
2416 3418 2711 3472 magnum
2759 3401 2973 3457 aﬂ‘eres
3003 3399 3304 3456 solatium.
3351 3397 3467 3455 Sed
3496 3396 3611 3453 uti-

1958 3507 2103 3549 nam
2132 3490 2260 3547 ﬁeri
2280 3496 2500 3563 posset,
2526 3496 2589 3548 ut
2608 3491 2926 3547 interesses
2951 3489 3101 3563 ipsis
3124 3488 3402 3556 rebus,ac
3423 3485 3613 3543 oculis

1960 3581 2077 3637 tuis
2108 3580 2455 3637 mcestitiam
2484 3580 2733 3636 videres.
2770 3578 2861 3638 Sic
2892 3579 3053 3635 enim
3099 3578 3249 3635 forte
3295 3592 3368 3633 ex
3410 3590 3608 3633 rerum

1960 3673 2423 3742 conspectarum
2476 3668 2776 3727 evidentia
2817 3672 3179 3734 commotus,
3237 3681 3451 3724 vocem
3503 3663 3609 3719 ali-

1959 3776 2147 3834 quam
2195 3763 2252 3816 et
2291 3758 2478 3816 animi
2524 3759 2606 3815 tui
2651 3758 3065 3830 magnitudine
3104 3761 3159 3813 et
3186 3755 3438 3813 civitatis
3464 3752 3612 3810 811Ιί-

1960 3851 2152 3906 ctione
2195 3849 2445 3920 dignam
2474 3848 2795 3906 emitteres.
2838 3848 2950 3905 Sed
2980 3852 3184 3903 tamen
3225 3842 3610 3902 narrantibus

1958 3940 2134 3996 nobis
2182 3939 2367 3995 ﬁdem
2406 3955 2480 3995 ne
2527 3939 2805 4009 deroges.
2852 3941 3073 3994 Revera
3127 3934 3454 4006 Simonide,
3506 3936 3611 3989 aut

1958 4029 2163 4102 aliquo
2188 4028 2365 4084 simili
2392 4032 2572 4101 poeta
2600 4027 3033 4097 indigeremus,
3076 4026 3380 4083 evidenter
3411 4024 3608 4079 scient

1959 4117 2330 4174 calamitates
2370 4116 2590 4190 lugere.
2645 4115 2758 4173 Sed
2809 4116 2959 4189 quid
3005 4115 3141 4172 dico
3189 4110 3609 4171 Simonidem?

1960 4207 2308 4278 zEschylum
2357 4207 2554 4263 dicere
2601 4207 2882 4279 oportuit,
2930 4210 3034 4263 aut
3077 4205 3127 4261 si
3177 4204 3314 4277 quis
3356 4202 3508 4259 alius
3556 4199 3611 4257 ei

1961 4295 2190 4359 similis,
2218 4295 2575 4353 calamitatis
2596 4295 3075 4367 magnitudinem
3097 4294 3255 4351 clare
3276 4304 3608 4364 exponens,

1958 4401 2106 4442 voce
2138 4384 2259 4441 alta
2285 4384 2645 4443 lamentatus
2667 4388 2773 4442 est.

2035 4480 2084 4532 3.
2118 4479 2265 4533 Nam
2314 4480 2501 4532 coetus
2543 4475 2645 4546 illi,
2680 4490 3113 4549 sermonesque
3153 4477 3210 4531 et
3239 4469 3611 4531 eruditorum

1960 4566 2229 4623 virorum
2258 4566 2319 4622 in
2357 4566 2486 4623 foro
2517 4565 2838 4639 colloquia,
2869 4581 2938 4623 ac
2969 4580 3351 4638 quascunque
3390 4560 3611 4619 civitati

1959 4660 2178 4713 nostra:
2224 4660 2402 4712 antea
2438 4671 2662 4712 nomen
2706 4660 2764 4713 et
2799 4656 3027 4713 famam
3071 4657 3452 4730 pepererant,
3493 4667 3610 4709 nos

1959 4748 2296 4804 deseruere.
2336 4748 2526 4813 Quare
2556 4746 2928 4804 eruditorum
2966 4751 3024 4804 et
3053 4746 3467 4820 eloquentium
3507 4743 3614 4801 ho-

1958 4837 2194 4894 minum
2228 4838 2419 4894 rarius
2448 4853 2610 4894 nunc
2638 4838 2966 4911 quisquam
2993 4837 3073 4895 ad
3102 4838 3299 4895 torum
3326 4835 3613 4895 accedere

1958 4927 2462 5001 deprehendatur,
2493 4944 2681 5002 quam
2714 4927 2858 4984 olim
2887 4927 3130 4984 Athenis
3156 4927 3421 4984 infamiae
3452 4926 3609 4983 notis

1955 5018 2163 5085 inusti,
2197 5020 2299 5075 aut
2327 5018 2609 5075 manibus
2636 5032 2760 5074 non
2809 5017 2961 5091 puri.
2998 5017 3338 5076 lntroducta
3367 5020 3457 5073 est
3497 5030 3611 5072 au-

1954 5323 2103 5363 mss.
2132 5310 2189 5364 et
2228 5302 2411 5380 paulo
2444 5310 2581 5380 post
2621 5304 2805 5364 iidem
2836 5305 3062 5365 habent
3092 5302 3418 5380 motorum.
3454 5298 3606 5360 Edit.

1953 5385 2187 5454 rore“...
2217 5377 2579 5454 χαρισάμενος
2632 5384 2689 5436 et
2730 5380 3064 5433 ἓκλελοιπότι.
3114 5377 3356 5454 lbidem_
3381 5378 3607 5433 ἡκόντων

1953 5451 2202 5525 deestin
2217 5448 2409 5525 'Bigot.
2429 5448 2499 5508 "et
2525 5455 2663 5522 Reg.
2683 5452 2901 5525 primo,
2918 5448 3467 5525 Anecgnecessarium
3495 5452 3606 5525 est2

2026 5524 2140 5595 (15)
2198 5517 2371 5579 noli-1.
2430 5527 2519 5595 lta
2580 5517 2931 5595 εἰσέπνΕῶιὶ
2986 5519 3165 5595 πάλαι.
3228 5518 3410 5595 Iidem
3467 5517 3610 5595 editi

1950 5590 2135 5724 {3:qu
2177 5600 2316 5668 post
2340 5594 2565 5654 habent
2610 5593 2870 5667 ἐμϐάλλων
2901 5595 2958 5652 et
3004 5590 3233 5665 ἀτιμίας.
3283 5593 3417 5651 Mss.
3459 5592 3608 5651 utin

2010 5682 2049 5723 Χ
2078 5682 2138 5723 ιι.

1976 5681 2138 5723 enu.
