4054 6200
425 225 532 304 447
563 226 572 232 ’

1803 246 1859 304 S.
1905 237 2155 300 BASlLll
2191 237 2406 297 HAGNI

3678 241 3802 298 448·

427 377 542 430 tem
575 375 792 430 horum
824 374 958 430 loco
988 373 1346 446 Scytharum
1367 373 1768 446 quorumdam
1801 373 1905 427 aut
1929 370 2071 424 Mas-

2198 367 2390 418 Ξκυθῶν
2438 387 2586 418 τινων
2636 369 2664 427 ἡ
2718 376 3078 440 Μασσαγετῶν
3127 366 3386 440 ἀμουσία⁶
3428 371 3525 439 μία
3557 363 3617 419 δι
3644 374 3777 439 φωνή

425 469 770 535 sagetarum
793 463 1045 519 inscitia.
1077 467 1201 519 lfna
1225 469 1422 520 autem
1445 480 1560 519 vox
1586 468 1672 519 est
1703 464 2070 522 exactorum,

427 558 484 609 et
527 569 735 610 eorum
787 571 822 609 a
853 553 1074 626 quibus
1121 553 1397 624 exigitur,
1429 553 1651 626 quique
1683 548 1935 620 ﬂagellis
1968 562 2077 602 cae—

427 643 671 700 duntur.
714 645 972 700 Porticus
1020 645 1299 716 utrinque
1333 643 1586 715 lugubre
1617 641 1914 716 quiddam
1947 653 2076 711 per-

429 738 739 802 sonantes,
782 732 940 789 velut
985 733 1294 806 propriam
1325 732 1600 789 videntur
1631 747 1840 788 vocem
1879 729 2075 796 edere,

429 821 505 878 de
533 822 626 878 his
651 839 786 894 quae
826 821 978 877 ﬁunt
1003 822 1404 892 ingementes.
1445 821 1697 878 Occlusa
1740 824 1944 876 autem
1975 831 2078 888 gy-

429 910 669 967 mnasia
699 914 755 966 et
786 914 990 966 noctes
1028 926 1152 966 non
1201 910 1524 967 illustratus
1553 926 1676 966 non
1709 909 1844 965 sinit
1875 907 2079 979 aliquo

428 1013 540 1055 nos
586 999 647 1053 in
695 1014 948 1055 numero
995 999 1218 1056 habere
1262 1001 1393 1072 ipsa
1435 999 1510 1056 de
1554 1000 1673 1056 vita
1718 994 2076 1054 sollicitudo.

431 1089 558 1142 Non
589 1087 749 1142 enim
780 1087 910 1144 leve
938 1088 1272 1161 periculum
1305 1093 1412 1158 est,
1445 1105 1520 1145 ne
1565 1087 1781 1144 amotis
1818 1085 2079 1162 optima-

431 1175 608 1244 tibus,
640 1177 799 1232 vclut
846 1177 1045 1233 fulcris
1090 1178 1530 1245 corruentibus,
1587 1176 1767 1233 simul
1812 1179 2081 1232 evertan-

430 1267 524 1319 tur
562 1265 787 1320 omnia.
825 1266 1038 1338 Ecquis
1067 1270 1266 1322 autem
1313 1282 1513 1322 sermo
1540 1263 1945 1338 exprimendis
1977 1277 2056 1318 no

429 1353 562 1409 stris
608 1355 783 1410 malis
841 1371 953 1428 par
999 1356 1172 1412 fuerit
1209 1357 1236 1412 ‘?
1277 1356 1387 1412 Alii
1435 1355 1716 1412 abierunt
1763 1353 2076 1426 fugientes,

428 1458 570 1515 pars
628 1448 873 1500 senatus
921 1445 1128 1514 nostri,
1160 1461 1282 1502 non
1336 1443 1676 1516 ignobilior,
1721 1447 2080 1517 perpetuum

429 1532 706 1589 exsilium
758 1533 1044 1590 Podando
1091 1534 1495 1606 przeferentes.
1534 1534 1683 1589 Cum
1731 1537 1932 1590 autem
1979 1535 2083 1588 Po-

431 1620 702 1678 daudum
727 1620 883 1692 dico,
907 1621 1162 1678 Ceadem
1185 1639 1279 1678 me
1303 1625 1661 1679 Laconicum
1680 1621 1875 1677 dicere
1896 1624 2044 1694 puta
2067 1635 2079 1684 ;

2187 451 2562 523 ἀπαιτουντων,
2650 463 2739 509 καὶ
2816 457 3222 529 ἀπαιτουμένων,
3300 461 3390 508 καὶ
3479 456 3782 528 ξαινομένων

2183 551 2299 605 ταῖς
2345 547 2584 616 μάστιξι.
2636 552 2788 599 Στοαὶ
2855 544 2906 599 δ’
2969 543 3276 622 ἑκατέρωθεν
3335 547 3641 618 σκυθρωπόν
3700 546 3787 597 5'1:-

2187 641 2423 704 ηχοῦσαι
2475 640 2612 708 (16),
2671 635 2775 689 οἷον
2814 636 3007 689 οἰκείαν
3061 633 3310 688 δοκοῦσιν
3358 633 3560 707 ἀφιέναι
3613 640 3783 707 φωνὴν

2186 730 2291 782 τοίς
2368 729 2651 797 γινομὲνοις
2721 726 3175 787 ἐπιστενάζουσαι.
3253 727 3524 798 Γυμνάσια
3586 720 3644 776 δε
3705 743 3785 776 κε-

2186 811 2460 885 κλεισμένα
2513 821 2601 867 καὶ
2639 818 2829 877 νύκτας
2887 814 3135 889 ἀλαμπεῖς
3188 815 3282 867 οὐκ
3442 816 3581 886 ἡμᾶς
3633 809 3785 864 οὐδὲν

2187 900 2488 972 λογίζεσθαι
2537 907 2564 962 ὴ
2620 911 2738 978 περὶ
2786 913 2877 957 τοῦ
2945 905 3040 977 ζῇν
3092 905 3204 976 (17)
3252 902 3468 975 ἀγωνία.
3537 899 3784 961 Κίνδυνος

2186 993 2284 1065 γὰρ
2337 991 2441 1064 οὐχ
2499 995 2524 1045 ό
2595 1000 2796 1066 τυχῶν,
2854 1003 2953 1047 τῶν
3011 996 3336 1068 κρατοᾶντων
3389 994 3781 1065 ὑφαιρεθέντων,

2189 1081 2361 1153 ὥσπερ
2396 1082 2665 1156 ἐρείσμασι
2703 1091 2946 1152 πεσοῦσι,
2991 1085 3469 1156 συγκατενεχθῆναι
3499 1083 3564 1134 τά
3592 1083 3782 1135 πάντα.

2192 1175 2291 1222 Καὶ
2328 1177 2410 1232 τίς
2432 1171 2491 1223 ἂν
2534 1172 2682 1245 λόγος
2731 1181 2826 1226 τῶν
2873 1181 3043 1226 κακῶν
3074 1182 3174 1225 τῶν
3212 1175 3469 1246 ἠμέτερων
3510 1172 3734 1244 ἐφίκοιτο
3769 1187 3782 1236 ;

2191 1261 2256 1311 Οἱ
2297 1263 2386 1332 μὲν
2436 1265 2677 1334 οἳχονται
2725 1266 3012 1336 φεύγοντες,
3062 1266 3212 1336 μέρος
3262 1270 3356 1323 τῆς
3389 1260 3582 1334 βουλῆς
3613 1262 3782 1332 ἡμῶν,

2190 1348 2248 1400 οὐ
2278 1352 2335 1400 τό
2366 1351 2697 1422 φαυλότατον,
2743 1357 2836 1411 τὴν
2891 1351 3159 1424 ἀειφυγίαν
3203 1346 3482 1403 Ποδανὸοῦ
3512 1353 3781 1423 προτιμή-

2192 1457 2386 1500 σαντες.
2441 1439 2601 1493 Ὀταν
2647 1438 2705 1494 δε
2764 1437 3037 1494 Ιιοδανδόν
3096 1444 3242 1510 εἴπω,
3310 1444 3395 1492 τον
3465 1435 3668 1492 Κεάδαν
3721 1456 3787 1510 με

2191 1532 2300 1580 οἷον
2344 1528 2504 1600 λέγειν
2561 1534 2647 1582 τὸν
2681 1535 2980 1584 Λακωνικὸν
3033 1529 3171 1602 (18),
3204 1529 3234 1588 ἦ
3268 1533 3312 1581 εἰ
3354 1548 3454 1581 που
3484 1535 3580 1590 τῆς
3605 1527 3786 1580 οἰκου-

2191 1620 2348 1688 μένης
2400 1614 2528 1678 εἶδες
2586 1617 2853 1693 βάραθρον
2908 1618 3179 1690 αὐτοφυὲς,
3223 1619 3258 1670 ά
3289 1613 3355 1675 δὴ
3400 1622 3490 1668 καὶ
3519 1616 3788 1690 Χαρώνεια

432 1715 537 1767 aut
565 1709 755 1766 sicubi
798 1710 1068 1767 naturale
1099 1710 1453 1768 barathrum
1482 1711 1681 1768 vidisti
1711 1729 1725 1780 ;
1776 1727 1912 1784 quae
1950 1709 2083 1766 loca

2198 1725 2299 1758 τισι
2355 1711 2754 1782 προσαγορεύειν
2803 1708 3107 1782 αὐτομάτως
3167 1707 3398 1776 ἐπῆλθεν,
3455 1705 3582 1781 ἀέρα
3632 1723 3786 1756 νοσο-

431 1799 707 1856 nonnulli
740 1799 1056 1867 Charonia,
1078 1801 1323 1857 nomine
1354 1817 1464 1858 sua
1489 1805 1702 1874 sponte
1724 1801 2081 1869 occurrenti,

432 1887 832 1961 appellarunt,
890 1890 1062 1961 170
1110 1889 1419 1947 exitiosam
1463 1906 1677 1947 auram
1717 1889 2080 1948 exhalantia.

433 1977 739 2048 Ejusmodi
759 1977 892 2034 loco
914 1978 1215 2051 persimile
1237 1979 1511 2036 existima
1532 1979 1804 2036 Podandi
1829 1981 2080 2038 malum.

430 2067 513 2122 Ex
544 2067 732 2124 tribus
759 2068 940 2139 igitur
959 2069 1251 2141 partibus,
1279 2069 1378 2126 alii
1408 2087 1546 2125 cum
1578 2070 1865 2127 uxoribus
1894 2087 1966 2127 ac
1992 2071 2081 2127 fo-

433 2156 518 2214 cis
565 2157 822 2229 fugiunt,
865 2157 965 2214 alii
1014 2157 1398 2215 abducuntur
1441 2164 1504 2216 ut
1541 2161 1783 2234 captivi,
1814 2161 2081 2218 maxima

430 2262 570 2320 pars
595 2246 957 2319 optimatum
977 2249 1249 2317 civitatis,
1281 2249 1695 2306 miserandum
1717 2250 1924 2308 amicis
1953 2267 2083 2325 spe-

431 2335 755 2404 ctaculum,
787 2336 1172 2394 inimicorum
1204 2342 1343 2394 vota
1369 2338 1710 2411 explentes;
1745 2340 1792 2395 si
1824 2340 1961 2412 quis
1991 2346 2080 2397 ta-

432 2434 572 2482 men
611 2427 861 2483 omnino
898 2428 1139 2495 exstitit,
1191 2429 1294 2500 qui
1325 2428 1500 2485 nobis
1530 2435 1767 2485 tantum
1806 2430 1948 2485 mali
1977 2430 2084 2485 im-

433 2521 800 2588 precaretur.
849 2517 1042 2573 Tertia
1083 2517 1211 2588 jam
1242 2517 1448 2574 relicta
1478 2535 1617 2592 pars
1653 2524 1762 2575 est.
1792 2519 1857 2575 Hi
1882 2523 2085 2576 autem

433 2606 770 2662 amicorum
797 2622 867 2663 ac
896 2606 1280 2664 familiarium
1314 2625 1437 2665 non
1473 2608 1730 2664 ferentes
1758 2625 2084 2678 secessum,

433 2695 731 2768 simulque
778 2695 1141 2754 inﬁrmiores
1187 2713 1374 2771 quam
1418 2703 1483 2754 ut
1523 2698 1704 2754 rebus
1735 2699 2087 2756 necessariis

432 2785 810 2859 provideant,
839 2786 1020 2843 vitam
1051 2787 1250 2860 ipsam
1293 2788 1568 2844 oderunt.
1604 2791 1737 2844 Haec
1774 2789 2088 2846 hortamur

434 2878 502 2930 ut
539 2877 682 2931 nota
720 2874 1006 2931 omnibus
1035 2875 1245 2946 facias,
1297 2879 1398 2934 tua
1425 2876 1615 2948 ipsius
1657 2893 1800 2934 voce
1831 2895 1902 2934 ac
1924 2879 2090 2950 justa

437 2962 676 3019 dicendi
723 2962 1018 3037 libertate,
1059 2981 1245 3037 quam
1289 2965 1394 3021 tibi
1423 2965 1544 3022 vita
1583 2966 1889 3035 conciliat;
1934 2966 2090 3023 clare

2192 1799 2339 1847 ποιὸν
2390 1796 2501 1867 (19)
2557 1796 2886 1850 ἀναπνέοντα.
2951 1800 3181 1869 Τοιούτῳ
3220 1801 3323 1848 τινὶ
3364 1794 3524 1856 ἐοικός
3572 1800 3788 1868 νόμισον

2191 1889 2279 1936 καὶ
2315 1889 2371 1938 τό
2418 1882 2694 1940 Ποδανδοῦ
2741 1891 2920 1939 κακὸνο
2969 1894 3136 1961 Τριῶν
3165 1891 3338 1939 τοίνυν
3365 1893 3579 1959 μοιρῶν,
3609 1885 3658 1936 οἰ
3697 1885 3788 1955 μεν

2192 1980 2471 2049 φεύγουσιν
2521 1976 2702 2038 αὑταῖς
2748 1977 2956 2047 γυναιξὶ
3003 1980 3093 2028 καὶ
3141 1975 3336 2036 ἑστίαις
3377 1973 3787 2033 ἀπαναστάντες⁹

2190 2069 2239 2118 οἱ
2271 2063 2328 2118 δε
2377 2064 2664 2137 ἀπάγονται
2694 2067 2866 2142 ῶσπερ
2928 2065 3281 2139 αἰχμάλωτοι,
3326 2066 3375 2116 οἱ
3421 2063 3657 2116 πλεῖστοι
3692 2069 3790 2113 τῶν

2189 2154 2238 2207 ἐν
2289 2163 2349 2228 τῇ
2402 2154 2545 2208 πόλει
2591 2156 2820 2230 ἄριστοι,
2863 2155 3068 2208 ἐλεεινόν
3119 2155 3280 2228 φίλοις
3325 2156 3512 2226 θέαμα,
3578 2152 3792 2225 ἐχθροῖς

2192 2241 2251 2298 δε
2281 2245 2446 2317 εὐχὴν
2494 2245 2863 2320 ἐκπληροῦντες
2887 2262 2900 2276 ·
2951 2246 2995 2298 εἰ
3021 2241 3089 2304 δή
3119 2263 3200 2307 τις
3223 2247 3425 2316 γέγονεν
3455 2241 3580 2302 ὂλως
3609 2247 3768 2292 τοσοῦ

2191 2355 2276 2387 τον
2326 2337 2450 2408 ἡμῖν
2506 2335 2916 2408 ἐπαρασάμενος.
2966 2337 3196 2409 Τριτάτη
3251 2330 3311 2387 δέ
3360 2351 3459 2385 που
3505 2337 3666 2405 μοῖρα
3709 2328 3792 2381 λέ-

2190 2423 2416 2479 λειπται.
2460 2419 2620 2476 Οὗτοι
2661 2421 2740 2493 δὲ,
2772 2429 2866 2482 τήν
2909 2443 2962 2476 τε
2993 2422 3264 2494 ἀπόλειψιν
3289 2430 3389 2474 τῶν
3419 2421 3655 2478 συνήθων
3681 2419 3790 2489 (20)

2193 2513 2251 2565 οῦ
2300 2517 2554 2586 φέροντες,
2587 2517 2677 2565 καὶ
2723 2519 2834 2586 ἅμα
2879 2521 2973 2574 τῆς
3002 2517 3191 2587 χρείας
3229 2510 3532 2585 ἀτονώτεροι
3580 2506 3794 2581 ἀπελεγ-

2193 2607 2430 2674 χόμενοι,
2489 2607 2620 2677 πρός
2671 2602 2796 2654 αὐτὸ
2843 2605 2901 2654 τὸ
2962 2605 3055 2674 ζῇν
3102 2599 3439 2675 ἀπειρήκασι.
3497 2599 3676 2652 Ταῦτά
3737 2615 3800 2648 σε

2197 2694 2386 2765 φανερά
2413 2699 2638 2750 ποιῆσαι
2683 2697 2814 2744 πᾶσι
2857 2689 3254 2765 παρακαλοῦμεν
3283 2698 3345 2763 τῇ
3398 2695 3617 2742 σεαυτοῦ
3651 2694 3797 2759 φωνῇ

2193 2785 2285 2833 καὶ
2332 2788 2392 2852 τῇ
2455 2788 2674 2832 σεαυτοῦ
2722 2779 2994 2855 παρρησίᾳ
3039 2787 3101 2852 τῇ
3156 2776 3360 2851 δικαίᾳ,
3413 2778 3474 2836 ἣν
3512 2779 3649 2848 ἔχεις
3690 2774 3801 2827 ἀπὸ

2198 2877 2288 2922 τοῦ
2345 2867 2506 2942 βίου’
2567 2869 2724 2922 ἐκεῖνο
2778 2878 2954 2942 σαφῶς
3008 2872 3341 2942 προειπόντα,
3409 2869 3510 2932 ὃτι,
3567 2865 3651 2918 ἑαν
3717 2870 3797 2936 μὴ

2197 2963 2338 3031 ταχὺ
2367 2957 2896 3032 μεταϐουλεύσωνται,
2929 2955 3044 3011 οὐδ’
3075 2958 3277 3021 ἕξουσιν
3310 2957 3379 3019 εἰς
3419 2955 3506 3018 οῦς
3536 2959 3628 3013 τὴν
3674 2954 3804 3026 φιλ-

437 3051 583 3107 illud
619 3053 974 3125 praedicens,
1022 3052 1135 3109 nisi
1180 3054 1293 3111 cito
1333 3055 1651 3111 consilium
1684 3059 1935 3126 mutent,
1965 3071 2083 3112 non

2199 3050 2493 3124 ανθρωπίαν
2543 3044 2853 3110 ἑνδείξονται
2906 3049 3038 3120 (21).
3095 3047 3161 3100 Ἤ
3201 3049 3302 3120 γὰρ
3345 3051 3540 3118 γενήσῃ
3590 3063 3641 3097 τι
3671 3045 3803 3116 ὄφε-

437 3140 752 3198 habituros
778 3141 840 3197 in
870 3141 1094 3214 quibus
1124 3143 1565 3201 humanitatem
1609 3145 1952 3203 ostendant.
1993 3143 2092 3201 Vel

437 3230 600 3286 enim
644 3229 875 3304 aliquid
922 3231 1126 3289 auxilii
1167 3232 1398 3290 laturus
1430 3249 1494 3290 es
1542 3235 1968 3292 communibus
2003 3253 2090 3294 re-

436 3319 574 3388 bus,
614 3319 709 3376 vel
747 3321 959 3378 saltem
1005 3322 1167 3379 idem
1198 3323 1489 3395 facturus,
1520 3324 1688 3398 quod
1716 3325 1916 3397 Solon,
1960 3328 2085 3400 qui,

439 3423 578 3466 cum
623 3409 783 3466 cives
829 3409 1140 3468 derelictos
1187 3412 1507 3470 defendere
1538 3430 1660 3472 non
1695 3420 1920 3488 posset,
1952 3433 2088 3474 arce

434 3499 564 3571 jam
613 3503 930 3572 occupata,
962 3505 1233 3557 armatus
1284 3506 1422 3558 ante
1469 3503 1625 3560 fores
1677 3504 1942 3568 sedebat,
1972 3505 2088 3563 hoc

435 3587 569 3661 ipso
594 3588 804 3646 habitu
829 3588 1168 3660 declarans,
1201 3606 1262 3647 se
1288 3591 1382 3648 his
1423 3608 1560 3665 quae
1588 3593 1816 3652 ﬁebant
1841 3610 1964 3652 non
1997 3611 2088 3652 as-

439 3677 660 3735 sentiri.
715 3681 833 3736 Hoc
876 3683 1078 3736 autem
1117 3697 1226 3753 pro
1270 3686 1431 3739 certo
1463 3682 1608 3755 scio,
1655 3684 1834 3741 etiam
1865 3685 1913 3741 si
1952 3685 2090 3758 quis

437 3779 600 3825 nunc
654 3769 1012 3826 sententiam
1065 3774 1232 3828 tuam
1281 3787 1402 3829 non
1449 3771 1682 3846 probet,
1724 3774 1906 3847 paulo
1952 3781 2090 3848 post

513 4054 621 4125 (16)
647 4053 1181 4134 ἸςέπηχοῦσαιζΜμθὰ
1217 4055 1550 4132 ἀπηχοῦσαι.
1571 4056 1751 4134 Paulo
1782 4065 1918 4134 post
1947 4060 2090 4120 editi

439 4128 618 4202 νύκτες
665 4125 935 4202 mpm.
984 4129 1260 4202 Quinque
1303 4125 1452 4190 mss.
1503 4137 1568 4189 ut
1595 4132 1656 4187 in
1700 4125 1882 4190 textu.
1915 4137 2092 4191 Erant

440 4196 542 4276 htB_
561 4196 870 4276 nocturnae
899 4196 1340 4276 lucernae—inter
1377 4209 1734 4276 ornamenta
1759 4204 2087 4276 civitatum,

441 4267 547 4343 sed
571 4267 642 4343 in
668 4268 832 4343 luctu
860 4270 1103 4343 publico
1131 4272 1437 4329 intermitti
1467 4273 1762 4332 solebant.
1804 4277 1968 4333 Unde
2001 4267 2090 4334 Li:-

440 4333 657 4419 banius
703 4333 967 4419 i_nq0ra_t_.
1016 4343 1095 4398 ad
1145 4345 1548 4419 Antiochenos
1585 4345 1659 4402 de
1709 4333 2090 4419 Imperatoris

2195 3137 2278 3199 λος
2328 3145 2438 3200 τοῖς
2479 3147 2687 3206 κοινοῖς,
2719 3138 2748 3196 ἣ
2796 3142 2854 3190 τό
2884 3156 2944 3209 γε
2971 3144 3062 3190 τοῦ
3093 3137 3312 3199 Σόλωνος
3343 3139 3638 3195 πεποιηκὼς
3671 3137 3801 3206 ἔσῃ,

2198 3229 2250 3292 ὃς
2294 3236 2403 3292 τοῖς
2456 3227 2808 3301 ἀπολειφθεῖσι
2856 3236 2954 3280 τῶν
3011 3227 3229 3280 πολιτῶν
3284 3224 3494 3299 ἀμύνειν
3543 3228 3662 3294 (22)
3697 3223 3806 3276 οὐκ

2197 3323 2355 3392 ἔχων,
2409 3329 2504 3382 τῆς
2557 3319 2882 3394 ἀκροπόλεως
2939 3315 3045 3379 ἤδη
3110 3321 3490 3391 κατεχομένης,
3544 3318 3609 3369 τὰ
3660 3315 3809 3369 ὅπλα

2197 3407 2344 3472 ἐνδὺς
2390 3413 2490 3485 πρὸ
2540 3419 2638 3462 τῶν
2690 3411 2856 3483 θυρῶν
2897 3411 3007 3482 (23)
3034 3407 3326 3477 ἐκαθίζετο,
3357 3403 3574 3469 εῦδηλος
3611 3411 3678 3456 ὧν
3719 3414 3804 3477 τῷ

2199 3506 2464 3574 σχήματι,
2522 3507 2628 3562 τοῖς
2692 3502 2980 3572 γινομένοις
3047 3499 3107 3551 οὐ
3162 3499 3539 3571 συντιθέμενος.
3599 3496 3805 3548 Ἐκεῖνο

2198 3587 2253 3642 δ’
2303 3589 2528 3666 ἀκριϐῶς
2571 3586 2712 3661 οἶδα,
2760 3592 2858 3658 ὅτι,
2902 3593 2992 3642 καὶ
3040 3592 3086 3642 εἶ
3112 3594 3188 3650 τίς
3220 3607 3314 3641 σου
3343 3595 3430 3639 νῦν
3458 3591 3550 3645 τὴν
3577 3591 3802 3658 γνώμην

2197 3684 2267 3754 μὴ
2316 3676 2654 3752 ἀποδέχοιτο,
2703 3681 2889 3753 μικρὸν
2943 3678 3156 3755 ὕστερόν
3206 3696 3290 3731 σοι
3336 3677 3452 3748 (24)
3502 3675 3696 3738 εὐνοίας
3739 3695 3803 3730 τε

2199 3772 2328 3843 όμοῦ
2375 3774 2465 3822 καὶ
2521 3773 2774 3831 συνέσεως
2819 3773 2914 3828 τὴν
2970 3773 3225 3841 μεγίστην
3279 3763 3438 3830 δόξαν
3495 3767 3802 3842 προσθήσει

2269 4050 2790 4131 (21))Ενᾷείξοντριι.
2841 4055 2947 4131 Ita
2963 4058 3084 4131 tres
3128 4049 3516 4131 vetustissimi
3553 4051 3806 4131 codices

2198 4123 2338 4188 cum
2367 4123 2626 4186 'duobus
2673 4128 2806 4184 aliis
2839 4145 2852 4183 :
2881 4127 3022 4184 editi
3065 4123 3413 4190 ἐνδεεξωντάιε
3444 4125 3626 4182 Paulo
3655 4130 3807 4195 post

2198 4203 2468 4290 quinque
2498 4199 2756 4269 codices,
2802 4199 2909 4256 sed
2961 4214 3083 4256 non
3137 4197 3558 4273 antiquissimi.
3591 4196 3656 4248 "tl
3683 4199 3800 4270 γάρ

2199 4294 2657 4409 εγῖἒέ)ᾋμύνειν.
2709 4341 2955 4399 Addunt
3009 4341 3152 4398 editi
3193 4351 3288 4403 τῆς
3318 4340 3617 4409 ἐλευθερίας.
3661 4340 3801 4396 Duo

439 4411 549 4480 ira,
571 4413 794 4491 suadet
820 4413 1071 4491 civibus,
1095 4421 1160 4471 ut
1178 4415 1289 4491 has
1307 4415 1584 4491 lucernas
1606 4403 1894 4491 tantisper
1916 4403 2090 4491 serio;
2121 4435 2164 4489 ι)
2200 4403 2447 4491 mss-:35
2463 4403 2759 4491 ’ἕλευ-θερίᾳ,
2792 4414 2898 4471 sed
2919 4414 3054 4491 haec
3082 4412 3144 4469 in
3169 4413 3300 4491 aliis
3318 4405 3565 4491 desunt.

443 4485 606 4546 nant,
622 4483 712 4562 vel
736 4485 992 4562 rariores
1013 4487 1366 4562 accendant.
1393 4489 1530 4546 Vide
1551 4483 1961 4562 Ammianum,
1983 4483 2090 4549 lib.

441 4569 558 4634 xiv,
591 4569 642 4610 c.
681 4560 728 4623 t,
765 4561 822 4612 et
867 4561 1077 4613 notam
1123 4559 1356 4629 Valesii,
1409 4576 1480 4615 ex
1528 4577 1651 4634 qua
1697 4561 1827 4618 haec
1865 4559 2092 4622 deliba-

440 4639 663 4682 Vimus.

515 4696 617 4768 (17)
656 4703 787 4775 μερὶ
833 4707 930 4775 τοῦ.
963 4700 1078 4775 ζῇν.
1123 4703 1206 4758 Ita
1238 4701 1408 4770 Med.,
1453 4702 1631 4775 Harl.,
1677 4705 1888 4775 Vat._et
1917 4705 2090 4764 Cois].

446 4769 793 4846 secundus;
841 4769 1145 4846 editi'm‘o‘t
1191 4777 1246 4826 τὸ
1290 4769 1405 4846 ζῇν.
1457 4769 1686 4831 Ibidem
1729 4773 1878 4830 οὐδέν
1927 4778 2095 4836 deest

444 4843 592 4915 ante
614 4834 921 4915 λογίζεσθαι
942 4843 1001 4900 in
1031 4834 1246 4900 eodem
1279 4834 1465 4915 Bigot.

517 4911 632 4994 (18).
679 4909 1004 4994 Κεάδας-θη..ἶ
1043 4909 1375 4994 Λακωνικόνῖ
1405 4917 1498 4994 _S_i_c
1532 4918 1876 4994 vocabatur
1927 4920 2094 4994 apud

444 4981 934 5060 Lacedaemonios
989 4987 1360 5060 horrendum
1405 4981 1986 5060 illudrbarathrum:
2031 4993 2094 5049 in

441 5053 607 5133 quod
619 5055 1042 5133 _maxim_oru_m
1063 5059 1385 5116 criminum
1406 5075 1540 5116 reos
1551 5059 1805 5133 dejicere
1823 5053 2096 5121 solebant

441 5129 597 5204 teste
613 5129 933 5204 Pausania,
965 5129 1070 5187 lib.
1093 5147 1166 5200 IV,
1204 5147 1262 5204 p.
1297 5136 1419 5188 250.

513 5199 626 5279 (ηρ)
679 5206 991 5279 ῌοσοποιόν.
1022 5199 1295 5279 ,Ιῐ-ᾳίῐῦθῃε
1332 5203 1760 5279 __vetustissim_i
1801 5205 2037 5279 codices
2076 5221 2089 5272 ;

443 5268 963 5346 ςᾴίιίφθοροποιον.
1011 5273 1217 5346 Julius
1250 5275 1456 5346 Pollux
1511 5279 1568 5331 et
1622 5275 1838 5334 Suidas
1874 5268 2094 5333 docent

445 5339 807 5400 Charoniam
838 5347 1118 5401 vocatam
1139 5345 1328 5402 fuisse
1349 5345 1592 5402 Athenis
1621 5363 1808 5403 unam
1837 5347 2092 5405 carceris

439 5407 711 5488 januam,
744 5431 850 5488 per
872 5431 1058 5488 quam
1086 5416 1170 5473 rei
1195 5417 1280 5488 ad,
1300 5421 1556 5474 mortem
1585 5417 1982 5476 ducebantur.

516 5485 789 5565 (2‘0)‘Tr;i3
845 5485 1101 5565 συνήθων.
1162 5487 1308 5565 Med.
1355 5497 1454 5540 τῶι
1504 5494 1773 5565 συνοίκων,
1813 5494 1868 5546 et
1910 5491 2090 5565 paulo

444 5554 1148 5635 post_'&n_069ul_asammc.
1210 5562 1537 5634 L’trumque
1594 5554 1940 5620 Ilarlaéanus
2007 5565 2092 5620 sic

445 5624 681 5686 videtur
703 5629 1011 5688 habuisse.
1413 5647 1418 5654 ‘

2268 4489 2378 4562 (23)
2407 4482 2513 4562 ὴρὸ
2543 4482 2859 4562 τῶν’Θνρῷν.
2917 4485 3056 4542 Tres
3101 4485 3502 4562 antiquissimi
3524 4482 3799 4562 codices

2199 4556 2427 4636 habent
2453 4556 2554 4634 πρὸ
2583 4556 2902 4636 τῶν-πυλῶν,
2929 4561 3100 4636 quod
3131 4556 3272 4612 cum
3296 4557 3372 4613 de
3403 4557 3582 4636 urbis
3602 4556 3802 4636 portis

2198 4627 2578 4708 intelligatur,
2609 4630 2811 4708 minus
2837 4627 2978 4708 huic
3023 4627 3157 4684 loco
3199 4628 3498 4708 convenit.
3522 4627 3802 4708 idenim

2202 4698 2478 4776 Soloném
2502 4698 2613 4776 pro
2633 4699 2865 4776 foribus
2885 4699 3107 4776 domus
3128 4716 3253 4776 suae
3273 4698 3484 4756 fecisse
3501 4699 3803 4776 discimus

2200 4769 2638 4853 ex_Plutarcho,
2659 4771 2766 4853 qui
2793 4787 2921 4829 rem
2953 4770 3135 4853 paulo
3164 4769 3332 4853 aliter
3359 4777 3565 4853 narrat
3587 4771 3805 4853 a‘ana-

2202 4846 2391 4916 silius,
2422 4846 2484 4902 in
2511 4842 2810 4916 libra—An
2841 4842 2982 4916 seni
3024 4844 3392 4916 gerendarsg't
3426 4842 3801 4912 respublica.

2303 4889 3102 4996 Eiliﬁﬁiiiiiéﬁi'eﬁéﬁégiﬁ
3125 4889 3235 4996 uit
3251 4889 3644 4996 Pisistratum,
3656 4928 3808 4996 gra-

2201 4990 2358 5062 tiam
2378 4985 3091 5062 popularem—captanda,
3132 4985 3516 5062 tyrannidem
3546 4985 3748 5042 moliri
3785 5002 3801 5041 :

2201 5057 2763 5118 nemine'resistere
2801 5057 3082 5122 audente,
3129 5057 3408 5115 Solonem
3454 5073 3567 5114 sua
3620 5071 3808 5114 arma.

2201 5131 2502 5211 extulisse,
2517 5137 2570 5211 et
2587 5135 2723 5211 ante
2739 5129 2990 5211 domum
3003 5129 3415 5211 proposuisse,
3432 5129 3586 5190 αὐτὸς
3607 5126 3810 5209 £57127-

2201 5207 2413 5276 κάμενος
2443 5202 2688 5276 τάῗὸπλα,
2720 5208 2810 5276 καὶ
2838 5206 2938 5276 πρὸ
2961 5209 3054 5262 τῆς
3081 5202 3250 5262 οἰκίας
3281 5203 3505 5273 θέμενος,
3537 5202 3806 5276 ac_cives

2201 5255 2281 5354 ad
2309 5255 2722 5354 defensionem
2744 5255 3053 5354 hortatum
3071 5287 3202 5328 esse
3231 5255 3249 5328 Ξ
3274 5255 3534 5354 cumque
3546 5255 3632 5328 ad
3655 5255 3808 5327 eum

2199 5346 2463 5403 misisset
2507 5345 2864 5416 Pisistratus,
2920 5345 3024 5417 qui
3079 5349 3364 5417 rogarent
3410 5357 3681 5417 quanam
3734 5358 3808 5399 re

2199 5418 2384 5474 fretus
2423 5417 2553 5473 haec
2601 5417 2842 5488 taceret,
2882 5415 3021 5472 eum
3057 5415 3464 5488 respondisse,
3496 5417 3808 5471 senectute

2197 5489 2414 5546 fretum
2452 5504 2514 5543 se
2543 5503 2697 5545 esse.

2271 5564 2382 5635 (ili)
2417 5558 2664 5635 ’Υστερόν
2703 5579 2824 5635 ,σοις
2882 5561 3094 5635 Deerat
3137 5574 3477 5635 pronomen
3511 5558 3572 5616 in
3602 5556 3808 5629 editis,

2202 5631 2478 5695 additum
2506 5631 2584 5691 ex
2610 5631 2918 5692 codicibus
2943 5631 3102 5692 Harl.
3135 5631 3190 5692 et
3219 5632 3368 5693 Med.
