  <div class='ocr_page' id='page_1' title='image "/cluster/home/n/w/nwhite01/storage/ocr_20150623/32/hvd.32044048207401/235.png"; bbox 0 0 4054 6204; ppageno 0'>
   <div class='ocr_carea' id='block_1_1' title="bbox 457 237 563 297">
    <p class='ocr_par' dir='ltr' id='par_1_1' title="bbox 457 237 563 297">
     <span class='ocr_line' id='line_1_1' title="bbox 457 237 563 297; baseline -0.009 -1"><span class='ocrx_word' id='word_1_1' title='bbox 457 237 563 297; x_wconf 68' lang='grc'><strong>459</strong></span> 
     </span>
    </p>
   </div>
   <div class='ocr_carea' id='block_1_2' title="bbox 1843 223 2446 284">
    <p class='ocr_par' dir='ltr' id='par_1_2' title="bbox 1843 223 2446 284">
     <span class='ocr_line' id='line_1_2' title="bbox 1843 223 2446 284; baseline -0.002 -1"><span class='ocrx_word' id='word_1_2' title='bbox 1843 228 1900 284; x_wconf 92' lang='lat' dir='ltr'><strong>S.</strong></span> <span class='ocrx_word' id='word_1_3' title='bbox 1940 223 2193 282; x_wconf 83' lang='lat' dir='ltr'><strong>BASILII</strong></span> <span class='ocrx_word' id='word_1_4' title='bbox 2227 224 2446 283; x_wconf 80' lang='lat' dir='ltr'><strong>MAGNI</strong></span> 
     </span>
    </p>
   </div>
   <div class='ocr_carea' id='block_1_3' title="bbox 3709 231 3818 286">
    <p class='ocr_par' dir='ltr' id='par_1_3' title="bbox 3709 231 3818 286">
     <span class='ocr_line' id='line_1_3' title="bbox 3709 231 3818 286; baseline 0.018 -2"><span class='ocrx_word' id='word_1_5' title='bbox 3709 231 3818 286; x_wconf 73' lang='grc'><strong>460</strong></span> 
     </span>
    </p>
   </div>
   <div class='ocr_carea' id='block_1_4' title="bbox 456 346 2105 436">
    <p class='ocr_par' dir='ltr' id='par_1_4' title="bbox 456 355 2102 436">
     <span class='ocr_line' id='line_1_4' title="bbox 456 355 2102 436; baseline -0.01 -14"><span class='ocrx_word' id='word_1_6' title='bbox 456 364 600 421; x_wconf 89' lang='lat' dir='ltr'><strong>dam</strong></span> <span class='ocrx_word' id='word_1_7' title='bbox 631 360 810 436; x_wconf 89' lang='lat' dir='ltr'><strong>quasi</strong></span> <span class='ocrx_word' id='word_1_8' title='bbox 836 357 1077 417; x_wconf 71' lang='lat' dir='ltr'><strong>vinculo</strong></span> <span class='ocrx_word' id='word_1_9' title='bbox 1120 358 1413 432; x_wconf 88' lang='lat' dir='ltr'><strong>impedita</strong></span> <span class='ocrx_word' id='word_1_10' title='bbox 1448 355 1766 420; x_wconf 77' lang='lat' dir='ltr'><strong>detinetur,</strong></span> <span class='ocrx_word' id='word_1_11' title='bbox 1797 356 1927 409; x_wconf 84' lang='lat' dir='ltr'><strong>tum</strong></span> <span class='ocrx_word' id='word_1_12' title='bbox 1959 365 2102 407; x_wconf 88' lang='lat' dir='ltr'><strong>vero</strong></span> 
     </span>
    </p>
   </div>
   <div class='ocr_carea' id='block_1_5' title="bbox 2220 346 3822 436">
    <p class='ocr_par' dir='ltr' id='par_1_5' title="bbox 2220 346 3822 425">
     <span class='ocr_line' id='line_1_5' title="bbox 2220 346 3822 425; baseline 0.002 -23"><span class='ocrx_word' id='word_1_13' title='bbox 2220 348 2442 424; x_wconf 78' lang='grc' dir='ltr'><strong>ἐνέργεια</strong></span> <span class='ocrx_word' id='word_1_14' title='bbox 2502 353 2606 406; x_wconf 82' lang='grc' dir='ltr'><strong>οἷον</strong></span> <span class='ocrx_word' id='word_1_15' title='bbox 2672 354 2771 406; x_wconf 76' lang='grc' dir='ltr'><strong>ὑπό</strong></span> <span class='ocrx_word' id='word_1_16' title='bbox 2827 346 3202 424; x_wconf 75' lang='grc' dir='ltr'><strong>τινος”δεσμοῦ</strong></span> <span class='ocrx_word' id='word_1_17' title='bbox 3245 347 3632 425; x_wconf 74' lang='grc' dir='ltr'><strong>ἐμποδιζομένη</strong></span> <span class='ocrx_word' id='word_1_18' title='bbox 3685 373 3822 406; x_wconf 88' lang='grc' dir='ltr'><strong>κατ-</strong></span> 
     </span>
    </p>
   </div>
   <div class='ocr_carea' id='block_1_6' title="bbox 454 437 2105 520">
    <p class='ocr_par' dir='ltr' id='par_1_6' title="bbox 454 437 2105 520">
     <span class='ocr_line' id='line_1_6' title="bbox 454 437 2105 520; baseline -0.01 -9"><span class='ocrx_word' id='word_1_19' title='bbox 454 455 517 511; x_wconf 90' lang='lat' dir='ltr'><strong>in</strong></span> <span class='ocrx_word' id='word_1_20' title='bbox 562 466 866 508; x_wconf 82' lang='lat' dir='ltr'><strong>summam</strong></span> <span class='ocrx_word' id='word_1_21' title='bbox 898 448 973 506; x_wconf 88' lang='lat' dir='ltr'><strong>de</strong></span> <span class='ocrx_word' id='word_1_22' title='bbox 1019 447 1194 504; x_wconf 89' lang='lat' dir='ltr'><strong>nobis</strong></span> <span class='ocrx_word' id='word_1_23' title='bbox 1240 447 1386 520; x_wconf 84' lang='lat' dir='ltr'><strong>ipsis</strong></span> <span class='ocrx_word' id='word_1_24' title='bbox 1435 443 1916 517; x_wconf 78' lang='lat' dir='ltr'><strong>desperationem</strong></span> <span class='ocrx_word' id='word_1_25' title='bbox 1945 437 2105 495; x_wconf 90' lang='lat' dir='ltr'><strong>veni-</strong></span> 
     </span>
    </p>
   </div>
   <div class='ocr_carea' id='block_1_7' title="bbox 454 527 2106 611">
    <p class='ocr_par' dir='ltr' id='par_1_7' title="bbox 454 527 2106 611">
     <span class='ocr_line' id='line_1_7' title="bbox 454 527 2106 611; baseline -0.01 -12"><span class='ocrx_word' id='word_1_26' title='bbox 454 560 626 611; x_wconf 89' lang='lat' dir='ltr'><strong>mus;</strong></span> <span class='ocrx_word' id='word_1_27' title='bbox 655 540 761 597; x_wconf 88' lang='lat' dir='ltr'><strong>sed</strong></span> <span class='ocrx_word' id='word_1_28' title='bbox 791 555 929 596; x_wconf 91' lang='lat' dir='ltr'><strong>cum</strong></span> <span class='ocrx_word' id='word_1_29' title='bbox 959 553 1170 593; x_wconf 87' lang='lat' dir='ltr'><strong>rursus</strong></span> <span class='ocrx_word' id='word_1_30' title='bbox 1198 537 1258 592; x_wconf 89' lang='lat' dir='ltr'><strong>in</strong></span> <span class='ocrx_word' id='word_1_31' title='bbox 1291 541 1457 592; x_wconf 90' lang='lat' dir='ltr'><strong>tuam</strong></span> <span class='ocrx_word' id='word_1_32' title='bbox 1489 533 1842 603; x_wconf 81' lang='lat' dir='ltr'><strong>gravitatem</strong></span> <span class='ocrx_word' id='word_1_33' title='bbox 1865 527 2106 600; x_wconf 90' lang='lat' dir='ltr'><strong>conjici-</strong></span> 
     </span>
    </p>
   </div>
   <div class='ocr_carea' id='block_1_8' title="bbox 454 620 2102 700">
    <p class='ocr_par' dir='ltr' id='par_1_8' title="bbox 454 620 2102 700">
     <span class='ocr_line' id='line_1_8' title="bbox 454 620 2102 700; baseline -0.01 -11"><span class='ocrx_word' id='word_1_34' title='bbox 454 650 593 689; x_wconf 91' lang='lat' dir='ltr'><strong>mus</strong></span> <span class='ocrx_word' id='word_1_35' title='bbox 612 630 840 696; x_wconf 90' lang='lat' dir='ltr'><strong>oculos,</strong></span> <span class='ocrx_word' id='word_1_36' title='bbox 855 628 1310 700; x_wconf 88' lang='lat' dir='ltr'><strong>cogitamusque</strong></span> <span class='ocrx_word' id='word_1_37' title='bbox 1334 630 1388 682; x_wconf 91' lang='lat' dir='ltr'><strong>te</strong></span> <span class='ocrx_word' id='word_1_38' title='bbox 1404 623 1708 680; x_wconf 84' lang='lat' dir='ltr'><strong>medicum</strong></span> <span class='ocrx_word' id='word_1_39' title='bbox 1728 620 2102 684; x_wconf 84' lang='lat' dir='ltr'><strong>morborum,</strong></span> 
     </span>
    </p>
   </div>
   <div class='ocr_carea' id='block_1_9' title="bbox 452 711 2106 795">
    <p class='ocr_par' dir='ltr' id='par_1_9' title="bbox 452 711 2106 795">
     <span class='ocr_line' id='line_1_9' title="bbox 452 711 2106 795; baseline -0.01 -17"><span class='ocrx_word' id='word_1_40' title='bbox 452 721 677 795; x_wconf 87' lang='lat' dir='ltr'><strong>quibus</strong></span> <span class='ocrx_word' id='word_1_41' title='bbox 703 717 981 774; x_wconf 79' lang='lat' dir='ltr'><strong>Ecclesiae</strong></span> <span class='ocrx_word' id='word_1_42' title='bbox 1011 714 1311 780; x_wconf 82' lang='lat' dir='ltr'><strong>laborant,</strong></span> <span class='ocrx_word' id='word_1_43' title='bbox 1346 730 1381 768; x_wconf 93' lang='lat' dir='ltr'><strong>a</strong></span> <span class='ocrx_word' id='word_1_44' title='bbox 1415 711 1666 769; x_wconf 89' lang='lat' dir='ltr'><strong>Domino</strong></span> <span class='ocrx_word' id='word_1_45' title='bbox 1690 714 1892 766; x_wconf 87' lang='lat' dir='ltr'><strong>nostro</strong></span> <span class='ocrx_word' id='word_1_46' title='bbox 1921 722 2106 763; x_wconf 89' lang='lat' dir='ltr'><strong>reser-</strong></span> 
     </span>
    </p>
   </div>
   <div class='ocr_carea' id='block_1_10' title="bbox 451 795 2104 875">
    <p class='ocr_par' dir='ltr' id='par_1_10' title="bbox 451 795 2104 875">
     <span class='ocr_line' id='line_1_10' title="bbox 451 795 2104 875; baseline -0.01 -9"><span class='ocrx_word' id='word_1_47' title='bbox 451 815 692 875; x_wconf 83' lang='lat' dir='ltr'><strong>vatum;</strong></span> <span class='ocrx_word' id='word_1_48' title='bbox 717 805 951 862; x_wconf 90' lang='lat' dir='ltr'><strong>animos</strong></span> <span class='ocrx_word' id='word_1_49' title='bbox 980 802 1366 871; x_wconf 87' lang='lat' dir='ltr'><strong>resumimus,</strong></span> <span class='ocrx_word' id='word_1_50' title='bbox 1392 805 1448 857; x_wconf 92' lang='lat' dir='ltr'><strong>et</strong></span> <span class='ocrx_word' id='word_1_51' title='bbox 1478 816 1551 856; x_wconf 85' lang='lat' dir='ltr'><strong>ex</strong></span> <span class='ocrx_word' id='word_1_52' title='bbox 1577 797 2016 872; x_wconf 81' lang='lat' dir='ltr'><strong>desperatione,</strong></span> <span class='ocrx_word' id='word_1_53' title='bbox 2041 795 2104 850; x_wconf 92' lang='lat' dir='ltr'><strong>in</strong></span> 
     </span>
    </p>
   </div>
   <div class='ocr_carea' id='block_1_11' title="bbox 451 885 2103 971">
    <p class='ocr_par' dir='ltr' id='par_1_11' title="bbox 451 885 2103 971">
     <span class='ocr_line' id='line_1_11' title="bbox 451 885 2103 971; baseline -0.01 -16"><span class='ocrx_word' id='word_1_54' title='bbox 451 913 639 971; x_wconf 90' lang='lat' dir='ltr'><strong>quam</strong></span> <span class='ocrx_word' id='word_1_55' title='bbox 683 894 838 967; x_wconf 86' lang='lat' dir='ltr'><strong>lapsi</strong></span> <span class='ocrx_word' id='word_1_56' title='bbox 884 892 1212 959; x_wconf 85' lang='lat' dir='ltr'><strong>fueramus,</strong></span> <span class='ocrx_word' id='word_1_57' title='bbox 1246 891 1322 947; x_wconf 89' lang='lat' dir='ltr'><strong>ad</strong></span> <span class='ocrx_word' id='word_1_58' title='bbox 1357 906 1526 962; x_wconf 88' lang='lat' dir='ltr'><strong>spem</strong></span> <span class='ocrx_word' id='word_1_59' title='bbox 1570 888 1854 958; x_wconf 81' lang='lat' dir='ltr'><strong>erigimur</strong></span> <span class='ocrx_word' id='word_1_60' title='bbox 1890 885 2103 941; x_wconf 87' lang='lat' dir='ltr'><strong>melio-</strong></span> 
     </span>
    </p>
   </div>
   <div class='ocr_carea' id='block_1_12' title="bbox 447 976 2101 1052">
    <p class='ocr_par' dir='ltr' id='par_1_12' title="bbox 447 976 2101 1052">
     <span class='ocr_line' id='line_1_12' title="bbox 447 976 2101 1052; baseline -0.008 -8"><span class='ocrx_word' id='word_1_61' title='bbox 447 1003 608 1044; x_wconf 91' lang='lat' dir='ltr'><strong>rum.</strong></span> <span class='ocrx_word' id='word_1_62' title='bbox 632 983 929 1041; x_wconf 90' lang='lat' dir='ltr'><strong>Dissoluta</strong></span> <span class='ocrx_word' id='word_1_63' title='bbox 950 985 1039 1038; x_wconf 90' lang='lat' dir='ltr'><strong>est</strong></span> <span class='ocrx_word' id='word_1_64' title='bbox 1060 980 1319 1036; x_wconf 88' lang='lat' dir='ltr'><strong>Ecclesia</strong></span> <span class='ocrx_word' id='word_1_65' title='bbox 1341 980 1560 1046; x_wconf 90' lang='lat' dir='ltr'><strong>omnis,</strong></span> <span class='ocrx_word' id='word_1_66' title='bbox 1578 976 2101 1052; x_wconf 88' lang='lat' dir='ltr'><strong>quemadmodum</strong></span> 
     </span>
    </p>
   </div>
   <div class='ocr_carea' id='block_1_13' title="bbox 448 1068 2102 1147">
    <p class='ocr_par' dir='ltr' id='par_1_13' title="bbox 448 1068 2102 1147">
     <span class='ocr_line' id='line_1_13' title="bbox 448 1068 2102 1147; baseline -0.008 -15"><span class='ocrx_word' id='word_1_67' title='bbox 448 1089 646 1147; x_wconf 90' lang='lat' dir='ltr'><strong>neque</strong></span> <span class='ocrx_word' id='word_1_68' title='bbox 674 1070 997 1146; x_wconf 75' lang='lat' dir='ltr'><strong>prudentia</strong></span> <span class='ocrx_word' id='word_1_69' title='bbox 1022 1073 1126 1126; x_wconf 88' lang='lat' dir='ltr'><strong>tua</strong></span> <span class='ocrx_word' id='word_1_70' title='bbox 1154 1070 1410 1140; x_wconf 84' lang='lat' dir='ltr'><strong>ignorat.</strong></span> <span class='ocrx_word' id='word_1_71' title='bbox 1441 1075 1523 1125; x_wconf 75' lang='lat' dir='ltr'><strong>Ac</strong></span> <span class='ocrx_word' id='word_1_72' title='bbox 1552 1068 1721 1124; x_wconf 88' lang='lat' dir='ltr'><strong>vides</strong></span> <span class='ocrx_word' id='word_1_73' title='bbox 1753 1082 2000 1140; x_wconf 90' lang='lat' dir='ltr'><strong>prorsus</strong></span> <span class='ocrx_word' id='word_1_74' title='bbox 2029 1080 2102 1120; x_wconf 88' lang='lat' dir='ltr'><strong>ex</strong></span> 
     </span>
    </p>
   </div>
   <div class='ocr_carea' id='block_1_14' title="bbox 447 1157 2102 1232">
    <p class='ocr_par' dir='ltr' id='par_1_14' title="bbox 447 1157 2102 1232">
     <span class='ocr_line' id='line_1_14' title="bbox 447 1157 2102 1232; baseline -0.007 -12"><span class='ocrx_word' id='word_1_75' title='bbox 447 1163 666 1220; x_wconf 90' lang='lat' dir='ltr'><strong>mentis</strong></span> <span class='ocrx_word' id='word_1_76' title='bbox 696 1159 1221 1232; x_wconf 87' lang='lat' dir='ltr'><strong>contemplatione,</strong></span> <span class='ocrx_word' id='word_1_77' title='bbox 1250 1157 1408 1214; x_wconf 90' lang='lat' dir='ltr'><strong>velut</strong></span> <span class='ocrx_word' id='word_1_78' title='bbox 1429 1173 1498 1214; x_wconf 86' lang='lat' dir='ltr'><strong>ex</strong></span> <span class='ocrx_word' id='word_1_79' title='bbox 1522 1157 1640 1213; x_wconf 89' lang='lat' dir='ltr'><strong>alta</strong></span> <span class='ocrx_word' id='word_1_80' title='bbox 1667 1157 1936 1230; x_wconf 86' lang='lat' dir='ltr'><strong>quadam</strong></span> <span class='ocrx_word' id='word_1_81' title='bbox 1970 1170 2102 1226; x_wconf 92' lang='lat' dir='ltr'><strong>spe-</strong></span> 
     </span>
    </p>
   </div>
   <div class='ocr_carea' id='block_1_15' title="bbox 448 1243 2103 1324">
    <p class='ocr_par' dir='ltr' id='par_1_15' title="bbox 448 1243 2103 1324">
     <span class='ocr_line' id='line_1_15' title="bbox 448 1243 2103 1324; baseline -0.006 -15"><span class='ocrx_word' id='word_1_82' title='bbox 448 1253 603 1324; x_wconf 89' lang='lat' dir='ltr'><strong>cula,</strong></span> <span class='ocrx_word' id='word_1_83' title='bbox 632 1267 768 1324; x_wconf 71' lang='lat' dir='ltr'><strong>quae</strong></span> <span class='ocrx_word' id='word_1_84' title='bbox 790 1250 1015 1322; x_wconf 90' lang='lat' dir='ltr'><strong>ubique</strong></span> <span class='ocrx_word' id='word_1_85' title='bbox 1042 1251 1360 1318; x_wconf 83' lang='lat' dir='ltr'><strong>gerantur:</strong></span> <span class='ocrx_word' id='word_1_86' title='bbox 1393 1246 1703 1320; x_wconf 91' lang='lat' dir='ltr'><strong>quomodo</strong></span> <span class='ocrx_word' id='word_1_87' title='bbox 1731 1245 1894 1301; x_wconf 87' lang='lat' dir='ltr'><strong>velut</strong></span> <span class='ocrx_word' id='word_1_88' title='bbox 1917 1243 1976 1300; x_wconf 90' lang='lat' dir='ltr'><strong>in</strong></span> <span class='ocrx_word' id='word_1_89' title='bbox 2003 1259 2103 1316; x_wconf 88' lang='lat' dir='ltr'><strong>pe-</strong></span> 
     </span>
    </p>
   </div>
   <div class='ocr_carea' id='block_1_16' title="bbox 445 1333 2103 1414">
    <p class='ocr_par' dir='ltr' id='par_1_16' title="bbox 445 1333 2103 1414">
     <span class='ocr_line' id='line_1_16' title="bbox 445 1333 2103 1414; baseline -0.005 -14"><span class='ocrx_word' id='word_1_90' title='bbox 445 1343 604 1414; x_wconf 87' lang='lat' dir='ltr'><strong>lago,</strong></span> <span class='ocrx_word' id='word_1_91' title='bbox 638 1339 842 1397; x_wconf 90' lang='lat' dir='ltr'><strong>multis</strong></span> <span class='ocrx_word' id='word_1_92' title='bbox 887 1337 1067 1394; x_wconf 89' lang='lat' dir='ltr'><strong>simul</strong></span> <span class='ocrx_word' id='word_1_93' title='bbox 1097 1337 1548 1407; x_wconf 85' lang='lat' dir='ltr'><strong>navigantibus,</strong></span> <span class='ocrx_word' id='word_1_94' title='bbox 1577 1336 1791 1392; x_wconf 88' lang='lat' dir='ltr'><strong>ﬂuctus</strong></span> <span class='ocrx_word' id='word_1_95' title='bbox 1821 1333 2103 1391; x_wconf 86' lang='lat' dir='ltr'><strong>violentia</strong></span> 
     </span>
    </p>
   </div>
   <div class='ocr_carea' id='block_1_17' title="bbox 447 1423 2102 1497">
    <p class='ocr_par' dir='ltr' id='par_1_17' title="bbox 447 1423 2102 1497">
     <span class='ocr_line' id='line_1_17' title="bbox 447 1423 2102 1497; baseline -0.007 -7"><span class='ocrx_word' id='word_1_96' title='bbox 447 1448 660 1490; x_wconf 92' lang='lat' dir='ltr'><strong>omnes</strong></span> <span class='ocrx_word' id='word_1_97' title='bbox 690 1428 867 1485; x_wconf 89' lang='lat' dir='ltr'><strong>simul</strong></span> <span class='ocrx_word' id='word_1_98' title='bbox 898 1428 1047 1484; x_wconf 89' lang='lat' dir='ltr'><strong>inter</strong></span> <span class='ocrx_word' id='word_1_99' title='bbox 1076 1442 1140 1482; x_wconf 91' lang='lat' dir='ltr'><strong>se</strong></span> <span class='ocrx_word' id='word_1_100' title='bbox 1170 1426 1533 1482; x_wconf 88' lang='lat' dir='ltr'><strong>collidantur</strong></span> <span class='ocrx_word' id='word_1_101' title='bbox 1559 1444 1572 1494; x_wconf 91' lang='lat'><strong>;</strong></span> <span class='ocrx_word' id='word_1_102' title='bbox 1601 1425 1828 1497; x_wconf 88' lang='lat' dir='ltr'><strong>fiatque</strong></span> <span class='ocrx_word' id='word_1_103' title='bbox 1858 1423 2102 1480; x_wconf 82' lang='lat' dir='ltr'><strong>naufra-</strong></span> 
     </span>
    </p>
   </div>
   <div class='ocr_carea' id='block_1_18' title="bbox 448 1513 2103 1594">
    <p class='ocr_par' dir='ltr' id='par_1_18' title="bbox 448 1513 2103 1594">
     <span class='ocr_line' id='line_1_18' title="bbox 448 1513 2103 1594; baseline -0.005 -16"><span class='ocrx_word' id='word_1_104' title='bbox 448 1523 636 1593; x_wconf 91' lang='lat' dir='ltr'><strong>gium,</strong></span> <span class='ocrx_word' id='word_1_105' title='bbox 659 1519 880 1594; x_wconf 84' lang='lat' dir='ltr'><strong>partim</strong></span> <span class='ocrx_word' id='word_1_106' title='bbox 902 1517 980 1574; x_wconf 90' lang='lat' dir='ltr'><strong>ob</strong></span> <span class='ocrx_word' id='word_1_107' title='bbox 1002 1521 1313 1573; x_wconf 81' lang='lat' dir='ltr'><strong>externam</strong></span> <span class='ocrx_word' id='word_1_108' title='bbox 1339 1532 1590 1572; x_wconf 89' lang='lat' dir='ltr'><strong>causam</strong></span> <span class='ocrx_word' id='word_1_109' title='bbox 1621 1530 1787 1572; x_wconf 89' lang='lat' dir='ltr'><strong>mare</strong></span> <span class='ocrx_word' id='word_1_110' title='bbox 1816 1513 2103 1570; x_wconf 84' lang='lat' dir='ltr'><strong>violenter</strong></span> 
     </span>
    </p>
   </div>
   <div class='ocr_carea' id='block_1_19' title="bbox 447 1603 2100 1681">
    <p class='ocr_par' dir='ltr' id='par_1_19' title="bbox 447 1603 2100 1681">
     <span class='ocr_line' id='line_1_19' title="bbox 447 1603 2100 1681; baseline -0.005 -12"><span class='ocrx_word' id='word_1_111' title='bbox 447 1610 873 1681; x_wconf 85' lang='lat' dir='ltr'><strong>exagitantcm,</strong></span> <span class='ocrx_word' id='word_1_112' title='bbox 905 1607 1124 1680; x_wconf 83' lang='lat' dir='ltr'><strong>partim</strong></span> <span class='ocrx_word' id='word_1_113' title='bbox 1155 1606 1234 1662; x_wconf 92' lang='lat' dir='ltr'><strong>ob</strong></span> <span class='ocrx_word' id='word_1_114' title='bbox 1265 1605 1680 1675; x_wconf 84' lang='lat' dir='ltr'><strong>navigantium</strong></span> <span class='ocrx_word' id='word_1_115' title='bbox 1730 1603 1842 1659; x_wconf 91' lang='lat' dir='ltr'><strong>sibi</strong></span> <span class='ocrx_word' id='word_1_116' title='bbox 1891 1606 2100 1660; x_wconf 91' lang='lat' dir='ltr'><strong>mutuo</strong></span> 
     </span>
    </p>
   </div>
   <div class='ocr_carea' id='block_1_20' title="bbox 2215 440 3824 516">
    <p class='ocr_par' dir='ltr' id='par_1_20' title="bbox 2215 440 3824 516">
     <span class='ocr_line' id='line_1_20' title="bbox 2215 440 3824 516; baseline 0.001 -23"><span class='ocrx_word' id='word_1_117' title='bbox 2215 445 2416 512; x_wconf 81' lang='grc' dir='ltr'><strong>ἐχεται,</strong></span> <span class='ocrx_word' id='word_1_118' title='bbox 2475 442 2540 504; x_wconf 80' lang='grc' dir='ltr'><strong>εἰς</strong></span> <span class='ocrx_word' id='word_1_119' title='bbox 2603 442 2898 514; x_wconf 74' lang='grc' dir='ltr'><strong>ἀπόγνωσιν</strong></span> <span class='ocrx_word' id='word_1_120' title='bbox 2965 440 3154 494; x_wconf 78' lang='grc' dir='ltr'><strong>ἑαυτῶν</strong></span> <span class='ocrx_word' id='word_1_121' title='bbox 3208 441 3472 516; x_wconf 75' lang='grc' dir='ltr'><strong>ἐρχόμεθα</strong></span> <span class='ocrx_word' id='word_1_122' title='bbox 3537 442 3762 502; x_wconf 80' lang='grc' dir='ltr'><strong>παντελῆ</strong></span> <span class='ocrx_word' id='word_1_123' title='bbox 3809 464 3824 476; x_wconf 77' lang='grc' dir='ltr'><strong>ο</strong></span> 
     </span>
    </p>
   </div>
   <div class='ocr_carea' id='block_1_21' title="bbox 2215 529 3824 609">
    <p class='ocr_par' dir='ltr' id='par_1_21' title="bbox 2215 529 3824 609">
     <span class='ocr_line' id='line_1_21' title="bbox 2215 529 3824 609; baseline 0.001 -24"><span class='ocrx_word' id='word_1_124' title='bbox 2215 534 2334 585; x_wconf 87' lang='grc' dir='ltr'><strong>ὅταν</strong></span> <span class='ocrx_word' id='word_1_125' title='bbox 2394 530 2453 585; x_wconf 68' lang='grc' dir='ltr'><strong>δε</strong></span> <span class='ocrx_word' id='word_1_126' title='bbox 2506 533 2659 586; x_wconf 81' lang='grc' dir='ltr'><strong>πάλιν</strong></span> <span class='ocrx_word' id='word_1_127' title='bbox 2711 537 2842 607; x_wconf 87' lang='grc' dir='ltr'><strong>πρός</strong></span> <span class='ocrx_word' id='word_1_128' title='bbox 2893 538 2985 594; x_wconf 82' lang='grc' dir='ltr'><strong>την</strong></span> <span class='ocrx_word' id='word_1_129' title='bbox 3047 537 3144 591; x_wconf 83' lang='grc' dir='ltr'><strong>σὴν</strong></span> <span class='ocrx_word' id='word_1_130' title='bbox 3201 529 3469 605; x_wconf 74' lang='grc' dir='ltr'><strong>ἀπίδωμεν</strong></span> <span class='ocrx_word' id='word_1_131' title='bbox 3528 538 3824 609; x_wconf 83' lang='grc' dir='ltr'><strong>σεμνοπρέ-</strong></span> 
     </span>
    </p>
   </div>
   <div class='ocr_carea' id='block_1_22' title="bbox 2212 622 3814 696">
    <p class='ocr_par' dir='ltr' id='par_1_22' title="bbox 2212 622 3814 696">
     <span class='ocr_line' id='line_1_22' title="bbox 2212 622 3814 696; baseline 0.001 -22"><span class='ocrx_word' id='word_1_132' title='bbox 2212 641 2379 690; x_wconf 84' lang='grc' dir='ltr'><strong>πειαν,</strong></span> <span class='ocrx_word' id='word_1_133' title='bbox 2431 627 2520 675; x_wconf 85' lang='grc' dir='ltr'><strong>καὶ</strong></span> <span class='ocrx_word' id='word_1_134' title='bbox 2571 623 2924 694; x_wconf 76' lang='grc' dir='ltr'><strong>λογισώμεθα,</strong></span> <span class='ocrx_word' id='word_1_135' title='bbox 2977 626 3057 677; x_wconf 87' lang='grc' dir='ltr'><strong>ὅτι</strong></span> <span class='ocrx_word' id='word_1_136' title='bbox 3111 627 3168 676; x_wconf 72' lang='grc' dir='ltr'><strong>σε</strong></span> <span class='ocrx_word' id='word_1_137' title='bbox 3215 623 3387 696; x_wconf 84' lang='grc' dir='ltr'><strong>ἰατρὸν</strong></span> <span class='ocrx_word' id='word_1_138' title='bbox 3438 631 3535 674; x_wconf 84' lang='grc' dir='ltr'><strong>τῶν</strong></span> <span class='ocrx_word' id='word_1_139' title='bbox 3590 622 3641 674; x_wconf 87' lang='grc' dir='ltr'><strong>ἐν</strong></span> <span class='ocrx_word' id='word_1_140' title='bbox 3698 632 3814 685; x_wconf 83' lang='grc' dir='ltr'><strong>ταῖς</strong></span> 
     </span>
    </p>
   </div>
   <div class='ocr_carea' id='block_1_23' title="bbox 2211 711 3815 787">
    <p class='ocr_par' dir='ltr' id='par_1_23' title="bbox 2211 711 3815 787">
     <span class='ocr_line' id='line_1_23' title="bbox 2211 711 3815 787; baseline -0.001 -22"><span class='ocrx_word' id='word_1_141' title='bbox 2211 711 2540 774; x_wconf 80' lang='grc' dir='ltr'><strong>Ἐκκλησίαις</strong></span> <span class='ocrx_word' id='word_1_142' title='bbox 2581 711 3001 787; x_wconf 70' lang='grc' dir='ltr'><strong>ἀρρωστημάτων</strong></span> <span class='ocrx_word' id='word_1_143' title='bbox 3047 716 3072 766; x_wconf 89' lang='grc' dir='ltr'><strong><em>ὁ</em></strong></span> <span class='ocrx_word' id='word_1_144' title='bbox 3133 715 3321 787; x_wconf 80' lang='grc' dir='ltr'><strong>Κύριος</strong></span> <span class='ocrx_word' id='word_1_145' title='bbox 3368 714 3513 784; x_wconf 79' lang='grc' dir='ltr'><strong>ἡμῶν</strong></span> <span class='ocrx_word' id='word_1_146' title='bbox 3570 711 3815 785; x_wconf 80' lang='grc' dir='ltr'><strong>ἐταμιεύ-</strong></span> 
     </span>
    </p>
   </div>
   <div class='ocr_carea' id='block_1_24' title="bbox 2215 800 3816 874">
    <p class='ocr_par' dir='ltr' id='par_1_24' title="bbox 2215 800 3816 874">
     <span class='ocr_line' id='line_1_24' title="bbox 2215 800 3816 874; baseline 0.001 -20"><span class='ocrx_word' id='word_1_147' title='bbox 2215 818 2381 854; x_wconf 84' lang='grc' dir='ltr'><strong>σατο’</strong></span> <span class='ocrx_word' id='word_1_148' title='bbox 2447 801 2866 874; x_wconf 67' lang='grc' dir='ltr'><strong>ἀναλαμϐάνομεν</strong></span> <span class='ocrx_word' id='word_1_149' title='bbox 2919 803 3111 855; x_wconf 80' lang='grc' dir='ltr'><strong>ἑαυτῶν</strong></span> <span class='ocrx_word' id='word_1_150' title='bbox 3173 806 3290 862; x_wconf 79' lang='grc' dir='ltr'><strong>τοὺς</strong></span> <span class='ocrx_word' id='word_1_151' title='bbox 3339 800 3624 873; x_wconf 74' lang='grc' dir='ltr'><strong>λογισμούς</strong></span> <span class='ocrx_word' id='word_1_152' title='bbox 3654 847 3668 870; x_wconf 95' lang='grc'><strong>,</strong></span> <span class='ocrx_word' id='word_1_153' title='bbox 3721 809 3816 856; x_wconf 85' lang='grc' dir='ltr'><strong>καὶ</strong></span> 
     </span>
    </p>
   </div>
   <div class='ocr_carea' id='block_1_25' title="bbox 2212 890 3814 964">
    <p class='ocr_par' dir='ltr' id='par_1_25' title="bbox 2212 890 3814 964">
     <span class='ocr_line' id='line_1_25' title="bbox 2212 890 3814 964; baseline 0.001 -22"><span class='ocrx_word' id='word_1_154' title='bbox 2212 890 2268 942; x_wconf 74' lang='grc' dir='ltr'><strong>ἐκ</strong></span> <span class='ocrx_word' id='word_1_155' title='bbox 2304 899 2396 944; x_wconf 75' lang='grc' dir='ltr'><strong>τοῦ</strong></span> <span class='ocrx_word' id='word_1_156' title='bbox 2444 893 2580 944; x_wconf 87' lang='grc' dir='ltr'><strong>κατά</strong></span> <span class='ocrx_word' id='word_1_157' title='bbox 2622 896 2714 950; x_wconf 75' lang='grc' dir='ltr'><strong>τὴν</strong></span> <span class='ocrx_word' id='word_1_158' title='bbox 2763 890 3058 963; x_wconf 78' lang='grc' dir='ltr'><strong>ἀπόγνωσιν</strong></span> <span class='ocrx_word' id='word_1_159' title='bbox 3101 897 3375 963; x_wconf 77' lang='grc' dir='ltr'><strong>πτώματος</strong></span> <span class='ocrx_word' id='word_1_160' title='bbox 3413 893 3543 964; x_wconf 86' lang='grc' dir='ltr'><strong>πρὸς</strong></span> <span class='ocrx_word' id='word_1_161' title='bbox 3591 896 3686 949; x_wconf 75' lang='grc' dir='ltr'><strong>τὴν</strong></span> <span class='ocrx_word' id='word_1_162' title='bbox 3728 891 3814 944; x_wconf 76' lang='grc' dir='ltr'><strong>ἕλ-</strong></span> 
     </span>
    </p>
   </div>
   <div class='ocr_carea' id='block_1_26' title="bbox 2210 977 3818 1054">
    <p class='ocr_par' dir='ltr' id='par_1_26' title="bbox 2210 977 3818 1054">
     <span class='ocr_line' id='line_1_26' title="bbox 2210 977 3818 1054; baseline 0.001 -22"><span class='ocrx_word' id='word_1_163' title='bbox 2210 977 2348 1033; x_wconf 78' lang='grc' dir='ltr'><strong>πίδα</strong></span> <span class='ocrx_word' id='word_1_164' title='bbox 2385 984 2497 1048; x_wconf 63' lang='grc' dir='ltr'>(64η)</span> <span class='ocrx_word' id='word_1_165' title='bbox 2545 988 2644 1032; x_wconf 82' lang='grc' dir='ltr'><strong>τῶν</strong></span> <span class='ocrx_word' id='word_1_166' title='bbox 2692 985 3062 1054; x_wconf 83' lang='grc' dir='ltr'><strong>χρηστοτέρων</strong></span> <span class='ocrx_word' id='word_1_167' title='bbox 3121 978 3525 1052; x_wconf 78' lang='grc' dir='ltr'><strong>διανιστάμεοα.</strong></span> <span class='ocrx_word' id='word_1_168' title='bbox 3585 981 3818 1034; x_wconf 81' lang='grc' dir='ltr'><strong>Λέλυται</strong></span> 
     </span>
    </p>
   </div>
   <div class='ocr_carea' id='block_1_27' title="bbox 2210 1068 3816 1144">
    <p class='ocr_par' dir='ltr' id='par_1_27' title="bbox 2210 1068 3816 1144">
     <span class='ocr_line' id='line_1_27' title="bbox 2210 1068 3816 1144; baseline 0.002 -22"><span class='ocrx_word' id='word_1_169' title='bbox 2210 1077 2358 1123; x_wconf 85' lang='grc' dir='ltr'><strong>πᾶσα</strong></span> <span class='ocrx_word' id='word_1_170' title='bbox 2416 1070 2713 1138; x_wconf 79' lang='grc' dir='ltr'><strong>Ἐκκλησία,</strong></span> <span class='ocrx_word' id='word_1_171' title='bbox 2747 1074 2810 1130; x_wconf 85' lang='grc' dir='ltr'><strong>ὡς</strong></span> <span class='ocrx_word' id='word_1_172' title='bbox 2857 1068 2980 1124; x_wconf 68' lang='grc' dir='ltr'><strong>οὐδὲ</strong></span> <span class='ocrx_word' id='word_1_173' title='bbox 3010 1073 3040 1130; x_wconf 80' lang='grc' dir='ltr'><strong>η</strong></span> <span class='ocrx_word' id='word_1_174' title='bbox 3076 1075 3140 1128; x_wconf 77' lang='grc' dir='ltr'><strong>σὴ</strong></span> <span class='ocrx_word' id='word_1_175' title='bbox 3176 1075 3426 1144; x_wconf 83' lang='grc' dir='ltr'><strong>φρόνησις</strong></span> <span class='ocrx_word' id='word_1_176' title='bbox 3480 1069 3674 1141; x_wconf 73' lang='grc' dir='ltr'><strong>ἀγνοεῖ.</strong></span> <span class='ocrx_word' id='word_1_177' title='bbox 3709 1076 3816 1125; x_wconf 77' lang='grc' dir='ltr'><strong>Καὶ</strong></span> 
     </span>
    </p>
   </div>
   <div class='ocr_carea' id='block_1_28' title="bbox 2211 1158 3817 1234">
    <p class='ocr_par' dir='ltr' id='par_1_28' title="bbox 2211 1158 3817 1234">
     <span class='ocr_line' id='line_1_28' title="bbox 2211 1158 3817 1234; baseline 0.001 -23"><span class='ocrx_word' id='word_1_178' title='bbox 2211 1161 2330 1234; x_wconf 78' lang='grc' dir='ltr'><strong>όρᾲς</strong></span> <span class='ocrx_word' id='word_1_179' title='bbox 2377 1163 2577 1220; x_wconf 68' lang='grc' dir='ltr'><strong>πάντως</strong></span> <span class='ocrx_word' id='word_1_180' title='bbox 2623 1163 2690 1212; x_wconf 84' lang='grc' dir='ltr'><strong>τά</strong></span> <span class='ocrx_word' id='word_1_181' title='bbox 2735 1160 3060 1232; x_wconf 79' lang='grc' dir='ltr'><strong>ἑκασταχοῦ,</strong></span> <span class='ocrx_word' id='word_1_182' title='bbox 3113 1161 3218 1212; x_wconf 86' lang='grc' dir='ltr'><strong>οἷον</strong></span> <span class='ocrx_word' id='word_1_183' title='bbox 3269 1158 3354 1231; x_wconf 70' lang='grc' dir='ltr'><strong>ἀφ’</strong></span> <span class='ocrx_word' id='word_1_184' title='bbox 3413 1159 3616 1230; x_wconf 62' lang='grc' dir='ltr'><strong>ὑψηλῆς</strong></span> <span class='ocrx_word' id='word_1_185' title='bbox 3672 1180 3817 1223; x_wconf 83' lang='grc' dir='ltr'><strong>τινος</strong></span> 
     </span>
    </p>
   </div>
   <div class='ocr_carea' id='block_1_29' title="bbox 2213 1249 3815 1324">
    <p class='ocr_par' dir='ltr' id='par_1_29' title="bbox 2213 1249 3815 1324">
     <span class='ocr_line' id='line_1_29' title="bbox 2213 1249 3815 1324; baseline 0 -22"><span class='ocrx_word' id='word_1_186' title='bbox 2213 1255 2435 1312; x_wconf 81' lang='grc' dir='ltr'><strong>σκοπιᾶς</strong></span> <span class='ocrx_word' id='word_1_187' title='bbox 2490 1259 2579 1310; x_wconf 86' lang='grc' dir='ltr'><strong>τῆς</strong></span> <span class='ocrx_word' id='word_1_188' title='bbox 2635 1257 2725 1302; x_wconf 80' lang='grc' dir='ltr'><strong>τοῦ</strong></span> <span class='ocrx_word' id='word_1_189' title='bbox 2801 1257 2890 1302; x_wconf 75' lang='grc' dir='ltr'><strong>νοῦ</strong></span> <span class='ocrx_word' id='word_1_190' title='bbox 2951 1252 3210 1322; x_wconf 75' lang='grc' dir='ltr'><strong>Θεωρίαςο</strong></span> <span class='ocrx_word' id='word_1_191' title='bbox 3267 1251 3424 1314; x_wconf 83' lang='grc' dir='ltr'><strong>ὅπως,</strong></span> <span class='ocrx_word' id='word_1_192' title='bbox 3475 1251 3705 1324; x_wconf 72' lang='grc' dir='ltr'><strong>καθάπερ</strong></span> <span class='ocrx_word' id='word_1_193' title='bbox 3765 1249 3815 1302; x_wconf 86' lang='grc' dir='ltr'><strong>ἐν</strong></span> 
     </span>
    </p>
   </div>
   <div class='ocr_carea' id='block_1_30' title="bbox 2209 1338 3817 1412">
    <p class='ocr_par' dir='ltr' id='par_1_30' title="bbox 2209 1338 3817 1412">
     <span class='ocr_line' id='line_1_30' title="bbox 2209 1338 3817 1412; baseline 0 -20"><span class='ocrx_word' id='word_1_194' title='bbox 2209 1338 2440 1411; x_wconf 76' lang='grc' dir='ltr'><strong>πελάγει,</strong></span> <span class='ocrx_word' id='word_1_195' title='bbox 2500 1338 2695 1391; x_wconf 78' lang='grc' dir='ltr'><strong>πολλῶν</strong></span> <span class='ocrx_word' id='word_1_196' title='bbox 2754 1341 2882 1409; x_wconf 82' lang='grc' dir='ltr'><strong>ὁμοῦ</strong></span> <span class='ocrx_word' id='word_1_197' title='bbox 2935 1339 3320 1412; x_wconf 77' lang='grc' dir='ltr'><strong>συμπλεόντων,</strong></span> <span class='ocrx_word' id='word_1_198' title='bbox 3379 1341 3478 1392; x_wconf 81' lang='grc' dir='ltr'><strong>ὑπὸ</strong></span> <span class='ocrx_word' id='word_1_199' title='bbox 3535 1359 3630 1400; x_wconf 84' lang='grc' dir='ltr'><strong>της</strong></span> <span class='ocrx_word' id='word_1_200' title='bbox 3684 1338 3817 1412; x_wconf 79' lang='grc' dir='ltr'><strong>βίας</strong></span> 
     </span>
    </p>
   </div>
   <div class='ocr_carea' id='block_1_31' title="bbox 2208 1425 3813 1504">
    <p class='ocr_par' dir='ltr' id='par_1_31' title="bbox 2208 1425 3813 1504">
     <span class='ocr_line' id='line_1_31' title="bbox 2208 1425 3813 1504; baseline 0.001 -23"><span class='ocrx_word' id='word_1_201' title='bbox 2208 1436 2298 1481; x_wconf 80' lang='grc' dir='ltr'><strong>τοῦ</strong></span> <span class='ocrx_word' id='word_1_202' title='bbox 2355 1425 2619 1492; x_wconf 78' lang='grc' dir='ltr'><strong>κλύδωνος</strong></span> <span class='ocrx_word' id='word_1_203' title='bbox 2676 1432 2859 1492; x_wconf 72' lang='grc' dir='ltr'><strong>πάντες</strong></span> <span class='ocrx_word' id='word_1_204' title='bbox 2914 1431 3044 1502; x_wconf 81' lang='grc' dir='ltr'><strong>ὁμοῦ</strong></span> <span class='ocrx_word' id='word_1_205' title='bbox 3095 1431 3204 1500; x_wconf 81' lang='grc'>(65)</span> <span class='ocrx_word' id='word_1_206' title='bbox 3267 1427 3501 1490; x_wconf 82' lang='grc' dir='ltr'><strong>ἀλλήλοις</strong></span> <span class='ocrx_word' id='word_1_207' title='bbox 3565 1436 3813 1504; x_wconf 76' lang='grc' dir='ltr'><strong>προσρή-</strong></span> 
     </span>
    </p>
   </div>
   <div class='ocr_carea' id='block_1_32' title="bbox 2209 1517 3816 1590">
    <p class='ocr_par' dir='ltr' id='par_1_32' title="bbox 2209 1517 3816 1590">
     <span class='ocr_line' id='line_1_32' title="bbox 2209 1517 3816 1590; baseline 0 -20"><span class='ocrx_word' id='word_1_208' title='bbox 2209 1538 2420 1590; x_wconf 75' lang='grc' dir='ltr'><strong>γνυνται</strong></span> <span class='ocrx_word' id='word_1_209' title='bbox 2444 1539 2456 1551; x_wconf 76' lang='grc' dir='ltr'><strong>ο</strong></span> <span class='ocrx_word' id='word_1_210' title='bbox 2489 1523 2577 1571; x_wconf 84' lang='grc' dir='ltr'><strong>καὶ</strong></span> <span class='ocrx_word' id='word_1_211' title='bbox 2615 1523 2814 1590; x_wconf 74' lang='grc' dir='ltr'><strong>γίνεται</strong></span> <span class='ocrx_word' id='word_1_212' title='bbox 2856 1521 2914 1572; x_wconf 87' lang='grc' dir='ltr'><strong>τὸ</strong></span> <span class='ocrx_word' id='word_1_213' title='bbox 2945 1522 3213 1590; x_wconf 70' lang='grc' dir='ltr'><strong>ναυάγιον,</strong></span> <span class='ocrx_word' id='word_1_214' title='bbox 3246 1527 3315 1576; x_wconf 79' lang='grc' dir='ltr'><strong>πῆ</strong></span> <span class='ocrx_word' id='word_1_215' title='bbox 3350 1521 3440 1590; x_wconf 67' lang='grc' dir='ltr'><strong>μὲν</strong></span> <span class='ocrx_word' id='word_1_216' title='bbox 3479 1517 3534 1570; x_wconf 73' lang='grc' dir='ltr'><strong>ἐκ</strong></span> <span class='ocrx_word' id='word_1_217' title='bbox 3564 1527 3661 1580; x_wconf 76' lang='grc' dir='ltr'><strong>τῆς</strong></span> <span class='ocrx_word' id='word_1_218' title='bbox 3690 1520 3816 1581; x_wconf 80' lang='grc' dir='ltr'><strong>ἔξω·</strong></span> 
     </span>
    </p>
   </div>
   <div class='ocr_carea' id='block_1_33' title="bbox 2212 1604 3813 1680">
    <p class='ocr_par' dir='ltr' id='par_1_33' title="bbox 2212 1604 3813 1680">
     <span class='ocr_line' id='line_1_33' title="bbox 2212 1604 3813 1680; baseline -0.002 -18"><span class='ocrx_word' id='word_1_219' title='bbox 2212 1610 2292 1662; x_wconf 86' lang='grc' dir='ltr'><strong>οεν</strong></span> <span class='ocrx_word' id='word_1_220' title='bbox 2342 1608 2510 1670; x_wconf 82' lang='grc' dir='ltr'><strong>αἰτίας</strong></span> <span class='ocrx_word' id='word_1_221' title='bbox 2559 1607 2748 1680; x_wconf 84' lang='grc' dir='ltr'><strong>βιαίως</strong></span> <span class='ocrx_word' id='word_1_222' title='bbox 2793 1611 3042 1671; x_wconf 77' lang='grc' dir='ltr'><strong>κινούσης</strong></span> <span class='ocrx_word' id='word_1_223' title='bbox 3092 1612 3185 1666; x_wconf 72' lang='grc' dir='ltr'><strong>τὴν</strong></span> <span class='ocrx_word' id='word_1_224' title='bbox 3228 1607 3502 1675; x_wconf 78' lang='grc' dir='ltr'><strong>θάλατταν,</strong></span> <span class='ocrx_word' id='word_1_225' title='bbox 3534 1615 3604 1666; x_wconf 77' lang='grc' dir='ltr'><strong>πῆ</strong></span> <span class='ocrx_word' id='word_1_226' title='bbox 3654 1604 3712 1660; x_wconf 70' lang='grc' dir='ltr'><strong>δὲ</strong></span> <span class='ocrx_word' id='word_1_227' title='bbox 3755 1606 3813 1659; x_wconf 81' lang='grc' dir='ltr'><strong>ἐκ</strong></span> 
     </span>
    </p>
   </div>
   <div class='ocr_carea' id='block_1_34' title="bbox 447 1693 2105 1772">
    <p class='ocr_par' dir='ltr' id='par_1_34' title="bbox 447 1693 2098 1768">
     <span class='ocr_line' id='line_1_34' title="bbox 447 1693 2098 1768; baseline -0.006 -9"><span class='ocrx_word' id='word_1_228' title='bbox 447 1700 817 1759; x_wconf 90' lang='lat' dir='ltr'><strong>obstantium</strong></span> <span class='ocrx_word' id='word_1_229' title='bbox 863 1713 934 1754; x_wconf 88' lang='lat' dir='ltr'><strong>ac</strong></span> <span class='ocrx_word' id='word_1_230' title='bbox 983 1713 1048 1753; x_wconf 91' lang='lat' dir='ltr'><strong>se</strong></span> <span class='ocrx_word' id='word_1_231' title='bbox 1096 1695 1532 1768; x_wconf 90' lang='lat' dir='ltr'><strong>impellentium</strong></span> <span class='ocrx_word' id='word_1_232' title='bbox 1564 1693 2098 1767; x_wconf 84' lang='lat' dir='ltr'><strong>perturbationem.</strong></span> 
     </span>
    </p>
   </div>
   <div class='ocr_carea' id='block_1_35' title="bbox 2220 1693 3811 1772">
    <p class='ocr_par' dir='ltr' id='par_1_35' title="bbox 2220 1695 3811 1772">
     <span class='ocr_line' id='line_1_35' title="bbox 2220 1695 3811 1772; baseline -0.001 -22"><span class='ocrx_word' id='word_1_233' title='bbox 2220 1707 2305 1760; x_wconf 74' lang='grc' dir='ltr'><strong>τῆς</strong></span> <span class='ocrx_word' id='word_1_234' title='bbox 2369 1705 2468 1750; x_wconf 83' lang='grc' dir='ltr'><strong>τῶν</strong></span> <span class='ocrx_word' id='word_1_235' title='bbox 2553 1697 2867 1770; x_wconf 77' lang='grc' dir='ltr'><strong>ἐμπλεόντων</strong></span> <span class='ocrx_word' id='word_1_236' title='bbox 2931 1698 3042 1767; x_wconf 89' lang='lat'><strong>(66)</strong></span> <span class='ocrx_word' id='word_1_237' title='bbox 3105 1705 3348 1772; x_wconf 81' lang='grc' dir='ltr'><strong>ταραχῆς</strong></span> <span class='ocrx_word' id='word_1_238' title='bbox 3413 1695 3811 1750; x_wconf 75' lang='grc' dir='ltr'><strong>ἀντιϐαινόντων</strong></span> 
     </span>
    </p>
   </div>
   <div class='ocr_carea' id='block_1_36' title="bbox 449 1783 2104 1849">
    <p class='ocr_par' dir='ltr' id='par_1_36' title="bbox 449 1783 2104 1849">
     <span class='ocr_line' id='line_1_36' title="bbox 449 1783 2104 1849; baseline -0.006 -1"><span class='ocrx_word' id='word_1_239' title='bbox 449 1791 604 1849; x_wconf 89' lang='lat' dir='ltr'><strong>Satis</strong></span> <span class='ocrx_word' id='word_1_240' title='bbox 635 1793 724 1845; x_wconf 89' lang='lat' dir='ltr'><strong>est</strong></span> <span class='ocrx_word' id='word_1_241' title='bbox 768 1788 830 1843; x_wconf 91' lang='lat' dir='ltr'><strong>in</strong></span> <span class='ocrx_word' id='word_1_242' title='bbox 877 1787 992 1842; x_wconf 88' lang='lat' dir='ltr'><strong>hac</strong></span> <span class='ocrx_word' id='word_1_243' title='bbox 1041 1785 1429 1841; x_wconf 87' lang='lat' dir='ltr'><strong>similitudine</strong></span> <span class='ocrx_word' id='word_1_244' title='bbox 1476 1799 1819 1840; x_wconf 87' lang='lat' dir='ltr'><strong>sermonem</strong></span> <span class='ocrx_word' id='word_1_245' title='bbox 1864 1783 2104 1839; x_wconf 90' lang='lat' dir='ltr'><strong>conclu-</strong></span> 
     </span>
    </p>
   </div>
   <div class='ocr_carea' id='block_1_37' title="bbox 446 1873 2102 1948">
    <p class='ocr_par' dir='ltr' id='par_1_37' title="bbox 446 1873 2102 1948">
     <span class='ocr_line' id='line_1_37' title="bbox 446 1873 2102 1948; baseline -0.006 -11"><span class='ocrx_word' id='word_1_246' title='bbox 446 1881 608 1944; x_wconf 89' lang='lat' dir='ltr'><strong>dere,</strong></span> <span class='ocrx_word' id='word_1_247' title='bbox 640 1894 780 1934; x_wconf 89' lang='lat' dir='ltr'><strong>cum</strong></span> <span class='ocrx_word' id='word_1_248' title='bbox 814 1892 925 1932; x_wconf 90' lang='lat' dir='ltr'><strong>nec</strong></span> <span class='ocrx_word' id='word_1_249' title='bbox 977 1875 1274 1948; x_wconf 88' lang='lat' dir='ltr'><strong>sapientia</strong></span> <span class='ocrx_word' id='word_1_250' title='bbox 1321 1879 1423 1931; x_wconf 91' lang='lat' dir='ltr'><strong>tua</strong></span> <span class='ocrx_word' id='word_1_251' title='bbox 1466 1873 1806 1946; x_wconf 88' lang='lat' dir='ltr'><strong>quidquam</strong></span> <span class='ocrx_word' id='word_1_252' title='bbox 1837 1873 2102 1946; x_wconf 88' lang='lat' dir='ltr'><strong>amplius</strong></span> 
     </span>
    </p>
   </div>
   <div class='ocr_carea' id='block_1_38' title="bbox 447 1962 2104 2042">
    <p class='ocr_par' dir='ltr' id='par_1_38' title="bbox 447 1962 2104 2042">
     <span class='ocr_line' id='line_1_38' title="bbox 447 1962 2104 2042; baseline -0.005 -16"><span class='ocrx_word' id='word_1_253' title='bbox 447 1968 732 2042; x_wconf 87' lang='lat' dir='ltr'><strong>requirat,</strong></span> <span class='ocrx_word' id='word_1_254' title='bbox 766 1982 873 2022; x_wconf 89' lang='lat' dir='ltr'><strong>nec</strong></span> <span class='ocrx_word' id='word_1_255' title='bbox 903 1981 1106 2022; x_wconf 90' lang='lat' dir='ltr'><strong>rerum</strong></span> <span class='ocrx_word' id='word_1_256' title='bbox 1133 1968 1322 2021; x_wconf 89' lang='lat' dir='ltr'><strong>status</strong></span> <span class='ocrx_word' id='word_1_257' title='bbox 1351 1964 1451 2019; x_wconf 93' lang='lat' dir='ltr'><strong>det</strong></span> <span class='ocrx_word' id='word_1_258' title='bbox 1469 1962 1647 2019; x_wconf 85' lang='lat' dir='ltr'><strong>nobis</strong></span> <span class='ocrx_word' id='word_1_259' title='bbox 1673 1962 1912 2019; x_wconf 89' lang='lat' dir='ltr'><strong>dicendi</strong></span> <span class='ocrx_word' id='word_1_260' title='bbox 1931 1962 2104 2018; x_wconf 91' lang='lat' dir='ltr'><strong>liber-</strong></span> 
     </span>
    </p>
   </div>
   <div class='ocr_carea' id='block_1_39' title="bbox 451 2051 2102 2126">
    <p class='ocr_par' dir='ltr' id='par_1_39' title="bbox 451 2051 2102 2126">
     <span class='ocr_line' id='line_1_39' title="bbox 451 2051 2102 2126; baseline -0.005 -11"><span class='ocrx_word' id='word_1_261' title='bbox 451 2061 655 2115; x_wconf 86' lang='lat' dir='ltr'><strong>tatem.</strong></span> <span class='ocrx_word' id='word_1_262' title='bbox 686 2054 774 2111; x_wconf 79' lang='lat' dir='ltr'><strong>Ad</strong></span> <span class='ocrx_word' id='word_1_263' title='bbox 803 2054 934 2110; x_wconf 72' lang='lat' dir='ltr'><strong>haec</strong></span> <span class='ocrx_word' id='word_1_264' title='bbox 982 2057 1184 2110; x_wconf 88' lang='lat' dir='ltr'><strong>autem</strong></span> <span class='ocrx_word' id='word_1_265' title='bbox 1215 2053 1351 2126; x_wconf 87' lang='lat' dir='ltr'><strong>quis</strong></span> <span class='ocrx_word' id='word_1_266' title='bbox 1393 2051 1648 2108; x_wconf 92' lang='lat' dir='ltr'><strong>idoneus</strong></span> <span class='ocrx_word' id='word_1_267' title='bbox 1689 2051 2102 2122; x_wconf 87' lang='lat' dir='ltr'><strong>gubernator?</strong></span> 
     </span>
    </p>
   </div>
   <div class='ocr_carea' id='block_1_40' title="bbox 449 2141 2105 2220">
    <p class='ocr_par' dir='ltr' id='par_1_40' title="bbox 449 2141 2105 2220">
     <span class='ocr_line' id='line_1_40' title="bbox 449 2141 2105 2220; baseline -0.003 -18"><span class='ocrx_word' id='word_1_268' title='bbox 449 2146 583 2220; x_wconf 89' lang='lat' dir='ltr'><strong>quis</strong></span> <span class='ocrx_word' id='word_1_269' title='bbox 604 2145 722 2200; x_wconf 85' lang='lat' dir='ltr'><strong>ﬁde</strong></span> <span class='ocrx_word' id='word_1_270' title='bbox 745 2143 988 2212; x_wconf 89' lang='lat' dir='ltr'><strong>dignus,</strong></span> <span class='ocrx_word' id='word_1_271' title='bbox 1011 2142 1115 2215; x_wconf 87' lang='lat' dir='ltr'><strong>qui</strong></span> <span class='ocrx_word' id='word_1_272' title='bbox 1147 2141 1467 2197; x_wconf 90' lang='lat' dir='ltr'><strong>Dominum</strong></span> <span class='ocrx_word' id='word_1_273' title='bbox 1499 2141 1730 2206; x_wconf 86' lang='lat' dir='ltr'><strong>excitet,</strong></span> <span class='ocrx_word' id='word_1_274' title='bbox 1755 2145 1818 2196; x_wconf 94' lang='lat' dir='ltr'><strong>ut</strong></span> <span class='ocrx_word' id='word_1_275' title='bbox 1838 2141 2105 2212; x_wconf 84' lang='lat' dir='ltr'><strong>increpet</strong></span> 
     </span>
    </p>
   </div>
   <div class='ocr_carea' id='block_1_41' title="bbox 447 2230 2104 2302">
    <p class='ocr_par' dir='ltr' id='par_1_41' title="bbox 447 2230 2104 2302">
     <span class='ocr_line' id='line_1_41' title="bbox 447 2230 2104 2302; baseline -0.004 -12"><span class='ocrx_word' id='word_1_276' title='bbox 447 2238 660 2290; x_wconf 88' lang='lat' dir='ltr'><strong>ventos</strong></span> <span class='ocrx_word' id='word_1_277' title='bbox 690 2236 746 2288; x_wconf 90' lang='lat' dir='ltr'><strong>et</strong></span> <span class='ocrx_word' id='word_1_278' title='bbox 775 2247 941 2288; x_wconf 91' lang='lat' dir='ltr'><strong>mare</strong></span> <span class='ocrx_word' id='word_1_279' title='bbox 967 2231 994 2286; x_wconf 76' lang='lat'><strong>‘2</strong></span> <span class='ocrx_word' id='word_1_280' title='bbox 1025 2230 1166 2296; x_wconf 88' lang='lat' dir='ltr'><strong>Quis</strong></span> <span class='ocrx_word' id='word_1_281' title='bbox 1192 2230 1346 2285; x_wconf 89' lang='lat' dir='ltr'><strong>alius</strong></span> <span class='ocrx_word' id='word_1_282' title='bbox 1371 2247 1558 2302; x_wconf 89' lang='lat' dir='ltr'><strong>quam</strong></span> <span class='ocrx_word' id='word_1_283' title='bbox 1590 2230 1752 2302; x_wconf 88' lang='lat' dir='ltr'><strong>quia</strong></span> <span class='ocrx_word' id='word_1_284' title='bbox 1780 2245 1967 2302; x_wconf 92' lang='lat' dir='ltr'><strong>puero</strong></span> <span class='ocrx_word' id='word_1_285' title='bbox 1994 2244 2104 2300; x_wconf 82' lang='lat' dir='ltr'><strong>pro</strong></span> 
     </span>
    </p>
   </div>
   <div class='ocr_carea' id='block_1_42' title="bbox 448 2318 2107 2397">
    <p class='ocr_par' dir='ltr' id='par_1_42' title="bbox 448 2318 2107 2397">
     <span class='ocr_line' id='line_1_42' title="bbox 448 2318 2107 2397; baseline -0.001 -21"><span class='ocrx_word' id='word_1_286' title='bbox 448 2325 669 2397; x_wconf 87' lang='lat' dir='ltr'><strong>pietate</strong></span> <span class='ocrx_word' id='word_1_287' title='bbox 689 2321 751 2376; x_wconf 90' lang='lat' dir='ltr'><strong>in</strong></span> <span class='ocrx_word' id='word_1_288' title='bbox 773 2319 1203 2376; x_wconf 88' lang='lat' dir='ltr'><strong>certaminibus</strong></span> <span class='ocrx_word' id='word_1_289' title='bbox 1225 2319 1570 2376; x_wconf 87' lang='lat' dir='ltr'><strong>dimicavit?</strong></span> <span class='ocrx_word' id='word_1_290' title='bbox 1603 2318 1901 2385; x_wconf 87' lang='lat' dir='ltr'><strong>Quoniam</strong></span> <span class='ocrx_word' id='word_1_291' title='bbox 1929 2318 2107 2388; x_wconf 87' lang='lat' dir='ltr'><strong>igitur</strong></span> 
     </span>
    </p>
   </div>
   <div class='ocr_carea' id='block_1_43' title="bbox 448 2408 2107 2484">
    <p class='ocr_par' dir='ltr' id='par_1_43' title="bbox 448 2408 2107 2484">
     <span class='ocr_line' id='line_1_43' title="bbox 448 2408 2107 2484; baseline -0.004 -14"><span class='ocrx_word' id='word_1_292' title='bbox 448 2428 588 2470; x_wconf 83' lang='lat' dir='ltr'><strong>vere</strong></span> <span class='ocrx_word' id='word_1_293' title='bbox 604 2426 766 2467; x_wconf 90' lang='lat' dir='ltr'><strong>nunc</strong></span> <span class='ocrx_word' id='word_1_294' title='bbox 781 2409 1120 2484; x_wconf 88' lang='lat' dir='ltr'><strong>propendet</strong></span> <span class='ocrx_word' id='word_1_295' title='bbox 1133 2408 1432 2482; x_wconf 83' lang='lat' dir='ltr'><strong>quidquid</strong></span> <span class='ocrx_word' id='word_1_296' title='bbox 1449 2409 1601 2465; x_wconf 90' lang='lat' dir='ltr'><strong>inter</strong></span> <span class='ocrx_word' id='word_1_297' title='bbox 1619 2424 1731 2464; x_wconf 91' lang='lat' dir='ltr'><strong>nos</strong></span> <span class='ocrx_word' id='word_1_298' title='bbox 1749 2408 1907 2465; x_wconf 91' lang='lat' dir='ltr'><strong>circa</strong></span> <span class='ocrx_word' id='word_1_299' title='bbox 1923 2408 2107 2464; x_wconf 86' lang='lat' dir='ltr'><strong>ﬁdem</strong></span> 
     </span>
    </p>
   </div>
   <div class='ocr_carea' id='block_1_44' title="bbox 452 2497 2108 2571">
    <p class='ocr_par' dir='ltr' id='par_1_44' title="bbox 452 2497 2108 2571">
     <span class='ocr_line' id='line_1_44' title="bbox 452 2497 2108 2571; baseline -0.004 -12"><span class='ocrx_word' id='word_1_300' title='bbox 452 2517 672 2559; x_wconf 90' lang='lat' dir='ltr'><strong>sanum</strong></span> <span class='ocrx_word' id='word_1_301' title='bbox 698 2503 804 2561; x_wconf 89' lang='lat' dir='ltr'><strong>est.</strong></span> <span class='ocrx_word' id='word_1_302' title='bbox 835 2497 914 2556; x_wconf 89' lang='lat' dir='ltr'><strong>ad</strong></span> <span class='ocrx_word' id='word_1_303' title='bbox 943 2514 1175 2565; x_wconf 91' lang='lat' dir='ltr'><strong>eorum,</strong></span> <span class='ocrx_word' id='word_1_304' title='bbox 1203 2499 1307 2571; x_wconf 92' lang='lat' dir='ltr'><strong>qui</strong></span> <span class='ocrx_word' id='word_1_305' title='bbox 1334 2498 1493 2553; x_wconf 91' lang='lat' dir='ltr'><strong>idem</strong></span> <span class='ocrx_word' id='word_1_306' title='bbox 1525 2498 1806 2567; x_wconf 90' lang='lat' dir='ltr'><strong>sentiunt,</strong></span> <span class='ocrx_word' id='word_1_307' title='bbox 1839 2514 2108 2554; x_wconf 88' lang='lat' dir='ltr'><strong>commu-</strong></span> 
     </span>
    </p>
   </div>
   <div class='ocr_carea' id='block_1_45' title="bbox 456 2586 2109 2661">
    <p class='ocr_par' dir='ltr' id='par_1_45' title="bbox 456 2586 2109 2661">
     <span class='ocr_line' id='line_1_45' title="bbox 456 2586 2109 2661; baseline -0.002 -14"><span class='ocrx_word' id='word_1_308' title='bbox 456 2590 700 2648; x_wconf 91' lang='lat' dir='ltr'><strong>nionem</strong></span> <span class='ocrx_word' id='word_1_309' title='bbox 722 2592 901 2661; x_wconf 90' lang='lat' dir='ltr'><strong>atque</strong></span> <span class='ocrx_word' id='word_1_310' title='bbox 933 2587 1247 2654; x_wconf 89' lang='lat' dir='ltr'><strong>unitatem,</strong></span> <span class='ocrx_word' id='word_1_311' title='bbox 1273 2587 1528 2642; x_wconf 87' lang='lat' dir='ltr'><strong>ﬁdenter</strong></span> <span class='ocrx_word' id='word_1_312' title='bbox 1559 2586 1909 2659; x_wconf 89' lang='lat' dir='ltr'><strong>patientiam</strong></span> <span class='ocrx_word' id='word_1_313' title='bbox 1940 2592 2109 2643; x_wconf 87' lang='lat' dir='ltr'><strong>tuam</strong></span> 
     </span>
    </p>
   </div>
   <div class='ocr_carea' id='block_1_46' title="bbox 455 2675 2110 2749">
    <p class='ocr_par' dir='ltr' id='par_1_46' title="bbox 455 2675 2110 2749">
     <span class='ocr_line' id='line_1_46' title="bbox 455 2675 2110 2749; baseline -0.003 -13"><span class='ocrx_word' id='word_1_314' title='bbox 455 2684 736 2749; x_wconf 81' lang='lat' dir='ltr'><strong>rogatum</strong></span> <span class='ocrx_word' id='word_1_315' title='bbox 766 2677 1064 2743; x_wconf 86' lang='lat' dir='ltr'><strong>venimus,</strong></span> <span class='ocrx_word' id='word_1_316' title='bbox 1096 2681 1161 2733; x_wconf 91' lang='lat' dir='ltr'><strong>ut</strong></span> <span class='ocrx_word' id='word_1_317' title='bbox 1190 2675 1368 2732; x_wconf 89' lang='lat' dir='ltr'><strong>nobis</strong></span> <span class='ocrx_word' id='word_1_318' title='bbox 1397 2675 1681 2732; x_wconf 88' lang='lat' dir='ltr'><strong>omnibus</strong></span> <span class='ocrx_word' id='word_1_319' title='bbox 1713 2676 1944 2731; x_wconf 90' lang='lat' dir='ltr'><strong>scribas</strong></span> <span class='ocrx_word' id='word_1_320' title='bbox 1991 2675 2110 2749; x_wconf 90' lang='lat' dir='ltr'><strong>epi-</strong></span> 
     </span>
    </p>
   </div>
   <div class='ocr_carea' id='block_1_47' title="bbox 459 2763 2106 2837">
    <p class='ocr_par' dir='ltr' id='par_1_47' title="bbox 459 2763 2106 2837">
     <span class='ocr_line' id='line_1_47' title="bbox 459 2763 2106 2837; baseline -0.002 -13"><span class='ocrx_word' id='word_1_321' title='bbox 459 2767 678 2824; x_wconf 83' lang='lat' dir='ltr'><strong>stolam</strong></span> <span class='ocrx_word' id='word_1_322' title='bbox 706 2781 914 2835; x_wconf 86' lang='lat' dir='ltr'><strong>unam,</strong></span> <span class='ocrx_word' id='word_1_323' title='bbox 947 2781 1083 2837; x_wconf 72' lang='lat' dir='ltr'><strong>quae</strong></span> <span class='ocrx_word' id='word_1_324' title='bbox 1131 2763 1280 2836; x_wconf 92' lang='lat' dir='ltr'><strong>quid</strong></span> <span class='ocrx_word' id='word_1_325' title='bbox 1310 2763 1616 2834; x_wconf 86' lang='lat' dir='ltr'><strong>agendum</strong></span> <span class='ocrx_word' id='word_1_326' title='bbox 1651 2765 1724 2820; x_wconf 90' lang='lat' dir='ltr'><strong>sit</strong></span> <span class='ocrx_word' id='word_1_327' title='bbox 1759 2764 2106 2820; x_wconf 88' lang='lat' dir='ltr'><strong>admoneat.</strong></span> 
     </span>
    </p>
   </div>
   <div class='ocr_carea' id='block_1_48' title="bbox 459 2852 2110 2924">
    <p class='ocr_par' dir='ltr' id='par_1_48' title="bbox 459 2852 2110 2924">
     <span class='ocr_line' id='line_1_48' title="bbox 459 2852 2110 2924; baseline -0.002 -12"><span class='ocrx_word' id='word_1_328' title='bbox 459 2856 552 2912; x_wconf 93' lang='lat' dir='ltr'><strong>Sic</strong></span> <span class='ocrx_word' id='word_1_329' title='bbox 572 2855 734 2911; x_wconf 92' lang='lat' dir='ltr'><strong>enim</strong></span> <span class='ocrx_word' id='word_1_330' title='bbox 757 2853 1098 2910; x_wconf 88' lang='lat' dir='ltr'><strong>voluntate</strong></span> <span class='ocrx_word' id='word_1_331' title='bbox 1119 2853 1354 2909; x_wconf 89' lang='lat' dir='ltr'><strong>initium</strong></span> <span class='ocrx_word' id='word_1_332' title='bbox 1377 2852 1489 2908; x_wconf 90' lang='lat' dir='ltr'><strong>sibi</strong></span> <span class='ocrx_word' id='word_1_333' title='bbox 1515 2853 1644 2908; x_wconf 85' lang='lat' dir='ltr'><strong>ﬁeri</strong></span> <span class='ocrx_word' id='word_1_334' title='bbox 1671 2852 2110 2924; x_wconf 90' lang='lat' dir='ltr'><strong>colloquiorum</strong></span> 
     </span>
    </p>
   </div>
   <div class='ocr_carea' id='block_1_49' title="bbox 459 2940 2110 3014">
    <p class='ocr_par' dir='ltr' id='par_1_49' title="bbox 459 2940 2110 3014">
     <span class='ocr_line' id='line_1_49' title="bbox 459 2940 2110 3014; baseline -0.002 -13"><span class='ocrx_word' id='word_1_335' title='bbox 459 2943 537 3001; x_wconf 93' lang='lat' dir='ltr'><strong>ad</strong></span> <span class='ocrx_word' id='word_1_336' title='bbox 564 2942 1056 2999; x_wconf 90' lang='lat' dir='ltr'><strong>communionem</strong></span> <span class='ocrx_word' id='word_1_337' title='bbox 1083 2940 1528 3013; x_wconf 88' lang='lat' dir='ltr'><strong>pertinentium.</strong></span> <span class='ocrx_word' id='word_1_338' title='bbox 1559 2940 1674 2997; x_wconf 90' lang='lat' dir='ltr'><strong>Sed</strong></span> <span class='ocrx_word' id='word_1_339' title='bbox 1692 2941 1837 3014; x_wconf 86' lang='lat' dir='ltr'><strong>quia</strong></span> <span class='ocrx_word' id='word_1_340' title='bbox 1857 2940 2110 2998; x_wconf 77' lang='lat' dir='ltr'><strong>fortasse</strong></span> 
     </span>
    </p>
   </div>
   <div class='ocr_carea' id='block_1_50' title="bbox 461 3029 2190 3116">
    <p class='ocr_par' dir='ltr' id='par_1_50' title="bbox 461 3029 2190 3116">
     <span class='ocr_line' id='line_1_50' title="bbox 461 3029 2190 3116; baseline -0.002 -27"><span class='ocrx_word' id='word_1_341' title='bbox 461 3031 722 3106; x_wconf 85' lang='lat' dir='ltr'><strong>suspecti</strong></span> <span class='ocrx_word' id='word_1_342' title='bbox 742 3031 1017 3088; x_wconf 91' lang='lat' dir='ltr'><strong>videntur</strong></span> <span class='ocrx_word' id='word_1_343' title='bbox 1037 3030 1141 3086; x_wconf 91' lang='lat' dir='ltr'><strong>tibi</strong></span> <span class='ocrx_word' id='word_1_344' title='bbox 1163 3029 1241 3086; x_wconf 88' lang='lat' dir='ltr'><strong>ob</strong></span> <span class='ocrx_word' id='word_1_345' title='bbox 1263 3030 1621 3086; x_wconf 89' lang='lat' dir='ltr'><strong>memoriam</strong></span> <span class='ocrx_word' id='word_1_346' title='bbox 1650 3030 2108 3103; x_wconf 80' lang='lat' dir='ltr'><strong>praeteritorum,</strong></span> <span class='ocrx_word' id='word_1_347' title='bbox 2151 3061 2190 3116; x_wconf 66' lang='grc' dir='ltr'><strong>ρ</strong></span> 
     </span>
    </p>
   </div>
   <div class='ocr_carea' id='block_1_51' title="bbox 458 3119 2111 3193">
    <p class='ocr_par' dir='ltr' id='par_1_51' title="bbox 458 3119 2111 3193">
     <span class='ocr_line' id='line_1_51' title="bbox 458 3119 2111 3193; baseline -0.002 -14"><span class='ocrx_word' id='word_1_348' title='bbox 458 3122 575 3179; x_wconf 91' lang='lat' dir='ltr'><strong>hoc</strong></span> <span class='ocrx_word' id='word_1_349' title='bbox 596 3121 795 3188; x_wconf 87' lang='lat' dir='ltr'><strong>velim,</strong></span> <span class='ocrx_word' id='word_1_350' title='bbox 813 3120 1021 3190; x_wconf 86' lang='lat' dir='ltr'><strong>facias,</strong></span> <span class='ocrx_word' id='word_1_351' title='bbox 1047 3123 1214 3176; x_wconf 89' lang='lat' dir='ltr'><strong>Pater</strong></span> <span class='ocrx_word' id='word_1_352' title='bbox 1234 3119 1701 3189; x_wconf 89' lang='lat' dir='ltr'><strong>religiosissime,</strong></span> <span class='ocrx_word' id='word_1_353' title='bbox 1725 3119 2007 3193; x_wconf 90' lang='lat' dir='ltr'><strong>epistolas</strong></span> <span class='ocrx_word' id='word_1_354' title='bbox 2031 3119 2111 3176; x_wconf 90' lang='lat' dir='ltr'><strong>ad</strong></span> 
     </span>
    </p>
   </div>
   <div class='ocr_carea' id='block_1_52' title="bbox 461 3209 2109 3284">
    <p class='ocr_par' dir='ltr' id='par_1_52' title="bbox 461 3209 2109 3284">
     <span class='ocr_line' id='line_1_52' title="bbox 461 3209 2109 3284; baseline -0.002 -15"><span class='ocrx_word' id='word_1_355' title='bbox 461 3213 783 3284; x_wconf 89' lang='lat' dir='ltr'><strong>episcopos</strong></span> <span class='ocrx_word' id='word_1_356' title='bbox 807 3210 955 3266; x_wconf 86' lang='lat' dir='ltr'><strong>mihi</strong></span> <span class='ocrx_word' id='word_1_357' title='bbox 982 3211 1171 3280; x_wconf 87' lang='lat' dir='ltr'><strong>mitte,</strong></span> <span class='ocrx_word' id='word_1_358' title='bbox 1195 3213 1296 3266; x_wconf 90' lang='lat' dir='ltr'><strong>aut</strong></span> <span class='ocrx_word' id='word_1_359' title='bbox 1316 3226 1423 3282; x_wconf 90' lang='lat' dir='ltr'><strong>per</strong></span> <span class='ocrx_word' id='word_1_360' title='bbox 1449 3209 1714 3283; x_wconf 87' lang='lat' dir='ltr'><strong>aliquem</strong></span> <span class='ocrx_word' id='word_1_361' title='bbox 1741 3226 1950 3266; x_wconf 91' lang='lat' dir='ltr'><strong>eorum</strong></span> <span class='ocrx_word' id='word_1_362' title='bbox 1975 3211 2109 3284; x_wconf 87' lang='lat' dir='ltr'><strong>qui-</strong></span> 
     </span>
    </p>
   </div>
   <div class='ocr_carea' id='block_1_53' title="bbox 460 3299 2112 3372">
    <p class='ocr_par' dir='ltr' id='par_1_53' title="bbox 460 3299 2112 3372">
     <span class='ocr_line' id='line_1_53' title="bbox 460 3299 2112 3372; baseline 0 -16"><span class='ocrx_word' id='word_1_363' title='bbox 460 3300 578 3356; x_wconf 92' lang='lat' dir='ltr'><strong>bus</strong></span> <span class='ocrx_word' id='word_1_364' title='bbox 606 3299 736 3356; x_wconf 90' lang='lat' dir='ltr'><strong>istic</strong></span> <span class='ocrx_word' id='word_1_365' title='bbox 764 3299 949 3355; x_wconf 85' lang='lat' dir='ltr'><strong>fidem</strong></span> <span class='ocrx_word' id='word_1_366' title='bbox 978 3299 1192 3365; x_wconf 87' lang='lat' dir='ltr'><strong>habes,</strong></span> <span class='ocrx_word' id='word_1_367' title='bbox 1228 3303 1332 3355; x_wconf 88' lang='lat' dir='ltr'><strong>aut</strong></span> <span class='ocrx_word' id='word_1_368' title='bbox 1361 3299 1542 3356; x_wconf 88' lang='lat' dir='ltr'><strong>etiam</strong></span> <span class='ocrx_word' id='word_1_369' title='bbox 1589 3315 1696 3372; x_wconf 92' lang='lat' dir='ltr'><strong>per</strong></span> <span class='ocrx_word' id='word_1_370' title='bbox 1723 3299 1967 3356; x_wconf 82' lang='lat' dir='ltr'><strong>fratrem</strong></span> <span class='ocrx_word' id='word_1_371' title='bbox 2002 3299 2112 3356; x_wconf 83' lang='lat' dir='ltr'><strong>Do-</strong></span> 
     </span>
    </p>
   </div>
   <div class='ocr_carea' id='block_1_54' title="bbox 461 3387 2112 3461">
    <p class='ocr_par' dir='ltr' id='par_1_54' title="bbox 461 3387 2112 3461">
     <span class='ocr_line' id='line_1_54' title="bbox 461 3387 2112 3461; baseline -0.001 -16"><span class='ocrx_word' id='word_1_372' title='bbox 461 3388 739 3446; x_wconf 89' lang='lat' dir='ltr'><strong>rotheum</strong></span> <span class='ocrx_word' id='word_1_373' title='bbox 770 3387 1216 3444; x_wconf 85' lang='lat' dir='ltr'><strong>condiaconum</strong></span> <span class='ocrx_word' id='word_1_374' title='bbox 1245 3392 1539 3460; x_wconf 88' lang='lat' dir='ltr'><strong>nostrum,</strong></span> <span class='ocrx_word' id='word_1_375' title='bbox 1572 3405 1724 3461; x_wconf 90' lang='lat' dir='ltr'><strong>quas</strong></span> <span class='ocrx_word' id='word_1_376' title='bbox 1765 3405 1901 3444; x_wconf 92' lang='lat' dir='ltr'><strong>cum</strong></span> <span class='ocrx_word' id='word_1_377' title='bbox 1943 3405 2112 3446; x_wconf 87' lang='lat' dir='ltr'><strong>acce-</strong></span> 
     </span>
    </p>
   </div>
   <div class='ocr_carea' id='block_1_55' title="bbox 462 3475 2113 3551">
    <p class='ocr_par' dir='ltr' id='par_1_55' title="bbox 462 3475 2113 3551">
     <span class='ocr_line' id='line_1_55' title="bbox 462 3475 2113 3551; baseline 0.001 -18"><span class='ocrx_word' id='word_1_378' title='bbox 462 3493 608 3551; x_wconf 90' lang='lat' dir='ltr'><strong>pero</strong></span> <span class='ocrx_word' id='word_1_379' title='bbox 629 3491 753 3532; x_wconf 91' lang='lat' dir='ltr'><strong>non</strong></span> <span class='ocrx_word' id='word_1_380' title='bbox 783 3475 950 3548; x_wconf 91' lang='lat' dir='ltr'><strong>prius</strong></span> <span class='ocrx_word' id='word_1_381' title='bbox 981 3475 1164 3541; x_wconf 88' lang='lat' dir='ltr'><strong>dabo,</strong></span> <span class='ocrx_word' id='word_1_382' title='bbox 1193 3491 1378 3548; x_wconf 89' lang='lat' dir='ltr'><strong>quam</strong></span> <span class='ocrx_word' id='word_1_383' title='bbox 1407 3477 1485 3532; x_wconf 85' lang='lat' dir='ltr'><strong>ab</strong></span> <span class='ocrx_word' id='word_1_384' title='bbox 1515 3477 1599 3534; x_wconf 91' lang='lat' dir='ltr'><strong>eis</strong></span> <span class='ocrx_word' id='word_1_385' title='bbox 1625 3493 1916 3550; x_wconf 86' lang='lat' dir='ltr'><strong>responsa</strong></span> <span class='ocrx_word' id='word_1_386' title='bbox 1946 3495 2113 3535; x_wconf 91' lang='lat' dir='ltr'><strong>acce-</strong></span> 
     </span>
    </p>
   </div>
   <div class='ocr_carea' id='block_1_56' title="bbox 463 3565 2114 3640">
    <p class='ocr_par' dir='ltr' id='par_1_56' title="bbox 463 3565 2114 3640">
     <span class='ocr_line' id='line_1_56' title="bbox 463 3565 2114 3640; baseline 0.001 -17"><span class='ocrx_word' id='word_1_387' title='bbox 463 3582 648 3640; x_wconf 89' lang='lat' dir='ltr'><strong>pero;</strong></span> <span class='ocrx_word' id='word_1_388' title='bbox 704 3565 796 3621; x_wconf 92' lang='lat' dir='ltr'><strong>sin</strong></span> <span class='ocrx_word' id='word_1_389' title='bbox 846 3565 1068 3633; x_wconf 90' lang='lat' dir='ltr'><strong>minus,</strong></span> <span class='ocrx_word' id='word_1_390' title='bbox 1116 3566 1408 3621; x_wconf 78' lang='lat' dir='ltr'><strong>Peccalor</strong></span> <span class='ocrx_word' id='word_1_391' title='bbox 1456 3581 1555 3622; x_wconf 83' lang='lat' dir='ltr'><strong>ero</strong></span> <span class='ocrx_word' id='word_1_392' title='bbox 1610 3568 1674 3622; x_wconf 84' lang='lat' dir='ltr'><strong>in</strong></span> <span class='ocrx_word' id='word_1_393' title='bbox 1733 3572 1788 3623; x_wconf 86' lang='lat' dir='ltr'><strong>te</strong></span> <span class='ocrx_word' id='word_1_394' title='bbox 1841 3569 2114 3624; x_wconf 82' lang='lat' dir='ltr'><strong>omnibus</strong></span> 
     </span>
    </p>
   </div>
   <div class='ocr_carea' id='block_1_57' title="bbox 462 3653 2113 3727">
    <p class='ocr_par' dir='ltr' id='par_1_57' title="bbox 462 3653 2113 3727">
     <span class='ocr_line' id='line_1_57' title="bbox 462 3653 2113 3727; baseline -0.001 -14"><span class='ocrx_word' id='word_1_395' title='bbox 462 3657 668 3713; x_wconf 82' lang='lat' dir='ltr'><strong>diebus</strong></span> <span class='ocrx_word' id='word_1_396' title='bbox 698 3655 834 3712; x_wconf 55' lang='lat' dir='ltr'><strong>vita</strong></span> <span class='ocrx_word' id='word_1_397' title='bbox 864 3670 1006 3711; x_wconf 68' lang='lat' dir='ltr'><strong>mea:</strong></span> <span class='ocrx_word' id='word_1_398' title='bbox 1029 3655 1072 3712; x_wconf 78' lang='grc'><strong>⁸.</strong></span> <span class='ocrx_word' id='word_1_399' title='bbox 1106 3657 1224 3710; x_wconf 88' lang='lat' dir='ltr'><strong>Hoc</strong></span> <span class='ocrx_word' id='word_1_400' title='bbox 1259 3653 1526 3727; x_wconf 85' lang='lat' dir='ltr'><strong>profecto</strong></span> <span class='ocrx_word' id='word_1_401' title='bbox 1557 3656 1854 3726; x_wconf 89' lang='lat' dir='ltr'><strong>majorem</strong></span> <span class='ocrx_word' id='word_1_402' title='bbox 1885 3661 2113 3712; x_wconf 86' lang='lat' dir='ltr'><strong>metum</strong></span> 
     </span>
    </p>
   </div>
   <div class='ocr_carea' id='block_1_58' title="bbox 462 3743 2115 3817">
    <p class='ocr_par' dir='ltr' id='par_1_58' title="bbox 462 3743 2115 3817">
     <span class='ocr_line' id='line_1_58' title="bbox 462 3743 2115 3817; baseline 0 -15"><span class='ocrx_word' id='word_1_403' title='bbox 462 3747 726 3803; x_wconf 90' lang='lat' dir='ltr'><strong>incutere</strong></span> <span class='ocrx_word' id='word_1_404' title='bbox 775 3761 894 3801; x_wconf 89' lang='lat' dir='ltr'><strong>non</strong></span> <span class='ocrx_word' id='word_1_405' title='bbox 943 3744 1150 3801; x_wconf 89' lang='lat' dir='ltr'><strong>debuit</strong></span> <span class='ocrx_word' id='word_1_406' title='bbox 1200 3744 1272 3811; x_wconf 91' lang='lat' dir='ltr'><strong>ei,</strong></span> <span class='ocrx_word' id='word_1_407' title='bbox 1313 3744 1418 3817; x_wconf 89' lang='lat' dir='ltr'><strong>qui</strong></span> <span class='ocrx_word' id='word_1_408' title='bbox 1466 3743 1527 3800; x_wconf 93' lang='lat' dir='ltr'><strong>id</strong></span> <span class='ocrx_word' id='word_1_409' title='bbox 1570 3745 1803 3816; x_wconf 87' lang='lat' dir='ltr'><strong>primus</strong></span> <span class='ocrx_word' id='word_1_410' title='bbox 1853 3746 1998 3802; x_wconf 83' lang='lat' dir='ltr'><strong>dixit</strong></span> <span class='ocrx_word' id='word_1_411' title='bbox 2036 3746 2115 3802; x_wconf 89' lang='lat' dir='ltr'><strong>ad</strong></span> 
     </span>
    </p>
   </div>
   <div class='ocr_carea' id='block_1_59' title="bbox 460 3834 2115 3909">
    <p class='ocr_par' dir='ltr' id='par_1_59' title="bbox 460 3834 2115 3909">
     <span class='ocr_line' id='line_1_59' title="bbox 460 3834 2115 3909; baseline 0 -17"><span class='ocrx_word' id='word_1_412' title='bbox 460 3840 717 3909; x_wconf 88' lang='lat' dir='ltr'><strong>patrem,</strong></span> <span class='ocrx_word' id='word_1_413' title='bbox 748 3851 934 3908; x_wconf 90' lang='lat' dir='ltr'><strong>quam</strong></span> <span class='ocrx_word' id='word_1_414' title='bbox 966 3849 1129 3890; x_wconf 90' lang='lat' dir='ltr'><strong>nunc</strong></span> <span class='ocrx_word' id='word_1_415' title='bbox 1170 3834 1318 3890; x_wconf 89' lang='lat' dir='ltr'><strong>mihi</strong></span> <span class='ocrx_word' id='word_1_416' title='bbox 1365 3834 1443 3890; x_wconf 89' lang='lat' dir='ltr'><strong>ad</strong></span> <span class='ocrx_word' id='word_1_417' title='bbox 1493 3839 1547 3890; x_wconf 91' lang='lat' dir='ltr'><strong>te</strong></span> <span class='ocrx_word' id='word_1_418' title='bbox 1577 3840 1810 3908; x_wconf 88' lang='lat' dir='ltr'><strong>patrem</strong></span> <span class='ocrx_word' id='word_1_419' title='bbox 1842 3836 2115 3908; x_wconf 88' lang='lat' dir='ltr'><strong>spiritua-</strong></span> 
     </span>
    </p>
   </div>
   <div class='ocr_carea' id='block_1_60' title="bbox 459 3923 2114 3997">
    <p class='ocr_par' dir='ltr' id='par_1_60' title="bbox 459 3923 2114 3997">
     <span class='ocr_line' id='line_1_60' title="bbox 459 3923 2114 3997; baseline 0.002 -18"><span class='ocrx_word' id='word_1_420' title='bbox 459 3924 580 3979; x_wconf 92' lang='lat' dir='ltr'><strong>lem</strong></span> <span class='ocrx_word' id='word_1_421' title='bbox 622 3923 864 3978; x_wconf 90' lang='lat' dir='ltr'><strong>dicenti.</strong></span> <span class='ocrx_word' id='word_1_422' title='bbox 899 3923 1072 3988; x_wconf 87' lang='lat' dir='ltr'><strong>Quod</strong></span> <span class='ocrx_word' id='word_1_423' title='bbox 1105 3923 1155 3978; x_wconf 92' lang='lat' dir='ltr'><strong>si</strong></span> <span class='ocrx_word' id='word_1_424' title='bbox 1187 3923 1303 3979; x_wconf 88' lang='lat' dir='ltr'><strong>hoc</strong></span> <span class='ocrx_word' id='word_1_425' title='bbox 1333 3923 1582 3980; x_wconf 89' lang='lat' dir='ltr'><strong>omnino</strong></span> <span class='ocrx_word' id='word_1_426' title='bbox 1614 3924 1776 3995; x_wconf 91' lang='lat' dir='ltr'><strong>apud</strong></span> <span class='ocrx_word' id='word_1_427' title='bbox 1820 3929 1873 3981; x_wconf 89' lang='lat' dir='ltr'><strong>te</strong></span> <span class='ocrx_word' id='word_1_428' title='bbox 1907 3925 2114 3997; x_wconf 90' lang='lat' dir='ltr'><strong>despe-</strong></span> 
     </span>
    </p>
   </div>
   <div class='ocr_carea' id='block_1_61' title="bbox 458 4011 2112 4076">
    <p class='ocr_par' dir='ltr' id='par_1_61' title="bbox 458 4011 2112 4076">
     <span class='ocr_line' id='line_1_61' title="bbox 458 4011 2112 4076; baseline 0.002 -9"><span class='ocrx_word' id='word_1_429' title='bbox 458 4017 657 4067; x_wconf 90' lang='lat' dir='ltr'><strong>ratum</strong></span> <span class='ocrx_word' id='word_1_430' title='bbox 701 4014 828 4076; x_wconf 90' lang='lat' dir='ltr'><strong>est;</strong></span> <span class='ocrx_word' id='word_1_431' title='bbox 862 4011 1074 4067; x_wconf 89' lang='lat' dir='ltr'><strong>saltem</strong></span> <span class='ocrx_word' id='word_1_432' title='bbox 1107 4028 1219 4068; x_wconf 91' lang='lat' dir='ltr'><strong>nos</strong></span> <span class='ocrx_word' id='word_1_433' title='bbox 1265 4012 1327 4068; x_wconf 91' lang='lat' dir='ltr'><strong>in</strong></span> <span class='ocrx_word' id='word_1_434' title='bbox 1357 4013 1471 4068; x_wconf 88' lang='lat' dir='ltr'><strong>hoc</strong></span> <span class='ocrx_word' id='word_1_435' title='bbox 1503 4013 1836 4070; x_wconf 82' lang='lat' dir='ltr'><strong>ministerio</strong></span> <span class='ocrx_word' id='word_1_436' title='bbox 1865 4015 2112 4072; x_wconf 87' lang='lat' dir='ltr'><strong>crimine</strong></span> 
     </span>
    </p>
   </div>
   <div class='ocr_carea' id='block_1_62' title="bbox 458 4099 2115 4175">
    <p class='ocr_par' dir='ltr' id='par_1_62' title="bbox 458 4099 2115 4175">
     <span class='ocr_line' id='line_1_62' title="bbox 458 4099 2115 4175; baseline 0.004 -20"><span class='ocrx_word' id='word_1_437' title='bbox 458 4100 671 4166; x_wconf 91' lang='lat' dir='ltr'><strong>libera,</strong></span> <span class='ocrx_word' id='word_1_438' title='bbox 701 4100 807 4172; x_wconf 91' lang='lat' dir='ltr'><strong>qui</strong></span> <span class='ocrx_word' id='word_1_439' title='bbox 839 4099 964 4156; x_wconf 88' lang='lat' dir='ltr'><strong>sine</strong></span> <span class='ocrx_word' id='word_1_440' title='bbox 1013 4099 1154 4157; x_wconf 92' lang='lat' dir='ltr'><strong>dolo</strong></span> <span class='ocrx_word' id='word_1_441' title='bbox 1185 4105 1243 4157; x_wconf 84' lang='lat' dir='ltr'><strong>et</strong></span> <span class='ocrx_word' id='word_1_442' title='bbox 1289 4101 1559 4172; x_wconf 74' lang='lat' dir='ltr'><strong>artificio,</strong></span> <span class='ocrx_word' id='word_1_443' title='bbox 1599 4103 1766 4175; x_wconf 89' lang='lat' dir='ltr'><strong>pacis</strong></span> <span class='ocrx_word' id='word_1_444' title='bbox 1811 4105 2010 4160; x_wconf 90' lang='lat' dir='ltr'><strong>studio</strong></span> <span class='ocrx_word' id='word_1_445' title='bbox 2057 4110 2115 4162; x_wconf 92' lang='lat' dir='ltr'><strong>et</strong></span> 
     </span>
    </p>
   </div>
   <div class='ocr_carea' id='block_1_63' title="bbox 457 4189 2114 4264">
    <p class='ocr_par' dir='ltr' id='par_1_63' title="bbox 457 4189 2114 4264">
     <span class='ocr_line' id='line_1_63' title="bbox 457 4189 2114 4264; baseline 0.004 -19"><span class='ocrx_word' id='word_1_446' title='bbox 457 4194 684 4246; x_wconf 68' lang='lat' dir='ltr'><strong>mutua:</strong></span> <span class='ocrx_word' id='word_1_447' title='bbox 711 4189 864 4246; x_wconf 88' lang='lat' dir='ltr'><strong>inter</strong></span> <span class='ocrx_word' id='word_1_448' title='bbox 893 4207 1028 4256; x_wconf 88' lang='lat' dir='ltr'><strong>nos,</strong></span> <span class='ocrx_word' id='word_1_449' title='bbox 1061 4191 1165 4264; x_wconf 91' lang='lat' dir='ltr'><strong>qui</strong></span> <span class='ocrx_word' id='word_1_450' title='bbox 1195 4191 1269 4248; x_wconf 92' lang='lat' dir='ltr'><strong>de</strong></span> <span class='ocrx_word' id='word_1_451' title='bbox 1309 4193 1482 4264; x_wconf 81' lang='lat'><strong>176</strong></span> <span class='ocrx_word' id='word_1_452' title='bbox 1516 4193 1769 4249; x_wconf 90' lang='lat' dir='ltr'><strong>Domino</strong></span> <span class='ocrx_word' id='word_1_453' title='bbox 1794 4193 1954 4250; x_wconf 88' lang='lat' dir='ltr'><strong>idem</strong></span> <span class='ocrx_word' id='word_1_454' title='bbox 1981 4212 2114 4251; x_wconf 87' lang='lat' dir='ltr'><strong>sen-</strong></span> 
     </span>
    </p>
   </div>
   <div class='ocr_carea' id='block_1_64' title="bbox 2212 1783 3813 1861">
    <p class='ocr_par' dir='ltr' id='par_1_64' title="bbox 2212 1783 3813 1861">
     <span class='ocr_line' id='line_1_64' title="bbox 2212 1783 3813 1861; baseline 0 -23"><span class='ocrx_word' id='word_1_455' title='bbox 2212 1785 2446 1846; x_wconf 79' lang='grc' dir='ltr'><strong>ἀλληλοις</strong></span> <span class='ocrx_word' id='word_1_456' title='bbox 2511 1791 2601 1839; x_wconf 86' lang='grc' dir='ltr'><strong>καὶ</strong></span> <span class='ocrx_word' id='word_1_457' title='bbox 2659 1783 3040 1858; x_wconf 75' lang='grc' dir='ltr'><strong>διωθουμένων.</strong></span> <span class='ocrx_word' id='word_1_458' title='bbox 3095 1786 3272 1861; x_wconf 83' lang='grc' dir='ltr'><strong>Ἀρκεῖ</strong></span> <span class='ocrx_word' id='word_1_459' title='bbox 3325 1787 3407 1839; x_wconf 81' lang='grc' dir='ltr'><strong>ἐπὶ</strong></span> <span class='ocrx_word' id='word_1_460' title='bbox 3453 1794 3548 1849; x_wconf 80' lang='grc' dir='ltr'><strong>τῆς</strong></span> <span class='ocrx_word' id='word_1_461' title='bbox 3614 1786 3813 1849; x_wconf 78' lang='grc' dir='ltr'><strong>εἰκόνος</strong></span> 
     </span>
    </p>
   </div>
   <div class='ocr_carea' id='block_1_65' title="bbox 2211 1873 3814 1950">
    <p class='ocr_par' dir='ltr' id='par_1_65' title="bbox 2211 1873 3814 1950">
     <span class='ocr_line' id='line_1_65' title="bbox 2211 1873 3814 1950; baseline 0 -22"><span class='ocrx_word' id='word_1_462' title='bbox 2211 1873 2363 1928; x_wconf 80' lang='grc' dir='ltr'><strong>ἐᾶσαι</strong></span> <span class='ocrx_word' id='word_1_463' title='bbox 2406 1879 2492 1928; x_wconf 83' lang='grc' dir='ltr'><strong>τὸν</strong></span> <span class='ocrx_word' id='word_1_464' title='bbox 2539 1875 2710 1947; x_wconf 75' lang='grc' dir='ltr'><strong>λόγον,</strong></span> <span class='ocrx_word' id='word_1_465' title='bbox 2743 1877 2858 1928; x_wconf 75' lang='grc' dir='ltr'><strong>οὔτε</strong></span> <span class='ocrx_word' id='word_1_466' title='bbox 2904 1885 2995 1936; x_wconf 77' lang='grc' dir='ltr'><strong>τῆς</strong></span> <span class='ocrx_word' id='word_1_467' title='bbox 3036 1885 3135 1938; x_wconf 77' lang='grc' dir='ltr'><strong>σῆς</strong></span> <span class='ocrx_word' id='word_1_468' title='bbox 3188 1880 3375 1948; x_wconf 75' lang='grc' dir='ltr'><strong>σοφίας</strong></span> <span class='ocrx_word' id='word_1_469' title='bbox 3425 1874 3814 1950; x_wconf 72' lang='grc' dir='ltr'><strong>ἐπιτρεπούσης</strong></span> 
     </span>
    </p>
   </div>
   <div class='ocr_carea' id='block_1_66' title="bbox 2211 1964 3812 2041">
    <p class='ocr_par' dir='ltr' id='par_1_66' title="bbox 2211 1964 3812 2041">
     <span class='ocr_line' id='line_1_66' title="bbox 2211 1964 3812 2041; baseline -0.001 -23"><span class='ocrx_word' id='word_1_470' title='bbox 2211 1985 2262 2018; x_wconf 91' lang='grc' dir='ltr'><strong>τι</strong></span> <span class='ocrx_word' id='word_1_471' title='bbox 2308 1964 2477 2033; x_wconf 86' lang='grc' dir='ltr'><strong>πλέον,</strong></span> <span class='ocrx_word' id='word_1_472' title='bbox 2523 1969 2639 2018; x_wconf 69' lang='grc' dir='ltr'><strong>οὔτε</strong></span> <span class='ocrx_word' id='word_1_473' title='bbox 2694 1973 2789 2028; x_wconf 80' lang='grc' dir='ltr'><strong>τῆς</strong></span> <span class='ocrx_word' id='word_1_474' title='bbox 2831 1967 3205 2026; x_wconf 74' lang='grc' dir='ltr'><strong>καταστάσεως</strong></span> <span class='ocrx_word' id='word_1_475' title='bbox 3261 1964 3639 2041; x_wconf 68' lang='grc' dir='ltr'><strong>ἐπιτρεπούσης</strong></span> <span class='ocrx_word' id='word_1_476' title='bbox 3680 1967 3812 2037; x_wconf 82' lang='grc' dir='ltr'><strong>ἡμῖν</strong></span> 
     </span>
    </p>
   </div>
   <div class='ocr_carea' id='block_1_67' title="bbox 2211 2053 3818 2129">
    <p class='ocr_par' dir='ltr' id='par_1_67' title="bbox 2211 2053 3818 2129">
     <span class='ocr_line' id='line_1_67' title="bbox 2211 2053 3818 2129; baseline 0 -23"><span class='ocrx_word' id='word_1_477' title='bbox 2211 2058 2304 2112; x_wconf 74' lang='grc' dir='ltr'><strong>τὴν</strong></span> <span class='ocrx_word' id='word_1_478' title='bbox 2361 2053 2678 2128; x_wconf 78' lang='grc' dir='ltr'><strong>παρρησίαν.</strong></span> <span class='ocrx_word' id='word_1_479' title='bbox 2716 2059 2816 2107; x_wconf 83' lang='grc' dir='ltr'><strong>Καὶ</strong></span> <span class='ocrx_word' id='word_1_480' title='bbox 2871 2057 2995 2129; x_wconf 85' lang='grc' dir='ltr'><strong>πρὸς</strong></span> <span class='ocrx_word' id='word_1_481' title='bbox 3048 2062 3217 2107; x_wconf 78' lang='grc' dir='ltr'><strong>ταῦτα</strong></span> <span class='ocrx_word' id='word_1_482' title='bbox 3267 2075 3348 2116; x_wconf 86' lang='grc' dir='ltr'><strong>τις</strong></span> <span class='ocrx_word' id='word_1_483' title='bbox 3402 2057 3570 2116; x_wconf 86' lang='grc' dir='ltr'><strong>ἱκανός</strong></span> <span class='ocrx_word' id='word_1_484' title='bbox 3627 2054 3818 2129; x_wconf 76' lang='grc' dir='ltr'><strong>κυϐερ-</strong></span> 
     </span>
    </p>
   </div>
   <div class='ocr_carea' id='block_1_68' title="bbox 2211 2140 3814 2216">
    <p class='ocr_par' dir='ltr' id='par_1_68' title="bbox 2211 2140 3814 2216">
     <span class='ocr_line' id='line_1_68' title="bbox 2211 2140 3814 2216; baseline -0.001 -22"><span class='ocrx_word' id='word_1_485' title='bbox 2211 2149 2414 2209; x_wconf 80' lang='grc' dir='ltr'><strong>νήτης;</strong></span> <span class='ocrx_word' id='word_1_486' title='bbox 2483 2149 2560 2205; x_wconf 84' lang='grc' dir='ltr'><strong>τίς</strong></span> <span class='ocrx_word' id='word_1_487' title='bbox 2638 2143 2943 2205; x_wconf 77' lang='grc' dir='ltr'><strong>ἀξιόπιστος</strong></span> <span class='ocrx_word' id='word_1_488' title='bbox 3028 2140 3386 2204; x_wconf 79' lang='grc' dir='ltr'><strong>διαναστῆσαι</strong></span> <span class='ocrx_word' id='word_1_489' title='bbox 3457 2148 3541 2196; x_wconf 87' lang='grc' dir='ltr'><strong>τόν</strong></span> <span class='ocrx_word' id='word_1_490' title='bbox 3620 2147 3814 2216; x_wconf 75' lang='grc' dir='ltr'><strong>Κύριον</strong></span> 
     </span>
    </p>
   </div>
   <div class='ocr_carea' id='block_1_69' title="bbox 2214 2230 3810 2307">
    <p class='ocr_par' dir='ltr' id='par_1_69' title="bbox 2214 2230 3810 2307">
     <span class='ocr_line' id='line_1_69' title="bbox 2214 2230 3810 2307; baseline 0 -23"><span class='ocrx_word' id='word_1_491' title='bbox 2214 2230 2524 2305; x_wconf 79' lang='grc' dir='ltr'><strong>ἐπιτιμῆσαι</strong></span> <span class='ocrx_word' id='word_1_492' title='bbox 2566 2241 2635 2303; x_wconf 83' lang='grc' dir='ltr'><strong>τῷ</strong></span> <span class='ocrx_word' id='word_1_493' title='bbox 2678 2231 2844 2305; x_wconf 81' lang='grc' dir='ltr'><strong>ἀνέμῳ</strong></span> <span class='ocrx_word' id='word_1_494' title='bbox 2887 2238 2975 2285; x_wconf 82' lang='grc' dir='ltr'><strong>καὶ</strong></span> <span class='ocrx_word' id='word_1_495' title='bbox 3009 2241 3070 2304; x_wconf 77' lang='grc' dir='ltr'><strong>τῇ</strong></span> <span class='ocrx_word' id='word_1_496' title='bbox 3127 2233 3366 2306; x_wconf 73' lang='grc' dir='ltr'><strong>θαλάσση</strong></span> <span class='ocrx_word' id='word_1_497' title='bbox 3395 2249 3408 2299; x_wconf 90' lang='grc'>;</span> <span class='ocrx_word' id='word_1_498' title='bbox 3439 2238 3525 2294; x_wconf 86' lang='grc' dir='ltr'><strong>Τίς</strong></span> <span class='ocrx_word' id='word_1_499' title='bbox 3571 2234 3746 2307; x_wconf 84' lang='grc' dir='ltr'><strong>ἕτερος</strong></span> <span class='ocrx_word' id='word_1_500' title='bbox 3780 2233 3810 2291; x_wconf 75' lang='grc' dir='ltr'><strong>ἣ</strong></span> 
     </span>
    </p>
   </div>
   <div class='ocr_carea' id='block_1_70' title="bbox 2215 2319 3817 2396">
    <p class='ocr_par' dir='ltr' id='par_1_70' title="bbox 2215 2319 3817 2396">
     <span class='ocr_line' id='line_1_70' title="bbox 2215 2319 3817 2396; baseline 0 -22"><span class='ocrx_word' id='word_1_501' title='bbox 2215 2323 2240 2374; x_wconf 90' lang='grc' dir='ltr'><strong>ό</strong></span> <span class='ocrx_word' id='word_1_502' title='bbox 2303 2321 2358 2374; x_wconf 87' lang='grc' dir='ltr'><strong>ἐκ</strong></span> <span class='ocrx_word' id='word_1_503' title='bbox 2416 2319 2606 2383; x_wconf 69' lang='grc' dir='ltr'><strong>παιδὸς</strong></span> <span class='ocrx_word' id='word_1_504' title='bbox 2672 2330 2782 2384; x_wconf 86' lang='grc' dir='ltr'><strong>τοῖς</strong></span> <span class='ocrx_word' id='word_1_505' title='bbox 2847 2325 2973 2396; x_wconf 68' lang='grc' dir='ltr'><strong>ὑπὲρ</strong></span> <span class='ocrx_word' id='word_1_506' title='bbox 3040 2331 3134 2382; x_wconf 79' lang='grc' dir='ltr'><strong>τῆς</strong></span> <span class='ocrx_word' id='word_1_507' title='bbox 3196 2322 3456 2386; x_wconf 69' lang='grc' dir='ltr'><strong>εὐσεϐείας</strong></span> <span class='ocrx_word' id='word_1_508' title='bbox 3522 2321 3817 2385; x_wconf 79' lang='grc' dir='ltr'><strong>ἐναθλὴσας</strong></span> 
     </span>
    </p>
   </div>
   <div class='ocr_carea' id='block_1_71' title="bbox 2219 2407 3818 2485">
    <p class='ocr_par' dir='ltr' id='par_1_71' title="bbox 2219 2407 3818 2485">
     <span class='ocr_line' id='line_1_71' title="bbox 2219 2407 3818 2485; baseline 0.001 -22"><span class='ocrx_word' id='word_1_509' title='bbox 2219 2410 2451 2483; x_wconf 78' lang='grc' dir='ltr'><strong>ἀγῶσιν;</strong></span> <span class='ocrx_word' id='word_1_510' title='bbox 2522 2410 2662 2467; x_wconf 83' lang='grc' dir='ltr'><strong>Ἐπεὶ</strong></span> <span class='ocrx_word' id='word_1_511' title='bbox 2721 2407 2806 2464; x_wconf 75' lang='grc' dir='ltr'><strong>οὖν</strong></span> <span class='ocrx_word' id='word_1_512' title='bbox 2868 2413 3110 2485; x_wconf 78' lang='grc' dir='ltr'><strong>ὥρμηται</strong></span> <span class='ocrx_word' id='word_1_513' title='bbox 3170 2419 3257 2464; x_wconf 77' lang='grc' dir='ltr'><strong>νῦν</strong></span> <span class='ocrx_word' id='word_1_514' title='bbox 3313 2416 3542 2484; x_wconf 72' lang='grc' dir='ltr'><strong>γνησίως</strong></span> <span class='ocrx_word' id='word_1_515' title='bbox 3599 2420 3700 2464; x_wconf 81' lang='grc' dir='ltr'><strong>πᾶν</strong></span> <span class='ocrx_word' id='word_1_516' title='bbox 3756 2415 3818 2465; x_wconf 81' lang='grc' dir='ltr'><strong>τό</strong></span> 
     </span>
    </p>
   </div>
   <div class='ocr_carea' id='block_1_72' title="bbox 2218 2501 3824 2575">
    <p class='ocr_par' dir='ltr' id='par_1_72' title="bbox 2218 2501 3824 2575">
     <span class='ocr_line' id='line_1_72' title="bbox 2218 2501 3824 2575; baseline 0 -21"><span class='ocrx_word' id='word_1_517' title='bbox 2218 2506 2335 2574; x_wconf 83' lang='grc' dir='ltr'><strong>περὶ</strong></span> <span class='ocrx_word' id='word_1_518' title='bbox 2393 2504 2531 2573; x_wconf 73' lang='grc' dir='ltr'><strong>ἡμᾶς</strong></span> <span class='ocrx_word' id='word_1_519' title='bbox 2578 2503 2808 2572; x_wconf 72' lang='grc' dir='ltr'><strong>ὑγιαῖνον</strong></span> <span class='ocrx_word' id='word_1_520' title='bbox 2867 2504 3004 2554; x_wconf 87' lang='grc' dir='ltr'><strong>κατά</strong></span> <span class='ocrx_word' id='word_1_521' title='bbox 3057 2505 3150 2560; x_wconf 75' lang='grc' dir='ltr'><strong>τὴν</strong></span> <span class='ocrx_word' id='word_1_522' title='bbox 3205 2506 3384 2555; x_wconf 86' lang='grc' dir='ltr'><strong>πίστιν</strong></span> <span class='ocrx_word' id='word_1_523' title='bbox 3434 2501 3504 2564; x_wconf 86' lang='grc' dir='ltr'><strong>εἰς</strong></span> <span class='ocrx_word' id='word_1_524' title='bbox 3546 2507 3640 2561; x_wconf 74' lang='grc' dir='ltr'><strong>τὴν</strong></span> <span class='ocrx_word' id='word_1_525' title='bbox 3681 2505 3824 2575; x_wconf 79' lang='grc' dir='ltr'><strong>πρὸς</strong></span> 
     </span>
    </p>
   </div>
   <div class='ocr_carea' id='block_1_73' title="bbox 2218 2586 3822 2665">
    <p class='ocr_par' dir='ltr' id='par_1_73' title="bbox 2218 2586 3822 2665">
     <span class='ocr_line' id='line_1_73' title="bbox 2218 2586 3822 2665; baseline 0 -23"><span class='ocrx_word' id='word_1_526' title='bbox 2218 2594 2339 2652; x_wconf 76' lang='grc' dir='ltr'><strong>τοὺς</strong></span> <span class='ocrx_word' id='word_1_527' title='bbox 2404 2586 2690 2662; x_wconf 76' lang='grc' dir='ltr'><strong>ὁμοδόξους</strong></span> <span class='ocrx_word' id='word_1_528' title='bbox 2765 2596 3032 2642; x_wconf 87' lang='grc' dir='ltr'><strong>κοινωνίαν</strong></span> <span class='ocrx_word' id='word_1_529' title='bbox 3107 2595 3196 2644; x_wconf 85' lang='grc' dir='ltr'><strong>καὶ</strong></span> <span class='ocrx_word' id='word_1_530' title='bbox 3261 2592 3484 2660; x_wconf 81' lang='grc' dir='ltr'><strong>ἕνωσιν,</strong></span> <span class='ocrx_word' id='word_1_531' title='bbox 3560 2590 3822 2665; x_wconf 72' lang='grc' dir='ltr'><strong>θαρρούν-</strong></span> 
     </span>
    </p>
   </div>
   <div class='ocr_carea' id='block_1_74' title="bbox 2219 2679 3824 2754">
    <p class='ocr_par' dir='ltr' id='par_1_74' title="bbox 2219 2679 3824 2754">
     <span class='ocr_line' id='line_1_74' title="bbox 2219 2679 3824 2754; baseline 0 -22"><span class='ocrx_word' id='word_1_532' title='bbox 2219 2699 2319 2741; x_wconf 88' lang='grc' dir='ltr'><strong>τως</strong></span> <span class='ocrx_word' id='word_1_533' title='bbox 2351 2679 2462 2750; x_wconf 82' lang='grc'>(67)</span> <span class='ocrx_word' id='word_1_534' title='bbox 2501 2679 2720 2752; x_wconf 73' lang='grc' dir='ltr'><strong>ἤλθομεν</strong></span> <span class='ocrx_word' id='word_1_535' title='bbox 2761 2681 2829 2740; x_wconf 77' lang='grc' dir='ltr'><strong>εἰς</strong></span> <span class='ocrx_word' id='word_1_536' title='bbox 2855 2685 2949 2738; x_wconf 74' lang='grc' dir='ltr'><strong>τὴν</strong></span> <span class='ocrx_word' id='word_1_537' title='bbox 2988 2679 3322 2754; x_wconf 62' lang='grc' dir='ltr'><strong>παράκλησίν</strong></span> <span class='ocrx_word' id='word_1_538' title='bbox 3365 2699 3456 2733; x_wconf 92' lang='grc' dir='ltr'><strong>σου</strong></span> <span class='ocrx_word' id='word_1_539' title='bbox 3507 2687 3600 2742; x_wconf 84' lang='grc' dir='ltr'><strong>τῆς</strong></span> <span class='ocrx_word' id='word_1_540' title='bbox 3647 2679 3824 2744; x_wconf 83' lang='grc' dir='ltr'><strong>ἀνεξι-</strong></span> 
     </span>
    </p>
   </div>
   <div class='ocr_carea' id='block_1_75' title="bbox 2219 2767 3818 2841">
    <p class='ocr_par' dir='ltr' id='par_1_75' title="bbox 2219 2767 3818 2841">
     <span class='ocr_line' id='line_1_75' title="bbox 2219 2767 3818 2841; baseline 0.001 -20"><span class='ocrx_word' id='word_1_541' title='bbox 2219 2773 2451 2832; x_wconf 85' lang='grc' dir='ltr'><strong>κακίας,</strong></span> <span class='ocrx_word' id='word_1_542' title='bbox 2519 2767 2806 2822; x_wconf 74' lang='grc' dir='ltr'><strong>ἐπιστεῖλαι</strong></span> <span class='ocrx_word' id='word_1_543' title='bbox 2871 2775 3031 2821; x_wconf 84' lang='grc' dir='ltr'><strong>πᾶσιν</strong></span> <span class='ocrx_word' id='word_1_544' title='bbox 3106 2772 3229 2841; x_wconf 77' lang='grc' dir='ltr'><strong>ἡμῖν</strong></span> <span class='ocrx_word' id='word_1_545' title='bbox 3295 2768 3568 2827; x_wconf 79' lang='grc' dir='ltr'><strong>ἐπιστολὴν</strong></span> <span class='ocrx_word' id='word_1_546' title='bbox 3645 2774 3818 2841; x_wconf 83' lang='grc' dir='ltr'><strong>μίαν,</strong></span> 
     </span>
    </p>
   </div>
   <div class='ocr_carea' id='block_1_76' title="bbox 2217 2857 3827 2933">
    <p class='ocr_par' dir='ltr' id='par_1_76' title="bbox 2217 2857 3827 2933">
     <span class='ocr_line' id='line_1_76' title="bbox 2217 2857 3827 2933; baseline -0.002 -21"><span class='ocrx_word' id='word_1_547' title='bbox 2217 2863 2520 2933; x_wconf 83' lang='grc' dir='ltr'><strong>παραίνεσιν</strong></span> <span class='ocrx_word' id='word_1_548' title='bbox 2570 2861 2798 2930; x_wconf 77' lang='grc' dir='ltr'><strong>ἔχουσαν</strong></span> <span class='ocrx_word' id='word_1_549' title='bbox 2851 2866 2950 2910; x_wconf 87' lang='grc' dir='ltr'><strong>τῶν</strong></span> <span class='ocrx_word' id='word_1_550' title='bbox 2998 2863 3284 2932; x_wconf 83' lang='grc' dir='ltr'><strong>πρακτέων.</strong></span> <span class='ocrx_word' id='word_1_551' title='bbox 3329 2858 3508 2910; x_wconf 78' lang='grc' dir='ltr'><strong>Οὖτων</strong></span> <span class='ocrx_word' id='word_1_552' title='bbox 3548 2862 3647 2930; x_wconf 72' lang='grc' dir='ltr'><strong>γὰρ</strong></span> <span class='ocrx_word' id='word_1_553' title='bbox 3692 2857 3827 2930; x_wconf 78' lang='grc' dir='ltr'><strong>βού-</strong></span> 
     </span>
    </p>
   </div>
   <div class='ocr_carea' id='block_1_77' title="bbox 2217 2945 3829 3022">
    <p class='ocr_par' dir='ltr' id='par_1_77' title="bbox 2217 2945 3829 3022">
     <span class='ocr_line' id='line_1_77' title="bbox 2217 2945 3829 3022; baseline 0 -24"><span class='ocrx_word' id='word_1_554' title='bbox 2217 2945 2391 3000; x_wconf 91' lang='grc' dir='ltr'><strong>λονται</strong></span> <span class='ocrx_word' id='word_1_555' title='bbox 2420 2949 2563 3019; x_wconf 87' lang='grc' dir='ltr'><strong>παρά</strong></span> <span class='ocrx_word' id='word_1_556' title='bbox 2596 2954 2689 2999; x_wconf 86' lang='grc' dir='ltr'><strong>σοῦ</strong></span> <span class='ocrx_word' id='word_1_557' title='bbox 2733 2952 2826 3005; x_wconf 74' lang='grc' dir='ltr'><strong>τὴν</strong></span> <span class='ocrx_word' id='word_1_558' title='bbox 2874 2945 3048 3019; x_wconf 70' lang='grc' dir='ltr'><strong>ἀρχὴν</strong></span> <span class='ocrx_word' id='word_1_559' title='bbox 3081 2947 3309 3022; x_wconf 79' lang='grc' dir='ltr'><strong>ὑπάρξαι</strong></span> <span class='ocrx_word' id='word_1_560' title='bbox 3349 2947 3527 3008; x_wconf 84' lang='grc' dir='ltr'><strong>αύτοίς</strong></span> <span class='ocrx_word' id='word_1_561' title='bbox 3571 2955 3667 2998; x_wconf 85' lang='grc' dir='ltr'><strong>τῶν</strong></span> <span class='ocrx_word' id='word_1_562' title='bbox 3712 2966 3829 3000; x_wconf 85' lang='grc' dir='ltr'><strong>κοι-</strong></span> 
     </span>
    </p>
   </div>
   <div class='ocr_carea' id='block_1_78' title="bbox 2218 3033 3829 3100">
    <p class='ocr_par' dir='ltr' id='par_1_78' title="bbox 2218 3033 3829 3100">
     <span class='ocr_line' id='line_1_78' title="bbox 2218 3033 3829 3100; baseline 0.001 -12"><span class='ocrx_word' id='word_1_563' title='bbox 2218 3045 2440 3088; x_wconf 85' lang='grc' dir='ltr'><strong>νωνικῶν</strong></span> <span class='ocrx_word' id='word_1_564' title='bbox 2485 3033 2778 3100; x_wconf 77' lang='grc' dir='ltr'><strong>ὃιαλέξεων.</strong></span> <span class='ocrx_word' id='word_1_565' title='bbox 2831 3033 3043 3096; x_wconf 79' lang='grc' dir='ltr'><strong>Ἐπειδὴ</strong></span> <span class='ocrx_word' id='word_1_566' title='bbox 3105 3033 3163 3091; x_wconf 66' lang='grc' dir='ltr'><strong>δε</strong></span> <span class='ocrx_word' id='word_1_567' title='bbox 3206 3040 3337 3098; x_wconf 82' lang='grc' dir='ltr'><strong>ἴσως</strong></span> <span class='ocrx_word' id='word_1_568' title='bbox 3383 3036 3606 3090; x_wconf 81' lang='grc' dir='ltr'><strong>ὒποπτοι</strong></span> <span class='ocrx_word' id='word_1_569' title='bbox 3659 3056 3829 3090; x_wconf 77' lang='grc' dir='ltr'><strong>καταο</strong></span> 
     </span>
    </p>
   </div>
   <div class='ocr_carea' id='block_1_79' title="bbox 2220 3126 3824 3200">
    <p class='ocr_par' dir='ltr' id='par_1_79' title="bbox 2220 3126 3824 3200">
     <span class='ocr_line' id='line_1_79' title="bbox 2220 3126 3824 3200; baseline 0 -22"><span class='ocrx_word' id='word_1_570' title='bbox 2220 3131 2484 3199; x_wconf 73' lang='grc' dir='ltr'><strong>φαίνονται</strong></span> <span class='ocrx_word' id='word_1_571' title='bbox 2547 3126 2658 3197; x_wconf 87' lang='grc'>(68)</span> <span class='ocrx_word' id='word_1_572' title='bbox 2729 3145 2814 3178; x_wconf 91' lang='grc' dir='ltr'><strong>σοι</strong></span> <span class='ocrx_word' id='word_1_573' title='bbox 2883 3135 2943 3198; x_wconf 71' lang='grc' dir='ltr'><strong>τῇ</strong></span> <span class='ocrx_word' id='word_1_574' title='bbox 3011 3130 3186 3200; x_wconf 75' lang='grc' dir='ltr'><strong>μνήμη</strong></span> <span class='ocrx_word' id='word_1_575' title='bbox 3265 3135 3363 3179; x_wconf 86' lang='grc' dir='ltr'><strong>τῶν</strong></span> <span class='ocrx_word' id='word_1_576' title='bbox 3425 3126 3824 3200; x_wconf 70' lang='grc' dir='ltr'><strong>παρελθόντων,</strong></span> 
     </span>
    </p>
   </div>
   <div class='ocr_carea' id='block_1_80' title="bbox 2221 3215 3829 3291">
    <p class='ocr_par' dir='ltr' id='par_1_80' title="bbox 2221 3215 3829 3291">
     <span class='ocr_line' id='line_1_80' title="bbox 2221 3215 3829 3291; baseline 0 -21"><span class='ocrx_word' id='word_1_577' title='bbox 2221 3215 2380 3270; x_wconf 74' lang='grc' dir='ltr'><strong>ἐκεῖνο</strong></span> <span class='ocrx_word' id='word_1_578' title='bbox 2417 3221 2657 3286; x_wconf 80' lang='grc' dir='ltr'><strong>ποίησον,</strong></span> <span class='ocrx_word' id='word_1_579' title='bbox 2717 3215 3066 3288; x_wconf 74' lang='grc' dir='ltr'><strong>θεοφιλέστατε</strong></span> <span class='ocrx_word' id='word_1_580' title='bbox 3116 3219 3324 3291; x_wconf 79' lang='grc' dir='ltr'><strong>Πάτερ’</strong></span> <span class='ocrx_word' id='word_1_581' title='bbox 3378 3215 3490 3289; x_wconf 78' lang='grc' dir='ltr'><strong>ἐμοὶ</strong></span> <span class='ocrx_word' id='word_1_582' title='bbox 3550 3220 3637 3278; x_wconf 89' lang='grc' dir='ltr'><strong>τός</strong></span> <span class='ocrx_word' id='word_1_583' title='bbox 3693 3221 3829 3289; x_wconf 83' lang='grc' dir='ltr'><strong>πρὸς</strong></span> 
     </span>
    </p>
   </div>
   <div class='ocr_carea' id='block_1_81' title="bbox 2221 3303 3829 3378">
    <p class='ocr_par' dir='ltr' id='par_1_81' title="bbox 2221 3303 3829 3378">
     <span class='ocr_line' id='line_1_81' title="bbox 2221 3303 3829 3378; baseline -0.001 -19"><span class='ocrx_word' id='word_1_584' title='bbox 2221 3310 2337 3367; x_wconf 76' lang='grc' dir='ltr'><strong>τοὺς</strong></span> <span class='ocrx_word' id='word_1_585' title='bbox 2385 3305 2700 3368; x_wconf 78' lang='grc' dir='ltr'><strong>ἐπισκόπους</strong></span> <span class='ocrx_word' id='word_1_586' title='bbox 2768 3304 3038 3366; x_wconf 80' lang='grc' dir='ltr'><strong>ἐπιστολὰς</strong></span> <span class='ocrx_word' id='word_1_587' title='bbox 3093 3303 3393 3378; x_wconf 68' lang='grc' dir='ltr'><strong>διάπεμψαι</strong></span> <span class='ocrx_word' id='word_1_588' title='bbox 3446 3306 3473 3364; x_wconf 75' lang='grc' dir='ltr'><strong>ἣ</strong></span> <span class='ocrx_word' id='word_1_589' title='bbox 3537 3303 3631 3358; x_wconf 73' lang='grc' dir='ltr'><strong>δια</strong></span> <span class='ocrx_word' id='word_1_590' title='bbox 3691 3325 3829 3366; x_wconf 82' lang='grc' dir='ltr'><strong>τινος</strong></span> 
     </span>
    </p>
   </div>
   <div class='ocr_carea' id='block_1_82' title="bbox 2222 3391 3831 3470">
    <p class='ocr_par' dir='ltr' id='par_1_82' title="bbox 2222 3391 3831 3470">
     <span class='ocr_line' id='line_1_82' title="bbox 2222 3391 3831 3470; baseline 0 -22"><span class='ocrx_word' id='word_1_591' title='bbox 2222 3404 2322 3448; x_wconf 87' lang='grc' dir='ltr'><strong>τῶν</strong></span> <span class='ocrx_word' id='word_1_592' title='bbox 2372 3395 2582 3448; x_wconf 67' lang='grc' dir='ltr'><strong>αὐτόθεν</strong></span> <span class='ocrx_word' id='word_1_593' title='bbox 2635 3404 2858 3463; x_wconf 88' lang='grc' dir='ltr'><strong>πιστῶν,</strong></span> <span class='ocrx_word' id='word_1_594' title='bbox 2899 3395 2927 3454; x_wconf 72' lang='grc' dir='ltr'><strong>ἦ</strong></span> <span class='ocrx_word' id='word_1_595' title='bbox 2971 3400 3060 3448; x_wconf 84' lang='grc' dir='ltr'><strong>καὶ</strong></span> <span class='ocrx_word' id='word_1_596' title='bbox 3111 3391 3204 3448; x_wconf 80' lang='grc' dir='ltr'><strong>διὰ</strong></span> <span class='ocrx_word' id='word_1_597' title='bbox 3244 3403 3334 3448; x_wconf 79' lang='grc' dir='ltr'><strong>τοῦ</strong></span> <span class='ocrx_word' id='word_1_598' title='bbox 3382 3392 3608 3466; x_wconf 72' lang='grc' dir='ltr'><strong>ἀδελφοῦ</strong></span> <span class='ocrx_word' id='word_1_599' title='bbox 3659 3403 3831 3470; x_wconf 85' lang='grc' dir='ltr'><strong>Δωρο-</strong></span> 
     </span>
    </p>
   </div>
   <div class='ocr_carea' id='block_1_83' title="bbox 2227 3481 3830 3556">
    <p class='ocr_par' dir='ltr' id='par_1_83' title="bbox 2227 3481 3830 3556">
     <span class='ocr_line' id='line_1_83' title="bbox 2227 3481 3830 3556; baseline 0 -18"><span class='ocrx_word' id='word_1_600' title='bbox 2227 3487 2342 3538; x_wconf 83' lang='grc' dir='ltr'><strong>θέου</strong></span> <span class='ocrx_word' id='word_1_601' title='bbox 2399 3492 2490 3536; x_wconf 83' lang='grc' dir='ltr'><strong>τοῦ</strong></span> <span class='ocrx_word' id='word_1_602' title='bbox 2551 3481 2898 3537; x_wconf 76' lang='grc' dir='ltr'><strong>συνδιακόνου</strong></span> <span class='ocrx_word' id='word_1_603' title='bbox 2967 3486 3112 3556; x_wconf 78' lang='grc' dir='ltr'><strong>ημῶν</strong></span> <span class='ocrx_word' id='word_1_604' title='bbox 3144 3526 3159 3553; x_wconf 91' lang='grc'><strong>,</strong></span> <span class='ocrx_word' id='word_1_605' title='bbox 3209 3484 3270 3546; x_wconf 85' lang='grc' dir='ltr'><strong>ἃς</strong></span> <span class='ocrx_word' id='word_1_606' title='bbox 3329 3481 3716 3556; x_wconf 79' lang='grc' dir='ltr'><strong>ὑποδεξάμενος</strong></span> <span class='ocrx_word' id='word_1_607' title='bbox 3769 3486 3830 3538; x_wconf 79' lang='grc' dir='ltr'><strong>ού</strong></span> 
     </span>
    </p>
   </div>
   <div class='ocr_carea' id='block_1_84' title="bbox 2222 3570 3830 3648">
    <p class='ocr_par' dir='ltr' id='par_1_84' title="bbox 2222 3570 3830 3648">
     <span class='ocr_line' id='line_1_84' title="bbox 2222 3570 3830 3648; baseline 0.001 -22"><span class='ocrx_word' id='word_1_608' title='bbox 2222 3579 2470 3648; x_wconf 86' lang='grc' dir='ltr'><strong>πρότερον</strong></span> <span class='ocrx_word' id='word_1_609' title='bbox 2533 3570 2712 3642; x_wconf 82' lang='grc' dir='ltr'><strong>δώσω,</strong></span> <span class='ocrx_word' id='word_1_610' title='bbox 2779 3578 2850 3645; x_wconf 80' lang='grc' dir='ltr'><strong>μὴ</strong></span> <span class='ocrx_word' id='word_1_611' title='bbox 2914 3572 3082 3626; x_wconf 79' lang='grc' dir='ltr'><strong>λαϐὼν</strong></span> <span class='ocrx_word' id='word_1_612' title='bbox 3136 3575 3249 3643; x_wconf 84' lang='grc'>(69)</span> <span class='ocrx_word' id='word_1_613' title='bbox 3314 3576 3406 3635; x_wconf 85' lang='grc' dir='ltr'><strong>τάς</strong></span> <span class='ocrx_word' id='word_1_614' title='bbox 3471 3574 3596 3646; x_wconf 87' lang='grc' dir='ltr'><strong>παρ’</strong></span> <span class='ocrx_word' id='word_1_615' title='bbox 3654 3574 3830 3627; x_wconf 69' lang='grc' dir='ltr'><strong>αὐτῶν</strong></span> 
     </span>
    </p>
   </div>
   <div class='ocr_carea' id='block_1_85' title="bbox 2226 3660 3830 3738">
    <p class='ocr_par' dir='ltr' id='par_1_85' title="bbox 2226 3660 3830 3738">
     <span class='ocr_line' id='line_1_85' title="bbox 2226 3660 3830 3738; baseline 0 -22"><span class='ocrx_word' id='word_1_616' title='bbox 2226 3663 2566 3738; x_wconf 76' lang='grc' dir='ltr'><strong>ἀποκρίσεις⁸</strong></span> <span class='ocrx_word' id='word_1_617' title='bbox 2635 3663 2720 3714; x_wconf 84' lang='grc' dir='ltr'><strong>ἐὰν</strong></span> <span class='ocrx_word' id='word_1_618' title='bbox 2789 3660 2847 3715; x_wconf 69' lang='grc' dir='ltr'><strong>δὲ</strong></span> <span class='ocrx_word' id='word_1_619' title='bbox 2910 3668 2980 3735; x_wconf 72' lang='grc' dir='ltr'><strong>μὴ</strong></span> <span class='ocrx_word' id='word_1_620' title='bbox 3038 3665 3174 3734; x_wconf 72' lang='grc' dir='ltr'>(ΤΟ),</span> <span class='ocrx_word' id='word_1_621' title='bbox 3232 3663 3571 3738; x_wconf 80' lang='grc' dir='ltr'><strong>Ἰἰμαρτηκὼς</strong></span> <span class='ocrx_word' id='word_1_622' title='bbox 3636 3666 3830 3736; x_wconf 82' lang='grc' dir='ltr'><strong>ἔσομαι</strong></span> 
     </span>
    </p>
   </div>
   <div class='ocr_carea' id='block_1_86' title="bbox 2226 3752 3833 3825">
    <p class='ocr_par' dir='ltr' id='par_1_86' title="bbox 2226 3752 3833 3825">
     <span class='ocr_line' id='line_1_86' title="bbox 2226 3752 3833 3825; baseline -0.001 -20"><span class='ocrx_word' id='word_1_623' title='bbox 2226 3753 2291 3813; x_wconf 81' lang='grc' dir='ltr'><strong>εἰς</strong></span> <span class='ocrx_word' id='word_1_624' title='bbox 2339 3755 2395 3805; x_wconf 72' lang='grc' dir='ltr'><strong>σε</strong></span> <span class='ocrx_word' id='word_1_625' title='bbox 2443 3755 2616 3811; x_wconf 76' lang='grc' dir='ltr'><strong>πάσας</strong></span> <span class='ocrx_word' id='word_1_626' title='bbox 2674 3754 2762 3812; x_wconf 79' lang='grc' dir='ltr'><strong>τὰς</strong></span> <span class='ocrx_word' id='word_1_627' title='bbox 2815 3753 3012 3825; x_wconf 80' lang='grc' dir='ltr'><strong>ἡμέρας</strong></span> <span class='ocrx_word' id='word_1_628' title='bbox 3071 3761 3163 3813; x_wconf 79' lang='grc' dir='ltr'><strong>τῆς</strong></span> <span class='ocrx_word' id='word_1_629' title='bbox 3229 3752 3362 3812; x_wconf 79' lang='grc' dir='ltr'><strong>ζωῆς</strong></span> <span class='ocrx_word' id='word_1_630' title='bbox 3427 3771 3543 3824; x_wconf 85' lang='grc' dir='ltr'><strong>μου.</strong></span> <span class='ocrx_word' id='word_1_631' title='bbox 3609 3756 3833 3814; x_wconf 76' lang='grc' dir='ltr'><strong>Πάντως</strong></span> 
     </span>
    </p>
   </div>
   <div class='ocr_carea' id='block_1_87' title="bbox 2226 3839 3834 3914">
    <p class='ocr_par' dir='ltr' id='par_1_87' title="bbox 2226 3839 3834 3914">
     <span class='ocr_line' id='line_1_87' title="bbox 2226 3839 3834 3914; baseline -0.002 -19"><span class='ocrx_word' id='word_1_632' title='bbox 2226 3839 2285 3895; x_wconf 73' lang='grc' dir='ltr'><strong>δὲ</strong></span> <span class='ocrx_word' id='word_1_633' title='bbox 2323 3841 2380 3892; x_wconf 83' lang='grc' dir='ltr'><strong>ού</strong></span> <span class='ocrx_word' id='word_1_634' title='bbox 2430 3840 2659 3902; x_wconf 85' lang='grc' dir='ltr'><strong>πλείονος</strong></span> <span class='ocrx_word' id='word_1_635' title='bbox 2691 3841 2800 3911; x_wconf 78' lang='grc'>(71)</span> <span class='ocrx_word' id='word_1_636' title='bbox 2849 3841 2992 3904; x_wconf 78' lang='grc' dir='ltr'><strong>ἄξιον</strong></span> <span class='ocrx_word' id='word_1_637' title='bbox 3038 3840 3195 3913; x_wconf 71' lang='grc' dir='ltr'><strong>φόϐου</strong></span> <span class='ocrx_word' id='word_1_638' title='bbox 3249 3849 3400 3893; x_wconf 80' lang='grc' dir='ltr'><strong>τούτο</strong></span> <span class='ocrx_word' id='word_1_639' title='bbox 3432 3849 3502 3911; x_wconf 81' lang='grc' dir='ltr'><strong>τῷ</strong></span> <span class='ocrx_word' id='word_1_640' title='bbox 3552 3841 3606 3903; x_wconf 82' lang='grc' dir='ltr'><em>ἐξ</em></span> <span class='ocrx_word' id='word_1_641' title='bbox 3649 3840 3834 3914; x_wconf 76' lang='grc' dir='ltr'><strong>ἀρχῆς</strong></span> 
     </span>
    </p>
   </div>
   <div class='ocr_carea' id='block_1_88' title="bbox 2225 3929 3834 4004">
    <p class='ocr_par' dir='ltr' id='par_1_88' title="bbox 2225 3929 3834 4004">
     <span class='ocr_line' id='line_1_88' title="bbox 2225 3929 3834 4004; baseline -0.001 -21"><span class='ocrx_word' id='word_1_642' title='bbox 2225 3931 2416 3984; x_wconf 86' lang='grc' dir='ltr'><strong>εἰπόντι</strong></span> <span class='ocrx_word' id='word_1_643' title='bbox 2458 3933 2582 4003; x_wconf 86' lang='grc' dir='ltr'><strong>πρός</strong></span> <span class='ocrx_word' id='word_1_644' title='bbox 2643 3933 2728 3982; x_wconf 88' lang='grc' dir='ltr'><strong>τόν</strong></span> <span class='ocrx_word' id='word_1_645' title='bbox 2781 3935 2979 4004; x_wconf 81' lang='grc' dir='ltr'><strong>πατέρα</strong></span> <span class='ocrx_word' id='word_1_646' title='bbox 3035 3931 3064 3990; x_wconf 78' lang='grc' dir='ltr'>ἡ</span> <span class='ocrx_word' id='word_1_647' title='bbox 3125 3929 3238 4002; x_wconf 86' lang='grc' dir='ltr'><strong>ἐμοὶ</strong></span> <span class='ocrx_word' id='word_1_648' title='bbox 3293 3938 3382 3981; x_wconf 73' lang='grc' dir='ltr'><strong>νῦν</strong></span> <span class='ocrx_word' id='word_1_649' title='bbox 3444 3933 3569 4004; x_wconf 77' lang='grc' dir='ltr'><strong>πρὸς</strong></span> <span class='ocrx_word' id='word_1_650' title='bbox 3622 3935 3679 3983; x_wconf 70' lang='grc' dir='ltr'><strong>σε</strong></span> <span class='ocrx_word' id='word_1_651' title='bbox 3743 3935 3834 3982; x_wconf 81' lang='grc' dir='ltr'><strong>τόν</strong></span> 
     </span>
    </p>
   </div>
   <div class='ocr_carea' id='block_1_89' title="bbox 2222 4015 3838 4093">
    <p class='ocr_par' dir='ltr' id='par_1_89' title="bbox 2222 4015 3838 4093">
     <span class='ocr_line' id='line_1_89' title="bbox 2222 4015 3838 4093; baseline 0 -21"><span class='ocrx_word' id='word_1_652' title='bbox 2222 4023 2567 4092; x_wconf 81' lang='grc' dir='ltr'><strong>πνευματικὸν</strong></span> <span class='ocrx_word' id='word_1_653' title='bbox 2610 4023 2807 4091; x_wconf 85' lang='grc' dir='ltr'><strong>πατέρα</strong></span> <span class='ocrx_word' id='word_1_654' title='bbox 2853 4019 3072 4090; x_wconf 74' lang='grc' dir='ltr'><strong>λέγοντι.</strong></span> <span class='ocrx_word' id='word_1_655' title='bbox 3107 4019 3166 4071; x_wconf 84' lang='grc' dir='ltr'>Εἰ</span> <span class='ocrx_word' id='word_1_656' title='bbox 3205 4015 3265 4071; x_wconf 70' lang='grc' dir='ltr'><strong>δὲ</strong></span> <span class='ocrx_word' id='word_1_657' title='bbox 3311 4027 3463 4071; x_wconf 79' lang='grc' dir='ltr'><strong>τούτο</strong></span> <span class='ocrx_word' id='word_1_658' title='bbox 3509 4024 3663 4071; x_wconf 84' lang='grc' dir='ltr'><strong>παντὶ</strong></span> <span class='ocrx_word' id='word_1_659' title='bbox 3707 4040 3838 4093; x_wconf 83' lang='grc' dir='ltr'><strong>τρο-</strong></span> 
     </span>
    </p>
   </div>
   <div class='ocr_carea' id='block_1_90' title="bbox 2222 4108 3837 4182">
    <p class='ocr_par' dir='ltr' id='par_1_90' title="bbox 2222 4108 3837 4182">
     <span class='ocr_line' id='line_1_90' title="bbox 2222 4108 3837 4182; baseline 0 -20"><span class='ocrx_word' id='word_1_660' title='bbox 2356 4109 2712 4182; x_wconf 76' lang='grc' dir='ltr'><strong>ἀπηγόρευται</strong></span> <span class='ocrx_word' id='word_1_661' title='bbox 2763 4111 2906 4181; x_wconf 83' lang='grc' dir='ltr'><strong>παρά</strong></span> <span class='ocrx_word' id='word_1_662' title='bbox 2965 4115 3068 4174; x_wconf 88' lang='grc' dir='ltr'><strong>σοὶ,</strong></span> <span class='ocrx_word' id='word_1_663' title='bbox 3132 4108 3234 4160; x_wconf 84' lang='grc' dir='ltr'><strong>ἀλλ’</strong></span> <span class='ocrx_word' id='word_1_664' title='bbox 3296 4111 3428 4182; x_wconf 75' lang='grc' dir='ltr'><strong>ἡμᾶς</strong></span> <span class='ocrx_word' id='word_1_665' title='bbox 3480 4129 3539 4180; x_wconf 70' lang='grc' dir='ltr'><strong>γε</strong></span> <span class='ocrx_word' id='word_1_666' title='bbox 3592 4118 3687 4169; x_wconf 76' lang='grc' dir='ltr'><strong>τῆς</strong></span> <span class='ocrx_word' id='word_1_667' title='bbox 3749 4110 3837 4163; x_wconf 82' lang='grc' dir='ltr'><strong>ἐπὶ</strong></span> 
     </span>
    </p>
   </div>
   <div class='ocr_carea' id='block_1_91' title="bbox 2221 4193 3834 4270">
    <p class='ocr_par' dir='ltr' id='par_1_91' title="bbox 2221 4193 3834 4270">
     <span class='ocr_line' id='line_1_91' title="bbox 2221 4193 3834 4270; baseline 0 -20"><span class='ocrx_word' id='word_1_668' title='bbox 2221 4206 2283 4270; x_wconf 76' lang='grc' dir='ltr'><strong>τῇ</strong></span> <span class='ocrx_word' id='word_1_669' title='bbox 2331 4194 2575 4268; x_wconf 76' lang='grc' dir='ltr'><strong>διακονία</strong></span> <span class='ocrx_word' id='word_1_670' title='bbox 2621 4197 2792 4257; x_wconf 83' lang='grc' dir='ltr'><strong>αἰτίας</strong></span> <span class='ocrx_word' id='word_1_671' title='bbox 2836 4196 2977 4270; x_wconf 68' lang='grc' dir='ltr'><strong>ἆῖιες,</strong></span> <span class='ocrx_word' id='word_1_672' title='bbox 3027 4193 3226 4260; x_wconf 72' lang='grc' dir='ltr'><strong>ἀδόλως</strong></span> <span class='ocrx_word' id='word_1_673' title='bbox 3279 4203 3368 4249; x_wconf 84' lang='grc' dir='ltr'><strong>καὶ</strong></span> <span class='ocrx_word' id='word_1_674' title='bbox 3428 4196 3834 4259; x_wconf 83' lang='grc' dir='ltr'><strong>ἀκατασκεύως,</strong></span> 
     </span>
    </p>
   </div>
   <div class='ocr_carea' id='block_1_92' title="bbox 457 4280 2105 4361">
    <p class='ocr_par' dir='ltr' id='par_1_92' title="bbox 457 4280 2105 4358">
     <span class='ocr_line' id='line_1_92' title="bbox 457 4280 2105 4358; baseline 0.004 -22"><span class='ocrx_word' id='word_1_675' title='bbox 457 4281 659 4349; x_wconf 89' lang='lat' dir='ltr'><strong>timus,</strong></span> <span class='ocrx_word' id='word_1_676' title='bbox 689 4280 1152 4352; x_wconf 90' lang='lat' dir='ltr'><strong>conjunctionis,</strong></span> <span class='ocrx_word' id='word_1_677' title='bbox 1183 4281 1262 4338; x_wconf 92' lang='lat' dir='ltr'><strong>ad</strong></span> <span class='ocrx_word' id='word_1_678' title='bbox 1300 4283 1414 4338; x_wconf 90' lang='lat' dir='ltr'><strong>hoc</strong></span> <span class='ocrx_word' id='word_1_679' title='bbox 1461 4281 1640 4353; x_wconf 88' lang='lat' dir='ltr'><strong>legati</strong></span> <span class='ocrx_word' id='word_1_680' title='bbox 1672 4287 1729 4340; x_wconf 86' lang='lat' dir='ltr'><strong>et</strong></span> <span class='ocrx_word' id='word_1_681' title='bbox 1776 4283 2105 4358; x_wconf 81' lang='lat' dir='ltr'><strong>interpretis</strong></span> 
     </span>
    </p>
   </div>
   <div class='ocr_carea' id='block_1_93' title="bbox 2220 4280 3835 4361">
    <p class='ocr_par' dir='ltr' id='par_1_93' title="bbox 2223 4285 3835 4361">
     <span class='ocr_line' id='line_1_93' title="bbox 2223 4285 3835 4361; baseline 0.001 -23"><span class='ocrx_word' id='word_1_682' title='bbox 2223 4287 2473 4358; x_wconf 75' lang='grc' dir='ltr'><strong>ἐπιθυμίᾳ</strong></span> <span class='ocrx_word' id='word_1_683' title='bbox 2515 4294 2609 4347; x_wconf 85' lang='grc' dir='ltr'><strong>τῆς</strong></span> <span class='ocrx_word' id='word_1_684' title='bbox 2651 4287 2857 4360; x_wconf 74' lang='grc' dir='ltr'><strong>εἰρήνης</strong></span> <span class='ocrx_word' id='word_1_685' title='bbox 2907 4291 2996 4338; x_wconf 86' lang='grc' dir='ltr'><strong>καὶ</strong></span> <span class='ocrx_word' id='word_1_686' title='bbox 3037 4296 3131 4347; x_wconf 80' lang='grc' dir='ltr'><strong>τῆς</strong></span> <span class='ocrx_word' id='word_1_687' title='bbox 3179 4289 3311 4361; x_wconf 84' lang='grc' dir='ltr'><strong>πρὸς</strong></span> <span class='ocrx_word' id='word_1_688' title='bbox 3371 4285 3624 4348; x_wconf 76' lang='grc' dir='ltr'><strong>ἀλλήλους</strong></span> <span class='ocrx_word' id='word_1_689' title='bbox 3681 4290 3835 4360; x_wconf 75' lang='grc' dir='ltr'><strong>ἡμῶν</strong></span> 
     </span>
    </p>
   </div>
   <div class='ocr_carea' id='block_1_94' title="bbox 457 4371 1100 4428">
    <p class='ocr_par' dir='ltr' id='par_1_94' title="bbox 457 4371 1100 4428">
     <span class='ocr_line' id='line_1_94' title="bbox 457 4371 1100 4428; baseline -0.002 -2"><span class='ocrx_word' id='word_1_690' title='bbox 457 4385 678 4427; x_wconf 90' lang='lat' dir='ltr'><strong>munus</strong></span> <span class='ocrx_word' id='word_1_691' title='bbox 708 4371 1100 4428; x_wconf 88' lang='lat' dir='ltr'><strong>accessimus.</strong></span> 
     </span>
    </p>
   </div>
   <div class='ocr_carea' id='block_1_95' title="bbox 524 4657 1134 4725">
    <p class='ocr_par' dir='ltr' id='par_1_95' title="bbox 524 4657 1134 4725">
     <span class='ocr_line' id='line_1_95' title="bbox 524 4657 1134 4725; baseline -0.002 -12"><span class='ocrx_word' id='word_1_692' title='bbox 524 4657 546 4692; x_wconf 81' lang='grc'>⁸</span> <span class='ocrx_word' id='word_1_693' title='bbox 586 4659 801 4713; x_wconf 83' lang='lat' dir='ltr'><strong>Genes.</strong></span> <span class='ocrx_word' id='word_1_694' title='bbox 843 4672 1000 4725; x_wconf 81' lang='lat' dir='ltr'><strong>XLIII,</strong></span> <span class='ocrx_word' id='word_1_695' title='bbox 1050 4660 1134 4712; x_wconf 87' lang='lat' dir='ltr'><strong>l0.</strong></span> 
     </span>
    </p>
   </div>
   <div class='ocr_carea' id='block_1_96' title="bbox 523 4831 2095 4908">
    <p class='ocr_par' dir='ltr' id='par_1_96' title="bbox 523 4831 2095 4908">
     <span class='ocr_line' id='line_1_96' title="bbox 523 4831 2095 4908; baseline 0.002 -18"><span class='ocrx_word' id='word_1_696' title='bbox 523 4835 631 4908; x_wconf 60' lang='grc' dir='ltr'>(δᾴ)</span> <span class='ocrx_word' id='word_1_697' title='bbox 672 4838 804 4908; x_wconf 84' lang='grc' dir='ltr'><strong>Πρός</strong></span> <span class='ocrx_word' id='word_1_698' title='bbox 834 4839 925 4908; x_wconf 54' lang='grc' dir='ltr'><strong>τὴν</strong></span> <span class='ocrx_word' id='word_1_699' title='bbox 959 4831 1165 4908; x_wconf 67' lang='grc' dir='ltr'><strong>ἐλπίδα.</strong></span> <span class='ocrx_word' id='word_1_700' title='bbox 1195 4835 1534 4908; x_wconf 79' lang='lat' dir='ltr'><strong>vaticanus,</strong></span> <span class='ocrx_word' id='word_1_701' title='bbox 1570 4838 1709 4903; x_wconf 83' lang='lat' dir='ltr'><strong>Reg.</strong></span> <span class='ocrx_word' id='word_1_702' title='bbox 1745 4838 2004 4908; x_wconf 88' lang='lat' dir='ltr'><strong>uterque</strong></span> <span class='ocrx_word' id='word_1_703' title='bbox 2038 4839 2095 4893; x_wconf 87' lang='lat' dir='ltr'><strong>et</strong></span> 
     </span>
    </p>
   </div>
   <div class='ocr_carea' id='block_1_97' title="bbox 451 4903 2092 4979">
    <p class='ocr_par' dir='ltr' id='par_1_97' title="bbox 451 4903 2092 4979">
     <span class='ocr_line' id='line_1_97' title="bbox 451 4903 2092 4979; baseline 0.001 -16"><span class='ocrx_word' id='word_1_704' title='bbox 451 4905 630 4979; x_wconf 72' lang='lat' dir='ltr'><strong>Coisl.</strong></span> <span class='ocrx_word' id='word_1_705' title='bbox 669 4903 971 4979; x_wconf 81' lang='lat' dir='ltr'><strong>secundus</strong></span> <span class='ocrx_word' id='word_1_706' title='bbox 1009 4903 1303 4979; x_wconf 54' lang='lat' dir='ltr'><strong>:fiélnid‘t.</strong></span> <span class='ocrx_word' id='word_1_707' title='bbox 1341 4903 1568 4962; x_wconf 87' lang='lat' dir='ltr'><strong>Ibidem</strong></span> <span class='ocrx_word' id='word_1_708' title='bbox 1611 4911 1752 4974; x_wconf 82' lang='lat' dir='ltr'><strong>lteg.</strong></span> <span class='ocrx_word' id='word_1_709' title='bbox 1787 4903 2092 4964; x_wconf 78' lang='lat' dir='ltr'><strong>secundus</strong></span> 
     </span>
    </p>
   </div>
   <div class='ocr_carea' id='block_1_98' title="bbox 449 4977 1932 5050">
    <p class='ocr_par' dir='ltr' id='par_1_98' title="bbox 449 4977 1932 5050">
     <span class='ocr_line' id='line_1_98' title="bbox 449 4977 1932 5050; baseline -0.001 -15"><span class='ocrx_word' id='word_1_710' title='bbox 449 4983 508 5035; x_wconf 91' lang='lat' dir='ltr'><strong>et</strong></span> <span class='ocrx_word' id='word_1_711' title='bbox 537 4977 708 5032; x_wconf 79' lang='lat' dir='ltr'><strong>Coisl.</strong></span> <span class='ocrx_word' id='word_1_712' title='bbox 740 4977 1053 5033; x_wconf 76' lang='lat' dir='ltr'><strong>secundus</strong></span> <span class='ocrx_word' id='word_1_713' title='bbox 1072 4977 1125 5030; x_wconf 84' lang='grc' dir='ltr'><strong>ἐκ</strong></span> <span class='ocrx_word' id='word_1_714' title='bbox 1151 4986 1239 5030; x_wconf 76' lang='grc' dir='ltr'><strong>τοῦ</strong></span> <span class='ocrx_word' id='word_1_715' title='bbox 1274 4977 1608 5050; x_wconf 69' lang='grc' dir='ltr'><strong>ἀπογνώσεως</strong></span> <span class='ocrx_word' id='word_1_716' title='bbox 1635 4986 1932 5050; x_wconf 72' lang='grc' dir='ltr'><strong>πτώματος.</strong></span> 
     </span>
    </p>
   </div>
   <div class='ocr_carea' id='block_1_99' title="bbox 519 5049 2097 5122">
    <p class='ocr_par' dir='ltr' id='par_1_99' title="bbox 519 5049 2097 5122">
     <span class='ocr_line' id='line_1_99' title="bbox 519 5049 2097 5122; baseline 0.001 -18"><span class='ocrx_word' id='word_1_717' title='bbox 519 5051 632 5120; x_wconf 80' lang='grc'>(65)</span> <span class='ocrx_word' id='word_1_718' title='bbox 675 5052 865 5110; x_wconf 79' lang='grc' dir='ltr'><strong>Πάντες</strong></span> <span class='ocrx_word' id='word_1_719' title='bbox 897 5051 1046 5122; x_wconf 61' lang='grc' dir='ltr'><strong>ὁμοῦ.</strong></span> <span class='ocrx_word' id='word_1_720' title='bbox 1083 5053 1249 5104; x_wconf 90' lang='lat' dir='ltr'><strong>Deest</strong></span> <span class='ocrx_word' id='word_1_721' title='bbox 1299 5049 1512 5122; x_wconf 88' lang='lat' dir='ltr'><strong>ultima</strong></span> <span class='ocrx_word' id='word_1_722' title='bbox 1557 5050 1785 5122; x_wconf 82' lang='lat' dir='ltr'><strong>vox_in</strong></span> <span class='ocrx_word' id='word_1_723' title='bbox 1827 5051 2097 5122; x_wconf 87' lang='lat' dir='ltr'><strong>quinque</strong></span> 
     </span>
    </p>
   </div>
   <div class='ocr_carea' id='block_1_100' title="bbox 447 5119 2094 5191">
    <p class='ocr_par' dir='ltr' id='par_1_100' title="bbox 447 5119 2094 5191">
     <span class='ocr_line' id='line_1_100' title="bbox 447 5119 2094 5191; baseline 0 -15"><span class='ocrx_word' id='word_1_724' title='bbox 447 5137 592 5176; x_wconf 88' lang='lat' dir='ltr'><strong>mss.</strong></span> <span class='ocrx_word' id='word_1_725' title='bbox 615 5119 747 5177; x_wconf 92' lang='lat' dir='ltr'><strong>non</strong></span> <span class='ocrx_word' id='word_1_726' title='bbox 784 5119 985 5176; x_wconf 86' lang='lat' dir='ltr'><strong>tamen</strong></span> <span class='ocrx_word' id='word_1_727' title='bbox 1016 5121 1075 5175; x_wconf 90' lang='lat' dir='ltr'><strong>in</strong></span> <span class='ocrx_word' id='word_1_728' title='bbox 1108 5121 1545 5177; x_wconf 85' lang='lat' dir='ltr'><strong>vetustissimis.</strong></span> <span class='ocrx_word' id='word_1_729' title='bbox 1573 5119 1752 5176; x_wconf 84' lang='lat' dir='ltr'><strong>Paulo</strong></span> <span class='ocrx_word' id='word_1_730' title='bbox 1793 5119 1926 5191; x_wconf 83' lang='lat' dir='ltr'><strong>post</strong></span> <span class='ocrx_word' id='word_1_731' title='bbox 1957 5119 2094 5176; x_wconf 82' lang='lat' dir='ltr'><strong>editi</strong></span> 
     </span>
    </p>
   </div>
   <div class='ocr_carea' id='block_1_101' title="bbox 449 5191 2096 5265">
    <p class='ocr_par' dir='ltr' id='par_1_101' title="bbox 449 5191 2096 5265">
     <span class='ocr_line' id='line_1_101' title="bbox 449 5191 2096 5265; baseline 0.001 -19"><span class='ocrx_word' id='word_1_732' title='bbox 449 5191 668 5265; x_wconf 74' lang='grc' dir='ltr'><strong>βεϐαίως</strong></span> <span class='ocrx_word' id='word_1_733' title='bbox 697 5194 964 5265; x_wconf 76' lang='grc' dir='ltr'><strong>κινούσης.</strong></span> <span class='ocrx_word' id='word_1_734' title='bbox 995 5193 1104 5265; x_wconf 83' lang='lat' dir='ltr'><strong>Sex</strong></span> <span class='ocrx_word' id='word_1_735' title='bbox 1134 5207 1280 5265; x_wconf 82' lang='lat' dir='ltr'><strong>mss.</strong></span> <span class='ocrx_word' id='word_1_736' title='bbox 1312 5197 1377 5246; x_wconf 88' lang='lat' dir='ltr'><strong>ut</strong></span> <span class='ocrx_word' id='word_1_737' title='bbox 1401 5191 1459 5246; x_wconf 91' lang='lat' dir='ltr'><strong>in</strong></span> <span class='ocrx_word' id='word_1_738' title='bbox 1485 5197 1666 5247; x_wconf 78' lang='lat' dir='ltr'><strong>textu.</strong></span> <span class='ocrx_word' id='word_1_739' title='bbox 1699 5193 1969 5248; x_wconf 86' lang='lat' dir='ltr'><strong>Instituta</strong></span> <span class='ocrx_word' id='word_1_740' title='bbox 2001 5193 2096 5248; x_wconf 84' lang='lat' dir='ltr'><strong>hic</strong></span> 
     </span>
    </p>
   </div>
   <div class='ocr_carea' id='block_1_102' title="bbox 447 5261 2094 5337">
    <p class='ocr_par' dir='ltr' id='par_1_102' title="bbox 447 5261 2094 5337">
     <span class='ocr_line' id='line_1_102' title="bbox 447 5261 2094 5337; baseline -0.001 -17"><span class='ocrx_word' id='word_1_741' title='bbox 447 5261 822 5337; x_wconf 75' lang='lat' dir='ltr'><strong>comparatio</strong></span> <span class='ocrx_word' id='word_1_742' title='bbox 854 5263 1097 5337; x_wconf 68' lang='lat' dir='ltr'><strong>uberius</strong></span> <span class='ocrx_word' id='word_1_743' title='bbox 1123 5261 1329 5337; x_wconf 84' lang='lat' dir='ltr'><strong>multo</strong></span> <span class='ocrx_word' id='word_1_744' title='bbox 1362 5268 1755 5332; x_wconf 85' lang='lat' dir='ltr'><strong>pertractatur</strong></span> <span class='ocrx_word' id='word_1_745' title='bbox 1795 5265 1854 5319; x_wconf 88' lang='lat' dir='ltr'><strong>in</strong></span> <span class='ocrx_word' id='word_1_746' title='bbox 1899 5265 2094 5336; x_wconf 89' lang='lat' dir='ltr'><strong>capite</strong></span> 
     </span>
    </p>
   </div>
   <div class='ocr_carea' id='block_1_103' title="bbox 446 5334 1454 5404">
    <p class='ocr_par' dir='ltr' id='par_1_103' title="bbox 446 5334 1454 5404">
     <span class='ocr_line' id='line_1_103' title="bbox 446 5334 1454 5404; baseline -0.002 -14"><span class='ocrx_word' id='word_1_747' title='bbox 446 5334 658 5391; x_wconf 82' lang='lat' dir='ltr'><strong>ultimo</strong></span> <span class='ocrx_word' id='word_1_748' title='bbox 689 5334 820 5390; x_wconf 89' lang='lat' dir='ltr'><strong>libri</strong></span> <span class='ocrx_word' id='word_1_749' title='bbox 850 5335 936 5390; x_wconf 87' lang='lat' dir='ltr'><strong>De</strong></span> <span class='ocrx_word' id='word_1_750' title='bbox 960 5334 1198 5404; x_wconf 68' lang='lat' dir='ltr'><strong>Spiritu</strong></span> <span class='ocrx_word' id='word_1_751' title='bbox 1223 5339 1454 5389; x_wconf 82' lang='lat' dir='ltr'><strong>sancto.</strong></span> 
     </span>
    </p>
   </div>
   <div class='ocr_carea' id='block_1_104' title="bbox 490 5404 2092 5529">
    <p class='ocr_par' dir='ltr' id='par_1_104' title="bbox 490 5404 2092 5529">
     <span class='ocr_line' id='line_1_104' title="bbox 490 5404 2092 5529; baseline -0.002 -68"><span class='ocrx_word' id='word_1_752' title='bbox 490 5408 629 5529; x_wconf 47' lang='lat'><strong>1((56)</strong></span> <span class='ocrx_word' id='word_1_753' title='bbox 667 5413 776 5459; x_wconf 83' lang='grc' dir='ltr'><strong>Τῶν</strong></span> <span class='ocrx_word' id='word_1_754' title='bbox 819 5405 1150 5479; x_wconf 79' lang='grc' dir='ltr'><strong>ἐμπλεόντων.</strong></span> <span class='ocrx_word' id='word_1_755' title='bbox 1187 5404 1360 5463; x_wconf 90' lang='lat' dir='ltr'><strong>Coisl.</strong></span> <span class='ocrx_word' id='word_1_756' title='bbox 1411 5404 1642 5476; x_wconf 88' lang='lat' dir='ltr'><strong>primus</strong></span> <span class='ocrx_word' id='word_1_757' title='bbox 1689 5408 1745 5461; x_wconf 91' lang='lat' dir='ltr'><strong>et</strong></span> <span class='ocrx_word' id='word_1_758' title='bbox 1789 5405 1945 5464; x_wconf 86' lang='lat' dir='ltr'><strong>Harl.</strong></span> <span class='ocrx_word' id='word_1_759' title='bbox 1993 5415 2092 5459; x_wconf 87' lang='grc' dir='ltr'><strong>τῶν</strong></span> 
     </span>
     <span class='ocr_line' id='line_1_105' title="bbox 525 5497 723 5529; baseline 0 0"><span class='ocrx_word' id='word_1_760' title='bbox 525 5497 723 5529; x_wconf 85' lang='grc' dir='ltr'><strong>εοντων.</strong></span> 
     </span>
    </p>
   </div>
   <div class='ocr_carea' id='block_1_105' title="bbox 449 5496 723 5534">
    <p class='ocr_par' dir='ltr' id='par_1_105' title="bbox 449 5496 723 5534">
     <span class='ocr_line' id='line_1_106' title="bbox 449 5496 723 5534; baseline 0.007 -3"><span class='ocrx_word' id='word_1_761' title='bbox 449 5496 723 5534; x_wconf 73' lang='grc' dir='ltr'><strong>πλεόντων.</strong></span> 
     </span>
    </p>
   </div>
   <div class='ocr_carea' id='block_1_106' title="bbox 517 5545 2092 5626">
    <p class='ocr_par' dir='ltr' id='par_1_106' title="bbox 517 5545 2092 5626">
     <span class='ocr_line' id='line_1_107' title="bbox 517 5545 2092 5626; baseline 0.002 -22"><span class='ocrx_word' id='word_1_762' title='bbox 517 5547 631 5622; x_wconf 84' lang='grc'>(67)</span> <span class='ocrx_word' id='word_1_763' title='bbox 672 5548 1031 5626; x_wconf 76' lang='grc' dir='ltr'><strong>Θαρῥούντως.</strong></span> <span class='ocrx_word' id='word_1_764' title='bbox 1073 5551 1158 5608; x_wconf 90' lang='lat' dir='ltr'><strong>Ita</strong></span> <span class='ocrx_word' id='word_1_765' title='bbox 1205 5546 1378 5606; x_wconf 91' lang='lat' dir='ltr'><strong>Coisl.</strong></span> <span class='ocrx_word' id='word_1_766' title='bbox 1424 5545 1656 5620; x_wconf 90' lang='lat' dir='ltr'><strong>primus</strong></span> <span class='ocrx_word' id='word_1_767' title='bbox 1699 5551 1755 5606; x_wconf 91' lang='lat' dir='ltr'><strong>et</strong></span> <span class='ocrx_word' id='word_1_768' title='bbox 1797 5549 1938 5620; x_wconf 82' lang='lat' dir='ltr'><strong>Reg.</strong></span> <span class='ocrx_word' id='word_1_769' title='bbox 1970 5549 2092 5623; x_wconf 84' lang='lat' dir='ltr'><strong>pri-</strong></span> 
     </span>
    </p>
   </div>
   <div class='ocr_carea' id='block_1_107' title="bbox 2221 4376 3834 4452">
    <p class='ocr_par' dir='ltr' id='par_1_107' title="bbox 2221 4376 3834 4452">
     <span class='ocr_line' id='line_1_108' title="bbox 2221 4376 3834 4452; baseline 0 -23"><span class='ocrx_word' id='word_1_770' title='bbox 2221 4381 2500 4448; x_wconf 75' lang='grc' dir='ltr'><strong>συναφείας</strong></span> <span class='ocrx_word' id='word_1_771' title='bbox 2550 4384 2646 4426; x_wconf 81' lang='grc' dir='ltr'><strong>τῶν</strong></span> <span class='ocrx_word' id='word_1_772' title='bbox 2679 4377 3026 4448; x_wconf 75' lang='grc' dir='ltr'><strong>ὁμονοούντων</strong></span> <span class='ocrx_word' id='word_1_773' title='bbox 3077 4376 3149 4437; x_wconf 88' lang='grc' dir='ltr'><strong>εἰς</strong></span> <span class='ocrx_word' id='word_1_774' title='bbox 3188 4379 3254 4428; x_wconf 79' lang='grc' dir='ltr'><strong>τὰ</strong></span> <span class='ocrx_word' id='word_1_775' title='bbox 3299 4378 3426 4450; x_wconf 84' lang='grc' dir='ltr'><strong>πρὸς</strong></span> <span class='ocrx_word' id='word_1_776' title='bbox 3470 4379 3557 4428; x_wconf 87' lang='grc' dir='ltr'><strong>τόν</strong></span> <span class='ocrx_word' id='word_1_777' title='bbox 3608 4379 3834 4452; x_wconf 79' lang='grc' dir='ltr'><strong>Κύριον,</strong></span> 
     </span>
    </p>
   </div>
   <div class='ocr_carea' id='block_1_108' title="bbox 2217 4464 3835 4539">
    <p class='ocr_par' dir='ltr' id='par_1_108' title="bbox 2217 4464 3835 4539">
     <span class='ocr_line' id='line_1_109' title="bbox 2217 4464 3835 4539; baseline 0.002 -21"><span class='ocrx_word' id='word_1_778' title='bbox 2217 4464 2303 4518; x_wconf 74' lang='grc' dir='ltr'><strong>ἐπὶ</strong></span> <span class='ocrx_word' id='word_1_779' title='bbox 2339 4469 2433 4524; x_wconf 79' lang='grc' dir='ltr'><strong>τὴν</strong></span> <span class='ocrx_word' id='word_1_780' title='bbox 2463 4464 2737 4539; x_wconf 74' lang='grc' dir='ltr'><strong>πρεσϐείαν</strong></span> <span class='ocrx_word' id='word_1_781' title='bbox 2783 4469 2976 4525; x_wconf 81' lang='grc' dir='ltr'><strong>ταύτην</strong></span> <span class='ocrx_word' id='word_1_782' title='bbox 3016 4470 3106 4519; x_wconf 83' lang='grc' dir='ltr'><strong>καὶ</strong></span> <span class='ocrx_word' id='word_1_783' title='bbox 3151 4469 3415 4538; x_wconf 84' lang='grc' dir='ltr'><strong>μεσιτείαν</strong></span> <span class='ocrx_word' id='word_1_784' title='bbox 3448 4464 3835 4538; x_wconf 71' lang='grc' dir='ltr'><strong>ἀφικομένους.</strong></span> 
     </span>
    </p>
   </div>
   <div class='ocr_carea' id='block_1_109' title="bbox 2204 4838 3832 4913">
    <p class='ocr_par' dir='ltr' id='par_1_109' title="bbox 2204 4838 3832 4913">
     <span class='ocr_line' id='line_1_110' title="bbox 2204 4838 3832 4913; baseline 0.002 -20"><span class='ocrx_word' id='word_1_785' title='bbox 2204 4853 2359 4913; x_wconf 81' lang='lat' dir='ltr'><strong>mus,</strong></span> <span class='ocrx_word' id='word_1_786' title='bbox 2392 4853 2528 4894; x_wconf 91' lang='lat' dir='ltr'><strong>cum</strong></span> <span class='ocrx_word' id='word_1_787' title='bbox 2561 4838 2705 4893; x_wconf 88' lang='lat' dir='ltr'><strong>Med.</strong></span> <span class='ocrx_word' id='word_1_788' title='bbox 2741 4842 2795 4892; x_wconf 88' lang='lat' dir='ltr'><strong>et</strong></span> <span class='ocrx_word' id='word_1_789' title='bbox 2823 4838 2980 4913; x_wconf 82' lang='lat' dir='ltr'><strong>Harl.</strong></span> <span class='ocrx_word' id='word_1_790' title='bbox 3019 4838 3178 4913; x_wconf 79' lang='lat' dir='ltr'><strong>Editi</strong></span> <span class='ocrx_word' id='word_1_791' title='bbox 3203 4839 3530 4913; x_wconf 69' lang='grc' dir='ltr'><strong>Θαρρούντες,</strong></span> <span class='ocrx_word' id='word_1_792' title='bbox 3563 4844 3832 4913; x_wconf 83' lang='lat' dir='ltr'><strong>excepta</strong></span> 
     </span>
    </p>
   </div>
   <div class='ocr_carea' id='block_1_110' title="bbox 2203 4887 3629 4983">
    <p class='ocr_par' dir='ltr' id='par_1_110' title="bbox 2203 4887 3629 4983">
     <span class='ocr_line' id='line_1_111' title="bbox 2203 4887 3629 4983; baseline -0.003 -17"><span class='ocrx_word' id='word_1_793' title='bbox 2203 4887 2459 4966; x_wconf 74' lang='lat' dir='ltr'><strong>editione</strong></span> <span class='ocrx_word' id='word_1_794' title='bbox 2490 4912 2884 4978; x_wconf 80' lang='lat' dir='ltr'><strong>tlaganoensi,</strong></span> <span class='ocrx_word' id='word_1_795' title='bbox 2915 4926 3050 4982; x_wconf 68' lang='lat' dir='ltr'><strong>quin</strong></span> <span class='ocrx_word' id='word_1_796' title='bbox 3085 4887 3629 4983; x_wconf 57' lang='grc' dir='ltr'><strong>ιιεψείὸαρῥοῡξῖ-ας.</strong></span> 
     </span>
    </p>
   </div>
   <div class='ocr_carea' id='block_1_111' title="bbox 2279 4981 3829 5052">
    <p class='ocr_par' dir='ltr' id='par_1_111' title="bbox 2279 4981 3829 5052">
     <span class='ocr_line' id='line_1_112' title="bbox 2279 4981 3829 5052; baseline 0.001 -16"><span class='ocrx_word' id='word_1_797' title='bbox 2279 4983 2392 5049; x_wconf 83' lang='grc'>(68)</span> <span class='ocrx_word' id='word_1_798' title='bbox 2435 4986 2871 5052; x_wconf 68' lang='grc' dir='ltr'><strong>Καταφαίνονται.</strong></span> <span class='ocrx_word' id='word_1_799' title='bbox 2907 4981 2996 5035; x_wconf 78' lang='lat' dir='ltr'><strong>Sic</strong></span> <span class='ocrx_word' id='word_1_800' title='bbox 3028 4981 3182 5037; x_wconf 89' lang='lat' dir='ltr'><strong>Harl.</strong></span> <span class='ocrx_word' id='word_1_801' title='bbox 3207 4988 3264 5037; x_wconf 89' lang='lat' dir='ltr'><strong>et</strong></span> <span class='ocrx_word' id='word_1_802' title='bbox 3298 4981 3420 5037; x_wconf 70' lang='lat' dir='ltr'><strong>vat.</strong></span> <span class='ocrx_word' id='word_1_803' title='bbox 3451 4997 3590 5052; x_wconf 84' lang='lat' dir='ltr'><strong>cum</strong></span> <span class='ocrx_word' id='word_1_804' title='bbox 3621 4982 3829 5052; x_wconf 80' lang='lat' dir='ltr'><strong>tribus</strong></span> 
     </span>
    </p>
   </div>
   <div class='ocr_carea' id='block_1_112' title="bbox 2207 5051 3830 5124">
    <p class='ocr_par' dir='ltr' id='par_1_112' title="bbox 2207 5051 3830 5124">
     <span class='ocr_line' id='line_1_113' title="bbox 2207 5051 3830 5124; baseline -0.001 -18"><span class='ocrx_word' id='word_1_805' title='bbox 2207 5051 2358 5110; x_wconf 89' lang='lat' dir='ltr'><strong>aliis.</strong></span> <span class='ocrx_word' id='word_1_806' title='bbox 2389 5051 2534 5107; x_wconf 81' lang='lat' dir='ltr'><strong>Editi</strong></span> <span class='ocrx_word' id='word_1_807' title='bbox 2562 5051 3040 5124; x_wconf 65' lang='grc' dir='ltr'><strong>καταφανήσονται.</strong></span> <span class='ocrx_word' id='word_1_808' title='bbox 3073 5052 3260 5108; x_wconf 90' lang='lat' dir='ltr'><strong>Paulo</strong></span> <span class='ocrx_word' id='word_1_809' title='bbox 3304 5058 3443 5124; x_wconf 91' lang='lat' dir='ltr'><strong>post</strong></span> <span class='ocrx_word' id='word_1_810' title='bbox 3481 5051 3622 5124; x_wconf 84' lang='lat' dir='ltr'><strong>editi</strong></span> <span class='ocrx_word' id='word_1_811' title='bbox 3661 5051 3830 5105; x_wconf 66' lang='grc' dir='ltr'><strong>ἀϐελ-</strong></span> 
     </span>
    </p>
   </div>
   <div class='ocr_carea' id='block_1_113' title="bbox 2208 5123 3829 5196">
    <p class='ocr_par' dir='ltr' id='par_1_113' title="bbox 2208 5123 3829 5196">
     <span class='ocr_line' id='line_1_114' title="bbox 2208 5123 3829 5196; baseline 0.006 -23"><span class='ocrx_word' id='word_1_812' title='bbox 2208 5127 2513 5196; x_wconf 16' lang='grc' dir='ltr'><strong>φοῦῗὴμῶν,</strong></span> <span class='ocrx_word' id='word_1_813' title='bbox 2545 5123 2649 5196; x_wconf 80' lang='lat' dir='ltr'><strong>sed</strong></span> <span class='ocrx_word' id='word_1_814' title='bbox 2698 5123 2863 5196; x_wconf 85' lang='lat' dir='ltr'><strong>deest</strong></span> <span class='ocrx_word' id='word_1_815' title='bbox 2899 5139 3238 5195; x_wconf 86' lang='lat' dir='ltr'><strong>pronomen</strong></span> <span class='ocrx_word' id='word_1_816' title='bbox 3286 5123 3348 5179; x_wconf 83' lang='lat' dir='ltr'><strong>in</strong></span> <span class='ocrx_word' id='word_1_817' title='bbox 3397 5140 3544 5179; x_wconf 85' lang='lat' dir='ltr'><strong>mss.</strong></span> <span class='ocrx_word' id='word_1_818' title='bbox 3585 5123 3829 5182; x_wconf 88' lang='lat' dir='ltr'><strong>Ibidem</strong></span> 
     </span>
    </p>
   </div>
   <div class='ocr_carea' id='block_1_114' title="bbox 2206 5195 3270 5264">
    <p class='ocr_par' dir='ltr' id='par_1_114' title="bbox 2206 5195 3270 5264">
     <span class='ocr_line' id='line_1_115' title="bbox 2206 5195 3270 5264; baseline 0 -14"><span class='ocrx_word' id='word_1_819' title='bbox 2206 5195 2360 5250; x_wconf 87' lang='lat' dir='ltr'><strong>Harl.</strong></span> <span class='ocrx_word' id='word_1_820' title='bbox 2386 5200 2440 5250; x_wconf 91' lang='lat' dir='ltr'><strong>et</strong></span> <span class='ocrx_word' id='word_1_821' title='bbox 2468 5195 2645 5250; x_wconf 85' lang='lat' dir='ltr'><strong>Coisl.</strong></span> <span class='ocrx_word' id='word_1_822' title='bbox 2681 5195 2912 5264; x_wconf 89' lang='lat' dir='ltr'><strong>primus</strong></span> <span class='ocrx_word' id='word_1_823' title='bbox 2939 5204 3038 5247; x_wconf 75' lang='grc' dir='ltr'><strong>τῶν</strong></span> <span class='ocrx_word' id='word_1_824' title='bbox 3067 5195 3270 5250; x_wconf 70' lang='grc' dir='ltr'><strong>αὐτόθι.</strong></span> 
     </span>
    </p>
   </div>
   <div class='ocr_carea' id='block_1_115' title="bbox 2278 5265 3820 5338">
    <p class='ocr_par' dir='ltr' id='par_1_115' title="bbox 2278 5265 3820 5338">
     <span class='ocr_line' id='line_1_116' title="bbox 2278 5265 3820 5338; baseline -0.001 -19"><span class='ocrx_word' id='word_1_825' title='bbox 2278 5268 2386 5333; x_wconf 82' lang='lat'><strong>(69)</strong></span> <span class='ocrx_word' id='word_1_826' title='bbox 2423 5272 2507 5324; x_wconf 72' lang='grc' dir='ltr'><strong>Μὴ</strong></span> <span class='ocrx_word' id='word_1_827' title='bbox 2549 5265 2737 5338; x_wconf 69' lang='grc' dir='ltr'><strong>λαϐὼν.</strong></span> <span class='ocrx_word' id='word_1_828' title='bbox 2779 5271 2860 5321; x_wconf 88' lang='lat' dir='ltr'><strong>lla</strong></span> <span class='ocrx_word' id='word_1_829' title='bbox 2892 5283 3036 5338; x_wconf 66' lang='lat' dir='ltr'><strong>mss.</strong></span> <span class='ocrx_word' id='word_1_830' title='bbox 3071 5272 3329 5338; x_wconf 86' lang='lat' dir='ltr'><strong>septem.</strong></span> <span class='ocrx_word' id='word_1_831' title='bbox 3365 5265 3510 5338; x_wconf 78' lang='lat' dir='ltr'><strong>Editi</strong></span> <span class='ocrx_word' id='word_1_832' title='bbox 3541 5265 3820 5338; x_wconf 44' lang='lat' dir='ltr'><strong>alonge)».</strong></span> 
     </span>
    </p>
   </div>
   <div class='ocr_carea' id='block_1_116' title="bbox 2274 5335 3828 5410">
    <p class='ocr_par' dir='ltr' id='par_1_116' title="bbox 2274 5335 3828 5410">
     <span class='ocr_line' id='line_1_117' title="bbox 2274 5335 3828 5410; baseline 0.002 -19"><span class='ocrx_word' id='word_1_833' title='bbox 2274 5343 2389 5407; x_wconf 81' lang='lat'><strong>(70)</strong></span> <span class='ocrx_word' id='word_1_834' title='bbox 2427 5338 2544 5391; x_wconf 72' lang='grc' dir='ltr'><strong>Ἐὰν</strong></span> <span class='ocrx_word' id='word_1_835' title='bbox 2575 5335 2634 5391; x_wconf 73' lang='grc' dir='ltr'><strong>δὲ</strong></span> <span class='ocrx_word' id='word_1_836' title='bbox 2663 5343 2756 5410; x_wconf 81' lang='grc' dir='ltr'><strong>μή.</strong></span> <span class='ocrx_word' id='word_1_837' title='bbox 2787 5340 2953 5392; x_wconf 90' lang='lat' dir='ltr'><strong>Deest</strong></span> <span class='ocrx_word' id='word_1_838' title='bbox 2985 5335 3194 5394; x_wconf 80' lang='lat' dir='ltr'><strong>ultima</strong></span> <span class='ocrx_word' id='word_1_839' title='bbox 3224 5337 3443 5393; x_wconf 91' lang='lat' dir='ltr'><strong>vocula</strong></span> <span class='ocrx_word' id='word_1_840' title='bbox 3473 5337 3533 5392; x_wconf 90' lang='lat' dir='ltr'><strong>in</strong></span> <span class='ocrx_word' id='word_1_841' title='bbox 3568 5337 3828 5394; x_wconf 89' lang='lat' dir='ltr'><strong>duobus</strong></span> 
     </span>
    </p>
   </div>
   <div class='ocr_carea' id='block_1_117' title="bbox 2209 5424 2360 5465">
    <p class='ocr_par' dir='ltr' id='par_1_117' title="bbox 2209 5424 2360 5465">
     <span class='ocr_line' id='line_1_118' title="bbox 2209 5424 2360 5465; baseline 0.007 -1"><span class='ocrx_word' id='word_1_842' title='bbox 2209 5424 2360 5465; x_wconf 84' lang='lat' dir='ltr'><strong>mss.</strong></span> 
     </span>
    </p>
   </div>
   <div class='ocr_carea' id='block_1_118' title="bbox 2273 5475 3830 5554">
    <p class='ocr_par' dir='ltr' id='par_1_118' title="bbox 2273 5475 3830 5554">
     <span class='ocr_line' id='line_1_119' title="bbox 2273 5475 3830 5554; baseline 0.001 -19"><span class='ocrx_word' id='word_1_843' title='bbox 2273 5481 2389 5554; x_wconf 79' lang='lat' dir='ltr'><strong>(7t)</strong></span> <span class='ocrx_word' id='word_1_844' title='bbox 2430 5481 2506 5534; x_wconf 78' lang='grc' dir='ltr'><strong>Ού</strong></span> <span class='ocrx_word' id='word_1_845' title='bbox 2534 5479 2764 5544; x_wconf 86' lang='grc' dir='ltr'><strong>πλείονος</strong></span> <span class='ocrx_word' id='word_1_846' title='bbox 2797 5483 2882 5538; x_wconf 87' lang='lat' dir='ltr'><strong>Ita</strong></span> <span class='ocrx_word' id='word_1_847' title='bbox 2911 5497 3015 5538; x_wconf 82' lang='lat' dir='ltr'><strong>sex</strong></span> <span class='ocrx_word' id='word_1_848' title='bbox 3046 5495 3190 5538; x_wconf 86' lang='lat' dir='ltr'><strong>mss.</strong></span> <span class='ocrx_word' id='word_1_849' title='bbox 3227 5480 3378 5539; x_wconf 79' lang='lat' dir='ltr'><strong>Editi</strong></span> <span class='ocrx_word' id='word_1_850' title='bbox 3407 5475 3531 5533; x_wconf 74' lang='grc' dir='ltr'><strong>οὐδε</strong></span> <span class='ocrx_word' id='word_1_851' title='bbox 3565 5479 3830 5545; x_wconf 83' lang='grc' dir='ltr'><strong>πλείονος.</strong></span> 
     </span>
    </p>
   </div>
  </div>
