4054 6200
148 246 245 303 461

703 373 1041 423 ΕΠΙΣΤΟΛΗ
1088 368 1208 424 III".

158 461 526 517 Censitorem
560 458 842 514 hortatur
872 460 1153 526 Basilius,
1188 464 1251 513 ut
1295 460 1521 515 misera:
1566 457 1736 525 Capp

1091 242 1590 302 EPISTOLARUM
1627 235 1911 298 CLASSlS
1947 238 2015 295 II.
2056 239 2271 300 EPIST.
2315 245 2585 305 LXXXIV.

3416 249 3522 307 £62

2360 373 2696 429 EPISTOLA
2744 372 3036 429 LXXXlll'.

1740 454 1986 533 adocig
2010 456 2385 515 calamitates
2417 461 2702 528 sublevet,
2748 463 2917 533 eique
2944 463 3317 519 commendat
3347 466 3527 521 unius

228 548 303 589 ex
332 532 545 588 amicis
568 532 690 587 suis
714 531 1135 600 possessionem
1174 531 1517 603 quamdam,
1558 543 1690 600 qua:
1721 527 1882 584 circa
1909 526 2350 587 Chamanenem
2396 533 2512 589 sita
2564 526 2715 603 erat,
2760 526 3086 589 et‘tributis
3114 535 3525 603 premebatur.

808 643 1112 711 Κηνσίτορι.

237 728 387 799 Ἐμοὶ
440 731 564 801 πρὸς
599 731 694 786 τὴν
760 730 856 785 σην
918 727 1171 799 εὐγένειαν
1229 728 1479 785 συνήθεια
1527 728 1616 799 μὲν
1672 727 1763 775 καὶ

158 820 186 875 ἦ
243 819 364 870 κατ’
424 816 719 889 ὀφθαλμοὺς
778 823 1040 888 συντυχία
1086 819 1221 870 πάνυ
1276 816 1511 889 βραχεῖα
1550 817 1760 886 γέγονέ·

159 916 357 978 γνῶσις
408 903 464 959 δε
508 909 537 964 η
591 906 645 968 ἐξ
690 905 864 971 ἀκοῆς,
908 902 981 959 δι’
1016 908 1079 967 ἧς
1126 906 1333 968 πολλοῖς
1400 904 1768 976 συναπτόμεθα

156 1005 259 1049 τῶν
317 996 595 1069 ἐπιφανῶν,
644 996 738 1048 οὐκ
794 996 941 1067 ὀλίγη
1006 1016 1081 1065 τε,
1136 993 1257 1049 οὐδὲ
1302 996 1763 1070 εὐκαταφρόνητος.

158 1087 213 1141 Εἰ
267 1083 328 1138 δὲ
373 1091 467 1137 καὶ
511 1089 597 1137 σοί
654 1104 737 1145 τις
775 1084 827 1136 ἐκ
877 1094 971 1147 τῆς
1002 1091 1173 1157 φήμης
1200 1089 1319 1160 περὶ
1350 1087 1494 1157 ἡμῶν
1532 1085 1766 1156 ὑπάρχει

154 1176 324 1246 λόγος,
370 1174 536 1235 αὑτός
590 1174 651 1225 ἂν
701 1170 897 1235 εἰδείης
951 1177 1177 1247 ἄμεινον.
1219 1178 1287 1227 Τό
1325 1171 1374 1227 δ’
1406 1170 1493 1226 οὖν
1526 1177 1616 1226 σόν
1641 1170 1766 1247 παρ’

158 1268 277 1337 ἡμῖν
320 1270 563 1317 τοιοῦτόν
623 1266 761 1316 ἐστιν
820 1266 923 1317 οἷον
979 1268 1181 1337 εἴπομεν
1232 1265 1369 1334 (72).
1439 1259 1653 1321 Ἐπειδὴ
1707 1260 1767 1317 δὲ

156 1354 365 1407 ἐκάλεσέ
431 1373 488 1405 σι
545 1354 570 1405 ὁ
625 1356 755 1414 Θεὸς
810 1353 882 1415 εἰς
931 1360 1153 1426 πρᾶγμα
1219 1352 1604 1425 φιλανθρωπίας
1663 1350 1769 1405 ἐπί·

158 1440 322 1505 δειξιν
361 1446 515 1514 ἔχον,
559 1439 634 1494 δι’
682 1443 742 1494 οὗ
791 1439 1011 1495 δυνατόν
1069 1442 1181 1495 ἐστι
1235 1439 1590 1514 διορθωθῆναι
1624 1444 1767 1513 ἡμῶν

156 1539 247 1591 την
278 1529 524 1605 πατρίδα
552 1531 814 1593 παντελῶς
861 1528 1257 1605 ἐδαφισθείσαν,
1286 1533 1519 1603 ἠγοῦμαι
1556 1536 1767 1605 πρέπειν

157 1642 244 1694 μοι
300 1624 614 1694 ὑπομνῆσαι
653 1640 747 1674 σου
784 1626 879 1679 τὴν
915 1626 1284 1695 χρηστότητα,
1338 1622 1419 1673 ἱνα
1465 1619 1544 1673 ἐπ’
1592 1616 1789 1672 ἐλπίδι.

155 1720 248 1773 τῆς
278 1714 430 1784 παρά
469 1717 604 1763 Θεοῦ
653 1707 1053 1773 ἀνταποδοσεως
1098 1717 1330 1763 τοιοῦτον
1381 1712 1597 1762 σεαυτόν
1639 1728 1768 1761 κατ-

162 1801 401 1872 αξιωσῃς
432 1801 1027 1877 παρασχέσθαικῶστε
1077 1798 1335 1851 ἀθανάτου
1380 1802 1469 1871 μὲν
1520 1807 1614 1859 τῆς
1644 1803 1770 1870 μνη-

158 1910 258 1961 μης
317 1889 628 1959 ἀξιοῦσθαι,
704 1891 947 1959 γενέσθαι
1022 1885 1082 1941 δε
1146 1889 1365 1940 αἰωνίων
1433 1886 1769 1940 ἀναπαύσων

1790 640 1837 693 Α

2546 640 2866 695 Censitori.

1942 722 2077 778 Mihi
2101 724 2346 795 quidem
2378 728 2755 783 consuetudo
2803 743 2942 783 cum
2991 730 3093 783 tua
3130 728 3438 788 nobilitate
3470 735 3529 789 et

1873 826 2075 891 coram
2111 830 2470 884 congressus
2516 816 2716 872 brevis
2773 817 3108 873 admodum
3130 820 3346 879 exstitit
3376 839 3389 877 :
3420 822 3528 878 sed

1874 906 2120 974 accepta
2136 919 2209 959 ex
2234 904 2443 961 auditu
2470 906 2753 976 cognitio,
2804 923 2927 978 qua
2968 906 3169 963 multis
3215 909 3356 963 viris
3379 910 3529 965 insi-

1875 991 2093 1061 gnibus
2146 995 2592 1066 conjungimur,
2640 1011 2750 1052 nec
2804 996 3040 1067 exigua,
3091 1012 3203 1052 nec
3267 1002 3531 1054 contem-

1873 1081 2094 1137 nenda.
2119 1087 2208 1138 An
2237 1099 2381 1141 vero
2411 1090 2466 1142 et
2487 1085 2653 1158 apud
2692 1090 2747 1141 te
2787 1102 2861 1141 ex
2900 1085 3066 1141 fama
3096 1086 3156 1141 in
3187 1086 3390 1159 aliquo
3418 1103 3533 1143 nu-

1874 1187 2043 1227 mero
2086 1190 2318 1242 sumus,
2367 1174 2495 1247 ipse
2548 1175 2764 1231 melius
2818 1175 3077 1232 noveris.
3134 1178 3258 1233 Tua
3284 1177 3533 1250 quidem

1876 1261 2228 1318 existimatio
2286 1263 2419 1319 talis
2471 1264 2637 1337 apud
2684 1280 2796 1321 nos
2838 1269 2945 1334 est,
2976 1264 3222 1337 qualem
3246 1266 3533 1324 diximus.

1878 1350 2175 1415 Quoniam
2196 1355 2397 1407 autem
2430 1354 2659 1409 vocavit
2703 1358 2757 1409 te
2790 1356 2942 1408 Deus
2968 1352 3049 1408 ad
3077 1370 3301 1410 munus
3320 1355 3536 1413 buma-

1876 1438 2048 1495 nitati
2101 1440 2590 1497 demonstrandae
2628 1442 2936 1503 idoneum,
2998 1458 3107 1514 per
3151 1443 3320 1515 quod
3362 1449 3533 1516 potes

1877 1530 2135 1601 patriam
2183 1534 2454 1587 nostram
2485 1530 2734 1587 omnino
2793 1530 2921 1587 solo
2964 1536 3264 1604 aequatam
3310 1532 3536 1590 instau-

1875 1634 2044 1687 rare;
2076 1619 2286 1675 decere
2318 1636 2414 1675 me
2474 1620 2731 1677 arbitror
2762 1624 2931 1677 tuam
2960 1620 3295 1678 bonitatem
3318 1622 3533 1679 admo-

1876 1723 2038 1777 nere,
2066 1712 2132 1765 ut
2158 1726 2262 1782 spe
2284 1709 2503 1765 divinis
2535 1710 3038 1767 remunerationis
3068 1710 3245 1768 talem
3284 1716 3342 1769 te
3372 1712 3537 1769 exhi-

1876 1798 2017 1854 bere
2047 1798 2217 1865 velis,
2257 1803 2322 1855 ut
2363 1799 2764 1855 immortalem
2806 1800 3164 1856 memoriam
3196 1816 3537 1874 consequa-

1877 1887 1978 1955 ris,
2005 1892 2062 1944 et
2081 1889 2305 1960 requiei
2340 1894 2576 1944 aeternae
2624 1890 2816 1945 haeres
2865 1888 3091 1945 evadas
3136 1889 3216 1945 ob
3245 1890 3535 1947 allevatas

158 1979 500 2053 κληρονόμον,
558 1976 609 2029 ἑν
648 1985 740 2029 τοῦ
799 1976 1133 2051 ἐλαφροτέρας
1186 1984 1411 2035 ποιῆσαι
1446 1984 1556 2038 τοῖς
1602 1996 1764 2028 κατα-

1884 1977 2244 2034 calamitosis
2274 1993 2598 2034 aerumnas.
2655 1979 2803 2033 Cum
2844 1983 3045 2035 autem
3092 1984 3151 2035 et
3200 1980 3348 2035 mihi
3367 1996 3535 2052 qure-

156 2072 497 2140 πονουμένοις
549 2069 644 2127 τὰς
686 2066 907 2137 θλίψεις.
941 2064 1153 2125 Ἐπειδὴ
1212 2063 1271 2119 δε
1318 2066 1477 2139 κάμοί
1528 2070 1608 2127 τίς
1658 2065 1771 2118 ἐστι

146 2166 337 2219 κτῆσις
377 2162 503 2229 περὶ
550 2161 867 2229 Χαμανηνὴν
894 2156 1026 2227 (73),
1060 2155 1189 2219 ἀξιῶ
1249 2175 1306 2209 σε
1349 2165 1641 2231 προστῆναι
1670 2156 1771 2207 αὐ-

144 2258 261 2315 τῆς,
322 2250 393 2309 ὡς
467 2246 677 2306 οἰκείας.
720 2251 806 2305 Μὴ
868 2246 1142 2319 θαυμάζῃς
1178 2242 1256 2316 δε,
1312 2247 1355 2298 εἰ
1394 2244 1621 2318 ἐμαυτοῦ
1642 2245 1771 2317 λέγω

142 2340 206 2389 τὰ
254 2346 361 2388 τῶν
416 2335 600 2407 φᾶων,
650 2338 781 2397 μετὰ
834 2343 925 2397 τῆς
990 2334 1144 2396 ἄλλης
1210 2334 1398 2410 ἀρετῆς
1454 2340 1545 2387 καὶ
1600 2334 1769 2407 φιλίαν

146 2421 602 2496 πεπαιδευμένος,
642 2428 733 2475 καὶ
785 2427 1100 2497 μεμνημένος
1152 2430 1243 2476 τοῦ
1303 2430 1472 2495 σοφῶς
1516 2423 1766 2494 εἰπόντος,

143 2515 297 2567 ἄλλον
350 2514 541 2567 ἑαυτὸν
589 2510 721 2565 εἶναι
781 2516 869 2564 τόν
926 2512 1095 2585 φίλον,
1173 2516 1278 2571 Τὴν
1350 2517 1523 2565 τοίνυν
1582 2521 1770 2571 κτῆσιν

146 2611 239 2662 τὴν
301 2600 670 2676 διαφέρουσαν
713 2598 871 2673 τῷδε,
910 2605 1106 2660 ταύτην
1156 2604 1221 2663 ὡς
1272 2600 1499 2674 ἐμαυτοῦ
1541 2607 1771 2677 παρατί-

149 2697 310 2768 θεμαι
365 2690 433 2765 τῇ
487 2695 758 2763 τιμιότητί
801 2710 930 2743 σουσ
980 2696 1069 2744 καὶ
1119 2691 1425 2765 παρακαλῶ,
1489 2689 1773 2762 ἇπισκιψά-

144 2804 297 2857 ;waov
342 2786 416 2835 τὰ
472 2789 567 2841 τῆς
609 2781 775 2841 οἰκίας
814 2777 1083 2855 δυσχερῆ,
1133 2778 1318 2834 δοῦναι
1347 2780 1527 2842 αὐτοῖς
1554 2786 1771 2833 καὶτῶν

144 2873 520 2947 παρελθόντων
572 2875 777 2943 χρόνων
833 2871 1192 2943 παραμυθίαν,
1242 2874 1332 2923 καὶ
1382 2873 1515 2945 πρὸς
1551 2873 1609 2922 τὸ
1650 2870 1771 2943 μίλ-

142 2965 227 3015 λον
288 2966 510 3035 αἱρετὴν
558 2960 738 3022 αὐτοῖς
787 2962 1185 3012 κατασκευάσαι
1236 2964 1329 3018 τὴν
1386 2964 1619 3027 οἴκησιν,
1676 2963 1770 3017 τὴν

140 3057 374 3124 φευκτήν
424 3055 520 3103 καὶ
566 3051 992 3123 ἀπηγορευμένην
1051 3045 1145 3101 διὰ
1196 3053 1256 3101 τό
1286 3048 1483 3111 πλῆθος
1528 3057 1625 3110 τῆς
1652 3047 1769 3101 ἐπι-

136 3148 389 3214 κειμένης
452 3141 586 3212 αὐτῇ
631 3138 943 3201 συντελείας.
1014 3134 1308 3191 Σπουδάσω
1368 3133 1426 3191 δὲ
1473 3143 1562 3191 καὶ
1613 3139 1771 3201 αὐτὸς

1879 2066 2023 2122 dam
2053 2067 2125 2123 sit
2156 2069 2314 2123 circa
2350 2068 2798 2124 Cbamanenem
2836 2066 3159 2139 possessio,
3197 2084 3333 2125 eam
3361 2084 3536 2142 aeque

1878 2172 1949 2212 ac
1979 2159 2145 2211 tuam
2194 2155 2412 2212 tuearis
2448 2171 2621 2227 rogo.
2653 2158 2768 2211 Nec
2793 2156 3026 2211 mireris
3056 2156 3105 2212 si
3137 2172 3275 2213 mea
3312 2157 3536 2224 dicam,

1878 2260 2015 2318 quae
2037 2251 2176 2301 sunt
2206 2246 2572 2315 amicorum;
2619 2261 2763 2302 nam
2785 2262 2923 2301 cum
2949 2246 3192 2319 reliquis
3214 2247 3535 2304 virtutibus

1878 2339 1936 2391 et
1965 2334 2292 2391 amicitiam
2334 2334 2538 2405 didici,
2592 2351 2663 2391 ac
2695 2335 2942 2391 memini
2974 2335 3129 2391 illius
3159 2338 3263 2409 qui
3294 2337 3536 2409 sapien-

1880 2429 1967 2481 ter
1987 2424 2155 2491 dixit,
2186 2426 2446 2481 amicum
2472 2440 2592 2481 esse
2620 2426 2879 2481 alterum
2907 2427 3183 2496 seipsum.
3238 2426 3402 2483 Hanc
3432 2427 3541 2497 igi-

1880 2517 1975 2569 tur
2002 2514 2475 2584 possessionem,
2530 2530 2666 2586 quaa
2716 2513 2794 2569 ad
2846 2512 3015 2570 illum
3062 2515 3337 2587 pertinet,
3378 2515 3540 2573 velut

1880 2617 2082 2657 meam
2108 2607 2226 2657 tua:
2246 2602 2519 2673 dignitati
2568 2602 2966 2671 commendo;
3013 2618 3083 2659 ac
3114 2618 3283 2673 rogo,
3314 2608 3381 2660 ut
3400 2619 3540 2661 con-

1882 2690 2157 2747 siderans
2196 2691 2419 2747 domus
2457 2690 2785 2761 molestias,
2826 2692 2934 2748 des
2963 2691 3074 2747 illis
3117 2697 3173 2749 et
3215 2694 3539 2765 praeterito-

1880 2795 2015 2836 rum
2045 2785 2389 2852 temporum
2418 2780 2890 2836 consolationem
2909 2784 2965 2836 et
2988 2780 3049 2835 in
3076 2780 3342 2837 futurum
3370 2787 3538 2854 opta-

1879 2869 2063 2925 bilem
2088 2870 2172 2925 eis
2203 2869 2640 2925 habitationem
2678 2868 2857 2926 istam
2893 2868 3135 2938 reddas,
3165 2886 3303 2943 quas
3328 2870 3407 2926 ob
3436 2872 3536 2927 tri-

1878 2958 2163 3015 butorum
2217 2963 2275 3015 et
2312 2958 2735 3031 impositorum
2772 2957 3217 3015 multitudinem
3246 2959 3536 3030 fugienda

1879 3051 1971 3104 est
2008 3052 2065 3104 et
2083 3047 2423 3120 desperata.
2459 3046 2573 3105 Sed
2594 3047 2791 3120 etipse
2818 3062 3065 3120 operam
3092 3046 3274 3116 dabo,
3302 3052 3367 3104 ut
3392 3063 3532 3105 cum

1880 3140 1983 3193 tua
2052 3136 2391 3194 urbanitate
2439 3136 2803 3194 conveniens
2856 3136 2932 3193 de
2986 3136 3238 3209 singulis
3292 3137 3531 3211 plenius

135 3236 454 3305 περιτυχών
492 3249 591 3282 σου
642 3238 707 3302 τῇ
762 3231 1077 3303 κοσμιότητι
1132 3228 1476 3303 ἐντελέσι-ερον
1511 3234 1631 3302 περὶ
1655 3229 1771 3283 ἱκοί-
1803 3244 1843 3301 C
1880 3226 2192 3283 disseram.

140 3340 277 3375 στου
316 3317 347 3372 δ
352 3320 692 3392 ιαλεχθῆναι.

716 3448 1055 3497 ΕΠΙΣΤΟΛΙῙ
1102 3441 1219 3498 ΠΔ’.

2354 3442 2690 3499 EPISTOLA
2730 3444 2977 3498 LXXXIV
2995 3441 3058 3498 “.

132 3534 486 3591 Prcesidem
531 3533 952 3602 Cappadocia,
1000 3548 1170 3603 quem
1216 3531 1418 3587 Etiam
1468 3546 1590 3589 esse
1627 3530 1924 3587 credimus
1962 3530 2400 3601 perhonoriﬁce
2429 3532 2657 3588 salutat
2706 3532 2999 3600 Basilius,
3037 3533 3282 3603 ejusque
3296 3532 3533 3602 factum
3612 3594 3615 3595 ν

208 3604 631 3673 reprehendit,
666 3604 826 3674 quod
854 3604 997 3658 dum
1027 3606 1182 3659 senis
1207 3605 1524 3673 cujusdam
1551 3609 1823 3672 nepotem
1837 3619 2027 3659 annos
2051 3609 2311 3675 quatuor
2327 3608 2535 3675 natum
2561 3604 2744 3659 curia
2765 3604 3215 3672 addicit,ipsum
3246 3619 3439 3659 senem
3468 3606 3532 3658 in

214 3684 454 3745 nepote
481 3691 687 3730 rursus
726 3676 807 3731 ad
854 3690 1111 3732 munera
1156 3677 1401 3745 publica
1449 3678 1849 3742 protraxerit.
1887 3674 2179 3731 Pluribus
2216 3674 2439 3744 probat
2472 3675 2831 3732 mutandum
2877 3690 2998 3732 esse
3025 3676 3184 3747 quod
3230 3675 3533 3732 decretum

216 3750 442 3820 inique
463 3748 692 3816 fuerat.

836 3854 1096 3927 Ἡγεμόνι.

221 3951 273 4000 1.
318 3939 528 4017 Σχεδὸν
574 3945 664 4015 μὲν
703 3944 925 3995 ἄπιστόν
958 3942 1098 3996 ἐστιν
1137 3944 1163 3995 ὅ
1202 3942 1366 4015 μέλλω
1403 3945 1639 4018 γράφειν,
1682 3961 1771 4015 γε·

138 4037 419 4108 γράψεται
471 4030 531 4086 δι
582 4042 673 4094 τῆς
722 4032 966 4093 ἀληθείας
1024 4035 1183 4086 ἕνεκεν
1217 4069 1229 4084 .
1291 4034 1391 4101 ὅτι,
1432 4040 1606 4085 πᾶσαν
1637 4036 1772 4104 ἔχων

142 4126 465 4199 ἐπιθυμίαν,
538 4127 610 4183 ὡς
661 4125 765 4175 οἶόν
833 4142 886 4175 τε
935 4120 1016 4189 ἧν,
1076 4128 1373 4175 πυκνότατα
1437 4119 1774 4194 διαλέγεσθαι

140 4234 239 4267 σου
298 4224 363 4287 τῇ
427 4211 819 4284 καλοκαγαθίᾳ,
866 4209 1045 4270 ἐπειδὴ
1103 4213 1248 4287 εὗρον
1298 4215 1492 4271 ταύτην
1519 4214 1774 4287 γραμμά-

136 4326 237 4356 των
290 4310 393 4362 την
450 4302 716 4375 ἀφορμὴν,
776 4303 869 4353 οὐκ
927 4299 1217 4374 ἐπέδραμον
1272 4310 1345 4373 τῷ
1403 4302 1618 4376 ἐρμαίῳ,
1666 4300 1773 4352 ἀλλ’

142 4395 459 4451 ἀπώκνησα
497 4397 594 4443 καὶ
654 4387 893 4449 ἁνεδύην.
942 4394 1011 4443 Τὸ
1057 4388 1143 4443 οὖν
1185 4387 1483 4465 παράδοξον
1512 4391 1560 4443 ἐν
1585 4394 1773 4461 τούτῳ,

139 4488 220 4537 ἑτι
300 4486 445 4555 οἷπερ
528 4480 779 4553 ηὐχόμην
844 4481 1074 4555 ὑπάρξαι
1116 4484 1253 4551 (74),
1316 4488 1481 4533 ταῦτα
1531 4486 1779 4553 γενόμενα

2572 3853 2853 3912 Prcesidi.

1960 3946 2009 3999 1.
2049 3942 2193 3999 Fere
2246 3940 2593 3998 incredibile
2648 3947 2736 3999 est
2792 3942 2959 4016 quod
3007 3942 3336 4015 scripturus
3374 3958 3533 4013 sum,

1884 4031 2178 4088 scribetur
2223 4036 2424 4088 tamen
2475 4031 2735 4088 veritatis
2784 4047 2994 4089 causa.
3046 4032 3160 4088 Etsi
3213 4032 3539 4105 cupiditate

1883 4121 2047 4179 omni
2076 4121 2342 4191 tenebar,
2396 4136 2581 4194 quam
2610 4136 2853 4194 possem
2905 4122 3235 4195 saepissime
3276 4137 3413 4178 cum
3434 4127 3541 4179 tua

1885 4210 2179 4284 probitate
2211 4210 2618 4282 colloquendi;
2670 4215 2997 4284 postquam
3022 4215 3225 4267 tamen
3254 4211 3412 4267 hanc
3442 4209 3539 4267 lit-

1886 4307 2147 4357 terarum
2178 4300 2561 4356 occasionem
2587 4305 2799 4356 nactus
2832 4316 2987 4369 sum,
3046 4315 3168 4356 non
3202 4300 3431 4356 accurri
3459 4298 3541 4354 ad

1883 4390 2140 4459 lucrum,
2176 4389 2281 4445 sed
2306 4389 2578 4445 haesitavi
2620 4405 2689 4445 ac
2741 4405 2838 4444 me
2868 4389 3102 4445 retraxi.
3162 4388 3309 4444 Illud
3336 4389 3541 4460 itaque

1886 4494 1959 4535 ea
1996 4478 2058 4533 in
2082 4494 2144 4535 re
2171 4478 2444 4534 mirabile
2469 4482 2576 4545 est,
2609 4478 2775 4551 quod
2816 4494 2951 4551 quas
2978 4479 3324 4548 contingere
3344 4478 3543 4551 cupie-

138 4577 237 4628 οὐκ
282 4572 599 4647 ἐδεχόμην.
658 4575 828 4624 Αἶτιον
878 4567 958 4639 δὲ,
1013 4573 1093 4624 ὄτι
1136 4572 1464 4643 αἰσχύνομαι
1496 4567 1666 4623 δοκεῖν
1703 4574 1771 4642 μή

1886 4567 2052 4636 bam,
2082 4583 2155 4623 ea
2192 4568 2296 4623 ubi
2325 4567 2647 4639 contigere,
2698 4583 2821 4623 non
2866 4583 3001 4623 sum
3038 4567 3377 4640 amplexus.
3424 4569 3544 4623 Hoc

142 4666 320 4735 φιλίας
381 4682 453 4734 γε
504 4663 670 4714 ἕνεκεν
742 4663 1001 4736 καθαρῶς,
1064 4659 1193 4712 ἀλλὰ
1234 4666 1419 4736 χρείαν
1470 4663 1583 4712 τινὰ
1636 4662 1776 4734 θερα·

143 4758 317 4806 Irer
396 4753 657 4805 ἑκάστοτε
708 4752 941 4824 γράφειν.
999 4749 1155 4805 Ἀλλά
1204 4769 1267 4823 με
1317 4750 1476 4802 ἐκεῖνο
1546 4748 1779 4807 εἰσῆλθεν

140 4847 186 4907 (ό
244 4849 345 4895 καὶ
427 4846 491 4893 σὲ
556 4839 815 4912 βούλομαι
885 4836 1244 4901 διανοηθέντα,
1319 4846 1478 4912 μήτοι
1549 4840 1779 4912 νομίζειν

146 4936 278 5003 ἡμᾶς
350 4932 665 5005 ἐμπορικὼς
732 4927 920 5001 μᾶλλον
978 4930 1007 4987 ἢ
1084 4928 1299 5000 φιλικῶς
1356 4930 1621 4981 ποιεῖσθαι
1684 4931 1781 4991 τὰς

146 5018 460 5090 διαλέξεις),
508 5024 594 5070 ὅτι
657 5023 765 5091 χρή
820 5037 872 5069 τι
928 5014 1177 5093 διάφορον
1231 5020 1369 5090 ἔχειν
1422 5020 1513 5079 τὰς
1552 5026 1651 5069 τῶν
1693 5016 1779 5092 ἁρ-

151 5130 353 5178 χοντων
458 5113 790 5183 προσρήσεις
858 5109 1002 5181 παρά
1066 5111 1185 5169 τοὺς
1253 5104 1487 5169 ἰδιώτας.
1544 5107 1620 5159 Οὐ
1676 5109 1777 5180 ’γὰρ

149 5207 342 5269 ομοίως
396 5200 696 5251 ἐντευκτέΟν
750 5198 875 5269 ἡμῖν
923 5196 1081 5269 ἰατρῷ
1137 5216 1188 5249 τε
1245 5193 1397 5271 ἀνδρὶ
1445 5200 1532 5249 καὶ
1573 5204 1646 5268 τῷ
1692 5216 1781 5249 τυ-

227 5380 338 5443 it?)
386 5381 644 5449 Εἴπομεν.
706 5374 797 5431 Sic
852 5391 967 5449 ope
1038 5373 1259 5449 codicis
1334 5374 1785 5432 Claromontani

180 5446 540 5505 mutavimus
566 5448 740 5519 quod
762 5452 901 5519 erat
917 5446 983 5519 in
1013 5446 1207 5517 editis,
1243 5449 1491 5519 εἴποιμεν.

204 5584 221 5596 Ἴ
390 5517 745 5596 χᾳμανῖςνην.
769 5517 1095 5596 _Medicaeus
1129 5517 1401 5592 μηχανήν-ο
1435 5522 1620 5577 Pavqu
1646 5520 1786 5591 post

197 5591 347 5645 misi.
377 5591 628 5664 primus
653 5594 726 5663 μὴ
762 5592 1061 5662 θαυμασης·

1890 4663 2090 4714 autem
2131 4658 2240 4713 iuit
2276 4672 2495 4722 causae,
2538 4657 2705 4730 quod
2747 4656 3000 4729 puderet
3054 4672 3153 4713 me
3210 4656 3396 4713 videri
3420 4671 3545 4714 non

1890 4762 2056 4821 purae
2081 4748 2355 4803 amicitiae
2382 4761 2588 4818 causa,
2638 4746 2747 4802 sed
2803 4746 3033 4819 aliquid
3070 4746 3336 4803 utilitatis
3367 4762 3549 4803 aucu-

1890 4842 2135 4911 pantem
2166 4836 2424 4892 subinde
2455 4836 2732 4893 scribere.
2787 4836 2900 4893 Sed
2929 4836 3077 4893 illud
3119 4836 3268 4893 mihi
3288 4838 3350 4893 in
3381 4853 3551 4893 men-

1890 4932 2011 4985 tem
2041 4927 2197 4982 venit
2218 4926 2404 4998 (quod
2426 4931 2483 4983 et
2509 4931 2571 4982 tu
2597 4925 2987 4982 considerans
3038 4925 3218 4983 velim
3247 4927 3549 4983 existimes

1893 5033 1989 5073 me
2020 5031 2143 5072 non
2173 5018 2444 5088 quaestus
2494 5016 2692 5087 magis
2726 5031 2915 5088 quam
2973 5016 3250 5073 amicitiis
3281 5016 3550 5073 causain

1891 5106 2263 5179 colloquium
2294 5105 2543 5176 venire),
2605 5107 2771 5177 177
2810 5106 2980 5162 aliter
3008 5105 3297 5180 prresides
3323 5102 3549 5175 alloqui

1889 5197 2101 5253 decere
2123 5211 2194 5252 ac
2226 5194 2514 5268 privatos.
2571 5198 2699 5252 Non
2722 5194 2884 5253 enim
2912 5196 3087 5253 nobis
3124 5195 3339 5253 eodem
3363 5192 3548 5251 modo

1973 5376 2085 5444 (74)
2123 5373 2393 5446 Ὑπάρξαι.
2419 5373 2592 5429 Coisl.
2626 5374 2858 5446 primus
2882 5377 2939 5430 et
2970 5374 3116 5431 Med.
3150 5371 3416 5445 ὑπάρξειν.

1963 5446 1983 5518 έ
2024 5445 2187 5518 Alias
2222 5445 2601 5503 CCCCXXVH.
2633 5445 2871 5518 Scripta
2896 5461 3059 5502 anno
3086 5448 3211 5501 372.

1964 5517 2018 5541 “
2056 5516 2217 5576 Alias
2249 5518 2647 5575 CCCLXXXIX.
2680 5516 2915 5591 Scripta
2939 5530 3101 5573 anno
3141 5518 3266 5572 372.
