4054 6200
541 255 646 314 463

1921 250 1977 304 S.
2021 242 2272 302 BASILII
2310 246 2528 305 HAGNI

3788 256 3887 312 464

544 379 860 438 adeundus
890 381 977 436 est
997 377 1265 435 medicus
1305 391 1374 433 ac
1425 376 1690 449 plebeius
1721 395 1734 446 ;
1785 391 1980 448 neque
2007 373 2187 429 etiam

2307 378 2462 445 χόντι
2490 393 2503 405 '
2536 381 2652 431 οὔτε
2682 379 2904 453 ἄρχοντι
2935 371 3176 434 δηλονότι
3215 380 3304 428 καὶ
3356 371 3541 450 ἰδιώτῃ
3571 398 3584 410 ·
3628 376 3752 430 ἀλλὰ
3785 399 3890 432 πει-

541 487 768 546 prmses
788 470 1000 526 eodem
1032 467 1214 524 modo
1257 484 1327 523 ac
1379 467 1684 539 privatus:
1719 465 1825 522 sed
1863 464 2070 520 danda
2110 462 2202 519 est

542 576 748 635 opera,
770 566 835 617 ut
855 561 1037 630 hujus
1071 564 1218 626 arte,
1269 557 1425 612 illius
1457 558 1808 612 auctoritate
1840 556 1918 611 ad
1961 559 2198 610 nostros

541 667 687 706 usus
708 649 1106 724 perfruamur.
1133 645 1659 713 Quemadmodum
1687 646 1846 702 enim
1897 644 1974 700 ad
2007 644 2195 700 solem

543 739 944 805 ambulantes,
975 737 1160 792 velint
1209 735 1418 803 nolint,
1465 735 1683 792 umbra
1713 735 1961 791 omnino
1993 733 2196 805 sequi-

543 835 676 888 tur:
711 829 793 883 ita
818 832 874 883 et
917 843 1054 882 cum
1104 824 1557 894 magistratibus
1598 824 1897 896 colloquia
1930 826 2196 894 quaestus

540 917 794 990 quidam
832 915 1168 979 comitatur,
1214 913 1488 970 levamen
1521 913 1899 970 afﬂictarum.
1934 911 2193 967 Primam

538 1003 994 1077 igiturepistolae
1015 1019 1264 1058 causam
1288 1001 1618 1074 adimpleat
1639 1003 1772 1074 ipsa
1793 1000 2193 1069 magnanimi-

538 1095 674 1150 tatis
708 1099 820 1150 tuze
852 1092 1164 1154 salutatio;
1227 1090 1392 1163 quod
1449 1091 1927 1163 ipsum,etiamsi
1958 1089 2192 1146 nullum

537 1183 700 1241 aliud
731 1181 1032 1238 scribendi
1063 1184 1489 1248 argumentum
1541 1184 1900 1251 suppeteret,
1943 1195 2193 1234 causam

535 1288 773 1346 (equam
791 1287 922 1326 esse
945 1269 1284 1341 putandum
1299 1274 1409 1322 est.
1431 1267 1713 1324 Saluteris
1735 1268 1917 1337 igitur
1937 1285 1973 1324 a
1994 1268 2187 1334 nobis,

532 1362 624 1418 vir
643 1361 887 1433 Optime,
929 1374 1000 1414 ac
1043 1357 1210 1412 omni
1248 1356 1566 1412 hominum
1587 1357 2188 1426 genericustodiaris,

532 1450 918 1522 praefecturas
955 1463 1026 1502 ex
1059 1445 1426 1518 praefecturis
1457 1460 1695 1514 gerens,
1746 1452 1802 1501 et
1837 1446 1985 1502 alios
2008 1450 2189 1518 atque

535 1537 682 1594 alios
704 1542 806 1593 tua
823 1534 1346 1591 administratione
1362 1533 1437 1589 ad
1439 1534 1687 1604 juvans.
1706 1535 1769 1591 id
1790 1535 1950 1590 enim
1972 1539 2025 1590 et
2044 1534 2188 1590 mihi

530 1626 726 1683 facere
738 1640 874 1681 mos
890 1628 996 1690 est,
1015 1623 1187 1679 ettibi
1202 1621 1458 1678 debetur
1470 1621 1547 1678 ab
1563 1622 1649 1694 iis,
1667 1623 1771 1695 qui
1787 1622 1878 1679 vel
1892 1621 2183 1678 tantillum

2308 466 2488 535 ράτέον
2537 474 2628 518 τοῦ
2667 470 2756 539 μὲν
2815 466 2870 518 ἐκ
2922 473 3014 527 τῆς
3044 468 3255 537 τέχνης,
3285 472 3377 517 τοῦ
3417 462 3476 518 δὲ
3508 464 3610 519 ἀπὸ
3639 477 3731 529 τῆς
3758 467 3888 531 ἕξου-

2309 559 2429 618 σίας
2491 555 2765 610 ἀπολαύειν
2820 556 2891 619 εἰς
2937 558 3004 608 τὰ
3044 558 3288 630 ἡμέτερα.
3343 556 3542 632 Ὠσπερ
3597 555 3684 610 οὖν
3713 567 3813 622 τοῖς
3842 559 3885 611 ἐν

2305 644 2438 715 ἡλίῳ
2487 643 2806 718 βαδίζουσιν
2863 646 3041 699 ἕπεται
3082 647 3289 708 πάντως
3335 648 3363 705 ἠ
3417 651 3562 715 σκιὰ,
3622 648 3715 701 κᾶν
3749 651 3890 702 αὐτοὶ

2305 737 2376 804 μὴ
2422 735 2736 807 προελωνται
2763 753 2776 765 °
2819 736 2954 788 οὕτω
3002 739 3092 788 καὶ
3129 743 3241 796 ταῖς
3294 738 3420 811 πρὸς
3461 741 3582 799 τοὺς
3637 741 3894 812 άρχοντας

2305 821 2532 894 ὁμιλίαις
2599 823 2872 877 ἀκολουθεῖ
2947 844 2998 876 τι
3062 829 3153 876 καὶ
3214 829 3644 900 παρεμπόρευμα,
3705 829 3733 886 ἡ
3795 837 3890 880 τῶν

2303 915 2599 985 καμνόντων
2649 912 2890 986 βοήθεια.
2947 917 3051 971 Τὴν
3099 915 3188 986 μὲν
3215 910 3303 966 οὖν
3351 919 3562 989 πρώτην
3606 915 3772 969 αἰτίαν
3802 926 3892 981 τῆς

2304 999 2581 1062 ἐπιστολῆς
2650 1002 2924 1077 πληρουτω
2986 1002 3112 1054 αὐτὸ
3169 1006 3227 1055 τὸ
3285 1011 3584 1076 προσειπεῖν
3650 1025 3741 1058 σου
3797 1011 3886 1066 τήν

2301 1090 2637 1162 μεγαλόνοιαν
2673 1132 2686 1145 .
2750 1094 2796 1159 ὃ,
2865 1091 2958 1143 κᾶν
3023 1089 3263 1164 μηδεμία
3327 1098 3583 1166 πρόφασις
3643 1104 3713 1166 τῷ
3763 1100 3892 1171 γρά-

2303 1199 2408 1252 φειν
2441 1180 2555 1251 (75)
2607 1189 2803 1254 προσῇ,
2845 1180 3037 1253 ἀγαθόν
3087 1181 3358 1254 κεφάλαιον
3409 1185 3533 1235 αὐτὸ
3589 1190 3696 1258 χρὴ
3748 1191 3892 1260 νομί-

2303 1269 2507 1329 ζεσθαι.
2563 1275 2892 1345 Προσείρησο
2923 1271 3035 1341 (76)
3059 1275 3228 1323 τοίνυν
3285 1273 3430 1344 ἡμῖν,
3481 1271 3520 1322 ὦ
3567 1275 3765 1347 ἄριστε,
3795 1280 3884 1328 καὶ

2300 1357 2576 1430 φυλάττοιο
2627 1366 2698 1429 τῷ
2757 1357 2859 1432 βίῳ
2905 1365 3080 1426 παντὶ,
3124 1359 3316 1432 ἀρχὰς,
3355 1360 3408 1424 ἐξ
3438 1360 3618 1436 ἀρχῶν
3650 1361 3888 1434 ἀμείϐων,

2297 1451 2386 1499 καὶ
2427 1445 2606 1499 οὒ.λοτε
2636 1447 2824 1509 ἄλλους
2859 1455 2975 1510 ταῖς
3021 1447 3354 1511 ἐπιστασίαις
3407 1449 3697 1524 εὐεργετῶν.
3727 1458 3889 1505 Τοῦτο

2295 1539 2396 1609 γὰρ
2461 1535 2577 1608 ἐμοί
2634 1556 2688 1589 τε
2743 1545 2907 1590 ποιεῖν
2969 1539 3209 1603 σύνηθες,
3283 1543 3374 1590 καὶ
3432 1544 3517 1591 σοὶ
3575 1539 3888 1613 ὀφειλόμενον

2295 1627 2438 1700 παρὰ
2488 1631 2589 1676 τῶν
2642 1631 2731 1678 καὶ
2774 1628 2910 1678 κατὰ
2961 1629 3147 1699 μικρὸν
3203 1632 3582 1702 πεπειραμένων
3629 1636 3716 1690 τῆς
3769 1635 3886 1704 περὶ

530 1711 1266 1772 tuaminadministranda
1297 1710 1614 1784 provincia
1648 1711 1928 1768 virtutem
1960 1711 2186 1785 experti

2300 1717 2353 1766 τὸ
2382 1715 2569 1789 ἄρχειν
2603 1734 2696 1768 σου
2730 1714 2938 1790 ἀρετῆς.

530 1809 689 1862 sunt.

599 1900 651 1950 2.
695 1894 836 1950 Post
872 1895 1080 1949 votum
1111 1890 1279 1962 illud,
1322 1905 1522 1947 meam
1549 1904 1792 1962 quoque
1823 1905 1933 1962 pro
1963 1889 2184 1946 misero

528 2000 671 2040 sene
701 1983 1110 2057 precationem
1145 1981 1372 2052 excipe,
1433 1996 1617 2052 quem
1649 1979 1921 2051 diploma
1949 1979 2184 2049 regium

521 2072 875 2130 muneribus
896 2069 1151 2143 publicis
1178 2069 1395 2124 exemit
1420 2086 1433 2135 ;
1500 2067 1595 2124 vel
1616 2067 1812 2140 potius
1841 2068 1935 2124 cui
1966 2073 2020 2124 et
2050 2068 2185 2140 ipsa

525 2168 662 2220 ante
696 2177 900 2232 regem
961 2162 1236 2215 senectus
1273 2157 1718 2213 immunitatem
1774 2157 2184 2214 necessariam

521 2250 793 2307 dederat.
836 2246 1216 2306 Contirmasti
1240 2249 1296 2302 et
1323 2246 1450 2318 ipse
1480 2245 1844 2301 beneﬁcium
1878 2246 2056 2316 regis,
2081 2262 2184 2303 na-

522 2344 722 2396 turam
750 2337 1065 2402 reveritus,
1123 2340 1180 2392 et
1232 2333 1489 2407 publicis
1537 2333 1719 2390 rebus
1741 2334 2087 2406 providens,
2121 2340 2187 2392 ut

523 2428 670 2485 mihi
698 2426 950 2491 videtur,
983 2441 1058 2481 ne
1080 2424 1244 2497 quod
1280 2423 1634 2496 periculum,
1664 2424 1910 2479 homine
1941 2430 2185 2498 propter

522 2522 759 2574 aetatem
801 2515 1150 2587 desipiente.
1201 2515 1263 2570 in
1294 2530 1420 2569 rem
1449 2513 1757 2585 publicam
1783 2514 2180 2570 inveheretur.

525 2605 841 2673 Quomodo
873 2608 1068 2660 autem
1093 2603 1283 2671 illum,
1308 2601 1398 2658 vir
1417 2601 1792 2668 admirande,
1817 2602 1934 2658 alia
1975 2619 2182 2658 rursus

521 2697 621 2753 via
640 2693 994 2768 imprudens
1015 2692 1075 2750 in
1115 2693 1312 2749 media
1336 2691 1575 2761 negotia
1602 2693 1988 2764 protraxisti?
2011 2695 2183 2758 Quod

523 2786 685 2843 enim
710 2784 867 2840 illius
916 2787 1199 2854 nepotem
1249 2781 1524 2837 nondum
1574 2796 1767 2837 annos
1796 2785 2057 2853 quatuor
2076 2798 2181 2838 na-

522 2880 652 2932 tum
685 2873 863 2930 curiae
889 2871 1198 2938 addixisti,
1250 2870 1400 2943 quid
1447 2870 1614 2926 aliud
1643 2875 1734 2926 est
1757 2887 1944 2943 quam
1975 2887 2183 2928 senem

524 2965 827 3036 innepote
854 2977 1062 3018 rursus
1113 2960 1188 3016 de
1236 2961 1470 3030 integro
1519 2959 1597 3015 ad
1644 2959 1890 3033 publica
1927 2976 2184 3017 munera

2365 1895 2418 1947 2.
2459 1893 2602 1944 Μετὰ
2656 1888 2715 1944 δὲ
2761 1897 2855 1950 τὴν
2913 1892 3101 1965 εὐχὴν,
3148 1890 3296 1956 δέξαι
3343 1899 3432 1946 καὶ
3481 1899 3573 1953 τὴν
3627 1897 3749 1972 ὑπὲρ
3797 1905 3894 1950 τοῦ

2294 1977 2472 2032 ἀθλίου
2528 1984 2765 2055 γέροντος
2821 1983 3044 2052 ἱκεσίαν,
3099 1982 3152 2034 ὃν
3221 1981 3387 2054 ἀφῆκε
3433 1986 3523 2056 μὲν
3570 1993 3669 2037 τῶν
3725 1982 3899 2059 δημοο

2295 2073 2419 2121 σίων
2483 2071 2707 2142 γράμμα
2771 2068 3087 2142 βασιλικόν·
3147 2071 3337 2143 μᾶλλον
3397 2069 3456 2124 δὲ
3498 2077 3586 2125 καὶ
3633 2093 3731 2147 προ
3799 2083 3895 2128 τοῦ

2294 2156 2552 2230 βασιλέως
2616 2158 2743 2210 αὐτὸ
2796 2162 2853 2211 τὸ
2918 2168 3087 2235 γῆρας
3143 2157 3331 2214 ἔδωκεν
3404 2162 3544 2233 αὐτῷ
3589 2167 3683 2221 τὴν
3727 2162 3896 2236 ἀναγ-

2290 2252 2443 2299 καίαν
2495 2245 2739 2302 ἀτέλειαν.
2767 2247 3116 2310 Ἐϐεϐαίωσας
3156 2246 3216 2302 δε
3271 2255 3361 2304 καὶ
3409 2251 3565 2313 αὐτὸς
3610 2256 3703 2310 τὴν
3752 2254 3896 2304 οἰνω-

2295 2337 2374 2388 θεν
2405 2339 2567 2410 χάριν
2616 2333 2764 2390 αἰδοῖ
2802 2345 2894 2398 τῆς
2941 2341 3164 2410 φύσεως,
3209 2344 3299 2392 καὶ
3336 2343 3631 2414 προμηθείᾳ
3666 2349 3764 2393 τῶν
3795 2338 3899 2400 δη·-

2291 2430 2511 2497 μοσίων,
2553 2424 2661 2498 ἐμοὶ
2717 2422 2913 2495 δοκεῖν,
2965 2428 3034 2489 ὡς
3063 2427 3123 2479 ἆν
3146 2433 3218 2496 μὴ
3249 2427 3500 2504 ἀνθρώπῳ
3547 2439 3897 2504 παρανοοῦντι

2291 2510 2386 2566 διὰ
2424 2517 2512 2566 τόν
2563 2520 2753 2590 χρόνον
2800 2512 3095 2569 κινδυνεύοι
3145 2520 3260 2586 (77)
3323 2538 3375 2570 τι
3425 2529 3524 2572 τῶν
3579 2529 3778 2576 κοινῶν.
3811 2523 3892 2574 Δι’

2290 2601 2464 2676 ἐτέρας
2518 2600 2577 2656 δὲ
2635 2601 2763 2657 ὁδοῦ
2789 2605 2942 2658 πάλιν
2990 2615 3100 2668 πῶς
3122 2606 3274 2659 αὑτὸν
3303 2607 3496 2675 ἔλαθες,
3537 2606 3577 2660 ὦ
3604 2611 3888 2682 θαυμάσιε,

2287 2698 2607 2768 παραγαγὼν
2661 2693 2732 2754 εἰς
2789 2698 2847 2746 τό
2896 2699 3085 2767 μέσον;
3153 2699 3252 2748 Τόν
3285 2698 3387 2772 γὰρ
3427 2694 3608 2751 ὑῐδοῦν
3634 2701 3740 2769 (78)
3791 2699 3892 2752 αυ-

2287 2788 2402 2844 τοῦ,
2435 2785 2578 2833 οὔπω
2634 2785 2878 2856 τέταρτον
2935 2787 3048 2846 ἔτος
3097 2782 3198 2836 ἀπὸ
3242 2789 3484 2857 γενέσεως
3539 2788 3747 2859 ἄγοντα,
3797 2808 3892 2842 κε-

2286 2869 2472 2932 λεύσας
2514 2879 2606 2924 τοῦ
2651 2871 3029 2948 βουλευτηρίου
3061 2879 3314 2947 μετέχειν,
3379 2880 3432 2928 τί
3460 2876 3582 2929 ἄλλο
3631 2882 3721 2930 καὶ
3757 2879 3898 2950 οὐχὶ

2287 2962 2375 3011 τὸν
2401 2959 2700 3034 πρεσϐύτην
2742 2958 2836 3014 διὰ
2881 2969 2973 3014 του
3024 2962 3237 3034 ἐκγόνου
3269 2963 3420 3016 πάλιν
3451 2965 3506 3028 ἐξ
3543 2964 3717 3038 ἀρχῆς
3749 2987 3899 3043 παρ-

522 3051 913 3126 pertrahere?
951 3053 1136 3106 Nunc
1181 3053 1394 3106 autem.
1440 3064 1591 3118 rogo
1643 3048 1834 3105 aetatis
1868 3049 2180 3122 utriusque

2300 3067 2436 3119 κγεις
2471 3048 2537 3110 εἰς
2591 3051 2658 3102 τὰ
2720 3046 2996 3122 δημόσια;
3051 3050 3209 3104 Ἀλλὰ
3249 3059 3338 3104 νῦν
3395 3055 3676 3126 ἱκετεύομεν
3723 3053 3904 3128 ἀμφο-

525 3140 889 3202 miserearis,
920 3143 976 3195 et
1007 3143 1330 3210 utrumque
1375 3137 1594 3195 liberes
1615 3137 1692 3193 ob
1713 3153 1786 3194 ea
1814 3154 1951 3210 quae
1981 3138 2184 3195 insunt

528 3231 764 3303 utrique
803 3228 1186 3284 miseratione
1238 3227 1442 3298 digna.
1505 3226 1664 3282 Alter
1692 3227 1939 3298 quidem
1970 3242 2182 3299 paren-

528 3326 614 3377 tes
644 3334 767 3375 non
797 3317 962 3382 vidit,
997 3332 1105 3373 nec
1136 3315 1437 3387 cognovit,
1462 3315 1569 3371 sed
1590 3331 1696 3388 per
1716 3314 1941 3371 alienas
1964 3333 2183 3372 manus

528 3410 591 3466 in
621 3408 779 3465 hanc
813 3407 994 3462 vitam
1037 3406 1342 3478 ingressus
1373 3410 1478 3472 est,
1523 3404 1723 3461 statim
1777 3421 1812 3460 a
1865 3404 2184 3461 cunabulis

530 3500 779 3572 parente
827 3494 1080 3566 utroque
1135 3492 1420 3558 orbatus;
1483 3492 1630 3549 alter
1669 3508 1806 3548 vero
1859 3494 2090 3549 tamdiu
2122 3494 2183 3549 in

531 3587 654 3644 vita
681 3587 1018 3642 reservatus
1074 3585 1182 3646 est,
1215 3587 1280 3637 ut
1318 3580 1570 3636 multum
1601 3580 1956 3638 calamitatis
1995 3597 2185 3652 genus

532 3675 841 3745 effugeret.
897 3671 1049 3728 Vidit
1094 3671 1254 3726 enim
1307 3669 1411 3726 ﬁlii
1456 3674 1709 3726 mortem
1752 3671 2182 3740 immaturam;

531 3765 680 3822 vidit
722 3767 780 3820 et
833 3762 1084 3818 domum
1117 3758 1569 3816 successoribus
1600 3758 1943 3816 destitutam
1976 3777 1989 3815 :
2023 3761 2185 3816 vide-

532 3856 620 3912 bit
648 3859 847 3912 autem
874 3867 1054 3914 nunc,
1086 3850 1198 3905 nisi
1225 3849 1374 3922 quid
1396 3855 1498 3906 tua
1520 3849 1894 3906 humanitate
1933 3850 2184 3920 dignum

536 3943 777 4014 cogites,
813 3940 1084 3997 solamen
1136 3937 1407 3994 orbitatis
1458 3938 1516 3992 in
1555 3938 1938 3994 occasionem
1964 3937 2076 3994 sibi
2096 3938 2188 3994 in-

535 4029 1004 4089 numerabilium
1049 4027 1350 4084 malorum
1392 4027 1674 4084 converti.
1707 4029 1834 4084 Non
1855 4027 2016 4083 enim
2042 4043 2189 4100 pue-

536 4121 704 4180 rulus
754 4120 815 4176 in
855 4117 1151 4174 curalium
1199 4117 1406 4172 album
1446 4115 1802 4184 ascribetur,
1848 4122 1948 4172 aut
1972 4117 2190 4174 tributa

535 4211 898 4282 colligetaut
918 4206 1208 4263 militibus
1242 4221 1553 4262 annonam
1594 4205 2004 4278 suppeditabit
2035 4224 2047 4262 :
2082 4206 2190 4262 sed

537 4316 748 4359 rursus
777 4312 1023 4355 necesse
1053 4295 1252 4350 miseri
1303 4295 1462 4350 senis
1493 4294 1769 4351 canitiem
1809 4294 2181 4354 dedecorari.

2290 3139 2446 3212 τέρων
2507 3156 2563 3190 σε
2604 3136 2774 3190 λαϐεῖν
2831 3147 2932 3191 τῶν
3008 3138 3222 3197 ἡλικιῶν
3280 3139 3475 3209 οἶκτον,
3534 3147 3622 3195 καὶ
3671 3141 3904 3215 ἀμφοτέ-

2291 3245 2409 3300 ρους
2466 3225 2660 3280 ἁνείναι
2714 3225 2807 3281 δια
2856 3231 2920 3280 τὰ
2966 3233 3233 3302 προσόντα
3296 3230 3518 3304 ἐκατέρῳ
3569 3230 3778 3287 ἐλεεινοί.
3830 3233 3900 3286 Ὀ

2291 3319 2382 3389 μεν
2429 3319 2530 3391 γὰρ
2586 3324 2679 3368 οῦκ
2738 3313 2843 3369 εἶδε
2871 3321 2985 3389 (79)
3042 3322 3243 3389 γονέας,
3297 3316 3708 3396 οὐδ’ἐγνωρισε,
3762 3319 3906 3376 ἀλλὰ

2294 3401 2366 3457 δι’
2407 3402 2685 3479 ἀλλοτρίων
2732 3414 2925 3480 χειρῶν
2983 3406 3049 3468 εἰς
3091 3410 3177 3459 τόν
3232 3406 3348 3481 βίον
3399 3417 3581 3462 τοῦτον
3629 3409 3896 3476 εἰσῆλθεν,

2294 3492 2446 3554 εὐθὺς
2492 3492 2548 3545 ἐκ
2594 3496 2904 3568 σπαργάνων
2964 3493 3261 3572 ἀμφοτέρων
3330 3495 3652 3571 ὁρφανισθείς
3679 3520 3691 3532 ·
3738 3500 3764 3551 ὁ
3828 3497 3898 3553 δὲ

2293 3590 2540 3635 τοσοῦτον
2580 3579 2855 3656 ἐταμιεύθη
2913 3593 2983 3656 τῷ
3025 3583 3146 3657 βίῳ,
3205 3588 3273 3648 ὡς
3323 3583 3489 3659 μηδὲν
3543 3588 3697 3640 αὑτὸν
3749 3585 3897 3650 εἶδος

2298 3679 2568 3744 συμφοράς
2619 3671 2906 3747 παρελθεῖν
2961 3671 3166 3726 Ἐπείδε
3201 3677 3291 3746 μεν
3346 3678 3444 3749 γὰρ
3503 3679 3618 3729 υἱοῦ
3652 3676 3899 3736 τελευτὴν

2296 3763 2481 3835 ἄωρον.
2538 3758 2643 3814 εἶδε
2687 3758 2747 3814 δε
2790 3760 2928 3814 οἷκον
2973 3765 3161 3838 ἔρημον
3228 3760 3524 3837 διαδόχων·
3589 3766 3772 3838 ὄψεται
3833 3763 3906 3820 δὲ

2295 3858 2405 3916 νῦν,
2466 3849 2548 3901 ἐὰν
2600 3855 2671 3923 μή
2723 3870 2774 3903 τι
2830 3851 2984 3914 αὐτὸς
3029 3852 3172 3915 ἀξιον
3215 3861 3311 3915 τῆς
3359 3862 3578 3907 σεαυτοῦ
3610 3856 3914 3930 φιλανθρω-

2299 3943 2421 4001 πίας
2453 3935 2756 4012 διανοηθῇς,
2796 3945 2882 3998 τήν
2925 3944 3261 4014 παραμυθίαν
3308 3951 3404 4006 τῆς
3452 3940 3725 4010 ἀπαιδίας,
3771 3948 3918 3998 ταὺ-

2297 4049 2390 4086 την
2464 4027 2700 4103 ἀφορμὴν
2766 4030 2907 4101 αὐτῷ
2959 4036 3157 4106 μυρίων
3208 4037 3555 4105 γενησομένην
3585 4042 3779 4088 κακῶν.
3823 4036 3920 4087 Οὐ

2297 4122 2395 4194 γάρ
2447 4115 2620 4176 δήπου
2657 4122 2713 4171 τὸ
2761 4116 2974 4173 παιδίον
3028 4121 3100 4182 εἰς
3148 4119 3434 4194 βουλευτὰς
3481 4123 3793 4190 συντελέσει,
3872 4126 3916 4183 ἡ

2299 4207 2486 4270 ἐκλέξει
2535 4209 2627 4270 τὰς
2692 4207 2960 4284 εἰσφορὰς,
3013 4208 3042 4268 ἢ
3101 4217 3450 4283 στρατιώταις
3491 4217 3796 4286 χορηγήσει
3843 4218 3924 4266 τὸ

2303 4301 2600 4370 σιτηρέσιον
2628 4316 2640 4329 ·
2719 4295 2827 4350 ἀλλ’
2883 4296 3081 4370 ἀνάγκη
3145 4299 3298 4352 πάλιν
3357 4309 3450 4353 τοῦ
3507 4299 3686 4354 ἀθλίου
3724 4306 3934 4374 γέρον-

539 4386 1005 4458 Concedeigitur
1033 4384 1289 4455 gratiam
1335 4389 1391 4439 et
1438 4383 1672 4454 legibus
1699 4389 2187 4454 consentaneam,

2300 4404 2381 4446 τος
2427 4388 2520 4442 τὴν
2575 4383 2752 4436 πολιὰν
2809 4389 3289 4458 καταισχύνεσθαι.
3352 4391 3449 4450 Δὸς
3493 4385 3580 4441 οὖν
3621 4391 3789 4462 χάριν
3812 4397 3932 4445 καὶ

535 4485 597 4537 et
615 4483 844 4536 natura:
876 4476 1310 4543 congruentem
1345 4489 1358 4528 :
1385 4471 1606 4543 jubens
1639 4477 1704 4528 ut
1747 4472 1916 4529 alteri
1943 4474 2190 4546 quidem

536 4583 730 4642 usque
759 4566 838 4623 ad
863 4562 1090 4621 virilem
1139 4566 1374 4618 aetatem
1406 4561 1790 4630 concedatur,
1813 4561 1960 4618 alter
1988 4567 2190 4619 autem

535 4658 602 4716 in
641 4657 796 4714 lecto
842 4657 1101 4711 mortem
1156 4655 1481 4724 exspectet.
1537 4651 1832 4707 Continua
1865 4655 2065 4707 autem
2089 4668 2191 4708 ne-

531 4748 702 4822 gotia
729 4749 786 4803 et
810 4741 1257 4800 ineluctabilem
1296 4741 1711 4797 necessitatem
1757 4739 1856 4796 alii
1885 4746 2188 4798 excusent.

539 4843 739 4911 Neque
761 4834 920 4890 enim
943 4831 1224 4888 tuimoris
1245 4835 1335 4886 est
1357 4834 1458 4886 aut
1482 4829 1865 4886 calamitosos
1887 4846 2189 4902 spernere,

538 4930 644 4984 aut
686 4924 849 4993 leges
904 4919 1077 4992 parvi
1132 4919 1348 4986 facere,
1409 4921 1511 4973 aut
1565 4915 1776 4971 amicis
1829 4932 1952 4973 non
1984 4918 2189 4976 cedere

537 5011 1040 5088 supplicantibus,
1073 5007 1310 5064 etiamsi
1335 5012 1386 5063 te
1413 5005 1491 5062 ab
1518 5005 1870 5062 hominibus
1902 5006 2190 5064 circums-

535 5101 770 5158 teterint
797 5098 1059 5168 negotia.

605 5191 717 5262 (75)
756 5196 839 5259 Τῷ
867 5189 1103 5260 γράφειν.
1133 5183 1290 5262 Harl:
1322 5187 1380 5240 et
1401 5184 1550 5240 Med.
1581 5191 1671 5237 τοῦ
1700 5186 1934 5262 γράφειν..

608 5255 714 5334 (76)
756 5255 1107 5335 Προσείρησο.
1161 5260 1246 5312 lta
1268 5255 1512 5328 {novem
1567 5255 1745 5311 mssf
1776 5255 1923 5312 Editi
1979 5262 2188 5331 προσεί-

555 5371 566 5386 .
608 5355 624 5386 ι
661 5377 672 5389 .

534 5353 691 5472 7ὋἿΟἻ)
731 5408 1157 5476 Παρανοοᾷντι...
1204 5394 1517 5453 κινδυνεύοι.
1581 5397 1668 5476 εἰς
1731 5413 1880 5476 mss.
1940 5415 2181 5456 summo

535 5465 874 5544 consensus
891 5471 1041 5528 Editi
1065 5477 1491 5544 παρανομοῦντι..
1505 5465 1836 5544 .ᾼκινδυνευη.

603 5551 712 5614 (78)
767 5541 994 5599 ’Υῐδοῡν.
1028 5542 1120 5599 Sic
1139 5538 1297 5598 'mss'.
1327 5547 1481 5598 octo.
1516 5538 1667 5595 Editi
1715 5538 1826 5614 υἱῷ
1855 5548 1998 5614 γοῦν.
2036 5544 2181 5598 Pau-

535 5609 959 5691 ol‘postCoisl.
991 5614 1221 5688 primus
1276 5615 1335 5670 et
1389 5614 1530 5684 Reg.
1585 5609 1889 5670 secundus
1941 5609 2037 5668 διὰ
2085 5621 2178 5667 τοῦ

2297 4480 2406 4536 τοῖς
2452 4477 2629 4546 νόμοις
2684 4472 2985 4545 ἀκόλουθον,
3038 4480 3127 4528 καὶ
3169 4484 3229 4549 τῇ
3275 4479 3426 4548 φύσει
3453 4476 3854 4550 συμϐαίνουσαν
3905 4501 3926 4514 ο

2298 4571 2370 4634 τῷ
2415 4566 2505 4635 μὲν
2552 4563 2853 4635 προστάξας
2914 4570 3078 4640 μέχρι
3124 4573 3217 4626 τῆς
3279 4574 3378 4617 τῶν
3424 4563 3626 4639 ἀνδρῶν
3691 4566 3934 4632 ἡλικίαις

2301 4653 2740 4725 συγχωρηθῆναί,
2780 4656 2867 4705 τὸν
2926 4651 2985 4706 δὲ
3028 4652 3112 4706 ἐπὶ
3164 4661 3259 4717 τῆς
3306 4654 3482 4718 κλίνης
3512 4654 3780 4729 ἀναμένειν
3813 4661 3932 4710 τὸν

2302 4743 2536 4796 θάνατον.
2571 4744 2897 4815 Πραγμάτων
2924 4739 2959 4795 δ
2962 4746 2982 4795 ὲ
3011 4747 3282 4815 συνέχειαν
3319 4749 3410 4796 καὶ
3439 4747 3496 4796 τὸ
3521 4752 3617 4806 τῆς
3665 4742 3938 4815 ἀνάγκης

2300 4829 2652 4904 ἀπαραίτητον
2701 4830 2846 4883 ἄλλοι
2893 4831 3386 4904 προϐαλλέσθωσαν.
3436 4833 3511 4884 Οὐ
3553 4835 3654 4908 γὰρ
3697 4829 3770 4891 δὴ
3809 4846 3939 4889 τοῦ

2303 4927 2396 4973 σοῦ
2426 4924 2622 4992 τρόπου
2678 4920 2706 4978 ἡ
2763 4928 2937 4982 κακῶς
2993 4921 3313 4992 πράττοντας
3334 4940 3450 4994 περι
3479 4917 3626 4988 ιδεῐν,
3661 4923 3691 4980 ᾖ
3725 4926 3945 4994 νόμων

2300 5008 2644 5082 ὀλιγωρῆσαι,
2683 5009 2710 5068 ἡ
2749 5008 2912 5081 φίλοις
2941 5014 3010 5081 μὴ
3046 5006 3176 5072 εἶξαι
3231 5011 3642 5077 καθικετεύουσι,
3695 5008 3802 5062 κᾶν
3848 5019 3956 5069 τὰ

2298 5096 2351 5160 ἐξ
2370 5097 2649 5172 ἀνθρώπων
2685 5116 2742 5150 σε
2771 5103 3100 5172 περιεστήκει
3128 5100 3240 5170 (80)
3264 5101 3570 5174 πράγματα.

2293 5185 2528 5259 ἔγγονον.

2362 5254 2474 5328 (79)
2513 5254 2773 5328 Οὖκᾉεῖδε.
2808 5260 2941 5314 Mss.
2997 5258 3381 5314 consentiunt
3433 5259 3491 5314 in
3544 5258 3657 5314 hac
3717 5275 3946 5320 voce.

2292 5328 2438 5384 Editi
2458 5326 2564 5405 ὀρκ
2589 5326 2700 5405 οἶδε
2729 5404 2732 5405 ν
2758 5328 3100 5405 Paulopost
3131 5329 3306 5385 Cois].
3340 5329 3569 5402 primus
3608 5328 3688 5381 ἐπ’
3715 5329 3893 5405 ἀμφο
3919 5367 3954 5378 ς

2288 5405 2466 5473 τέρωντ
2501 5400 2654 5455 Harl.
2685 5404 2740 5454 et
2762 5400 2906 5455 Med.
2937 5399 3022 5473 ᾧτ’
3049 5399 3366 5473 ἀμφοτέρωνί

2360 5472 2471 5542 (80)
2515 5477 2870 5546 flagitet-vim.
2905 5471 2999 5527 Sic
3040 5471 3185 5528 mss.
3215 5471 3450 5529 codices
3485 5487 3727 5527 summo
3753 5488 3962 5533 con-

2287 5557 2496 5599 sensu.
2532 5542 2684 5599 Editi
2702 5547 3030 5615 περιέστηκε.
