4054 6204
528 405 633 461 467
1907 392 1963 450 S.
2004 386 2188 447 BASII

2305 391 2528 451 MAGNI
3794 400 3902 458 468

526 528 648 584 rias
697 539 854 598 quas
904 522 1265 595 acceperunt
1318 517 1769 592 propulsandae
1836 515 2183 589 implorant.

2305 527 2520 571 σεαυτοῦ
2561 519 2673 591 (87)
2727 523 3054 587 κατηξίωσας
3082 538 3095 552 '
3137 526 3226 576 καὶ
3278 522 3594 597 ὀφειλόμενον
3659 532 3766 586 τοῖς
3805 531 3897 584 τὴν

531 618 920 671 Frumentum
951 611 1112 668 enim
1153 609 1319 683 quod
1349 608 1643 664 duntaxat
1672 606 1751 664 ad
1772 606 2185 663 necessarium

526 705 661 761 vitae
693 720 870 759 usum
892 701 1305 774 optatissimus
1328 699 1510 755 frater
1530 697 1867 755 Dorotheus
1900 695 2189 764 habebat,

526 791 780 865 quidam
810 807 881 847 ex
918 790 1009 855 iis,
1059 788 1231 860 179
1289 786 1515 860 quibus
1567 802 1769 842 rerum
1801 783 2191 857 publicarum

529 880 967 940 administratio
1043 875 1387 933 concredita
1451 879 1562 945 est,
1642 875 1702 931 in
1768 873 1980 930 Berisis
2055 871 2191 927 diri-

528 973 810 1044 puerunt,
849 967 973 1022 sive
996 982 1107 1022 sua
1132 970 1342 1038 sponte
1370 964 1449 1020 ad
1477 964 1635 1021 hanc
1661 962 2035 1027 violentiam,
2069 960 2192 1016 sive

531 1060 609 1115 ab
643 1057 772 1114 aliis
804 1056 1054 1113 inducti.
1090 1059 1305 1112 Verum
1336 1054 1502 1111 nulla
1541 1070 1611 1109 ex
1662 1057 1831 1127 parte
1859 1069 1956 1109 res
2015 1051 2193 1124 culpa

528 1146 876 1213 caret.0uid
897 1145 1057 1201 enim
1087 1145 1288 1201 minus
1318 1144 1503 1213 laedit,
1536 1143 1640 1216 qui
1667 1160 1737 1198 ex
1771 1158 1832 1198 se
1866 1141 2061 1198 malus
2084 1146 2191 1210 est,

529 1254 717 1311 quam
755 1237 855 1309 qui
888 1236 1145 1293 aliorum
1197 1235 1504 1291 ministrat
1557 1232 1979 1305 improbitati?
2010 1230 2194 1303 siqui-

530 1329 673 1385 dem
692 1328 852 1383 idem
875 1326 1172 1383 damnum
1198 1325 1290 1380 his
1328 1325 1433 1397 qui
1476 1323 1695 1394 injuria
1727 1322 2195 1379 afficiuntur.Pe-

532 1418 714 1474 timus
740 1416 938 1485 igitur,
972 1418 1036 1470 ut
1065 1429 1172 1485 per
1204 1429 1359 1486 quos
1388 1413 1485 1468 hic
1513 1412 1802 1485 spoliatus
1853 1416 1961 1477 est,
1996 1410 2073 1465 ab
2097 1409 2193 1465 his

532 1508 903 1564 frumentum
936 1504 1210 1561 ablatum
1242 1504 1626 1575 recipiat,nec
1656 1503 1741 1558 eis
1768 1502 1942 1558 liceat
1970 1500 2192 1557 facino-

532 1596 614 1653 ris
660 1595 905 1667 culpam
934 1595 996 1650 in
1027 1594 1175 1651 alios
1222 1594 1489 1664 rejicere.
1545 1592 1760 1658 Quanti
1809 1596 2012 1647 autem
2069 1606 2194 1646 mo-

534 1686 723 1741 menti
752 1689 843 1740 est
866 1684 951 1739 rei
973 1682 1380 1739 frumentariae
1410 1682 1731 1754 penuriam
1754 1678 2193 1749 effugere,tanti

535 1775 825 1832 faciemus
880 1778 996 1830 tuae
1043 1772 1557 1843 magnanimitatis
1610 1770 2095 1839 beneﬁcentiam,
2145 1770 2192 1824 si

536 1882 674 1923 eam
705 1864 970 1923 conferre
1001 1863 1284 1935 dignatus
1316 1863 1522 1919 fueris.

1020 1989 1352 2047 EPISTOLA
1392 1990 1707 2047 LXXXVII'.

1048 2115 1276 2172 Eadem
1307 2114 1380 2171 de
1401 2129 1466 2171 re
1483 2113 1691 2170 scribit
1719 2111 1988 2170 Basilius
2015 2109 2096 2167 ad
2111 2107 2425 2180 praesidem
2456 2122 2627 2180 quem
2648 2109 2850 2167 Eliam
2872 2126 2993 2169 esse
3020 2112 3335 2169 credimus.

2299 607 2618 683 στερρότητα
2660 619 2753 665 σοῦ
2795 613 2861 675 εἰς
2913 618 3006 673 τὴν
3058 615 3182 688 ὑπὲρ
3211 614 3277 666 ὧν
3316 616 3605 667 πεπόνθασι
3646 614 3896 688 βοήθειαν

2298 695 2731 773 ἐπικαλουμένοις.
2794 710 2938 756 Σῖτον
2986 706 3107 778 γὰρ,
3160 703 3211 754 ὃν
3255 708 3407 775 μόνον
3460 701 3573 776 εἶχε
3626 709 3753 778 πρὸς
3808 710 3895 764 τὴν

2300 786 2581 860 ἀναγκαίαν
2612 800 2702 844 τοῦ
2761 791 2883 865 βίου
2912 789 3182 866 διαγωγὴν
3210 795 3233 846 ὁ
3263 796 3626 856 ποθεινότατος
3682 792 3898 866 ἁδελφὸς

2300 880 2572 951 Δωρόθεος,
2616 877 2919 955 διήρπασάν
2949 902 3082 942 τινες
3120 881 3167 933 ἐν
3210 888 3455 958 Βηρίσοις
3485 884 3622 953 (88),
3680 893 3781 936 τῶν
3837 889 3901 937 τα

2301 963 2540 1039 δημόσια
2605 965 2818 1023 διοικεῖν
2884 975 3318 1045 πεπιστευμένων,
3379 975 3478 1025 εἴτε
3545 972 3628 1045 ἀφ’
3705 974 3900 1025 ἑαυτῶν

2301 1056 2527 1120 ἐλθόντες
2573 1057 2656 1111 ἐπι
2707 1065 2799 1118 τὴν
2850 1058 2994 1134 βίαν,
3027 1065 3121 1114 εἴτε
3174 1065 3262 1113 καὶ
3307 1061 3487 1136 ἑτέρων
3544 1063 3725 1125 αὐτοῖς
3767 1065 3901 1115 ὑπο-

2305 1148 2538 1221 θεμένων.
2574 1148 2711 1207 Πλὴν
2743 1146 3031 1223 οὐδαμόθεν
3092 1149 3268 1213 αὐτοῖς
3310 1154 3366 1203 τὸ
3399 1158 3617 1226 πρᾶγμα
3651 1152 3907 1225 ἀνέγκλη-

2301 1256 2406 1300 τον,
2453 1242 2516 1289 Τί
2566 1240 2664 1311 γὰρ
2710 1239 2863 1297 ἧττον
2907 1241 3017 1311 (89)
3062 1237 3236 1294 ἀδικεῖ
3265 1242 3289 1292 ὁ
3321 1242 3518 1293 οἴκοθεν
3545 1246 3776 1318 πονηρός
3808 1244 3837 1301 ἡ
3883 1246 3908 1295 ὁ

2303 1326 2484 1399 ἑτέρων
2538 1332 2696 1400 κακία
2750 1329 3210 1402 ὑπηρετούμενοςς
3267 1336 3367 1382 Καὶ
3430 1338 3536 1394 τοῖς
3585 1333 3905 1384 πεπονθόσιν

2302 1417 2331 1473 ἡ
2376 1416 2543 1487 ζημία
2596 1417 2771 1488 ὁμοία.
2800 1418 2991 1469 Τοῦτον
3024 1416 3283 1491 ἀξιοῦμεν,
3328 1415 3400 1470 δι’
3433 1420 3499 1470 ὧν
3542 1417 3777 1495 ἀφῃρέθη
3814 1425 3905 1493 μὲν

2299 1505 2410 1575 (90)
2466 1504 2759 1572 ἀπολαϐεῖν,
2801 1511 2889 1559 καὶ
2940 1503 3006 1565 δὴ
3038 1506 3221 1569 ἐξεῖναι
3260 1507 3438 1570 αὐτοῖς
3469 1507 3551 1561 ἐπὶ
3582 1509 3780 1583 ἑτέροις
3813 1517 3909 1569 τήν

2302 1593 2471 1645 αἰτίαν
2493 1602 2592 1646 τῶν
2624 1593 3006 1668 τετολμημένων
3036 1595 3299 1670 ἀναφέρειν
3328 1614 3339 1627 ’
3371 1600 3495 1650 ὅσου
3529 1594 3588 1649 δὲ
3616 1602 3733 1669 (91)
3764 1599 3911 1661 οἱξιον

2300 1685 2357 1733 τό
2396 1687 2485 1741 τὴν
2536 1682 2589 1735 ἐκ
2636 1693 2723 1744 τῆς
2755 1682 3019 1747 σιτοδείας
3050 1682 3321 1758 διαφυγεῖν
3370 1685 3618 1759 ἀνάγκην,
3642 1691 3902 1740 τοσούτου

2302 1777 2394 1829 τήν
2425 1774 2585 1845 χάριν
2624 1776 2956 1847 τιμησάμεθα
2985 1780 3078 1833 τὴν
3098 1779 3242 1850 παρὰ
3278 1785 3367 1838 τῆς
3396 1785 3493 1837 σῆς
3518 1777 3911 1849 μεγαλογνίαςς

2221 1858 2263 1910 Β
2302 1855 2386 1909 ἐὰν
2410 1858 2513 1932 ἄρα
2543 1854 2725 1911 δοῦναι
2754 1860 3113 1935 καταξιώσῃς.

2854 1991 3192 2041 ΕΠΙΣΤΟΛΙΙ
3234 1984 3354 2042 ΙΙΖ’.

814 2239 954 2297 Sine
977 2236 1368 2309 inscriptione
1387 2238 1457 2295 de
1487 2238 1690 2295 iisdem
1725 2237 1921 2295 rebus.

2588 2233 2955 2313 Ἀνεπίγραφος
2986 2237 3110 2311 ὑπερ
3155 2245 3255 2289 τῶν
3285 2236 3451 2291 αὐτῶν
3484 2236 3616 2308 (92).

609 2346 847 2403 Miratus
884 2363 1019 2403 sum
1048 2345 1357 2419 quomodo
1408 2349 1460 2403 te
1491 2349 1802 2419 sequestro
1833 2348 2065 2402 tantum
2093 2357 2194 2400 ne-

538 2436 628 2493 fas
658 2440 1068 2508 perpetratum
1097 2436 1173 2492 sit
1200 2436 1261 2491 in
1293 2436 1900 2508 compresbyterum;
1934 2434 2090 2491 adeo
2135 2437 2199 2489 ut

537 2525 704 2599 quod
716 2525 962 2582 unicum
978 2525 1241 2582 habebat
1258 2526 1664 2582 sustentandae
1677 2526 1809 2582 vitae
1821 2524 2194 2597 praesidium,

535 2612 600 2670 id
630 2615 683 2671 ei
714 2620 987 2687 ereptum
1023 2615 1117 2673 sit.
1150 2614 1321 2680 Quod
1374 2620 1577 2672 autem
1629 2614 2061 2684 gravissimum
2109 2616 2204 2671 est

536 2703 683 2760 illud
713 2709 819 2771 est,
852 2705 1019 2777 quod
1072 2704 1177 2778 qui
1224 2705 1339 2761 hoc
1368 2704 1499 2760 ausi
1549 2708 1711 2774 sunt,
1742 2703 2025 2760 facinoris
2068 2704 2194 2760 cul-

538 2808 682 2865 pam
714 2792 775 2849 in
801 2797 857 2850 te
883 2792 1288 2849 transferunt:
1322 2810 1505 2865 quem
1539 2809 1642 2865 per
1672 2797 1798 2849 erat
1835 2808 1961 2849 non
2011 2793 2193 2851 modo

536 2897 661 2937 non
709 2881 1067 2953 permittere,
1094 2882 1209 2937 sed
1236 2883 1415 2938 etiam
1454 2882 1590 2938 totis
1619 2881 1848 2937 viribus
1903 2881 2193 2954 impedire

535 2971 864 3043 quominus
896 2970 1024 3026 haec
1050 2972 1522 3039 committantur,
1563 2971 1826 3028 maxime
1856 2970 2101 3042 quidem
2133 2973 2193 3028 in

535 3059 782 3131 quosvis
812 3060 1127 3116 homines:
1162 3060 1252 3116 sin
1303 3060 1526 3123 minus,
1578 3060 1790 3116 saltem
1821 3066 2033 3116 contra
2061 3076 2191 3131 pre-

535 3147 829 3220 sbyteros,
858 3165 1086 3221 eosque
1133 3154 1433 3221 quotquot
1457 3149 1614 3205 idem
1645 3166 1714 3205 ac
1760 3166 1873 3205 nos
1907 3150 2187 3218 sentiunt,

534 3252 605 3292 ac
636 3238 912 3294 eamdem
940 3238 1173 3307 pietatis
1199 3239 1361 3295 viam
1392 3240 1616 3295 ineunt.
1676 3242 1904 3311 Itaque.
1965 3240 2014 3295 si
2068 3257 2191 3312 qua

533 3325 641 3380 tibi
669 3342 814 3383 cura
846 3332 937 3382 est
980 3332 1045 3383 ut
1074 3344 1169 3383 me
1222 3344 1486 3394 recrees;
1542 3329 1639 3383 fac
1696 3329 1810 3385 cito
1863 3345 1997 3400 qua;
2057 3334 2190 3385 acta

534 3421 675 3472 sunt
703 3418 1096 3487 corrigantur.
1128 3422 1295 3474 Potes
1328 3419 1511 3487 enim,
1556 3418 1656 3474 Dei
1710 3418 1894 3484 dono,
1952 3425 2007 3475 et
2061 3420 2188 3476 haec

2305 3420 2386 3467 mi
2417 3419 2492 3468 ἔτι
2519 3418 2681 3487 μείζω
2718 3420 2911 3469 τούτων
2964 3418 3270 3491 κατορθοῦν,
3318 3417 3391 3476 οἷς
3430 3414 3490 3465 ἂν
3540 3413 3720 3487 ἐθέλῃς
3754 3417 3900 3485 (93).

535 3509 591 3562 et
618 3505 709 3560 his
739 3506 937 3579 adhuc
966 3506 1197 3576 majora
1245 3508 1549 3578 perficere,
1580 3507 1802 3579 quibus
1846 3509 2186 3565 consultum

2305 3504 2598 3558 Ἐπέστειλα
2628 3503 2685 3558 δὲ
2714 3511 2803 3557 καὶ
2845 3514 2917 3576 τῷ
2957 3508 3180 3579 ἄρχοντι
3206 3513 3301 3565 τῆς
3322 3500 3578 3577 πατρίδος
3610 3508 3755 3573 (96),
3798 3508 3900 3569 ἶνα,

532 3594 816 3651 volueris.
845 3595 1063 3667 Scripsi
1092 3601 1291 3652 autem
1326 3600 1381 3651 et
1406 3596 1485 3651 ad
1515 3596 1719 3668 patriae
1753 3598 2143 3669 Praepositum
2171 3616 2182 3654 :

2305 3593 2379 3645 ξαν
2412 3594 2493 3665 ἀφ’
2522 3595 2712 3647 ἑαυτῶν
2764 3596 2880 3666 (97.)
2907 3600 2976 3668 μὴ
3015 3595 3275 3653 θελήσωσι
3304 3601 3526 3651 ποιῆσαι
3565 3596 3634 3644 τὰ
3690 3590 3897 3656 δικαια,

533 3688 599 3740 ut
643 3685 692 3741 si
722 3701 832 3741 sua
865 3688 1077 3757 sponte
1109 3700 1285 3757 aequa
1337 3685 1531 3740 facere
1582 3685 1899 3753 noluerint,
1928 3687 2183 3757 judicio-

533 3792 671 3834 rum
699 3775 1049 3833 auctoritate
1071 3774 1265 3831 facere
1294 3779 1605 3846 cogantur.
2300 3792 2417 3830 σαι.

2378 2341 2683 2415 Ἐθαύμασα
2719 2353 2848 2411 πῶς,
2894 2352 2988 2397 σοῦ
3039 2347 3421 2417 μεσιτεύοντος,
3465 2347 3715 2397 τοσούτον
3766 2344 3917 2397 ἐτολ-

2304 2433 2447 2503 μήθη
2496 2436 2655 2485 κακὸν
2712 2436 2847 2486 κατὰ
2900 2442 2993 2487 τοῦ
3053 2433 3518 2508 συμπρεσϐυτέρου
3577 2434 3694 2503 (93)
3776 2438 3919 2486 ὥστε

2304 2521 2366 2579 ἢν
2418 2541 2577 2593 μονην
2622 2519 2760 2593 εἶχεν
2810 2522 3048 2597 ἀφορμὴν
3093 2531 3188 2576 τοῦ
3224 2522 3372 2595 βίου,
3419 2525 3615 2581 ταύτην
3666 2519 3917 2594 διαρπα-

2306 2612 2517 2670 σθῆναι.
2560 2616 2657 2665 Καὶ
2683 2616 2739 2664 τὸ
2771 2609 3086 2680 δεινότατον,
3120 2614 3199 2665 ὅτι
3230 2615 3280 2664 οἰ
3326 2620 3481 2666 τοῦτο
3531 2611 3915 2684 τετολμηκότος

2304 2698 2387 2752 ἐπὶ
2421 2704 2477 2753 σε
2515 2706 2608 2759 τὴν
2661 2701 2831 2754 αἰτίαν
2889 2703 2955 2753 ὧν
3012 2706 3363 2761 πεποιήκασιν
3412 2700 3764 2774 ἀναφέρουσιν
3795 2719 3808 2731 ·
3857 2703 3911 2753 ὃν

2302 2788 2407 2860 οὔχ
2455 2791 2593 2852 ὅπως
2621 2792 2731 2861 (94)
2760 2790 3047 2866 ἓπιτρέπειν
3080 2794 3144 2844 τὰ
3193 2798 3414 2844 τοιαῦτα
3458 2793 3727 2861 γίνεσθαι,

2301 2882 2392 2930 καὶ
2442 2884 2595 2931 παντὶ
2650 2882 2815 2933 σθένει
2878 2877 3185 2933 διακωλύειν
3222 2879 3501 2932 ἀκόλουθον
3540 2876 3626 2945 ἦν,
3674 2879 3913 2951 μάλιστα

2300 2971 2388 3039 μεν
2436 2971 2573 3021 κατὰ
2620 2971 2820 3022 πάντων
2890 2969 2954 3021 ἐἰ
3004 2966 3057 3022 δ’
3109 2971 3231 3042 ἄρα,
3282 2972 3416 3022 κατὰ
3457 2977 3583 3041 ’γοῦν
3625 2977 3729 3021 τῶν
3788 2989 3913 3044 np:-

2301 3056 2581 3130 σευτέρων,
2622 3064 2711 3111 καὶ
2762 3061 2955 3112 τούτων
2987 3059 3102 3112 ὅσοι
3150 3060 3275 3131 ἡμῖν
3326 3057 3621 3131 ὁμόψυχοι,
3662 3062 3759 3110 καὶ
3818 3063 3912 3115 τὴν

2299 3146 2461 3204 αὐτὴν
2508 3156 2597 3207 τῆς
2662 3147 2924 3210 εὐσεϐείας
2976 3145 3099 3202 ὁδὸν
3154 3153 3508 3223 πορευόμενοι.
3576 3151 3633 3200 Εἰ
3693 3167 3751 3199 τι
3818 3144 3911 3200 οὖν

2300 3240 2587 3307 φροντίζεις
2636 3245 2728 3290 τοῦ
2767 3236 3070 3291 ἀναπαᾶσαι
3114 3240 3274 3309 ἡμᾶς,
3305 3240 3512 3308 ταχέως
3543 3233 3910 3304 διορθωθῆναι

2298 3328 2363 3377 τὰ
2399 3331 2643 3397 γενόμενα
2682 3332 2924 3385 ποίησον.
2953 3329 3301 3401 Δύνασαιγάρ
3335 3330 3431 3377 σὺν
3458 3334 3571 3395 Θεῷ
3602 3331 3696 3378 καὶ
3738 3334 3909 3378 ταῦτα

2295 3682 2350 3734 ἐκ
2378 3692 2471 3745 τῆς
2496 3689 2743 3745 κινήσεως
2780 3693 2876 3736 τῶν
2919 3680 3276 3756 δικαστηρίων
3318 3682 3698 3753 ἀναγκασθῶσι
3751 3690 3904 3741 ποιῆ-

2297 4019 2519 4077 cundo.
2554 4021 2781 4076 Habent
2806 4020 2905 4076 alii
2943 4019 3024 4073 ἐπὶ
3056 4017 3348 4087 ἐκδικήσει,
3380 4022 3455 4078 de
3476 4022 3732 4078 ultione.
3764 4021 3913 4078 Editi

2297 4098 2573 4164 corrupte
2604 4092 2686 4144 ἐπὶ
2708 4094 2934 4166 οἰδιὴσει,
2968 4093 3154 4166 ΟοὶδΙη
3172 4094 3404 4166 primus
3433 4092 3516 4166 ἐπὶ
3559 4100 3741 4166 κήσςι.

2338 4166 2479 4275 ρ(93)
2518 4163 3003 4239 Συμπρεσϐυτέρου.
3034 4163 3191 4222 Med:
3215 4169 3271 4222 et
3300 4164 3473 4221 Coisl.
3503 4165 3745 4237 primus
3794 4184 3914 4241 πρε-

2302 4255 2577 4288 σοντεοου.

610 4027 630 4049 ”
664 4024 821 4081 Alias
848 4024 1083 4083 CCCXC.
1110 4025 1341 4097 Scripta
1373 4041 1535 4082 anno
1572 4029 1696 4081 372.

609 4099 724 4167 (87)
751 4103 871 4169 Τοῖς
905 4105 1145 4153 σεαυτοῦ.
1180 4096 1331 4152 med.
1365 4104 1421 4152 et
1455 4097 1635 4152 Coisl.
1673 4097 1902 4169 primus
1931 4096 2041 4159 τοῖς
2072 4098 2186 4151 ἑαυ-

537 4176 652 4240 τοῦ.
683 4167 869 4224 Paulo
898 4172 1037 4238 post
1066 4169 1242 4223 Coisl.
1295 4170 1529 4240 primus
1579 4173 1636 4225 et
1676 4167 1822 4238 Reg.
1880 4170 2185 4227 secundus

540 4237 679 4313 εἶχεν
712 4239 781 4313 εἰς
806 4237 920 4306 τήνξ
950 4244 1059 4294 etc.

636 4315 724 4387 88)
747 4312 828 4364 Ἐν
857 4315 1120 4387 Βηρίσοις.
1152 4309 1328 4367 Coisl.
1354 4310 1583 4384 primus
1611 4310 1660 4363 ἐν
1683 4313 2185 4387 ΒηρίσσοιςΡᾶΓὶε.

541 4390 597 4441 et
621 4384 813 4451 Bigot.
852 4384 899 4434 ἐν
932 4384 1206 4457 Κῃρίσοις.

613 4460 721 4524 (89)
752 4460 816 4507 Τί
844 4457 944 4527 γὰρ
971 4454 1146 4527 ﬁrma.
1195 4454 1365 4510 Nulla
1402 4454 1516 4510 hoc
1566 4454 1987 4527 locoivarietas
2036 4456 2187 4512 inter

541 4526 731 4598 editos
757 4530 813 4581 et
845 4526 1290 4596 manuscriptos
1318 4526 1590 4593 codices;
1624 4526 1729 4581 sed
1762 4531 1961 4598 tamen
1985 4534 2183 4598 postu-

540 4596 625 4652 lat
654 4598 969 4670 sententia,
1000 4602 1063 4651 ut
1089 4595 1384 4670 legamus,
1412 4602 1474 4649 Τί
1503 4601 1603 4670 γὰρ
1660 4599 1813 4655 ἧττον
1872 4595 2047 4651 atat-zu
2096 4601 2123 4658 ἡ
2161 4602 2185 4652 ό

542 4669 738 4720 οἴκοθεν
783 4671 1021 4741 πονηρός,
1068 4670 1092 4719 ό
1125 4668 1306 4740 ἐτέρων
1346 4674 1504 4740 κακία
1543 4668 1995 4741 ὑπηρετούριενοω
2032 4670 2188 4737 Quid

542 4741 694 4813 enim
724 4739 924 4813 minus
951 4739 1117 4813 laedit
1139 4739 1319 4809 quam
1342 4745 1445 4811 qui
1475 4739 1583 4813 sua
1615 4739 1819 4813 sponte
1844 4743 2038 4797 malus
2078 4749 2184 4813 est,

541 4812 646 4881 qui
680 4811 939 4866 aliorum
968 4811 1271 4866 ministrat
1303 4812 1716 4880 improbitati?
1738 4812 1999 4868 Occurrit
2027 4811 2187 4869 enim

2368 4288 2479 4378 (94)
2506 4306 2598 4359 Ὃν
2621 4319 2726 4378 oux
2758 4307 2914 4369 ὅπως.
2938 4306 3096 4379 Editi
3117 4306 3208 4363 his
3246 4306 3500 4363 vocibus
3530 4308 3913 4379 praemittunt

2298 4377 2537 4443 ei;.QUae
2566 4379 2909 4502 praepositio
2935 4378 3150 4445 legitur
3178 4379 3357 4435 etiam
3383 4379 3443 4435 in
3464 4377 3784 4435 codicibus
3815 4396 3911 4435 ve-

2298 4450 2634 4502 tustissimis
2737 4449 2861 4502 oisl.
2893 4455 2951 4502 et
2985 4451 3131 4502 Med.
3166 4451 3278 4502 Sed
3334 4452 3396 4502 in
3446 4452 3536 4502 his
3590 4451 3910 4502 codicibus

2298 4449 2634 4504 tustissimis
2693 4449 2861 4505 Coisl.
2893 4455 2951 4505 et
2984 4451 3131 4505 Med.
3166 4451 3278 4506 Sed
3334 4452 3397 4506 in
3446 4452 3536 4505 his
3590 4451 3910 4507 codicibus

2296 4521 2514 4593 desunt
2538 4521 2932 4593 praecedentia
2960 4521 3147 4577 verba
3172 4521 3254 4574 ἐπὶ
3279 4522 3749 4579 σξ.Ηᾶτ1θεξιηιιω
3770 4539 3907 4579 cum

2298 4592 2428 4648 aliis
2448 4592 2707 4665 quatuor
2744 4598 2986 4665 secutus
3012 4609 3168 4665 sum.

2366 4662 2488 4737 {‘95)—
2507 4665 2729 4737 Ἐθέλῃς.
2759 4664 2931 4737 Coisl.
2952 4663 3190 4737 primus
3213 4662 3413 4724 ἐθελεις.

2370 4733 2477 4804 (96)
2518 4744 2622 4796 Τῆς
2652 4732 2924 4809 πατρίδος.
2950 4732 3211 4809 Patriam
3241 4738 3616 4809 suam_vocat
3645 4735 3906 4791 Basilius

2294 4806 2585 4875 locum,in
2606 4823 2726 4879 quo
2744 4806 3033 4879 educatus
3060 4806 3254 4879 fuerat
3271 4806 3436 4879 apud
3458 4807 3675 4879 aviam
3700 4824 3908 4863 suam.

546 4877 798 4937 Basilius
825 4882 1218 4947 excusationi,
1251 4877 1760 4951 qua'vidcbantur
1789 4890 2065 4940 auctores
2097 4886 2187 4940 in-
2220 4885 2263 4938 D
2298 4877 2805 4951 Eumdemlocum
2823 4878 3089 4951 similiter
3107 4877 3579 4951 design’atsupra
3597 4877 3772 4935 initio
3790 4879 3909 4951 epi-

538 4953 711 5033 jurife
743 4953 931 5033 usuri,
959 4952 1270 5033 siculpam
1301 4953 1361 5033 in
1389 4954 1537 5033 alios
1558 4954 2183 5033 ‘traﬂnsferre‘possent.

544 5024 770 5081 Ibidem
792 5024 972 5079 editio
998 5024 1185 5100 Paris.
1224 5028 1323 5100 ξςαὶ
1350 5028 1451 5100 γαρ
1482 5030 1613 5086 τοῖς.
1648 5027 1817 5082 Deest
1841 5024 1940 5100 γάρ
1970 5028 2034 5082 in
2056 5044 2187 5100 sep-

542 5101 663 5152 tem
692 5112 837 5151 mss.
863 5101 917 5149 et
943 5094 1084 5151 edit.
1115 5094 1285 5151 Basil.

614 5170 725 5237 (90)
756 5168 1010 5240 Ἀφηρᾷθη
1052 5170 1161 5240 μέν.
1213 5166 1401 5223 Editio
1429 5168 1612 5223 Paris.
1655 5167 1822 5225 addit
1848 5167 1900 5232 ἐξ
1930 5171 2096 5222 αὐτῶν
2126 5174 2183 5223 τὸ

542 5237 945 5323 assignatam
967 5238 1093 5323 haec
1114 5237 1340 5323 desunt,
1358 5240 1417 5292 in
1451 5246 1682 5323 septem
1708 5258 1850 5323 mss:
1872 5246 1932 5323 et
1955 5242 2015 5296 in
2042 5241 2179 5323 edit.

542 5308 715 5368 Basil.
748 5312 807 5366 in
851 5326 975 5383 qua
1025 5309 1260 5385 legitur,
1319 5308 1549 5385 ἀφῃρέθῇ
1606 5316 1678 5383 μὴ
1731 5310 2025 5367 ἀπολαϐεῖν.
2074 5314 2183 5369 lbi-

541 5385 680 5439 dcm
710 5388 826 5440 tres
870 5379 1020 5438 inss.
1056 5379 1561 5455 ἀφῃρςθημεν,”ρεν
1594 5379 1739 5454 quos
1786 5386 2034 5453 spoliati
2083 5401 2181 5441 su-

540 5472 670 5512 mus

610 5500 722 5609 (ᾅῖ)
746 5526 913 5579 Ὀσου
945 5522 1376 5609 δεικτοσούτου.
1414 5523 1716 5609 ἓὶρμΗηᾶιῆ.
1732 5566 1778 5609 ,m
1797 5525 1943 5581 Med.
1979 5527 2177 5609 Coisl.,

538 5593 768 5669 primus
791 5615 930 5653 cum
956 5597 1196 5653 duobus
1227 5596 1377 5653 aliis.
1414 5596 1709 5669 Ed_iti_6aov
1733 5593 1880 5669 δεμ,
1908 5593 2174 5655 τοσοῦτονζ

608 5673 721 5739 (92)
742 5668 888 5741 Ὑπὲρ
909 5679 1005 5720 τῶν
1045 5669 1228 5741 αὐτῶν.
1268 5671 1431 5741 Hunc
1460 5667 1696 5741 titulum
1726 5668 2179 5741 desumpsimus

535 5724 975 5798 ex‘icodicibus
1022 5740 1200 5810 Harl.,
1233 5739 1406 5796 Coisl.
1457 5739 1725 5796 secundo
1771 5744 1827 5798 et
1874 5724 2176 5812 Regiose;

2295 4950 2459 5006 stolae
2492 4955 2541 5006 8.
2576 4950 2671 5021 Ait
2692 4950 2754 5004 in
2777 4949 3105 5020 epistolam
3130 4965 3377 5021 se,cum
3400 4949 3681 5021 pluribus
3708 4951 3773 5005 in
3805 4949 3915 5021 pa-

2294 5022 2406 5077 tria
2432 5020 2779 5094 timentibus
2798 5019 3416 5094 Deum,insolabilite_r'
3433 5019 3907 5094 d_oluisse,qqiiod

2294 5094 2537 5149 Dianius
2566 5092 2837 5147 formulas
2861 5092 3380 5165 Constantinopoli
3409 5091 3606 5165 allatae
3637 5091 3912 5148 sub—scri-

2292 5166 2697 5237 psisset.Hunc
2718 5169 2919 5219 autem
2936 5163 3489 5289 presbyterum,qui
3507 5164 3565 5217 in
3590 5166 3793 5234 patria
3810 5166 3913 5219 Ba-

2292 5237 2403 5289 silii
2429 5236 2707 5289 degebat.
2742 5250 2866 5289 non
2897 5252 2932 5289 a
2958 5236 3083 5289 ium
3126 5250 3259 5289 esse
3283 5234 3641 5289 nersoicitur
3667 5236 3724 5289 ei
3772 5250 3909 5289 ore—

2292 5236 2403 5291 silii
2429 5236 2707 5307 degebat,
2742 5236 3083 5307 nonalium
3126 5250 3259 5307 esse
3283 5236 3641 5306 perspicitur
3667 5236 3724 5290 ei
3772 5250 3909 5307 pre—

2292 5305 2555 5379 sbytero,
2608 5308 2712 5379 qui
2759 5306 3010 5379 Basilius
3067 5305 3654 5379 collactanetiserat,
3694 5305 3910 5362 addo-

2289 5376 2480 5444 mum,
2532 5380 2591 5434 in
2626 5376 2759 5451 qua
2811 5378 3062 5451 Basilius
3116 5377 3411 5451 educatus
3456 5376 3674 5451 fuerat,
3730 5379 3910 5433 certis

2289 5448 2734 5522 conditlonibus
2764 5450 3157 5506 commissam
3187 5448 3677 5517 administrabat,
3704 5454 3772 5505 ut
3803 5464 3913 5522 pa-

2287 5528 2369 5580 tet
2393 5540 2465 5580 ex
2494 5521 2760 5594 epistolis
2789 5524 2856 5576 36
2886 5527 2945 5577 et
2970 5525 3058 5577 37.

2362 5600 2472 5661 (97)
2502 5590 2612 5665 ’Ᾰφ“
2644 5592 2857 5646 ἑαυτῶν.
2891 5597 2976 5648 Ita
3024 5608 3128 5665 se);
3174 5608 3321 5665 mss.
3358 5590 3509 5647 Editi
3567 5590 3642 5664 ἐφ’
3680 5590 3910 5650 ἑαυτῶν.

2286 5660 2417 5726 MOX
2447 5660 2622 5722 Οοὶέι.
2650 5665 2881 5737 primus
2912 5668 2969 5722 et
3000 5663 3150 5723 Med.
3183 5660 3277 5717 διά
3305 5670 3397 5724 τῆς
3422 5660 3701 5724 κινήσεως.
