4054 6200
224 364 306 420 469
1123 352 1611 413 EPISTOLARUM
1649 349 1932 410 CLASSIS
1969 349 2038 406 II.
2079 351 2291 410 EPIST.
2329 351 2580 408 LXXXIX

848 502 1182 553 ΕΠΙΣΤΟΛΗ
1222 503 1315 553 ΠΗ

3425 340 3534 405 L70

2239 495 2575 552 EPISTOLA
2614 493 2930 550 LXXXVIII‘

228 629 474 686 Hortatus
510 623 718 694 fuerat
753 623 1022 679 Basilius
1066 625 1370 680 civitatem
1411 623 1493 680 ad
1518 621 1849 693 symbolam
1893 621 2035 677 auri
2064 619 2495 694 comparatitiz,
2542 617 2645 694 sed
2677 634 2820 694 eum
2841 617 3234 694 magistratus
3259 616 3535 687 plerique

283 703 437 756 essent
460 690 520 750 in
559 697 744 764 agris,
767 697 1036 764 postulat
1058 711 1095 752 a
1109 696 1386 766 praeside,
1407 701 1472 750 ut
1503 690 1598 752 vel
1624 695 1695 751 de
1725 693 1864 750 auri
1885 707 2116 748 summa
2142 692 2378 763 aliquid
2399 692 2639 747 interim
2669 691 2955 752 remittat,
2980 690 3072 745 vel
3094 695 3322 758 tempus
3347 703 3533 758 praes-

285 773 492 826 titutum
520 772 828 837 proroget.

409 856 794 931 ’Δνεπίγραφος,
821 853 906 908 ἐπὶ
936 854 1200 929 ἆπαιτητῇ
1232 858 1544 931 χρημάτων,

285 970 368 1024 Τὴν
392 960 665 1016 δυσκολίαν
706 970 798 1024 τῆς
831 959 1165 1036 συγκομιδῆς
1192 972 1284 1016 τοῦ
1314 968 1772 1037 πραγματευτικοῦ

219 1059 409 1130 χρυσίου
451 1053 559 1124 (98)
614 1053 819 1104 πάντων
865 1052 1096 1126 μάλιστα
1153 1054 1182 1112 ἠ
1242 1057 1306 1112 σὴ
1355 1059 1597 1126 τιμιότης
1652 1073 1774 1105 κατ-

218 1146 364 1216 έμαθε·
407 1145 493 1193 καὶ
538 1150 632 1203 τῆς
672 1145 848 1202 πενίας
892 1143 1036 1213 ἡμῶν
1079 1138 1268 1194 οὐδένα
1316 1144 1557 1215 μάρτυρα
1599 1146 1772 1192 τοιοῦ-

216 1253 282 1286 τον
317 1235 506 1304 ἔχομεν,
549 1231 653 1282 οἷον
699 1233 774 1295 σε,
809 1231 859 1290 ὃς
899 1228 953 1282 ἐκ
995 1238 1085 1291 τῆς
1115 1231 1344 1303 μεγάλης
1388 1230 1772 1303 φιλανθρωπίας

213 1327 284 1375 καὶ
325 1321 594 1380 συνέπαθες
646 1321 793 1391 ἡμῖν,
840 1324 929 1372 καὶ
977 1321 1439 1395 συμπεριηνέχῦης
1481 1323 1644 1394 μέχρι
1681 1324 1773 1370 τοῦ

216 1419 420 1485 παρόντος
458 1411 527 1461 τὰ
574 1406 792 1476 δυνατὰ,
841 1405 1079 1482 οὐδαμοῦ
1132 1414 1189 1462 τὸ
1234 1417 1396 1483 πρᾶον
1448 1419 1535 1470 τῆς
1587 1409 1772 1460 ἑαυτοῦ

206 1508 282 1553 τῶν
319 1505 512 1573 τρόπων
552 1500 932 1560 ’καταστάσεως
975 1498 1028 1550 ἐκ
1059 1508 1154 1560 τῆς
1188 1507 1287 1550 τῶν
1338 1500 1528 1551 ἄνωθεν
1575 1496 1770 1549 ἐπικει-

209 1593 335 1662 μένων
382 1597 626 1663 ταραχῆς
672 1591 1055 1662 παρακινήσας.
1112 1589 1252 1640 Ἐπεὶ
1303 1589 1390 1640 οὖν
1439 1587 1770 1640 ὑπολείπεται

206 1684 304 1750 ἡμῖν
343 1676 394 1729 ἐκ
421 1684 515 1728 τοῦ
561 1680 751 1739 παντὸς
805 1678 1038 1750 σταθμοῦ
1070 1676 1244 1748 ὀλίγον
1277 1679 1350 1729 ἔτι
1391 1681 1638 1752 χρυσίον,
1681 1682 1771 1727 καὶ

205 1775 324 1819 τοῦτο
370 1765 568 1837 ἀνάγκη
629 1765 683 1817 ἐκ
732 1774 823 1818 τοῦ
882 1765 1082 1840 ἐράνου,
1131 1766 1196 1827 εἰς
1249 1767 1300 1818 ὄν
1342 1765 1772 1841 προετρεψοξμεθα

205 1863 344 1908 πᾶσαν
372 1860 460 1913 τὴν
507 1855 678 1925 πόλιν,
715 1858 1140 1929 συγκομισοῆναι
1165 1873 1176 1885 ·
1227 1855 1624 1931 παρακαλοῦμέν
1675 1874 1769 1906 σου

201 1950 273 2002 τήν
313 1947 608 2018 ἡμερότητα
663 1951 848 2018 μικρὸν
899 1965 947 1996 τι
997 1943 1213 1997 ἐκτεῖναι
1267 1947 1392 2018 ἡμῖν
1441 1949 1533 2002 τὴν
1590 1945 1771 2018 προθε-

204 2040 349 2106 σμίαν,
381 2037 506 2109 πρὸς
549 2037 606 2085 τό
646 2040 736 2086 καὶ
767 2037 885 2095 τοὺς
922 2033 1017 2096 ἔξω
1059 2043 1149 2094 τῆς
1193 2034 1384 2094 πόλεως
1422 2034 1769 2105 ὑπομνησθῆ-

197 2144 285 2176 ναι.
332 2125 406 2175 Ἐν
445 2122 635 2194 ἀγροῖς
683 2125 785 2196 γάρ
845 2123 959 2175 ἐστι
1015 2126 1073 2174 τὸ
1116 2122 1245 2176 πολὺ
1305 2130 1403 2174 τῶν
1436 2121 1484 2174 ἐν
1516 2122 1666 2191 trist,
1707 2123 1771 2181 ὡς

1805 856 1852 910 Α
1930 853 2072 909 Sine
2098 852 2513 922 inscriptione,
2538 866 2722 910 causa
2743 849 3044 909 exactoris
3062 850 3479 919 pecuniarum.

1952 963 2144 1026 Quam
2174 959 2413 1017 diﬂicile
2441 960 2512 1016 sit
2537 976 2753 1016 aurum
2785 957 3273 1031 comparatitium
3298 972 3534 1027 cogere,

1881 1051 2154 1106 omnium
2187 1050 2451 1106 maxime
2477 1049 2825 1122 praestantia
2854 1054 2953 1104 tua
2989 1048 3190 1103 novit:
3222 1062 3417 1118 neque
3443 1046 3534 1102 ul-

1879 1137 2004 1195 lum
2044 1139 2418 1212 paupertatis
2465 1144 2684 1195 nostrae
2734 1142 2946 1194 testem
2998 1142 3125 1192 tam
3172 1133 3534 1208 locupletem

1879 1227 2196 1297 habemus,
2228 1245 2413 1300 quam
2447 1229 2825 1301 temetipsum
2861 1243 2874 1282 :
2908 1226 3009 1300 qui
3044 1241 3287 1280 summa
3314 1225 3534 1281 huma-

1879 1318 2059 1373 nitate
2103 1323 2159 1373 et
2203 1319 2389 1374 nostri
2442 1318 2727 1373 misertus
2777 1333 2860 1382 es,
2907 1321 2964 1372 et
3014 1315 3186 1385 180
3217 1315 3530 1382 hactenus,

1879 1413 2176 1480 quantum
2223 1407 2285 1462 in
2317 1412 2370 1462 te
2410 1407 2537 1472 fuit,
2571 1406 2950 1477 indulgenter
2988 1404 3310 1460 nobiscum
3339 1403 3549 1474 egisti,

1877 1513 2180 1569 nusquam
2199 1513 2234 1552 a
2254 1497 2370 1552 leni
2392 1496 2490 1553 illo
2513 1513 2750 1553 morum
2775 1502 3012 1552 tuorum
3035 1499 3190 1550 statu
3217 1493 3532 1550 discedens

1877 1587 1956 1643 ob
1975 1592 2199 1643 metum
2217 1603 2445 1656 eorum,
2461 1603 2595 1659 quae
2615 1602 2650 1643 a
2667 1584 3114 1641 sublimioribus
3132 1582 3531 1656 potestatibus

1877 1676 2296 1732 imminebant.
2345 1675 2636 1740 Quoniam
2686 1675 2866 1746 igitur
2907 1673 3207 1746 reliquum
3238 1676 3327 1728 est
3354 1672 3530 1728 nobis

1877 1765 1953 1820 de
1984 1769 2105 1820 tota
2155 1781 2397 1820 summa
2426 1763 2742 1836 paululum
2773 1763 2933 1832 auri;
2968 1778 3037 1818 ac
3080 1761 3232 1817 illud
3262 1777 3334 1817 ex
3364 1777 3529 1832 sym-

1876 1853 2038 1918 bola,
2063 1854 2139 1910 ad
2161 1871 2348 1927 quam
2372 1854 2671 1910 civitatem
2696 1853 3041 1909 universam
3060 1852 3277 1908 hortati
3296 1868 3528 1922 sumus,

1875 1960 2123 2000 necesse
2162 1949 2253 1999 est
2285 1942 2526 2013 colligi;
2569 1942 2952 1999 clementiam
2999 1947 3166 1998 tuam
3218 1957 3524 2012 rogamus,

1876 2033 2053 2088 nobis
2085 2033 2489 2104 prtestitutum
2520 2037 2758 2104 tempus
2791 2031 3102 2104 paulisper
3124 2046 3432 2103 proroges,
3465 2034 3532 2086 ut

1876 2125 1931 2176 et
1958 2121 2060 2193 qui
2085 2121 2161 2176 ab
2184 2121 2331 2176 urbe
2357 2121 2598 2187 absunt,
2623 2120 3164 2176 admoneantur.ln
3188 2118 3346 2189 agris
3367 2119 3528 2174 enim

201 2208 299 2264 οὐδὲ
332 2212 478 2273 αὐτὸς
541 2210 763 2283 ἀγνοεῖς.
819 2212 930 2265 Ἐὰν
997 2214 1086 2285 μὲν
1140 2208 1226 2264 οὖν
1349 2207 1571 2263 δυνατόν
1627 2212 1767 2284 παρὰ

1880 2214 2016 2265 sunt
2068 2210 2337 2282 plerique
2385 2209 2874 2280 magistratuum,
2920 2211 2985 2262 ut
3022 2223 3098 2262 ne
3126 2207 3252 2279 ipse
3282 2206 3530 2278 quidem

198 2297 394 2353 τοσάσδε
460 2300 650 2374 λίτρας
711 2300 1085 2374 ἐκπεμφθῆναι,
1156 2307 1403 2352 τοσοῦτον
1466 2300 1567 2373 γὰρ
1643 2301 1768 2372 ἡμῖν

199 2390 548 2459 υπο)ἑ).ειπται,
580 2396 733 2442 τοῦτο
780 2391 1021 2460 γενέσθαι
1071 2388 1469 2463 παρακαλοῦμεν
1515 2403 1607 2440 σε’
1667 2386 1768 2438 κόι-

196 2487 302 2531 κεῐνο
357 2478 855 2537 ἐπαποσταλῆσεται
919 2478 1172 2552 ὕστερον·
1251 2478 1336 2530 ἐὰν
1395 2473 1454 2530 δὲ
1523 2482 1671 2529 πᾶσα

200 2566 362 2640 ἀνάγκη
408 2567 602 2642 ἀθρόον
655 2569 781 2620 αὐτὸ
828 2569 1267 2643 παραπεμφθῆναι
1304 2575 1409 2627 σοῖς
1459 2568 1766 2638 θησαυροῖς,

198 2660 293 2730 ὅπερ
334 2658 382 2720 ἐξ
412 2657 596 2730 ἀρχῆς
644 2657 960 2730 ἠξιώσαμεν,
1011 2656 1327 2732 πλατυτέραν
1367 2659 1490 2729 ἡμῖν
1529 2657 1770 2728 γενέσθαι

198 2752 274 2804 τὴν
300 2749 651 2822 προθεσμίαν.

779 2858 1116 2906 ΕΠΙΣΤΟΛΗ
1158 2852 1270 2905 ΠΘ¹

1874 2298 2140 2369 ignoras.
2181 2298 2354 2364 Quod
2388 2299 2438 2354 si
2467 2301 2548 2355 ita
2581 2297 2732 2353 mitti
2763 2301 2978 2369 potest,
3012 2301 3078 2352 ut
3107 2300 3191 2352 tot
3237 2295 3403 2351 librae
3435 2295 3534 2351 de-

1875 2389 2010 2457 sint,
2037 2388 2418 2444 tantumdem
2458 2387 2618 2444 enim
2644 2386 2820 2443 nobis
2844 2386 3144 2460 reliquum
3188 2390 3295 2456 est,
3325 2385 3441 2441 hoc
3471 2388 3538 2442 ut

1874 2477 1998 2546 ﬁat,
2030 2482 2085 2534 te
2133 2493 2319 2548 rogo;
2374 2481 2431 2534 et
2469 2477 2769 2550 reliquum
2819 2481 3030 2548 postea
3077 2475 3380 2544 mittetur;
3443 2476 3537 2531 sin

1875 2571 2078 2623 autem
2107 2567 2358 2623 omnino
2403 2582 2647 2621 necesse
2679 2569 2769 2621 est
2815 2564 2961 2620 illud
2995 2563 3178 2619 simul
3210 2555 3538 2620 transmitti

1876 2655 1938 2711 in
1967 2655 2285 2711 thesauros
2311 2673 2324 2724 ;
2356 2655 2418 2711 id
2444 2655 2607 2727 quod
2638 2654 2716 2711 ab
2745 2653 2914 2710 initio
2945 2653 3287 2724 eﬂlagitavi,
3307 2659 3373 2710 ut
3392 2657 3540 2711 tem-

1881 2760 1998 2818 pus
2021 2743 2319 2802 indictum
2344 2743 2521 2801 nobis
2546 2743 2872 2817 producas.

2301 2854 2636 2909 EPISTOLA
2676 2853 2996 2908 LXXXIX“.

198 2925 407 2981 Litteris
437 2925 682 2981 solatur
706 2925 974 2980 Basilius
1001 2925 1357 2981 desiderium
1382 2923 1630 2980 videndi
1651 2923 1902 2992 Meletii,
1926 2939 2174 2995 eumque
2199 2939 2311 2993 per
2338 2924 2703 2979 Dorotheum
2735 2923 3068 2979 obtestatur
3094 2927 3158 2977 ut
3178 2936 3296 2991 pro
3314 2937 3375 2978 se
3393 2926 3541 2992 oret,

253 3003 297 3052 et
316 3000 364 3054 si
388 2998 468 3053 ad
491 2996 908 3052 Occidentales
929 2997 1308 3052 scribendum
1325 2996 1422 3062 sit,
1448 2997 1680 3051 litteras
1701 2996 1882 3051 dictet
1904 3011 1924 3050 .·
1937 3011 1996 3052 se
2014 2999 2168 3052 enim
2182 2999 2314 3064 jam
2337 2997 2643 3064 scripsisse
2659 3010 2772 3065 per
2787 2995 3100 3062 Sabinum,
3123 2995 3226 3050 sed
3251 3000 3542 3065 tanquam

250 3071 525 3138 as—ynodo
554 3067 914 3123 mittendum
945 3069 1051 3139 qui
1080 3069 1316 3123 litteras
1345 3067 1637 3136 perferat.
1676 3067 1867 3136 Negat
1903 3083 1964 3123 se
1989 3068 2154 3136 apud
2165 3068 2590 3139 Athanasium
2628 3064 2956 3138 quidquam
2987 3079 3342 3136 promovere
3372 3064 3546 3134 posse

252 3141 355 3195 nisi
378 3156 414 3196 a
440 3140 692 3197 Meletio
724 3138 970 3211 ejusque
997 3141 1170 3195 sociis
1200 3139 1437 3194 initium
1467 3140 1577 3207 ﬁat
1608 3139 2038 3194 communionis
2064 3138 2403 3196 Athanasio
2434 3139 2775 3209 o/ferendas.

507 3244 745 3318 Μελετίῳ
775 3243 1044 3318 ἐπισκόπῳ
1078 3246 1427 3318 Ἀντιοχείας.

255 3354 304 3409 1.
331 3353 384 3406 Ὀ
426 3353 629 3426 ἀγαθὸς
677 3355 828 3420 Θεὸς,
879 3357 1281 3429 παρασχόμενος
1315 3354 1428 3425 (99)
1465 3355 1591 3426 ἡμῖν
1643 3371 1770 3427 προ-

2236 3245 2476 3302 Meletio
2515 3245 2788 3315 episcopo
2827 3242 3186 3300 Antiochiae.

1957 3357 2007 3409 t.
2049 3355 2250 3409 Bonus
2282 3355 2448 3426 {Deus
2487 3352 2842 3410 occasiones
2871 3350 3049 3408 nobis
3087 3348 3424 3408 salutandae
3450 3347 3542 3406 di-

195 3443 353 3512 ?oicm;
382 3451 758 3517 προσηγοριῶν
788 3446 914 3518 πρὸς
946 3447 1040 3501 τῆν
1076 3447 1171 3501 σὴν
1210 3447 1512 3515 τιμιότητα,
1547 3445 1605 3494 τὸ
1640 3461 1767 3515 σφο-

1885 3442 2126 3513 gnitatis
2157 3448 2273 3500 tuae
2316 3441 2615 3515 praebens,
2657 3441 3102 3498 vehementiam
3135 3440 3418 3497 desiderii
3446 3441 3548 3497 de-

201 3526 308 3601 ὄρόν
356 3541 441 3584 τοῦ
492 3535 663 3586 πόθου
725 3534 1134 3606 παραμυθεῖται.
1194 3535 1406 3605 Μάρτυς
1464 3534 1566 3605 γὰρ
1618 3531 1773 3592 αὐτὸς

199 3627 287 3679 τῆς
319 3619 590 3694 ἐπιθυμίας
625 3624 795 3695 ἡμῶν,
825 3622 886 3681 ῆν
923 3625 1113 3694 ἔχομεν
1156 3621 1227 3683 εἰς
1262 3626 1318 3674 τὸ
1353 3622 1645 3674 θεάσασθαί
1677 3641 1770 3674 σου

202 3712 344 3778 τὸυ)
374 3716 668 3784 πρόσωπον,
720 3716 812 3763 καὶ
851 3709 1147 3763 ἀπολαῦσαι
1189 3720 1283 3773 τῆς
1318 3709 1517 3783 ἀγαθῆς
1559 3703 1651 3763 σου
1682 3715 1772 3763 καὶ

189 3797 508 3872 ψνχωφεὶοῦς
555 3797 938 3862 διδασκαλίας.
992 3804 1092 3853 Καὶ
1135 3807 1222 3851 νῦν
1255 3796 1315 3852 δὲ
1355 3796 1449 3852 διὰ
1489 3807 1585 3852 τοῦ
1617 3799 1770 3852 εὐλα-

190 3884 415 3942 ϐεστιίτου
464 3897 560 3943 καὶ
614 3886 1038 3943 σπουδαιοτάτου
1092 3887 1316 3963 ἀδελφοῦ
1365 3891 1626 3964 Δωροθέου
1679 3897 1768 3942 τοῦ

191 3973 509 4032 συνδιακόνου
571 3979 861 4054 ἐρχομένου
918 3979 1314 4055 παρακαλοῦμεν
1376 3999 1432 4033 σε
1497 3998 1768 4052 προηγου-

189 4069 322 4135 μένως
352 4071 758 4143 προσεύχεσθαι
811 4071 938 4142 ὑπὲρ
977 4071 1144 4142 ἡμῶν,
1199 4071 1281 4122 ἱνα
1324 4073 1396 4142 μὴ
1445 4074 1768 4144 πρόσκομμα

187 4153 299 4226 ὦμεν
340 4166 408 4230 τῷ
443 4158 585 4230 λαῷ,
617 4155 756 4230 μηδὲ
805 4154 1056 4230 ἐμπόδιον
1104 4165 1231 4219 παῖς
1281 4160 1548 4233 ὑμετέραις
1579 4157 1767 4229 εὐχαῖς

183 4251 289 4317 πρὸς
330 4251 382 4300 τὸ
422 4246 758 4307 δυσωπῆσαι
804 4251 889 4300 τὸν
940 4251 1128 4320 Κύριον
1155 4270 1166 4281 ·
1209 4250 1388 4301 ἔπειτα
1437 4252 1525 4300 καὶ
1576 4249 1764 4320 ὑπομι-

180 4338 448 4408 primique-1
493 4336 830 4400 καταξιῶσαί
879 4356 936 4390 σε
990 4338 1160 4390 πάντα
1215 4346 1458 4390 τυπῶσαι
1517 4333 1612 4389 διὰ
1668 4344 1761 4389 τοῦ

180 4431 528 4500 προειρημένου
592 4423 812 4499 ἀδελφοῦ
835 4444 848 4458 ·
905 4432 996 4481 καὶ
1039 4428 1082 4480 εἰ
1113 4447 1166 4479 τι
1195 4427 1274 4498 (2)
1306 4423 1388 4480 δεί
1416 4427 1760 4487 ἒπίσταλῆναι

189 4521 277 4575 τοῖς
313 4520 446 4568 κατὰ
484 4521 592 4575 τὴν
631 4513 810 4586 δύσιν,
845 4512 938 4569 διὰ
984 4520 1043 4570 τὸ
1087 4515 1299 4589 ὀφείλειν
1337 4515 1627 4589 ἀναγκαίως
1669 4523 1760 4573 καὶ

180 4597 240 4652 δι’
289 4607 548 4681 ἠμί-έρου
608 4605 783 4667 αὐτοῖς
838 4605 1191 4679 ἀπενεχθῆναι
1245 4609 1548 4682 γράμματα,
1607 4607 1760 4658 αὐτὸν

182 4691 518 4769 ὑπαγορεῦσαι
569 4697 662 4758 τὰς
712 4694 1004 4758 ἐπιστολάς.
1058 4695 1228 4769 Ἡμεῖς
1279 4698 1381 4769 γὰρ
1430 4698 1763 4768 ἐπιτυχόντες

238 4853 334 4923 (98)
364 4862 849 4931 Ilpayluarsvfrtxoﬁ
876 4858 1133 4931 χρυσίου..
1159 4858 1388 4931 Aurum
1411 4854 1763 4931 illud_voca-

182 4920 336 5006 batur:
351 4920 1041 5006 comparatitium,'q'uia
1067 4928 1290 4985 idcirco
1321 4927 1759 5006 conferebatur,

182 5001 233 5050 ut
245 4997 373 5073 inde
391 4997 1456 5073 vestesmilitares—compararentur,
1478 5004 1544 5073 ut
1567 4999 1763 5073 obser-

186 5072 265 5142 yat
291 5068 695 5126 Gothofredus
727 5070 806 5126 ad
834 5070 941 5128 lib.
990 5068 1256 5128 vu'Cod.
1310 5068 1553 5138 Theod.,
1587 5071 1670 5127 tit.
1709 5075 1762 5142 6,

185 5132 277 5208 leg.
296 5144 343 5196 3.
375 5144 535 5199 Nam
559 5141 889 5214 provinciae
919 5143 1190 5209 Orientis,
1215 5143 1478 5215 exceptis
1506 5132 1762 5215 duabus,

189 5221 369 5287 nempe
386 5215 665 5287 Osr_oe_ne
685 5218 742 5269 et
761 5215 1008 5287 Isauria,
1022 5230 1146 5271 non
1157 5213 1592 5287 vesteuiipsam
1613 5213 1764 5270 mili-

193 5281 343 5358 tarem
356 5283 863 5358 praebebant,sed
877 5281 1095 5342 aurum
1112 5281 1765 5358 compensationisgra-

197 5353 272 5407 tu.
301 5353 474 5413 Porro
508 5355 732 5428 Valens
750 5357 813 5428 in
833 5356 964 5426 lege
1002 5353 1270 5414 secunda
1301 5357 1572 5428 ejusdem
1595 5353 1764 5424 tituli,

202 5436 302 5490 Quae
318 5426 748 5498 Marcianopoli
769 5427 912 5484 data
931 5433 1021 5485 est
1037 5444 1199 5485 anno
1222 5426 1348 5496 368,
1358 5429 1621 5499 jusserat
1639 5428 1768 5484 0m-

315 5513 616 5572 canonern
632 5502 876 5572 vestium
893 5515 969 5556 ea:
984 5501 1128 5556 Kal.
1151 5501 1314 5570 Sept.
1336 5501 1418 5556 ad
1440 5499 1771 5570 Kal.Apri—

276 5569 694 5642 largitionibus
716 5571 878 5628 tradi
893 5562 1239 5642 :propositd
1260 5573 1499 5629 Hectori
1525 5562 1772 5642 provin-

736 5644 789 5699 io
825 5643 1335 5701 condemnationis
1371 5659 1573 5714 puzna.
1605 5642 1769 5699 Unde

229 5711 334 5772 Wet
351 5711 509 5772 hanc
539 5711 748 5772 Basilii
767 5714 1083 5787 epistolam
1103 5714 1184 5772 ad
1214 5711 1524 5774 Rectorem
1541 5717 1774 5790 Cappa-

224 5646 386 5713 τιξυει
420 5645 558 5712 ejus
605 5641 730 5713 offic

1885 3531 2124 3589 mulcet.
2173 3535 2321 3588 Nam
2366 3531 2533 3587 testis
2566 3533 2693 3604 ipse
2743 3535 2834 3587 est
2862 3529 3146 3586 desiderii
3177 3529 3385 3598 nostri,
3414 3545 3537 3603 quo

1881 3622 2232 3692 flagramus,
2264 3621 2459 3678 vultus
2489 3621 2576 3677 tui
2600 3620 2860 3689 vivendi,
2893 3637 2964 3677 ac
2991 3619 3157 3677 bona
3191 3625 3294 3677 tua
3329 3623 3387 3676 et
3415 3618 3544 3676 utili

1883 3711 2200 3768 animabus
2247 3710 2524 3767 doctrina
2575 3709 2944 3782 perfruendi.
2973 3713 3139 3767 Nunc
3177 3715 3379 3765 autem
3432 3721 3540 3780 per

1878 3800 2395 3871 religiosissimum
2433 3814 2504 3855 ac
2550 3799 2852 3871 optimum
2884 3796 3130 3854 fratrem
3172 3795 3540 3852 Dorotheum

1879 3889 2322 3945 condiaconum
2357 3887 2775 3943 advenientem
2805 3885 3076 3942 obtestor
3105 3891 3182 3954 te,
3212 3883 3274 3940 in
3326 3883 3538 3957 primis

1878 3983 1944 4035 ut
1970 3978 2308 4050 depreceris
2355 3993 2466 4049 pro
2498 3976 2696 4046 nobis,
2741 3992 2816 4032 ne
2843 3975 3070 4049 populo
3119 3973 3308 4030 simus
3353 3971 3539 4030 offen-

1875 4067 2095 4132 diculo,
2127 4083 2323 4140 neque
2347 4065 2628 4140 precibus
2659 4065 2869 4122 vestris
2899 4063 3357 4137 impedimento,
3389 4078 3538 4136 quo-

1873 4157 2074 4214 minus
2133 4157 2454 4212 Dominum
2519 4155 2788 4228 placetis.
2853 4153 3077 4210 Deinde
3153 4153 3534 4223 suggerimus

1873 4247 2072 4319 etiam,
2105 4250 2171 4302 ut
2207 4245 2414 4302 omnia
2452 4259 2559 4317 per
2582 4243 2941 4317 praedictum
2983 4243 3230 4299 fratrem
3261 4241 3530 4312 digneris

1871 4336 2153 4394 ordinare
2186 4352 2199 4390 :
2233 4351 2303 4391 ac
2346 4335 2394 4390 si
2424 4334 2503 4391 ad
2549 4332 2958 4390 Occidentales
3009 4331 3396 4388 scribendum
3422 4335 3533 4387 est»

1871 4423 2388 4500 propterea[quod
2439 4423 2648 4480 litteras
2697 4426 2838 4478 sunt
2865 4420 3204 4477 necessario
3238 4419 3419 4476 etiam
3450 4418 3528 4476 ab

1871 4531 1993 4572 uno
2017 4530 2048 4570 e
2073 4513 2290 4570 nostris
2322 4511 2712 4584 perferendae,
2740 4511 2852 4567 has
2881 4510 3045 4583 ipsas
3070 4509 3292 4565 litteras
3319 4508 3531 4566 dictes-

1871 4607 1988 4661 Nos
2019 4604 2180 4659 enim
2194 4601 2354 4658 nacti
2374 4600 2699 4657 diaconum
2723 4598 3012 4656 Sabinum
3036 4597 3250 4654 abillis
3273 4598 3529 4656 missum

1871 4693 2222 4766 scripsimus
2254 4691 2334 4748 ad
2363 4690 2647 4763 Illyricos,
2680 4693 2737 4746 et
2765 4689 2845 4746 ad
2870 4687 3050 4745 Italiae
3092 4693 3149 4745 et
3173 4685 3370 4745 Galliae
3401 4688 3526 4763 epi-

1871 4854 2079 4922 dociee,
2133 4868 2318 4926 quem
2364 4851 2552 4926 Etiam
2575 4865 2714 4922 esse
2761 4865 2886 4907 non
2931 4849 3169 4926 levibus
3208 4849 3283 4926 de
3323 4850 3524 4908 causis

1871 4922 2288 4984 existimamus
2319 4925 2602 4997 scriptam
2658 4939 2787 4997 esse
2817 4938 3023 4978 mense
3069 4922 3274 4997 Martio
3305 4937 3524 4997 agnon

1870 4998 2048 5068 longe
2077 5003 2214 5052 ante
2245 4993 2492 5063 Pascha,
2519 4994 2692 5068 quod
2720 4996 2836 5051 hoc
2867 5010 3027 5050 anno
3069 4999 3172 5051 3‘72
3217 4994 3424 5050 incidit
3460 4993 3523 5049 in

1874 5067 2034 5128 diem
2063 5073 2344 5124 octavum
2373 5067 2612 5139 Aprilis.

1945 5136 2506 5214 (99)_Hapucxépeiog.
2534 5136 2682 5214 Editi
2712 5136 2946 5214 addunt
2973 5141 3109 5194 ante
3129 5137 3519 5214 hancvocem

1874 5205 2193 5272 articulum
2229 5205 2419 5282 67,'q'ui
2449 5211 2616 5265 deest
2651 5209 2713 5265 in
2756 5208 2928 5282 Coisl.
2960 5211 3302 5282 utroque‘et
3329 5205 3520 5282 tribus

1873 5284 2023 5343 aliis.
2053 5286 2224 5339 Deest
2250 5276 2378 5337 haec
2410 5282 2660 5354 epistola
2683 5281 2747 5336 in
2770 5280 3080 5337 codicibus
3110 5276 3233 5335 Med
3245 5319 3269 5354 ._
3287 5282 3344 5332 et
3365 5276 3520 5354 Harl.

1912 5355 2024 5482 (1(1)
2053 5363 2156 5442 Emi~
2175 5358 2254 5406 τό.
2291 5354 2382 5410 Sic
2411 5347 2673 5426 q'uatuor
2697 5369 2842 5409 mss.
2867 5368 2976 5425 pro
3008 5366 3078 5407 eo
3107 5349 3274 5422 quod
3306 5352 3433 5404 erat
3460 5347 3524 5404 in

1957 5445 1972 5482 ι
1999 5443 2047 5482 IS
2073 5445 2244 5482 τουτο,

1877 5427 2047 5484 editis
2073 5434 2244 5482 τοῦτο.

1950 5503 2023 5571 (2)
2053 5502 2206 5571 βῖτι.
2236 5495 2518 5554 Voculam
2546 5516 2597 5549 τι
2628 5495 3076 5571 addidimusex
3106 5507 3209 5548 sex
3236 5507 3384 5548 mss.

1950 5569 1971 5596 ί
2001 5569 2159 5626 Alias
2181 5571 2444 5626 CCXLIII.
2470 5571 2699 5640 Scripta
2728 5582 2888 5622 anno
2915 5569 3038 5620 372.

1953 5645 1990 5662 “
2020 5641 2181 5700 Alias
2211 5642 2525 5698 CCLXXlll.
2556 5639 2784 5712 scripta
2802 5651 2962 5694 anno
2990 5639 3113 5694 372.
