4054 6204
192 343 293 400 4³73

201 467 317 542 παρ’
407 467 529 539 ὑμῖν

201 559 342 629 ἡμῶν
371 558 464 618 τὰς
514 555 721 628 ψυχαςυ
781 563 872 610 καὶ
928 560 992 610 τὰ
1048 560 1273 633 ἡμέτερα
1315 555 1396 627 δὲ,
1436 567 1495 631 τῇ
1521 563 1674 633 πείρα
1703 578 1800 630 μα-

205 647 325 712 θὼν,
411 645 628 719 ἐναργῶς
703 647 828 718 ὑμῖν
883 645 1166 718 ἀναγγελεῖ,
1256 648 1338 699 ἱνα
1401 651 1800 719 προηγουμένως

204 737 292 806 μὲν
336 732 426 786 δια
485 743 580 796 τῆς
639 739 873 797 ἐκτενοῦς
937 740 1025 788 καὶ
1083 735 1356 809 φιλοπόνου
1425 733 1653 797 δεήσεως
1710 746 1799 796 τῆς

206 826 334 896 πρὸς
359 828 443 874 τόν
482 828 675 896 Κύριον
709 825 1140 897 συναγωνίζησθε
1178 827 1321 897 ἡμῖν,
1376 828 1548 878 ἔπειτα
1597 822 1654 878 δε
1710 825 1800 877 καί

206 918 300 970 τὴν
359 910 694 985 ἐνδεχομένην
744 915 866 986 ὑμῖν
922 916 1033 985 (11)
1086 917 1420 989 παραμυθίαι
1478 922 1592 977 ταῖς
1633 935 1797 968 κατα-

203 1006 534 1072 πονουμέναις
599 1001 936 1063 Ἐκκλησίαις
988 1003 1379 1074 εἰσενέγκασθαι
1414 1008 1482 1075 μὴ
1529 1009 1795 1076 παραιτη-

203 1092 386 1147 σησθε.
425 1095 659 1162 Κέκμηκε
710 1095 810 1166 γὰρ
862 1094 927 1143 τα
972 1090 1213 1162 ἐνταῦθα,
1276 1089 1490 1164 ἀδελφοὶ
1539 1099 1798 1164 τιμιώτα-

197 1199 296 1240 τοι,
339 1186 430 1231 καὶ
462 1178 709 1254 ἀπείρηκε
733 1185 864 1256 πρὸς
898 1184 991 1243 τὰς
1052 1189 1290 1254 συνεχεῖς
1343 1181 1638 1256 προσϐολὰς
1699 1192 1797 1235 τῶν

196 1267 436 1320 ἐναντίων
483 1272 511 1328 ἡ
570 1270 874 1337 Ἐκκλησία,
932 1273 1103 1346 ὥσπερ
1164 1290 1214 1322 τι
1264 1270 1438 1323 πλοῖον
1497 1270 1544 1322 ἐν
1592 1272 1799 1342 πελάγει

195 1364 337 1430 pira
408 1366 527 1420 ταῖς
579 1359 889 1426 ἐπαλλήλοις
934 1359 1161 1432 πληγαῖς
1211 1368 1311 1411 τῶν
1345 1362 1590 1433 κυμάτων
1618 1359 1798 1433 βασα-

193 1451 480 1518 νιζόμενον,
546 1449 589 1500 εἰ
639 1455 711 1521 μή
774 1469 854 1509 τις
907 1453 1107 1520 γένοιτο
1155 1457 1350 1521 ταχεῖα
1416 1447 1674 1508 ἐπισκοπὴ
1705 1459 1799 1512 τῆς

194 1536 516 1600 ἀλαθὸτητος
547 1548 639 1591 του
673 1543 887 1612 Κυρίου.
919 1538 1117 1614 Ὠσπερ
1151 1535 1238 1590 οὖν
1276 1541 1429 1611 ἡμεῖς
1488 1535 1546 1590 id
1553 1559 1626 1590 ιον
1676 1541 1798 1592 ἑαυ-

191 1635 291 1678 τῶν
357 1626 555 1699 ἀγαθὸν
618 1631 911 1702 ποιούμεθα
963 1633 1057 1687 την
1087 1631 1336 1704 ὑμετέραν
1380 1631 1510 1704 προς
1552 1627 1800 1691 ἀλλήλους

191 1719 492 1788 σύμπνοιαν
547 1737 600 1770 τε
651 1723 742 1770 καὶ
795 1718 1028 1785 ἑνότητα,
1097 1718 1232 1770 οὕτω
1280 1723 1370 1769 καὶ
1399 1719 1536 1790 ὑμᾶς
1564 1739 1798 1791 παρακαο

1235 341 1719 402 EPISTOLARUM
1759 340 2042 401 CLASSIS
2081 344 2150 400 Ιῐ.
2187 343 2408 406 EPIST.
2459 350 2561 406 XC.

623 465 763 519 καλά
815 464 1202 542 διηγησάμενος
1278 468 1518 544 ἀκριϐῶς,
1589 468 1795 538 ἔθρεψεν

1916 468 1996 524 tia
2031 469 2295 542 edoctus,
2328 472 2644 544 perspicue
2661 473 2831 528 vobis
2854 477 3279 544 enuntiabit;ut
3297 477 3566 551 primum

3460 352 3567 410 ιγι

1911 559 2156 630 quidem
2187 563 2483 617 constanti
2520 567 2574 617 et
2598 563 2927 619 vehementi
2951 565 3026 619 ad
3045 566 3363 622 Dominum
3387 583 3564 640 prece

1912 647 2227 704 nobiscum
2250 650 2558 706 decertetis
2585 670 2596 717 ;
2621 650 2838 706 deinde
2865 669 3005 708 vero
3035 659 3096 709 ut
3128 659 3183 711 et
3209 672 3318 726 pro
3334 655 3563 711 viribus

1913 737 2195 794 solatium
2230 739 2496 795 lieclesiis
2528 740 2823 796 afﬂictatis
2872 742 3081 798 afferre
3129 761 3202 800 ne
3250 746 3562 806 recusetis.

1911 831 2057 883 Nam
2089 829 2185 884 hic
2216 829 2423 884 omnia
2440 829 2733 895 fatiscunt,
2757 830 2967 886 fratres
2985 832 3566 900 reverendissimi;ct

1909 917 2108 973 deficit
2137 918 2215 973 ad
2247 918 2560 974 continuos
2582 919 3061 975 adversariorum
3085 922 3345 977 assultus
3371 923 3563 979 Eccle‘

1911 1006 2021 1072 sia,
2070 1022 2190 1062 non
2248 1024 2417 1062 secus
2471 1024 2540 1062 ac
2591 1008 2894 1079 navigium
2929 1009 3242 1082 quoddam
3273 1011 3331 1066 in
3361 1011 3563 1067 medio

1909 1097 2059 1151 mari
2092 1097 2380 1152 ﬂuctuum
2415 1097 2774 1169 impulsibus
2798 1098 2910 1153 sibi
2938 1099 3195 1154 invicem
3231 1100 3562 1155 succeden-

1909 1185 2068 1240 tibus
2106 1185 2396 1254 agitatum
2425 1186 2572 1252 ;nisi
2626 1186 2722 1240 Dei
2767 1201 2878 1241 nos
2923 1187 3158 1242 bonitas
3197 1187 3312 1243 cito
3344 1188 3562 1244 visitet.

1909 1273 2436 1340 Quemadmodum
2467 1275 2646 1344 igitur
2686 1275 2998 1346 proprium
3031 1275 3298 1346 ipsorum
3328 1277 3563 1332 bonum

1908 1364 2204 1430 ducimus,
2237 1364 2667 1418 vestraminter
2697 1380 2804 1418 vos
2845 1365 3235 1437 concordiam.
3260 1371 3317 1420 et
3369 1365 3562 1422 unita-

1909 1459 2025 1510 tem
2063 1453 2180 1520 ;ita
2209 1456 2265 1507 et
2286 1467 2590 1521 rogamus,
2617 1457 2677 1507 ut
2708 1457 3048 1508 nostrarum
3079 1469 3184 1509 vos
3225 1454 3559 1510 dissensio-

1907 1558 2055 1598 num
2089 1542 2364 1596 misereat
2396 1559 2408 1606 ;
2441 1557 2574 1606 nec,
2606 1541 2749 1612 quia
2778 1541 3049 1597 locorum
3083 1543 3196 1598 situ
3230 1542 3423 1598 dissiti
3464 1559 3563 1598 su-

1910 1648 2071 1697 mus,
2098 1646 2208 1686 nos
2228 1646 2261 1686 a
2285 1629 2457 1685 vobis
2477 1629 2826 1700 sejungatis,
2845 1631 2945 1685 sed
2966 1631 3110 1702 quia
3135 1631 3383 1703 Spiritus
3403 1647 3565 1686 com-

1911 1719 2197 1775 munione
2264 1718 2710 1788 conjungimur,
2765 1733 2875 1773 nos
2926 1718 2986 1772 in
3045 1718 3226 1773 unius
3293 1719 3561 1791 corporis

187 1804 373 1878 λονμεν
454 1810 808 1879 συμπαϐἦσοιι
868 1810 1012 1880 ἡμῶν
1066 1814 1183 1868 ταῖς
1228 1804 1542 1882 διαιρέσεσιο
1571 1813 1660 1860 καὶ
1701 1813 1793 1880 μὴ,

1915 1813 2268 1864 concentum
2293 1806 2644 1861 admittatis.

181 1898 260 1948 ὅτι
319 1905 382 1968 τῇ
438 1899 576 1949 θέσει
619 1907 718 1949 τῶν
749 1901 918 1949 τόπων
951 1894 1322 1969 διεστήκαμέι,
1353 1898 1604 1972 χωρίζειν
1635 1899 1770 1969 ἡμᾶς
1799 1897 1886 1972 ἀφ’

185 1987 257 2047 εἰς
283 1990 378 2043 τὴν
420 1985 530 2047 ἐνὸς
561 1991 802 2058 σώματος
834 1988 974 2058 ἡμᾶς
1006 1990 1307 2058 συμφωνίαν
1339 1984 1734 2059 ἀναλαμϐάνειν.

257 2081 312 2130 2.
379 2081 621 2150 Γνωριμα
687 2072 746 2127 δὲ
813 2078 881 2127 τὰ
939 2073 1179 2128 Θλίϐοντα
1216 2076 1377 2148 ἡμᾶς,
1417 2073 1512 2126 κᾶν
1544 2078 1690 2148 ἡμεῖς
1720 2082 1791 2150 μὴ

181 2165 437 2235 λέγωμεν·
499 2163 569 2224 εἰς
620 2170 796 2216 πᾶσαν
849 2165 950 2238 γαρ
1001 2168 1096 2222 τὴν
1145 2163 1448 2236 οἰκουμένην
1477 2163 1654 2216 λοιπὸν
1682 2166 1795 2237 (12)

184 2255 476 2324 ἐξήχηται.
568 2258 1034 2326 Καταπεφρόνηται
1112 2255 1178 2305 τὰ
1245 2261 1340 2305 τῶν
1409 2258 1645 2327 Πατίρων
1709 2251 1799 2307 δο-

178 2359 385 2414 γματα·
461 2341 806 2395 ἁποστολικαὶ
862 2339 1183 2418 παραδόσεις
1250 2340 1616 2406 ἐξουδένωνται
1662 2347 1793 2417 (13)·

181 2439 566 2504 νεωτεροποιῶν
642 2433 924 2506 ἀνθρώπων
1013 2432 1334 2507 ἐφευρέματα
1399 2441 1517 2494 ταῖς
1585 2433 1799 2496 Ἐκκλη-

186 2525 333 2581 σίαις
404 2519 816 2592 ἐμπολιτιῦεται·
861 2519 1235 2592 τεχνολογοῦσι
1263 2519 1464 2591 λοιπὸν,
1522 2521 1581 2574 οὗ
1635 2523 1797 2576 θεολο-

185 2617 374 2679 γοῦσιν
400 2611 449 2660 οἱ
475 2608 762 2684 ἂνθρωποι·
798 2611 828 2666 ἡ
885 2617 976 2661 τοῦ
1005 2628 1208 2682 κοσμου
1256 2615 1413 2682 σοφία
1450 2614 1516 2663 τα
1571 2620 1798 2686 πρωτεῖα

189 2702 418 2772 γέρεται,
454 2703 813 2773 παρωσαμένη
845 2702 902 2750 τὸ
933 2702 1194 2772 καύχημα
1243 2709 1336 2752 τοῦ
1386 2710 1636 2776 σταυροῦ.
1669 2709 1796 2755 Ποι-

181 2792 327 2859 μνες
383 2786 783 2854 ἀπελαύνονται,
832 2785 1227 2860 ἀντεισαγονται
1283 2786 1342 2842 δὲ
1393 2789 1540 2843 λύκοι
1595 2790 1792 2866 βαρεῖς,

182 2873 520 2938 διασπῶντες
571 2879 632 2928 τὸ
682 2880 922 2949 ποίμνιον
985 2885 1074 2930 τοῦ
1110 2887 1340 2952 Χριστοῦ
1382 2880 1493 2947 (14)
1527 2878 1679 2932 Οἷκοι
1709 2881 1794 2933 εὐ-

180 2971 418 3038 κτηριοι,
506 2969 693 3040 ἔρημοι
765 2973 864 3018 τῶν
930 2965 1395 3029 ἐκκλησιαζόντων
1466 2971 1520 3020 αἱ
1585 2968 1797 3044 ἐρημίαι

179 3055 401 3127 πλήρεις
431 3065 534 3108 τῶν
565 3052 918 3132 ὀδυρομένων.
973 3059 1038 3109 Oi
1093 3057 1435 3132 πρεσϐύτεροι
1493 3055 1791 3132 ὀδύρονται,

175 3147 248 3196 τὰ
276 3144 482 3196 παλαια
528 3150 892 3220 συγκρίνοντες
940 3154 1044 3208 τοῖς
1095 3154 1374 3220 παροῦσινο
1406 3147 1454 3199 οἰ
1491 3152 1596 3200 νέοι
1635 3147 1791 3200 ἐλεει-

177 3238 410 3308 νότεροι,
473 3239 542 3306 μὴ
614 3231 813 3296 εἰδότες
872 3237 991 3287 οἵων
1043 3235 1365 3311 ἐστέρηνται.
1423 3243 1603 3289 Ταῦτα
1647 3239 1797 3290 ἱκανὰ

183 3326 286 3395 μεν
307 3330 521 3380 κινῆσαι
542 3327 667 3398 πρὸς
695 3325 1025 3396 συμπάθειαν
1079 3327 1192 3394 (15)
1235 3329 1355 3387 τοὺς
1412 3329 1506 3384 τὴν
1560 3332 1795 3399 Χριστοῦ
1829 3361 1867 3416 C

185 3409 414 3483 ἀγάπην
477 3409 932 3485 πεπαιδευμένους
991 3417 1386 3487 συγκρινόμενος
1433 3411 1490 3467 δὲ
1555 3423 1616 3487 τῇ
1675 3413 1794 3473 ἀλη-

192 3504 318 3573 Θεία
373 3509 472 3552 τῶν
523 3503 835 3575 πραγμάτων
889 3504 914 3554 ὁ
967 3501 1118 3574 λόγος
1169 3505 1314 3577 παρα
1377 3503 1505 3556 πολὺ
1556 3503 1666 3576 (16)
1708 3511 1797 3564 τῆς

191 3590 357 3654 ἀξίας
385 3591 549 3643 αὐτῶν
580 3591 932 3648 ἀπολείπεται.
967 3597 1026 3646 Εἴ
1080 3613 1130 3646 τι
1171 3590 1259 3646 οὖν
1310 3595 1640 3669 παραμύθιον
1669 3592 1798 3666 ἁγά-

188 3701 323 3744 ππς.

182 3773 500 3845 οἱκτιρκὼν,
541 3774 788 3830 κινηθητε
840 3777 969 3846 πρὸς
1021 3778 1114 3831 τὴν
1173 3771 1448 3844 ἀντίληψιν
1487 3775 1652 3846 ημῶν.
1690 3776 1797 3826 Λα-

378 3685 425 3734 εῐ
477 3701 553 3744 τις
616 3687 860 3735 κοινωνία
910 3685 1228 3756 Πνεύματος,
1291 3687 1334 3736 εἴ
1373 3704 1490 3736 τινα
1517 3683 1800 3756 σπλάγχνα

183 3860 300 3914 ϐετε
359 3861 514 3924 ζῆλον
579 3860 862 3924 εὐσεϐείας,
930 3861 1154 3924 ἐξελεσοε
1215 3865 1354 3936 ημᾶς
1418 3869 1509 3915 τοῦ
1540 3871 1799 3936 χειμῶνος

189 3953 400 4007 τούτου.
459 3949 732 4003 Aul-ticam
787 3955 877 4003 καὶ
916 3952 1041 4026 παρ’
1092 3952 1216 4024 ἡμῖν
1247 3953 1380 4024 μετὰ
1405 3950 1708 4026 παρρησίας
1735 3955 1792 4004 τὸ

192 4038 391 4110 ἀγαθὸν
443 4039 604 4092 ἐκεῖνο
659 4045 911 4115 κήρυγμα
957 4048 1053 4092 τῶν
1115 4043 1372 4115 Πατέρων,
1425 4043 1484 4092 τὸ
1515 4044 1802 4115 καταστρέ-

191 4133 402 4202 suae.
440 4134 533 4187 την
563 4126 876 4202 δυσώνυμον
929 4131 1127 4204 αἰρεσιν
1172 4135 1266 4188 τὴν
1320 4131 1547 4205 Ἀρείου,
1596 4127 1798 4183 οἰκοδο-

185 4227 319 4290 μοῦν
390 4223 504 4289 (17)
553 4215 612 4271 δὲ
664 4221 754 4280 τας
815 4218 1129 4280 Ἐκκλησίας
1188 4217 1236 4270 ἐν
1275 4227 1333 4292 τῇ
1368 4221 1675 4291 ὑγιαινούση
1710 4216 1800 4272 δι·-

189 4305 466 4379 δασκαλία
519 4307 568 4360 ἐν
726 4310 752 4360 ό
814 4310 929 4369 Υἱός
993 4310 1265 4382 όμοούσιος
1353 4308 1682 4382 ὁμολογεῖται
1727 4318 1798 4381 τῷ

193 4402 381 4473 Πατρί,
435 4402 526 4449 καὶ
585 4400 644 4449 τὸ
699 4404 910 4470 Πνεῦμα
965 4401 1024 4451 τὸ
1081 4399 1229 4471 ἅγιον
1292 4399 1548 4471 όμοτίμως
1582 4417 1798 4475 συναρι-

192 4492 402 4559 θμείταί
452 4506 507 4539 τε
552 4492 642 4540 καὶ
690 4487 1110 4562 συλλατριύεται·
1156 4489 1239 4540 ἵνα
1269 4488 1330 4548 ἣν
1381 4489 1502 4560 ὑμῖν
1552 4485 1742 4541 ἔδωκέν
1773 4489 1798 4540 ὁ

195 4582 388 4651 Κύριος
439 4578 570 4649 ὑπὲρ
629 4585 722 4639 τῆς
784 4577 1029 4640 ἀληθείας
1089 4577 1408 4652 παρρησίαν,
1477 4582 1566 4630 καὶ
1626 4583 1683 4631 τὸ
1716 4577 1799 4631 ἐπὶ

191 4674 255 4738 τῇ
313 4667 574 4738 ὁμολογία
628 4675 726 4728 τῆς
773 4668 916 4728 Θείας
965 4671 1076 4732 (18)
1135 4671 1223 4719 καὶ
1278 4671 1539 4741 σωτηρίου
1566 4663 1799 4741 Τριάδος

187 4760 476 4829 καύχημα,
531 4764 684 4808 τοῦτο
732 4761 820 4808 καὶ
879 4757 1002 4829 ἡμῖν
1055 4752 1150 4808 διὰ
1199 4764 1298 4808 τῶν
1341 4757 1596 4833 ὑμετέρων
1630 4757 1799 4830 εὐχῶν

187 4853 276 4900 καὶ
331 4854 425 4908 τῆς
498 4851 771 4922 συνεργίας
829 4846 969 4918 ὑμῶν
1000 4849 1318 4920 χαρίσηται.
1352 4849 1421 4899 Τὸ
1455 4842 1514 4899 δῖε
1569 4848 1800 4900 καοέκα-

251 4975 368 5044 (11)
400 4971 570 5045 Ὑμῖν.
602 4973 740 5028 Tres
769 4970 1154 5045 vetustissimi
1183 4971 1421 5045 codices
1445 4973 1584 5045 ἡμίν.
1608 4975 1800 5045 Deest

189 5043 267 5100 ea
285 5059 404 5101 vox
433 5044 495 5099 in
514 5047 782 5116 quatuor
803 5043 931 5116 aliis
951 5059 1098 5100 mss.
1123 5043 1308 5116 Paulo
1329 5049 1466 5116 post
1481 5043 1660 5100 editio
1688 5043 1798 5101 Pa-

185 5116 263 5172 ris
284 5121 340 5172 et
369 5113 769 5172 vetustissimi
791 5115 1024 5171 codices
1044 5119 1107 5166 τά
1133 5113 1370 5181 ἐνταῦθα,
1395 5115 1563 5172 deest
1585 5116 1796 5173 vocula

183 5188 245 5244 in
266 5188 399 5244 aliis
416 5191 690 5260 quatuor
706 5202 832 5242 mss
870 5185 1298 5260 etelitionibus
1316 5190 1601 5257 llagan.et
1622 5187 1794 5246 Basil.

255 5264 360 5326 (t2:
397 5258 599 5313 Λοιπὸν
632 5260 812 5330 Deest
830 5273 900 5330 ea
928 5274 1040 5314 vox
1062 5258 1124 5314 in
1155 5262 1436 5330 quatuor
1471 5275 1615 5314 mss.
1664 5273 1794 5330 non

185 5337 384 5389 tamen
417 5329 868 5392 vetustissimis,
888 5329 948 5385 in
975 5328 1196 5403 quibus
1219 5329 1401 5386 etiam
1424 5328 1639 5401 legitur
1656 5329 1795 5382 ἐκκέ-

192 5424 344 5462 χυται
354 5448 368 5462 ,

192 5425 202 5430 ’
229 5425 368 5462 Ἰῗ2ι,

191 5425 228 5472 l'
254 5479 364 5548 (13)
405 5471 841 5548 Ἐξουᾷἑνωνται.
867 5474 1004 5529 Tres
1027 5472 1188 5543 Regii
1217 5471 1457 5548 opiﬁces
1515 5477 1573 5530 et
1605 5473 1791 5548 _Cois_l.

202 5542 486 5603 Mundus
541 5546 929 5618 ἐξουθᾲηντοιι,
959 5542 1211 5618 νεωτέρων
1244 5542 1546 5617 ἀνθρώπων.
1605 5544 1794 5602 Paulo

203 5625 319 5686 wit
347 5618 494 5677 led.
527 5624 585 5674 et
619 5616 894 5689 Harl._mt
923 5616 1050 5689 οὐχὶ
1083 5615 1438 5689 θεολογοῦσιν.

268 5692 359 5759 {li}
391 5691 520 5748 Vid.
544 5687 874 5747 Addenda.

1920 1898 2134 1965 ἑαυτῶν,
2167 1896 2269 1948 ἀλλ’
2303 1898 2383 1948 ὅτι
2416 1896 2661 1968 ἐνούμεοα
2699 1905 2760 1969 τῇ
2795 1899 2928 1949 κατα
2959 1901 3016 1949 τὸ
3047 1905 3258 1970 Πνεῦμα
3289 1903 3560 1970 κοινωνία,

1980 2081 2034 2133 2.
2091 2081 2251 2134 NOliB
2279 2081 2481 2132 autem
2532 2074 2902 2132 calamitates
2962 2080 3206 2146 nostrae,
3258 2076 3352 2133 vel
3384 2075 3561 2137 nobis

1908 2166 2282 2224 tacentibus:
2318 2165 2614 2237 siquidem
2641 2179 2749 2236 per
2778 2169 2968 2221 totum
3000 2170 3303 2221 terrenum
3353 2166 3561 2222 orbem

1917 2257 2086 2327 182
2115 2256 2242 2327 jam
2269 2257 2728 2327 personuerunt.
2790 2255 3268 2310 Contemnuntur
3317 2254 3562 2309 Patrum

1907 2345 2198 2415 dogmata
2222 2362 2235 2413 ;
2257 2343 2422 2400 nullo
2440 2358 2692 2398 numero
2710 2342 3008 2399 habentur
3021 2343 3365 2416 apostolicae
3387 2342 3564 2398 tradi-

1907 2435 2520 2504 tiones;novatorum
2552 2432 2797 2489 inventa
2842 2437 3098 2503 regnant
3146 2431 3206 2488 in
3240 2431 3512 2488 Ecclesiis
3546 2447 3561 2487 :

1905 2525 1981 2581 de
2013 2529 2226 2581 caatero
2257 2523 2528 2580 homines
2559 2523 2882 2578 verborum
2933 2521 3190 2579 artifices
3239 2527 3397 2590 sunt,
3441 2537 3563 2577 non

1907 2613 2459 2686 theologi;primas
2509 2617 2670 2668 tenet
2712 2609 2924 2668 mundi
2971 2611 3288 2684 sapientia,
3314 2613 3566 2682 expulsa

1905 2703 2098 2760 crucis
2115 2702 2484 2774 gloriatione.
2497 2701 2736 2757 Abactis
2747 2701 3095 2773 pastoribus
3109 2699 3566 2756 introducuntur

1903 2793 2030 2866 lupi
2057 2807 2290 2862 graves,
2319 2791 2423 2864 qui
2445 2790 2656 2846 Christi
2680 2805 2923 2860 gregem
2953 2790 3562 2862 discerpunt.Domus

1903 2881 2192 2940 orationis
2242 2881 2541 2936 destitutas
2591 2879 3140 2947 concionatoribus,
3202 2877 3558 2934 solitudines

1905 2969 2378 3029 lamentantibus
2408 2969 2656 3025 refertae.
2692 2968 2964 3024 Seniores
2987 2968 3215 3037 lugent,
3238 2967 3386 3023 dum
3416 2966 3562 3022 anti-

1907 3077 2031 3134 qua
2048 3061 2402 3133 comparant
2425 3073 2559 3114 cum
2586 3056 2977 3130 praesentibus
3001 3071 3014 3122 ;
3034 3055 3305 3127 juniores
3319 3054 3562 3111 misera-

1906 3149 2150 3207 biliores
2183 3151 2340 3217 sunt,
2369 3146 2652 3220 qualibus
2669 3146 2885 3219 privati
2919 3148 3054 3217 sint,
3081 3145 3448 3216 ignorantes.
3471 3148 3564 3201 At-

1907 3255 2043 3313 que:
2070 3237 2197 3294 hinc
2211 3236 2456 3310 quidem
2472 3240 2613 3309 apta
2630 3235 2707 3292 ad
2737 3251 2945 3291 eorum
2969 3233 3560 3291 commiserationem

1908 3324 2784 3397 commovendam,quiChristi
2801 3323 3179 3380 dilectionem
3194 3323 3371 3380 edicti
3402 3327 3559 3391 sunt;

1910 3416 2021 3474 sed
2051 3419 2440 3490 comparatus
2463 3429 2601 3470 cum
2649 3429 2852 3470 rerum
2889 3414 3129 3471 veritate
3157 3429 3355 3469 sermo
3384 3412 3562 3482 longe

1910 3508 1988 3566 ab
2015 3507 2288 3580 ipsarum
2311 3502 2728 3575 magnitudine
2751 3503 2940 3561 abest.
2969 3505 3022 3561 Si
3041 3503 3400 3577 quodigitur
3413 3500 3566 3558 sola-

1909 3597 2055 3654 tium
2082 3595 2440 3660 dilectionis,
2466 3593 2517 3649 si
2554 3609 2678 3667 qua
2698 3593 3168 3650 communicatio
3217 3593 3486 3664 Spiritus,
3515 3589 3563 3646 si

1908 3702 2032 3760 qua
2069 3683 2608 3742 commiserationis
2652 3683 2905 3752 viscera,
2959 3682 3037 3740 ad
3075 3680 3354 3738 ferendas
3384 3679 3563 3735 nobis

1909 3775 2215 3849 suppetias
2245 3772 2644 3830 concitemini.
2685 3773 2935 3845 Arripite
2966 3771 3235 3827 studium
3276 3768 3514 3842 pietatis
3547 3787 3558 3827 :

1909 3880 2022 3922 nos
2051 3880 2122 3921 ex
2151 3864 2266 3920 hac
2289 3866 2640 3936 tempestate
2669 3861 2896 3934 eripite.
2923 3860 3257 3917 Proferatur
3303 3863 3360 3915 et
3398 3855 3564 3930 apud

1909 3970 2023 4011 nos
2045 3953 2230 4009 libere
2259 3950 2541 4009 bonailla
2567 3953 2806 4007 Patrum
2819 3948 3243 4023 promulgatio,
3273 3947 3563 4004 infamem

1908 4044 2028 4100 Arii
2057 4042 2335 4098 haeresim
2366 4046 2659 4103 evertens.
2694 4039 2987 4096 Ecclesias
3013 4054 3154 4096 vero
3186 4037 3246 4094 in
3280 4053 3433 4094 sana
3453 4036 3562 4093 do-

1910 4134 2098 4190 ctrina
2109 4130 2436 4199 aediﬁcans,
2456 4131 2514 4186 in
2534 4145 2657 4202 qua
2679 4129 2884 4185 Filium
2905 4129 3062 4185 Patri
3085 4127 3566 4185 consubstantia-

1907 4223 2027 4280 lem
2047 4222 2420 4292 conﬁtemur,
2448 4224 2629 4292 atque
2655 4219 2904 4292 Spiritus
2927 4224 3174 4274 sanctus
3186 4216 3316 4290 pari
3336 4217 3565 4273 honore

1911 4311 2094 4368 simul
2114 4315 2173 4368 et
2203 4315 2573 4381 numeratur,
2626 4312 2685 4366 et
2727 4308 3052 4376 adoratur;
3086 4311 3149 4364 ut
3178 4322 3359 4379 quam
3391 4304 3565 4361 vobis

1911 4401 2198 4458 Dominus
2222 4399 2385 4455 dedit
2414 4413 2523 4472 pro
2544 4397 2792 4454 veritate
2811 4397 3165 4463 libertatem,
3195 4395 3331 4451 etin
3347 4393 3562 4450 divinas

1913 4489 2313 4562 salutarisque
2341 4487 2638 4544 Trinitatis
2690 4486 3074 4544 confessione
3126 4483 3560 4556 gloriationem,

1909 4579 2067 4637 hanc
2089 4582 2146 4636 et
2166 4577 2340 4633 nobis
2371 4592 2476 4648 per
2496 4580 2725 4633 vestras
2755 4591 2961 4648 preces
2973 4589 3276 4648 opemque
3297 4576 3563 4630 vestram

1911 4667 2219 4738 largiatur.
2253 4667 2541 4722 Caeterum
2563 4664 2659 4721 ille
2687 4665 2838 4739 ipse,
2860 4680 3041 4738 quem
3082 4664 3213 4735 jam
3254 4663 3399 4727 dixi,
3433 4661 3564 4718 dia-

1833 4748 1875 4802 Ῑ)
1911 4773 2100 4814 conus
2131 4753 2370 4828 singula
2389 4754 2691 4812 dilectioni
2713 4759 2922 4811 vestrae
2945 4751 3565 4810 nuntiabit.0mnibus

1909 4851 2110 4905 autem
2132 4861 2265 4918 quze
2281 4844 2568 4902 canonice
2590 4861 2625 4902 a
2654 4849 2849 4902 vestra
2873 4843 3220 4916 praestantia
3245 4846 3378 4900 acta
3401 4846 3562 4910 sunt,

1981 4971 2256 5043 (15)Πρὸς
2285 4970 2630 5043 συμπάθειαν.
2670 4971 2754 5025 Ita
2780 4970 2895 5025 tres
2950 4983 3076 5024 mss
3122 4965 3511 5024 vetustissimi
3549 4981 3562 5021 :

1908 5025 2050 5099 editi
2072 5025 2146 5102 είς
2170 5025 2528 5114 συμπάθειαν.

1979 5115 2094 5176 (16)
2155 5111 2305 5184 Παρὰ
2361 5113 2510 5184 πολύ.
2569 5114 2741 5184 Deest
2787 5111 3253 5184 prmpositioﬂin
3295 5113 3565 5184 utroque

1909 5185 2088 5255 Regio
2137 5188 2192 5240 et
2237 5180 2415 5239 Coisl.
2467 5183 2752 5240 secundo.
2790 5180 3035 5240 ‘lbidem
3089 5182 3231 5238 editi
3287 5180 3566 5237 ἀπολείπη-

1904 5274 2015 5314 ται.
2052 5259 2182 5312 Mss.
2216 5258 2280 5311 ut
2325 5255 2386 5310 in
2415 5259 2716 5312 contextu.
2752 5255 2930 5311 Paulo
2961 5259 3102 5326 post
3132 5256 3273 5323 Reg.
3307 5257 3562 5322 uterque

1903 5335 1962 5384 et
1993 5327 2166 5384 Cois].
2200 5326 2503 5398 secundus
2529 5330 2572 5380 εἰ
2611 5347 2660 5379 τι
2690 5325 2990 5398 σπλάγχνον
3019 5325 3294 5398 οἰκτιρμοῦ

1976 5403 2088 5471 (t7)
2143 5395 2493 5471 Οἱκοδομοῦν.
2540 5401 2625 5455 Ita
2675 5392 3115 5471 Coisll'primus
3148 5392 3203 5451 et
3232 5392 3383 5450 Med.
3425 5409 3565 5471 cum

1905 5469 2094 5544 tribus
2116 5469 2267 5526 aliis.
2298 5467 2448 5526 Editi
2487 5478 2745 5544 στερεοῡν.
2788 5467 2943 5525 Harl.
2975 5483 3111 5523 cum
3169 5481 3290 5522 uno
3345 5479 3418 5520 ex
3457 5467 3563 5522 Re-

1903 5543 2015 5612 giis
2040 5543 2364 5615 οἰκονομοῦν.

1976 5615 2089 5675 (10)
2111 5608 2223 5674 τῆξ
2264 5615 2425 5676 θείας.
2460 5615 2541 5670 lta
2571 5617 2798 5686 septem
2822 5626 2968 5667 mss.
2999 5608 3146 5666 Editi
3175 5618 3267 5672 τῆς
3298 5608 3562 5674 ἀληθείας.
