4054 6204
523 281 629 340 475

1877 277 1912 335 S
1927 320 1941 335 .
1973 276 2221 334 BASILII
2259 277 2476 334 MAGNI
3195 321 3200 330 .
3223 298 3232 306 '
3767 287 3853 342 476

527 405 758 464 assensi
788 418 1021 472 sumus,
1049 400 1448 474 apostolicum
1477 405 1742 462 vestrum
1770 405 1949 460 rectae
1970 402 2185 460 doctri-

2301 421 2412 456 ττον
2439 405 2554 474 (l9)
2597 422 2754 466 αυτος
2801 404 2826 458 ὁ
2873 423 3241 480 προειρημένος
3272 399 3610 468 συνδιάκονος
3663 405 3843 481 eum.

526 511 621 552 nee
649 494 922 551 studium
949 491 1290 548 laudantes.

2288 491 2364 545 λεῐ
2425 494 2568 564 ὑμῶν
2633 501 2694 566 τῇ
2753 493 2956 566 ἀγάπῃ.
3018 499 3117 547 Καὶ
3173 499 3304 546 πᾶσι
3373 490 3433 546 δὲ
3478 502 3579 554 τοῖς
3602 501 3842 567 γενομένοις

527 589 806 645 κανονίκῶς
866 585 1010 658 παρά
1069 591 1162 644 τῆς
1238 583 1482 656 ὑμετέρας
1547 589 1842 656 τιμιότητος
1907 584 2241 656 συνεθέμεθα,
2304 585 2391 634 τὸν
2459 581 2802 636 ἀποστολικόν
2851 586 2992 656 ὑμῶν
3061 583 3214 644 ζῆλον
3277 585 3404 657 ὑπὲρ
3459 591 3552 646 τῆς
3582 582 3841 659 ὁρθοὲοξίας

535 671 912 747 ἀποδεξάμενοι
925 715 938 730 .

1067 797 1411 856 EPISTOLA
1450 799 1618 854 XCI‘.

2903 804 3237 853 EHIETOAl-I
3277 783 3366 859 SA’

543 923 856 980 Valeriani
887 923 1106 980 litteris
1160 922 1496 992 respondet,
1529 937 1775 994 eumque
1801 921 2215 992 perSabiuum
2247 921 2496 991 salutat,
2519 928 2572 978 et
2603 925 2935 980 obtestatur
2964 929 3027 978 ut
3056 929 3181 979 oret
3201 938 3308 992 pro
3348 921 3577 978 miseris
3621 923 3845 979 Ecclesia

934 995 1261 1051 Orientalis
1281 995 1486 1058 rebus;
1506 994 1719 1065 quibus
1741 994 2029 1050 sanandis
2059 995 2456 1050 necessarium
2488 1009 2607 1050 esse
2635 997 2800 1053 docet
2826 997 3159 1052 Occidentis
3180 995 3500 1051 auxilium.

816 1120 1158 1186 Valeriano,
1194 1119 1582 1189 Illyricorum
1613 1121 1908 1188 episcopo.
2065 1175 2070 1180 .

603 1211 805 1265 Grates
837 1209 1090 1264 Domino
1110 1207 1384 1278 largienti
1405 1208 1605 1275 nobis,
1634 1213 1698 1263 ut
1731 1207 2065 1264 dilectionis
2085 1222 2186 1262 ve-

531 1295 671 1351 teris
703 1296 964 1351 fructum
1012 1295 1072 1350 in
1095 1299 1201 1350 tua
1220 1294 1476 1365 puritate
1497 1295 1944 1368 videamuszqui
1967 1295 2190 1350 scilicet

532 1384 686 1440 adeo
727 1400 977 1454 corpore
1035 1384 1366 1454 sejunctus,
1421 1383 1600 1439 nobis
1641 1389 1694 1440 te
1731 1400 1838 1456 per
1867 1384 2186 1456 epistolam

530 1472 915 1543 conjunxisti,
938 1488 1175 1545 nosque
1197 1472 1490 1545 spirituali
1516 1477 1617 1528 tuo
1637 1478 1694 1528 et
1716 1479 1926 1529 sancto
1961 1473 2188 1530 deside-

530 1561 620 1616 rio
633 1561 1008 1632 complexus,
1022 1577 1145 1617 non
1158 1561 1557 1617 enarrabilem
1569 1563 1830 1634 quemda
1841 1563 2186 1626 mfamorem

533 1650 751 1706 animis
770 1651 989 1706 nostris
1011 1651 1298 1707 indidisti.
1325 1655 1473 1708 Nam
1502 1653 1705 1724 reipsa
1726 1653 1844 1708 vim
1860 1652 2186 1708 didicimus

2541 1120 2889 1194 Οὑαλεριανῷ,
2931 1119 3198 1191 ἐπισκόπῳ
3225 1118 3488 1193 Ἰλλυριῶν
3517 1119 3644 1190 ('20).

2369 1211 2530 1282 Χάρις
2556 1219 2626 1281 τῷ
2659 1214 2830 1283 Κυρίῳ
2871 1212 3006 1277 (21),
3040 1219 3112 1280 τῷ
3143 1205 3288 1261 δόντι
3317 1211 3445 1281 ἡμῖν
3495 1206 3712 1279 ἀρχαίας
3749 1206 3848 1278 ἀγά-

2296 1316 2396 1358 πης
2453 1302 2652 1372 καρπόν
2717 1296 2845 1352 ἰδεῖν
2911 1299 2958 1350 ἐν
3015 1307 3077 1371 τῇ
3143 1308 3208 1371 σῇ
3263 1299 3682 1373 καθαρότητιοὸς
3706 1316 3847 1368 γετο-

2300 1395 2480 1439 σοῦτον
2531 1384 2749 1448 διεστὼς
2798 1397 2870 1460 τῷ
2927 1394 3150 1460 σώματι,
3213 1387 3453 1458 συνῆψας
3510 1389 3629 1458 ἡμῖν
3671 1390 3846 1439 σεαυτὸν

2301 1472 2392 1528 διὰ
2437 1479 2760 1549 γράμματος,
2807 1483 2896 1530 καὶ
2946 1486 3018 1548 τῷ
3076 1485 3413 1550 πνευματικῷ
3472 1496 3563 1529 σου
3613 1481 3692 1528 καὶ
3743 1476 3846 1546 ἁγίῳ

2295 1568 2440 1637 πόθῳ
2493 1568 2937 1640 περιπτυξάμενος
2991 1569 3144 1640 ἡμᾶς,
3200 1566 3472 1639 ἀμύθητόν
3524 1586 3574 1618 τι
3625 1567 3724 1636 ('2?)
3758 1565 3846 1636 φίλ-

2296 1674 2415 1729 τρον
2445 1658 2561 1716 ταῖς
2599 1656 2808 1728 ψυχαῖς
2849 1659 2994 1730 ἡμῶν
3055 1657 3384 1718 ἐνεποίησας,
3438 1655 3716 1729 Ἐργῳγάρ
3743 1653 3844 1725 ἐμά-

534 1740 833 1795 Proverbii
861 1740 1016 1795 illius
1041 1760 1052 1794 :
1091 1742 1161 1797 Ut
1180 1741 1399 1797 animm
1412 1742 1640 1796 sitienti
1657 1757 1817 1812 aqua
1840 1741 2187 1812 frigida,zta

2301 1746 2450 1816 θομεν
2501 1754 2592 1806 τῆς
2636 1750 2921 1819 παροιμίας
2970 1751 3062 1804 τὴν
3123 1743 3372 1818 δύναμιν,
3401 1747 3482 1798 ὅτι
3508 1744 3692 1817 Ὠσπερ
3720 1742 3842 1813 ψυχῇ

533 1832 785 1886 nuntius
800 1832 985 1887 bonus
997 1831 1249 1888 deterra
1281 1833 1614 1903 longinqua
1636 1833 1702 1886 δ’.
1727 1835 2003 1900 Magnam
2025 1831 2187 1887 enim

535 1924 622 1975 est
653 1922 818 1992 apud
845 1936 955 1976 nos
989 1920 1180 1976 fames
1202 1920 1714 1987 charitatis,frater
1742 1920 2184 1976 colendissime.

535 2009 730 2065 Causa
741 2013 943 2066 autem
956 2010 1593 2078 manifesta,nimirum
1608 2026 1679 2066 eo
1693 2010 1860 2082 quod
1900 2009 2186 2082 multipli-

532 2101 670 2154 cata
682 2099 756 2154 sit
767 2098 1406 2170 iniquitas,mu1torum
1417 2099 1644 2155 refrixit
1659 2099 2087 2157 charitas.Eam
2108 2099 2188 2155 ob

535 2202 786 2243 causam
803 2193 859 2244 et
875 2187 1102 2243 litteras
1117 2192 1251 2243 tuas
1267 2188 1513 2260 plurimi
1526 2187 1799 2255 fecimus,
1826 2194 1883 2245 et
1905 2189 2062 2244 vices
2092 2203 2187 2244 re-

533 2275 856 2347 pendimus
870 2275 971 2332 tibi
999 2291 1106 2348 per
1127 2275 1412 2332 eumdem
1442 2277 1639 2332 virum
1666 2276 2188 2348 religiosissimum

535 2364 978 2420 condiaconum
993 2369 1268 2421 nostrum
1281 2367 1323 2435 ι
1335 2366 1515 2437 83et
1525 2366 1759 2422 fratrem
1777 2366 2190 2439 Sabinumzper

534 2468 717 2525 quem
730 2453 1762 2523 ettibinosmetnotosfacimus,ette
1775 2455 2186 2519 obsecramus,

535 2541 671 2597 utin
683 2543 963 2615 precibus
978 2558 1087 2615 pro
1101 2543 1651 2615 nobisinvigiles,ut
1663 2544 1908 2601 tandem
1921 2545 2192 2618 aliquan-

535 2629 618 2687 do
649 2631 832 2688 rebus
860 2633 1080 2688 nostris
1124 2633 1280 2688 Deus
1319 2638 1566 2689 sanctus
1607 2634 2100 2706 tranquillitatem
2121 2649 2192 2692 ac

534 2719 799 2792 quietem
821 2721 1144 2794 impertiat,
1167 2726 1224 2777 et
1247 2727 1497 2778 ventum
1513 2722 1675 2778 hunc
1693 2739 1764 2779 ac
1794 2739 1961 2780 mare
2004 2724 2193 2780 incre-

533 2809 744 2880 pet;ita
762 2815 828 2866 ut
845 2809 1172 2867 liberemur
1193 2827 1267 2868 ex
1282 2811 1384 2868 illo
1410 2815 1560 2868 aestu
1580 2816 1637 2869 et
1661 2812 2110 2884 perturbatione
2129 2813 2192 2869 in

535 2913 660 2970 qua
688 2914 850 2956 nunc
881 2901 1188 2957 constituti
1211 2918 1449 2970 sumus,
1471 2918 1778 2958 summam
1796 2918 2035 2975 semper
2055 2902 2193 2958 sub-

535 2987 902 3044 mersionem
947 2995 1352 3061 expectantes.
1397 2991 1513 3046 Sed
1572 2991 1633 3046 in
1672 2991 1848 3047 nobis
1871 2992 2192 3061 magniﬁce

2299 1830 2512 1908 διψώσῃ
2577 1835 2790 1910 ψυχρὸν
2864 1834 3030 1912 ὕδωρ,
3098 1838 3265 1897 οὕτως
3334 1835 3550 1908 ἀγγελία
3609 1833 3756 1904 ἀγαθή
3804 1830 3846 1882 ἐκ

2297 1931 2392 1984 τῆς
2442 1925 2552 1994 (23)
2619 1929 2894 2000 μακρόθεν.
2953 1930 3123 1988 Δεινός
3159 1929 3262 2000 γὰρ
3295 1928 3415 1979 ἐστι
3443 1923 3562 1998 παρ’
3599 1925 3710 1995 ἡμῖν
3733 1921 3847 1993 λιμός

2298 2010 2526 2082 ἀγάπης,
2579 2010 2765 2087 ἀδελφὴ
2827 2023 3125 2087 τιμιώτατε.
3189 2020 3288 2068 Καὶ
3344 2017 3374 2072 ἡ
3432 2014 3571 2066 αἰτία
3613 2007 3844 2086 πρόδηλος,

2297 2102 2377 2153 ὃτι
2435 2098 2528 2153 διὰ
2573 2106 2630 2154 τὸ
2661 2103 3019 2164 πληθυνθῆναι
3044 2109 3137 2164 τὴν
3187 2103 3415 2177 ἀνομίαν
3451 2103 3610 2174 ἐψύγη
3649 2104 3745 2167 (24)
3770 2105 3845 2148 τῶν

2297 2189 2494 2243 πολλῶν
2554 2193 2580 2250 ἡ
2639 2192 2839 2264 ἀγάπη.
2898 2197 2992 2247 Διά
3048 2202 3200 2246 τοῦτο
3265 2200 3366 2247 καὶ
3395 2193 3576 2246 πολλοῦ
3604 2191 3728 2253 οἰξιον
3750 2191 3844 2260 ἡμῖν

2299 2279 2451 2352 ἐφάνη
2486 2285 2544 2334 τὸ
2573 2275 2939 2358 γράμμανκαὶ
2979 2284 3300 2357 ἀμειϐόμεθά
3341 2303 3398 2336 σε
3455 2279 3546 2335 διὰ
3595 2288 3675 2332 τοῦ
3723 2278 3844 2329 αὐτοῦ

2298 2367 2487 2445 ἀνδρός
2567 2380 2658 2424 τοῦ
2725 2372 3102 2427 εὐλαϐεστάτου
3194 2371 3548 2426 συνδιακόνου
3600 2373 3724 2442 ἡμῶν
3775 2369 3842 2418 καὶ

2299 2457 2525 2533 ἀδελφοῦ
2591 2461 2828 2514 Σαϐίνοψ
2900 2460 2972 2515 δι’
3037 2463 3096 2516 οὗ
3165 2469 3255 2516 καὶ
3328 2464 3634 2538 γνωρίζομέν
3659 2478 3727 2511 σοι
3752 2456 3842 2508 ἐανο

2300 2553 2440 2618 τοὺς,
2474 2555 2565 2603 καὶ
2616 2551 3014 2627 παρακαλοῦμέν
3091 2572 3148 2606 σε
3210 2553 3556 2626 ἐπαγρυπνεῖν
3608 2554 3706 2608 ταῖς
3741 2546 3838 2616 ὑπὲρ

2301 2641 2446 2711 ἡμῶν
2515 2648 2857 2713 προσευχαῖς·
2928 2645 3010 2694 ἳνα
3070 2639 3149 2712 δῷ
3216 2660 3350 2696 ποτε
3413 2643 3600 2712 ὁᾶγιος
3632 2639 3741 2696 Θεὸς
3772 2636 3837 2684 καί

2301 2736 2411 2790 τοῖς
2469 2727 2691 2782 ἐνταῦθα
2752 2733 3030 2804 πράγμασι
3093 2731 3336 2804 γαλήνην
3393 2736 3480 2784 καὶ
3523 2727 3745 2799 ἡσυχίαν,
3770 2725 3834 2773 καὶ

2303 2815 2587 2891 ἐπιτιμήσῃ
2635 2826 2707 2889 τῷ
2762 2819 2929 2892 ἀνέμῳ
2978 2823 3144 2892 τούτῳ
3196 2825 3285 2873 καὶ
3355 2830 3416 2894 τῇ
3484 2816 3837 2888 θαλάσση¹ὧστι

2300 2908 2612 2959 παύσασθαι
2661 2910 2797 2980 ἡμᾶς
2855 2917 2947 2961 τοῦ
3011 2909 3171 2962 σάλου
3225 2915 3328 2963 καὶ
3387 2919 3475 2970 τῆς
3512 2908 3777 2981 ἀνατροπῆς,
3799 2898 3836 2950 έν

2309 2995 2333 3012 τ’

2303 2995 2333 3066 ᾖ
2388 3003 2477 3046 νῦν
2523 2998 2937 3071 καθεστήκαμεν,
3003 2998 3083 3052 ἀεὶ
3151 2996 3712 3058 καταποντισθήσεσθαι
3754 2989 3835 3061 (25)

535 3077 691 3132 Deus
713 3077 774 3132 in
796 3079 1071 3150 prinsenti
1102 3079 1368 3147 indulsit,
1409 3086 1474 3135 ut
1506 3097 1610 3136 vos
1637 3081 1986 3136 audiremus
2030 3097 2188 3137 sum-

2303 3084 2559 3145 παντελῶς
2612 3084 2964 3159 ἀναμένοντες.
3032 3089 3187 3142 Ἀλλά
3241 3098 3406 3142 τοῦτο
3461 3079 3838 3162 μεγάλωςὲντοῑς

533 3180 638 3221 mo
658 3182 957 3223 consensu
987 3173 1045 3224 et
1074 3169 1297 3224 unitate
1324 3169 1477 3225 inter
1500 3187 1606 3225 vos
1651 3185 1780 3226 esse
1811 3171 2191 3242 conjunctos,

535 3269 606 3309 ac
637 3254 896 3311 veritatis
925 3257 1262 3314 doctrinam
1287 3259 1414 3314 sine
1439 3259 1876 3331 impedimento
1897 3260 2064 3332 apud
2085 3277 2194 3316 vos

535 3343 882 3400 annuntiari
905 3362 918 3400 :
945 3346 1243 3417 siquidem
1265 3347 1597 3419 aliquando
1621 3348 1693 3420 (si
1716 3348 1900 3405 modo
1923 3364 2045 3405 non
2063 3349 2194 3420 jam

535 3430 888 3488 conclusum
907 3439 998 3490 est
1020 3435 1203 3504 hujus
1225 3435 1440 3491 mundi
1463 3437 1834 3508 tempus,sed
1845 3437 2046 3494 adhuc
2061 3439 2193 3494 vitae

535 3519 823 3576 humanae
845 3521 973 3579 dies
1004 3527 1346 3596 supersunt)
1377 3540 1624 3581 necesse
1645 3530 1755 3592 est,
1790 3531 1856 3582 ut
1878 3526 2064 3583 ﬁdem
2102 3543 2197 3583 re-

536 3610 770 3667 novetis
802 3612 1043 3681 Orienti,
1074 3618 1131 3670 et
1154 3613 1454 3670 bonorum
1484 3630 1623 3686 quae
1649 3614 1726 3672 ab
1757 3631 1830 3672 eo
1859 3617 2192 3689 accepistis,

537 3703 1086 3759 remunerationem
1099 3702 1295 3759 eidem
1311 3703 1374 3760 in
1392 3708 1661 3775 tempore
1683 3705 2087 3775 persolvatisN
2093 3723 2195 3762 am

535 3803 688 3846 sana
734 3791 900 3863 apud
921 3807 1032 3848 nos
1089 3808 1253 3864 pars,
1285 3808 1544 3866 quaeque
1578 3793 1880 3864 majorum
1911 3796 2194 3866 pietatem

536 3881 755 3947 tuetur,
782 3895 904 3936 non
930 3897 1147 3952 parum
1171 3881 1392 3938 fatiscit
1422 3901 1439 3949 ;
1471 3881 1716 3939 diabolo
1744 3883 1949 3940 multis
1979 3901 2048 3942 ac
2093 3901 2196 3942 va-

534 3965 638 4020 riis
659 3967 1049 4026 artiﬁciorum
1097 3971 1425 4027 assultibus
1454 3987 1563 4044 pro
1593 3987 1704 4027 sua
1733 3972 1924 4044 ipsius
1977 3975 2197 4032 astutia

533 4068 669 4110 eam
699 4057 1096 4114 concutiente.
1144 4059 1379 4114 Utinam
1409 4065 1612 4116 autem
1642 4061 1852 4116 vestris
1887 4063 2192 4133 precibus,

532 4143 637 4215 qui
678 4144 1000 4202 Dominum
1029 4146 1295 4218 diligitis,
1329 4148 1748 4220 exstinguatur
1794 4165 1986 4220 prava
2008 4150 2110 4207 illa
2140 4157 2197 4208 et

531 4233 896 4306 populorum
925 4236 1230 4308 deceptrix
1256 4237 1473 4292 erroris
1505 4238 1704 4294 Ariani
1735 4238 1978 4294 hieresis
2005 4257 2018 4308 ;
2044 4239 2196 4296 relu-

530 4329 664 4380 ceat
691 4329 893 4383 autem
916 4326 1082 4383 bona
1107 4329 1348 4383 Patrum
1373 4332 1719 4383 nostrorum
1763 4328 2060 4395 doctrina,
2089 4326 2196 4402 qui

2302 3181 2562 3248 παροῦσιν
2600 3176 2625 3225 ό
2687 3180 2875 3249 Κύριος
2920 3179 3045 3249 ἡμῖν
3097 3177 3421 3252 ἐχαρίσατο,
3467 3182 3523 3229 τό
3548 3177 3660 3247 ὑμᾶς
3682 3169 3836 3220 ἀκούειν

2305 3261 2353 3313 ἐν
2407 3261 2610 3336 ἀκριϐεῖ
2660 3271 2936 3338 συμφωνίᾳ
2983 3272 3072 3318 καὶ
3139 3268 3353 3326 ἐνότητι
3427 3267 3549 3320 εἶναι
3582 3265 3691 3337 πρὸς
3717 3256 3832 3311 ἀλλά·

2306 3353 2438 3413 λους,
2497 3359 2585 3404 καὶ
2644 3353 2916 3415 ἀκωλύτως
2965 3356 3087 3430 παρ’
3154 3359 3274 3429 ὑμῖν
3325 3362 3382 3410 τὸ
3413 3362 3643 3430 κήρυγμα
3677 3342 3832 3407 ffuth

2307 3441 2510 3503 σεϐείας
2559 3444 3041 3516 περιαγγέλλεσθαι·
3101 3443 3393 3503 ὀτεδήπ-οτε
3463 3448 3559 3517 γὰρ
3611 3443 3744 3510 (εἰπερ
3781 3435 3829 3504 μὴ

2306 3530 2704 3601 συγκέκλεισται
2758 3533 2934 3587 λοιπὸν
3001 3537 3026 3586 ὁ
3078 3540 3271 3607 χρόνος
3324 3543 3415 3588 τοῦ
3469 3550 3652 3605 κόσμου
3679 3527 3830 3578 τούτου.

2305 3617 2412 3671 ἀλλ’
2467 3623 2550 3672 ἔπὶ
2596 3623 2787 3697 ἡμέραι
2842 3633 2936 3686 τῆς
2984 3625 3321 3698 ἀνθρωπίνης
3371 3627 3501 3686 ζωῆς
3525 3609 3834 3674 ὑπολείπονται)

2306 3706 2504 3780 ἀνάγκη
2595 3711 2718 3784 παρ’
2815 3715 2955 3785 ὑμῶν
3023 3713 3379 3773 ἀνανεωθῆυαι
3437 3718 3528 3771 τὴν
3589 3713 3740 3762 πίστιν
3788 3716 3830 3767 τῇ

2306 3797 2578 3872 ’Δνατολῇ-
2634 3806 2724 3854 καὶ
2771 3803 2837 3853 ὧν
2891 3801 3091 3856 ἐλάϐετε
3139 3805 3264 3878 παρ’
3324 3800 3712 3871 αὖτῆςάγαθών,
3745 3789 3836 3842 τού-

2304 3905 2404 3938 των
2462 3887 2510 3938 ἐν
2549 3900 2716 3962 καιρῷ
2770 3895 3149 3964 παρασχέσθαι
3175 3893 3310 3965 αὐτῇ
3367 3897 3460 3951 τὴν
3512 3882 3837 3941 ἀντίδοσιν.Το

2304 3977 2406 4047 γὰρ
2464 3979 2695 4047 ὑγιαῖνον
2749 3979 2970 4034 ἐνταῦθα
3026 3986 3196 4056 μέρος,
3257 3987 3352 4034 καὶ
3404 3986 3495 4040 τὴν
3546 3985 3635 4030 τῶν
3659 3972 3838 4040 πατέρων

2306 4064 2568 4118 εὐσέϐειαν
2633 4067 2892 4142 ἐκδικοῦν,
2965 4073 3152 4133 ἱκανῶς
3217 4077 3468 4144 κέκμηκε,
3531 4065 3722 4121 πολλαῖς
3775 4072 3838 4107 και

2304 4153 2570 4217 ποικίλαις
2626 4163 3026 4233 μηχανημάτων
3088 4161 3410 4236 προσϐολαῖς
3476 4158 3523 4212 ἐν
3583 4161 3637 4226 τῇ
3698 4159 3838 4242 “UT-9‘",

2306 4241 2558 4316 μεθοὸεία
2616 4256 2708 4298 του
2776 4246 3024 4302 διαϐόλου
3100 4251 3228 4302 αὐτό
3285 4252 3692 4303 κατασείσαντῦς·
3739 4241 3827 4286 Ἀλλ

2307 4332 2490 4404 εὐχαῖς
2578 4337 2843 4411 ὑμετέραις
2945 4349 3043 4392 τῶν
3135 4339 3450 4411 ἀγαπώντων
3536 4337 3614 4387 τὸν
3675 4328 3836 4396 Κύρων,

2945 4349 3043 4392 τῶν
3135 4339 3450 4411 ἀγαπώντων

533 4412 795 4470 Νἱοωιιω
811 4416 1408 4485 convenerunt,adeo
1423 4421 1486 4472 ut
1500 4421 1912 4474 consentanea
1948 4417 2188 4475 salutari

2308 4420 2551 4482 σϐεσθείη
2620 4430 2710 4498 μὲν
2777 4430 2806 4485 ἡ
2869 4431 3072 4502 πονηρά
3137 4435 3226 4482 καὶ
3280 4427 3555 4484 λαοπλάνος
3579 4423 3752 4492 αἵρεσις
3773 4415 3837 4464 τίς

528 4500 878 4575 baptismati
899 4505 1250 4575 gloriﬁcatio
1266 4505 1670 4578 adimpleatur
1690 4507 1880 4564 beata;
1905 4508 2194 4566 Trinitati.

2307 4510 2509 4586 ’Δρείου
2557 4513 2892 4580 κακοδοξίας·
2963 4518 3280 4592 ἀναλάμψείε
3345 4516 3404 4572 δὲ
3468 4519 3495 4574 ἢ
3559 4509 3710 4583 ἀγαθὴ
3765 4504 3836 4592 τῷ

534 4595 774 4664 Πατέρων
823 4595 969 4666 ἡμῶν
1024 4591 1372 4662 διδασκαλία,
1416 4603 1516 4648 τῶν
1563 4595 1906 4650 συνελθόντων
1953 4600 2086 4651 κοιτά
2136 4602 2223 4656 τὴν
2271 4604 2518 4675 Νίκαιαν,
2579 4607 2714 4658 ὥστε
2741 4610 3015 4681 σύμφωνον
3063 4617 3134 4681 τῷ
3164 4613 3407 4680 σωτηρίῳ
3445 4605 3748 4679 βαπτίσματι
3768 4589 3837 4642 τὴν

537 4676 840 4752 ὃοξολογίαν
871 4681 1310 4759 ἀποπληροῦσθαι
1336 4685 1397 4758 τῇ
1427 4689 1663 4760 μακαρία
1692 4683 1904 4762 Τριάδι.

607 4825 652 4859 ε’
684 4829 850 4883 Prov.
883 4844 1018 4901 xxv,
1051 4832 1138 4884 25.

606 4971 625 4991 '
655 4967 814 5041 Alias
844 4968 1156 5025 CCCXXIV.
1185 4969 1414 5041 Scripta
1445 4986 1609 5027 anno
1631 4974 1754 5026 3'72.
1807 4973 2000 5038 Quam
2057 4968 2191 5029 dul-

537 5055 602 5096 ce
634 5040 850 5121 Basilio
883 5056 1026 5095 cum
1053 5040 1354 5114 episcopis
1379 5042 1560 5112 longe
1610 5044 1856 5100 remotis
1903 5045 2193 5101 cbaritate

539 5127 851 5258 00339621:
865 5180 1294 5258 deuotos-acueram
1331 5187 1464 5240 llaec
1503 5189 1715 5258 eaquae
1743 5181 2077 5258 sequuntur
2097 5187 2196 5244 de-

538 5261 675 5337 sunt
703 5255 761 5337 in
790 5255 1066 5328 pluribus
1096 5272 1268 5323 mss.,
1298 5271 1423 5311 non
1450 5255 1653 5313 tamen
1681 5257 1744 5312 in
1784 5255 1973 5313 tribus
1995 5265 2190 5315 vetus-

541 5332 1035 5472 υεὲίῗιῗλλυριὼν.
1097 5397 1251 5455 Harl.
1285 5401 1342 5454 et
1373 5400 1511 5469 Reg,
1561 5398 1864 5454 secundus
1913 5415 1981 5456 ac
2013 5401 2189 5457 Coisl.

543 5471 846 5545 secundus
891 5471 1213 5545 ”l)_.‘).up¢-.co~5.
1280 5473 1666 5545 Perspicuum
1717 5475 1814 5545 est
1856 5472 2192 5545 Aquileiam

545 5539 642 5596 hic
672 5541 991 5611 designari,
1015 5539 1190 5613 cujus
1211 5539 1534 5614 episcopus
1559 5546 1688 5614 erat
1715 5539 2082 5601 Valerianus.

617 5614 840 5684 (21)Τῴ
875 5619 1049 5686 Κυρίῳ
1077 5612 1324 5670 Codices
1353 5612 1623 5670 nonnulli
1655 5620 1726 5684 τῷ
1754 5621 1889 5687 Θεῷ.

2378 4975 2490 5038 (2'2)
2550 4968 2843 5041 Ἀμύοητόν
2891 4989 2962 5025 τι.
3013 4967 3186 5026 Coisl.
3241 4966 3468 5040 primus
3497 4964 3552 5017 et
3579 4951 3706 5014 Med.
3737 4951 3835 5016 ἀφ’

2307 5044 2463 5100 θητον
2495 5045 2552 5093 τὸ
2576 5041 2802 5116 φίλτρον,
2947 5112 2961 5116 _
3243 5111 3254 5116 _

2376 5093 2492 5183 ('23)
2538 5093 2626 5164 Ἰέκ
2679 5093 2802 5173 τῆς.⁷
2838 5112 2987 5169 Med.
3020 5116 3077 5168 et
3125 5111 3262 5169 llarl
3299 5125 3435 5167 cum
3465 5103 3592 5162 aliis
3629 5093 3835 5167 quatuor

2306 5183 2619 5260 habentia
2645 5193 2758 5255 γῆς.
2821 5258 2858 5260 ῌ
3212 5257 3220 5260 _
3292 5255 3301 5260 _
3378 5253 3385 5260 .
3529 5246 3564 5260 ..
3613 5258 3656 5260 __

2378 5259 2487 5328 (24)
2540 5244 2762 5326 Ἒψῦγη.
2819 5258 2957 5312 Tres
3007 5253 3390 5312 vetustissimi
3440 5246 3659 5306 codices
3700 5244 3813 5304 ψυγη

2309 5347 2480 5390 σεται,
2512 5330 2879 5397 refrigescet.
3368 5395 3376 5397 _
3519 5393 3532 5397 _
3680 5369 3786 5397 μηις

2403 5403 2493 5468 25)
2526 5375 3188 5457 Κάταίτοντισθήσεσθαιη.
3239 5395 3475 5474 μεγάλοις·

2307 5457 2445 5526 simi
2475 5457 2593 5526 tres
2620 5470 2857 5526 codices
2889 5488 3028 5527 cum
3069 5457 3319 5528 duobus
3339 5467 3486 5523 aliis.
3520 5457 3655 5515 l'lditi
3709 5459 3814 5498 κατα

2308 5544 2672 5604 ποντίζεσθαι,
2689 5583 2728 5600 ..
2761 5547 2946 5614 μέγας.
