  <div class='ocr_page' id='page_1' title='image "/cluster/home/n/w/nwhite01/storage/ocr_20150623/32/hvd.32044048207401/245.png"; bbox 0 0 4054 6204; ppageno 0'>
   <div class='ocr_carea' id='block_1_1' title="bbox 442 265 546 328">
    <p class='ocr_par' dir='ltr' id='par_1_1' title="bbox 442 265 546 328">
     <span class='ocr_line' id='line_1_1' title="bbox 442 265 546 328; baseline 0.019 -2"><span class='ocrx_word' id='word_1_1' title='bbox 442 265 546 328; x_wconf 71' lang='grc'><strong>479</strong></span> 
     </span>
    </p>
   </div>
   <div class='ocr_carea' id='block_1_2' title="bbox 1829 272 2436 334">
    <p class='ocr_par' dir='ltr' id='par_1_2' title="bbox 1829 272 2436 334">
     <span class='ocr_line' id='line_1_2' title="bbox 1829 272 2436 334; baseline 0 -2"><span class='ocrx_word' id='word_1_2' title='bbox 1829 275 1887 332; x_wconf 93' lang='lat' dir='ltr'><strong>S.</strong></span> <span class='ocrx_word' id='word_1_3' title='bbox 1931 272 2181 330; x_wconf 79' lang='lat' dir='ltr'><strong>BASILII</strong></span> <span class='ocrx_word' id='word_1_4' title='bbox 2218 275 2436 334; x_wconf 79' lang='lat' dir='ltr'><strong>MAGNI</strong></span> 
     </span>
    </p>
   </div>
   <div class='ocr_carea' id='block_1_3' title="bbox 3701 285 3808 346">
    <p class='ocr_par' dir='ltr' id='par_1_3' title="bbox 3701 285 3808 346">
     <span class='ocr_line' id='line_1_3' title="bbox 3701 285 3808 346; baseline 0.028 -3"><span class='ocrx_word' id='word_1_5' title='bbox 3701 285 3808 346; x_wconf 71' lang='grc'><strong>480</strong></span> 
     </span>
    </p>
   </div>
   <div class='ocr_carea' id='block_1_4' title="bbox 443 395 2099 484">
    <p class='ocr_par' dir='ltr' id='par_1_4' title="bbox 443 397 2099 470">
     <span class='ocr_line' id='line_1_4' title="bbox 443 397 2099 470; baseline 0.002 -19"><span class='ocrx_word' id='word_1_6' title='bbox 443 409 723 454; x_wconf 82' lang='lat' dir='ltr'><strong>enarrare</strong></span> <span class='ocrx_word' id='word_1_7' title='bbox 761 414 773 452; x_wconf 92' lang='lat'><strong>:</strong></span> <span class='ocrx_word' id='word_1_8' title='bbox 806 411 914 470; x_wconf 89' lang='lat' dir='ltr'><strong>per</strong></span> <span class='ocrx_word' id='word_1_9' title='bbox 951 412 1135 469; x_wconf 88' lang='lat' dir='ltr'><strong>quem</strong></span> <span class='ocrx_word' id='word_1_10' title='bbox 1168 397 1557 454; x_wconf 82' lang='lat' dir='ltr'><strong>exhortamur</strong></span> <span class='ocrx_word' id='word_1_11' title='bbox 1595 415 1722 470; x_wconf 89' lang='lat' dir='ltr'><strong>vos,</strong></span> <span class='ocrx_word' id='word_1_12' title='bbox 1767 403 1833 455; x_wconf 88' lang='lat' dir='ltr'><strong>ut</strong></span> <span class='ocrx_word' id='word_1_13' title='bbox 1871 399 2099 455; x_wconf 84' lang='lat' dir='ltr'><strong>viscera</strong></span> 
     </span>
    </p>
   </div>
   <div class='ocr_carea' id='block_1_5' title="bbox 2218 395 3816 484">
    <p class='ocr_par' dir='ltr' id='par_1_5' title="bbox 2218 395 3816 484">
     <span class='ocr_line' id='line_1_5' title="bbox 2218 395 3816 484; baseline 0.008 -34"><span class='ocrx_word' id='word_1_14' title='bbox 2218 402 2382 471; x_wconf 65' lang='grc' dir='ltr'>ρενγει</span> <span class='ocrx_word' id='word_1_15' title='bbox 2413 395 2537 476; x_wconf 68' lang='grc' dir='ltr'>παρ’</span> <span class='ocrx_word' id='word_1_16' title='bbox 2573 405 2756 458; x_wconf 82' lang='grc' dir='ltr'>ἑαυτοῦ</span> <span class='ocrx_word' id='word_1_17' title='bbox 2802 403 3206 480; x_wconf 84' lang='grc' dir='ltr'>διηγήσασθαι·</span> <span class='ocrx_word' id='word_1_18' title='bbox 3262 404 3334 461; x_wconf 79' lang='grc' dir='ltr'>δι’</span> <span class='ocrx_word' id='word_1_19' title='bbox 3371 409 3431 461; x_wconf 76' lang='grc' dir='ltr'>οὗ</span> <span class='ocrx_word' id='word_1_20' title='bbox 3477 409 3816 484; x_wconf 75' lang='grc' dir='ltr'>παρακαλοῦ·</span> 
     </span>
    </p>
   </div>
   <div class='ocr_carea' id='block_1_6' title="bbox 442 484 2098 560">
    <p class='ocr_par' dir='ltr' id='par_1_6' title="bbox 442 484 2098 560">
     <span class='ocr_line' id='line_1_6' title="bbox 442 484 2098 560; baseline 0.002 -21"><span class='ocrx_word' id='word_1_21' title='bbox 442 484 708 542; x_wconf 90' lang='lat' dir='ltr'><strong>induatis</strong></span> <span class='ocrx_word' id='word_1_22' title='bbox 738 485 1164 553; x_wconf 85' lang='lat' dir='ltr'><strong>miserationis,</strong></span> <span class='ocrx_word' id='word_1_23' title='bbox 1215 487 1505 560; x_wconf 89' lang='lat' dir='ltr'><strong>omnique</strong></span> <span class='ocrx_word' id='word_1_24' title='bbox 1550 488 1825 560; x_wconf 88' lang='lat' dir='ltr'><strong>deposita</strong></span> <span class='ocrx_word' id='word_1_25' title='bbox 1851 487 2098 558; x_wconf 86' lang='lat' dir='ltr'><strong>segnitie</strong></span> 
     </span>
    </p>
   </div>
   <div class='ocr_carea' id='block_1_7' title="bbox 441 571 2096 648">
    <p class='ocr_par' dir='ltr' id='par_1_7' title="bbox 441 571 2096 648">
     <span class='ocr_line' id='line_1_7' title="bbox 441 571 2096 648; baseline 0.002 -20"><span class='ocrx_word' id='word_1_26' title='bbox 441 571 714 628; x_wconf 83' lang='lat' dir='ltr'><strong>laborem</strong></span> <span class='ocrx_word' id='word_1_27' title='bbox 749 573 1088 630; x_wconf 89' lang='lat' dir='ltr'><strong>dilectionis</strong></span> <span class='ocrx_word' id='word_1_28' title='bbox 1123 575 1485 647; x_wconf 80' lang='lat' dir='ltr'><strong>suscipiatis,</strong></span> <span class='ocrx_word' id='word_1_29' title='bbox 1518 580 1574 632; x_wconf 91' lang='lat' dir='ltr'><strong>et</strong></span> <span class='ocrx_word' id='word_1_30' title='bbox 1598 593 1792 648; x_wconf 88' lang='lat' dir='ltr'><strong>neque</strong></span> <span class='ocrx_word' id='word_1_31' title='bbox 1823 576 1933 631; x_wconf 71' lang='lat' dir='ltr'><strong>vim</strong></span> <span class='ocrx_word' id='word_1_32' title='bbox 1961 576 2096 631; x_wconf 89' lang='lat' dir='ltr'><strong>lon-</strong></span> 
     </span>
    </p>
   </div>
   <div class='ocr_carea' id='block_1_8' title="bbox 445 661 2097 738">
    <p class='ocr_par' dir='ltr' id='par_1_8' title="bbox 445 661 2097 738">
     <span class='ocr_line' id='line_1_8' title="bbox 445 661 2097 738; baseline 0.002 -21"><span class='ocrx_word' id='word_1_33' title='bbox 445 661 800 732; x_wconf 85' lang='lat' dir='ltr'><strong>gitudinem,</strong></span> <span class='ocrx_word' id='word_1_34' title='bbox 851 679 1047 735; x_wconf 88' lang='lat' dir='ltr'><strong>neque</strong></span> <span class='ocrx_word' id='word_1_35' title='bbox 1095 663 1461 720; x_wconf 87' lang='lat' dir='ltr'><strong>domesticas</strong></span> <span class='ocrx_word' id='word_1_36' title='bbox 1511 666 1962 738; x_wconf 87' lang='lat' dir='ltr'><strong>occupationes,</strong></span> <span class='ocrx_word' id='word_1_37' title='bbox 1993 681 2097 720; x_wconf 91' lang='lat' dir='ltr'><strong>ne-</strong></span> 
     </span>
    </p>
   </div>
   <div class='ocr_carea' id='block_1_9' title="bbox 445 751 1811 834">
    <p class='ocr_par' dir='ltr' id='par_1_9' title="bbox 445 751 1811 834">
     <span class='ocr_line' id='line_1_9' title="bbox 445 751 1811 834; baseline 0.002 -29"><span class='ocrx_word' id='word_1_38' title='bbox 445 766 563 823; x_wconf 90' lang='lat' dir='ltr'><strong>que</strong></span> <span class='ocrx_word' id='word_1_39' title='bbox 595 751 758 807; x_wconf 85' lang='lat' dir='ltr'><strong>aliud</strong></span> <span class='ocrx_word' id='word_1_40' title='bbox 791 752 1128 824; x_wconf 86' lang='lat' dir='ltr'><strong>quidquam</strong></span> <span class='ocrx_word' id='word_1_41' title='bbox 1154 753 1492 809; x_wconf 79' lang='lat' dir='ltr'><strong>humanum</strong></span> <span class='ocrx_word' id='word_1_42' title='bbox 1523 755 1811 834; x_wconf 59' lang='lat' dir='ltr'><strong>cogitetis.</strong></span> 
     </span>
    </p>
   </div>
   <div class='ocr_carea' id='block_1_10' title="bbox 517 982 2100 1058">
    <p class='ocr_par' dir='ltr' id='par_1_10' title="bbox 517 982 2100 1058">
     <span class='ocr_line' id='line_1_10' title="bbox 517 982 2100 1058; baseline 0.004 -24"><span class='ocrx_word' id='word_1_43' title='bbox 517 984 568 1036; x_wconf 78' lang='lat'><strong>2.</strong></span> <span class='ocrx_word' id='word_1_44' title='bbox 605 985 805 1055; x_wconf 77' lang='lat' dir='ltr'><strong>Neque</strong></span> <span class='ocrx_word' id='word_1_45' title='bbox 843 982 1001 1039; x_wconf 86' lang='lat' dir='ltr'><strong>enim</strong></span> <span class='ocrx_word' id='word_1_46' title='bbox 1029 984 1285 1041; x_wconf 86' lang='lat' dir='ltr'><strong>Ecclesia</strong></span> <span class='ocrx_word' id='word_1_47' title='bbox 1329 1000 1449 1041; x_wconf 89' lang='lat' dir='ltr'><strong>una</strong></span> <span class='ocrx_word' id='word_1_48' title='bbox 1482 985 1876 1058; x_wconf 85' lang='lat' dir='ltr'><strong>periclitatur;</strong></span> <span class='ocrx_word' id='word_1_49' title='bbox 1904 1000 2100 1058; x_wconf 90' lang='lat' dir='ltr'><strong>neque</strong></span> 
     </span>
    </p>
   </div>
   <div class='ocr_carea' id='block_1_11' title="bbox 446 1069 2098 1148">
    <p class='ocr_par' dir='ltr' id='par_1_11' title="bbox 446 1069 2098 1148">
     <span class='ocr_line' id='line_1_11' title="bbox 446 1069 2098 1148; baseline 0.001 -24"><span class='ocrx_word' id='word_1_50' title='bbox 446 1069 581 1124; x_wconf 74' lang='lat' dir='ltr'><strong>dum</strong></span> <span class='ocrx_word' id='word_1_51' title='bbox 607 1077 708 1126; x_wconf 90' lang='lat' dir='ltr'><strong>aut</strong></span> <span class='ocrx_word' id='word_1_52' title='bbox 727 1076 843 1126; x_wconf 90' lang='lat' dir='ltr'><strong>tres</strong></span> <span class='ocrx_word' id='word_1_53' title='bbox 866 1072 927 1126; x_wconf 92' lang='lat' dir='ltr'><strong>in</strong></span> <span class='ocrx_word' id='word_1_54' title='bbox 943 1089 1187 1143; x_wconf 80' lang='lat' dir='ltr'><strong>gravem</strong></span> <span class='ocrx_word' id='word_1_55' title='bbox 1207 1074 1364 1129; x_wconf 89' lang='lat' dir='ltr'><strong>hanc</strong></span> <span class='ocrx_word' id='word_1_56' title='bbox 1380 1079 1793 1148; x_wconf 84' lang='lat' dir='ltr'><strong>tempestatem</strong></span> <span class='ocrx_word' id='word_1_57' title='bbox 1815 1073 2098 1146; x_wconf 71' lang='lat' dir='ltr'><strong>delapsae.</strong></span> 
     </span>
    </p>
   </div>
   <div class='ocr_carea' id='block_1_12' title="bbox 446 1159 2101 1235">
    <p class='ocr_par' dir='ltr' id='par_1_12' title="bbox 446 1159 2101 1235">
     <span class='ocr_line' id='line_1_12' title="bbox 446 1159 2101 1235; baseline 0.002 -21"><span class='ocrx_word' id='word_1_58' title='bbox 446 1160 596 1214; x_wconf 81' lang='lat' dir='ltr'><strong>Nam</strong></span> <span class='ocrx_word' id='word_1_59' title='bbox 629 1159 812 1216; x_wconf 84' lang='lat' dir='ltr'><strong>ferme</strong></span> <span class='ocrx_word' id='word_1_60' title='bbox 845 1177 880 1216; x_wconf 91' lang='lat' dir='ltr'><strong>a</strong></span> <span class='ocrx_word' id='word_1_61' title='bbox 910 1160 1131 1216; x_wconf 86' lang='lat' dir='ltr'><strong>ﬁnibus</strong></span> <span class='ocrx_word' id='word_1_62' title='bbox 1165 1161 1379 1234; x_wconf 82' lang='lat' dir='ltr'><strong>lllyrici</strong></span> <span class='ocrx_word' id='word_1_63' title='bbox 1411 1179 1599 1235; x_wconf 90' lang='lat' dir='ltr'><strong>usque</strong></span> <span class='ocrx_word' id='word_1_64' title='bbox 1639 1164 1716 1218; x_wconf 91' lang='lat' dir='ltr'><strong>ad</strong></span> <span class='ocrx_word' id='word_1_65' title='bbox 1740 1162 2101 1219; x_wconf 86' lang='lat' dir='ltr'><strong>Thebaidem</strong></span> 
     </span>
    </p>
   </div>
   <div class='ocr_carea' id='block_1_13' title="bbox 445 1245 2104 1323">
    <p class='ocr_par' dir='ltr' id='par_1_13' title="bbox 445 1245 2104 1323">
     <span class='ocr_line' id='line_1_13' title="bbox 445 1245 2104 1323; baseline 0.002 -22"><span class='ocrx_word' id='word_1_66' title='bbox 445 1245 687 1302; x_wconf 62' lang='lat' dir='ltr'><strong>haeresis</strong></span> <span class='ocrx_word' id='word_1_67' title='bbox 718 1248 948 1304; x_wconf 88' lang='lat' dir='ltr'><strong>malum</strong></span> <span class='ocrx_word' id='word_1_68' title='bbox 997 1250 1362 1322; x_wconf 86' lang='lat' dir='ltr'><strong>depascitur.</strong></span> <span class='ocrx_word' id='word_1_69' title='bbox 1412 1253 1593 1321; x_wconf 88' lang='lat' dir='ltr'><strong>Cujus</strong></span> <span class='ocrx_word' id='word_1_70' title='bbox 1641 1267 1828 1323; x_wconf 84' lang='lat' dir='ltr'><strong>prava</strong></span> <span class='ocrx_word' id='word_1_71' title='bbox 1870 1251 2104 1307; x_wconf 91' lang='lat' dir='ltr'><strong>semina</strong></span> 
     </span>
    </p>
   </div>
   <div class='ocr_carea' id='block_1_14' title="bbox 445 1336 2104 1410">
    <p class='ocr_par' dir='ltr' id='par_1_14' title="bbox 445 1336 2104 1410">
     <span class='ocr_line' id='line_1_14' title="bbox 445 1336 2104 1410; baseline 0.003 -20"><span class='ocrx_word' id='word_1_72' title='bbox 445 1336 612 1407; x_wconf 88' lang='lat' dir='ltr'><strong>prius</strong></span> <span class='ocrx_word' id='word_1_73' title='bbox 643 1337 890 1409; x_wconf 86' lang='lat' dir='ltr'><strong>quidem</strong></span> <span class='ocrx_word' id='word_1_74' title='bbox 921 1337 1162 1393; x_wconf 88' lang='lat' dir='ltr'><strong>infamis</strong></span> <span class='ocrx_word' id='word_1_75' title='bbox 1195 1338 1368 1394; x_wconf 87' lang='lat' dir='ltr'><strong>Arius</strong></span> <span class='ocrx_word' id='word_1_76' title='bbox 1403 1340 1544 1410; x_wconf 91' lang='lat' dir='ltr'><strong>jecit</strong></span> <span class='ocrx_word' id='word_1_77' title='bbox 1574 1356 1586 1394; x_wconf 91' lang='lat'><strong>:</strong></span> <span class='ocrx_word' id='word_1_78' title='bbox 1620 1340 1752 1396; x_wconf 87' lang='lat' dir='ltr'><strong>altis</strong></span> <span class='ocrx_word' id='word_1_79' title='bbox 1783 1344 1984 1395; x_wconf 90' lang='lat' dir='ltr'><strong>autem</strong></span> <span class='ocrx_word' id='word_1_80' title='bbox 2011 1355 2104 1395; x_wconf 89' lang='lat' dir='ltr'><strong>ra-</strong></span> 
     </span>
    </p>
   </div>
   <div class='ocr_carea' id='block_1_15' title="bbox 446 1423 2103 1502">
    <p class='ocr_par' dir='ltr' id='par_1_15' title="bbox 446 1423 2103 1502">
     <span class='ocr_line' id='line_1_15' title="bbox 446 1423 2103 1502; baseline 0.003 -23"><span class='ocrx_word' id='word_1_81' title='bbox 446 1423 680 1480; x_wconf 87' lang='lat' dir='ltr'><strong>dicibus</strong></span> <span class='ocrx_word' id='word_1_82' title='bbox 729 1427 970 1481; x_wconf 86' lang='lat' dir='ltr'><strong>firmata</strong></span> <span class='ocrx_word' id='word_1_83' title='bbox 1011 1443 1044 1482; x_wconf 88' lang='lat' dir='ltr'><strong>a</strong></span> <span class='ocrx_word' id='word_1_84' title='bbox 1095 1427 1391 1500; x_wconf 85' lang='lat' dir='ltr'><strong>pluribus,</strong></span> <span class='ocrx_word' id='word_1_85' title='bbox 1442 1429 1546 1502; x_wconf 88' lang='lat' dir='ltr'><strong>qui</strong></span> <span class='ocrx_word' id='word_1_86' title='bbox 1599 1429 1806 1485; x_wconf 87' lang='lat' dir='ltr'><strong>Arium</strong></span> <span class='ocrx_word' id='word_1_87' title='bbox 1858 1430 2009 1486; x_wconf 89' lang='lat' dir='ltr'><strong>inter</strong></span> <span class='ocrx_word' id='word_1_88' title='bbox 2047 1433 2103 1484; x_wconf 93' lang='lat' dir='ltr'><strong>et</strong></span> 
     </span>
    </p>
   </div>
   <div class='ocr_carea' id='block_1_16' title="bbox 443 1517 2100 1591">
    <p class='ocr_par' dir='ltr' id='par_1_16' title="bbox 443 1517 2100 1591">
     <span class='ocr_line' id='line_1_16' title="bbox 443 1517 2100 1591; baseline 0.004 -23"><span class='ocrx_word' id='word_1_89' title='bbox 443 1518 717 1570; x_wconf 90' lang='lat' dir='ltr'><strong>nostram</strong></span> <span class='ocrx_word' id='word_1_90' title='bbox 741 1520 979 1572; x_wconf 61' lang='lat' dir='ltr'><strong>(etatem</strong></span> <span class='ocrx_word' id='word_1_91' title='bbox 999 1517 1290 1589; x_wconf 89' lang='lat' dir='ltr'><strong>interjecti</strong></span> <span class='ocrx_word' id='word_1_92' title='bbox 1309 1519 1681 1591; x_wconf 87' lang='lat' dir='ltr'><strong>impietatem</strong></span> <span class='ocrx_word' id='word_1_93' title='bbox 1708 1519 1977 1576; x_wconf 86' lang='lat' dir='ltr'><strong>studiose</strong></span> <span class='ocrx_word' id='word_1_94' title='bbox 1999 1535 2100 1575; x_wconf 85' lang='lat' dir='ltr'><strong>ex-</strong></span> 
     </span>
    </p>
   </div>
   <div class='ocr_carea' id='block_1_17' title="bbox 445 1601 2102 1680">
    <p class='ocr_par' dir='ltr' id='par_1_17' title="bbox 445 1601 2102 1680">
     <span class='ocr_line' id='line_1_17' title="bbox 445 1601 2102 1680; baseline 0.004 -23"><span class='ocrx_word' id='word_1_95' title='bbox 445 1601 704 1675; x_wconf 90' lang='lat' dir='ltr'><strong>coluere,</strong></span> <span class='ocrx_word' id='word_1_96' title='bbox 731 1619 893 1660; x_wconf 91' lang='lat' dir='ltr'><strong>nunc</strong></span> <span class='ocrx_word' id='word_1_97' title='bbox 935 1605 1218 1662; x_wconf 80' lang='lat' dir='ltr'><strong>exitiosos</strong></span> <span class='ocrx_word' id='word_1_98' title='bbox 1263 1609 1491 1662; x_wconf 82' lang='lat' dir='ltr'><strong>fructus</strong></span> <span class='ocrx_word' id='word_1_99' title='bbox 1530 1608 1919 1680; x_wconf 89' lang='lat' dir='ltr'><strong>protulerunt.</strong></span> <span class='ocrx_word' id='word_1_100' title='bbox 1953 1611 2102 1664; x_wconf 79' lang='lat' dir='ltr'><strong>Nam</strong></span> 
     </span>
    </p>
   </div>
   <div class='ocr_carea' id='block_1_18' title="bbox 444 1690 2101 1764">
    <p class='ocr_par' dir='ltr' id='par_1_18' title="bbox 444 1690 2101 1764">
     <span class='ocr_line' id='line_1_18' title="bbox 444 1690 2101 1764; baseline 0.005 -18"><span class='ocrx_word' id='word_1_101' title='bbox 444 1690 678 1762; x_wconf 87' lang='lat' dir='ltr'><strong>pietatis</strong></span> <span class='ocrx_word' id='word_1_102' title='bbox 718 1707 926 1749; x_wconf 90' lang='lat' dir='ltr'><strong>eversa</strong></span> <span class='ocrx_word' id='word_1_103' title='bbox 975 1701 1116 1750; x_wconf 89' lang='lat' dir='ltr'><strong>sunt</strong></span> <span class='ocrx_word' id='word_1_104' title='bbox 1162 1693 1456 1764; x_wconf 83' lang='lat' dir='ltr'><strong>dogmata</strong></span> <span class='ocrx_word' id='word_1_105' title='bbox 1489 1713 1501 1750; x_wconf 94' lang='lat'>:</span> <span class='ocrx_word' id='word_1_106' title='bbox 1535 1696 1798 1752; x_wconf 80' lang='lat' dir='ltr'><strong>confusae</strong></span> <span class='ocrx_word' id='word_1_107' title='bbox 1830 1697 2101 1754; x_wconf 73' lang='lat' dir='ltr'><strong>Ecclesiae</strong></span> 
     </span>
    </p>
   </div>
   <div class='ocr_carea' id='block_1_19' title="bbox 442 1777 2098 1849">
    <p class='ocr_par' dir='ltr' id='par_1_19' title="bbox 442 1777 2098 1849">
     <span class='ocr_line' id='line_1_19' title="bbox 442 1777 2098 1849; baseline 0.005 -14"><span class='ocrx_word' id='word_1_108' title='bbox 442 1777 627 1849; x_wconf 88' lang='lat' dir='ltr'><strong>leges.</strong></span> <span class='ocrx_word' id='word_1_109' title='bbox 655 1782 976 1838; x_wconf 82' lang='lat' dir='ltr'><strong>Hominum</strong></span> <span class='ocrx_word' id='word_1_110' title='bbox 1001 1783 1320 1840; x_wconf 90' lang='lat' dir='ltr'><strong>Dominum</strong></span> <span class='ocrx_word' id='word_1_111' title='bbox 1345 1800 1467 1840; x_wconf 88' lang='lat' dir='ltr'><strong>non</strong></span> <span class='ocrx_word' id='word_1_112' title='bbox 1489 1785 1827 1841; x_wconf 90' lang='lat' dir='ltr'><strong>timentium</strong></span> <span class='ocrx_word' id='word_1_113' title='bbox 1850 1787 2098 1843; x_wconf 89' lang='lat' dir='ltr'><strong>ambitio</strong></span> 
     </span>
    </p>
   </div>
   <div class='ocr_carea' id='block_1_20' title="bbox 444 1866 2097 1946">
    <p class='ocr_par' dir='ltr' id='par_1_20' title="bbox 444 1866 2097 1946">
     <span class='ocr_line' id='line_1_20' title="bbox 444 1866 2097 1946; baseline 0.005 -23"><span class='ocrx_word' id='word_1_114' title='bbox 444 1866 506 1923; x_wconf 88' lang='lat' dir='ltr'><strong>in</strong></span> <span class='ocrx_word' id='word_1_115' title='bbox 530 1869 917 1940; x_wconf 70' lang='lat' dir='ltr'><strong>praefecturas</strong></span> <span class='ocrx_word' id='word_1_116' title='bbox 936 1871 1143 1941; x_wconf 89' lang='lat' dir='ltr'><strong>insilit,</strong></span> <span class='ocrx_word' id='word_1_117' title='bbox 1153 1873 1405 1946; x_wconf 90' lang='lat' dir='ltr'><strong>jamque</strong></span> <span class='ocrx_word' id='word_1_118' title='bbox 1428 1877 1628 1946; x_wconf 91' lang='lat' dir='ltr'><strong>aperte</strong></span> <span class='ocrx_word' id='word_1_119' title='bbox 1651 1874 1966 1946; x_wconf 79' lang='lat' dir='ltr'><strong>praemium</strong></span> <span class='ocrx_word' id='word_1_120' title='bbox 1987 1876 2097 1931; x_wconf 91' lang='lat' dir='ltr'><strong>im-</strong></span> 
     </span>
    </p>
   </div>
   <div class='ocr_carea' id='block_1_21' title="bbox 445 1956 2100 2034">
    <p class='ocr_par' dir='ltr' id='par_1_21' title="bbox 445 1956 2100 2034">
     <span class='ocr_line' id='line_1_21' title="bbox 445 1956 2100 2034; baseline 0.004 -22"><span class='ocrx_word' id='word_1_121' title='bbox 445 1956 681 2029; x_wconf 85' lang='lat' dir='ltr'><strong>pietatis</strong></span> <span class='ocrx_word' id='word_1_122' title='bbox 700 1959 1075 2032; x_wconf 88' lang='lat' dir='ltr'><strong>principatus</strong></span> <span class='ocrx_word' id='word_1_123' title='bbox 1091 1961 1437 2033; x_wconf 88' lang='lat' dir='ltr'><strong>propositus</strong></span> <span class='ocrx_word' id='word_1_124' title='bbox 1451 1967 1560 2029; x_wconf 90' lang='lat' dir='ltr'><strong>est,</strong></span> <span class='ocrx_word' id='word_1_125' title='bbox 1577 1962 1656 2018; x_wconf 89' lang='lat' dir='ltr'><strong>ita</strong></span> <span class='ocrx_word' id='word_1_126' title='bbox 1669 1963 1849 2034; x_wconf 89' lang='lat' dir='ltr'><strong>utqui</strong></span> <span class='ocrx_word' id='word_1_127' title='bbox 1862 1963 2100 2034; x_wconf 83' lang='lat' dir='ltr'><strong>gravio-</strong></span> 
     </span>
    </p>
   </div>
   <div class='ocr_carea' id='block_1_22' title="bbox 445 2046 2101 2126">
    <p class='ocr_par' dir='ltr' id='par_1_22' title="bbox 445 2046 2101 2126">
     <span class='ocr_line' id='line_1_22' title="bbox 445 2046 2101 2126; baseline 0.005 -25"><span class='ocrx_word' id='word_1_128' title='bbox 445 2061 539 2102; x_wconf 88' lang='lat' dir='ltr'><strong>res</strong></span> <span class='ocrx_word' id='word_1_129' title='bbox 557 2046 972 2120; x_wconf 86' lang='lat' dir='ltr'><strong>blasphemias</strong></span> <span class='ocrx_word' id='word_1_130' title='bbox 994 2055 1258 2105; x_wconf 87' lang='lat' dir='ltr'><strong>ructatus</strong></span> <span class='ocrx_word' id='word_1_131' title='bbox 1281 2055 1392 2119; x_wconf 89' lang='lat' dir='ltr'><strong>est,</strong></span> <span class='ocrx_word' id='word_1_132' title='bbox 1415 2051 1980 2121; x_wconf 89' lang='lat' dir='ltr'><strong>digniorhabeatur,</strong></span> <span class='ocrx_word' id='word_1_133' title='bbox 1997 2053 2101 2126; x_wconf 88' lang='lat' dir='ltr'><strong>qui</strong></span> 
     </span>
    </p>
   </div>
   <div class='ocr_carea' id='block_1_23' title="bbox 445 2136 2102 2212">
    <p class='ocr_par' dir='ltr' id='par_1_23' title="bbox 445 2136 2102 2212">
     <span class='ocr_line' id='line_1_23' title="bbox 445 2136 2102 2212; baseline 0.004 -21"><span class='ocrx_word' id='word_1_134' title='bbox 445 2136 673 2208; x_wconf 88' lang='lat' dir='ltr'><strong>populo</strong></span> <span class='ocrx_word' id='word_1_135' title='bbox 699 2139 1017 2210; x_wconf 88' lang='lat' dir='ltr'><strong>episcopus</strong></span> <span class='ocrx_word' id='word_1_136' title='bbox 1035 2139 1257 2212; x_wconf 69' lang='lat' dir='ltr'><strong>praesit.</strong></span> <span class='ocrx_word' id='word_1_137' title='bbox 1283 2139 1453 2195; x_wconf 91' lang='lat' dir='ltr'><strong>Periit</strong></span> <span class='ocrx_word' id='word_1_138' title='bbox 1474 2140 1740 2211; x_wconf 80' lang='lat' dir='ltr'><strong>gravitas</strong></span> <span class='ocrx_word' id='word_1_139' title='bbox 1764 2142 2102 2198; x_wconf 82' lang='lat' dir='ltr'><strong>sacerdota-</strong></span> 
     </span>
    </p>
   </div>
   <div class='ocr_carea' id='block_1_24' title="bbox 444 2222 2102 2298">
    <p class='ocr_par' dir='ltr' id='par_1_24' title="bbox 444 2222 2102 2298">
     <span class='ocr_line' id='line_1_24' title="bbox 444 2222 2102 2298; baseline 0.005 -20"><span class='ocrx_word' id='word_1_140' title='bbox 444 2222 568 2283; x_wconf 74' lang='lat' dir='ltr'><strong>lis:</strong></span> <span class='ocrx_word' id='word_1_141' title='bbox 618 2224 887 2282; x_wconf 78' lang='lat' dir='ltr'><strong>defecere</strong></span> <span class='ocrx_word' id='word_1_142' title='bbox 925 2228 1029 2298; x_wconf 90' lang='lat' dir='ltr'><strong>qui</strong></span> <span class='ocrx_word' id='word_1_143' title='bbox 1078 2242 1322 2297; x_wconf 87' lang='lat' dir='ltr'><strong>gregem</strong></span> <span class='ocrx_word' id='word_1_144' title='bbox 1376 2229 1611 2284; x_wconf 89' lang='lat' dir='ltr'><strong>Domini</strong></span> <span class='ocrx_word' id='word_1_145' title='bbox 1665 2245 1804 2285; x_wconf 92' lang='lat' dir='ltr'><strong>cum</strong></span> <span class='ocrx_word' id='word_1_146' title='bbox 1851 2229 2102 2287; x_wconf 88' lang='lat' dir='ltr'><strong>scientia</strong></span> 
     </span>
    </p>
   </div>
   <div class='ocr_carea' id='block_1_25' title="bbox 445 2313 2101 2391">
    <p class='ocr_par' dir='ltr' id='par_1_25' title="bbox 445 2313 2101 2391">
     <span class='ocr_line' id='line_1_25' title="bbox 445 2313 2101 2391; baseline 0.005 -25"><span class='ocrx_word' id='word_1_147' title='bbox 445 2318 698 2382; x_wconf 88' lang='lat' dir='ltr'><strong>pascant</strong></span> <span class='ocrx_word' id='word_1_148' title='bbox 731 2329 744 2368; x_wconf 89' lang='lat'><strong>:</strong></span> <span class='ocrx_word' id='word_1_149' title='bbox 783 2313 1119 2370; x_wconf 90' lang='lat' dir='ltr'><strong>ambitiosis</strong></span> <span class='ocrx_word' id='word_1_150' title='bbox 1151 2330 1490 2388; x_wconf 89' lang='lat' dir='ltr'><strong>pauperum</strong></span> <span class='ocrx_word' id='word_1_151' title='bbox 1517 2317 1806 2388; x_wconf 89' lang='lat' dir='ltr'><strong>pecunias</strong></span> <span class='ocrx_word' id='word_1_152' title='bbox 1852 2317 1913 2374; x_wconf 92' lang='lat' dir='ltr'><strong>in</strong></span> <span class='ocrx_word' id='word_1_153' title='bbox 1960 2334 2101 2391; x_wconf 91' lang='lat' dir='ltr'><strong>pro-</strong></span> 
     </span>
    </p>
   </div>
   <div class='ocr_carea' id='block_1_26' title="bbox 444 2399 2102 2481">
    <p class='ocr_par' dir='ltr' id='par_1_26' title="bbox 444 2399 2102 2481">
     <span class='ocr_line' id='line_1_26' title="bbox 444 2399 2102 2481; baseline 0.006 -26"><span class='ocrx_word' id='word_1_154' title='bbox 444 2399 609 2474; x_wconf 91' lang='lat' dir='ltr'><strong>prios</strong></span> <span class='ocrx_word' id='word_1_155' title='bbox 655 2417 800 2458; x_wconf 90' lang='lat' dir='ltr'><strong>usus</strong></span> <span class='ocrx_word' id='word_1_156' title='bbox 829 2408 886 2459; x_wconf 91' lang='lat' dir='ltr'><strong>et</strong></span> <span class='ocrx_word' id='word_1_157' title='bbox 916 2404 974 2458; x_wconf 89' lang='lat' dir='ltr'><strong>in</strong></span> <span class='ocrx_word' id='word_1_158' title='bbox 1016 2420 1336 2462; x_wconf 87' lang='lat' dir='ltr'><strong>munerum</strong></span> <span class='ocrx_word' id='word_1_159' title='bbox 1366 2405 1713 2475; x_wconf 86' lang='lat' dir='ltr'><strong>largitiones</strong></span> <span class='ocrx_word' id='word_1_160' title='bbox 1745 2422 1983 2481; x_wconf 89' lang='lat' dir='ltr'><strong>semper</strong></span> <span class='ocrx_word' id='word_1_161' title='bbox 2010 2409 2102 2466; x_wconf 92' lang='lat' dir='ltr'><strong>in-</strong></span> 
     </span>
    </p>
   </div>
   <div class='ocr_carea' id='block_1_27' title="bbox 445 2491 2098 2571">
    <p class='ocr_par' dir='ltr' id='par_1_27' title="bbox 445 2491 2098 2571">
     <span class='ocr_line' id='line_1_27' title="bbox 445 2491 2098 2571; baseline 0.006 -27"><span class='ocrx_word' id='word_1_162' title='bbox 445 2491 1402 2552; x_wconf 82' lang='lat' dir='ltr'><strong>sumentibus.Evanuitaccurata</strong></span> <span class='ocrx_word' id='word_1_163' title='bbox 1422 2512 1726 2552; x_wconf 89' lang='lat' dir='ltr'><strong>canonum</strong></span> <span class='ocrx_word' id='word_1_164' title='bbox 1750 2496 2098 2571; x_wconf 86' lang='lat' dir='ltr'><strong>disciplina;</strong></span> 
     </span>
    </p>
   </div>
   <div class='ocr_carea' id='block_1_28' title="bbox 443 2582 2101 2659">
    <p class='ocr_par' dir='ltr' id='par_1_28' title="bbox 443 2582 2101 2659">
     <span class='ocr_line' id='line_1_28' title="bbox 443 2582 2101 2659; baseline 0.005 -23"><span class='ocrx_word' id='word_1_165' title='bbox 443 2582 737 2653; x_wconf 87' lang='lat' dir='ltr'><strong>peccandi</strong></span> <span class='ocrx_word' id='word_1_166' title='bbox 758 2583 946 2640; x_wconf 88' lang='lat' dir='ltr'><strong>multa</strong></span> <span class='ocrx_word' id='word_1_167' title='bbox 963 2583 1230 2642; x_wconf 90' lang='lat' dir='ltr'><strong>libertas.</strong></span> <span class='ocrx_word' id='word_1_168' title='bbox 1257 2589 1402 2642; x_wconf 83' lang='lat' dir='ltr'><strong>Nam</strong></span> <span class='ocrx_word' id='word_1_169' title='bbox 1425 2586 1530 2659; x_wconf 89' lang='lat' dir='ltr'><strong>qui</strong></span> <span class='ocrx_word' id='word_1_170' title='bbox 1554 2587 1871 2643; x_wconf 86' lang='lat' dir='ltr'><strong>hominum</strong></span> <span class='ocrx_word' id='word_1_171' title='bbox 1889 2588 2101 2644; x_wconf 87' lang='lat' dir='ltr'><strong>studiis</strong></span> 
     </span>
    </p>
   </div>
   <div class='ocr_carea' id='block_1_29' title="bbox 444 2670 2103 2750">
    <p class='ocr_par' dir='ltr' id='par_1_29' title="bbox 444 2670 2103 2750">
     <span class='ocr_line' id='line_1_29' title="bbox 444 2670 2103 2750; baseline 0.005 -24"><span class='ocrx_word' id='word_1_172' title='bbox 444 2670 524 2726; x_wconf 90' lang='lat' dir='ltr'><strong>ad</strong></span> <span class='ocrx_word' id='word_1_173' title='bbox 551 2670 953 2745; x_wconf 87' lang='lat' dir='ltr'><strong>principatum</strong></span> <span class='ocrx_word' id='word_1_174' title='bbox 975 2674 1362 2736; x_wconf 88' lang='lat' dir='ltr'><strong>devenerunt,</strong></span> <span class='ocrx_word' id='word_1_175' title='bbox 1395 2675 1455 2731; x_wconf 90' lang='lat' dir='ltr'><strong>in</strong></span> <span class='ocrx_word' id='word_1_176' title='bbox 1479 2675 1595 2732; x_wconf 88' lang='lat' dir='ltr'><strong>hoc</strong></span> <span class='ocrx_word' id='word_1_177' title='bbox 1618 2677 1750 2750; x_wconf 93' lang='lat' dir='ltr'><strong>ipso</strong></span> <span class='ocrx_word' id='word_1_178' title='bbox 1774 2677 1953 2733; x_wconf 91' lang='lat' dir='ltr'><strong>studii</strong></span> <span class='ocrx_word' id='word_1_179' title='bbox 1973 2693 2103 2749; x_wconf 90' lang='lat' dir='ltr'><strong>gra-</strong></span> 
     </span>
    </p>
   </div>
   <div class='ocr_carea' id='block_1_30' title="bbox 443 2759 2102 2838">
    <p class='ocr_par' dir='ltr' id='par_1_30' title="bbox 443 2759 2102 2838">
     <span class='ocr_line' id='line_1_30' title="bbox 443 2759 2102 2838; baseline 0.005 -24"><span class='ocrx_word' id='word_1_180' title='bbox 443 2759 576 2814; x_wconf 88' lang='lat' dir='ltr'><strong>tiam</strong></span> <span class='ocrx_word' id='word_1_181' title='bbox 602 2759 962 2833; x_wconf 89' lang='lat' dir='ltr'><strong>rependunt,</strong></span> <span class='ocrx_word' id='word_1_182' title='bbox 987 2763 1152 2835; x_wconf 91' lang='lat' dir='ltr'><strong>quod</strong></span> <span class='ocrx_word' id='word_1_183' title='bbox 1175 2763 1382 2820; x_wconf 91' lang='lat' dir='ltr'><strong>omnia</strong></span> <span class='ocrx_word' id='word_1_184' title='bbox 1403 2765 1480 2820; x_wconf 89' lang='lat' dir='ltr'><strong>ad</strong></span> <span class='ocrx_word' id='word_1_185' title='bbox 1509 2766 1879 2838; x_wconf 81' lang='lat' dir='ltr'><strong>voluptatem</strong></span> <span class='ocrx_word' id='word_1_186' title='bbox 1910 2765 2102 2824; x_wconf 92' lang='lat' dir='ltr'><strong>indul-</strong></span> 
     </span>
    </p>
   </div>
   <div class='ocr_carea' id='block_1_31' title="bbox 444 2851 2101 2928">
    <p class='ocr_par' dir='ltr' id='par_1_31' title="bbox 444 2851 2101 2928">
     <span class='ocr_line' id='line_1_31' title="bbox 444 2851 2101 2928; baseline 0.005 -24"><span class='ocrx_word' id='word_1_187' title='bbox 444 2853 624 2919; x_wconf 81' lang='lat' dir='ltr'><strong>geant</strong></span> <span class='ocrx_word' id='word_1_188' title='bbox 643 2851 1546 2924; x_wconf 90' lang='lat' dir='ltr'><strong>peccantibus.Pcriitjudicium</strong></span> <span class='ocrx_word' id='word_1_189' title='bbox 1567 2855 2101 2928; x_wconf 69' lang='lat' dir='ltr'><strong>aequumzquisque</strong></span> 
     </span>
    </p>
   </div>
   <div class='ocr_carea' id='block_1_32' title="bbox 443 2938 2100 3016">
    <p class='ocr_par' dir='ltr' id='par_1_32' title="bbox 443 2938 2100 3016">
     <span class='ocr_line' id='line_1_32' title="bbox 443 2938 2100 3016; baseline 0.005 -24"><span class='ocrx_word' id='word_1_190' title='bbox 443 2950 514 2993; x_wconf 84' lang='lat' dir='ltr'><strong>ex</strong></span> <span class='ocrx_word' id='word_1_191' title='bbox 547 2938 639 2994; x_wconf 87' lang='lat' dir='ltr'><strong>sui</strong></span> <span class='ocrx_word' id='word_1_192' title='bbox 662 2938 862 2996; x_wconf 87' lang='lat' dir='ltr'><strong>cordis</strong></span> <span class='ocrx_word' id='word_1_193' title='bbox 892 2939 1198 2998; x_wconf 84' lang='lat' dir='ltr'><strong>voluntate</strong></span> <span class='ocrx_word' id='word_1_194' title='bbox 1225 2941 1520 3000; x_wconf 85' lang='lat' dir='ltr'><strong>ambulat.</strong></span> <span class='ocrx_word' id='word_1_195' title='bbox 1550 2943 1821 3016; x_wconf 81' lang='lat' dir='ltr'><strong>Nequitia</strong></span> <span class='ocrx_word' id='word_1_196' title='bbox 1846 2944 2100 3002; x_wconf 91' lang='lat' dir='ltr'><strong>modum</strong></span> 
     </span>
    </p>
   </div>
   <div class='ocr_carea' id='block_1_33' title="bbox 440 3025 2092 3109">
    <p class='ocr_par' dir='ltr' id='par_1_33' title="bbox 440 3025 2092 3109">
     <span class='ocr_line' id='line_1_33' title="bbox 440 3025 2092 3109; baseline 0.005 -27"><span class='ocrx_word' id='word_1_197' title='bbox 440 3025 676 3084; x_wconf 89' lang='lat' dir='ltr'><strong>nullum</strong></span> <span class='ocrx_word' id='word_1_198' title='bbox 706 3029 885 3086; x_wconf 88' lang='lat' dir='ltr'><strong>habet</strong></span> <span class='ocrx_word' id='word_1_199' title='bbox 918 3047 930 3085; x_wconf 89' lang='lat'><strong>:</strong></span> <span class='ocrx_word' id='word_1_200' title='bbox 961 3030 1198 3102; x_wconf 82' lang='lat' dir='ltr'><strong>exleges</strong></span> <span class='ocrx_word' id='word_1_201' title='bbox 1245 3032 1452 3106; x_wconf 90' lang='lat' dir='ltr'><strong>populi</strong></span> <span class='ocrx_word' id='word_1_202' title='bbox 1493 3052 1506 3089; x_wconf 90' lang='lat'>:</span> <span class='ocrx_word' id='word_1_203' title='bbox 1548 3032 1716 3090; x_wconf 91' lang='lat' dir='ltr'><strong>deest</strong></span> <span class='ocrx_word' id='word_1_204' title='bbox 1753 3034 2092 3109; x_wconf 74' lang='lat' dir='ltr'><strong>praepositis</strong></span> 
     </span>
    </p>
   </div>
   <div class='ocr_carea' id='block_1_34' title="bbox 2205 489 3811 573">
    <p class='ocr_par' dir='ltr' id='par_1_34' title="bbox 2205 489 3811 573">
     <span class='ocr_line' id='line_1_34' title="bbox 2205 489 3811 573; baseline 0.009 -36"><span class='ocrx_word' id='word_1_205' title='bbox 2205 507 2295 558; x_wconf 87' lang='grc' dir='ltr'><strong>μεν</strong></span> <span class='ocrx_word' id='word_1_206' title='bbox 2344 491 2473 561; x_wconf 75' lang='grc' dir='ltr'>ὑμᾶς</span> <span class='ocrx_word' id='word_1_207' title='bbox 2524 489 2849 548; x_wconf 79' lang='grc' dir='ltr'><strong>ἐνδύσασθαι</strong></span> <span class='ocrx_word' id='word_1_208' title='bbox 2894 495 3178 568; x_wconf 83' lang='grc' dir='ltr'>σπλάγχνα</span> <span class='ocrx_word' id='word_1_209' title='bbox 3222 496 3493 573; x_wconf 77' lang='grc' dir='ltr'><strong>οἰκτιρμοῦ</strong></span> <span class='ocrx_word' id='word_1_210' title='bbox 3530 500 3662 569; x_wconf 86' lang='grc'><strong>(33),</strong></span> <span class='ocrx_word' id='word_1_211' title='bbox 3719 504 3811 552; x_wconf 79' lang='grc' dir='ltr'>καὶ</span> 
     </span>
    </p>
   </div>
   <div class='ocr_carea' id='block_1_35' title="bbox 2209 574 3810 654">
    <p class='ocr_par' dir='ltr' id='par_1_35' title="bbox 2209 574 3810 654">
     <span class='ocr_line' id='line_1_35' title="bbox 2209 574 3810 654; baseline 0.007 -28"><span class='ocrx_word' id='word_1_212' title='bbox 2209 574 2500 632; x_wconf 88' lang='grc' dir='ltr'>ἀποθέσθαι</span> <span class='ocrx_word' id='word_1_213' title='bbox 2528 585 2618 654; x_wconf 71' lang='grc' dir='ltr'>μὲν</span> <span class='ocrx_word' id='word_1_214' title='bbox 2672 587 2840 636; x_wconf 88' lang='grc' dir='ltr'>πάντα</span> <span class='ocrx_word' id='word_1_215' title='bbox 2892 587 3056 652; x_wconf 82' lang='grc' dir='ltr'>ὄκνον,</span> <span class='ocrx_word' id='word_1_216' title='bbox 3111 584 3378 638; x_wconf 82' lang='grc' dir='ltr'>ἀναλαϐεῖν</span> <span class='ocrx_word' id='word_1_217' title='bbox 3423 585 3482 640; x_wconf 72' lang='grc' dir='ltr'>δὲ</span> <span class='ocrx_word' id='word_1_218' title='bbox 3527 606 3614 640; x_wconf 89' lang='grc' dir='ltr'><strong>τον</strong></span> <span class='ocrx_word' id='word_1_219' title='bbox 3649 591 3810 641; x_wconf 88' lang='grc' dir='ltr'>κόπον</span> 
     </span>
    </p>
   </div>
   <div class='ocr_carea' id='block_1_36' title="bbox 2207 660 3807 748">
    <p class='ocr_par' dir='ltr' id='par_1_36' title="bbox 2207 660 3807 748">
     <span class='ocr_line' id='line_1_36' title="bbox 2207 660 3807 748; baseline 0.008 -32"><span class='ocrx_word' id='word_1_220' title='bbox 2207 672 2301 726; x_wconf 82' lang='grc' dir='ltr'>τῆς</span> <span class='ocrx_word' id='word_1_221' title='bbox 2352 665 2584 739; x_wconf 87' lang='grc' dir='ltr'>ἀγάπης·</span> <span class='ocrx_word' id='word_1_222' title='bbox 2620 677 2710 724; x_wconf 82' lang='grc' dir='ltr'>καὶ</span> <span class='ocrx_word' id='word_1_223' title='bbox 2767 679 2899 746; x_wconf 87' lang='grc' dir='ltr'>μήτε</span> <span class='ocrx_word' id='word_1_224' title='bbox 2949 671 3078 727; x_wconf 79' lang='grc' dir='ltr'>ὁδοῦ</span> <span class='ocrx_word' id='word_1_225' title='bbox 3134 683 3321 747; x_wconf 80' lang='grc' dir='ltr'>μήκος,</span> <span class='ocrx_word' id='word_1_226' title='bbox 3383 682 3516 748; x_wconf 89' lang='grc' dir='ltr'>μήτε</span> <span class='ocrx_word' id='word_1_227' title='bbox 3566 679 3657 738; x_wconf 81' lang='grc' dir='ltr'><strong>τάς</strong></span> <span class='ocrx_word' id='word_1_228' title='bbox 3695 660 3807 729; x_wconf 65' lang='grc' dir='ltr'>κατ’</span> 
     </span>
    </p>
   </div>
   <div class='ocr_carea' id='block_1_37' title="bbox 2209 751 3807 840">
    <p class='ocr_par' dir='ltr' id='par_1_37' title="bbox 2209 751 3807 840">
     <span class='ocr_line' id='line_1_37' title="bbox 2209 751 3807 840; baseline 0.008 -35"><span class='ocrx_word' id='word_1_229' title='bbox 2209 751 2346 807; x_wconf 85' lang='grc' dir='ltr'>οἷκον</span> <span class='ocrx_word' id='word_1_230' title='bbox 2404 755 2686 832; x_wconf 79' lang='grc' dir='ltr'>ἀσχολίας,</span> <span class='ocrx_word' id='word_1_231' title='bbox 2732 763 2842 835; x_wconf 78' lang='grc'><strong>(34)</strong></span> <span class='ocrx_word' id='word_1_232' title='bbox 2882 764 3004 836; x_wconf 86' lang='grc' dir='ltr'>μήτ’</span> <span class='ocrx_word' id='word_1_233' title='bbox 3045 764 3166 817; x_wconf 74' lang='grc' dir='ltr'>ἄλλο</span> <span class='ocrx_word' id='word_1_234' title='bbox 3225 784 3277 816; x_wconf 88' lang='grc' dir='ltr'><strong>τι</strong></span> <span class='ocrx_word' id='word_1_235' title='bbox 3325 773 3422 817; x_wconf 85' lang='grc' dir='ltr'><strong>τῶν</strong></span> <span class='ocrx_word' id='word_1_236' title='bbox 3470 764 3807 840; x_wconf 77' lang='grc' dir='ltr'><strong>ἀνθρωπίνων</strong></span> 
     </span>
    </p>
   </div>
   <div class='ocr_carea' id='block_1_38' title="bbox 2208 843 2654 917">
    <p class='ocr_par' dir='ltr' id='par_1_38' title="bbox 2208 843 2654 917">
     <span class='ocr_line' id='line_1_38' title="bbox 2208 843 2654 917; baseline 0.02 -23"><span class='ocrx_word' id='word_1_237' title='bbox 2208 843 2654 917; x_wconf 72' lang='grc' dir='ltr'>ὑπολογίσασθαι.</span> 
     </span>
    </p>
   </div>
   <div class='ocr_carea' id='block_1_39' title="bbox 2279 970 3810 1050">
    <p class='ocr_par' dir='ltr' id='par_1_39' title="bbox 2279 970 3810 1050">
     <span class='ocr_line' id='line_1_39' title="bbox 2279 970 3810 1050; baseline 0.007 -29"><span class='ocrx_word' id='word_1_238' title='bbox 2279 970 2332 1022; x_wconf 77' lang='grc'><strong>2.</strong></span> <span class='ocrx_word' id='word_1_239' title='bbox 2393 971 2468 1022; x_wconf 66' lang='grc' dir='ltr'><strong>Οὐ</strong></span> <span class='ocrx_word' id='word_1_240' title='bbox 2516 975 2618 1046; x_wconf 83' lang='grc' dir='ltr'><strong>γὰρ</strong></span> <span class='ocrx_word' id='word_1_241' title='bbox 2658 980 2774 1049; x_wconf 86' lang='grc' dir='ltr'>περὶ</span> <span class='ocrx_word' id='word_1_242' title='bbox 2817 982 2944 1049; x_wconf 78' lang='grc' dir='ltr'>μιᾶς</span> <span class='ocrx_word' id='word_1_243' title='bbox 2972 976 3280 1041; x_wconf 86' lang='grc' dir='ltr'>Ἐκκλησίας</span> <span class='ocrx_word' id='word_1_244' title='bbox 3326 980 3352 1031; x_wconf 88' lang='grc' dir='ltr'><strong>ό</strong></span> <span class='ocrx_word' id='word_1_245' title='bbox 3383 975 3639 1050; x_wconf 84' lang='grc' dir='ltr'>κίνδυνος,</span> <span class='ocrx_word' id='word_1_246' title='bbox 3685 977 3810 1032; x_wconf 65' lang='grc' dir='ltr'>οὐδὲ</span> 
     </span>
    </p>
   </div>
   <div class='ocr_carea' id='block_1_40' title="bbox 2212 1051 3809 1142">
    <p class='ocr_par' dir='ltr' id='par_1_40' title="bbox 2212 1051 3809 1142">
     <span class='ocr_line' id='line_1_40' title="bbox 2212 1051 3809 1142; baseline 0.009 -35"><span class='ocrx_word' id='word_1_247' title='bbox 2212 1051 2309 1109; x_wconf 80' lang='grc' dir='ltr'>δύο</span> <span class='ocrx_word' id='word_1_248' title='bbox 2341 1058 2369 1116; x_wconf 81' lang='grc' dir='ltr'><strong>ή</strong></span> <span class='ocrx_word' id='word_1_249' title='bbox 2410 1069 2542 1133; x_wconf 89' lang='grc' dir='ltr'>τρεῖς</span> <span class='ocrx_word' id='word_1_250' title='bbox 2595 1065 2651 1114; x_wconf 86' lang='grc' dir='ltr'><strong>αί</strong></span> <span class='ocrx_word' id='word_1_251' title='bbox 2701 1073 2772 1135; x_wconf 77' lang='grc' dir='ltr'>τῷ</span> <span class='ocrx_word' id='word_1_252' title='bbox 2819 1065 3034 1136; x_wconf 84' lang='grc' dir='ltr'>χαλεπῲ</span> <span class='ocrx_word' id='word_1_253' title='bbox 3085 1071 3250 1139; x_wconf 77' lang='grc' dir='ltr'>τούτῷ</span> <span class='ocrx_word' id='word_1_254' title='bbox 3301 1077 3526 1141; x_wconf 84' lang='grc' dir='ltr'>χειμῶνι</span> <span class='ocrx_word' id='word_1_255' title='bbox 3569 1089 3809 1142; x_wconf 80' lang='grc' dir='ltr'>παραπε-</span> 
     </span>
    </p>
   </div>
   <div class='ocr_carea' id='block_1_41' title="bbox 2213 1150 3809 1233">
    <p class='ocr_par' dir='ltr' id='par_1_41' title="bbox 2213 1150 3809 1233">
     <span class='ocr_line' id='line_1_41' title="bbox 2213 1150 3809 1233; baseline 0.008 -35"><span class='ocrx_word' id='word_1_256' title='bbox 2213 1154 2404 1200; x_wconf 76' lang='grc' dir='ltr'>σοῦσαι</span> <span class='ocrx_word' id='word_1_257' title='bbox 2621 1150 2820 1224; x_wconf 78' lang='grc' dir='ltr'><strong>Σχεδὸν</strong></span> <span class='ocrx_word' id='word_1_258' title='bbox 2867 1158 2967 1229; x_wconf 82' lang='grc' dir='ltr'>γὰρ</span> <span class='ocrx_word' id='word_1_259' title='bbox 3019 1155 3118 1208; x_wconf 84' lang='grc' dir='ltr'>ἀπὸ</span> <span class='ocrx_word' id='word_1_260' title='bbox 3161 1165 3257 1208; x_wconf 86' lang='grc' dir='ltr'><strong>τῶν</strong></span> <span class='ocrx_word' id='word_1_261' title='bbox 3297 1160 3425 1232; x_wconf 82' lang='grc' dir='ltr'>ὅρων</span> <span class='ocrx_word' id='word_1_262' title='bbox 3456 1166 3547 1210; x_wconf 78' lang='grc' dir='ltr'>τοῦ</span> <span class='ocrx_word' id='word_1_263' title='bbox 3579 1158 3809 1233; x_wconf 80' lang='grc' dir='ltr'>Ἰλλυρι-</span> 
     </span>
    </p>
   </div>
   <div class='ocr_carea' id='block_1_42' title="bbox 2211 1239 3810 1321">
    <p class='ocr_par' dir='ltr' id='par_1_42' title="bbox 2211 1239 3810 1321">
     <span class='ocr_line' id='line_1_42' title="bbox 2211 1239 3810 1321; baseline 0.009 -35"><span class='ocrx_word' id='word_1_264' title='bbox 2211 1245 2304 1288; x_wconf 78' lang='grc' dir='ltr'><strong>κου</strong></span> <span class='ocrx_word' id='word_1_265' title='bbox 2360 1242 2524 1311; x_wconf 81' lang='grc' dir='ltr'>μέχρι</span> <span class='ocrx_word' id='word_1_266' title='bbox 2577 1239 2849 1305; x_wconf 82' lang='grc' dir='ltr'>Θηϐαίδος</span> <span class='ocrx_word' id='word_1_267' title='bbox 2894 1248 2952 1296; x_wconf 89' lang='grc' dir='ltr'>τὸ</span> <span class='ocrx_word' id='word_1_268' title='bbox 3009 1253 3102 1308; x_wconf 80' lang='grc' dir='ltr'>τῆς</span> <span class='ocrx_word' id='word_1_269' title='bbox 3142 1247 3383 1321; x_wconf 82' lang='grc' dir='ltr'>αἱρέσεως</span> <span class='ocrx_word' id='word_1_270' title='bbox 3429 1250 3588 1299; x_wconf 84' lang='grc' dir='ltr'>κακόν</span> <span class='ocrx_word' id='word_1_271' title='bbox 3643 1247 3810 1301; x_wconf 79' lang='grc' dir='ltr'>ἐπινέο</span> 
     </span>
    </p>
   </div>
   <div class='ocr_carea' id='block_1_43' title="bbox 2210 1329 3807 1412">
    <p class='ocr_par' dir='ltr' id='par_1_43' title="bbox 2210 1329 3807 1412">
     <span class='ocr_line' id='line_1_43' title="bbox 2210 1329 3807 1412; baseline 0.035 -43"><span class='ocrx_word' id='word_1_272' title='bbox 2210 1346 2382 1398; x_wconf 73' lang='grc' dir='ltr'>μεται,</span> <span class='ocrx_word' id='word_1_273' title='bbox 2430 1329 2521 1389; x_wconf 72' lang='grc' dir='ltr'><strong>ἸΙς</strong></span> <span class='ocrx_word' id='word_1_274' title='bbox 2576 1333 2642 1382; x_wconf 77' lang='grc' dir='ltr'>τὰ</span> <span class='ocrx_word' id='word_1_275' title='bbox 2710 1335 2912 1406; x_wconf 79' lang='grc' dir='ltr'>πονηρά</span> <span class='ocrx_word' id='word_1_276' title='bbox 2982 1338 3257 1410; x_wconf 77' lang='grc' dir='ltr'>σπέρματα</span> <span class='ocrx_word' id='word_1_277' title='bbox 3332 1340 3580 1412; x_wconf 65' lang='grc' dir='ltr'><strong>πρότερον</strong></span> <span class='ocrx_word' id='word_1_278' title='bbox 3629 1341 3722 1409; x_wconf 57' lang='grc' dir='ltr'><strong>μὲν</strong></span> <span class='ocrx_word' id='word_1_279' title='bbox 3782 1339 3807 1388; x_wconf 67' lang='grc' dir='ltr'><strong><em>ὁ</em></strong></span> 
     </span>
    </p>
   </div>
   <div class='ocr_carea' id='block_1_44' title="bbox 2213 1411 3811 1498">
    <p class='ocr_par' dir='ltr' id='par_1_44' title="bbox 2213 1411 3811 1498">
     <span class='ocr_line' id='line_1_44' title="bbox 2213 1411 3811 1498; baseline 0.008 -32"><span class='ocrx_word' id='word_1_280' title='bbox 2213 1411 2540 1489; x_wconf 83' lang='grc' dir='ltr'>δυσώνυμος.</span> <span class='ocrx_word' id='word_1_281' title='bbox 2603 1418 2803 1492; x_wconf 80' lang='grc' dir='ltr'>Ἀρειος</span> <span class='ocrx_word' id='word_1_282' title='bbox 2859 1422 3192 1475; x_wconf 84' lang='grc' dir='ltr'>κατεϐάλετο·</span> <span class='ocrx_word' id='word_1_283' title='bbox 3258 1425 3544 1498; x_wconf 78' lang='grc' dir='ltr'>ῥιζωθέντα</span> <span class='ocrx_word' id='word_1_284' title='bbox 3597 1422 3660 1478; x_wconf 62' lang='grc' dir='ltr'>δὲ</span> <span class='ocrx_word' id='word_1_285' title='bbox 3714 1421 3811 1478; x_wconf 73' lang='grc' dir='ltr'><strong>διὰ</strong></span> 
     </span>
    </p>
   </div>
   <div class='ocr_carea' id='block_1_45' title="bbox 2213 1501 3809 1585">
    <p class='ocr_par' dir='ltr' id='par_1_45' title="bbox 2213 1501 3809 1585">
     <span class='ocr_line' id='line_1_45' title="bbox 2213 1501 3809 1585; baseline 0.005 -30"><span class='ocrx_word' id='word_1_286' title='bbox 2213 1501 2414 1576; x_wconf 80' lang='grc' dir='ltr'>βάθους</span> <span class='ocrx_word' id='word_1_287' title='bbox 2459 1507 2559 1558; x_wconf 75' lang='grc' dir='ltr'>ὑπὸ</span> <span class='ocrx_word' id='word_1_288' title='bbox 2620 1508 2814 1560; x_wconf 91' lang='grc' dir='ltr'>πολλῶν</span> <span class='ocrx_word' id='word_1_289' title='bbox 2875 1519 2976 1562; x_wconf 88' lang='grc' dir='ltr'><strong>τῶν</strong></span> <span class='ocrx_word' id='word_1_290' title='bbox 3042 1509 3090 1562; x_wconf 84' lang='grc' dir='ltr'>ἐν</span> <span class='ocrx_word' id='word_1_291' title='bbox 3153 1516 3294 1585; x_wconf 77' lang='grc' dir='ltr'>μέσῳ</span> <span class='ocrx_word' id='word_1_292' title='bbox 3358 1512 3638 1585; x_wconf 72' lang='grc' dir='ltr'><strong>φιλοπόνως</strong></span> <span class='ocrx_word' id='word_1_293' title='bbox 3713 1518 3809 1570; x_wconf 75' lang='grc' dir='ltr'><strong>τήν</strong></span> 
     </span>
    </p>
   </div>
   <div class='ocr_carea' id='block_1_46' title="bbox 2214 1592 3811 1677">
    <p class='ocr_par' dir='ltr' id='par_1_46' title="bbox 2214 1592 3811 1677">
     <span class='ocr_line' id='line_1_46' title="bbox 2214 1592 3811 1677; baseline 0.005 -32"><span class='ocrx_word' id='word_1_294' title='bbox 2214 1592 2451 1647; x_wconf 81' lang='grc' dir='ltr'>ἀσέϐειαν</span> <span class='ocrx_word' id='word_1_295' title='bbox 2503 1600 2925 1671; x_wconf 82' lang='grc' dir='ltr'>γεωργησάντων,</span> <span class='ocrx_word' id='word_1_296' title='bbox 2981 1608 3069 1652; x_wconf 76' lang='grc' dir='ltr'>νῦν</span> <span class='ocrx_word' id='word_1_297' title='bbox 3121 1605 3241 1662; x_wconf 75' lang='grc' dir='ltr'>τοὺς</span> <span class='ocrx_word' id='word_1_298' title='bbox 3294 1604 3637 1677; x_wconf 67' lang='grc' dir='ltr'>φθοροποιούς</span> <span class='ocrx_word' id='word_1_299' title='bbox 3675 1620 3811 1676; x_wconf 86' lang='grc' dir='ltr'>καρ-</span> 
     </span>
    </p>
   </div>
   <div class='ocr_carea' id='block_1_47' title="bbox 2212 1683 3810 1766">
    <p class='ocr_par' dir='ltr' id='par_1_47' title="bbox 2212 1683 3810 1766">
     <span class='ocr_line' id='line_1_47' title="bbox 2212 1683 3810 1766; baseline 0.005 -31"><span class='ocrx_word' id='word_1_300' title='bbox 2212 1688 2342 1746; x_wconf 75' lang='grc' dir='ltr'>ποὺς</span> <span class='ocrx_word' id='word_1_301' title='bbox 2393 1683 2761 1747; x_wconf 64' lang='grc' dir='ltr'>ἐξεϐλάστησεν</span> <span class='ocrx_word' id='word_1_302' title='bbox 2804 1690 2940 1760; x_wconf 87' lang='grc'><strong>(36).</strong></span> <span class='ocrx_word' id='word_1_303' title='bbox 3001 1689 3408 1766; x_wconf 80' lang='grc' dir='ltr'>Ἀνατέτραπται</span> <span class='ocrx_word' id='word_1_304' title='bbox 3453 1695 3542 1766; x_wconf 72' lang='grc' dir='ltr'><strong>μεν</strong></span> <span class='ocrx_word' id='word_1_305' title='bbox 3598 1695 3702 1766; x_wconf 77' lang='grc' dir='ltr'>γὰρ</span> <span class='ocrx_word' id='word_1_306' title='bbox 3742 1695 3810 1743; x_wconf 90' lang='grc' dir='ltr'><strong>τά</strong></span> 
     </span>
    </p>
   </div>
   <div class='ocr_carea' id='block_1_48' title="bbox 2215 1773 3810 1852">
    <p class='ocr_par' dir='ltr' id='par_1_48' title="bbox 2215 1773 3810 1852">
     <span class='ocr_line' id='line_1_48' title="bbox 2215 1773 3810 1852; baseline 0.005 -28"><span class='ocrx_word' id='word_1_307' title='bbox 2215 1782 2304 1834; x_wconf 75' lang='grc' dir='ltr'>τῆς</span> <span class='ocrx_word' id='word_1_308' title='bbox 2352 1773 2611 1838; x_wconf 69' lang='grc' dir='ltr'>εὐσεϐείας</span> <span class='ocrx_word' id='word_1_309' title='bbox 2658 1773 2920 1850; x_wconf 75' lang='grc' dir='ltr'><strong>δόγματα,</strong></span> <span class='ocrx_word' id='word_1_310' title='bbox 2977 1785 3330 1852; x_wconf 81' lang='grc' dir='ltr'>συγκέχυνται</span> <span class='ocrx_word' id='word_1_311' title='bbox 3389 1777 3449 1834; x_wconf 73' lang='grc' dir='ltr'>δὲ</span> <span class='ocrx_word' id='word_1_312' title='bbox 3497 1781 3810 1841; x_wconf 84' lang='grc' dir='ltr'>Ἐκκλησίας</span> 
     </span>
    </p>
   </div>
   <div class='ocr_carea' id='block_1_49' title="bbox 2215 1863 3810 1942">
    <p class='ocr_par' dir='ltr' id='par_1_49' title="bbox 2215 1863 3810 1942">
     <span class='ocr_line' id='line_1_49' title="bbox 2215 1863 3810 1942; baseline 0.004 -29"><span class='ocrx_word' id='word_1_313' title='bbox 2215 1863 2417 1935; x_wconf 88' lang='grc' dir='ltr'>θεσμοί.</span> <span class='ocrx_word' id='word_1_314' title='bbox 2445 1863 2751 1940; x_wconf 37' lang='grc' dir='ltr'>,Φιλαρχίαι</span> <span class='ocrx_word' id='word_1_315' title='bbox 2804 1863 2864 1919; x_wconf 73' lang='grc' dir='ltr'><strong>δε</strong></span> <span class='ocrx_word' id='word_1_316' title='bbox 2909 1876 3006 1920; x_wconf 87' lang='grc' dir='ltr'><strong>τῶν</strong></span> <span class='ocrx_word' id='word_1_317' title='bbox 3037 1873 3108 1940; x_wconf 83' lang='grc' dir='ltr'>μὴ</span> <span class='ocrx_word' id='word_1_318' title='bbox 3151 1868 3473 1942; x_wconf 78' lang='grc' dir='ltr'>φοϐουμένων</span> <span class='ocrx_word' id='word_1_319' title='bbox 3503 1873 3589 1922; x_wconf 82' lang='grc' dir='ltr'>τὸν</span> <span class='ocrx_word' id='word_1_320' title='bbox 3616 1872 3810 1942; x_wconf 73' lang='grc' dir='ltr'>Κύριον</span> 
     </span>
    </p>
   </div>
   <div class='ocr_carea' id='block_1_50' title="bbox 2208 1953 3809 2035">
    <p class='ocr_par' dir='ltr' id='par_1_50' title="bbox 2208 1953 3809 2035">
     <span class='ocr_line' id='line_1_50' title="bbox 2208 1953 3809 2035; baseline 0.005 -33"><span class='ocrx_word' id='word_1_321' title='bbox 2208 1959 2321 2013; x_wconf 87' lang='grc' dir='ltr'>ταῖς</span> <span class='ocrx_word' id='word_1_322' title='bbox 2369 1959 2722 2024; x_wconf 87' lang='grc' dir='ltr'>προστασίαις</span> <span class='ocrx_word' id='word_1_323' title='bbox 2763 1953 3101 2014; x_wconf 74' lang='grc' dir='ltr'><strong>ἐπιπηδῶσι·</strong></span> <span class='ocrx_word' id='word_1_324' title='bbox 3161 1961 3246 2010; x_wconf 78' lang='grc' dir='ltr'><strong>καὶ</strong></span> <span class='ocrx_word' id='word_1_325' title='bbox 3283 1956 3338 2011; x_wconf 79' lang='grc' dir='ltr'>ἔκ</span> <span class='ocrx_word' id='word_1_326' title='bbox 3385 1967 3476 2012; x_wconf 76' lang='grc' dir='ltr'>τοῦ</span> <span class='ocrx_word' id='word_1_327' title='bbox 3516 1967 3809 2035; x_wconf 60' lang='grc' dir='ltr'>προφανοῦς</span> 
     </span>
    </p>
   </div>
   <div class='ocr_carea' id='block_1_51' title="bbox 2207 2036 3810 2122">
    <p class='ocr_par' dir='ltr' id='par_1_51' title="bbox 2207 2036 3810 2122">
     <span class='ocr_line' id='line_1_51' title="bbox 2207 2036 3810 2122; baseline 0.007 -31"><span class='ocrx_word' id='word_1_328' title='bbox 2207 2039 2386 2093; x_wconf 87' lang='grc' dir='ltr'>λοιπὸν</span> <span class='ocrx_word' id='word_1_329' title='bbox 2418 2036 2568 2094; x_wconf 82' lang='grc' dir='ltr'>ἆθλον</span> <span class='ocrx_word' id='word_1_330' title='bbox 2614 2040 2922 2106; x_wconf 87' lang='grc' dir='ltr'>δυσσεϐείας</span> <span class='ocrx_word' id='word_1_331' title='bbox 2961 2048 2991 2104; x_wconf 82' lang='grc' dir='ltr'>ἡ</span> <span class='ocrx_word' id='word_1_332' title='bbox 3033 2043 3290 2122; x_wconf 75' lang='grc' dir='ltr'>προεδρία</span> <span class='ocrx_word' id='word_1_333' title='bbox 3328 2053 3599 2122; x_wconf 86' lang='grc' dir='ltr'>πρόκειται</span> <span class='ocrx_word' id='word_1_334' title='bbox 3627 2070 3640 2082; x_wconf 76' lang='grc' dir='ltr'><strong><em>ο</em></strong></span> <span class='ocrx_word' id='word_1_335' title='bbox 3674 2051 3810 2102; x_wconf 81' lang='grc' dir='ltr'>ὥστε</span> 
     </span>
    </p>
   </div>
   <div class='ocr_carea' id='block_1_52' title="bbox 2210 2130 3810 2209">
    <p class='ocr_par' dir='ltr' id='par_1_52' title="bbox 2210 2130 3810 2209">
     <span class='ocr_line' id='line_1_52' title="bbox 2210 2130 3810 2209; baseline 0.008 -29"><span class='ocrx_word' id='word_1_336' title='bbox 2210 2131 2234 2180; x_wconf 83' lang='grc' dir='ltr'><strong>ό</strong></span> <span class='ocrx_word' id='word_1_337' title='bbox 2292 2133 2358 2182; x_wconf 85' lang='grc' dir='ltr'><strong>τὰ</strong></span> <span class='ocrx_word' id='word_1_338' title='bbox 2403 2130 2748 2208; x_wconf 77' lang='grc' dir='ltr'>χαλεπώτερα</span> <span class='ocrx_word' id='word_1_339' title='bbox 2800 2133 3196 2209; x_wconf 66' lang='grc' dir='ltr'>βλασφημήσας</span> <span class='ocrx_word' id='word_1_340' title='bbox 3248 2137 3319 2198; x_wconf 83' lang='grc' dir='ltr'><strong>εἰς</strong></span> <span class='ocrx_word' id='word_1_341' title='bbox 3377 2137 3661 2197; x_wconf 70' lang='grc' dir='ltr'>ἐπισκοπὴν</span> <span class='ocrx_word' id='word_1_342' title='bbox 3693 2138 3810 2209; x_wconf 83' lang='lat'><strong>(3&#39;7)</strong></span> 
     </span>
    </p>
   </div>
   <div class='ocr_carea' id='block_1_53' title="bbox 2208 2218 3814 2300">
    <p class='ocr_par' dir='ltr' id='par_1_53' title="bbox 2208 2218 3814 2300">
     <span class='ocr_line' id='line_1_53' title="bbox 2208 2218 3814 2300; baseline 0.005 -30"><span class='ocrx_word' id='word_1_343' title='bbox 2208 2218 2334 2271; x_wconf 77' lang='grc' dir='ltr'>λαοῦ</span> <span class='ocrx_word' id='word_1_344' title='bbox 2390 2225 2780 2298; x_wconf 87' lang='grc' dir='ltr'>προτιμότερος.</span> <span class='ocrx_word' id='word_1_345' title='bbox 2837 2227 3060 2296; x_wconf 86' lang='grc' dir='ltr'>Οῖχεται</span> <span class='ocrx_word' id='word_1_346' title='bbox 3102 2231 3348 2299; x_wconf 82' lang='grc' dir='ltr'>σεμνότης</span> <span class='ocrx_word' id='word_1_347' title='bbox 3394 2230 3658 2300; x_wconf 88' lang='grc' dir='ltr'>ίερατική·</span> <span class='ocrx_word' id='word_1_348' title='bbox 3702 2225 3814 2279; x_wconf 73' lang='grc' dir='ltr'>ἐπι-</span> 
     </span>
    </p>
   </div>
   <div class='ocr_carea' id='block_1_54' title="bbox 2208 2307 3809 2390">
    <p class='ocr_par' dir='ltr' id='par_1_54' title="bbox 2208 2307 3809 2390">
     <span class='ocr_line' id='line_1_54' title="bbox 2208 2307 3809 2390; baseline 0.004 -30"><span class='ocrx_word' id='word_1_349' title='bbox 2208 2307 2505 2361; x_wconf 86' lang='grc' dir='ltr'>λελοίπασιν</span> <span class='ocrx_word' id='word_1_350' title='bbox 2553 2313 2602 2363; x_wconf 89' lang='grc' dir='ltr'>οἱ</span> <span class='ocrx_word' id='word_1_351' title='bbox 2653 2318 3007 2385; x_wconf 86' lang='grc' dir='ltr'>ποιμαίνοντες</span> <span class='ocrx_word' id='word_1_352' title='bbox 3052 2314 3162 2386; x_wconf 86' lang='grc' dir='ltr'>μετ’</span> <span class='ocrx_word' id='word_1_353' title='bbox 3212 2314 3510 2389; x_wconf 69' lang='grc' dir='ltr'>ἐπιστήμης</span> <span class='ocrx_word' id='word_1_354' title='bbox 3566 2321 3809 2390; x_wconf 86' lang='grc' dir='ltr'>ποίμνιον</span> 
     </span>
    </p>
   </div>
   <div class='ocr_carea' id='block_1_55' title="bbox 2208 2400 3811 2476">
    <p class='ocr_par' dir='ltr' id='par_1_55' title="bbox 2208 2400 3811 2476">
     <span class='ocr_line' id='line_1_55' title="bbox 2208 2400 3811 2476; baseline 0.004 -27"><span class='ocrx_word' id='word_1_355' title='bbox 2208 2406 2298 2450; x_wconf 73' lang='grc' dir='ltr'><strong>του</strong></span> <span class='ocrx_word' id='word_1_356' title='bbox 2358 2403 2590 2473; x_wconf 77' lang='grc' dir='ltr'>Κυρίουο</span> <span class='ocrx_word' id='word_1_357' title='bbox 2641 2400 2941 2474; x_wconf 83' lang='grc' dir='ltr'>οἰκονομίας</span> <span class='ocrx_word' id='word_1_358' title='bbox 2994 2412 3223 2476; x_wconf 78' lang='grc' dir='ltr'>πτωχῶν</span> <span class='ocrx_word' id='word_1_359' title='bbox 3277 2405 3344 2466; x_wconf 87' lang='grc' dir='ltr'><strong>εἰς</strong></span> <span class='ocrx_word' id='word_1_360' title='bbox 3396 2403 3534 2466; x_wconf 82' lang='grc' dir='ltr'>ἰδίας</span> <span class='ocrx_word' id='word_1_361' title='bbox 3575 2403 3811 2458; x_wconf 74' lang='grc' dir='ltr'>ἀπολαύ-</span> 
     </span>
    </p>
   </div>
   <div class='ocr_carea' id='block_1_56' title="bbox 2213 2485 3813 2582">
    <p class='ocr_par' dir='ltr' id='par_1_56' title="bbox 2213 2485 3813 2582">
     <span class='ocr_line' id='line_1_56' title="bbox 2213 2485 3813 2582; baseline 0.008 -44"><span class='ocrx_word' id='word_1_362' title='bbox 2213 2505 2320 2547; x_wconf 88' lang='grc' dir='ltr'>σεις</span> <span class='ocrx_word' id='word_1_363' title='bbox 2367 2491 2452 2539; x_wconf 77' lang='grc' dir='ltr'>καὶ</span> <span class='ocrx_word' id='word_1_364' title='bbox 2505 2485 2685 2563; x_wconf 88' lang='grc' dir='ltr'>δώρων</span> <span class='ocrx_word' id='word_1_365' title='bbox 2735 2487 2989 2564; x_wconf 75' lang='grc' dir='ltr'>διανομὰς</span> <span class='ocrx_word' id='word_1_366' title='bbox 3040 2493 3530 2566; x_wconf 86' lang='grc' dir='ltr'>παραναλισκόντων</span> <span class='ocrx_word' id='word_1_367' title='bbox 3587 2492 3669 2546; x_wconf 82' lang='grc' dir='ltr'>ἀεὶ</span> <span class='ocrx_word' id='word_1_368' title='bbox 3696 2495 3813 2582; x_wconf 73' lang='grc'><strong>(38)</strong></span> 
     </span>
    </p>
   </div>
   <div class='ocr_carea' id='block_1_57' title="bbox 2209 2576 3808 2660">
    <p class='ocr_par' dir='ltr' id='par_1_57' title="bbox 2209 2576 3808 2660">
     <span class='ocr_line' id='line_1_57' title="bbox 2209 2576 3808 2660; baseline 0.004 -32"><span class='ocrx_word' id='word_1_369' title='bbox 2209 2584 2308 2628; x_wconf 85' lang='grc' dir='ltr'><strong>τῶν</strong></span> <span class='ocrx_word' id='word_1_370' title='bbox 2376 2576 2785 2650; x_wconf 76' lang='grc' dir='ltr'>φιλαρχούντων.</span> <span class='ocrx_word' id='word_1_371' title='bbox 2855 2582 3190 2656; x_wconf 76' lang='grc' dir='ltr'>ἰῐμαύρωται</span> <span class='ocrx_word' id='word_1_372' title='bbox 3236 2589 3459 2636; x_wconf 87' lang='grc' dir='ltr'>κανόνων</span> <span class='ocrx_word' id='word_1_373' title='bbox 3525 2576 3808 2660; x_wconf 68' lang='grc' dir='ltr'>ἀκρίϐειαί</span> 
     </span>
    </p>
   </div>
   <div class='ocr_carea' id='block_1_58' title="bbox 2211 2663 3810 2748">
    <p class='ocr_par' dir='ltr' id='par_1_58' title="bbox 2211 2663 3810 2748">
     <span class='ocr_line' id='line_1_58' title="bbox 2211 2663 3810 2748; baseline 0.007 -34"><span class='ocrx_word' id='word_1_374' title='bbox 2211 2663 2424 2726; x_wconf 80' lang='grc' dir='ltr'>ἐξουσία</span> <span class='ocrx_word' id='word_1_375' title='bbox 2450 2674 2540 2718; x_wconf 79' lang='grc' dir='ltr'>τοῦ</span> <span class='ocrx_word' id='word_1_376' title='bbox 2571 2668 2880 2742; x_wconf 77' lang='grc' dir='ltr'>ἁμαρτάνειν</span> <span class='ocrx_word' id='word_1_377' title='bbox 2910 2669 3093 2729; x_wconf 86' lang='grc' dir='ltr'>πολλή.</span> <span class='ocrx_word' id='word_1_378' title='bbox 3153 2674 3219 2724; x_wconf 85' lang='grc' dir='ltr'><strong>Οἱ</strong></span> <span class='ocrx_word' id='word_1_379' title='bbox 3269 2674 3368 2748; x_wconf 79' lang='grc' dir='ltr'><strong>γὰρ</strong></span> <span class='ocrx_word' id='word_1_380' title='bbox 3425 2668 3519 2724; x_wconf 83' lang='grc' dir='ltr'>διὰ</span> <span class='ocrx_word' id='word_1_381' title='bbox 3569 2669 3810 2732; x_wconf 75' lang='grc' dir='ltr'>σπουδῆς</span> 
     </span>
    </p>
   </div>
   <div class='ocr_carea' id='block_1_59' title="bbox 2211 2751 3809 2835">
    <p class='ocr_par' dir='ltr' id='par_1_59' title="bbox 2211 2751 3809 2835">
     <span class='ocr_line' id='line_1_59' title="bbox 2211 2751 3809 2835; baseline 0.006 -32"><span class='ocrx_word' id='word_1_382' title='bbox 2211 2751 2533 2826; x_wconf 81' lang='grc' dir='ltr'>ἀνθρωπίνης</span> <span class='ocrx_word' id='word_1_383' title='bbox 2564 2757 2672 2826; x_wconf 84' lang='grc'><strong>(39)</strong></span> <span class='ocrx_word' id='word_1_384' title='bbox 2713 2756 3050 2830; x_wconf 81' lang='grc' dir='ltr'>παρελθόντες</span> <span class='ocrx_word' id='word_1_385' title='bbox 3087 2757 3171 2812; x_wconf 81' lang='grc' dir='ltr'><strong>ἐπὶ</strong></span> <span class='ocrx_word' id='word_1_386' title='bbox 3220 2764 3277 2813; x_wconf 88' lang='grc' dir='ltr'>τὸ</span> <span class='ocrx_word' id='word_1_387' title='bbox 3335 2763 3521 2835; x_wconf 79' lang='grc' dir='ltr'>ἄρχειν</span> <span class='ocrx_word' id='word_1_388' title='bbox 3565 2763 3613 2813; x_wconf 73' lang='grc' dir='ltr'>ἓν</span> <span class='ocrx_word' id='word_1_389' title='bbox 3664 2761 3809 2832; x_wconf 63' lang='grc' dir='ltr'>αὐτῷ</span> 
     </span>
    </p>
   </div>
   <div class='ocr_carea' id='block_1_60' title="bbox 2208 2842 3812 2924">
    <p class='ocr_par' dir='ltr' id='par_1_60' title="bbox 2208 2842 3812 2924">
     <span class='ocr_line' id='line_1_60' title="bbox 2208 2842 3812 2924; baseline 0.006 -30"><span class='ocrx_word' id='word_1_390' title='bbox 2208 2844 2374 2914; x_wconf 75' lang='grc' dir='ltr'>τούτῳ</span> <span class='ocrx_word' id='word_1_391' title='bbox 2414 2852 2504 2904; x_wconf 82' lang='grc' dir='ltr'>τῆς</span> <span class='ocrx_word' id='word_1_392' title='bbox 2558 2842 2794 2907; x_wconf 84' lang='grc' dir='ltr'>σπουδῆς</span> <span class='ocrx_word' id='word_1_393' title='bbox 2839 2851 2933 2906; x_wconf 73' lang='grc' dir='ltr'><strong>τήν</strong></span> <span class='ocrx_word' id='word_1_394' title='bbox 2988 2849 3151 2923; x_wconf 79' lang='grc' dir='ltr'>χάριν</span> <span class='ocrx_word' id='word_1_395' title='bbox 3203 2848 3674 2924; x_wconf 78' lang='grc' dir='ltr'>ἀνταναπληροῡσι,</span> <span class='ocrx_word' id='word_1_396' title='bbox 3735 2858 3812 2922; x_wconf 72' lang='grc' dir='ltr'>τῷ</span> 
     </span>
    </p>
   </div>
   <div class='ocr_carea' id='block_1_61' title="bbox 2208 2931 3807 3015">
    <p class='ocr_par' dir='ltr' id='par_1_61' title="bbox 2208 2931 3807 3015">
     <span class='ocr_line' id='line_1_61' title="bbox 2208 2931 3807 3015; baseline 0.006 -31"><span class='ocrx_word' id='word_1_397' title='bbox 2208 2933 2377 2984; x_wconf 86' lang='grc' dir='ltr'>πάντα</span> <span class='ocrx_word' id='word_1_398' title='bbox 2411 2936 2536 3008; x_wconf 85' lang='grc' dir='ltr'>πρὸς</span> <span class='ocrx_word' id='word_1_399' title='bbox 2585 2931 2779 2994; x_wconf 67' lang='grc' dir='ltr'>ἡδονήν</span> <span class='ocrx_word' id='word_1_400' title='bbox 2811 2933 3077 2990; x_wconf 77' lang='grc' dir='ltr'>ἐνδιδόναι</span> <span class='ocrx_word' id='word_1_401' title='bbox 3113 2940 3223 3007; x_wconf 79' lang='grc'><strong>(40)</strong></span> <span class='ocrx_word' id='word_1_402' title='bbox 3252 2948 3362 3001; x_wconf 91' lang='grc' dir='ltr'>τοῖς</span> <span class='ocrx_word' id='word_1_403' title='bbox 3395 2939 3807 3015; x_wconf 80' lang='grc' dir='ltr'>ἁμαρτάνουσιν.</span> 
     </span>
    </p>
   </div>
   <div class='ocr_carea' id='block_1_62' title="bbox 2209 3020 3813 3102">
    <p class='ocr_par' dir='ltr' id='par_1_62' title="bbox 2209 3020 3813 3102">
     <span class='ocr_line' id='line_1_62' title="bbox 2209 3020 3813 3102; baseline 0.005 -30"><span class='ocrx_word' id='word_1_404' title='bbox 2209 3020 2468 3074; x_wconf 84' lang='grc' dir='ltr'>Ἀπόλωλε</span> <span class='ocrx_word' id='word_1_405' title='bbox 2515 3031 2680 3096; x_wconf 80' lang='grc' dir='ltr'>κρῖμα</span> <span class='ocrx_word' id='word_1_406' title='bbox 2724 3021 2959 3078; x_wconf 86' lang='grc' dir='ltr'>δίκαιον·</span> <span class='ocrx_word' id='word_1_407' title='bbox 3010 3034 3113 3090; x_wconf 80' lang='grc' dir='ltr'>πᾶς</span> <span class='ocrx_word' id='word_1_408' title='bbox 3159 3047 3239 3092; x_wconf 88' lang='grc' dir='ltr'><strong>τις</strong></span> <span class='ocrx_word' id='word_1_409' title='bbox 3291 3037 3364 3101; x_wconf 78' lang='grc' dir='ltr'>τῷ</span> <span class='ocrx_word' id='word_1_410' title='bbox 3423 3028 3673 3102; x_wconf 76' lang='grc' dir='ltr'>θελήματι</span> <span class='ocrx_word' id='word_1_411' title='bbox 3711 3037 3813 3090; x_wconf 75' lang='grc' dir='ltr'>τῆς</span> 
     </span>
    </p>
   </div>
   <div class='ocr_carea' id='block_1_63' title="bbox 440 3106 2099 3198">
    <p class='ocr_par' dir='ltr' id='par_1_63' title="bbox 440 3106 2096 3198">
     <span class='ocr_line' id='line_1_63' title="bbox 440 3106 2096 3198; baseline 0.006 -26"><span class='ocrx_word' id='word_1_412' title='bbox 440 3114 684 3174; x_wconf 88' lang='lat' dir='ltr'><strong>dicendi</strong></span> <span class='ocrx_word' id='word_1_413' title='bbox 705 3119 970 3178; x_wconf 89' lang='lat' dir='ltr'><strong>libertas.</strong></span> <span class='ocrx_word' id='word_1_414' title='bbox 997 3120 1167 3194; x_wconf 76' lang='lat'><strong>185</strong></span> <span class='ocrx_word' id='word_1_415' title='bbox 1192 3122 1356 3178; x_wconf 89' lang='lat' dir='ltr'><strong>Servi</strong></span> <span class='ocrx_word' id='word_1_416' title='bbox 1377 3123 1534 3179; x_wconf 89' lang='lat' dir='ltr'><strong>enim</strong></span> <span class='ocrx_word' id='word_1_417' title='bbox 1559 3106 1790 3192; x_wconf 82' lang='lat' dir='ltr'><strong>eorum,</strong></span> <span class='ocrx_word' id='word_1_418' title='bbox 1817 3106 2096 3198; x_wconf 80' lang='lat' dir='ltr'><strong>aquibus</strong></span> 
     </span>
    </p>
   </div>
   <div class='ocr_carea' id='block_1_64' title="bbox 2218 3106 3810 3198">
    <p class='ocr_par' dir='ltr' id='par_1_64' title="bbox 2218 3106 3810 3192">
     <span class='ocr_line' id='line_1_64' title="bbox 2218 3106 3810 3192; baseline 0.004 -30"><span class='ocrx_word' id='word_1_419' title='bbox 2218 3106 2432 3184; x_wconf 68' lang='grc' dir='ltr'>καρδίας</span> <span class='ocrx_word' id='word_1_420' title='bbox 2497 3112 2658 3165; x_wconf 70' lang='grc' dir='ltr'>αὐτοῦ</span> <span class='ocrx_word' id='word_1_421' title='bbox 2725 3118 3020 3188; x_wconf 73' lang='grc' dir='ltr'>πορεύεται.</span> <span class='ocrx_word' id='word_1_422' title='bbox 3072 3116 3130 3169; x_wconf 84' lang='grc' dir='ltr'><strong>Ὀ</strong></span> <span class='ocrx_word' id='word_1_423' title='bbox 3181 3122 3406 3191; x_wconf 82' lang='grc' dir='ltr'>πονηρία</span> <span class='ocrx_word' id='word_1_424' title='bbox 3452 3120 3706 3192; x_wconf 74' lang='grc' dir='ltr'>ἄμετρος,</span> <span class='ocrx_word' id='word_1_425' title='bbox 3757 3119 3810 3168; x_wconf 86' lang='grc' dir='ltr'><strong>οί</strong></span> 
     </span>
    </p>
   </div>
   <div class='ocr_carea' id='block_1_65' title="bbox 441 3207 2098 3288">
    <p class='ocr_par' dir='ltr' id='par_1_65' title="bbox 441 3207 2098 3288">
     <span class='ocr_line' id='line_1_65' title="bbox 441 3207 2098 3288; baseline 0.005 -26"><span class='ocrx_word' id='word_1_426' title='bbox 441 3207 731 3264; x_wconf 89' lang='lat' dir='ltr'><strong>collatum</strong></span> <span class='ocrx_word' id='word_1_427' title='bbox 756 3208 1142 3280; x_wconf 74' lang='lat' dir='ltr'><strong>beneficium,</strong></span> <span class='ocrx_word' id='word_1_428' title='bbox 1167 3212 1272 3283; x_wconf 92' lang='lat' dir='ltr'><strong>qui</strong></span> <span class='ocrx_word' id='word_1_429' title='bbox 1291 3212 1609 3270; x_wconf 90' lang='lat' dir='ltr'><strong>hominum</strong></span> <span class='ocrx_word' id='word_1_430' title='bbox 1633 3229 1819 3286; x_wconf 89' lang='lat' dir='ltr'><strong>opera</strong></span> <span class='ocrx_word' id='word_1_431' title='bbox 1836 3214 2098 3288; x_wconf 90' lang='lat' dir='ltr'><strong>sibiipsis</strong></span> 
     </span>
    </p>
   </div>
   <div class='ocr_carea' id='block_1_66' title="bbox 441 3295 2101 3377">
    <p class='ocr_par' dir='ltr' id='par_1_66' title="bbox 441 3295 2101 3377">
     <span class='ocr_line' id='line_1_66' title="bbox 441 3295 2101 3377; baseline 0.007 -27"><span class='ocrx_word' id='word_1_432' title='bbox 441 3295 826 3354; x_wconf 91' lang='lat' dir='ltr'><strong>dominatum</strong></span> <span class='ocrx_word' id='word_1_433' title='bbox 879 3307 1329 3372; x_wconf 88' lang='lat' dir='ltr'><strong>compararunt.</strong></span> <span class='ocrx_word' id='word_1_434' title='bbox 1376 3303 1509 3359; x_wconf 87' lang='lat' dir='ltr'><strong>Jam</strong></span> <span class='ocrx_word' id='word_1_435' title='bbox 1552 3319 1796 3377; x_wconf 90' lang='lat' dir='ltr'><strong>quoque</strong></span> <span class='ocrx_word' id='word_1_436' title='bbox 1849 3311 1906 3361; x_wconf 90' lang='lat' dir='ltr'><strong>et</strong></span> <span class='ocrx_word' id='word_1_437' title='bbox 1952 3304 2101 3361; x_wconf 91' lang='lat' dir='ltr'><strong>illud</strong></span> 
     </span>
    </p>
   </div>
   <div class='ocr_carea' id='block_1_67' title="bbox 441 3384 2095 3462">
    <p class='ocr_par' dir='ltr' id='par_1_67' title="bbox 441 3384 2095 3462">
     <span class='ocr_line' id='line_1_67' title="bbox 441 3384 2095 3462; baseline 0.007 -23"><span class='ocrx_word' id='word_1_438' title='bbox 441 3384 633 3440; x_wconf 90' lang='lat' dir='ltr'><strong>mutui</strong></span> <span class='ocrx_word' id='word_1_439' title='bbox 662 3385 802 3441; x_wconf 91' lang='lat' dir='ltr'><strong>belli</strong></span> <span class='ocrx_word' id='word_1_440' title='bbox 832 3387 1012 3442; x_wconf 88' lang='lat' dir='ltr'><strong>telum</strong></span> <span class='ocrx_word' id='word_1_441' title='bbox 1041 3405 1076 3444; x_wconf 89' lang='lat' dir='ltr'><strong>a</strong></span> <span class='ocrx_word' id='word_1_442' title='bbox 1106 3390 1500 3462; x_wconf 87' lang='lat' dir='ltr'><strong>quibusdam,</strong></span> <span class='ocrx_word' id='word_1_443' title='bbox 1528 3393 1797 3449; x_wconf 81' lang='lat' dir='ltr'><strong>defensio</strong></span> <span class='ocrx_word' id='word_1_444' title='bbox 1822 3393 2095 3450; x_wconf 86' lang='lat' dir='ltr'><strong>videlicet</strong></span> 
     </span>
    </p>
   </div>
   <div class='ocr_carea' id='block_1_68' title="bbox 443 3471 2103 3556">
    <p class='ocr_par' dir='ltr' id='par_1_68' title="bbox 443 3471 2103 3556">
     <span class='ocr_line' id='line_1_68' title="bbox 443 3471 2103 3556; baseline 0.007 -28"><span class='ocrx_word' id='word_1_445' title='bbox 443 3471 731 3530; x_wconf 75' lang='lat' dir='ltr'><strong>doctrinae</strong></span> <span class='ocrx_word' id='word_1_446' title='bbox 763 3491 945 3545; x_wconf 87' lang='lat' dir='ltr'><strong>sanae,</strong></span> <span class='ocrx_word' id='word_1_447' title='bbox 982 3479 1390 3548; x_wconf 82' lang='lat' dir='ltr'><strong>excogitatum</strong></span> <span class='ocrx_word' id='word_1_448' title='bbox 1421 3487 1508 3538; x_wconf 90' lang='lat' dir='ltr'><strong>est</strong></span> <span class='ocrx_word' id='word_1_449' title='bbox 1545 3499 1556 3537; x_wconf 94' lang='lat'><strong>:</strong></span> <span class='ocrx_word' id='word_1_450' title='bbox 1587 3487 1643 3538; x_wconf 92' lang='lat' dir='ltr'><strong>et</strong></span> <span class='ocrx_word' id='word_1_451' title='bbox 1687 3482 1835 3539; x_wconf 90' lang='lat' dir='ltr'><strong>dum</strong></span> <span class='ocrx_word' id='word_1_452' title='bbox 1869 3485 2103 3556; x_wconf 90' lang='lat' dir='ltr'><strong>privata</strong></span> 
     </span>
    </p>
   </div>
   <div class='ocr_carea' id='block_1_69' title="bbox 443 3562 2098 3640">
    <p class='ocr_par' dir='ltr' id='par_1_69' title="bbox 443 3562 2098 3640">
     <span class='ocr_line' id='line_1_69' title="bbox 443 3562 2098 3640; baseline 0.005 -21"><span class='ocrx_word' id='word_1_453' title='bbox 443 3562 587 3621; x_wconf 80' lang='lat' dir='ltr'><strong>odia</strong></span> <span class='ocrx_word' id='word_1_454' title='bbox 633 3563 960 3635; x_wconf 91' lang='lat' dir='ltr'><strong>occultant,</strong></span> <span class='ocrx_word' id='word_1_455' title='bbox 992 3582 1103 3640; x_wconf 93' lang='lat' dir='ltr'><strong>pro</strong></span> <span class='ocrx_word' id='word_1_456' title='bbox 1144 3569 1392 3626; x_wconf 88' lang='lat' dir='ltr'><strong>veritate</strong></span> <span class='ocrx_word' id='word_1_457' title='bbox 1442 3587 1503 3626; x_wconf 90' lang='lat' dir='ltr'><strong>se</strong></span> <span class='ocrx_word' id='word_1_458' title='bbox 1551 3571 1748 3628; x_wconf 87' lang='lat' dir='ltr'><strong>odisse</strong></span> <span class='ocrx_word' id='word_1_459' title='bbox 1794 3573 2098 3630; x_wconf 88' lang='lat' dir='ltr'><strong>simulant.</strong></span> 
     </span>
    </p>
   </div>
   <div class='ocr_carea' id='block_1_70' title="bbox 445 3651 2102 3732">
    <p class='ocr_par' dir='ltr' id='par_1_70' title="bbox 445 3651 2102 3732">
     <span class='ocr_line' id='line_1_70' title="bbox 445 3651 2102 3732; baseline 0.006 -24"><span class='ocrx_word' id='word_1_460' title='bbox 445 3651 557 3709; x_wconf 82' lang='lat' dir='ltr'><strong>Alii</strong></span> <span class='ocrx_word' id='word_1_461' title='bbox 586 3669 748 3721; x_wconf 87' lang='lat' dir='ltr'><strong>vero,</strong></span> <span class='ocrx_word' id='word_1_462' title='bbox 781 3654 929 3711; x_wconf 88' lang='lat' dir='ltr'><strong>dum</strong></span> <span class='ocrx_word' id='word_1_463' title='bbox 977 3655 1216 3728; x_wconf 86' lang='lat' dir='ltr'><strong>fugiunt</strong></span> <span class='ocrx_word' id='word_1_464' title='bbox 1245 3673 1319 3714; x_wconf 91' lang='lat' dir='ltr'><strong>ne</strong></span> <span class='ocrx_word' id='word_1_465' title='bbox 1350 3660 1715 3732; x_wconf 89' lang='lat' dir='ltr'><strong>turpissimis</strong></span> <span class='ocrx_word' id='word_1_466' title='bbox 1748 3661 2102 3720; x_wconf 87' lang='lat' dir='ltr'><strong>criminibus</strong></span> 
     </span>
    </p>
   </div>
   <div class='ocr_carea' id='block_1_71' title="bbox 444 3745 2103 3819">
    <p class='ocr_par' dir='ltr' id='par_1_71' title="bbox 444 3745 2103 3819">
     <span class='ocr_line' id='line_1_71' title="bbox 444 3745 2103 3819; baseline 0.005 -19"><span class='ocrx_word' id='word_1_467' title='bbox 444 3745 1041 3819; x_wconf 87' lang='lat' dir='ltr'><strong>arguantur,populis</strong></span> <span class='ocrx_word' id='word_1_468' title='bbox 1063 3745 1326 3804; x_wconf 85' lang='lat' dir='ltr'><strong>furorem</strong></span> <span class='ocrx_word' id='word_1_469' title='bbox 1343 3749 1420 3805; x_wconf 91' lang='lat' dir='ltr'><strong>ad</strong></span> <span class='ocrx_word' id='word_1_470' title='bbox 1444 3755 1721 3807; x_wconf 87' lang='lat' dir='ltr'><strong>mutuam</strong></span> <span class='ocrx_word' id='word_1_471' title='bbox 1735 3751 2103 3809; x_wconf 89' lang='lat' dir='ltr'><strong>discordiam</strong></span> 
     </span>
    </p>
   </div>
   <div class='ocr_carea' id='block_1_72' title="bbox 441 3832 2095 3906">
    <p class='ocr_par' dir='ltr' id='par_1_72' title="bbox 441 3832 2095 3906">
     <span class='ocr_line' id='line_1_72' title="bbox 441 3832 2095 3906; baseline 0.007 -17"><span class='ocrx_word' id='word_1_472' title='bbox 441 3832 765 3906; x_wconf 87' lang='lat' dir='ltr'><strong>inspirant,</strong></span> <span class='ocrx_word' id='word_1_473' title='bbox 805 3839 870 3890; x_wconf 89' lang='lat' dir='ltr'><strong>ut</strong></span> <span class='ocrx_word' id='word_1_474' title='bbox 904 3837 1330 3894; x_wconf 88' lang='lat' dir='ltr'><strong>communibus</strong></span> <span class='ocrx_word' id='word_1_475' title='bbox 1361 3837 1535 3895; x_wconf 89' lang='lat' dir='ltr'><strong>malis</strong></span> <span class='ocrx_word' id='word_1_476' title='bbox 1575 3855 1672 3896; x_wconf 87' lang='lat' dir='ltr'><strong>res</strong></span> <span class='ocrx_word' id='word_1_477' title='bbox 1711 3858 1854 3898; x_wconf 89' lang='lat' dir='ltr'><strong>suas</strong></span> <span class='ocrx_word' id='word_1_478' title='bbox 1883 3843 2095 3900; x_wconf 92' lang='lat' dir='ltr'><strong>obum-</strong></span> 
     </span>
    </p>
   </div>
   <div class='ocr_carea' id='block_1_73' title="bbox 443 3917 2096 4000">
    <p class='ocr_par' dir='ltr' id='par_1_73' title="bbox 443 3917 2096 4000">
     <span class='ocr_line' id='line_1_73' title="bbox 443 3917 2096 4000; baseline 0.008 -24"><span class='ocrx_word' id='word_1_479' title='bbox 443 3917 640 3978; x_wconf 82' lang='lat' dir='ltr'><strong>brent.</strong></span> <span class='ocrx_word' id='word_1_480' title='bbox 667 3925 1044 3997; x_wconf 86' lang='lat' dir='ltr'><strong>Quapropter</strong></span> <span class='ocrx_word' id='word_1_481' title='bbox 1065 3930 1121 3982; x_wconf 91' lang='lat' dir='ltr'><strong>et</strong></span> <span class='ocrx_word' id='word_1_482' title='bbox 1157 3925 1538 4000; x_wconf 89' lang='lat' dir='ltr'><strong>implacabile</strong></span> <span class='ocrx_word' id='word_1_483' title='bbox 1563 3932 1651 3985; x_wconf 91' lang='lat' dir='ltr'><strong>est</strong></span> <span class='ocrx_word' id='word_1_484' title='bbox 1690 3931 1804 3987; x_wconf 92' lang='lat' dir='ltr'><strong>hoc</strong></span> <span class='ocrx_word' id='word_1_485' title='bbox 1829 3931 2057 3988; x_wconf 89' lang='lat' dir='ltr'><strong>bellum</strong></span> <span class='ocrx_word' id='word_1_486' title='bbox 2083 3951 2096 3990; x_wconf 91' lang='lat'><strong>:</strong></span> 
     </span>
    </p>
   </div>
   <div class='ocr_carea' id='block_1_74' title="bbox 443 4006 2096 4090">
    <p class='ocr_par' dir='ltr' id='par_1_74' title="bbox 443 4006 2096 4090">
     <span class='ocr_line' id='line_1_74' title="bbox 443 4006 2096 4090; baseline 0.009 -26"><span class='ocrx_word' id='word_1_487' title='bbox 443 4006 514 4064; x_wconf 90' lang='lat' dir='ltr'><strong>iis</strong></span> <span class='ocrx_word' id='word_1_488' title='bbox 543 4011 648 4082; x_wconf 88' lang='lat' dir='ltr'><strong>qui</strong></span> <span class='ocrx_word' id='word_1_489' title='bbox 678 4011 839 4068; x_wconf 86' lang='lat' dir='ltr'><strong>mala</strong></span> <span class='ocrx_word' id='word_1_490' title='bbox 863 4029 1056 4083; x_wconf 87' lang='lat' dir='ltr'><strong>egere,</strong></span> <span class='ocrx_word' id='word_1_491' title='bbox 1089 4031 1478 4072; x_wconf 89' lang='lat' dir='ltr'><strong>communem</strong></span> <span class='ocrx_word' id='word_1_492' title='bbox 1502 4033 1738 4090; x_wconf 88' lang='lat' dir='ltr'><strong>pacem,</strong></span> <span class='ocrx_word' id='word_1_493' title='bbox 1773 4024 1837 4077; x_wconf 94' lang='lat' dir='ltr'><strong>ut</strong></span> <span class='ocrx_word' id='word_1_494' title='bbox 1860 4021 2096 4080; x_wconf 89' lang='lat' dir='ltr'><strong>occulta</strong></span> 
     </span>
    </p>
   </div>
   <div class='ocr_carea' id='block_1_75' title="bbox 443 4095 2096 4175">
    <p class='ocr_par' dir='ltr' id='par_1_75' title="bbox 443 4095 2096 4175">
     <span class='ocr_line' id='line_1_75' title="bbox 443 4095 2096 4175; baseline 0.009 -23"><span class='ocrx_word' id='word_1_495' title='bbox 443 4095 714 4170; x_wconf 88' lang='lat' dir='ltr'><strong>ipsorum</strong></span> <span class='ocrx_word' id='word_1_496' title='bbox 761 4099 1060 4159; x_wconf 89' lang='lat' dir='ltr'><strong>dedecora</strong></span> <span class='ocrx_word' id='word_1_497' title='bbox 1106 4104 1504 4175; x_wconf 86' lang='lat' dir='ltr'><strong>detegentem,</strong></span> <span class='ocrx_word' id='word_1_498' title='bbox 1547 4107 1972 4166; x_wconf 88' lang='lat' dir='ltr'><strong>metuentibus.</strong></span> <span class='ocrx_word' id='word_1_499' title='bbox 2007 4111 2096 4168; x_wconf 93' lang='lat' dir='ltr'><strong>Ob</strong></span> 
     </span>
    </p>
   </div>
   <div class='ocr_carea' id='block_1_76' title="bbox 442 4184 2093 4269">
    <p class='ocr_par' dir='ltr' id='par_1_76' title="bbox 442 4184 2093 4269">
     <span class='ocr_line' id='line_1_76' title="bbox 442 4184 2093 4269; baseline 0.008 -26"><span class='ocrx_word' id='word_1_500' title='bbox 442 4184 572 4244; x_wconf 75' lang='lat' dir='ltr'><strong>haec</strong></span> <span class='ocrx_word' id='word_1_501' title='bbox 600 4186 798 4245; x_wconf 89' lang='lat' dir='ltr'><strong>rident</strong></span> <span class='ocrx_word' id='word_1_502' title='bbox 845 4189 1158 4259; x_wconf 90' lang='lat' dir='ltr'><strong>increduli,</strong></span> <span class='ocrx_word' id='word_1_503' title='bbox 1194 4192 1488 4252; x_wconf 87' lang='lat' dir='ltr'><strong>ﬂuctuant</strong></span> <span class='ocrx_word' id='word_1_504' title='bbox 1525 4197 1630 4269; x_wconf 91' lang='lat' dir='ltr'><strong>qui</strong></span> <span class='ocrx_word' id='word_1_505' title='bbox 1678 4197 1924 4255; x_wconf 86' lang='lat' dir='ltr'><strong>ﬁrmiter</strong></span> <span class='ocrx_word' id='word_1_506' title='bbox 1968 4215 2093 4256; x_wconf 94' lang='lat' dir='ltr'><strong>non</strong></span> 
     </span>
    </p>
   </div>
   <div class='ocr_carea' id='block_1_77' title="bbox 443 4278 2094 4360">
    <p class='ocr_par' dir='ltr' id='par_1_77' title="bbox 443 4278 2094 4360">
     <span class='ocr_line' id='line_1_77' title="bbox 443 4278 2094 4360; baseline 0.008 -27"><span class='ocrx_word' id='word_1_507' title='bbox 443 4278 694 4335; x_wconf 89' lang='lat' dir='ltr'><strong>credunt</strong></span> <span class='ocrx_word' id='word_1_508' title='bbox 716 4296 728 4334; x_wconf 90' lang='lat'><strong>:</strong></span> <span class='ocrx_word' id='word_1_509' title='bbox 753 4279 905 4336; x_wconf 88' lang='lat' dir='ltr'><strong>ﬁdes</strong></span> <span class='ocrx_word' id='word_1_510' title='bbox 927 4286 1014 4337; x_wconf 90' lang='lat' dir='ltr'><strong>est</strong></span> <span class='ocrx_word' id='word_1_511' title='bbox 1034 4281 1682 4354; x_wconf 78' lang='lat' dir='ltr'><strong>ambigua,ot1‘unditur</strong></span> <span class='ocrx_word' id='word_1_512' title='bbox 1698 4288 1914 4344; x_wconf 88' lang='lat' dir='ltr'><strong>animis</strong></span> <span class='ocrx_word' id='word_1_513' title='bbox 1929 4289 2094 4360; x_wconf 86' lang='lat' dir='ltr'><strong>igno-</strong></span> 
     </span>
    </p>
   </div>
   <div class='ocr_carea' id='block_1_78' title="bbox 442 4368 2094 4449">
    <p class='ocr_par' dir='ltr' id='par_1_78' title="bbox 442 4368 2094 4449">
     <span class='ocr_line' id='line_1_78' title="bbox 442 4368 2094 4449; baseline 0.008 -26"><span class='ocrx_word' id='word_1_514' title='bbox 442 4368 616 4436; x_wconf 88' lang='lat' dir='ltr'><strong>ratio,</strong></span> <span class='ocrx_word' id='word_1_515' title='bbox 641 4384 712 4425; x_wconf 86' lang='lat' dir='ltr'><strong>eo</strong></span> <span class='ocrx_word' id='word_1_516' title='bbox 735 4370 904 4443; x_wconf 90' lang='lat' dir='ltr'><strong>quod</strong></span> <span class='ocrx_word' id='word_1_517' title='bbox 938 4370 1247 4428; x_wconf 87' lang='lat' dir='ltr'><strong>veritatem</strong></span> <span class='ocrx_word' id='word_1_518' title='bbox 1269 4373 1593 4446; x_wconf 88' lang='lat' dir='ltr'><strong>imitentur,</strong></span> <span class='ocrx_word' id='word_1_519' title='bbox 1622 4377 1726 4449; x_wconf 90' lang='lat' dir='ltr'><strong>qui</strong></span> <span class='ocrx_word' id='word_1_520' title='bbox 1755 4376 2094 4437; x_wconf 89' lang='lat' dir='ltr'><strong>doctrinam</strong></span> 
     </span>
    </p>
   </div>
   <div class='ocr_carea' id='block_1_79' title="bbox 2208 3198 3809 3283">
    <p class='ocr_par' dir='ltr' id='par_1_79' title="bbox 2208 3198 3809 3283">
     <span class='ocr_line' id='line_1_79' title="bbox 2208 3198 3809 3283; baseline 0.005 -31"><span class='ocrx_word' id='word_1_521' title='bbox 2208 3199 2325 3252; x_wconf 85' lang='grc' dir='ltr'>λαοί</span> <span class='ocrx_word' id='word_1_522' title='bbox 2398 3198 2764 3269; x_wconf 77' lang='grc' dir='ltr'>ἀνουθέτητοι,</span> <span class='ocrx_word' id='word_1_523' title='bbox 2843 3207 2891 3257; x_wconf 85' lang='grc' dir='ltr'>οἱ</span> <span class='ocrx_word' id='word_1_524' title='bbox 2963 3215 3281 3278; x_wconf 86' lang='grc' dir='ltr'>προεστῶτες</span> <span class='ocrx_word' id='word_1_525' title='bbox 3356 3206 3809 3283; x_wconf 78' lang='grc' dir='ltr'>ἀπαρρησίαστοι.</span> 
     </span>
    </p>
   </div>
   <div class='ocr_carea' id='block_1_80' title="bbox 2212 3288 3813 3372">
    <p class='ocr_par' dir='ltr' id='par_1_80' title="bbox 2212 3288 3813 3372">
     <span class='ocr_line' id='line_1_80' title="bbox 2212 3288 3813 3372; baseline 0.004 -32"><span class='ocrx_word' id='word_1_526' title='bbox 2212 3288 2392 3342; x_wconf 69' lang='grc' dir='ltr'>Δοῦλοι</span> <span class='ocrx_word' id='word_1_527' title='bbox 2420 3293 2521 3364; x_wconf 79' lang='grc' dir='ltr'><strong>γὰρ</strong></span> <span class='ocrx_word' id='word_1_528' title='bbox 2553 3300 2650 3344; x_wconf 90' lang='grc' dir='ltr'><strong>τῶν</strong></span> <span class='ocrx_word' id='word_1_529' title='bbox 2699 3289 3002 3346; x_wconf 80' lang='grc' dir='ltr'>δεδωκότων</span> <span class='ocrx_word' id='word_1_530' title='bbox 3043 3299 3136 3354; x_wconf 76' lang='grc' dir='ltr'><strong>τήν</strong></span> <span class='ocrx_word' id='word_1_531' title='bbox 3192 3297 3376 3372; x_wconf 84' lang='grc' dir='ltr'>χάριν,</span> <span class='ocrx_word' id='word_1_532' title='bbox 3408 3299 3455 3348; x_wconf 84' lang='grc' dir='ltr'>οὶ</span> <span class='ocrx_word' id='word_1_533' title='bbox 3506 3294 3578 3349; x_wconf 70' lang='grc' dir='ltr'><strong>δι’</strong></span> <span class='ocrx_word' id='word_1_534' title='bbox 3602 3297 3813 3369; x_wconf 82' lang='grc' dir='ltr'>ἀνθρω-</span> 
     </span>
    </p>
   </div>
   <div class='ocr_carea' id='block_1_81' title="bbox 2210 3377 3807 3458">
    <p class='ocr_par' dir='ltr' id='par_1_81' title="bbox 2210 3377 3807 3458">
     <span class='ocr_line' id='line_1_81' title="bbox 2210 3377 3807 3458; baseline 0.005 -29"><span class='ocrx_word' id='word_1_535' title='bbox 2210 3397 2318 3430; x_wconf 91' lang='grc' dir='ltr'><strong>πων</strong></span> <span class='ocrx_word' id='word_1_536' title='bbox 2359 3377 2561 3442; x_wconf 75' lang='grc' dir='ltr'>ἑαυτοῖς</span> <span class='ocrx_word' id='word_1_537' title='bbox 2621 3385 2708 3440; x_wconf 79' lang='grc' dir='ltr'><strong>τήν</strong></span> <span class='ocrx_word' id='word_1_538' title='bbox 2775 3377 3085 3436; x_wconf 80' lang='grc' dir='ltr'>δυναστείαν</span> <span class='ocrx_word' id='word_1_539' title='bbox 3137 3389 3610 3458; x_wconf 87' lang='grc' dir='ltr'>κατακτησάμενοι.</span> <span class='ocrx_word' id='word_1_540' title='bbox 3665 3381 3807 3442; x_wconf 75' lang='grc' dir='ltr'>’Ἠδη</span> 
     </span>
    </p>
   </div>
   <div class='ocr_carea' id='block_1_82' title="bbox 2213 3461 3813 3547">
    <p class='ocr_par' dir='ltr' id='par_1_82' title="bbox 2213 3461 3813 3547">
     <span class='ocr_line' id='line_1_82' title="bbox 2213 3461 3813 3547; baseline 0.005 -30"><span class='ocrx_word' id='word_1_541' title='bbox 2213 3461 2272 3518; x_wconf 73' lang='grc' dir='ltr'>δὲ</span> <span class='ocrx_word' id='word_1_542' title='bbox 2313 3471 2402 3518; x_wconf 86' lang='grc' dir='ltr'>καὶ</span> <span class='ocrx_word' id='word_1_543' title='bbox 2445 3467 2596 3520; x_wconf 79' lang='grc' dir='ltr'>ὅπλον</span> <span class='ocrx_word' id='word_1_544' title='bbox 2645 3474 2756 3522; x_wconf 85' lang='grc' dir='ltr'>τισὶ</span> <span class='ocrx_word' id='word_1_545' title='bbox 2799 3477 2888 3523; x_wconf 75' lang='grc' dir='ltr'>τοῦ</span> <span class='ocrx_word' id='word_1_546' title='bbox 2930 3475 3060 3547; x_wconf 87' lang='grc' dir='ltr'>πρὸς</span> <span class='ocrx_word' id='word_1_547' title='bbox 3108 3471 3356 3535; x_wconf 74' lang='grc' dir='ltr'>ἀλλήλους</span> <span class='ocrx_word' id='word_1_548' title='bbox 3398 3473 3621 3547; x_wconf 77' lang='grc' dir='ltr'>πολέμου</span> <span class='ocrx_word' id='word_1_549' title='bbox 3664 3473 3694 3531; x_wconf 81' lang='grc' dir='ltr'><strong>ή</strong></span> <span class='ocrx_word' id='word_1_550' title='bbox 3729 3471 3813 3525; x_wconf 75' lang='grc' dir='ltr'><strong>ἐκ-</strong></span> 
     </span>
    </p>
   </div>
   <div class='ocr_carea' id='block_1_83' title="bbox 2213 3550 3813 3635">
    <p class='ocr_par' dir='ltr' id='par_1_83' title="bbox 2213 3550 3813 3635">
     <span class='ocr_line' id='line_1_83' title="bbox 2213 3550 3813 3635; baseline 0.006 -29"><span class='ocrx_word' id='word_1_551' title='bbox 2213 3550 2429 3620; x_wconf 78' lang='grc' dir='ltr'>δίκησις</span> <span class='ocrx_word' id='word_1_552' title='bbox 2456 3554 2612 3616; x_wconf 77' lang='grc' dir='ltr'>δῆθεν</span> <span class='ocrx_word' id='word_1_553' title='bbox 2657 3567 2748 3621; x_wconf 84' lang='grc' dir='ltr'>τῆς</span> <span class='ocrx_word' id='word_1_554' title='bbox 2793 3557 3123 3635; x_wconf 81' lang='grc' dir='ltr'>όρθοδοξίας,</span> <span class='ocrx_word' id='word_1_555' title='bbox 3172 3561 3526 3623; x_wconf 79' lang='grc' dir='ltr'>ἐπινενόηται·</span> <span class='ocrx_word' id='word_1_556' title='bbox 3583 3567 3675 3616; x_wconf 80' lang='grc' dir='ltr'>καὶ</span> <span class='ocrx_word' id='word_1_557' title='bbox 3714 3565 3813 3626; x_wconf 73' lang='grc' dir='ltr'><strong>τὰς</strong></span> 
     </span>
    </p>
   </div>
   <div class='ocr_carea' id='block_1_84' title="bbox 2215 3640 3813 3729">
    <p class='ocr_par' dir='ltr' id='par_1_84' title="bbox 2215 3640 3813 3729">
     <span class='ocr_line' id='line_1_84' title="bbox 2215 3640 3813 3729; baseline 0.006 -34"><span class='ocrx_word' id='word_1_558' title='bbox 2215 3640 2356 3708; x_wconf 83' lang='grc' dir='ltr'>ἰδίας</span> <span class='ocrx_word' id='word_1_559' title='bbox 2424 3649 2621 3723; x_wconf 82' lang='grc' dir='ltr'>ἔχθρας</span> <span class='ocrx_word' id='word_1_560' title='bbox 2677 3647 3132 3726; x_wconf 61' lang='grc' dir='ltr'>ἐπικρυψάμενοι,</span> <span class='ocrx_word' id='word_1_561' title='bbox 3197 3654 3323 3729; x_wconf 68' lang='grc' dir='ltr'>ὑπὲρ</span> <span class='ocrx_word' id='word_1_562' title='bbox 3390 3661 3481 3715; x_wconf 81' lang='grc' dir='ltr'>τῆς</span> <span class='ocrx_word' id='word_1_563' title='bbox 3542 3651 3813 3716; x_wconf 68' lang='grc' dir='ltr'>εὐσεϐείας</span> 
     </span>
    </p>
   </div>
   <div class='ocr_carea' id='block_1_85' title="bbox 2212 3733 3811 3811">
    <p class='ocr_par' dir='ltr' id='par_1_85' title="bbox 2212 3733 3811 3811">
     <span class='ocr_line' id='line_1_85' title="bbox 2212 3733 3811 3811; baseline 0.006 -25"><span class='ocrx_word' id='word_1_564' title='bbox 2212 3733 2505 3808; x_wconf 77' lang='grc' dir='ltr'>ἐχθραίνειν</span> <span class='ocrx_word' id='word_1_565' title='bbox 2561 3744 3149 3811; x_wconf 86' lang='grc' dir='ltr'>κατασχηματίζονται.</span> <span class='ocrx_word' id='word_1_566' title='bbox 3191 3740 3367 3795; x_wconf 81' lang='grc' dir='ltr'>Ἀλλοι</span> <span class='ocrx_word' id='word_1_567' title='bbox 3420 3740 3479 3796; x_wconf 80' lang='grc' dir='ltr'><strong>δε</strong></span> <span class='ocrx_word' id='word_1_568' title='bbox 3513 3783 3527 3809; x_wconf 91' lang='grc'><strong>,</strong></span> <span class='ocrx_word' id='word_1_569' title='bbox 3584 3747 3674 3795; x_wconf 86' lang='grc' dir='ltr'><strong>τόν</strong></span> <span class='ocrx_word' id='word_1_570' title='bbox 3723 3740 3811 3795; x_wconf 76' lang='grc' dir='ltr'><strong>ἐπὶ</strong></span> 
     </span>
    </p>
   </div>
   <div class='ocr_carea' id='block_1_86' title="bbox 2212 3826 3812 3904">
    <p class='ocr_par' dir='ltr' id='par_1_86' title="bbox 2212 3826 3812 3904">
     <span class='ocr_line' id='line_1_86' title="bbox 2212 3826 3812 3904; baseline 0.006 -29"><span class='ocrx_word' id='word_1_571' title='bbox 2212 3831 2323 3886; x_wconf 93' lang='grc' dir='ltr'>τοῖς</span> <span class='ocrx_word' id='word_1_572' title='bbox 2361 3826 2671 3898; x_wconf 82' lang='grc' dir='ltr'>αἰσχίστοις</span> <span class='ocrx_word' id='word_1_573' title='bbox 2720 3827 3028 3892; x_wconf 71' lang='grc' dir='ltr'>ἐκκλίνοντες</span> <span class='ocrx_word' id='word_1_574' title='bbox 3081 3830 3313 3904; x_wconf 79' lang='grc' dir='ltr'>ἔλεγχον,</span> <span class='ocrx_word' id='word_1_575' title='bbox 3364 3836 3485 3894; x_wconf 72' lang='grc' dir='ltr'>τοὺς</span> <span class='ocrx_word' id='word_1_576' title='bbox 3535 3831 3688 3894; x_wconf 75' lang='grc' dir='ltr'>λαοὺς</span> <span class='ocrx_word' id='word_1_577' title='bbox 3743 3831 3812 3892; x_wconf 84' lang='grc' dir='ltr'>εἰς</span> 
     </span>
    </p>
   </div>
   <div class='ocr_carea' id='block_1_87' title="bbox 2211 3915 3815 3994">
    <p class='ocr_par' dir='ltr' id='par_1_87' title="bbox 2211 3915 3815 3994">
     <span class='ocr_line' id='line_1_87' title="bbox 2211 3915 3815 3994; baseline 0.006 -30"><span class='ocrx_word' id='word_1_578' title='bbox 2211 3917 2306 3972; x_wconf 85' lang='grc' dir='ltr'>τὴν</span> <span class='ocrx_word' id='word_1_579' title='bbox 2364 3915 2477 3967; x_wconf 80' lang='grc' dir='ltr'>κατ’</span> <span class='ocrx_word' id='word_1_580' title='bbox 2526 3915 2753 3975; x_wconf 85' lang='grc' dir='ltr'>ἀλλήλων</span> <span class='ocrx_word' id='word_1_581' title='bbox 2811 3918 3118 3991; x_wconf 79' lang='grc' dir='ltr'>φιλονεικίαν</span> <span class='ocrx_word' id='word_1_582' title='bbox 3163 3919 3515 3994; x_wconf 79' lang='grc' dir='ltr'>ἐκμαίνουσιν,</span> <span class='ocrx_word' id='word_1_583' title='bbox 3558 3924 3641 3974; x_wconf 81' lang='grc' dir='ltr'>ἵνα</span> <span class='ocrx_word' id='word_1_584' title='bbox 3695 3928 3815 3983; x_wconf 75' lang='grc' dir='ltr'>τοῖς</span> 
     </span>
    </p>
   </div>
   <div class='ocr_carea' id='block_1_88' title="bbox 2211 4008 3814 4073">
    <p class='ocr_par' dir='ltr' id='par_1_88' title="bbox 2211 4008 3814 4073">
     <span class='ocr_line' id='line_1_88' title="bbox 2211 4008 3814 4073; baseline 0.006 -19"><span class='ocrx_word' id='word_1_585' title='bbox 2211 4011 2401 4066; x_wconf 85' lang='grc' dir='ltr'>κοινοῖς</span> <span class='ocrx_word' id='word_1_586' title='bbox 2447 4014 2626 4067; x_wconf 87' lang='grc' dir='ltr'>κακοῖς</span> <span class='ocrx_word' id='word_1_587' title='bbox 2664 4011 2722 4060; x_wconf 90' lang='grc' dir='ltr'><strong>τό</strong></span> <span class='ocrx_word' id='word_1_588' title='bbox 2775 4008 2892 4061; x_wconf 86' lang='grc' dir='ltr'>καθ’</span> <span class='ocrx_word' id='word_1_589' title='bbox 2934 4009 3148 4073; x_wconf 73' lang='grc' dir='ltr'>ἑαυτοὺς</span> <span class='ocrx_word' id='word_1_590' title='bbox 3194 4015 3551 4067; x_wconf 89' lang='grc' dir='ltr'>συσκιάσωσι.</span> <span class='ocrx_word' id='word_1_591' title='bbox 3585 4013 3674 4064; x_wconf 82' lang='grc' dir='ltr'><strong>Διὸ</strong></span> <span class='ocrx_word' id='word_1_592' title='bbox 3718 4015 3814 4064; x_wconf 80' lang='grc' dir='ltr'>καὶ</span> 
     </span>
    </p>
   </div>
   <div class='ocr_carea' id='block_1_89' title="bbox 2211 4091 3818 4176">
    <p class='ocr_par' dir='ltr' id='par_1_89' title="bbox 2211 4091 3818 4176">
     <span class='ocr_line' id='line_1_89' title="bbox 2211 4091 3818 4176; baseline 0.005 -31"><span class='ocrx_word' id='word_1_593' title='bbox 2211 4091 2472 4156; x_wconf 78' lang='grc' dir='ltr'>ἄσπονδος</span> <span class='ocrx_word' id='word_1_594' title='bbox 2529 4094 2669 4148; x_wconf 79' lang='grc' dir='ltr'>ἐστιν</span> <span class='ocrx_word' id='word_1_595' title='bbox 2728 4098 2753 4149; x_wconf 89' lang='grc' dir='ltr'><strong>ό</strong></span> <span class='ocrx_word' id='word_1_596' title='bbox 2809 4097 3031 4172; x_wconf 82' lang='grc' dir='ltr'>πόλεμος</span> <span class='ocrx_word' id='word_1_597' title='bbox 3086 4096 3280 4173; x_wconf 74' lang='grc' dir='ltr'>οὗτος,</span> <span class='ocrx_word' id='word_1_598' title='bbox 3344 4109 3439 4154; x_wconf 88' lang='grc' dir='ltr'><strong>τῶν</strong></span> <span class='ocrx_word' id='word_1_599' title='bbox 3494 4102 3560 4154; x_wconf 86' lang='grc' dir='ltr'><strong>τά</strong></span> <span class='ocrx_word' id='word_1_600' title='bbox 3604 4103 3818 4176; x_wconf 79' lang='grc' dir='ltr'>πονηρά</span> 
     </span>
    </p>
   </div>
   <div class='ocr_carea' id='block_1_90' title="bbox 2212 4183 3812 4263">
    <p class='ocr_par' dir='ltr' id='par_1_90' title="bbox 2212 4183 3812 4263">
     <span class='ocr_line' id='line_1_90' title="bbox 2212 4183 3812 4263; baseline 0.004 -27"><span class='ocrx_word' id='word_1_601' title='bbox 2212 4183 2558 4258; x_wconf 78' lang='grc' dir='ltr'>εἰργασμένων</span> <span class='ocrx_word' id='word_1_602' title='bbox 2623 4191 2716 4245; x_wconf 81' lang='grc' dir='ltr'><strong>τήν</strong></span> <span class='ocrx_word' id='word_1_603' title='bbox 2764 4192 2940 4246; x_wconf 78' lang='grc' dir='ltr'>κοινὴν</span> <span class='ocrx_word' id='word_1_604' title='bbox 2998 4189 3218 4263; x_wconf 88' lang='grc' dir='ltr'>εἰρήνην,</span> <span class='ocrx_word' id='word_1_605' title='bbox 3243 4193 3306 4251; x_wconf 86' lang='grc' dir='ltr'>ὡς</span> <span class='ocrx_word' id='word_1_606' title='bbox 3342 4189 3812 4244; x_wconf 77' lang='grc' dir='ltr'>ἀποκαλύπτουσαν</span> 
     </span>
    </p>
   </div>
   <div class='ocr_carea' id='block_1_91' title="bbox 2211 4273 3813 4356">
    <p class='ocr_par' dir='ltr' id='par_1_91' title="bbox 2211 4273 3813 4356">
     <span class='ocr_line' id='line_1_91' title="bbox 2211 4273 3813 4356; baseline 0.004 -30"><span class='ocrx_word' id='word_1_607' title='bbox 2211 4273 2379 4326; x_wconf 71' lang='grc' dir='ltr'>αὐτῶν</span> <span class='ocrx_word' id='word_1_608' title='bbox 2424 4277 2490 4326; x_wconf 80' lang='grc' dir='ltr'>τὰ</span> <span class='ocrx_word' id='word_1_609' title='bbox 2549 4279 2756 4348; x_wconf 85' lang='grc' dir='ltr'>κρυπτά</span> <span class='ocrx_word' id='word_1_610' title='bbox 2811 4285 2902 4338; x_wconf 81' lang='grc' dir='ltr'>τῆς</span> <span class='ocrx_word' id='word_1_611' title='bbox 2953 4279 3235 4351; x_wconf 75' lang='grc' dir='ltr'>αἰσχύνης,</span> <span class='ocrx_word' id='word_1_612' title='bbox 3277 4281 3634 4356; x_wconf 73' lang='grc' dir='ltr'>ὑφορωμένων,</span> <span class='ocrx_word' id='word_1_613' title='bbox 3692 4281 3813 4333; x_wconf 83' lang='grc' dir='ltr'><strong>Ἐπὶ</strong></span> 
     </span>
    </p>
   </div>
   <div class='ocr_carea' id='block_1_92' title="bbox 2207 4363 3814 4441">
    <p class='ocr_par' dir='ltr' id='par_1_92' title="bbox 2207 4363 3814 4441">
     <span class='ocr_line' id='line_1_92' title="bbox 2207 4363 3814 4441; baseline 0.004 -27"><span class='ocrx_word' id='word_1_614' title='bbox 2207 4366 2414 4426; x_wconf 81' lang='grc' dir='ltr'>τούτοις</span> <span class='ocrx_word' id='word_1_615' title='bbox 2440 4363 2660 4436; x_wconf 84' lang='grc' dir='ltr'>γελῶσιν</span> <span class='ocrx_word' id='word_1_616' title='bbox 2713 4368 2762 4419; x_wconf 87' lang='grc' dir='ltr'><strong>οί</strong></span> <span class='ocrx_word' id='word_1_617' title='bbox 2813 4367 3046 4438; x_wconf 76' lang='grc' dir='ltr'>ἄπιστοι,</span> <span class='ocrx_word' id='word_1_618' title='bbox 3109 4369 3414 4422; x_wconf 73' lang='grc' dir='ltr'>σαλεύονται</span> <span class='ocrx_word' id='word_1_619' title='bbox 3468 4372 3517 4422; x_wconf 82' lang='grc' dir='ltr'>οἱ</span> <span class='ocrx_word' id='word_1_620' title='bbox 3566 4369 3814 4441; x_wconf 66' lang='grc' dir='ltr'>ὀλιγόπιο</span> 
     </span>
    </p>
   </div>
   <div class='ocr_carea' id='block_1_93' title="bbox 443 4453 2099 4539">
    <p class='ocr_par' dir='ltr' id='par_1_93' title="bbox 443 4457 2095 4539">
     <span class='ocr_line' id='line_1_93' title="bbox 443 4457 2095 4539; baseline 0.008 -26"><span class='ocrx_word' id='word_1_621' title='bbox 443 4457 506 4513; x_wconf 88' lang='lat' dir='ltr'><strong>tn</strong></span> <span class='ocrx_word' id='word_1_622' title='bbox 537 4458 767 4515; x_wconf 90' lang='lat' dir='ltr'><strong>malitia</strong></span> <span class='ocrx_word' id='word_1_623' title='bbox 788 4460 1144 4518; x_wconf 89' lang='lat' dir='ltr'><strong>adulterant.</strong></span> <span class='ocrx_word' id='word_1_624' title='bbox 1176 4462 1356 4520; x_wconf 90' lang='lat' dir='ltr'><strong>Silent</strong></span> <span class='ocrx_word' id='word_1_625' title='bbox 1378 4465 1538 4521; x_wconf 89' lang='lat' dir='ltr'><strong>enim</strong></span> <span class='ocrx_word' id='word_1_626' title='bbox 1564 4467 1803 4538; x_wconf 87' lang='lat' dir='ltr'><strong>piorum</strong></span> <span class='ocrx_word' id='word_1_627' title='bbox 1827 4484 1972 4539; x_wconf 89' lang='lat' dir='ltr'><strong>ora;</strong></span> <span class='ocrx_word' id='word_1_628' title='bbox 2002 4487 2095 4527; x_wconf 86' lang='lat' dir='ltr'><strong>so-</strong></span> 
     </span>
    </p>
   </div>
   <div class='ocr_carea' id='block_1_94' title="bbox 2218 4453 3816 4539">
    <p class='ocr_par' dir='ltr' id='par_1_94' title="bbox 2218 4453 3816 4533">
     <span class='ocr_line' id='line_1_94' title="bbox 2218 4453 3816 4533; baseline 0.004 -28"><span class='ocrx_word' id='word_1_629' title='bbox 2218 4471 2366 4506; x_wconf 88' lang='grc' dir='ltr'>στοι·</span> <span class='ocrx_word' id='word_1_630' title='bbox 2410 4453 2693 4527; x_wconf 67' lang='grc' dir='ltr'>ἀμφίϐολος</span> <span class='ocrx_word' id='word_1_631' title='bbox 2737 4457 2766 4515; x_wconf 81' lang='grc' dir='ltr'>ἡ</span> <span class='ocrx_word' id='word_1_632' title='bbox 2816 4463 3014 4526; x_wconf 85' lang='grc' dir='ltr'>πίστις,</span> <span class='ocrx_word' id='word_1_633' title='bbox 3079 4461 3264 4530; x_wconf 75' lang='grc' dir='ltr'>ἄγνοια</span> <span class='ocrx_word' id='word_1_634' title='bbox 3305 4465 3668 4533; x_wconf 76' lang='grc' dir='ltr'>κατακέχυται</span> <span class='ocrx_word' id='word_1_635' title='bbox 3709 4470 3816 4512; x_wconf 81' lang='grc' dir='ltr'><strong>τῶν</strong></span> 
     </span>
    </p>
   </div>
   <div class='ocr_carea' id='block_1_95' title="bbox 441 4545 2100 4628">
    <p class='ocr_par' dir='ltr' id='par_1_95' title="bbox 441 4545 2100 4628">
     <span class='ocr_line' id='line_1_95' title="bbox 441 4545 2100 4628; baseline 0.009 -27"><span class='ocrx_word' id='word_1_636' title='bbox 441 4545 564 4602; x_wconf 90' lang='lat' dir='ltr'><strong>luta</strong></span> <span class='ocrx_word' id='word_1_637' title='bbox 597 4563 737 4604; x_wconf 91' lang='lat' dir='ltr'><strong>vero</strong></span> <span class='ocrx_word' id='word_1_638' title='bbox 766 4548 1126 4622; x_wconf 84' lang='lat' dir='ltr'><strong>blasphema</strong></span> <span class='ocrx_word' id='word_1_639' title='bbox 1141 4553 1341 4609; x_wconf 89' lang='lat' dir='ltr'><strong>omnis</strong></span> <span class='ocrx_word' id='word_1_640' title='bbox 1359 4553 1596 4626; x_wconf 88' lang='lat' dir='ltr'><strong>lingua;</strong></span> <span class='ocrx_word' id='word_1_641' title='bbox 1627 4557 1942 4628; x_wconf 80' lang='lat' dir='ltr'><strong>profanata</strong></span> <span class='ocrx_word' id='word_1_642' title='bbox 1958 4564 2100 4617; x_wconf 89' lang='lat' dir='ltr'><strong>sunt</strong></span> 
     </span>
    </p>
   </div>
   <div class='ocr_carea' id='block_1_96' title="bbox 442 4637 2097 4720">
    <p class='ocr_par' dir='ltr' id='par_1_96' title="bbox 442 4637 2097 4720">
     <span class='ocr_line' id='line_1_96' title="bbox 442 4637 2097 4720; baseline 0.009 -29"><span class='ocrx_word' id='word_1_643' title='bbox 442 4639 654 4692; x_wconf 81' lang='lat' dir='ltr'><strong>sancta</strong></span> <span class='ocrx_word' id='word_1_644' title='bbox 677 4655 689 4706; x_wconf 91' lang='lat'><strong>;</strong></span> <span class='ocrx_word' id='word_1_645' title='bbox 713 4637 950 4708; x_wconf 85' lang='lat' dir='ltr'><strong>fugiunt</strong></span> <span class='ocrx_word' id='word_1_646' title='bbox 970 4641 1330 4712; x_wconf 89' lang='lat' dir='ltr'><strong>precationis</strong></span> <span class='ocrx_word' id='word_1_647' title='bbox 1350 4643 1568 4702; x_wconf 89' lang='lat' dir='ltr'><strong>domos</strong></span> <span class='ocrx_word' id='word_1_648' title='bbox 1586 4646 2097 4720; x_wconf 87' lang='lat' dir='ltr'><strong>populisaniores,</strong></span> 
     </span>
    </p>
   </div>
   <div class='ocr_carea' id='block_1_97' title="bbox 444 4724 2097 4804">
    <p class='ocr_par' dir='ltr' id='par_1_97' title="bbox 444 4724 2097 4804">
     <span class='ocr_line' id='line_1_97' title="bbox 444 4724 2097 4804; baseline 0.01 -25"><span class='ocrx_word' id='word_1_649' title='bbox 444 4729 510 4781; x_wconf 88' lang='lat' dir='ltr'><strong>ut</strong></span> <span class='ocrx_word' id='word_1_650' title='bbox 533 4724 856 4798; x_wconf 90' lang='lat' dir='ltr'><strong>impietatis</strong></span> <span class='ocrx_word' id='word_1_651' title='bbox 879 4728 1137 4804; x_wconf 78' lang='lat' dir='ltr'><strong>scholas,</strong></span> <span class='ocrx_word' id='word_1_652' title='bbox 1157 4747 1226 4789; x_wconf 88' lang='lat' dir='ltr'><strong>ac</strong></span> <span class='ocrx_word' id='word_1_653' title='bbox 1256 4732 1316 4789; x_wconf 94' lang='lat' dir='ltr'><strong>in</strong></span> <span class='ocrx_word' id='word_1_654' title='bbox 1347 4733 1773 4793; x_wconf 88' lang='lat' dir='ltr'><strong>solitudinibus</strong></span> <span class='ocrx_word' id='word_1_655' title='bbox 1795 4737 1872 4796; x_wconf 89' lang='lat' dir='ltr'><strong>ad</strong></span> <span class='ocrx_word' id='word_1_656' title='bbox 1900 4738 2097 4796; x_wconf 80' lang='lat' dir='ltr'><strong>Domi-</strong></span> 
     </span>
    </p>
   </div>
   <div class='ocr_carea' id='block_1_98' title="bbox 520 4939 2098 5028">
    <p class='ocr_par' dir='ltr' id='par_1_98' title="bbox 520 4939 2098 5028">
     <span class='ocr_line' id='line_1_98' title="bbox 520 4939 2098 5028; baseline 0.008 -31"><span class='ocrx_word' id='word_1_657' title='bbox 520 4939 631 5028; x_wconf 11' lang='lat'><strong>(3‘37)</strong></span> <span class='ocrx_word' id='word_1_658' title='bbox 662 4940 1102 5028; x_wconf 34' lang='lat' dir='ltr'><strong>Oixtfppo?&#39;._olta</strong></span> <span class='ocrx_word' id='word_1_659' title='bbox 1131 4947 1398 5028; x_wconf 76' lang='lat' dir='ltr'><strong>quinque</strong></span> <span class='ocrx_word' id='word_1_660' title='bbox 1425 4965 1586 5028; x_wconf 79' lang='lat' dir='ltr'><strong>mss._</strong></span> <span class='ocrx_word' id='word_1_661' title='bbox 1613 4948 1760 5028; x_wconf 67' lang='lat' dir='ltr'><strong>Editi</strong></span> <span class='ocrx_word' id='word_1_662' title='bbox 1786 4953 2098 5028; x_wconf 73' lang='grc' dir='ltr'>οἰκτιρμῶν.</span> 
     </span>
    </p>
   </div>
   <div class='ocr_carea' id='block_1_99' title="bbox 445 5012 2090 5093">
    <p class='ocr_par' dir='ltr' id='par_1_99' title="bbox 445 5012 2090 5093">
     <span class='ocr_line' id='line_1_99' title="bbox 445 5012 2090 5093; baseline 0.01 -26"><span class='ocrx_word' id='word_1_663' title='bbox 445 5012 626 5093; x_wconf 76' lang='lat' dir='ltr'><strong>Paulo</strong></span> <span class='ocrx_word' id='word_1_664' title='bbox 682 5012 829 5093; x_wconf 44' lang='lat' dir='ltr'><strong>post;</strong></span> <span class='ocrx_word' id='word_1_665' title='bbox 850 5012 1012 5072; x_wconf 52' lang='lat' dir='ltr'><strong>&#39;editi</strong></span> <span class='ocrx_word' id='word_1_666' title='bbox 1066 5012 1418 5093; x_wconf 55' lang='grc' dir='ltr'>ἀνθρωπικῶν.</span> <span class='ocrx_word' id='word_1_667' title='bbox 1465 5019 1634 5093; x_wconf 81' lang='lat' dir='ltr'><strong>Med.,</strong></span> <span class='ocrx_word' id='word_1_668' title='bbox 1685 5023 1863 5091; x_wconf 88' lang='lat' dir='ltr'><strong>|larl.,</strong></span> <span class='ocrx_word' id='word_1_669' title='bbox 1914 5012 2090 5083; x_wconf 74' lang='lat' dir='ltr'><strong>Cbisl.</strong></span> 
     </span>
    </p>
   </div>
   <div class='ocr_carea' id='block_1_100' title="bbox 447 5084 1659 5156">
    <p class='ocr_par' dir='ltr' id='par_1_100' title="bbox 447 5084 1659 5156">
     <span class='ocr_line' id='line_1_100' title="bbox 447 5084 1659 5156; baseline 0.008 -17"><span class='ocrx_word' id='word_1_670' title='bbox 447 5084 770 5156; x_wconf 37' lang='lat' dir='ltr'><strong>primus’et</strong></span> <span class='ocrx_word' id='word_1_671' title='bbox 793 5087 936 5156; x_wconf 83' lang='lat' dir='ltr'><strong>Reg.</strong></span> <span class='ocrx_word' id='word_1_672' title='bbox 962 5084 1264 5146; x_wconf 85' lang='lat' dir='ltr'><strong>secundus</strong></span> <span class='ocrx_word' id='word_1_673' title='bbox 1293 5096 1352 5147; x_wconf 89' lang='lat' dir='ltr'><strong>ut</strong></span> <span class='ocrx_word' id='word_1_674' title='bbox 1385 5094 1443 5147; x_wconf 92' lang='lat' dir='ltr'><strong>in</strong></span> <span class='ocrx_word' id='word_1_675' title='bbox 1476 5084 1659 5149; x_wconf 79' lang='lat' dir='ltr'><strong>textu.</strong></span> 
     </span>
    </p>
   </div>
   <div class='ocr_carea' id='block_1_101' title="bbox 521 5156 1150 5228">
    <p class='ocr_par' dir='ltr' id='par_1_101' title="bbox 521 5156 1150 5228">
     <span class='ocr_line' id='line_1_101' title="bbox 521 5156 1150 5228; baseline 0.002 -15"><span class='ocrx_word' id='word_1_676' title='bbox 521 5159 629 5228; x_wconf 84' lang='grc'><strong>(34)</strong></span> <span class='ocrx_word' id='word_1_677' title='bbox 662 5156 803 5212; x_wconf 89' lang='lat' dir='ltr'><strong>Vide</strong></span> <span class='ocrx_word' id='word_1_678' title='bbox 843 5159 1150 5216; x_wconf 89' lang='lat' dir='ltr'><strong>addenda.</strong></span> 
     </span>
    </p>
   </div>
   <div class='ocr_carea' id='block_1_102' title="bbox 518 5229 2105 5302">
    <p class='ocr_par' dir='ltr' id='par_1_102' title="bbox 518 5229 2105 5302">
     <span class='ocr_line' id='line_1_102' title="bbox 518 5229 2105 5302; baseline 0.012 -24"><span class='ocrx_word' id='word_1_679' title='bbox 518 5229 629 5302; x_wconf 52' lang='lat'><strong>[35)</strong></span> <span class='ocrx_word' id='word_1_680' title='bbox 689 5235 1120 5302; x_wconf 78' lang='grc' dir='ltr'>Παραπεσοῡσαι.</span> <span class='ocrx_word' id='word_1_681' title='bbox 1182 5232 1267 5290; x_wconf 89' lang='lat' dir='ltr'><strong>Ita</strong></span> <span class='ocrx_word' id='word_1_682' title='bbox 1328 5237 1443 5290; x_wconf 86' lang='lat' dir='ltr'><strong>tres</strong></span> <span class='ocrx_word' id='word_1_683' title='bbox 1505 5238 1891 5296; x_wconf 87' lang='lat' dir='ltr'><strong>vetustissimi</strong></span> <span class='ocrx_word' id='word_1_684' title='bbox 1956 5257 2105 5297; x_wconf 90' lang='lat' dir='ltr'><strong>mss.</strong></span> 
     </span>
    </p>
   </div>
   <div class='ocr_carea' id='block_1_103' title="bbox 454 5300 2107 5379">
    <p class='ocr_par' dir='ltr' id='par_1_103' title="bbox 454 5300 2107 5379">
     <span class='ocr_line' id='line_1_103' title="bbox 454 5300 2107 5379; baseline 0.006 -25"><span class='ocrx_word' id='word_1_685' title='bbox 454 5300 605 5379; x_wconf 82' lang='lat' dir='ltr'><strong>_Editi</strong></span> <span class='ocrx_word' id='word_1_686' title='bbox 650 5300 1054 5379; x_wconf 65' lang='grc' dir='ltr'>περιπεσοιξσαι.</span> <span class='ocrx_word' id='word_1_687' title='bbox 1101 5306 1229 5379; x_wconf 85' lang='lat' dir='ltr'><strong>Non</strong></span> <span class='ocrx_word' id='word_1_688' title='bbox 1270 5305 1465 5379; x_wconf 84' lang='lat' dir='ltr'><strong>multo</strong></span> <span class='ocrx_word' id='word_1_689' title='bbox 1512 5315 1651 5379; x_wconf 89' lang='lat' dir='ltr'><strong>post</strong></span> <span class='ocrx_word' id='word_1_690' title='bbox 1698 5311 1837 5366; x_wconf 89' lang='lat' dir='ltr'><strong>editi</strong></span> <span class='ocrx_word' id='word_1_691' title='bbox 1866 5312 2107 5364; x_wconf 83' lang='grc' dir='ltr'>κατεϐάλ-</span> 
     </span>
    </p>
   </div>
   <div class='ocr_carea' id='block_1_104' title="bbox 452 5371 2108 5495">
    <p class='ocr_par' dir='ltr' id='par_1_104' title="bbox 452 5371 2108 5495">
     <span class='ocr_line' id='line_1_104' title="bbox 452 5371 2108 5495; baseline 0.008 -73"><span class='ocrx_word' id='word_1_692' title='bbox 452 5371 580 5495; x_wconf 54' lang='grc' dir='ltr'>λέτο,</span> <span class='ocrx_word' id='word_1_693' title='bbox 641 5371 812 5430; x_wconf 69' lang='lat' dir='ltr'><strong>Co&#39;isl.</strong></span> <span class='ocrx_word' id='word_1_694' title='bbox 851 5375 1100 5447; x_wconf 89' lang='lat' dir='ltr'><strong>primus,</strong></span> <span class='ocrx_word' id='word_1_695' title='bbox 1152 5375 1307 5432; x_wconf 89' lang='lat' dir='ltr'><strong>Harl.</strong></span> <span class='ocrx_word' id='word_1_696' title='bbox 1357 5381 1413 5433; x_wconf 82' lang='lat' dir='ltr'><strong>et</strong></span> <span class='ocrx_word' id='word_1_697' title='bbox 1458 5371 1600 5449; x_wconf 83' lang='lat' dir='ltr'><strong>Rég.</strong></span> <span class='ocrx_word' id='word_1_698' title='bbox 1655 5382 1957 5439; x_wconf 90' lang='lat' dir='ltr'><strong>secundus</strong></span> <span class='ocrx_word' id='word_1_699' title='bbox 1986 5403 2108 5436; x_wconf 68' lang='lat' dir='ltr'><strong>xar-</strong></span> 
     </span>
     <span class='ocr_line' id='line_1_105' title="bbox 464 5461 688 5495; baseline 0 0"><span class='ocrx_word' id='word_1_700' title='bbox 464 5461 484 5495; x_wconf 72' lang='grc' dir='ltr'><strong>ε</strong></span> <span class='ocrx_word' id='word_1_701' title='bbox 523 5464 688 5495; x_wconf 73' lang='grc' dir='ltr'>α.ετο.</span> 
     </span>
    </p>
   </div>
   <div class='ocr_carea' id='block_1_105' title="bbox 464 5461 688 5500">
    <p class='ocr_par' dir='ltr' id='par_1_105' title="bbox 464 5461 688 5500">
     <span class='ocr_line' id='line_1_106' title="bbox 464 5461 688 5500; baseline 0.027 -6"><span class='ocrx_word' id='word_1_702' title='bbox 464 5461 688 5500; x_wconf 72' lang='grc' dir='ltr'>εοαλετο.</span> 
     </span>
    </p>
   </div>
   <div class='ocr_carea' id='block_1_106' title="bbox 493 5516 2112 5596">
    <p class='ocr_par' dir='ltr' id='par_1_106' title="bbox 493 5516 2112 5596">
     <span class='ocr_line' id='line_1_107' title="bbox 493 5516 2112 5596; baseline 0.009 -25"><span class='ocrx_word' id='word_1_703' title='bbox 493 5585 502 5594; x_wconf 86' lang='lat'>_</span> <span class='ocrx_word' id='word_1_704' title='bbox 536 5518 647 5586; x_wconf 87' lang='lat'><strong>(36)</strong></span> <span class='ocrx_word' id='word_1_705' title='bbox 673 5516 1199 5596; x_wconf 56' lang='lat' dir='ltr'><strong>EE:€).0Er{1n0&#39;_t-;y.__lla</strong></span> <span class='ocrx_word' id='word_1_706' title='bbox 1239 5519 1576 5588; x_wconf 73' lang='lat' dir='ltr'><strong>Medicmus,</strong></span> <span class='ocrx_word' id='word_1_707' title='bbox 1625 5523 1835 5596; x_wconf 88' lang='lat' dir='ltr'><strong>codex,</strong></span> <span class='ocrx_word' id='word_1_708' title='bbox 1869 5543 2112 5585; x_wconf 86' lang='lat' dir='ltr'><strong>accura-</strong></span> 
     </span>
    </p>
   </div>
   <div class='ocr_carea' id='block_1_107' title="bbox 463 5587 1399 5660">
    <p class='ocr_par' dir='ltr' id='par_1_107' title="bbox 463 5587 1399 5660">
     <span class='ocr_line' id='line_1_108' title="bbox 463 5587 1399 5660; baseline 0.003 -20"><span class='ocrx_word' id='word_1_709' title='bbox 463 5587 581 5642; x_wconf 89' lang='lat' dir='ltr'><strong>tius</strong></span> <span class='ocrx_word' id='word_1_710' title='bbox 609 5603 796 5660; x_wconf 88' lang='lat' dir='ltr'><strong>quam</strong></span> <span class='ocrx_word' id='word_1_711' title='bbox 825 5590 966 5647; x_wconf 86' lang='lat' dir='ltr'><strong>editi</strong></span> <span class='ocrx_word' id='word_1_712' title='bbox 995 5590 1399 5654; x_wconf 77' lang='grc' dir='ltr'>ἐξεϐλάστησαν,</span> 
     </span>
    </p>
   </div>
   <div class='ocr_carea' id='block_1_108' title="bbox 2209 4541 3817 4620">
    <p class='ocr_par' dir='ltr' id='par_1_108' title="bbox 2209 4541 3817 4620">
     <span class='ocr_line' id='line_1_109' title="bbox 2209 4541 3817 4620; baseline 0.006 -26"><span class='ocrx_word' id='word_1_713' title='bbox 2209 4543 2443 4616; x_wconf 68' lang='grc' dir='ltr'>ψυχῶν,</span> <span class='ocrx_word' id='word_1_714' title='bbox 2501 4541 2597 4598; x_wconf 77' lang='grc' dir='ltr'><strong>διὰ</strong></span> <span class='ocrx_word' id='word_1_715' title='bbox 2647 4549 2704 4598; x_wconf 85' lang='grc' dir='ltr'>τὸ</span> <span class='ocrx_word' id='word_1_716' title='bbox 2761 4550 3040 4620; x_wconf 79' lang='grc' dir='ltr'>μιμεῖσθαι</span> <span class='ocrx_word' id='word_1_717' title='bbox 3092 4552 3207 4620; x_wconf 80' lang='grc'><strong>(41)</strong></span> <span class='ocrx_word' id='word_1_718' title='bbox 3268 4555 3361 4608; x_wconf 79' lang='grc' dir='ltr'><strong>τήν</strong></span> <span class='ocrx_word' id='word_1_719' title='bbox 3405 4549 3643 4609; x_wconf 88' lang='grc' dir='ltr'>ἀλήθειαν</span> <span class='ocrx_word' id='word_1_720' title='bbox 3686 4556 3817 4613; x_wconf 72' lang='grc' dir='ltr'>τοὺς</span> 
     </span>
    </p>
   </div>
   <div class='ocr_carea' id='block_1_109' title="bbox 2213 4628 3818 4713">
    <p class='ocr_par' dir='ltr' id='par_1_109' title="bbox 2213 4628 3818 4713">
     <span class='ocr_line' id='line_1_110' title="bbox 2213 4628 3818 4713; baseline 0.004 -28"><span class='ocrx_word' id='word_1_721' title='bbox 2213 4628 2494 4696; x_wconf 82' lang='grc' dir='ltr'>δολοῦντας</span> <span class='ocrx_word' id='word_1_722' title='bbox 2523 4637 2609 4686; x_wconf 87' lang='grc' dir='ltr'>τὸν</span> <span class='ocrx_word' id='word_1_723' title='bbox 2651 4634 2802 4708; x_wconf 89' lang='grc' dir='ltr'>λόγον</span> <span class='ocrx_word' id='word_1_724' title='bbox 2833 4635 2883 4688; x_wconf 74' lang='grc' dir='ltr'>ἐν</span> <span class='ocrx_word' id='word_1_725' title='bbox 2937 4642 3248 4712; x_wconf 81' lang='grc' dir='ltr'>κακουργίᾳ.</span> <span class='ocrx_word' id='word_1_726' title='bbox 3298 4645 3428 4711; x_wconf 79' lang='grc' dir='ltr'>Σίγᾴ</span> <span class='ocrx_word' id='word_1_727' title='bbox 3463 4642 3552 4713; x_wconf 74' lang='grc' dir='ltr'><strong>μεν</strong></span> <span class='ocrx_word' id='word_1_728' title='bbox 3598 4643 3696 4712; x_wconf 76' lang='grc' dir='ltr'><strong>γὰρ</strong></span> <span class='ocrx_word' id='word_1_729' title='bbox 3751 4643 3818 4692; x_wconf 77' lang='grc' dir='ltr'><strong>τα</strong></span> 
     </span>
    </p>
   </div>
   <div class='ocr_carea' id='block_1_110' title="bbox 2210 4723 3813 4801">
    <p class='ocr_par' dir='ltr' id='par_1_110' title="bbox 2210 4723 3813 4801">
     <span class='ocr_line' id='line_1_111' title="bbox 2210 4723 3813 4801; baseline 0.005 -27"><span class='ocrx_word' id='word_1_730' title='bbox 2210 4731 2310 4775; x_wconf 80' lang='grc' dir='ltr'><strong>τῶν</strong></span> <span class='ocrx_word' id='word_1_731' title='bbox 2365 4723 2708 4777; x_wconf 67' lang='grc' dir='ltr'>εὐσεϐούντων</span> <span class='ocrx_word' id='word_1_732' title='bbox 2761 4729 3033 4799; x_wconf 76' lang='grc' dir='ltr'>στόματαο</span> <span class='ocrx_word' id='word_1_733' title='bbox 3094 4726 3292 4780; x_wconf 82' lang='grc' dir='ltr'>ἀνεῖταε</span> <span class='ocrx_word' id='word_1_734' title='bbox 3338 4724 3396 4780; x_wconf 67' lang='grc' dir='ltr'>δὲ</span> <span class='ocrx_word' id='word_1_735' title='bbox 3445 4733 3594 4782; x_wconf 84' lang='grc' dir='ltr'>πᾶσα</span> <span class='ocrx_word' id='word_1_736' title='bbox 3639 4727 3813 4801; x_wconf 74' lang='grc' dir='ltr'>βλάσ·</span> 
     </span>
    </p>
   </div>
   <div class='ocr_carea' id='block_1_111' title="bbox 2286 4943 3815 5029">
    <p class='ocr_par' dir='ltr' id='par_1_111' title="bbox 2286 4943 3815 5029">
     <span class='ocr_line' id='line_1_112' title="bbox 2286 4943 3815 5029; baseline 0.003 -29"><span class='ocrx_word' id='word_1_737' title='bbox 2286 4943 2771 5029; x_wconf 69' lang='grc' dir='ltr'>(37λᾚπισκοπήν.</span> <span class='ocrx_word' id='word_1_738' title='bbox 2807 4943 2902 5001; x_wconf 90' lang='lat' dir='ltr'><strong>Sic</strong></span> <span class='ocrx_word' id='word_1_739' title='bbox 2929 4960 3076 5001; x_wconf 90' lang='lat' dir='ltr'><strong>mss.</strong></span> <span class='ocrx_word' id='word_1_740' title='bbox 3125 4948 3183 5002; x_wconf 89' lang='lat' dir='ltr'><strong>et</strong></span> <span class='ocrx_word' id='word_1_741' title='bbox 3227 4943 3407 5002; x_wconf 87' lang='lat' dir='ltr'><strong>editio</strong></span> <span class='ocrx_word' id='word_1_742' title='bbox 3454 4945 3815 5017; x_wconf 84' lang='lat' dir='ltr'><strong>Haganoen.</strong></span> 
     </span>
    </p>
   </div>
   <div class='ocr_carea' id='block_1_112' title="bbox 2215 5016 2691 5071">
    <p class='ocr_par' dir='ltr' id='par_1_112' title="bbox 2215 5016 2691 5071">
     <span class='ocr_line' id='line_1_113' title="bbox 2215 5016 2691 5071; baseline 0 0"><span class='ocrx_word' id='word_1_743' title='bbox 2215 5016 2361 5071; x_wconf 67' lang='lat' dir='ltr'><strong>Aliae</strong></span> <span class='ocrx_word' id='word_1_744' title='bbox 2389 5016 2691 5071; x_wconf 70' lang='grc' dir='ltr'>ἐπίσκοπον.</span> 
     </span>
    </p>
   </div>
   <div class='ocr_carea' id='block_1_113' title="bbox 2278 5086 3815 5174">
    <p class='ocr_par' dir='ltr' id='par_1_113' title="bbox 2278 5086 3815 5174">
     <span class='ocr_line' id='line_1_114' title="bbox 2278 5086 3815 5174; baseline 0.002 -31"><span class='ocrx_word' id='word_1_745' title='bbox 2278 5091 2401 5174; x_wconf 37' lang='grc'><strong>’(38)</strong></span> <span class='ocrx_word' id='word_1_746' title='bbox 2443 5087 2569 5146; x_wconf 82' lang='grc' dir='ltr'>Ἀεί.</span> <span class='ocrx_word' id='word_1_747' title='bbox 2621 5091 2729 5144; x_wconf 86' lang='lat' dir='ltr'><strong>Pro</strong></span> <span class='ocrx_word' id='word_1_748' title='bbox 2787 5086 2901 5144; x_wconf 88' lang='lat' dir='ltr'><strong>hac</strong></span> <span class='ocrx_word' id='word_1_749' title='bbox 2937 5103 3087 5145; x_wconf 78' lang='lat' dir='ltr'><strong>voce</strong></span> <span class='ocrx_word' id='word_1_750' title='bbox 3111 5088 3336 5147; x_wconf 87' lang='lat' dir='ltr'><strong>habent</strong></span> <span class='ocrx_word' id='word_1_751' title='bbox 3383 5090 3528 5148; x_wconf 84' lang='lat' dir='ltr'><strong>Med.</strong></span> <span class='ocrx_word' id='word_1_752' title='bbox 3562 5093 3620 5148; x_wconf 89' lang='lat' dir='ltr'><strong>et</strong></span> <span class='ocrx_word' id='word_1_753' title='bbox 3655 5090 3815 5148; x_wconf 86' lang='lat' dir='ltr'><strong>Harl.</strong></span> 
     </span>
    </p>
   </div>
   <div class='ocr_carea' id='block_1_114' title="bbox 2215 5175 3822 5305">
    <p class='ocr_par' dir='ltr' id='par_1_114' title="bbox 2215 5175 3822 5305">
     <span class='ocr_line' id='line_1_115' title="bbox 2215 5175 3822 5305; baseline -0.008 -16"><span class='ocrx_word' id='word_1_754' title='bbox 2215 5175 2402 5304; x_wconf 44' lang='grc' dir='ltr'><strong>παίέὲ).</strong></span> <span class='ocrx_word' id='word_1_755' title='bbox 2435 5234 2529 5305; x_wconf 79' lang='grc' dir='ltr'><strong>Διᾲ</strong></span> <span class='ocrx_word' id='word_1_756' title='bbox 2574 5228 2814 5293; x_wconf 80' lang='grc' dir='ltr'>σπουδῆς</span> <span class='ocrx_word' id='word_1_757' title='bbox 2855 5231 3198 5305; x_wconf 77' lang='grc' dir='ltr'>ἀνθρωπίνης.</span> <span class='ocrx_word' id='word_1_758' title='bbox 3246 5236 3330 5290; x_wconf 84' lang='lat' dir='ltr'><strong>Ita</strong></span> <span class='ocrx_word' id='word_1_759' title='bbox 3381 5237 3498 5292; x_wconf 88' lang='lat' dir='ltr'><strong>tres</strong></span> <span class='ocrx_word' id='word_1_760' title='bbox 3543 5235 3822 5292; x_wconf 68' lang='lat' dir='ltr'><strong>vetustis-</strong></span> 
     </span>
    </p>
   </div>
   <div class='ocr_carea' id='block_1_115' title="bbox 2216 5301 3509 5379">
    <p class='ocr_par' dir='ltr' id='par_1_115' title="bbox 2216 5301 3509 5379">
     <span class='ocr_line' id='line_1_116' title="bbox 2216 5301 3509 5379; baseline -0.002 -20"><span class='ocrx_word' id='word_1_761' title='bbox 2216 5301 2353 5359; x_wconf 77' lang='lat' dir='ltr'><strong>simi</strong></span> <span class='ocrx_word' id='word_1_762' title='bbox 2377 5301 2640 5379; x_wconf 73' lang='lat' dir='ltr'><strong>codices.</strong></span> <span class='ocrx_word' id='word_1_763' title='bbox 2676 5305 2826 5360; x_wconf 76' lang='lat' dir='ltr'><strong>Editi</strong></span> <span class='ocrx_word' id='word_1_764' title='bbox 2853 5301 3112 5379; x_wconf 75' lang='grc' dir='ltr'>σπουδαῖς</span> <span class='ocrx_word' id='word_1_765' title='bbox 3145 5305 3509 5379; x_wconf 84' lang='grc' dir='ltr'>ἀνθρωπίναις,</span> 
     </span>
    </p>
   </div>
   <div class='ocr_carea' id='block_1_116' title="bbox 2288 5372 3822 5448">
    <p class='ocr_par' dir='ltr' id='par_1_116' title="bbox 2288 5372 3822 5448">
     <span class='ocr_line' id='line_1_117' title="bbox 2288 5372 3822 5448; baseline 0.001 -17"><span class='ocrx_word' id='word_1_766' title='bbox 2288 5377 2402 5448; x_wconf 79' lang='grc'><strong>(40)</strong></span> <span class='ocrx_word' id='word_1_767' title='bbox 2435 5372 2751 5433; x_wconf 76' lang='grc' dir='ltr'>Ἐνδιδόναι.</span> <span class='ocrx_word' id='word_1_768' title='bbox 2781 5381 2866 5432; x_wconf 87' lang='lat' dir='ltr'><strong>Ita</strong></span> <span class='ocrx_word' id='word_1_769' title='bbox 2896 5376 3206 5434; x_wconf 89' lang='lat' dir='ltr'><strong>Harl.cum</strong></span> <span class='ocrx_word' id='word_1_770' title='bbox 3229 5372 3378 5433; x_wconf 75' lang='lat' dir='ltr'><strong>aliis.</strong></span> <span class='ocrx_word' id='word_1_771' title='bbox 3405 5378 3552 5434; x_wconf 86' lang='lat' dir='ltr'><strong>Editi</strong></span> <span class='ocrx_word' id='word_1_772' title='bbox 3579 5374 3822 5432; x_wconf 81' lang='grc' dir='ltr'>διδόναι.</span> 
     </span>
    </p>
   </div>
   <div class='ocr_carea' id='block_1_117' title="bbox 2289 5448 3824 5523">
    <p class='ocr_par' dir='ltr' id='par_1_117' title="bbox 2289 5448 3824 5523">
     <span class='ocr_line' id='line_1_118' title="bbox 2289 5448 3824 5523; baseline 0.004 -21"><span class='ocrx_word' id='word_1_773' title='bbox 2289 5449 2401 5523; x_wconf 55' lang='grc'><strong>(41)</strong></span> <span class='ocrx_word' id='word_1_774' title='bbox 2433 5451 2744 5520; x_wconf 83' lang='grc' dir='ltr'>Μιμεῖσθαι.</span> <span class='ocrx_word' id='word_1_775' title='bbox 2778 5448 2926 5506; x_wconf 83' lang='lat' dir='ltr'><strong>Med.</strong></span> <span class='ocrx_word' id='word_1_776' title='bbox 2958 5452 3252 5523; x_wconf 87' lang='grc' dir='ltr'>μισεῖσθαι,</span> <span class='ocrx_word' id='word_1_777' title='bbox 3286 5465 3350 5508; x_wconf 88' lang='lat' dir='ltr'><strong>eo</strong></span> <span class='ocrx_word' id='word_1_778' title='bbox 3390 5451 3550 5522; x_wconf 82' lang='lat' dir='ltr'><strong>quod</strong></span> <span class='ocrx_word' id='word_1_779' title='bbox 3577 5453 3824 5510; x_wconf 81' lang='lat' dir='ltr'><strong>oderint</strong></span> 
     </span>
    </p>
   </div>
   <div class='ocr_carea' id='block_1_118' title="bbox 2218 5519 2688 5590">
    <p class='ocr_par' dir='ltr' id='par_1_118' title="bbox 2218 5519 2688 5590">
     <span class='ocr_line' id='line_1_119' title="bbox 2218 5519 2688 5590; baseline 0.002 -15"><span class='ocrx_word' id='word_1_780' title='bbox 2218 5519 2546 5590; x_wconf 79' lang='lat' dir='ltr'><strong>veritatem,</strong></span> <span class='ocrx_word' id='word_1_781' title='bbox 2579 5525 2688 5576; x_wconf 91' lang='lat' dir='ltr'><strong>etc.</strong></span> 
     </span>
    </p>
   </div>
  </div>
