4054 6204
223 298 304 352 481
1170 290 1658 351 EPISTOLARUM
1697 288 1980 346 CLASSIS
2021 293 2090 350 ll.
2133 295 2357 354 EPlST.
2407 299 2558 354 XCII.
3467 305 3574 357 482

225 439 376 494 φημος
407 417 633 492 γλωσσα
664 433 680 449 ⁶
742 417 1035 477 ἐϐεϐηλώθη
1076 421 1143 472 τὰ
1185 419 1334 492 ἅγια,
1392 419 1641 491 φεύγουσι
1695 417 1813 476 τούς

1947 418 2153 475 mmin
2183 421 2345 478 caelis
2373 421 2808 479 iuhabitautem
2857 437 2995 478 cum
3029 420 3350 494 gemitibus
3394 429 3450 482 et
3495 425 3582 482 la-

1763 505 1816 564 ἱις
1924 509 2148 579 crymis
2177 527 2394 567 manus
2420 511 2715 569 attollunt.
2738 512 3142 570 Pervenerunt
3180 519 3385 571 autem
3440 531 3581 588 pro-

1924 595 2076 654 fecto
2105 602 2159 655 et
2197 616 2387 674 usque
2413 601 2491 657 ad
2520 617 2629 657 vos
2661 617 2796 674 quae
2827 602 2886 657 in
2918 601 3215 675 plerisque
3237 603 3580 661 civitatibus

1924 689 2525 756 geruntur.Nimirum
2547 689 2753 762 populi
2776 706 2913 746 cum
2936 692 3224 746 uxoribus
3253 691 3580 765 liberisque

1925 779 1982 829 et
2009 775 2154 846 ipsis
2186 778 2428 834 senibus
2460 795 2571 851 pro
2619 779 2922 834 moenibus
2944 778 3136 850 effusi,
3165 780 3279 836 sub
3311 780 3410 836 dio
3451 797 3582 853 pre-

1926 877 2025 918 ces
2053 864 2331 938 fundunt,
2373 866 2626 924 ferentes
2675 883 2886 924 omnes
2915 867 3069 923 aeris
3100 867 3352 939 injurias
3385 870 3574 928 multa

230 955 340 1008 λαοὶ
387 957 474 1006 σὺν
529 953 740 1025 γυναιξὶ
778 958 869 1005 καὶ
921 950 1156 1016 παιδίοις
1195 952 1309 1025 (43)
1349 958 1438 1006 καὶ
1479 952 1654 1012 αὐτοῖς
1707 956 1825 1006 τοῖς

1947 967 2040 1007 um
2063 954 2440 1026 patientia,et
2463 957 2756 1013 auxilium
2788 973 2824 1012 a
2850 955 3102 1012 Domino
3134 961 3580 1028 exspectantes.

231 1043 547 1118 πρεσϐύταις,
578 1045 679 1115 πρὸ
705 1050 804 1094 τῶν
843 1051 1032 1114 τειχῶν
1064 1042 1385 1114 ἐκχυθέντες,
1410 1041 1457 1094 ἐν
1489 1049 1560 1114 τῷ
1589 1039 1826 1111 ὑπαίθρῳ
1866 1039 2073 1094 τελοῦσι
2120 1047 2212 1107 τὰς
2236 1049 2565 1120 προσευχὰς,
2611 1051 2842 1122 φέροντες
2887 1047 3057 1106 πασας
3098 1047 3186 1106 τὰς
3218 1043 3271 1097 ἐκ
3295 1053 3383 1099 τοῦ
3433 1045 3584 1123 ἀέρος

226 510 510 582 ιύκτηρίους
575 511 756 569 οἴκους
823 511 871 560 οἰ
945 509 1263 580 ὑγιαίνοντες
1335 515 1434 559 τῶν
1515 505 1673 573 λαῶν,
1751 505 1816 564 ὡς

228 597 440 658 ἀσεϐείας
479 593 839 650 διδασκαλεῖα
866 613 878 627 ·
921 599 1056 650 κατὰ
1101 594 1160 650 δε
1205 600 1299 660 τὰς
1330 595 1547 670 ἐρημίας
1580 596 1700 668 τρὸς
1729 595 1814 645 τὸν

229 687 272 740 ἐν
298 687 521 760 οὐρανοῖς
554 689 821 742 Δεσπότην
852 687 984 758 μετὰ
1015 693 1310 758 στεναγμῶν
1331 688 1420 737 καὶ
1452 680 1693 757 δακρύων
1724 683 1817 742 τὰς

229 783 402 852 χεῖρας
439 778 699 847 αἴρουσιν.
721 773 962 846 Ἐφθασε
1003 776 1103 848 γὰρ
1133 775 1248 847 (42)
1275 777 1479 835 πάντως
1506 777 1596 825 καὶ
1624 775 1817 845 μέχρις

229 869 363 938 ὑμῶν
387 866 450 917 τὰ
480 868 723 936 γινόμενα
744 861 792 916 ἐν
821 871 936 925 ταῖς
965 863 1235 926 πλείσταις
1260 871 1358 917 τῶν
1388 862 1581 916 πόλεων
1616 883 1628 895 ο
1663 862 1743 913 ὅτι
1770 859 1818 911 οἱ

225 1133 561 1193 κακοπαθείας
592 1135 686 1184 σύν
715 1131 876 1204 πολλῇ
908 1139 967 1204 τῇ
999 1133 1356 1205 μακροθυμία,
1381 1137 1474 1190 τὴν
1497 1132 1639 1206 παρὰ
1657 1126 1751 1181 τοῦ
1784 1132 1976 1201 Κυρίου
2009 1130 2282 1205 ἀντίληψιν
2305 1133 2653 1207 ἀναμένοντες.

1997 1225 2049 1277 3.
2105 1222 2245 1284 Quae
2291 1223 2642 1281 lamentatio
2680 1223 2772 1279 his
2833 1224 3279 1280 calamitatibus
3342 1224 3584 1296 digna?

1926 1310 2136 1381 quales
2164 1312 2573 1385 lacrymarum
2604 1314 2796 1370 fontes
2826 1313 2918 1369 his
2957 1313 3130 1369 malis
3161 1329 3340 1386 pares
3373 1315 3584 1372 erunt?

1929 1403 2152 1468 Itaque,
2177 1401 2323 1459 dum
2366 1403 2562 1459 adhuc
2590 1402 2862 1458 nonnulli
2895 1402 3169 1459 videntur
3206 1408 3386 1472 stare,
3435 1403 3584 1460 dum

1927 1489 2126 1546 adhuc
2142 1493 2350 1547 veteris
2372 1496 2561 1548 status
2584 1492 2900 1563 vestigium
2924 1492 3584 1564 servatur,priusquam

220 1589 326 1642 ταῖς
357 1581 692 1642 Ἐκκλησίαις
736 1579 920 1653 ἐπελθῃ
967 1582 1074 1642 (45)
1105 1583 1164 1631 τὸ
1208 1581 1477 1651 ναυάγιον,
1539 1579 1818 1650 ἐπείχθητε

1947 1579 2300 1636 :umulatum
2335 1581 2600 1637 Ecclesiis
2624 1581 3002 1654 superveniat
3020 1580 3586 1652 naufragium,festi-

219 1674 345 1745 πρὸς
410 1672 573 1743 ἡμᾶς,
634 1671 915 1741 ἐπείχθητε
972 1665 1104 1736 ἤδη,
1162 1673 1248 1721 ναὶ
1302 1666 1546 1741 δεόμεθα,
1605 1665 1817 1740 ἀδελφοὶ

1947 1672 2066 1724 1ate
2114 1669 2194 1724 ad
2236 1686 2368 1737 nos,
2392 1671 2520 1741 jam
2549 1669 2840 1737 festinate,
2892 1669 2972 1726 ita
3001 1685 3340 1742 precamur,
3374 1668 3585 1727 fratres

217 1767 572 1832 γνησιώτατοι
603 1777 617 1791 ·
699 1755 819 1811 δότε
891 1765 1052 1831 χεῖρα
1105 1765 1214 1818 τοῖς
1273 1758 1344 1820 εἰς
1399 1761 1523 1829 γόνυ
1571 1757 1814 1811 κλιθεῖσι.

1947 1758 2371 1826 germanissimi
2397 1771 2410 1815 :
2435 1759 2495 1814 in
2520 1776 2718 1829 genua
2747 1758 3079 1832 provolutis
3104 1773 3358 1814 manum
3389 1759 3584 1831 porri-

217 1850 592 1921 Συγκινηθήτω
631 1847 705 1920 ἐφ’
753 1849 879 1918 ἡμῖν
908 1849 974 1899 τα
1021 1843 1279 1918 ἀδελφικὰ
1315 1848 1458 1919 ὑμῶν
1513 1845 1815 1918 σπλάγχνα,

1947 1846 2357 1916 gite.Fraterna
2378 1853 2575 1905 vestra
2600 1849 2828 1905 viscera
2854 1852 3354 1904 commoveantur
3382 1851 3588 1906 nostra

217 1941 544 2013 προχυθήτω
607 1934 816 2010 δάκρυα
868 1939 1213 2009 συμπαθείας.
1265 1940 1350 1993 Μὴ
1419 1931 1691 2009 περιίδητε
1759 1939 1818 1987 τό

1947 1951 2134 2001 :ausa,
2194 1936 2636 2009 profundantur
2694 1937 2979 2009 lacrymae
3020 1937 3584 1996 commiserationis.

216 2032 384 2100 ἣμισυ
433 2036 527 2087 τῆς
581 2025 887 2098 οἰκουμένης
933 2027 1033 2077 ὑπὸ
1089 2032 1186 2087 τῆς
1241 2023 1438 2086 πλάνης
1485 2027 1815 2076 καταποθέν’

1947 2022 2178 2079 ltediam
2202 2023 2362 2079 orbis
2391 2031 2622 2096 partem
2654 2024 2731 2080 ab
2753 2040 2952 2080 errore
2982 2023 3292 2080 absorberi
3323 2040 3397 2080 ne
3437 2024 3588 2080 sina-

1932 2112 2004 2167 tis
2035 2128 2047 2165 :
2078 2129 2186 2168 nec
2215 2113 2395 2168 ﬁdem
2448 2113 2614 2186 apud
2658 2129 2764 2170 eos
2819 2113 3019 2170 feratis
3059 2113 3380 2183 exstingui,
3423 2114 3590 2186 apud

1930 2216 2085 2272 quos
2107 2202 2371 2274 primum
2401 2202 2608 2259 illuxit.
2645 2202 2800 2269 Quid
2827 2203 3005 2273 igitur
3029 2202 3188 2258 facto
3210 2219 3363 2275 opus
3394 2203 3489 2268 sit,
3523 2207 3590 2260 ut

1931 2289 2111 2346 rebus
2140 2292 2355 2347 nostris
2379 2292 2838 2358 subveniatis,et
2865 2291 3176 2364 quomodo
3199 2290 3586 2347 commisera-

1932 2378 2153 2435 tionem
2179 2381 2506 2437 ostendatis
2556 2397 2699 2452 erga
2737 2381 3068 2450 divexatos,
3108 2380 3276 2437 nullo
3322 2380 3506 2438 modo
3557 2396 3594 2437 a

1931 2467 2106 2524 nobis
2138 2485 2379 2526 necesse
2411 2471 2517 2526 erit
2545 2487 2653 2527 vos
2684 2469 2912 2527 discere
2948 2488 2961 2525 :
3004 2470 3109 2526 sed
3165 2475 3410 2527 sanctus
3463 2469 3593 2542 ipse

1935 2556 2187 2629 Spiritus
2234 2559 2406 2615 vobis
2461 2563 2760 2630 suggeret.
2796 2562 2866 2614 At
2893 2563 3049 2614 certe
3097 2559 3395 2616 celeritate
3437 2575 3594 2632 opus

1934 2646 2127 2701 estad
2156 2663 2281 2712 eos,
2307 2648 2411 2720 qui
2439 2651 2782 2720 supersunt,
2812 2647 3230 2715 servandos,et
3259 2647 3592 2721 plurimum

1921 2733 2184 2790 .fratrum
2217 2738 2552 2808 praesentia,
2584 2742 2650 2792 ut
2678 2737 2898 2810 synodi
2933 2752 3257 2793 numerum
3291 2736 3592 2809 expleant,

1935 2824 2040 2897 qui
2061 2825 2177 2880 huc
2205 2824 2759 2893 advenient,utnon
2791 2825 2990 2881 solum
3022 2841 3095 2880 ex
3126 2841 3336 2880 eorum
3361 2825 3465 2897 qui
3489 2824 3596 2880 mi-

1937 2914 2122 2970 serint
2142 2913 2565 2984 gravitate,sed
2587 2915 2767 2970 etiam
2799 2931 2871 2970 ex
2901 2931 3009 2970 suo
3031 2914 3305 2984 ipsorum
3337 2929 3594 2969 numero

201 3005 443 3080 ἀριθμοῦ
487 3006 548 3056 τὸ
574 3001 878 3064 ἀξιόπιστον
932 3004 1129 3072 ἔχωσιν
1170 3001 1242 3063 εἰς
1269 2998 1553 3076 διόρθωσιν
1586 3017 1599 3031 ⁶
1650 3002 1698 3055 οἱ
1736 3007 1826 3055 καὶ

1947 3003 2175 3076 pondus
2194 3007 2370 3075 atque
2388 3003 2802 3059 auctoritatem
2827 3003 2904 3058 ad
2926 3018 3019 3056 res
3052 3001 3475 3058 emendandas
3492 3001 3596 3057 ha-

199 3100 301 3152 τήν
363 3093 416 3144 ἐν
467 3096 670 3164 Νικαία
722 3099 1010 3166 γραφεῖσαν
1058 3095 1198 3165 παρή
1249 3099 1349 3143 τῶν
1390 3095 1629 3164 Πατέρων
1681 3094 1826 3164 ἡμῶν

1947 3093 2123 3148 beant
2154 3110 2166 3148 :
2199 3092 2302 3164 qui
2331 3095 2388 3146 et
2416 3090 2598 3147 tidem
2627 3091 2687 3146 in
2719 3091 2913 3147 Nicaea
2955 3106 2991 3146 a
3038 3089 3260 3146 nostris
3319 3089 3595 3145 Patribus

1942 3182 2227 3254 scriptam
2258 3181 2608 3241 instaurent,
2664 3186 2721 3236 et
2777 3180 3053 3236 haeresim
3101 3178 3501 3252 proscribaut,
3543 3183 3600 3234 et

1945 3269 2216 3326 Ecclesiis
2235 3269 2558 3341 loquantur
2583 3268 2969 3342 paciﬁca,eos
2999 3267 3102 3340 qui
3124 3266 3284 3322 idem
3312 3266 3597 3335 sentiunt,

1945 3359 2022 3416 ad
2074 3358 2459 3415 concordiam
2516 3357 2903 3414 adducentes.
2949 3360 3070 3413 Hoc
3119 3357 3283 3412 enim
3330 3355 3599 3429 profecto

1944 3448 2218 3505 omnium
2251 3448 2508 3503 maxime
2537 3447 2794 3516 dignum
2824 3451 2912 3503 est
2932 3444 3514 3517 miseratione,quod
3545 3448 3604 3500 et

1945 3553 2018 3593 ea
2052 3553 2148 3610 pai
2167 3553 2193 3591 s
2221 3553 2356 3608 quae
2384 3536 2614 3591 videtur
2635 3552 2764 3591 esse
2787 3551 2957 3604 sana,
2988 3535 3180 3590 divisa
3213 3534 3386 3605 186
3414 3537 3504 3589 est
3540 3533 3602 3588 in

1947 3627 2374 3698 scmetipsam:
2431 3641 2501 3681 ac
2553 3641 2664 3681 nos
2721 3626 3134 3694 circumstant,
3186 3629 3249 3680 ut
3278 3622 3600 3678 verisimile

1947 3721 2058 3782 est,
2093 3714 2316 3770 similes
2343 3713 2712 3770 calamitates
2741 3714 2855 3779 his,
2901 3730 3039 3786 quae
3070 3713 3214 3769 olim
3267 3711 3606 3783 Hierosoly-

1948 3805 2082 3870 mis,
2113 3803 2477 3874 Vcspasiano
2525 3802 2859 3867 obsidente,
2903 3800 3269 3857 acciderunt.
3313 3797 3398 3854 Illi
3442 3798 3602 3854 enim

1949 3891 2128 3949 simul
2149 3897 2207 3947 et
2231 3895 2474 3946 externo
2495 3890 2924 3963 premebantur
2973 3888 3149 3958 bello,
3185 3893 3243 3943 et
3276 3887 3606 3944 domestica

1948 3981 2255 4038 tribulium
2297 3980 2586 4036 seditione
2631 3979 3125 4035 absumebantur.
3154 3977 3331 4048 Apud
3364 3991 3473 4032 nos
3499 3992 3607 4032 au-

1952 4077 2090 4137 tem,
2114 4074 2329 4141 praeter
2371 4073 2645 4141 apertum
2687 4067 3106 4123 haereticorum
3149 4064 3397 4132 bellum,
3444 4064 3610 4121 aliud

1951 4163 2240 4233 praeterea
2278 4159 2356 4214 ab
2396 4158 2483 4228 iis,
2505 4158 2610 4230 qui
2632 4157 2909 4212 videntur
2931 4160 3088 4212 recte
3116 4154 3349 4223 sentire,
3385 4153 3608 4211 excita-

229 4254 472 4322 ἔσχατον
520 4248 786 4310 ἀσθενείας
838 4251 926 4309 τὰς
992 4248 1303 4309 Ἐκκλησίας
1355 4255 1669 4320 κατήγαγεν.
1735 4249 1823 4321 Ἐφ

1954 4253 2107 4318 tum,
2125 4248 2202 4303 ad
2227 4252 2558 4303 extremam
2581 4245 2951 4302 debilitatem
2980 4243 3270 4299 Ecclesias
3309 4243 3606 4315 perduxit.

230 4341 368 4412 οἱπερ
445 4344 536 4390 καὶ
594 4338 826 4410 μάλιστα
871 4347 967 4400 τῆς
1012 4338 1134 4411 παρ’
1184 4338 1327 4410 ὑμῶν
1389 4341 1659 4412 χρῄζομεν
1719 4337 1831 4411 βοη·

1957 4338 2043 4395 Ob
2075 4353 2208 4410 quze
2230 4342 2285 4393 et
2310 4336 2571 4392 maxime
2593 4335 2932 4406 indigemus
2955 4331 3176 4389 auxilio
3202 4332 3612 4404 vestro,utqui

239 4431 406 4492 θείας,
486 4429 620 4479 ὥστε
693 4430 810 4489 τούς
891 4432 985 4486 τὴν
1043 4425 1392 4486 ἁποστολικὴν
1467 4427 1831 4500 ὁμολογοῦντα.

1958 4426 2352 4500 apostolicam
2379 4419 3287 4498 proﬁtenturtidem,excogitata
3318 4435 3352 4474 a
3375 4434 3435 4475 se
3461 4419 3612 4475 sclii-

285 1223 338 1279 3.
368 1229 460 1285 Τίς
524 1224 709 1296 θρῆνος
761 1229 860 1274 τῶν
892 1229 1169 1296 συμφορῶν
1199 1223 1392 1274 τούτων
1445 1221 1626 1286 ἇξιος;
1666 1225 1814 1271 ποῖαι

223 1321 382 1386 πηγαὶ
451 1310 692 1387 δακρύων
747 1320 930 1374 κακοῖς
976 1314 1248 1373 τοσούτοις
1308 1310 1619 1385 ἀρκέσουσιν
1657 1309 1812 1382 (44);

219 1404 347 1465 Ἕως
375 1401 462 1455 οὖν
494 1404 570 1455 ἔτι
612 1398 864 1454 δοκοῦσιν
922 1400 1133 1454 ἑστάναι
1194 1404 1346 1466 τινες,
1393 1401 1485 1463 ἕως
1535 1401 1610 1452 ἔτι
1663 1401 1817 1469 ἴχνος

222 1501 312 1554 τῆς
369 1491 592 1552 παλαιᾶς
651 1492 1022 1552 καταστάσεως
1089 1487 1431 1553 διασώζεται,
1480 1493 1601 1563 πρὶν
1655 1490 1816 1542 τέλεον

213 2123 284 2190 μὴ
341 2115 662 2188 ἀνάσχησθε
715 2113 1110 2172 ἀποσϐεσθῆναι
1160 2119 1255 2172 τὴν
1298 2117 1523 2181 πίστιν,
1585 2114 1710 2187 παρ’
1749 2115 1821 2174 οἷς

212 2214 420 2279 πρῶτον
491 2203 761 2276 ἐξέλαμψε.
819 2207 883 2256 Τί
957 2199 1044 2255 οὖν
1112 2207 1425 2264 ποιήσαντες
1478 2201 1822 2273 ἀντιλήψεσθε

212 2305 312 2348 τῶν
365 2296 710 2368 πραγμάτων,
760 2297 851 2344 καὶ
888 2300 994 2353 πῶς
1031 2295 1090 2344 τὸ
1148 2295 1278 2366 πρὸς
1335 2296 1450 2352 τούς
1497 2291 1822 2364 θλιϐομένους

216 2385 495 2457 συμπαθὲς
560 2377 880 2444 ἐπιδείξεσθε
937 2381 1067 2451 (46),
1134 2380 1193 2432 ού
1246 2380 1367 2455 παρ’
1433 2383 1579 2454 ἡμῶν
1618 2383 1820 2443 πάντως

214 2471 400 2531 δεήσει
452 2473 639 2544 μαθεῖν
669 2471 784 2541 (4-7)
838 2471 1013 2542 ὑμᾶς·
1071 2468 1176 2521 ἀλλ’
1209 2469 1330 2522 ούτό
1395 2473 1452 2522 τὸ
1508 2477 1713 2542 Πνεῦμα
1763 2474 1820 2523 τὸ

210 2563 364 2634 ἅγιον
433 2562 558 2634 ύμῖν
600 2561 944 2618 ὑποθήσεται.
992 2558 1130 2618 Πλὴν
1176 2578 1235 2630 γε
1292 2559 1374 2611 ὁτι
1410 2561 1612 2630 τείχους
1663 2565 1823 2635 χρεία

210 2656 341 2724 πρὸς
384 2653 446 2702 τὸ
485 2649 895 2722 περισώσασθαι
938 2651 1061 2710 τούς
1088 2647 1520 2721 περιλείφθέντας,
1566 2653 1656 2700 καὶ
1693 2669 1822 2724 παρ-

212 2745 400 2799 ουσίας
451 2733 691 2809 ἀδελφῶν
740 2734 1003 2802 πλειόνων,
1059 2738 1192 2787 ὥστε
1243 2735 1502 2810 πλήρωμα
1533 2733 1661 2788 εἶναι
1707 2756 1823 2788 συνο

206 2823 342 2880 ὁδου
401 2831 524 2886 τοὺς
561 2821 971 2896 ἐπιδημοῦντας,
1035 2825 1117 2876 ἵνα
1170 2828 1243 2896 μὴ
1299 2829 1451 2897 μόνον
1489 2822 1545 2876 ἐκ
1600 2832 1694 2886 τῆς
1725 2834 1823 2876 τῶν

202 2914 636 2968 ἀποστειλάντων
691 2917 1023 2985 σεμνότητος,
1073 2911 1202 2964 ἀλλὰ
1239 2917 1330 2964 καὶ
1383 2911 1438 2964 ἐκ
1485 2920 1578 2965 τοῦ
1633 2914 1823 2966 οἰκείου

197 3188 398 3236 πίστιν
467 3180 871 3247 ὣιανεώσονται,
946 3184 1037 3232 καὶ
1108 3184 1201 3238 τὴν
1275 3183 1476 3254 αἰρεσιν
1530 3179 1829 3254 ἐκκηρύξω-

203 3292 269 3325 σι
335 3274 478 3342 (48),
526 3275 616 3322 καὶ
676 3276 792 3330 ταῖς
845 3267 1184 3331 Ἐκκλησίαις
1245 3272 1313 3322 τὰ
1365 3270 1602 3344 εἰρηνικά
1661 3267 1833 3324 διαλέ-

210 3362 430 3425 ξονται,
470 3363 587 3422 τούς
623 3361 691 3411 τὰ
740 3358 873 3422 αύτα
921 3365 1230 3432 φρονοῦντας
1273 3361 1578 3431 συνάγοντες
1619 3360 1729 3428 (49)
1763 3359 1835 3422 εἱς

213 3453 504 3523 ὁμόνοιαν.
553 3455 708 3501 Τοῦτο
747 3450 850 3521 γὰρ
904 3444 1079 3506 δήπου
1106 3451 1164 3500 τὸ
1223 3451 1422 3501 πάντων
1475 3448 1832 3502 ἐλεεινότατον

219 3545 316 3592 ὅτι
371 3544 466 3590 καὶ
495 3542 551 3590 τὸ
588 3534 768 3590 δοκοῦν
800 3539 1068 3610 ,ὑγιαίνειν
1095 3536 1168 3610 ἐφ’
1197 3537 1351 3590 ἑαυτὸ
1400 3537 1650 3611 ἐμερίσθη
1683 3554 1696 3568 ⁸
1747 3551 1837 3599 καὶ

221 3631 576 3701 περιέστηκεν
622 3629 774 3700 ἡμᾶς,
825 3629 894 3688 ὡς
927 3629 1079 3694 ἔοικε,
1124 3625 1474 3700 παραπλήσια
1523 3629 1666 3685 πάθη
1727 3635 1836 3688 τοῖς

223 3722 365 3771 ποτε
413 3718 544 3768 κατὰ
589 3721 703 3782 τὴν,
732 3716 1138 3769 Ούεσπασιανοῦ
1183 3715 1485 3790 πολιορκίαν
1513 3718 1580 3768 τὰ
1611 3715 1836 3789 Ἰεροσὸ-

218 3808 374 3879 λυμα
421 3805 794 3881 περισχοῦσιν.
822 3805 1038 3858 Ἐκεῖνοι
1067 3825 1120 3858 τε
1157 3809 1259 3881 γαρ
1312 3807 1441 3878 ὁμοῦ
1489 3808 1580 3877 μὲν
1610 3813 1682 3874 τῷ
1721 3805 1840 3868 ἔξω.

221 3898 309 3948 θεν
379 3913 686 3965 συνείχοντο
754 3893 981 3965 πολέμῳ,
1039 3896 1170 3966 ὁμοῦ
1252 3890 1311 3947 δὲ
1363 3899 1453 3946 καὶ
1506 3901 1568 3966 τῇ
1635 3891 1837 3946 ἑνδοθεν

228 3985 423 4035 στάσει
475 3990 578 4034 τῶν
630 3981 898 4054 ὁμογύλων
937 3981 1395 4040 κατανηλίσκοντο.
1426 3981 1576 4054 Ἡμῖν
1622 3977 1680 4034 δὲ
1709 3985 1839 4055 πρὸς

231 4079 310 4140 τῷ
371 4079 567 4144 φανερῷ
620 4070 823 4144 πολέμῳ
879 4078 980 4121 τῶν
1032 4073 1301 4146 αἰρετικῶι
1343 4074 1418 4124 ἔτι
1484 4072 1640 4122 καὶὸ
1697 4073 1842 4144 παρὰ

231 4168 338 4213 τῶν
404 4156 696 4212 δοκούντων
771 4155 1068 4230 ὀρθοδοξιῖν
1139 4163 1248 4230 (50)
1323 4159 1636 4229 ἐπαναστὰς,
1712 4163 1843 4232 πρὸς

318 4699 434 4764 (42)
463 4693 711 4764 Ἐφθασε-
738 4695 972 4764 videtin
1001 4695 1119 4748 tres
1148 4692 1535 4749 vetustissimi
1563 4692 1800 4749 codices
1833 4713 1845 4750 :

237 4768 389 4824 editi
417 4761 766 4837 1966:7503".
803 4761 1030 4819 ibidem
1059 4766 1258 4837 πάντῳς
1287 4764 1561 4819 additum
1582 4780 1655 4820 ex
1675 4766 1848 4836 quin-

237 4856 364 4912 que
396 4835 547 4894 mss.
583 4835 733 4891 Editi
769 4840 835 4889 τὰ
868 4839 1136 4907 γενόμενα.
1178 4835 1445 4908 Plerique
1485 4851 1636 4891 mss.
1675 4835 1742 4897 τὰ
1769 4857 1851 4908 γι.

242 4930 453 5052 ωέἷξὲῗ
475 4975 852 5052 Παιδίοςιςγ-Ιῐυ
888 4976 1071 5052 Harl_.,
1114 4976 1259 5033 Med.
1292 4982 1346 5033 et
1375 4976 1840 5052 Qoislqprimus.

242 5047 620 5109 Εάἰιῖπαισί.
648 5049 879 5105 Ibidem
900 5048 1039 5104 editi
1059 5053 1158 5122 πρὸ
1190 5057 1288 5101 τῶν
1327 5047 1517 5102 πυλῶν.
1555 5047 1667 5105 Sex
1699 5065 1847 5104 mss.

242 5128 832 5266 mdifiigiamw.
863 5195 1088 5266 Matres
1121 5189 1504 5266 vetustissimi
1525 5207 1672 5248 mss.
1698 5193 1850 5257 Qua-

242 5262 386 5324 mbr
407 5262 909 5335 ἐιιϋέξαρκέσουσι.
941 5262 1086 5318 Editi
1126 5262 1472 5335 ἐπαρκέσουσι

253 5410 265 5418 ι
316 5331 702 5444 (ﬁlia-17.61:.
759 5336 1014 5406 Uterque
1065 5331 1282 5404 Regius
1311 5338 1368 5389 et
1397 5331 1569 5389 Coisl.
1618 5333 1850 5406 primus

273 5430 309 5460 ιτ
338 5427 380 5460 λε’
445 5431 494 5462 ν.

246 5430 294 5601 ’ὅ
476 5476 865 5540 Ἐπιδείξεσθε.
902 5473 1079 5531 Coisl.
1119 5475 1354 5548 primus
1393 5479 1450 5531 et
1503 5474 1685 5533 Harl..
1737 5479 1854 5527 ἔπι-

302 5555 517 5601 ψεσθε-

302 5555 686 5697 "ﬂagitatam.
708 5623 800 5680 Ita
825 5623 945 5679 tres
972 5618 1364 5678 vetustissimi
1381 5633 1528 5676 mss.
1558 5617 1709 5676 Editi
1732 5637 1861 5691 μαν-

1964 4697 2148 4748 θάνειν.
2197 4692 2374 4750 Paulo
2395 4697 2530 4766 post
2557 4693 2771 4762 Regius
2803 4697 3052 4765 uterque
3081 4698 3136 4749 et
3167 4691 3344 4750 Coisl.
3379 4692 3611 4764 primus

1961 4766 2374 4837 ὑπολειφθέντας.

2032 4834 2549 4909 (48)ζ’1ξζκκηρύξωσι.
2588 4839 2667 4891 tta
2709 4838 2854 4909 tres
2889 4834 3272 4909 vetustissimi
3325 4834 3562 4909 codices
3595 4851 3608 4890 ε

1961 4913 2078 4980 tres
2117 4906 2211 4961 alii
2239 4905 2642 4980 Ἐκκηρύξουσι.
2708 4905 2856 4980 Editi
2882 4977 2891 4980 Α
2913 4905 3296 4980 ἑκριζώσουσιλ
3322 4907 3611 4980 Eradicq-

1963 4979 2216 5034 bunt.Ex
2239 4979 2349 5033 hac
2373 4977 2575 5034 autem
2594 4977 3140 5032 vetustissimbrum
3168 4977 3444 5032 codicum
3466 4977 3612 5032 scri-

1960 5055 2148 5121 ptura
2180 5054 2342 5121 patet
2371 5048 2641 5121 similiter
2663 5048 2988 5121 legendum
3033 5064 3188 5121 esse
3224 5047 3613 5100 ἀνανεώσωνται

1961 5118 2016 5192 et
2047 5118 2402 5192 διαλέξωνται,
2435 5120 2599 5192 quod
2629 5119 2827 5175 lucem
2876 5119 3046 5175 atl'crt
3071 5118 3392 5174 verborum
3443 5133 3612 5174 com-

1960 5190 2239 5264 plcxioni.

2031 5266 2143 5334 (49)
2175 5262 2679 5334 Συναγοντεςηῐὶῐιΐι.
2719 5265 2774 5317 et
2799 5260 2978 5318 Coisl.
3018 5262 3250 5332 primus
3293 5263 3614 5334 συναγαγόν-

1959 5329 2056 5394 τες.
2089 5333 2271 5389 Paulo
2294 5329 2427 5406 post
2454 5333 2591 5389 editi
2625 5333 2970 5406 ἐλεεινότερον.
3002 5329 3237 5404 Septem
3270 5329 3514 5385 mss.'ut
3551 5329 3612 5385 in

1964 5410 2142 5461 textu.

1968 5549 1995 5610 ξ
2023 5482 2142 5564 ⁴150)
2169 5473 2519 5552 Ὀρθοδοξεῑν.
2550 5475 2730 5545 llarl.,
2755 5477 2878 5532 Vat.
2903 5478 2960 5531 et
2994 5476 3133 5543 Reg.
3157 5471 3390 5542 primus
3425 5467 3616 5544 ὁμοδο-

2000 5566 2090 5604 ειν.

2000 5566 2090 5604 ειν.
