4054 6200
515 243 619 302 487
1500 321 1504 324 ,
1883 239 1939 298 s.
1982 241 2111 297 BAS

2269 241 2461 298 MAGN
2470 242 2508 296 Ι.
3766 249 3863 306 488

517 384 669 428 cere.
705 367 793 424 Ad
831 367 981 433 haec,
1033 365 1262 423 dicetur
1294 365 1454 422 enim
1485 365 1651 438 quod
1677 381 1772 421 res
1802 369 1911 435 est,
1940 370 1995 420 et
2023 364 2118 421 alia

2288 365 2373 426 θος
2430 369 2748 441 πραγμάτων
2810 367 3136 444 ἐξηρτημένοι
3203 369 3278 420 ἔτι
3335 373 3424 421 καὶ
3480 370 3575 432 τὰς
3626 370 3720 434 ἔξω
3776 382 3863 426 τῶν

518 458 686 518 timui
711 474 785 513 ne
800 457 949 514 forte
978 457 1035 511 in
1062 454 1476 511 necessitatem
1500 455 1836 511 veniremus
1859 454 2119 511 vulnerai

2289 451 2580 525 ἀναγκαίων
2631 455 2918 510 ἐπιϐάλλειν
2957 454 3257 531 φροντίδας.
3316 456 3476 530 Ὁμοῦ
3546 479 3599 513 τε
3649 460 3866 536 (εἰρήσε-

519 549 612 607 dae
643 547 869 603 mutuis
900 544 1386 602 altercationibus
1413 545 1631 600 animae
1669 551 1802 615 tuae,
1854 561 1989 616 quae
2021 560 2120 617 pui

2282 563 2369 594 ται
2425 547 2524 619 γαρ
2583 545 2839 615 τάληθὲς),
2896 552 2986 599 καὶ
3049 546 3214 609 ἄλλως
3275 552 3488 605 ὤκνησα
3553 554 3756 622 μήποτε
3809 553 3871 614 εἰς

523 637 724 694 suain
759 640 945 694 Deum
1007 635 1228 708 pietate
1280 634 1604 706 perfectam
1666 633 1922 704 religiosi
1977 638 2124 689 culti

2285 630 2513 705 ἀνάγκην
2585 635 2804 708 ἔλθωμεν
2898 644 3012 699 ταῖς
3082 636 3196 690 κατ’
3275 635 3502 696 ἀλλήλων
3561 637 3875 713 ἀντιλογίαις

519 727 862 787 mercedem
910 724 1216 798 percipere
1257 722 1452 779 debet.
1483 726 1631 779 Nam
1662 739 1874 779 revera
1904 723 1950 778 si
1977 722 2090 795 ipsi

2282 730 2480 795 τρῶσαι
2538 729 2630 782 τὴν
2682 725 2868 798 ψυχὴν
2931 747 3048 797 σου,
3107 725 3411 799 ὀφείλουσαν
3463 727 3511 780 ἐν
3564 737 3626 801 τῇ
3672 732 3877 804 καθαρᾷ

520 817 600 874 ad
631 834 745 873 nos
775 813 1218 878 abstrahamus,
1253 828 1469 885 parum
1498 812 1601 868 tibi
1632 813 1732 868 otii
1757 811 1834 868 ad
1851 829 1945 869 res
1974 811 2121 885 pubi

2281 817 2399 885 περὶ
2445 817 2528 865 τὸν
2587 818 2716 868 Θεὸν
2776 815 3014 890 εὐλαϐείᾳ
3061 815 3247 869 τέλειον
3299 820 3386 870 τὸν
3413 820 3604 891 μισθὸν
3632 828 3732 882 τῆς
3763 822 3872 874 θεο-

521 925 620 964 cas
645 907 1083 978 relinquemus;
1109 921 1177 960 ac
1203 904 1364 961 idem
1389 902 1509 959 fere
1534 903 1844 970 faciemus,
1869 920 1940 960 ac
1968 904 2016 958 si
2038 920 2118 976 qu

2285 900 2485 965 σεϐείας
2545 907 2898 977 καρποῦσθαι,
2963 913 3045 977 Τῷ
3103 910 3211 959 ὄντι
3273 909 3397 980 γὰρ,
3457 905 3539 958 ἐάν
3627 928 3684 960 σε
3748 915 3874 984 πρὸς

519 996 896 1064 nauclerum,
961 995 1134 1065 188
1186 994 1289 1066 qui
1319 1009 1537 1049 navem
1568 1009 1762 1066 nuper
1791 997 2120 1068 compactai

2283 989 2498 1055 ἑαυτούς
2545 991 2935 1069 ἐπιστρέψωμεν
2979 995 3091 1064 (63)
3150 997 3320 1066 ἡμεῖς,
3351 995 3529 1067 ὀλίγην
3563 1016 3646 1049 σοι
3677 998 3871 1070 σχολὴν

517 1087 579 1144 in
624 1103 848 1157 magna
896 1085 1196 1156 gubernat
1255 1088 1630 1154 tempestate,
1694 1084 1943 1140 sarcinis
1998 1100 2114 1140 nov

2281 1084 2412 1154 πρὸς
2486 1084 2552 1134 τα
2600 1078 2839 1155 δημόσια
2884 1083 3292 1157 καταλείψομεν·
3371 1090 3461 1138 καὶ
3511 1087 3873 1160 παραπλήσιον

517 1179 875 1251 priegravet,
901 1191 1038 1230 cum
1068 1173 1296 1245 aliquid
1320 1172 1634 1228 detrahere
1651 1172 1874 1243 oneris,
1901 1177 1957 1229 et
1984 1189 2118 1246 quai

2282 1174 2586 1243 ποιήσομεν,
2669 1173 2840 1245 ὥσπερ
2912 1170 2971 1224 ἂν
3026 1177 3069 1226 εἴ
3123 1193 3200 1234 τις
3251 1172 3590 1246 κυϐερνήτην,
3647 1187 3871 1250 νεοπαγῇ

522 1270 646 1322 tum
669 1263 794 1321 ﬁeri
819 1268 1012 1337 potest
1042 1261 1300 1318 allevare
1332 1266 1626 1334 oporteat.
1661 1262 1825 1318 Unde
1846 1262 1994 1318 mihi
2015 1262 2123 1318 vid

2280 1266 2403 1310 ναῦν
2457 1259 2504 1311 ἐν
2553 1261 2758 1333 μεγάλῳ
2811 1258 3040 1314 κλύδωνι
3097 1259 3456 1332 ὃιευθύνοντα,
3489 1272 3548 1337 τῇ
3599 1269 3871 1340 προσθήκη

520 1361 614 1412 tur
644 1359 701 1410 et
731 1370 990 1425 magnus
1019 1352 1365 1424 imperator,
1416 1350 1519 1406 ubi
1540 1356 1808 1408 nostram
1834 1352 1991 1408 hanc
2019 1351 2121 1408 sol]

2281 1355 2375 1399 τοῦ
2434 1353 2622 1422 φόρτου
2677 1349 3048 1424 καταϐαρύνοι,
3106 1348 3220 1404 ὃέον
3263 1350 3496 1425 ἀφαιρεῖν
3534 1373 3584 1406 τι
3615 1363 3713 1407 τῶν
3745 1355 3877 1427 ἀγω-

519 1444 849 1502 citudinem
877 1441 1204 1516 perspexit,
1223 1441 1463 1497 veniam
1495 1440 1756 1513 dedisse,
1791 1446 1855 1497 ut
1881 1441 2120 1498 Ecclesia

2281 1441 2466 1509 γίμων,
2521 1443 2609 1490 καὶ
2674 1441 3121 1513 συνεπικουφίζειν
3169 1443 3238 1502 ὡς
3287 1438 3528 1498 δυνατόν.
3585 1443 3736 1496 Ὀθεν
3787 1464 3879 1517 μοι

517 1551 626 1608 per
649 1550 760 1590 nos
798 1533 915 1605 ipsi
967 1531 1549 1588 administraremus.
1596 1534 1728 1588 Jam
1778 1548 1915 1589 vero
1939 1548 2040 1588 eos
2070 1549 2118 1605 q‘

2285 1522 2429 1579 δοκεῖ
2479 1531 2568 1579 καὶ
2618 1525 2870 1599 βασιλεὺς
2921 1531 2946 1581 ὁ
2991 1534 3173 1602 μέγας,
3217 1535 3311 1589 τήν
3367 1531 3877 1605 πολυπραγμοσύνην

518 1623 762 1681 sinceris
790 1622 905 1679 tuis
938 1621 1188 1678 auribus
1202 1620 1580 1693 obstrepunt,
1596 1621 1994 1693 interrogatos
2012 1621 2119 1677 vol:

2282 1617 2426 1688 ἡμῶν
2485 1619 2677 1674 ταύτην
2734 1620 3072 1690 καταμαθὼν,
3150 1618 3302 1672 ἐᾶσαι
3365 1622 3506 1692 ἡμᾶς
3555 1620 3630 1693 ἐφ’
3685 1620 3875 1674 ἑαυτῶν

518 1713 667 1788 quid
698 1730 732 1769 a
749 1712 925 1769 nobis
947 1711 1127 1767 rebus
1146 1709 1400 1783 publicis
1425 1710 1671 1767 allatum
1705 1711 1779 1767 sit
1798 1711 2115 1768 detriment

2280 1706 2372 1766 τὰς
2420 1704 2734 1768 Ἐκκλησίας
2772 1707 3077 1779 οἰκονομεῖν.
3129 1711 3255 1769 Τούς
3310 1714 3485 1781 μέντοι
3527 1717 3641 1770 ταῖς
3673 1707 3877 1772 ἀδόλοις

517 1803 662 1874 quid
693 1818 952 1874 parvum
994 1815 1363 1869 magnumve
1425 1799 1485 1855 in
1537 1799 1718 1855 rebus
1743 1800 2118 1859 communibi

2281 1791 2456 1855 ἀκοαῖς
2503 1814 2596 1847 σου
2645 1796 3090 1871 παρενοχλοῦντας
3131 1796 3456 1873 ἐρωτηθῆναι
3513 1797 3788 1872 βούλομαι,
3830 1806 3878 1852 τί

517 1895 721 1946 nostra
776 1890 1174 1946 Ecclesiarum
1231 1889 1665 1958 gubernatione
1721 1889 2012 1946 laedatur?
2058 1890 2118 1945 ni

2279 1892 2457 1959 χεῖρον
2498 1887 2611 1956 ἔχει
2655 1887 2721 1936 τὰ
2777 1882 3014 1958 δημόσια
3051 1887 3372 1960 παρ’ἠμοὶς;
3428 1888 3456 1946 ᾖ
3514 1893 3564 1939 τί
3612 1892 3798 1962 μικρὸν
3843 1891 3871 1949 ᾖ

518 1980 655 2053 quis
686 1980 846 2036 dicat
876 1979 1170 2034 damnum
1220 1978 1297 2034 ab
1348 1994 1418 2034 eo
1449 1978 1628 2033 rebus
1657 1978 1873 2045 afferri,
1907 1979 2011 2051 qui
2042 1994 2119 2051 pr:

2278 1973 2456 2045 μεῖζον
2509 1983 2607 2025 τῶν
2655 1982 2837 2026 κοινῶν
2892 1973 2946 2026 ἐκ
2994 1983 3085 2036 τῆς
3115 1977 3368 2051 ἡμετέρας
3397 1981 3515 2051 περὶ
3541 1980 3631 2040 τὰς
3661 1977 3875 2037 Ἐκκλη-

516 2069 770 2125 cationis
803 2068 1054 2124 domum
1088 2067 1410 2136 magnifice
1439 2071 1802 2122 exstructam
1834 2068 2003 2136 erigit
2049 2070 2117 2123 De

2282 2067 2400 2124 σίας
2452 2063 2749 2135 οἰκονομίας
2810 2065 2919 2134 (64)
2977 2063 3296 2134 ἠλάττωταις
3361 2065 3494 2123 πλὴν
3561 2066 3603 2119 εἰ
3667 2072 3739 2139 μή
3801 2088 3875 2128 τις

515 2163 743 2226 nostro,
795 2162 850 2212 et
880 2156 1039 2211 (edes
1071 2157 1294 2211 circum
1323 2155 1510 2224 illam,
1538 2155 1718 2211 aliam
1750 2156 1998 2228 quidem
2026 2156 2116 2212 libi

2281 2149 2419 2222 λέγοι
2468 2150 2669 2224 βλάϐην
2714 2159 2822 2213 τοῖς
2871 2154 3150 2226 πράγμασι
3205 2157 3387 2227 φέρειν,
3434 2153 3573 2206 οἰκον
3605 2155 3874 2228 εύκτὴριον

513 2246 624 2302 rali
648 2245 866 2318 specie,
891 2245 1174 2316 episcopo
1199 2244 1477 2316 privatim
1505 2243 1831 2312 addictam,
1856 2245 2002 2302 alias
2028 2261 2114 2301 vei

2279 2239 2681 2315 μεγαλοπρεπῶς
2757 2246 3234 2314 κατεσκευασμένον
3285 2241 3581 2300 ἀναστῆσαι
3630 2251 3701 2314 τῷ
3762 2252 3875 2316 Θεῷ

513 2334 823 2391 interiores
848 2335 945 2389 Dei
973 2333 1213 2389 famulis
1262 2350 1331 2389 ex
1361 2333 1569 2389 ordine
1591 2333 1971 2401 distributas;
2023 2352 2114 2408 qui

2280 2331 2448 2401 ἡμῶν,
2500 2335 2590 2382 καὶ
2654 2335 2772 2405 περὶ
2823 2331 2976 2383 αὐτὸν
3031 2334 3262 2401 οἴκησιν,
3318 2335 3410 2390 τὴν
3451 2335 3540 2404 μὲν
3594 2331 3875 2408 ἐλευθέριον

512 2439 647 2480 rum
671 2440 815 2478 usus
831 2423 1172 2478 communis
1196 2423 1365 2478 vobis
1384 2424 1735 2487 rectoribus,
1772 2428 1830 2480 et
1860 2429 2054 2481 vestro
2074 2442 2113 2480 οι

2279 2417 2595 2494 ἐξῃρημένην
2643 2419 2755 2491 (65)
2813 2429 2885 2491 τῷ
2940 2426 3224 2495 κορυφαίω,
3267 2422 3356 2482 τὰς
3401 2417 3460 2473 δὲ
3491 2421 3878 2484 ὑποϐεϐηκυίας

513 2512 769 2568 mitatui.
793 2514 1051 2584 Ecquem
1075 2511 1292 2581 injuria
1314 2511 1627 2579 aﬂicimus,
1647 2512 1790 2567 dum
1815 2514 2107 2586 peregrini

2279 2515 2388 2569 τοῖς
2439 2510 2772 2583 θεραπευταῖς
2824 2516 2915 2560 τοῦ
2973 2511 3111 2562 θείου
3168 2506 3598 2582 διανενεμημένας
3635 2509 3875 2581 ἐνταξει,

513 2601 636 2658 sive
663 2602 776 2658 hac
804 2600 1277 2671 transeuntibus,
1302 2601 1428 2656 sive
1441 2600 1674 2657 medela
1689 2601 1890 2674 aliqua
1910 2603 1988 2658 ob
2011 2619 2111 2658 mo

2279 2599 2395 2655 ὧνη
2437 2605 2636 2670 χρῆσις
2683 2603 2827 2656 κοινὴ
2878 2601 3008 2671 πρὸς
3058 2617 3112 2650 τε
3159 2600 3294 2671 ὑμᾶς
3331 2601 3452 2660 τούς
3491 2601 3758 2674 ἄρχοντας
3787 2607 3878 2654 καὶ

512 2691 662 2747 bum
694 2690 1108 2762 indigentibus
1134 2691 1396 2763 hospitia
1423 2691 1849 2762 couslruimus,
1882 2698 2061 2766 atque
2083 2712 2109 2749 s

2277 2690 2400 2747 τοὺς
2447 2692 2831 2760 παρεπομένους
2894 2690 3034 2760 ύμῖν.
3085 2692 3212 2740 Τίνα
3277 2683 3336 2739 δὲ
3398 2684 3701 2759 ἀδικούμεν,
3753 2709 3877 2742 κατ-

511 2781 922 2837 necessarium
963 2780 1382 2835 constituimus
1407 2779 1706 2844 solatium,
1730 2797 2030 2851 aegrorum
2061 2799 2112 2838 ci

2277 2781 2484 2847 αγὼγια
2531 2783 2639 2838 τοῖς
2688 2775 2848 2839 ξένοις
2904 2772 3317 2848 οἰκοδομοῦντες,
3347 2783 3452 2839 τοῖς
3481 2796 3533 2828 τι
3561 2780 3695 2828 κατά
3731 2782 3875 2854 παρ-

510 2873 762 2936 ratores,
811 2868 1101 2937 medicos,
1165 2869 1462 2940 jumenta,
1495 2869 1897 2926 deductores?
1933 2871 2111 2937 Quibi

2278 2861 2398 2917 οδον
2449 2862 2754 2937 ἐπιφοιτῶσι
2805 2869 2893 2917 καὶ
2943 2872 3050 2926 τοῖς
3101 2867 3369 2940 θεραπείας
3427 2869 3567 2928 τινὸς
3625 2862 3718 2918 διὰ
3779 2873 3879 2925 την

508 2973 762 3014 necesse
793 2957 903 3014 fuit
955 2963 1010 3013 et
1057 2963 1212 3014 artes
1243 2958 1519 3029 adjungi,
1551 2964 1680 3014 tum
1707 2976 1843 3032 quae
1871 2960 1948 3016 ad
1980 2961 2109 3016 vitai

2279 2956 2542 3009 ἀσθένειαν
2573 2953 2853 3030 δεομένοις,
2904 2963 2994 3009 καὶ
3046 2963 3140 3016 την
3167 2956 3450 3030 ἀναγκαίαν
3471 2960 3665 3018 τούτοις
3693 2963 3880 3034 παροί-

509 3051 649 3104 sunt
677 3048 1052 3119 necessariae,
1108 3052 1234 3104 tum
1270 3065 1404 3120 quae
1437 3048 1514 3103 ad
1546 3049 1856 3105 honestius
1889 3051 2022 3106 vitae
2051 3050 2110 3106 in

2282 3047 2466 3118 μυθίαν
2541 3045 2968 3118 ἑγκαθιστῶντες,
3048 3050 3166 3108 τοὺς
3251 3055 3680 3119 νοσοκομούντας,
3749 3053 3883 3111 τοὺς

508 3139 746 3195 titutum
776 3138 1019 3194 fuerunt
1064 3137 1412 3208 excogitatae
1450 3155 1462 3193 :
1492 3139 1642 3195 alius
1663 3155 1868 3194 rursus
1898 3140 2060 3196 aedes
2085 3157 2109 3196 a

2277 3138 2619 3208 ἰατρεύοντας,
2661 3139 2724 3187 τὰ
2762 3140 3049 3211 νωτοφόρα,
3082 3139 3200 3196 τούς
3238 3139 3677 3212 παραπέμποντας
3707 3141 3822 3206 (66)
3863 3156 3878 3203 ;

509 3225 785 3283 facienda
810 3243 996 3299 opera
1025 3226 1296 3293 idoneas,
1314 3244 1451 3299 quae
1472 3227 1680 3283 omnia
1705 3229 1816 3301 ipsi
1837 3228 1970 3285 loco
1992 3246 2110 3286 οιηιε

2282 3229 2487 3287 Γούτοις
2525 3223 2724 3295 ἀνάγκη
2780 3230 2870 3276 καὶ
2921 3228 3113 3297 τέχνας
3156 3227 3390 3293 ἕπεσθαι,
3443 3228 3536 3287 τάς
3577 3245 3630 3277 τε
3655 3229 3785 3298 πρὸς
3817 3231 3883 3279 τὸ

509 3320 656 3386 tum,
681 3316 963 3372 etrectori
986 3322 1190 3372 nostro
1222 3316 1477 3387 gloriam
1501 3317 1716 3386 ferunt,
1738 3318 1918 3374 laude
1940 3318 1998 3374 in
2023 3336 2110 3376 eu1

2284 3318 2368 3386 ζῇν
2397 3312 2698 3385 ἀναγκαίας,
2731 3318 2821 3365 καὶ
2862 3316 2982 3366 ὅσαι
3011 3317 3139 3388 πρὸς
3181 3314 3489 3387 εὐσχήμονα
3513 3313 3634 3387 βίον
3675 3310 3885 3386 διαγω-

505 3404 905 3463 redundante.
931 3405 1021 3459 Tu
1045 3411 1200 3461 certe
1232 3422 1352 3460 non
1376 3405 1595 3462 idcirco
1624 3407 1701 3462 ad
1728 3423 1837 3463 nos
1863 3408 2106 3478 rcgend<

2283 3408 2366 3474 γὴν
2425 3402 2772 3478 ἐφευρέθησαν
2806 3424 2818 3436 ·
2872 3407 3046 3465 οἴκους
3092 3402 3244 3456 πάλιν
3327 3403 3524 3477 ἐτέρους
3569 3411 3680 3463 ταῖς
3720 3402 3884 3476 ἐργα-

505 3491 728 3550 iuvitus
761 3493 1058 3549 adductus
1085 3511 1168 3560 es,
1197 3494 1361 3565 quod
1395 3495 1558 3550 solus
1589 3495 1777 3550 animi
1800 3498 2106 3566 magnitud

2282 3497 2414 3554 σίαις
2474 3489 2826 3559 ἐπιτηδείους,
2879 3491 3004 3565 ἀπερ
3048 3494 3219 3544 πάντα
3253 3501 3341 3563 τῷ·
3363 3496 3453 3565 μὲν
3481 3497 3620 3564 τόπῳ
3649 3496 3883 3565 κόσμος,

506 3583 644 3640 dine
676 3583 868 3655 possis
927 3598 1112 3654 opera
1162 3582 1428 3656 collapsa
1467 3583 1827 3653 instaurare,
1878 3585 2012 3642 loca
2035 3603 2107 3643 n0

2280 3589 2338 3652 τῷ
2397 3577 2456 3633 δῖε
2511 3581 2733 3654 ἄρχοντι
2773 3583 2917 3652 ημῶν
2950 3580 3329 3654 σεμνολογημα,
3372 3581 3436 3632 ἐπ
3464 3581 3616 3632 αὐτὸν
3649 3590 3740 3641 τῆς
3783 3582 3881 3633 εύ-

505 3671 713 3728 h'abita
743 3671 953 3728 incolis
1004 3671 1324 3744 complere,
1361 3679 1416 3728 et
1450 3689 1568 3728 uno
1599 3673 1784 3729 verbo
1812 3674 2106 3731 solitudini

2284 3676 2464 3744 μημίας
2518 3670 2852 3734 ἐπανιούσης.
2897 3671 2986 3732 Ὀς
3033 3691 3090 3743 γε
3139 3668 3261 3724 οὐδὲ
3310 3675 3494 3724 τούτου
3537 3675 3696 3724 ἕνεκεν
3742 3677 3885 3743 πρὸς

503 3762 565 3817 in
587 3761 768 3817 urbes
792 3759 1242 3817 ti-ansl‘ormare.
1304 3761 1410 3826 Qui
1435 3761 1612 3831 igitur
1643 3761 1718 3817 ad
1745 3762 1874 3818 haec
1901 3779 1960 3818 se
1991 3763 2104 3835 adji

2275 3763 2361 3819 τὴν
2409 3759 2721 3812 ἐπιστασίαν
2761 3762 2906 3833 ἡμῶν
2960 3759 3287 3825 ἐξεϐιάσθης,
3327 3761 3395 3822 ὡς
3449 3765 3602 3832 μόνος
3631 3759 3876 3836 ἐξαρκῶν

505 3855 693 3906 torem
727 3849 972 3922 praebet,
1008 3866 1145 3906 eum
1169 3849 1408 3920 abigere
1429 3855 1482 3905 et
1508 3850 1741 3921 injuriis
1766 3852 1999 3908 afficere
2022 3869 2106 3909 (τοι

2288 3858 2339 3920 ’ᾧ
2406 3852 2606 3922 μεγέθει
2668 3858 2765 3910 τῆς
2827 3855 3036 3923 γνώμης
3100 3852 3165 3902 τά
3213 3869 3267 3902 τε
3323 3849 3714 3924 κατερρυηκοτα
3770 3860 3889 3902 τῶν

505 3944 888 4009 sentaneum,
917 3955 993 3994 an
1025 3939 1324 3994 honorare
1356 3955 1424 3994 ac
1462 3939 1692 3996 colere?
1724 3943 1923 4012 Neque
1957 3942 2103 3998 exist

2288 3942 2428 4011 λογων
2485 3942 2594 4008 (67)
2645 3937 2932 4008 ἀναλαϐεῖν,
2997 3944 3088 3990 καὶ
3133 3938 3332 3990 οἰκίσαι
3398 3941 3493 4000 τὰς
3562 3936 3889 4008 ἀοικήτους,

504 4044 657 4095 mes,
691 4028 782 4083 vir
812 4031 1058 4099 optime,
1091 4027 1276 4083 verba
1299 4033 1530 4084 tantum
1550 4045 1677 4084 esse
1701 4045 1836 4101 quae
1863 4031 2105 4087 dicimus

2291 4034 2358 4080 ιαὶ
2413 4028 2539 4090 ὅλως
2573 4029 2643 4090 εἰς
2684 4029 2856 4090 πόλεις
2903 4031 2993 4090 τὰς
3043 4026 3262 4103 ἐρημίας
3327 4031 3741 4101 μετασκευάσαι.
3773 4034 3892 4081 Τὸν

503 4117 803 4189 siquidem
830 4117 956 4187 jain
1009 4117 1068 4171 in
1113 4132 1293 4188 opere
1318 4133 1646 4185 versamur,
1681 4135 1815 4173 cum
1841 4121 2104 4176 materiai

2287 4114 2356 4169 μῦν
2415 4118 2487 4179 εἰς
2550 4125 2718 4169 ταῦτα
2781 4125 3131 4192 συνεργοῦντα
3212 4115 3433 4169 ἐλαύνειν
3477 4122 3565 4168 καὶ
3610 4117 3888 4190 ὑϐρίζειν,

505 4207 792 4262 hactenus
825 4207 1422 4278 comportavei-imus.
1446 4209 1575 4261 Haec
1599 4207 1775 4278 igitur
1794 4208 1869 4263 ad
1886 4214 2106 4267 nostrai

2286 4210 2298 4267 ὲ
2346 4214 2502 4280 τιμᾲν
2545 4212 2634 4259 καὶ
2695 4211 2972 4281 περιέπειν,
3037 4204 3435 4280 ακολουθὸτερον
3486 4203 3575 4272 iv;
3629 4211 3732 4258 Καὶ
3796 4213 3887 4279 μὴ

501 4311 708 4352 coram
728 4300 956 4350 rectore
987 4294 1400 4350 defensionem
1430 4295 1587 4351 dicta
1621 4298 1756 4351 sint.
1787 4299 1929 4362 Quae
1953 4304 2102 4356 autci

2287 4297 2476 4369 ιίηθῇς,
2509 4293 2548 4346 ὦ
2578 4298 2780 4370 ἄριστε,
2822 4295 2972 4367 λόγον
3020 4300 3172 4368 μόνον
3225 4293 3352 4347 εἶναι
3401 4298 3464 4346 τὰ
3505 4296 3628 4370 παρ’
3667 4297 3823 4366 ἡμῶν
3875 4320 3888 4330 -

499 4402 611 4458 par
631 4389 718 4440 est
735 4384 1029 4440 adversus
1043 4390 1467 4439 accusatorum
1489 4385 1786 4456 querelas,
1810 4387 2100 4443 utCliristi.

2289 4385 2373 4445 ξὸη
2426 4388 2527 4458 γὰρ
2569 4384 2718 4457 ἐσμεν
2759 4383 2807 4436 ἐν
2847 4393 2919 4455 τῷ
2973 4386 3124 4456 ἔργῳ,
3176 4386 3264 4444 τὰς
3309 4382 3435 4445 ύλας
3478 4389 3598 4443 τέως
3654 4403 3890 4456 συμπο-

498 4478 653 4530 noet
690 4473 886 4529 amico
935 4472 1440 4528 existimationem
1486 4489 1683 4528 meam
1709 4491 1866 4530 curae
1886 4476 2099 4532 habent

2289 4477 2550 4548 ’ίζδμενον
2584 4477 2660 4526 Τὰ
2707 4478 2796 4546 μέν
2849 4470 2936 4525 οὖν
2983 4477 3110 4547 πρὸς
3158 4477 3250 4531 τὴν
3308 4481 3399 4526 τοῦ
3448 4475 3704 4544 ἄρχοντος
3740 4473 3890 4527 ἀπο-

497 4561 880 4634 respondere,
917 4577 988 4616 ea
1027 4577 1187 4616 nunc
1214 4577 1457 4616 necesse
1480 4567 1569 4617 est
1594 4565 2060 4634 praetermittere,
2093 4586 2098 4618 ι

2284 4571 2443 4637 λογίαν
2491 4572 2728 4621 τοιαῦτα.
2779 4563 2842 4616 ”Α
2911 4559 2970 4614 di
3018 4559 3102 4614 δεῖ
3144 4566 3268 4635 πρὸς
3307 4565 3398 4624 τὰς
3447 4570 3545 4613 τῶν
3590 4562 3885 4634 φιλαιτίων

500 4656 556 4709 et
579 4650 844 4724 epistolae
870 4650 1054 4706 modo
1075 4649 1442 4720 longiora,ct
1469 4651 1710 4708 aliunde
1727 4653 2010 4710 inanimis
2034 4672 2101 4728 ep

2284 4654 2500 4728 ιέμψεις,
2591 4657 2654 4714 ως
2743 4660 3042 4726 Χριστιανῷ
3127 4656 3216 4703 καὶ
3301 4651 3428 4723 φίλῳ
3501 4658 3885 4726 πεφροντικότι

571 4800 1168 4908 Ἐπιστρέψωμεν.
1222 4806 1308 4856 tta
1365 4818 1511 4856 mss.
1571 4820 1808 4858 summo
1831 4819 2149 4862 consensu.

591 4880 644 4908 ιιι
683 4877 1061 4908 εριηφηέηηηε..

2287 4806 2508 4908 ιουοβξ
2535 4821 2732 4908 causa.
2753 4804 2866 4860 hoc
2875 4821 3106 4908 31mins
3138 4802 3364 4885 clericis
3395 4805 3888 4908 smpch‘ouim'is-

499 4873 647 4929 Editi
680 4873 1115 4955 ἐπιστρέψομεν..
1487 4944 1500 4955 ‘
1530 4943 1565 4955 ῃ

2295 4895 2394 4955 um
2416 4879 2631 4955 t'uisse_._
2667 4880 2842 4955 _Nam
2874 4875 3124 4955 Basilius
3162 4875 3224 4955 in
3268 4875 3444 4955 epist.
3475 4873 3575 4929 243
3611 4880 3891 4954 testatur

575 4947 688 5017 (δᾴ)
729 4943 1064 5017 Οἰκονομίας.
1099 4946 1230 5017 I-luzc
1281 4960 1396 4998 vox
1429 4943 1634 4999 addita
1661 4961 1730 5000 ex
1761 4962 1979 5002 novem
2004 4964 2150 5004 mss.
2260 4949 2511 5004 Arianos
2565 4947 2678 5002 sibi
2737 4948 2942 5003 omnia
2993 4943 3398 5002 ecclesiastica
3457 4945 3663 5001 munia
3695 4962 3888 5002 arro-

499 5015 681 5072 Paulo
705 5023 857 5096 post.
895 5014 1030 5070 editi
1081 5014 1494 5088 μεγαλοπρεπές’
1555 5032 1703 5072 mss.
1745 5033 1986 5073 summo
2017 5034 2155 5074 con-
2259 5020 2502 5096 gare,_in
2537 5018 2630 5096 his
2662 5025 2724 5073 ut.
2753 5017 3550 5096 deducantproﬁciscentes.
3583 5017 3892 5096 Queritur

498 5104 679 5162 sensu
705 5087 1128 5162 μεγαλοπρεπῶς.
1176 5159 1212 5162 __
1319 5087 1324 5088 ⁷
1469 5157 1479 5162 Α
1980 5159 1988 5162 _

2284 5087 2318 5146 n
2351 5091 2522 5162 epist.
2557 5094 2646 5158 98,
2670 5089 2838 5161 quod
2870 5105 2931 5162 se
2960 5087 3229 5144 Melctius
3257 5094 3314 5144 et
3337 5087 3696 5162 Theodotius
3731 5105 3885 5160 per-

569 5158 680 5237 (βξ)
708 5157 1099 5237 fragmen.
1147 5159 1307 5237 .I'llBC
1342 5157 1679 5236 scriptura,
1744 5159 2023 5237 quamvis
2093 5161 2149 5216 in
2219 5218 2223 5220 _
2259 5157 2974 5237 functoriciiivi'tavcrint,
3023 5177 3134 5216 nec
3158 5175 3531 5237 quemquam
3564 5157 3884 5237 miserint,

497 5228 672 5286 editis
703 5228 938 5305 tantum
971 5245 1040 5283 ac
1063 5228 1234 5305 t_.‘oisl.
1264 5228 1782 5305 primooecurrat;
1810 5231 2041 5305 videtur
2074 5238 2155 5286 ta-
2257 5233 2383 5305 qui
2419 5233 2634 5305 iterum
2705 5233 3058 5289 admoneret
3131 5228 3236 5287 aut
3289 5228 3629 5287 deduceret.
3689 5228 3886 5300 (Vide

497 5317 637 5357 men
671 5298 1359 5376 ei_pra_3ferenda,q_uam_
1382 5299 1606 5376 habent
1629 5299 1726 5355 alii
1755 5318 1898 5356 mss.
1935 5301 2153 5376 ἐξηρτη-
2257 5298 2599 5372 Addenda).

494 5377 674 5452 piam:
720 5369 904 5452 P‘aulo
967 5375 1104 5452 post
1147 5369 1286 5425 editi
1341 5369 1566 5440 ἐντάξαι,
1614 5388 1720 5442 pro
1753 5388 1873 5444 quo
1906 5389 1978 5428 ex
2003 5369 2095 5428 ms

2286 5449 2299 5452 Α
2331 5380 2439 5452 (6-7)
2472 5369 2594 5452 frag!
2629 5378 2815 5452 ἔργων-ἶ
2856 5377 2940 5452 ita
2991 5378 3105 5452 tres
3159 5373 3542 5452 vetustissimi
3591 5374 3885 5440 codices.

498 5441 819 5516 posuimus
842 5441 892 5494 ἐν
913 5441 1073 5504 τάξει.
1289 5511 1316 5516 _
1393 5511 1404 5516 _
1615 5441 1630 5442 ί
2259 5446 2437 5510 Harl.,
2471 5445 2619 5503 Med.
2650 5441 2735 5501 ’ἐι
2779 5445 2953 5502 Coisl.
3014 5446 3264 5516 primus.
3300 5447 3410 5501 Sex
3429 5444 3528 5500 alii
3556 5462 3704 5500 mss.
3734 5464 3890 5506 non

568 5518 678 5591 (βίη
718 5517 1228 5591 Ιξαραπςμποντας.“
1276 5511 1664 5591 Πείίιιιυιρνςε,
1726 5512 1811 5591 _id
1854 5589 1860 5591 _
1897 5518 2015 5591 e_s_t_
2050 5531 2154 5572 eos

2288 5523 2360 5591 ta_
2396 5517 2614 5591 vetusti
2665 5532 2796 5591 pro_
2832 5516 2925 5591 his
2971 5511 3218 5591 vocibus
3263 5516 3492 5573 habent
3530 5525 3600 5586 τῷ
3651 5524 3889 5591 χρονῳ.

494 5583 599 5653 qui
624 5578 870 5642 obviam
892 5578 1082 5656 ibant,
1102 5587 1161 5642 et
1175 5581 1466 5642 abeuntes
1485 5582 1888 5641 deducebant.
1912 5585 2095 5645 Videti

2259 5587 2409 5644 Editi
2430 5578 2754 5660 utrumque
2781 5586 3010 5645 habent
3038 5596 3137 5641 τῶν
3168 5590 3326 5662 ἔργων
3365 5591 3424 5646 et
3444 5595 3516 5660 τῷ
3817 5578 3829 5594 ’
