4054 6200
549 257 649 316 491

1102 377 1434 435 EPISTOLA
1475 374 1675 433 XCVI'.

1935 249 1991 306 S.
2033 243 2278 305 BASILII
2316 244 2510 305 MAGN
2517 249 2536 306 Ι

3809 246 3905 305 492

2884 381 3215 433 ΕΠΙΣΤΟΑΗ
3254 359 3362 445 ὃς.

546 508 932 564 Demonstrat
964 505 1225 559 Basilius
1246 508 1537 574 quantum
1569 501 1802 569 afﬂicta
1835 497 2227 574 Cappadocia,
2250 496 2533 574 damnum
2548 502 2786 569 fecerit.
2816 502 3020 558 ablato
3052 504 3105 558 ei
3129 504 3626 570 praestantissimo
3650 510 3892 574 praeside

690 578 917 647 (Helia).
940 578 1133 647 Rogat
1162 581 1229 631 ut
1255 568 1431 631 illum
1461 568 1833 644 Sophronias
1862 568 2231 628 commendet
2260 568 2642 643 ImperatOri,
2667 580 2720 631 et
2752 574 2958 631 illatas
2984 576 3039 631 ei
3069 568 3518 634 criminationes
3550 568 3777 638 diluat.

1037 736 1374 807 Sophronia
1403 736 1714 809 magistro.

624 882 837 956 Ecquis
868 882 950 937 ita
979 880 1275 936 civitatem
1305 894 1476 935 suam
1506 877 1779 948 diligens,
1812 892 1881 932 ac
1912 874 2196 948 patriam,

553 990 589 1030 a
614 989 737 1045 qua
767 972 959 1028 editus
983 971 1044 1025 in
1072 970 1268 1025 lucem
1296 973 1352 1024 et
1396 969 1650 1024 nutritus
1681 982 1853 1039 aeque
1885 981 1955 1021 ac
1981 979 2201 1036 paren-

549 1066 637 1118 tes
667 1062 992 1129 honorans,
1041 1059 1125 1114 uti
1178 1063 1241 1113 tu
1270 1058 1417 1128 ipse,
1460 1056 1566 1129 qui
1613 1060 1668 1112 et
1710 1056 1847 1111 urbi
1903 1054 2201 1109 universas

550 1150 878 1223 generatim
909 1153 965 1205 et
993 1148 1207 1220 cuique
1236 1146 1535 1215 sigillatim
1574 1145 1737 1201 bona
1769 1143 2055 1216 precaris,
2091 1157 2201 1197 nec

546 1240 808 1314 precaris
850 1239 1065 1304 solum,
1100 1237 1205 1293 sed
1250 1239 1392 1291 vota
1434 1235 1609 1292 etiam
1662 1250 1768 1306 per
1806 1234 2025 1305 teipse
2057 1247 2201 1287 con-

549 1332 755 1385 ﬁrmas
774 1330 801 1385 ?
832 1328 967 1382 Haec
992 1327 1151 1381 enim
1179 1328 1371 1396 potes,
1395 1328 1512 1379 Deo
1533 1324 1734 1385 dante,
1763 1327 1941 1394 atque
1974 1321 2203 1377 utinam

548 1418 748 1491 possis
770 1433 955 1489 quam
988 1415 1342 1481 diutissime,
1374 1413 1454 1469 ita
1482 1413 1782 1482 benignus
1811 1428 1881 1467 ac
1911 1411 2197 1467 clemens.

549 1508 663 1566 Sed
730 1512 961 1569 tamen,
1020 1507 1134 1562 hac
1196 1510 1247 1560 te
1313 1507 1606 1578 potestate
1654 1502 1950 1575 praedito,
2008 1502 2202 1573 patria

544 1600 750 1653 nostra
786 1598 957 1667 190
991 1611 1097 1668 per
1126 1594 1431 1649 somnium
1458 1593 1647 1648 ditata
1677 1595 1785 1657 est,
1806 1592 1931 1646 viro
1953 1590 2201 1662 quidem

544 1686 898 1752 commissa,
955 1683 1196 1756 qualem
1248 1698 1371 1739 non
1424 1681 1609 1738 alium
1664 1680 1903 1745 dicunt,
1957 1679 2061 1753 qui
2106 1695 2200 1734 res

541 1778 778 1833 nostras
826 1773 1278 1845 antiquissimas
1322 1771 1537 1838 sciunt,
1588 1770 1649 1826 in
1703 1768 1949 1825 rectoris
1990 1768 2198 1824 sedem

541 1863 1001 1927 conscendisse;
1057 1861 1163 1917 sed
1219 1861 1335 1917 cito
1392 1876 1462 1917 eo
1515 1859 1751 1930 privata
1811 1857 2198 1929 improbitate

538 1952 987 2014 nonnullorum,
1022 1951 1125 2023 qui
1156 1967 1228 2005 ex
1255 1949 1412 2005 illius
1442 1948 1631 2003 libero
1662 1952 1717 2003 et
1750 1946 1954 2002 nescio
1986 1962 2195 2002 assen-

2242 696 2289 749 Α

2828 737 3095 809 Σωαρρονίῳ
3126 738 3393 809 μαγίστῳ.

2384 879 2484 926 Καὶ
2544 880 2619 935 τίς
2685 877 2816 928 οὕτω
2864 876 3147 949 φιλόπολις,
3198 877 3248 938 ὃς
3294 882 3387 937 τὴν
3453 881 3760 951 ἑνεγκοῦσαν
3815 886 3903 934 καὶ

2313 963 2635 1037 θρεψαμένην
2692 964 2927 1039 πατρίδα
2973 970 3067 1019 ἶσα
3112 976 3321 1038 γονεῦσι
3376 978 3559 1040 τιμῶν,
3625 974 3689 1030 ὡς
3749 971 3902 1035 αὐτὸς

2314 1056 2398 1115 σὺ,
2432 1062 2575 1126 κοινῇ
2606 1074 2659 1105 τε
2688 1056 2831 1114 πάση
2872 1064 2933 1127 τῇ
2967 1056 3108 1108 πόλει
3138 1061 3227 1108 καὶ
3260 1053 3371 1129 ἰδία
3398 1057 3599 1130 ἑκάστῳ
3636 1062 3702 1111 τὰ
3736 1059 3905 1131 ἀγαθὰ

2312 1147 2730 1215 συνευχόμενος,
2783 1150 2871 1197 καὶ
2924 1145 3015 1197 οὐκ
3065 1145 3343 1218 εὐχόμενος
3395 1151 3585 1218 μόνον,
3630 1147 3758 1201 ἀλλα
3815 1155 3907 1201 καὶ

2315 1228 2536 1302 βεϐαιῶν
2588 1235 2681 1293 τὰς
2737 1233 2897 1305 εὐχὰς
2950 1230 3042 1287 διὰ
3091 1244 3324 1302 σαντοῠ;
3389 1238 3613 1289 Δύνασαι
3658 1240 3760 1310 γάρ
3807 1258 3907 1290 που

2315 1323 2408 1371 σὺν
2462 1329 2575 1391 Θεῷ
2625 1325 2689 1373 τὰ
2735 1331 2971 1390 τοιαῦτα,
3019 1329 3108 1376 καὶ
3163 1321 3344 1376 δύναιο
3390 1344 3447 1396 γε
3497 1326 3578 1378 ἐπὶ
3624 1334 3909 1397 μήκιστον,

2311 1408 2446 1459 οὕτω
2497 1415 2734 1481 χρηστός
2786 1416 2872 1461 ὥν.
2904 1411 3035 1463 Ἀλλ’
3074 1414 3205 1485 ὅμως
3246 1412 3329 1466 ἰπὶ
3362 1422 3456 1465 σοῦ
3510 1420 3628 1487 ὄναρ
3659 1416 3908 1475 ἐπλούτη-

2313 1516 2396 1549 σεν
2444 1500 2473 1555 ἡ
2509 1504 2692 1571 πατρὶς
2723 1503 2885 1572 ἡμῶν,
2929 1498 3099 1576 ἄνδρα
3141 1506 3229 1575 μὲν
3280 1506 3483 1575 ἔχουσα
3523 1508 3607 1556 τόν
3644 1510 3736 1563 τήν
3790 1507 3910 1559 ἐπι-

2309 1585 2509 1657 μέλειαν
2564 1588 2727 1648 αὐτῆς
2784 1588 3147 1664 ἐπιτραπέντα,
3195 1592 3301 1642 οἷον
3350 1594 3409 1642 οὖ
3468 1612 3623 1663 φασιν
3656 1594 3804 1645 ἄλλον
3860 1600 3911 1646 οῖ

2308 1678 2373 1728 τὰ
2428 1677 2754 1731 παλαιότατα
2796 1688 2893 1731 τῶν
2942 1678 3064 1755 παρ’
3099 1683 3223 1752 ἡμῖν
3282 1680 3617 1754 ἐπιστάμενοι
3674 1682 3758 1735 ἐπὶ
3807 1693 3910 1736 τῶν

2308 1762 2544 1837 ἁρχικῶν
2598 1770 2713 1840 (73)
2772 1771 2960 1843 θρόνων
3021 1775 3268 1844 πρότερον
3342 1770 3631 1829 ἀναϐῆναι·
3692 1772 3913 1850 ἐπηρείᾳ

2310 1851 2369 1909 δέ
2412 1876 2559 1909 τινων
2617 1856 2955 1931 ἀφαιρεθεῖσα
3013 1862 3236 1931 ταχέως,
3292 1858 3339 1912 οἳ
3384 1864 3440 1913 τό
3500 1861 3755 1935 ἓλεῦθερον
3815 1871 3911 1915 τοῦ

2308 1940 2493 2018 ἀνδρὸς
2522 1950 2611 1999 καὶ
2638 1945 2931 2001 ἀθώπευτον
2954 1955 3045 2001 τοῦ
3076 1952 3205 2021 πρός
3231 1948 3385 2002 αὐτόν
3416 1950 3638 2021 πολέμου
3668 1950 3910 2024 ἀφορμήν

536 2042 777 2098 tationis
804 2042 1007 2098 animo
1056 2056 1266 2096 ansam
1312 2037 1452 2095 belli
1503 2036 1555 2093 ei
1605 2036 1897 2093 inferendi
1929 2036 2166 2107 arripue

2307 2031 2637 2102 ἐποιήσαντο,
2669 2040 2757 2087 καὶ
2788 2031 3035 2097 διαϐολὰς
3063 2037 3206 2107 αὐτῷ
3229 2042 3639 2101 κατεσκεύασαν,
3664 2040 3911 2103 λαθόντες

534 2135 695 2200 runt,
764 2135 821 2187 et
869 2130 1206 2186 calumnias
1259 2128 1311 2183 ei
1364 2127 1795 2196 instruxerunt,
1860 2126 2019 2183 clam
2079 2132 2195 2181 tua:

532 2218 893 2291 praestantiae
936 2217 1202 2274 auribus.
1244 2218 1619 2287 Quapropter
1667 2230 1879 2270 omnes
1918 2214 2196 2271 universe

530 2308 829 2379 lugemus,
862 2310 1090 2363 rectore
1120 2304 1344 2371 ablato,
1374 2304 1477 2376 qui
1509 2303 1669 2359 solus
1702 2307 1941 2375 poterat
1975 2304 2103 2374 jam
2135 2302 2196 2359 in

530 2413 729 2469 genua
756 2395 1138 2469 provolutam
1168 2394 1381 2449 urbem
1411 2397 1683 2449 nostram
1720 2392 1921 2449 denuo
1944 2393 2193 2462 erigere,

529 2486 687 2560 aequi
734 2486 964 2542 sincero
996 2483 1265 2551 custode,
1307 2482 1534 2539 affabili
1588 2483 1872 2553 injuriam
1916 2482 2194 2554 patienti-

525 2578 668 2646 bus,
710 2575 955 2633 terribili
1006 2573 1518 2646 delinquentibus,
1552 2572 1839 2645 aequabili
1889 2577 1946 2629 et
1977 2573 2192 2631 eodem

523 2665 895 2740 pauperibus
944 2668 999 2721 et
1051 2662 1361 2731 divitibus,
1391 2666 1447 2718 et
1498 2661 1665 2734 quod
1703 2662 2038 2718 maximum
2079 2668 2189 2729 est,

520 2771 617 2812 res
650 2754 1123 2811 Christianorum
1152 2752 1230 2807 ad
1261 2751 1578 2823 antiquum
1606 2751 1790 2807 decus
1828 2756 2175 2811 revocante.

523 2845 695 2911 Quod
722 2844 872 2901 enim
899 2860 934 2900 a
961 2841 1316 2899 muneribus
1346 2841 1621 2897 omnium
1648 2857 1804 2914 quos
1836 2841 2059 2898 scimus
2082 2842 2185 2898 ho-

522 2934 756 2990 minum
803 2932 1065 2989 maxime
1112 2930 1443 2993 abhorruit.
1489 2945 1600 2986 nec
1651 2930 1938 3002 cuiquam
1966 2935 2182 3003 praeter

512 3023 612 3096 jus
642 3022 1009 3093 gratiﬁcatus
1033 3025 1139 3087 est,
1165 3020 1228 3076 id
1251 3024 1317 3075 ut
1336 3019 1547 3076 exilius
1566 3020 1795 3075 ceteris
1816 3018 1973 3076 illius
2000 3020 2181 3077 virtu-

516 3112 677 3169 tibus
702 3110 1234 3185 praatermittimus.
1270 3111 1403 3165 Hrec
1449 3108 1698 3181 quidem
1748 3124 1881 3165 sero
1908 3108 2178 3166 testifica-

518 3216 676 3269 mur,
691 3199 1096 3270 nosmetipsos
1124 3213 1294 3255 more
1323 3213 1553 3265 eorum,
1578 3197 1682 3269 qui
1708 3196 1938 3253 naanias
1989 3198 2173 3254 canti-

515 3291 663 3357 tant,
696 3286 1100 3357 consolantes,
1134 3284 1283 3341 nihil
1307 3284 1489 3342 rebus
1521 3284 1723 3341 auxilii
1752 3284 2031 3341 ferentes.
2055 3285 2166 3342 Sed

2305 2124 2398 2183 τὰς
2430 2121 2587 2186 ἀκοὰς
2615 2132 2711 2185 τῆς
2753 2132 2849 2187 σῆς
2878 2124 3217 2187 τελειότητος.
3274 2131 3360 2179 Διό
3400 2124 3665 2200 πανδημεὶ
3717 2131 3912 2192 πάντες

2308 2213 2771 2285 σκυθρωπάζομεν,
2809 2216 3153 2285 ζημιωθέντες
3200 2216 3458 2289 ἄρχοντα,
3505 2221 3654 2289 μόνον
3684 2214 3912 2290 δυνάμε-

2304 2320 2385 2352 νον
2436 2306 2503 2362 εὶς
2545 2306 2667 2372 γόνυ
2720 2302 2985 2357 κλιθεῐσαν
3030 2300 3136 2363 ἤδη
3188 2309 3280 2363 τὴν
3320 2305 3466 2359 πόλιν
3499 2308 3641 2378 ἡμῶν
3676 2306 3911 2379 ἀνορθῶ-

2308 2409 2415 2454 σαι,
2451 2389 2614 2449 ἀληθῆ
2653 2392 2763 2462 (74)
2797 2392 2999 2463 φύλακα
3039 2401 3131 2446 τοῦ
3182 2390 3413 2465 δικαίου,
3450 2395 3757 2469 εὐπρόσιτον
3797 2405 3908 2461 τοῖς

2305 2478 2687 2555 ἀδικουμένοις,
2750 2482 2960 2557 φοϐερόν
3010 2491 3119 2547 τοῖς
3182 2494 3594 2561 παρανομοῦσιν,
3642 2491 3760 2541 ἴσον
3814 2495 3907 2542 καὶ

2301 2574 2487 2629 πένησι
2554 2576 2641 2625 καὶ
2705 2571 3011 2640 πλουσίοις,
3066 2578 3156 2627 καὶ
3214 2578 3271 2627 τὸ
3338 2579 3604 2647 μέγιστον,
3668 2580 3736 2631 τὰ
3802 2586 3907 2630 τῶν

2300 2667 2626 2731 Χριστιανῶν
2656 2663 2943 2734 πράγματα
2988 2665 3119 2735 πρὸς
3164 2668 3258 2721 τὴν
3308 2662 3541 2736 ἀρχαίαν
3579 2667 3907 2738 ἐπανάγοντα

2296 2755 2471 2821 τιμήν.
2505 2753 2573 2802 Τὸ
2622 2753 2745 2825 γὰρ,
2786 2752 2866 2803 ὅτι
2920 2747 3251 2826 ἀδωρότατος
3289 2753 3356 2805 ὧν
3406 2756 3553 2825 ἴσμεν
3592 2752 3903 2829 ἀνθρώπων,

2293 2843 2381 2892 καὶ
2426 2835 2598 2892 οὐδενὶ
2656 2842 2768 2909 (75)
2826 2843 2969 2912 παρὰ
3032 2846 3088 2893 τὸ
3148 2838 3354 2896 δίκαιον
3404 2844 3783 2916 χαριζόμενος,
3833 2849 3907 2908 ὡς

2288 2933 2571 3001 μικρότερα
2618 2937 2711 2988 τῆς
2756 2928 2940 2993 λοιπῆς
2994 2932 3179 3002 αρετῆς
3234 2939 3327 2984 τοῦ
3374 2929 3566 3006 ἀνδρὸς
3616 2933 3906 3007 παρελίποο

2286 3036 2395 3087 μεν.
2443 3024 2616 3070 Ταῡνα
2659 3016 2753 3087 ὀψε
2799 3021 2888 3090 μὲν
2918 3037 3008 3071 του
3057 3038 3241 3092 καιρου
3286 3028 3672 3094 μαρτυροῦμεν,
3710 3025 3898 3098 ᾧσπερ

2286 3108 2334 3159 οἱ
2371 3104 2718 3179 μονῳδοῦντες
2784 3107 2996 3170 ἑαυτοὺς
3054 3114 3163 3179 (76)
3223 3112 3708 3184 παραμυθούμενοι,
3772 3114 3910 3185 ουχὶ

2283 3195 2386 3259 τοῖς
2437 3199 2715 3271 πράγμασί
2768 3218 2820 3251 τι
2878 3206 3139 3260 ποιοῦντες
3193 3204 3511 3273 χρήσιμον
3562 3200 3696 3259 πλὴν
3772 3200 3909 3258 οδδῖ

2280 3293 2432 3339 τοῦτο
2497 3288 2822 3360 ἄχρηστον,
2891 3286 2939 3339 ἓν
3010 3296 3072 3359 τῇ
3141 3288 3335 3361 μεγάλῃ
3405 3309 3507 3343 σου
3572 3290 3731 3363 ψυχῇ
3802 3298 3909 3351 τήν

516 3381 717 3434 tamen
750 3391 860 3431 nec
889 3374 1035 3431 illud
1064 3374 1292 3446 inutile,
1322 3379 1385 3430 ut
1411 3374 1521 3430 viri
1543 3374 1836 3430 memoria
1857 3374 1916 3430 in
1941 3390 2167 3445 magno

2289 3381 2486 3448 ανήμην
2528 3384 2619 3428 τοῦ
2664 3373 2849 3451 ἀνδρὸς
2897 3375 3231 3445 ἀποκεῖσθαι,
3277 3380 3439 3451 χάριν
3485 3397 3538 3431 τε
3599 3375 3804 3433 εἰδέναι
3838 3384 3913 3443 ὡς

515 3470 619 3523 tuo
659 3469 899 3538 pectore
931 3463 1312 3530 recondatur,
1342 3463 1515 3535 eique
1563 3466 1628 3519 ut
1674 3463 1824 3519 bene
1871 3462 1946 3520 de
1974 3464 2167 3535 patria

513 3556 725 3611 merito
768 3554 1025 3625 gratiam
1062 3552 1329 3620 habeas;
1362 3568 1433 3607 ao
1473 3552 1522 3608 si
1571 3552 1708 3624 quis
1740 3568 1811 3608 ex
1842 3552 1933 3619 iis,
1961 3556 2065 3625 qui
2101 3570 2165 3612 se

505 3644 748 3716 justitiee
771 3642 1144 3717 posthabitos
1164 3641 1343 3698 fuisse
1362 3640 1607 3697 moleste
1626 3641 1841 3711 ferunt,
1872 3642 1931 3697 in
1959 3642 2162 3716 ipsum

507 3734 911 3800 insurrexerit,
970 3732 1189 3788 tuearis
1255 3747 1325 3788 ac
1391 3731 1701 3800 defendas,
1758 3731 2163 3805 omnibusque

507 3828 709 3897 aperte
757 3823 1134 3879 demonstres
1194 3837 1334 3877 eum
1391 3837 1429 3876 a
1478 3824 1533 3875 te
1587 3821 1738 3876 inter
1787 3822 2161 3878 necessarios

506 3913 727 3968 ascribi
770 3930 782 3967 :
826 3912 969 3967 satis
1015 3926 1213 3966 causas
1245 3926 1377 3966 esse
1404 3914 1629 3981 putans
1661 3910 1740 3965 ad
1766 3911 2159 3967 necessitudi-

503 4016 663 4065 nem,
692 4005 820 4054 tum
848 3999 1081 4054 bonum
1121 3999 1195 4053 de
1234 4014 1304 4054 eo
1336 3998 1761 4069 testimonium,
1798 4003 1926 4054 tum
1958 3999 2157 4070 ipsam

500 4103 702 4144 rerum
724 4086 1174 4158 experientiam,
1194 4102 1329 4157 quas
1352 4085 1607 4155 tempori
1640 4086 1885 4142 minime
1906 4102 2155 4158 respon-

500 4176 619 4233 det.
640 4178 786 4231 Nam
803 4190 939 4247 quae
960 4190 1033 4229 ne
1050 4173 1252 4229 multis
1272 4173 1520 4245 quidem
1543 4173 1718 4229 annis
1741 4174 1819 4229 ab
1840 4174 1958 4231 alio
1983 4176 2149 4244 fiant,

499 4264 628 4321 haec
668 4263 834 4320 brevi
884 4268 1155 4332 tempore
1204 4262 1281 4317 ab
1322 4278 1393 4317 eo
1444 4261 1730 4334 perfecta.
1776 4265 1955 4319 Porro
2010 4265 2151 4320 satis

495 4370 788 4425 magnum
818 4352 995 4408 nobis
1022 4350 1405 4419 beneﬁcium,
1429 4366 1498 4406 ac
1529 4366 1739 4407 eorum
1763 4367 1898 4423 quas
1922 4352 2152 4409 accide-

492 4448 632 4499 runt
648 4443 939 4511 solamen,
956 4441 1004 4496 si
1026 4444 1083 4496 et
1101 4440 1269 4496 illum
1291 4440 1685 4495 commendes
1707 4440 2079 4513 imperatori,
2095 4446 2151 4501 et

488 4531 681 4587 illatas
707 4532 759 4587 ei
780 4530 1227 4586 criminationes
1248 4529 1461 4585 diluas.
1496 4532 1628 4585 Haac
1668 4529 1774 4585 tibi
1796 4530 2147 4588 universam

489 4620 762 4676 existima
790 4620 1046 4692 patriam
1067 4634 1191 4675 una
1220 4634 1365 4675 voce
1390 4635 1524 4675 mea
1544 4618 1854 4681 disserere.
1892 4635 1960 4675 ac
1985 4636 2145 4676 com-

490 4724 669 4765 mune
693 4708 965 4764 omnium
989 4714 1197 4763 votum
1227 4724 1379 4778 esse,
1414 4712 1476 4764 ut
1500 4708 1862 4780 prmstantim
1886 4712 2001 4765 tuae
2026 4726 2140 4783 ope

483 4797 711 4871 aliquid
739 4797 879 4854 huic
911 4797 1035 4854 viro
1066 4812 1349 4870 prospere
1378 4813 1448 4854 ac
1477 4796 1722 4854 feliciter
1756 4797 1947 4855 cedat.

545 5140 563 5159 ·
603 5138 762 5193 Alias
793 5138 1123 5203 CCCXXX",
1157 5137 1378 5208 scripta
1416 5152 1577 5193 anno
1608 5141 1733 5196 372.

542 5216 649 5273 (73)
680 5210 798 5261 Ἐπὶ
841 5217 939 5281 τῶν
972 5208 1224 5281 ἀρχικῶν.
1276 5213 1359 5281 Ita
1408 5208 1584 5281 Cois].
1628 5214 1908 5281 uterque.
1934 5211 2123 5279 Harl.,

468 5284 607 5349 Reg.
643 5280 943 5355 secundus
976 5279 1031 5355 et
1056 5279 1237 5355 Bigot.
1270 5280 1435 5336 alter.
1472 5280 1620 5355 Editi
1654 5279 1733 5331 ἐπὶ
1764 5279 1849 5332 τὸν
1892 5280 2123 5355 ἀρχικὸν

467 5352 1066 5425 θρόνονηδεῴὴιιριις
1125 5351 1432 5420 scripturae
1497 5350 1783 5425 videntur_
1824 5350 2123 5425 auctores

464 5422 645 5482 fuisse
674 5422 918 5487 librarii,
951 5422 1098 5477 dum
1128 5426 1399 5493 metuunt
1431 5436 1502 5476 ne
1530 5422 1876 5493 praepositio
1910 5424 2119 5479 minus

461 5499 617 5553 recte
637 5510 772 5551 cum
797 5494 1056 5563 genitivo
1076 5492 1495 5563 conjungatur.
1534 5492 1677 5549 Eam
1718 5498 1918 5551 tamen
1946 5496 2118 5553 simi-

2277 3464 2509 3540 εὐεργέτῃ
2554 3474 2647 3527 τῆς
2688 3464 3029 3536 ἐνεγκούσης·
3087 3472 3176 3520 καὶ
3229 3470 3273 3521 εἴ
3319 3487 3399 3529 τις
3444 3466 3714 3539 ἐπιφύοιτο
3750 3470 3913 3543 αὐτῷ

2276 3561 2374 3605 τῶν
2442 3550 2535 3606 διὰ
2597 3558 2653 3607 τὸ
2718 3559 2789 3626 μὴ
2852 3557 3246 3627 προτιμηθῆναι
3305 3564 3397 3609 τοῦ
3460 3554 3668 3611 δικαίου
3730 3559 3916 3629 χαλε-

2273 3647 2571 3709 παινόντων,
2614 3646 2937 3717 ὑπερμαχεῖν
2978 3650 3067 3697 καὶ
3112 3647 3489 3719 προίστασθαι,
3537 3653 3671 3700 πᾶσι
3736 3656 3917 3708 ποιή-

2274 3751 2437 3785 σαντα
2462 3736 2691 3805 φανερόν,
2721 3735 2799 3785 ὅτι
2850 3733 3035 3786 οἰκεῖον
3095 3744 3295 3805 σεαυτῷ
3326 3738 3411 3787 τὸν
3448 3732 3619 3809 ἄνδρα
3646 3738 3918 3801 τίθεσαι,

2272 3819 2532 3895 ἀρκοῦσαν
2573 3820 2808 3896 ἀφορμὴν
2852 3823 2922 3884 εἰς
2980 3823 3300 3891 οἰκειότητα,
3358 3828 3447 3881 τὴν
3494 3823 3699 3895 ἀγαθὴν
3768 3834 3923 3901 περὶ

2270 3910 2428 3962 αὐτου
2489 3916 2779 3986 μαρτυρίαν
2844 3913 3148 3983 τιθέμενος,
3218 3917 3308 3965 καὶ
3374 3918 3467 3971 τὴν
3534 3922 3631 3966 τῶν
3702 3934 3929 3987 πραγ-

2268 4000 2442 4071 μάτων
2486 4009 2686 4074 πεῖραν,
2749 4001 2807 4054 ου
2864 4005 2999 4052 κατά
3054 4006 3146 4059 τὴν
3199 4011 3297 4054 τῶν
3343 4007 3545 4074 χρόνων
3592 4001 3925 4074 ἀναλογίαν

2268 4089 2635 4162 ὑπάρχουσαν.
2658 4089 2719 4143 Ἀ
2737 4092 2837 4163 γὰρ
2862 4087 2973 4142 οὐδ’
2997 4089 3055 4141 ἄν
3088 4089 3135 4143 ἐν
3166 4091 3372 4152 πολλοῖς
3404 4094 3540 4144 ἔτεσι
3560 4092 3683 4165 παρ’
3714 4094 3921 4151 ἄλλον

2265 4184 2482 4249 γένοιτο,
2547 4187 2713 4231 ταῦτα
2774 4179 2821 4231 ἑν
2889 4179 3045 4251 ὀλίγῳ
3107 4179 3227 4255 παρ’
3274 4181 3432 4233 αὐτοῦ
3496 4184 3918 4253 κατώρθωται.

2261 4274 2519 4339 Ἀρκοῦσα
2559 4265 2759 4341 δ’ἡμῖν
2805 4271 2987 4342 χάρις,
3037 4274 3127 4321 καὶ
3180 4277 3279 4321 τῶν
3332 4268 3636 4341 συμϐάντων
3702 4291 3927 4344 παρα-

2260 4359 2444 4428 μυθία,
2494 4358 2575 4409 ἐὰν
2634 4361 2721 4409 καὶ
2781 4356 2992 4429 βασιλεῖ
3046 4363 3322 4430 συστήσῃς
3381 4358 3560 4424 αὐτόν,
3621 4365 3721 4411 καὶ
3790 4367 3917 4426 τὰς

2259 4444 2619 4517 ἐπενεχθείσας
2663 4446 2802 4517 αὐτῷ
2853 4442 3103 4508 διαϐολὰς
3148 4446 3511 4519 ἀποσκευάσῃ.
3563 4451 3757 4501 Ταῦτά
3807 4471 3919 4504 σοι

2255 4541 2428 4587 πᾶσαν
2480 4540 2590 4587 οἴου
2644 4540 2736 4593 τὴν
2801 4533 3037 4609 πατρίδα
3102 4532 3194 4589 διὰ
3261 4544 3384 4608 μιᾶς
3449 4545 3541 4597 τῆς
3604 4538 3918 4613 ἡμετέρας

2255 4631 2425 4694 φωνῆς
2517 4620 2852 4695 διαλέγεσθαι
2884 4668 2898 4694 ,

2252 4713 2433 4784 εὐχὴν,
2480 4715 2719 4784 γενέσθαι
2774 4733 2823 4765 τι
2869 4721 2941 4784 τῷ
2996 4711 3149 4787 ἀνδρὶ
3214 4712 3307 4767 διὰ
3364 4723 3458 4779 τῆς
3515 4724 3611 4777 σῆς
3670 4718 3907 4772 τελειό-

2998 4630 3087 4677 καὶ
3171 4630 3341 4684 κοινὴν
3432 4624 3562 4679 εἶναι
3654 4631 3910 4683 πάντων

2172 4787 2212 4840 ί)
2249 4820 2399 4862 τητος
2431 4799 2619 4865 δεξιόν.

2237 5138 2537 5223 litercum
2580 5138 2844 5223 genitivo
2864 5140 3447 5223 conjungit‘Basnilius
3469 5140 3527 5195 in
3550 5141 3738 5223 epist.
3778 5150 3901 5201 38.

2308 5211 2411 5278 (7t)
2444 5210 2664 5269 Ἀληθῆ.
2700 5212 2838 5282 Sic,
2864 5210 3040 5277 Harl.,
3078 5211 3247 5275 Med.,
3290 5212 3466 5268 Coisl.
3511 5210 3771 5282 primus
3818 5226 3899 5276 et

2233 5280 2664 5355 Clarom._l“.«liti
2691 5281 2900 5355 ἀκριϐῆ,
2934 5289 3218 5355 accurato
3250 5287 3405 5353 sequi
3432 5280 3701 5339 custodi.

2304 5354 2417 5424 (75)
2450 5350 2659 5409 Οὖὸενί.
2688 5350 2841 5409 Mlllti
2865 5353 3100 5407 codices
3122 5350 3293 5407 οὐδέν.

2302 5428 2420 5497 (76)
2450 5424 2711 5487 Ἑαυτοὺς.
2740 5424 2824 5480 Ita
2846 5430 3076 5498 septem
3110 5441 3256 5481 mss.
3285 5425 3431 5481 Editi
3467 5425 3711 5488 ἑαυτοῖς.
