4054 6200
487 345 594 403 499

1857 338 1912 395 S.
1956 333 2204 394 BASlLll
2240 335 2484 395 MAGNI.

3741 340 3831 393 500

489 470 712 526 simum
733 466 1087 541 episcopum
1118 465 1491 523 Eustathium
1526 464 1588 522 in
1640 462 2147 522 communionem

2264 459 2676 537 παραδέξασθαι.
2702 464 2772 517 T6
2801 466 2975 535 μέντοι
3002 464 3268 536 γενόμενον
3297 460 3419 535 παρ’
3448 464 3477 519 ἠ
3486 469 3595 534 μῶν
3620 469 3830 515 τοιοῦτον

487 558 770 631 recipere.
805 556 973 623 Quod
1003 560 1206 613 autem
1231 555 1485 625 egimus,
1518 558 1606 610 est
1627 552 1951 625 ejusmodi.

559 652 609 702 2.
644 646 841 703 Vocati
871 645 950 701 ad
972 649 1357 712 conventum,
1403 644 1506 715 qui
1533 660 1569 699 a
1624 642 1803 699 fratre
1834 639 2144 697 Theodoto

488 736 845 801 habebatur,
907 750 977 791 ac
1029 734 1313 789 charitate
1348 733 1611 805 impulsi,
1659 737 1724 788 ut
1750 731 1948 787 vocati
1977 730 2148 785 obse-

488 841 831 899 queremur,
877 840 952 880 ne
1001 839 1397 893 congressum
1440 823 1783 879 videremur
1826 820 2062 877 irritum
2094 822 2150 875 et

487 915 762 972 inutilem
805 914 1075 980 reddere,
1124 913 1404 968 dedimus
1453 928 1706 985 operam
1762 916 1827 967 ut
1874 910 1936 966 in
1968 910 2147 965 collo-

488 1006 704 1079 quium
733 1020 872 1060 cum
893 1003 1177 1075 praedicto
1207 1003 1385 1059 fratre
1416 1002 1725 1059 Eustathio
1768 1002 2137 1057 veniremus.

488 1101 569 1151 Ac
607 1094 686 1150 illi
713 1094 960 1166 quidem
1008 1092 1441 1165 proposuimus
1495 1106 1875 1165 quaecunque
1921 1090 1996 1145 de
2030 1089 2149 1145 ﬁde

486 1184 655 1239 illum
678 1183 1032 1239 criminatur
1056 1181 1237 1238 frater
1262 1181 1600 1238 Theodotus
1624 1200 1637 1249 ;
1671 1180 2147 1252 rogavimusque

490 1272 538 1328 si
566 1277 793 1328 rectam
824 1271 1008 1327 ﬁdem
1039 1275 1403 1344 sequeretur,
1430 1270 1815 1327 manifestum
1865 1269 1927 1324 id
1973 1269 2150 1325 nobis

488 1361 728 1429 faceret,
752 1365 816 1416 ut
841 1377 979 1416 cum
1005 1376 1075 1416 eo
1099 1361 1592 1416 communionem
1615 1359 1983 1415 haberemus
2014 1375 2026 1414 :
2057 1359 2145 1413 sin

487 1456 690 1507 autem
719 1450 915 1506 alieno
932 1455 1083 1506 esset
1108 1450 1535 1521 animo.probe
1559 1450 1737 1505 sciret
1762 1464 1873 1504 nos
1903 1463 2149 1521 quoque

492 1540 572 1596 ab
609 1540 741 1612 ipso
754 1539 1265 1596 abalienatumiri.
1286 1542 1489 1612 Itaque
1512 1555 1651 1594 cum
1677 1538 1898 1593 multos
1932 1553 2151 1593 sermo-

492 1645 599 1686 nes
628 1629 779 1685 inter
806 1645 913 1685 nos
937 1628 1395 1695 habuissemus,
1448 1628 1735 1701 diemque
1768 1627 1934 1683 illam
1964 1632 2151 1684 totam

491 1720 553 1775 in
583 1718 675 1774 his
708 1718 1120 1790 expendendis
1149 1718 1689 1790 insumpsissemus
1715 1735 1727 1784 ;
1756 1716 1911 1772 ﬂexo
1935 1717 2066 1787 jam
2091 1717 2151 1772 in

2256 570 2418 607 εστιν.

2326 644 2379 696 2.
2418 640 2613 714 Ἠμεῖς,
2653 641 2918 701 κληθέντες
2964 640 3031 700 εἰς
3081 635 3302 693 σύνοδον
3330 642 3475 713 παρὰ
3502 647 3594 693 τοῦ
3626 636 3836 712 ἀδελφοῦ

2258 725 2519 782 Θεοδότου
2549 731 2851 802 τελουμένην
2892 730 3023 801 (99),
3052 734 3140 780 καὶ
3166 731 3488 801 ὁρμήσαντες
3530 726 3603 781 δι’
3645 728 3840 801 ἀγάπην

2257 820 2556 872 ὑπακοῦσαι
2591 828 2651 892 τῇ
2685 820 2888 887 κλήσει,
2940 821 3023 871 ἶνα
3061 823 3132 890 μὴ
3186 815 3416 891 δόξωμεν
3458 821 3720 893 ἄπρακτον
3761 823 3840 871 καὶ

2258 907 2424 981 ἀργήν
2453 911 2717 962 ποιεῖσθαι
2747 913 2841 967 τὴν
2889 912 3202 979 συντυχίαν,
3234 904 3637 980 ἐσπουδάσαμεν
3676 909 3738 969 εἰς
3765 908 3841 960 λό-

2256 1016 2377 1069 γους
2430 998 2588 1051 ἐλθεῖν
2645 1006 2717 1068 τῷ
2767 1000 3119 1072 προειρημένῳ
3170 993 3374 1069 ἀδελφῷ
3415 997 3710 1069 Εύσταθίῳ.
3750 1003 3840 1051 Καὶ

2256 1092 2617 1161 προετείναμεν
2665 1084 2805 1158 αύτῴ
2846 1089 2912 1139 τὰ
2956 1090 3074 1158 περὶ
3122 1093 3217 1148 τῆς
3254 1090 3477 1147 πίστεως
3530 1085 3839 1158 ἐγκλήματα,

2259 1177 2359 1229 ὅσα
2386 1180 2732 1250 προφέρουσιν
2760 1176 2899 1246 αύτῷ
2941 1177 2989 1227 οἱ
3017 1178 3135 1250 περὶ
3174 1178 3261 1227 τὸν
3306 1172 3525 1248 ἀδελφὸν
3558 1172 3803 1229 Θεόδοτον
3826 1192 3839 1205 ·

2257 1270 2347 1318 καὶ
2376 1266 2693 1338 ἠξιώσαμεν,
2725 1265 2769 1317 εἰ
2793 1269 2883 1337 μὲν
2922 1266 3097 1317 ἕπεται
3144 1272 3206 1336 τῇ
3257 1264 3383 1339 ὀρθῇ
3415 1270 3616 1328 πίστει,
3648 1268 3848 1339 φανερὸν

2258 1356 2382 1426 ἡμῖν
2412 1364 2767 1423 καταστῆσαι,
2804 1356 2939 1406 ὥστε
2968 1356 3107 1426 ἡμᾶς
3158 1355 3286 1405 εἶναι
3330 1357 3691 1416 κοινωνικούς⁶
3724 1355 3763 1407 εἰ
3792 1352 3847 1407 δε

2260 1442 2538 1517 ἀλλοτρίως
2568 1447 2699 1515 ἔχει,
2734 1441 2960 1516 ἀκριϐῶς
2992 1439 3206 1510 εἰδέναι,
3248 1444 3328 1494 ὅτι
3356 1448 3445 1495 καὶ
3495 1444 3645 1514 ἡμεῖς
3684 1444 3848 1515 ἕξομεν

2258 1537 2383 1607 πρὸς
2404 1533 2557 1585 αὐτὸν
2598 1532 2900 1606 ἀλλοτρίως.
2930 1531 3137 1584 Πολλῶν
3190 1536 3361 1583 τοίνυν
3379 1536 3661 1603 γενομένων
3698 1532 3850 1602 λόγων

2258 1628 2385 1697 πρὸς
2423 1622 2693 1693 ἀλλήλους,
2747 1628 2838 1676 καὶ
2893 1624 3071 1683 πάσης
3110 1621 3307 1684 ἐκείνης
3340 1631 3429 1682 τῆς
3472 1624 3667 1695 ἡμέρας
3715 1623 3759 1675 ἐν
3786 1632 3847 1695 τῇ

2260 1718 2379 1786 περὶ
2396 1715 2588 1765 τούτων
2612 1712 2793 1784 σκέψει
2818 1709 3213 1772 ὃαπανηθείσης
3234 1728 3246 1741 ·
3270 1710 3662 1772 καταλαϐούσης
3684 1711 3853 1764 λοιπὸν

493 1823 808 1880 vesperam
847 1807 966 1877 die,
992 1807 1378 1863 discessimus
1408 1806 1487 1863 ab
1543 1806 1830 1869 invicem,
1857 1805 2151 1879 colloquio

2264 1810 2355 1863 τῆς
2381 1802 2618 1877 ἑσπέρας,
2653 1799 2988 1876 ὃιεκρίθημεν
3037 1799 3127 1853 ἀπ’
3161 1799 3411 1870 ἀλλήλων,
3444 1800 3515 1861 εἰς
3564 1797 3712 1853 ούδὶν
3739 1800 3857 1873 ὁμο-

494 1899 725 1955 nullam
754 1897 833 1953 ad
854 1900 1077 1952 certam
1110 1895 1561 1952 conclusionem
1592 1895 1900 1968 perducto.
1927 1896 2155 1953 Sedite-

494 2004 633 2044 rum
657 1985 929 2059 sequenti
951 1984 1046 2041 die
1079 2000 1257 2041 mane
1272 1984 1756 2052 considentes,de
1790 1985 2008 2041 iisdem
2034 1986 2155 2041 dis-

498 2076 824 2143 seruimus,
855 2072 1177 2131 accedente
1200 2073 1329 2144 jam
1360 2089 1433 2129 ex
1463 2073 1643 2130 fratre
1686 2075 2011 2143 Pcemenio,
2061 2076 2156 2131 Se-

497 2164 709 2223 bastize
734 2165 1106 2239 presbytero,
1136 2169 1195 2220 et
1217 2163 2023 2221 vehementeradversariam
2053 2181 2157 2222 no-

498 2256 593 2312 bis
641 2255 980 2312 doctrinam
1030 2252 1402 2311 defendente.
1455 2254 1745 2311 Paulatim
1776 2255 1953 2328 igitur
2000 2261 2057 2313 et
2085 2273 2158 2314 ea

500 2343 903 2413 dissolvimus,
927 2360 1189 2417 quorum
1237 2343 1481 2401 nomine
1507 2344 1822 2401 videbatur
1850 2362 1947 2402 me
1978 2361 2155 2402 accu-

501 2449 655 2499 sare,
688 2438 745 2490 et
773 2449 875 2489 eos
904 2432 983 2489 ad
1013 2432 1547 2489 assentiendumiis
1575 2447 1709 2506 quae
1743 2450 1779 2489 a
1806 2450 1902 2490 me
1932 2451 2156 2508 quaere-

500 2521 722 2578 bantur
746 2521 994 2591 adduxi,
1020 2521 1103 2577 ita
1130 2527 1193 2578 ut
1222 2522 1415 2591 gratia
1467 2522 1697 2578 Domini
1752 2522 2159 2580 inveniremur

500 2628 576 2668 ne
598 2612 671 2667 de
706 2611 879 2683 194
903 2612 1166 2667 minimis
1187 2612 1433 2685 quidem
1456 2612 1637 2668 rebus
1668 2612 1819 2669 inter
1840 2630 1950 2669 nos
1985 2615 2157 2670 dissi-

502 2702 732 2757 dentes.
768 2704 853 2757 lta
882 2702 1060 2771 igitur
1085 2701 1242 2757 circa
1271 2717 1496 2757 nonam
1513 2702 1631 2758 fere
1658 2702 1873 2758 horam
1907 2705 2161 2759 surrexi-

502 2806 639 2845 mus
678 2789 755 2845 ad
779 2790 1173 2860 precandum,
1208 2806 1279 2845 ac
1336 2790 1591 2846 Domino
1624 2791 1849 2863 gratias
1905 2793 2158 2862 egimus,

502 2878 986 2947 nobislargienti,
1019 2878 1179 2934 idem
1232 2880 1683 2947 utsentiremus,
1732 2881 2016 2954 idemque
2078 2882 2161 2938 lo-

503 2983 847 3040 queremur.
878 2967 965 3022 Ad
987 2968 1116 3023 haec
1134 2968 1453 3040 oportebat
1482 2984 1579 3023 me
1610 2973 1667 3025 et
1714 2970 2001 3043 scriptam
2049 2971 2158 3027 ali-

503 3072 690 3129 quam
720 3057 1163 3113 confessionem
1195 3057 1273 3113 ab
1303 3058 1547 3114 homine
1567 3058 1856 3131 accipere,
1909 3065 1975 3118 ut
2004 3065 2058 3117 et
2096 3060 2160 3117 il-

501 3146 617 3202 lius
673 3146 1031 3203 adversariis
1078 3147 1394 3203 manifesta
1445 3149 1610 3205 fieret
1638 3149 1760 3205 haec
1788 3150 2076 3221 assensio,
2104 3156 2159 3207 et
2187 3161 2224 3216 C

503 3235 730 3290 caeteris
778 3235 1067 3291 idoneum
1100 3241 1357 3293 exstaret
1398 3236 1556 3293 illius
1609 3239 1903 3311 propositi
1946 3256 2157 3296 monu-

503 3328 798 3381 mentum.
834 3326 945 3381 Sed
968 3325 1097 3397 ipse
1112 3325 1274 3381 volui
1297 3326 1375 3381 ob
1400 3326 1727 3398 plurimam
1756 3326 2153 3399 diligentiam,

502 3429 642 3469 cum
664 3413 840 3469 fratre
866 3416 1168 3471 Theodoto
1195 3417 1894 3488 congrediens,libcllum
1924 3418 2061 3475 fidei
2079 3420 2157 3476 ab

502 3503 639 3573 ipso
662 3504 954 3575 accipere,
978 3504 1152 3576 eique
1182 3522 1365 3577 quem
1408 3506 1721 3561 nominavi
1749 3506 1874 3563 viro
1896 3508 2107 3565 oﬂerre
2139 3528 2153 3566 :

502 3595 565 3648 ut
591 3592 713 3648 duo
730 3608 1377 3666 consequerer,nempe
1407 3601 1471 3651 ut
1492 3600 1549 3651 et
1574 3596 1701 3667 ipse
1723 3596 1906 3652 ﬁdem
1933 3602 2159 3655 rectam

501 3682 901 3746 conﬁteretur,
940 3683 1107 3740 ethis
1134 3684 1471 3756 satisﬁeret,
1516 3685 1743 3741 nullam
1794 3686 2157 3744 habentibus

500 3772 951 3829 contradicendi
990 3773 1327 3842 materiam,
1374 3778 1508 3846 post
1546 3779 1822 3847 acceptas
1883 3776 2155 3849 ipsorum

499 3862 894 3920 conditiones.
939 3868 1009 3919 At
1036 3864 1399 3930 Theodotus,
1454 3864 1814 3936 prinsquam
1858 3866 2157 3925 didicisset

498 3967 685 4023 quam
716 3952 792 4007 ob
822 3968 1070 4009 causam
1097 3954 1608 4023 convenissemus,
1633 3958 1689 4009 et
1718 3954 1865 4026 quid
1892 3971 1960 4011 ex
1980 3956 2155 4013 collo-

498 4039 643 4111 quio
686 4042 988 4096 consecuti
1035 4057 1327 4107 essemus,
1369 4058 1493 4097 non
1537 4043 1668 4113 jam
1708 4059 1821 4099 nos
1854 4044 1933 4100 ad
1978 4062 2155 4118 syno-

503 4128 650 4184 dum
667 4129 975 4185 vocandos
989 4131 1008 4201 j
1021 4130 1291 4187 udicavit.
1304 4130 1418 4187 Sed
1432 4148 1461 4187 e
1476 4132 1679 4187 medio
1694 4133 1900 4189 itinere
1932 4151 1993 4191 re
2003 4136 2156 4192 versi

503 4232 714 4271 sumus
744 4218 1016 4273 animum
1064 4219 1532 4291 despondentes,
1562 4221 1730 4292 quod
1774 4226 2013 4279 nostros
2044 4240 2152 4297 pro

501 4323 647 4379 pace
680 4308 1071 4365 Ecclesiarum
1092 4308 1329 4366 labores
1368 4310 1565 4366 irritos
1596 4311 1889 4370 redderet.

570 4548 621 4599 3.
650 4547 859 4600 Postea
912 4544 1091 4613 igitur
1144 4545 1426 4618 imposita
1478 4546 1623 4602 mihi
1678 4548 2031 4605 necessitate
2089 4550 2151 4606 in

498 4633 841 4690 Armeniam
865 4634 1069 4701 eundi,
1098 4651 1236 4691 cum
1277 4652 1522 4692 nossem
1553 4636 1855 4707 singulare
1885 4638 2150 4695 hominis

496 4722 827 4791 ingenium,
881 4723 1215 4796 vellemque
1252 4741 1457 4781 coram
1506 4725 1800 4798 locuplete
1830 4730 1978 4784 teste
2008 4744 2147 4786 cum

494 4810 623 4883 ipse
651 4811 946 4868 rationem
992 4828 1199 4869 eorum
1244 4829 1375 4886 qua)
1420 4830 1661 4887 egeram
1711 4815 1980 4885 reddere,
2020 4822 2145 4874 tum

562 5034 672 5106 (99)
717 5035 1098 5106 Τελειουμένην.
1131 5039 1218 5094 Ita
1269 5052 1418 5093 mss.
1479 5036 1664 5094 nostri
1713 5053 1950 5095 omnes.
1997 5040 2146 5098 Editi

489 5090 863 5180 ῖεῖέιώμένηυ.
898 5090 1701 5177 ibidém’ﬁegfseauadaga
1721 5090 2144 5169 causa;

491 5176 606 5253 dus
659 5176 981 5253 Θεοδώρουη
1011 5180 1203 5253 Aquod,
1251 5176 1638 5253 manifestum
1707 5187 1800 5237 est
1851 5189 2140 5240 erratum.

489 5249 675 5335 Iidem
736 5249 858 5309 duo
915 5249 1152 5309 codices
1193 5252 1418 5309 habent
1457 5254 1747 5315 -κοινωνούς
1774 5269 1883 5325 pro
1914 5275 2142 5308 κοινωνι-

489 5338 631 5382 κους.

560 5395 576 5459 (
588 5394 638 5462 1)
670 5394 809 5451 Vide
832 5394 1143 5452 Addenda.

579 5468 632 5540 j2)_
694 5469 1081 5540 Προηγάγομεν.
1144 5466 1235 5523 Sic
1301 5470 1415 5522 tres
1464 5465 1854 5523 vetustissimi
1876 5469 2137 5528 codices.

486 5532 634 5610 Editi
664 5532 1069 5610 προσηγάγομεν
1080 5580 1091 5593 .

558 5606 633 5674 (2)
662 5606 1010 5682 Ὁμολογηθῇ.
1042 5613 1177 5666 Tres
1207 5625 1351 5665 mss.
1383 5624 1505 5665 non
1538 5614 1739 5666 tamen
1781 5611 2133 5684 antiquissi-

2260 1888 2565 1962 λογούμενον
2596 1895 2751 1963 πέρας
2782 1893 2867 1941 τὸν
2906 1890 3056 1961 λόγον
3095 1894 3498 1962 προαγαγόντες.
3539 1896 3611 1961 Τῇ
3662 1886 3719 1943 δὲ
3742 1889 3855 1953 ἑξῆς

2262 1978 2435 2044 πάλιν,
2468 1980 2617 2031 ἔωθεν
2664 1980 3100 2050 συγκαθεσθέντες
3138 1982 3241 2047 (ί),
3270 1983 3389 2054 περὶ
3429 1987 3526 2031 τῶν
3566 1978 3728 2031 αὐτῶν
3756 1976 3858 2032 διε-

2262 2067 2533 2140 λεγόμεθα,
2579 2067 2872 2128 ἐπελθόντος
2918 2064 3021 2126 ἤδη
3066 2071 3153 2120 καὶ
3190 2076 3279 2120 τοῦ
3310 2065 3534 2140 ἀδελφοῦ
3566 2073 3857 2141 Ποιμενίου,

2262 2164 2356 2209 τοῦ
2380 2156 2733 2230 πρεσϐυτέρου
2766 2164 2857 2217 τῆς
2889 2156 3215 2220 Σεϐαστείας,
3249 2162 3339 2209 καὶ
3367 2153 3608 2231 σφοδρῶς
3632 2158 3754 2229 ἡμῖν
3774 2159 3860 2210 τὸν

2264 2244 2483 2299 ἐναντίον
2512 2245 2859 2318 γυμναζοντος
2884 2243 3058 2318 λόγον.
3088 2244 3236 2299 Κατά
3261 2247 3446 2321 μικρὸν
3482 2242 3567 2298 οὖν
3599 2247 3741 2319 ἡμεῖς
3785 2266 3857 2315 τε,

2264 2335 2390 2411 ὑπὲρ
2423 2334 2489 2387 ὧν
2533 2330 2704 2398 ἔδοξεν
2758 2335 2883 2408 ἡμῖν
2928 2333 3180 2408 ἐγκαλεῖν,
3228 2332 3573 2408 ἀπελυόμεθα,
3604 2334 3861 2395 κάκείνους

2265 2424 2333 2484 εἰς
2369 2429 2462 2483 τήν
2510 2433 2608 2475 τῶν
2661 2424 3072 2497 ἐπιξητουμένων
3133 2421 3217 2496 ὑφ’
3271 2425 3417 2497 ἡμῶν
3485 2426 3861 2497 συγκατάθεσιν

2264 2515 2631 2585 προηγάγομεν
2660 2516 2729 2579 (2)
2756 2528 2767 2541 ·
2803 2514 2937 2574 ᾧστε
2964 2514 3151 2587 χάριτι
3200 2519 3292 2564 τοῦ
3353 2517 3546 2586 Κυρίου
3596 2512 3862 2585 εὑρεθῆναι

2266 2602 2405 2673 ἡμᾶς
2425 2598 2564 2673 μηδὲ
2604 2602 2669 2661 εἰς
2700 2604 2757 2653 τὸ
2804 2604 3151 2675 σμικρότατον
3181 2602 3311 2676 πρὸς
3354 2597 3604 2664 ἀλλήλους
3628 2599 3863 2676 διαφερο-

2265 2694 2466 2762 μένους.
2497 2690 2648 2742 Ούτω
2678 2694 2847 2743 τοίνυν
2875 2696 2994 2763 περὶ
3024 2693 3231 2748 ἒννάτην
3280 2709 3379 2743 που
3420 2692 3556 2765 ὤραν
3585 2690 3864 2763 ἀνέστημεν

2266 2778 2352 2831 ἐπὶ
2395 2782 2488 2839 τὰς
2536 2782 2857 2851 προσευχὰς,
2904 2779 3385 2854 εὐχαριστήσαντες
3430 2788 3501 2850 τῷ
3552 2785 3747 2853 Κυρίῳ,
3793 2790 3866 2852 τῷ

2267 2866 2413 2921 δόντι
2441 2870 2566 2941 ἡμῖν
2609 2872 2666 2920 τὸ
2720 2868 2847 2920 αύτὸ
2901 2876 3119 2942 φρονεῖν,
3153 2873 3242 2921 καὶ
3280 2873 3339 2922 τὸ
3367 2871 3493 2921 αύτό
3529 2869 3710 2941 λέγειν.
3749 2871 3865 2923 Ἐπὶ

2264 2962 2468 3021 τούτοις
2510 2954 2615 3012 ἔδει
2659 2978 2721 3031 με
2767 2963 2858 3011 καὶ
2917 2961 3137 3033 ἔγραφόν
3180 2977 3296 3011 τινα
3344 2962 3488 3032 παρὰ
3529 2966 3616 3012 τοῦ
3679 2957 3870 3035 ἀνδρὸς

2265 3051 2537 3124 ὁμολογίαν
2584 3049 2775 3117 λαϐεῖν,
2830 3052 2965 3102 ὥστε
3017 3056 3106 3103 καὶ
3149 3057 3258 3111 τοῖς
3298 3050 3696 3125 ἐναντιουμένοις
3727 3051 3871 3123 αὐτῷ

2266 3142 2481 3214 φανερὰν
2527 3142 2769 3211 γενέσθαι
2816 3143 2910 3197 τὴν
2966 3141 3369 3211 συγκατάθεσιν,
3404 3146 3633 3202 καὶτοῖς
3669 3140 3874 3204 λοιποῖς

2268 3233 2446 3288 ἱκανὴν
2469 3226 2597 3282 εἶναι
2631 3237 2722 3281 τοῦ
2754 3226 2943 3303 ἀνδρὸς
2965 3237 3053 3289 τῆς
3079 3234 3428 3304 προαιρέσεως
3448 3235 3543 3288 τήν
3573 3226 3871 3293 ἀπόδειξιν.

2268 3320 2399 3373 Ἀλλ’
2428 3318 2709 3377 ἐϐουλήθην
2732 3318 2886 3379 αύτὸς
2916 3320 3015 3371 ὑπὸ
3041 3318 3230 3379 πολλῆς
3257 3318 3538 3393 ἀκριϐείας,
3573 3328 3678 3381 τοῖς
3711 3317 3875 3373 ἀδελ-

2267 3416 2380 3481 φοῖς
2411 3414 2685 3480 συντυχὼν
2724 3416 2834 3470 τοῖς
2872 3412 2989 3483 περί
3020 3405 3303 3472 Θεόδοτον,
3326 3408 3452 3484 παρ’
3498 3409 3662 3461 αὐτῶν
3696 3409 3876 3462 λαϐεῖν

2264 3506 2619 3573 γραμματεῖον
2660 3502 2901 3568 πίστεως,
2935 3501 3024 3549 καὶ
3055 3497 3179 3550 αύτό
3223 3504 3486 3573 προτεῖναι
3522 3507 3593 3569 τῷ
3628 3519 3877 3574 προειρη-

2265 3590 2435 3659 μένῳ⁸
2487 3589 2569 3639 ἵνα
2617 3585 2878 3661 ἀμφότερα
2905 3589 3142 3657 γένηται,
3176 3589 3204 3645 ἦ
3260 3605 3315 3639 τε
3367 3586 3495 3659 ὀρθὴ
3538 3592 3721 3650 πίστις
3746 3589 3880 3661 παρ’

2266 3676 2425 3729 αὐτοῦ
2457 3675 2753 3749 ὁμολογηθῇ
2788 3675 2883 3745 (3),
2906 3680 2996 3727 καὶ
3025 3674 3175 3727 αὐτοὶ
3209 3675 3675 3752 πληροφορηθῶσι,
3706 3674 3881 3751 μηδε-

2264 3768 2389 3836 μίαν
2414 3765 2621 3835 ἔχοντες
2652 3761 2947 3834 ἀντιλογίας
2979 3763 3227 3815 ὑπόθεσιν
3254 3762 3309 3814 ἐκ
3331 3771 3423 3816 τοῦ
3445 3766 3535 3825 τὰς
3562 3764 3687 3840 παρ’
3704 3773 3883 3817 αυτῶν

2264 3871 2536 3925 προτασεις
2564 3848 2996 3926 παραδεχθῆναι.
3021 3851 3177 3905 Ἀλλὰ
3196 3857 3316 3925 πρὶν
3338 3854 3518 3925 μαθεῖν
3540 3857 3677 3916 τίνος
3706 3854 3885 3907 ἕνεκεν

2267 3945 2639 4015 συνετύχομεν,
2692 3946 2781 3993 καὶ
2818 3946 2869 3993 τί
2900 3944 3024 4013 ἡμῖν
3055 3939 3110 3992 ἐκ
3134 3950 3230 4004 τῆς
3271 3942 3476 4015 ὁμιλίας
3502 3945 3882 4018 κατώρθωται,

2265 4034 2313 4084 οἱ
2354 4037 2471 4106 περὶ
2516 4034 2603 4084 τὸν
2638 4030 2921 4084 ἐπίσκοπον
2970 4028 3224 4084 Θεόδοτον
3263 4032 3436 4086 οὐκέτι
3480 4034 3616 4105 ἡμᾶς
3664 4033 3741 4095 εἰς
3783 4040 3890 4093 τὴν

2267 4118 2486 4173 σύνοδον
2523 4120 2920 4195 προτρέψασθαι
2977 4120 3332 4183 κατηξίωσαν.
3386 4121 3517 4174 Ἀλλ’
3547 4120 3648 4173 ἀπὸ
3701 4126 3890 4194 μέσης

2265 4209 2600 4282 ἀνεζεύξαμεν
2644 4210 2723 4280 (4)
2770 4217 2863 4271 τῆς
2921 4206 3071 4277 όὸοῦ,
3131 4209 3513 4283 ἀθυμήσαντες,
3549 4213 3630 4263 ὅτι
3681 4210 3895 4265 ἀτελεῖς

2264 4302 2387 4371 ἡμῖν
2435 4306 2647 4351 ποιοῦσι
2693 4302 2816 4361 τοὺς
2866 4299 2992 4372 ὑπὲρ
3033 4306 3128 4362 τῆς
3171 4298 3379 4375 εἰρήνης
3419 4308 3518 4352 τῶν
3546 4299 3893 4359 Ἐκκλησιῶν

2264 4391 2544 4461 καμάτους.

2334 4553 2387 4605 3.
2427 4549 2571 4601 Μετὰ
2620 4554 2788 4599 ταῦτα
2842 4552 3033 4615 τοίνυν,
3086 4544 3266 4607 ἐπειδὴ
3326 4548 3600 4603 κατέλαϐεν
3656 4553 3809 4623 ἡμᾶς
3854 4555 3886 4611 ἡ

2260 4636 2457 4708 ἀνάγκη
2513 4644 2607 4697 τῆς
2646 4634 2730 4688 ἐπὶ
2780 4640 2876 4694 τήν
2930 4636 3201 4711 Ἀρμενίαν
3243 4632 3393 4705 ὁδοῦ,
3435 4634 3591 4699 εἰδὼς
3638 4647 3737 4692 τοῦ
3786 4639 3891 4692 ἁν-

2260 4723 2386 4800 δρός
2430 4730 2487 4778 τὸ
2542 4722 2862 4799 ἰδιότροπον,
2910 4730 2999 4778 καὶ
3049 4723 3360 4799 βουλόμενος
3398 4727 3500 4779 ύπό
3531 4729 3774 4802 μάρτυρι
3804 4733 3896 4801 (5)

2258 4816 2545 4888 ἀξιοπίστῳ
2585 4814 2735 4875 αύτός
2788 4832 2841 4867 τε
2894 4816 3020 4891 ὑπὲρ
3075 4822 3174 4866 τῶν
3236 4835 3609 4892 πεπραγμενων
3682 4816 3905 4873 ἀπολο-

2254 5041 2337 5098 mi
2366 5040 2703 5115 ὁμολογῆται.

2326 5112 2405 5183 (4)
2437 5112 2828 5186 Ἀνεζεύξαμιν.
2880 5114 2963 5186 It_a
3018 5112 3159 5186 Reg.
3237 5115 3522 5186 uterque,
3563 5117 3619 5172 et
3693 5114 3903 5172 Coisl.

2253 5190 2505 5257 uterque
2537 5200 2673 5239 cum
2706 5182 2878 5257 Med,
2906 5182 3659 5257 Yat_.,Clarom.,_Paris.et
3680 5187 3902 5256 Bigot.

2251 5258 2378 5330 Non
2405 5253 2661 5330 possum
2692 5256 2871 5330 citare
2886 5253 3283 5330 _Harlaaanum
3312 5256 3607 5330 codicem,
3651 5258 3715 5313 in
3754 5253 3906 5330 quo

2248 5324 2461 5402 folium
2510 5327 2677 5402 deest
2727 5327 2843 5402 hoc
2885 5324 3203 5402 loco_,__scd
3256 5342 3378 5402 non
3424 5327 3687 5402 dubium
3722 5324 3908 5402 quin

2246 5398 2705 5472 haecscriptura
2734 5401 2819 5472 tot
2845 5397 2987 5472 nixa
3014 5396 3185 5453 libris
3217 5398 3485 5471 antiquis
3520 5416 3592 5472 pr
3608 5396 3909 5457 aafefen-

2246 5470 2325 5526 da
2356 5470 2428 5525 sit
2465 5467 2725 5538 vulgatis
2750 5467 3045 5530 ἀνέζευξαν,
3083 5473 3307 5525 reversi
3334 5467 3497 5526 siml.

2316 5544 2386 5613 (5)
2414 5545 2520 5593 Υπὸ
2551 5543 2799 5615 μάρτυρι.
2825 5538 3105 5597 Nonnulli
3137 5556 3283 5596 mss.
3319 5540 3402 5594 ἐπὶ
3428 5545 3680 5619 μάρτυρι.
