4054 6200
255 249 330 296 κπξ
1205 239 1688 299 EPISTOLABUM
1728 236 2010 298 CLASSIS
2050 240 2120 298 Il.
2159 241 2371 301 EPIST.
2416 246 2585 303 XCIX.

3471 245 3571 303 502

249 369 509 443 γήσασθαι,
579 358 808 416 κάκεῖνον
884 360 1310 440 πληροφορῆσαι,
1373 361 1524 423 ἦλθον
1595 365 1681 418 ἐπὶ
1743 385 1781 418 τ‹

1918 363 2000 421 illi
2027 365 2394 439 satisfacere,
2439 367 2576 426 veni
2625 369 2840 426 Getasa
2885 368 2947 424 in
2996 383 3211 440 agrum
3256 365 3572 439 religiosis-

253 466 282 511 Γ
287 465 433 517 ἠτασα
466 457 547 506 τόν
591 451 748 526 ἀγρόν
787 460 878 504 τοῦ
929 452 1322 525 θεοφιλεστάτου
1362 453 1646 508 ἐπισκόπου
1698 461 1807 507 Με-

249 548 408 613 λετίου,
467 547 817 617 συμπαρόντος
871 561 962 614 μοι
1011 547 1100 594 καὶ
1148 543 1306 596 αὐτοῦ
1354 552 1444 597 τοῦ
1495 547 1806 620 προειρημέ-

248 657 321 688 νου
365 629 645 689 Θεοδότου·
701 637 791 684 καὶ
838 631 1002 693 οὕτως
1061 632 1184 700 ἐκεῖ,
1231 628 1408 692 ἐπειδὴ
1470 632 1805 706 ἐνεκλήθημεν

248 725 351 800 παρ’
396 724 540 776 αὐτοῦ
590 718 673 773 ἐπὶ
734 729 797 794 τῇ
857 725 933 787 (6)
991 724 1120 796 πρὸς
1185 722 1474 776 Εὗστάθιον
1533 727 1801 796 συναφείᾳ,

250 818 367 868 εἶπον
411 817 462 864 τό
510 810 562 862 ἐκ
610 818 707 871 τῆς
763 815 1052 882 συντυχίας
1107 813 1443 886 κατόρθωμα,
1497 813 1577 864 ὅτι
1624 809 1803 864 ἔλαϐον

249 905 380 955 αὐτόν
418 900 474 961 εἰς
521 902 690 952 πάντα
755 900 879 971 ἡμῖν
933 895 1306 971 όμοδοξοῡντα.
1368 899 1456 963 Ὠς
1513 897 1572 954 δὲ
1631 895 1801 952 δειϐε-

245 991 419 1044 ϐαιοῦτο
476 989 679 1060 ἔξαρνον
756 989 1069 1058 γεγενῆσθαι
1134 991 1264 1060 μετὰ
1344 994 1436 1048 τὴν
1505 985 1588 1060 ἀφ’
1655 990 1800 1060 ἡμῶν

241 1081 554 1151 ἀναχώρησιν,
615 1082 702 1150 κρὶ
761 1073 1198 1130 διαϐεϐαιοῦσθαι
1261 1078 1416 1130 αὐτόν
1471 1086 1579 1139 τοῖς
1647 1074 1800 1138 ἰδίοις

239 1170 366 1222 αὐτοῦ
415 1169 693 1241 μαθηταῖς,
750 1166 779 1224 ἧ
813 1168 903 1239 μὲν
958 1163 1022 1227 εἰς
1061 1163 1226 1238 μηδὲν
1258 1168 1382 1240 ἡμῖν
1434 1172 1553 1241 περὶ
1591 1176 1683 1228 τῆς
1713 1170 1800 1220 πί-

236 1279 363 1320 στεως
417 1257 793 1326 συντεθεῖσθαι,
857 1254 1096 1314 ἀπήντων
1149 1255 1248 1328 ἐγώ
1295 1261 1423 1331 πρὸς
1472 1264 1638 1309 ταῦτα
1689 1257 1796 1328 (καὶ

233 1352 398 1413 σκόπει,
455 1349 883 1418 θαυμασιώτατε,
946 1345 990 1396 εἰ
1055 1349 1126 1418 μὴ
1189 1342 1527 1407 δικαιοτάτας
1566 1346 1643 1418 (7)
1707 1349 1796 1398 καὶ

231 1436 586 1510 ἀναντιρῤἠτους
660 1433 942 1506 ἐποιούμην
1001 1437 1132 1507 πρὸς
1183 1443 1334 1488 τοῦτο
1405 1439 1500 1496 τὰς
1583 1433 1796 1511 ἀποκρί-

232 1526 351 1594 mg},
426 1527 500 1577 ὅτι
563 1523 670 1596 ἐγώ
743 1527 834 1597 μὲν
913 1527 1220 1596 πέπεισμαι,
1299 1524 1516 1587 εἰκάζων
1576 1524 1632 1577 ἐκ
1702 1533 1796 1588 τῆς

229 1620 376 1676 λοιπῆς
427 1614 726 1674 εὐσταθείας
755 1620 848 1664 τοῦ
879 1607 1092 1686 ἀνδρὸς,
1145 1618 1216 1685 μὴ
1263 1613 1427 1676 οὕτως
1480 1613 1634 1667 αὐτὸν
1675 1618 1794 1667 κού-

230 1716 308 1777 φώς
361 1706 751 1779 περιτρέπεσθαι
808 1706 934 1778 πρὸς
991 1707 1056 1755 τὰ
1111 1702 1336 1773 ἐναντία,
1370 1701 1509 1777 μηδὲ
1552 1712 1639 1757 νῦν
1702 1708 1793 1778 μεν
1827 1739 1864 1792 Β

229 1793 468 1866 ὁμολογεῖν,
514 1801 605 1844 νῦν
659 1789 718 1845 δὲ
769 1794 896 1866 ὑπὲρ
948 1791 1015 1844 ὧν
1071 1800 1204 1846 εἶπεν
1263 1793 1560 1869 ἀρνεῖσθαι⁶
1623 1792 1795 1870 ἄνδρα

228 1886 368 1935 καὶτὸ
394 1884 510 1956 ὑπὲρ
553 1890 660 1934 τῶν
689 1886 955 1954 τυχόντων
993 1877 1212 1953 ψεῦδος,
1262 1886 1330 1946 ὡς
1376 1883 1612 1960 φοϐερόν,
1667 1884 1790 1937 ἀπο-

229 1975 455 2045 φεύγοντα,
504 1976 574 2044 μὴ
641 1976 720 2025 ὅτι
770 1983 830 2044 γε
884 1977 1001 2046 περὶ
1053 1981 1151 2024 τῶν
1179 1973 1496 2031 τηλικούτων
1545 1977 1789 2049 πραγμά·

225 2081 317 2132 των,
356 2066 436 2114 καὶ
480 2063 618 2114 οὕτω
672 2064 818 2136 παρὰ
865 2068 997 2114 πᾶσι
1048 2060 1376 2135 βεϐοημένων
1423 2064 1526 2136 (8),
1581 2063 1789 2117 ἑλέσθαι

226 2154 270 2202 τὶν
307 2171 413 2204 ποτε
456 2149 829 2210 ἐναντιωθῆναι
895 2160 955 2224 τῇ
1023 2150 1258 2224 ἀληθεία.
1301 2154 1361 2206 Εἰ
1415 2149 1474 2206 δὲ
1535 2155 1639 2229 οἰρα
1697 2160 1786 2206 καὶ

225 2239 352 2298 ἀληθῆ
415 2238 536 2293 εἶναι
601 2239 782 2313 συμϐῇ
851 2243 917 2292 τὰ
995 2241 1344 2315 θρυλλούμενα
1406 2243 1529 2317 παρ’

223 2338 438 2401 προτεῖναι
491 2330 641 2403 αὐτῷ
691 2337 1068 2403 γραμματεῖον,
1122 2338 1299 2385 πᾶσαν
1353 2334 1477 2405 ἔχον
1541 2340 1636 2396 τῆς
1692 2332 1787 2408 ὀρ·-

225 2418 292 2478 θῆς
333 2423 539 2482 πίστεως
583 2421 690 2477 τὴν
735 2415 1024 2488 ἀπόδειξιν,
1075 2425 1204 2496 χρήο
1241 2420 1361 2474 Ἐὰν
1395 2423 1485 2494 μὲν
1527 2421 1616 2474 οὖν
1655 2421 1785 2497 εὕρω

223 2505 340 2559 αὐτόν
391 2510 748 2582 συντιθέμενον
806 2507 1092 2584 ἐγγράφως,
1160 2509 1379 2584 έπιμενῶ
1455 2518 1517 2585 τῇ
1595 2532 1783 2566 κοινω-

1620 2244 1782 2315 ὑμῶν,

223 2601 310 2666 νίᾳο
352 2596 426 2648 ἐὰν
479 2594 535 2650 δὲ
579 2597 732 2650 λάϐω
776 2595 1148 2671 ἀναδυόμενον,
1206 2599 1579 2674 ἀποστήσομαι
1622 2603 1782 2656 αὐτοῦ

224 2691 291 2747 τῆς
327 2691 596 2760 συναφείας.
656 2681 1076 2760 Ἀποδεξαμένου
1109 2686 1188 2760 (9)
1219 2691 1306 2742 τὸν
1349 2688 1500 2761 λόγον
1546 2699 1638 2744 τοῦ
1669 2691 1781 2745 ἐπι-

223 2778 377 2827 σκόπου
427 2776 703 2845 Μιλετίου,
762 2781 853 2829 καὶ
915 2785 1008 2829 τοῦ
1064 2775 1291 2850 ἀδελφοῦ
1360 2775 1624 2854 Διοδώρου
1689 2790 1781 2835 τοῦ

225 2864 643 2940 σνμπρεσϐυτέρου
700 2871 891 2939 (παρῆν
949 2869 1051 2941 γὰρ
1111 2876 1222 2931 τοῖς
1272 2871 1600 2942 γινομένοις),
1662 2891 1784 2924 συν-

223 2954 382 3024 θίμῆος
437 2958 460 3006 ό
538 2952 968 3028 αἱδεσιμώτατος
1034 2954 1256 3030 ἀδελφὸς
1331 2956 1587 3021 Θεόδοτος
1655 2959 1778 3034 ἐκεῖ,

219 3045 286 3092 καὶ
333 3045 688 3117 παρακαλέσας
760 3047 900 3118 ἡμᾶς
968 3046 1232 3100 κατελθεῖν
1307 3049 1393 3101 ἐπὶ
1473 3050 1778 3122 Νικόπολιν,

219 3130 283 3182 ἵνα
327 3138 402 3185 καὶ
453 3140 541 3193 τήν
613 3135 932 3194 Ἐκκλησίαν
994 3135 1154 3189 αὐτοῦ
1208 3136 1628 3211 ἐπισκεψώμεθα,
1688 3137 1778 3191 καὶ

221 3217 342 3270 αὐτὸν
381 3220 596 3297 λάϐωμεν
658 3233 757 3287 τῆς
807 3229 970 3300 μέχρι
1018 3225 1253 3278 Σατάλων
1297 3223 1601 3302 ὁδοιπορίας
1651 3247 1774 3281 συν-

218 3311 412 3383 ίμπορον,
447 3315 748 3368 καταλιπὼν
806 3318 914 3387 (10)
972 3317 1111 3389 ἡμᾶς
1169 3315 1220 3369 ἐν
1265 3319 1541 3385 Γητάσοις,
1589 3315 1770 3378 ἐπειδὴ

218 3398 502 3473 κατελάϐομεν
553 3404 677 3476 (11)
748 3409 838 3463 τὴν
917 3404 1221 3478 Νικόπολιν,
1283 3404 1647 3480 ἐπιλαθόμενος
1703 3406 1770 3460 ὧν

219 3503 265 3537 τε
289 3487 388 3561 παρ’
410 3488 512 3562 ἐμοῦ
543 3497 775 3552 ἤκουσεν
804 3495 936 3563 (12).
982 3495 1049 3546 ὧν
1075 3514 1128 3548 τι
1159 3498 1398 3549 συνέθετο
1447 3497 1595 3570 ἡμῖν,
1634 3497 1768 3551 ἐκεί-

221 3591 313 3659 καις
335 3584 430 3638 ταῖς
448 3577 614 3654 ὕϐρεσι
652 3587 742 3634 καὶ
789 3589 907 3645 ταῖς
945 3581 1202 3656 ἀτιμίαις,
1243 3583 1305 3646 ἂς
1337 3593 1508 3659 μικρῷ
1543 3588 1769 3659 πρόσθεν

220 3655 525 3739 διηγησάμην,
555 3673 929 3743 καταισχύνας
961 3655 1100 3744 ἡμᾶς
1129 3655 1422 3746 ἀπέπεμψε.

271 3755 439 3816 4.Πὼς
490 3755 572 3810 οὖν
637 3756 696 3817 ἦν
758 3757 981 3813 δυνατόν
1039 3781 1151 3834 μοι,
1209 3765 1499 3834 τιμιωτάτη
1549 3765 1764 3838 κεφαλὴ,

216 3847 392 3898 “licet
417 3864 463 3898 τι
502 3856 598 3900 τῶν
639 3853 1121 3923 προστεταγμένων,
1167 3856 1257 3903 καὶ
1315 3848 1518 3912 δοῦναι,
1550 3851 1766 3908 ἐπισκό-

216 3945 319 3990 πους
360 3941 410 4000 τῇ
457 3934 742 4009 Ἀρμενίας
784 3939 920 3991 οὕτω
974 3943 1100 4014 πρός
1138 3941 1203 4012 με
1252 3948 1344 3993 τοῦ
1375 3949 1622 3994 κοινωνοῦ
1671 3953 1768 4008 τῆς

217 4018 435 4088 ⁵τοροντίδος
475 4022 823 4096 διατεθέντος,
857 4028 980 4104 παρ’
1032 4029 1093 4081 οὗ
1134 4029 1233 4101 ἐγὼ
1263 4027 1600 4105 προσεδόκων
1644 4037 1766 4086 τοὺς

211 4105 484 4176 ἐπιτηδείους
511 4113 714 4191 ἀνδρας
746 4119 1004 4191 εὑρήσειν,
1043 4116 1136 4172 διὰ
1180 4123 1238 4173 τὸ
1277 4127 1407 4173 εῖναι
1452 4120 1502 4173 ἐν
1537 4130 1598 4195 τῇ
1632 4142 1765 4196 παρ-

211 4202 318 4269 οικίᾳ
353 4201 498 4255 αὐτοῦ
559 4212 652 4258 καὶ
722 4206 975 4276 εὐλαϐεῖς,
1029 4213 1120 4261 καὶ
1191 4214 1456 4277 συνετοὺς,
1523 4215 1611 4263 καὶ
1666 4221 1762 4275 τῆς

209 4283 388 4352 γλώττης
434 4293 726 4369 ἐμπείρους,
788 4302 878 4349 καὶ
958 4300 1027 4350 τὰ
1091 4297 1250 4352 λοιπὰ
1327 4297 1594 4374 ἰδιώματα
1665 4309 1758 4354 τοῦ

209 4374 338 4437 arma;
362 4379 741 4456 ἐπισταμένους·
790 4386 858 4438 ὧν
903 4384 1059 4450 εἰδὼς
1092 4391 1158 4440 τὰ
1198 4388 1449 4462 ὀνόματα,
1491 4389 1616 4442 ἑκὼν
1647 4382 1754 4449 (13)

1917 454 2055 512 simi
2107 457 2375 530 episcopi
2431 457 2658 529 Meletii,
2714 458 2818 514 ubi
2875 462 2932 515 et
2986 458 3134 531 ipse,
3182 474 3366 531 quem
3421 457 3563 530 dixi,

1921 543 2254 602 l‘heodotus
2281 563 2523 602 mecum
2550 547 2812 603 interfuit
2855 565 2868 602 :
2903 548 3104 620 sicque
3135 547 3216 603 ibi
3247 552 3567 604 accusatus

1916 633 1994 689 ab
2041 651 2112 691 eo
2152 635 2230 691 ob
2279 637 2765 708 conjunctionem
2815 653 2952 692 cum
2984 637 3310 704 Eustathio,
3344 635 3467 692 dixi
3493 653 3566 692 ex

1913 738 2242 794 congressu
2281 731 2673 781 consecutum
2704 741 2800 781 me
2827 741 2976 788 esse,
3010 729 3075 781 ut
3102 741 3242 781 eum
3272 725 3332 780 in
3364 724 3564 781 omni-

1909 810 2025 868 bus
2051 813 2209 869 idem
2237 831 2307 870 ac
2335 830 2448 870 nos
2471 815 2825 871 sentientem
2851 813 3164 870 haberem.
3190 816 3337 869 Cum
3362 819 3563 870 autem

1910 908 2281 960 asseveraret
2310 903 2684 961 Eustathium
2723 919 3004 974 negasse,
3035 907 3360 976 postquam
3387 902 3464 958 ab
3491 917 3562 958 eo

1909 990 2323 1062 discessimus,
2347 993 2592 1066 suisque
2623 992 2879 1066 propriis
2908 993 3112 1064 ipsum
3143 991 3450 1062 discipulis
3480 989 3565 1047 af-

1907 1079 2170 1149 ﬁrmare,
2205 1097 2266 1135 se
2305 1081 2469 1138 nulla
2509 1098 2757 1153 prorsus
2787 1081 2848 1137 in
2879 1096 2943 1136 re
2985 1079 3307 1136 nobiscum
3339 1079 3412 1134 de
3441 1077 3561 1134 ﬁde

1907 1168 2311 1239 consensisse,
2345 1171 2423 1226 ad
2451 1170 2579 1226 haec
2602 1187 2712 1241 ego
2745 1169 3135 1226 occurrebam
3166 1175 3258 1238 (ac
3283 1168 3440 1239 vide,
3473 1167 3562 1223 vir

1905 1256 1966 1312 in
1997 1258 2208 1329 primis
2242 1259 2618 1327 admirande,
2648 1276 2725 1314 an
2757 1275 2879 1315 non
2905 1258 3276 1330 justissimas
3307 1258 3445 1314 huic
3475 1257 3560 1313 rei

1905 1350 1961 1402 et
1988 1347 2413 1405 invictissimas
2434 1348 2856 1420 responsiones
2878 1347 3295 1414 attulerimus),
3316 1362 3561 1419 persua-

1904 1453 2039 1492 sum
2064 1436 2207 1492 mihi
2227 1453 2358 1493 esse
2385 1438 2795 1508 conjecturam
2826 1435 3069 1492 facienti
3089 1453 3161 1492 ex
3188 1435 3420 1507 reliqua
3445 1437 3556 1492 viri

1904 1527 2258 1594 constantia,
2303 1525 2504 1599 ipsum
2555 1525 2720 1582 haud
2764 1525 2846 1582 ita
2888 1524 3093 1582 leviter
3138 1525 3200 1580 in
3257 1524 3558 1583 contraria

1903 1614 2288 1683 circumferri,
2325 1632 2520 1688 neque
2566 1631 2728 1671 nunc
2776 1614 3022 1688 quidem
3062 1613 3349 1684 conﬁteri,
3392 1629 3555 1670 nunc

1901 1721 2044 1762 vero
2070 1721 2290 1778 negare
2319 1722 2455 1778 quae
2475 1705 2717 1772 dixerit;
2749 1705 3056 1761 hominem
3079 1703 3466 1760 mendacium
3491 1705 3554 1760 in

1900 1795 2080 1852 rebus
2102 1795 2387 1863 minimis,
2412 1801 2477 1852 ut
2494 1794 2776 1851 horribile
2807 1794 3124 1866 quiddam,
3148 1799 3550 1866 aversantem,

1898 1885 2128 1942 nedum
2173 1886 2235 1942 in
2279 1886 2460 1942 rebus
2515 1884 2666 1942 tanti
2708 1885 2999 1942 momenti
3045 1900 3115 1941 ac
3155 1884 3237 1941 ita
3280 1884 3555 1941 omnium

1895 1975 2062 2032 fama
2103 1975 2415 2032 celebratis
2460 1974 2692 2031 veritati
2723 1990 2991 2047 unquam
3039 1972 3348 2030 adversari
3387 1974 3552 2031 velit.

1897 2065 2071 2132 Quod
2102 2063 2150 2120 si
2181 2081 2324 2121 vera
2353 2081 2483 2120 esse
2515 2064 2822 2133 contingat
2850 2079 2984 2136 quae
3016 2079 3052 2118 a
3080 2061 3252 2119 vobis
3282 2062 3552 2121 dictitan-

1895 2160 2009 2224 tur,
2043 2153 2474 2227 proponendus
2513 2157 2605 2210 est
2651 2153 2703 2208 ei
2745 2152 3004 2222 libellus,
3035 2151 3139 2226 qui
3167 2168 3346 2209 omne
3374 2158 3549 2210 rectas

1892 2243 2033 2300 ﬁdei
2059 2243 2368 2316 specimen
2384 2241 2836 2314 complectatur.
2863 2241 3036 2307 Quod
3058 2241 3109 2298 si
3131 2257 3270 2297 eum
3291 2241 3552 2298 subscri-

1892 2331 2095 2389 bendo
2137 2331 2419 2389 assentiri
2462 2347 2764 2404 reperero,
2793 2329 3058 2387 manebo
3099 2329 3162 2386 in
3199 2330 3358 2386 illius
3387 2347 3550 2388 com-

1892 2422 2180 2480 munione
2204 2439 2216 2478 :
2242 2421 2336 2478 sin
2358 2425 2557 2478 autem
2580 2420 3036 2493 deprehendero
3055 2424 3453 2488 recusantem,
3469 2421 3548 2478 ab

1891 2512 2047 2569 illius
2069 2512 2202 2584 conj
2215 2513 2490 2568 unctione
2511 2509 2845 2567 discedam.
2863 2512 3011 2568 Cum
3033 2515 3235 2566 autem
3255 2509 3385 2567 haec
3409 2526 3548 2583 pro-

1890 2601 2177 2658 barentur
2223 2600 2512 2673 episcopo
2561 2599 2806 2664 Meletio,
2832 2603 2890 2655 et
2918 2598 3085 2655 fratri
3127 2599 3385 2656 Diodoro
3415 2616 3547 2673 pre-

1892 2691 2134 2763 sbytero
2166 2691 2331 2762 (nam
2357 2689 2430 2745 iis
2459 2705 2596 2761 quae
2627 2688 2855 2744 ﬁebant
2880 2687 3206 2755 intererat),
3238 2688 3354 2744 illic
3397 2705 3546 2748 sane

1889 2795 2077 2852 quam
2106 2779 2470 2836 reverendus
2501 2777 2685 2833 frater
2712 2777 3052 2834 Theodotus
3096 2793 3378 2833 assensus
3405 2784 3494 2834 est
3527 2797 3540 2849 ;

1891 2883 2152 2940 cumque
2175 2867 2529 2924 adhortatus
2561 2870 2736 2936 esset,
2753 2869 2819 2922 ut
2847 2864 3353 2920 descenderemus
3375 2866 3543 2922 Nico-

1887 2957 2095 3030 polim,
2145 2962 2273 3014 tum
2325 2961 2391 3013 ut
2466 2955 2790 3012 Ecclesiam
2870 2955 3063 3026 ipsius
3120 2955 3540 3026 inviseremus,

1887 3051 2016 3104 tum
2045 3049 2215 3121 195
2240 3053 2294 3104 et
2318 3047 2524 3120 ipsum
2545 3046 2769 3102 itineris
2792 3045 3070 3102 comitem
3097 3044 3326 3102 Satalos
3346 3062 3540 3120 usque

1884 3137 2271 3204 haberemus,
2301 3153 2371 3193 ac
2412 3153 2536 3193 non
2569 3135 2794 3193 Getasis
2830 3135 3184 3208 reliquisset,
3217 3136 3320 3192 ubi
3360 3136 3539 3193 Nico-

1883 3227 2069 3298 polim
2099 3228 2399 3294 venimus,
2431 3225 2651 3282 oblitus
2673 3241 2881 3282 eorum
2903 3241 3038 3298 quae
3064 3230 3120 3281 et
3147 3241 3182 3281 a
3210 3242 3305 3281 me
3336 3225 3539 3282 audie~

1879 3321 1992 3386 rat,
2024 3322 2080 3373 et
2107 3333 2244 3391 quas
2273 3315 2594 3372 nobiseum
2623 3320 2837 3388 pactus
2865 3315 3079 3383 fuerat,
3113 3331 3225 3372 nos
3253 3315 3344 3381 iis,
3378 3332 3534 3388 quas
3561 3369 3566 3373 .

1879 3405 2062 3474 paulo
2089 3410 2225 3462 ante
2250 3403 2446 3472 retuli,
2480 3403 2856 3461 contumeliis
2887 3419 2958 3460 ac
3000 3403 3347 3475 ignominiis
3387 3403 3534 3461 atie-

1877 3499 2005 3551 ctos
2028 3493 2275 3551 dimisit.

1945 3762 2323 3828 4.Quomodo
2334 3779 2476 3834 ergo
2487 3779 2734 3836 possem
2747 3761 3524 3836 caputpraestantissimum,

1874 3851 2308 3907 mandatorum
2328 3852 2663 3926 quidquam
2685 3854 2989 3927 perficere,
3004 3857 3059 3908 et
3080 3852 3394 3924 episcopos
3413 3858 3524 3908 Ar-

1874 3940 2088 3996 menia
2110 3940 2289 3997 dare?
2303 3942 2388 3997 sic
2408 3958 2551 4013 erga
2570 3959 2667 3998 me
2689 3943 2901 4000 affecto
2919 3957 3202 3998 curarum
3225 3941 3408 4011 socio,
3423 3958 3524 3997 cu-

1866 4029 1966 4100 jus
1987 4045 2171 4101 opera
2196 4030 2519 4102 sperabam
2539 4047 2636 4087 me
2656 4031 2905 4088 idoneos
2925 4031 3087 4086 viros
3113 4029 3522 4100 inventurum,

1872 4134 1942 4174 eo
1973 4119 2139 4190 quod
2169 4119 2232 4175 in
2262 4120 2390 4191 ejus
2415 4121 2681 4193 parcecia
2700 4136 2824 4177 non
2853 4120 3054 4177 desint
3081 4119 3438 4189 etreligiosi,
3467 4125 3524 4177 et

1869 4207 2214 4279 prudentes,
2247 4213 2304 4266 et
2347 4209 2569 4279 linguae
2616 4210 2809 4283 periti,
2840 4213 2895 4266 et
2923 4210 3030 4282 qui
3074 4208 3338 4280 reliquos
3373 4225 3521 4264 usus

1867 4298 2060 4368 gentis
2071 4299 2348 4371 proprios
2371 4299 2589 4367 sciant;
2613 4315 2875 4372 quorum
2894 4301 3144 4354 nomina
3156 4315 3292 4354 eum
3306 4298 3517 4366 sciam,

1864 4388 2073 4445 volens
2098 4389 2328 4457 tacebo,
2352 4405 2426 4445 ne
2445 4390 2594 4463 quid
2614 4389 3030 4463 impedimenti
3051 4393 3355 4459 nascatur,
3371 4404 3516 4461 quo-

212 4471 515 4554 ῖιωπὴσομαι,
569 4477 656 4526 ἵνα
695 4479 768 4547 μή
826 4480 878 4528 τί
915 4475 1168 4550 ἐμπόδιον
1206 4478 1423 4549 γένηται
1455 4483 1583 4554 πρὸς
1613 4483 1670 4532 τό
1701 4479 1752 4532 ἐν

1892 4478 2064 4534 uinus
2085 4478 2200 4535 alio
2225 4479 2437 4534 saltem
2459 4462 2729 4551 tempore
2754 4477 3048 4534 Armeniae
3071 4477 3285 4534 utiliter
3301 4493 3514 4534 consu-

211 4547 327 4624 έτέρῳ
384 4568 503 4630 γοῦν
557 4567 735 4638 χρόνῳ
788 4568 1220 4640 χρησιμευοῆναι
1290 4572 1383 4627 τὴν
1459 4568 1748 4644 Ἀρμενίαν-

210 4643 282 4694 Kai
323 4655 398 4699 νῦν
442 4656 705 4725 γενόμενος
756 4659 921 4729 μέχρι
973 4656 1210 4709 Σατάλων
1258 4656 1308 4709 ἐν
1357 4660 1574 4731 τοιούτῳ
1640 4663 1749 4711 σώ-

206 4749 316 4800 ματι,
342 4740 398 4789 τὰ
423 4743 508 4810 μὲν
539 4741 697 4796 λοιπὰ
727 4741 885 4807 ἔδοξα
901 4755 964 4819 τῇ
993 4755 1082 4799 τοῦ
1105 4755 1239 4800 Θεοῦ
1256 4749 1448 4823 χάριτι
1466 4751 1743 4820 καθιστᾷν,

209 4826 447 4889 “PTa-wider;
489 4835 612 4894 τοὺς
668 4836 758 4893 τὴς
813 4833 1082 4907 Ἀρμενίας
1136 4836 1474 4906 ἐπισκόπους,
1507 4842 1596 4891 καὶ
1629 4835 1745 4892 δια-

259 5017 863 5108 ,ἚπὶῆτῆκΝοηῃυΠί
893 5036 1185 5108 mss._3np_1
1214 5040 1421 5094 τῆς.....
1439 5039 1736 5108 συναφείας.

209 5082 394 5182 (τίθετε
435 5082 603 5182 cpia.
654 5082 1190 5182 assignas;
1223 5082 1736 5182 giras-spvaza;

209 5153 344 5250 Paulo
363 5172 492 5250 post
519 5153 792 5250 nonnulli
823 5153 1272 5250 codices—Q3205
1298 5153 1575 5250 μαθητΓαῖςέ

220 5231 709 5326 summi-rec:
747 5246 921 5326 Reg._
949 5246 1190 5326 primus
1233 5231 1307 5326 et:
1345 5231 1555 5326 Bigot;
1587 5249 1735 5326 alter

222 5313 489 5393 ὶίῗῖιῖτάτεῆς
542 5319 636 5393 τιᾳέ
688 5313 1088 5393 ᾁναντὶρῥῆτως.
1159 5319 1340 5376 Paulo
1400 5313 1541 5393 post
1591 5321 1732 5378 editi

224 5373 505 5452 ieritbsurde
541 5383 847 5450 αὐθαδείας.

272 5449 659 5537 Βεϐοημένων.
712 5449 987 5516 ιιαωεε.
1023 5477 1148 5518 sex.
1185 5462 1335 5519 Editi
1389 5460 1727 5537 διαϐεϐοημέ-

235 5522 293 5556 “ﬁre
299 5553 306 5565 ι

285 5583 747 5673 ἱθγλποόεξαμένου.
803 5605 940 5662 Tres
988 5620 1136 5663 mss.
1177 5620 1303 5665 non
1339 5608 1728 5667 vetustissimi

1859 4567 2035 4624 latur.
2070 4571 2136 4624 Et
2165 4583 2322 4624 nunc
2351 4584 2488 4624 cum
2513 4568 2712 4626 Satala
2741 4584 2933 4640 usque
2963 4584 3101 4623 cum
3130 4567 3233 4624 tali
3259 4583 3513 4640 corpore

1857 4657 2287 4729 pervenissem,
2315 4658 2547 4731 reliqua
2569 4658 2818 4731 quidem
2841 4659 3006 4713 visus
3029 4674 3166 4712 sum
3189 4658 3290 4713 Dei
3319 4658 3512 4727 gratia

1857 4747 2241 4813 constituere;
2263 4764 2400 4804 cum
2425 4764 2636 4820 pacem
2659 4747 3510 4821 composueriminterepisco-

1853 4851 1968 4908 pos
1997 4835 2311 4906 Armeniae,
2343 4853 2587 4911 eosque,
2623 4842 2684 4894 ut
2716 4855 2828 4911 par
2855 4843 2998 4912 erat,
3032 4839 3324 4898 allocutus
3369 4841 3502 4909 sim,

1850 5031 2084 5090 addunt
2111 5035 2221 5091 οὖν.

1921 5107 2036 5176 (10)
2067 5109 2406 5178 Συνέμπορον,
2449 5107 2764 5165 καταλιπών.
2816 5111 2905 5169 Ita,
2951 5126 3106 5166 mss.
3155 5111 3309 5166 octo.
3348 5104 3503 5163 Editi

1850 5181 2162 5252 συνέκπορον
2193 5178 2563 5231 καταλιπόντα.

1917 5245 2442 5323 (1,¹)ΑΚατε)-οξϐομενο
2491 5252 2756 5312 Quatuor
2784 5269 2932 5310 mss.
2965 5268 3090 5308 non
3119 5245 3503 5307 vetustissimi

1841 5319 2134 5390 κατέλαϐεν,
2170 5321 2276 5378 sed
2302 5319 2502 5380 minus
2527 5325 2870 5381 commode.

1910 5395 2024 5463 (l2)
2088 5393 2374 5470 Ἤκουσεν.
2440 5400 2524 5453 [ta
2583 5397 2794 5470 optimi
2843 5397 3116 5470 quinque
3172 5391 3510 5470 mss._Edit

1838 5466 2108 5543 ηκουσαν..
2144 5467 2324 5522 Paulo
2355 5473 2494 5539 post
2540 5466 2697 5525 male
2725 5470 2787 5525 in
2835 5466 3490 5543 Θῖἰίῐίε-προτεταγμένων,

1833 5537 1967 5592 Mss.
2000 5541 2065 5592 ut
2094 5537 2156 5593 in
2184 5537 2368 5595 textu;

1906 5608 2016 5679 (13)
2041 5614 2219 5667 Ἑκών.
2242 5611 2327 5668 Ita
2344 5609 2614 5684 plerique
2639 5629 2784 5670 mss.
2817 5614 2969 5674 Editi
2998 5615 3273 5682 ἑκουσίως.
