4054 6200
401 253 502 308 503

1789 245 1844 300 S.
1887 239 2134 298 BASILII
2173 241 2390 302 MAGNI

3663 260 3782 338 soi

399 379 466 432 ut
491 375 864 448 deponerent
885 376 1235 429 consuetam
1259 371 1745 438 indifferentiam,
1773 384 1842 424 ac
1873 367 2062 422 since-

2181 372 2372 440 λεχθεὶς
2426 373 2602 436 αὐτοῖς
2663 375 2728 426 τὰ
2803 379 3082 448 πρέποντα,
3135 377 3268 428 ὥστε
3323 375 3617 430 ἀποθέσθαι
3677 385 3768 438 την

397 482 536 522 rum
549 481 658 538 pro
683 461 1204 521 DominiEcclesiis
1229 461 1497 518 studium
1516 456 2062 528 rcsumerent:quin

401 560 458 611 et
485 553 727 624 regulas
760 553 906 626 ipsis
938 551 1206 607 dederim
1255 551 1328 606 de
1359 551 1454 618 iis,
1488 567 1624 622 quae
1661 547 2066 603 indifferenter

399 644 462 700 in
491 643 773 699 Armenia
827 641 1257 714 peccabantur,
1302 639 1616 712 quomodo
1660 637 1792 693 illos
1831 637 2067 691 deceret

400 749 610 788 curam
631 731 952 804 suscipere.
977 730 1190 802 Accepi
1217 735 1414 784 autem
1441 734 1498 784 et
1529 745 1564 783 a
1595 725 1931 784 Satalorum
1965 726 2066 778 Ec-

399 823 580 878 clesia
605 821 911 891 suffragia,
930 820 1153 892 quibus
1178 821 1443 890 rogabar
1465 823 1530 873 ut
1545 819 1898 890 episcopum
1917 813 2062 886 ipsis

399 911 629 966 darem.
662 913 827 966 Curae
859 909 1040 965 etiam
1087 909 1234 964 mihi
1280 907 1426 964 illud
1456 907 1587 975 fuit,
1617 911 1680 961 ut
1711 905 1785 960 (lc
1817 917 2064 975 aspersa

400 998 812 1054 criminatione
826 999 988 1054 fratri
1007 1003 1211 1054 nostro
1235 997 1452 1069 Cyrillo
1471 995 1764 1052 Armeniae
1779 993 2062 1065 episcopo

397 1086 799 1160 inquirerem;
837 1104 908 1143 ac
932 1089 1030 1143 Dei
1049 1088 1242 1158 gratia
1265 1087 1597 1159 reperimus
1621 1083 1771 1140 falso
1799 1099 2062 1138 commo-

401 1186 524 1233 tam
549 1193 623 1232 ex
648 1175 952 1232 calumnia
977 1177 1134 1231 illius
1161 1175 1566 1242 inimicorum,
1590 1189 1776 1246 quam
1800 1178 1857 1228 et
1883 1170 2064 1226 mani-

399 1266 543 1322 feste
574 1281 779 1321 coram
821 1265 997 1320 nobis
1029 1263 1286 1320 confessi
1334 1267 1493 1320 sunt.
1524 1267 1712 1334 Atque
1755 1266 2062 1331 utcunque

405 1354 738 1412 Satalorum.
773 1353 1070 1425 populum
1094 1351 1204 1408 visi
1238 1369 1448 1408 sumus
1479 1351 1596 1423 ipsi
1620 1349 1976 1422 placare,ita
2002 1352 2066 1404 ut

401 1461 526 1502 non
555 1444 684 1514 jam
726 1443 804 1498 ab
843 1443 1001 1499 illius
1044 1443 1472 1498 communione
1503 1439 1782 1510 refugiat.
1815 1437 1985 1505 Quod
2016 1437 2065 1492 si

401 1535 528 1589 haec
559 1548 749 1605 parva
776 1537 932 1598 sunt,
965 1539 1020 1589 et
1049 1532 1220 1588 nihili
1243 1531 1542 1600 facienda,
1568 1535 1628 1586 at
1657 1529 1804 1585 nihil
1825 1545 1861 1584 a
1886 1527 2063 1583 nobis

404 1622 664 1694 amplius
710 1623 915 1694 perfici
947 1626 1198 1694 poterat,
1233 1621 1313 1677 ob
1347 1625 1624 1676 mutuam
1659 1619 1813 1674 inter
1851 1633 1963 1673 nos
1993 1633 2066 1673 ex

2173 463 2371 518 συνήθη
2424 459 2736 538 ἀδιαφορίαν
2781 465 2914 534 (14),
2965 470 3055 517 καὶ
3099 463 3366 518 ἀναλαϐεῖν
3409 471 3501 526 τὴν
3549 475 3770 538 γνησίαν

2171 557 2261 600 τοῦ
2295 555 2486 625 Κυρίου
2518 553 2642 624 ὑπὲρ
2666 561 2764 604 τῶν
2795 552 3115 610 Ἐκκλησιῶν
3149 551 3410 620 σπουδὴν,
3449 553 3483 608 δ
3487 561 3576 618 ους
3603 557 3778 618 αὐτοῖς

2171 643 2260 690 καὶ
2333 643 2524 702 τύπους
2575 647 2691 715 περὶ
2761 650 2858 693 τῶν
2935 638 3234 716 ἀδιαφόρως
3299 648 3434 696 κατά
3497 651 3588 704 τὴν
3659 647 3782 721 Ἀρ-

2171 733 2346 800 μενίαν
2439 735 2943 804 παρανομουμένων,
3035 733 3166 792 ὅπως
3245 733 3425 794 αὐτοῖς
3513 745 3782 808 προσῆκεν

2172 815 2555 890 ἐπιμελεῖσθαι·
2605 817 2859 893 ἐδεξάμην
3011 827 3094 873 καὶ
3125 823 3448 895 ψηφίσματα
3495 829 3640 900 παρά
3689 833 3784 885 τῆς

2172 905 2447 969 ἐκκλησίας
2499 909 2757 978 Σαταλων,
2806 910 3136 984 παράκλησιν
3194 915 3384 983 ἔχοντα
3429 910 3650 973 δοθῆναι
3683 915 3780 966 αὖ·

2171 1002 2275 1055 τοῖς
2331 997 2452 1071 παρ’
2506 999 2651 1069 ἡμῶν
2707 997 3010 1053 ἐπίσκοπον.
3063 1000 3323 1072 Ἐπιμελες
3379 999 3436 1054 δὲ
3488 1023 3578 1074 μοι
3627 1011 3780 1055 τοῦτο

2172 1083 2383 1154 ἐγένετο,
2413 1091 2502 1138 καὶ
2531 1093 2624 1144 την
2649 1091 3026 1162 περιχυθεῖσαν
3068 1088 3408 1162 βλασφημίαν
3459 1099 3527 1160 τῷ
3573 1089 3782 1164 ἀδελφῷ

2171 1175 2317 1244 ἡμῶν
2377 1175 2610 1248 Κυρίλλῳ
2664 1185 2735 1246 τῷ
2775 1176 3041 1249 ἑπισκόπῳ
3092 1178 3366 1251 Ἀρμενίας
3415 1179 3778 1253 ἀνερευνῆσαν

2171 1267 2259 1314 καὶ
2293 1259 2386 1314 διά
2428 1272 2517 1324 τῆς
2558 1267 2779 1340 χάριτος
2809 1274 2900 1318 τοῦ
2941 1275 3074 1319 Θεου
3120 1269 3327 1341 εὕρομεν
3371 1269 3532 1326 αὐτὴν
3563 1267 3780 1340 ψευδῶς

2171 1353 2494 1420 κινηθεῖσαν,
2555 1353 2609 1405 ἐκ
2657 1351 2908 1415 διαϐολῆς
2962 1364 3060 1407 τῶν
3109 1359 3401 1428 μισούντων
3459 1357 3652 1410 αὑτὸν·
3719 1361 3780 1416 ἦν

2172 1445 2259 1492 καὶ
2318 1451 2543 1516 φανερῶς
2609 1443 2954 1515 ὡμολόγησαν
3012 1443 3085 1516 ἐφ’
3145 1447 3308 1518 ἡμῶν.
3373 1453 3470 1499 Καὶ
3530 1443 3781 1519 ἐδόξαμεν

2173 1535 2390 1603 μετρίως
2437 1532 2660 1605 ἡμεροῦν
2717 1535 2844 1605 πρὸς
2893 1533 3047 1585 αὑτὸν
3105 1537 3189 1585 τὸν
3239 1533 3288 1586 ἐν
3337 1535 3583 1598 Σαταλοις
3633 1535 3780 1606 λαὸν,

2175 1622 2308 1671 ὥστε
2363 1639 2550 1692 μηκετι
2605 1621 2760 1672 αὐτοῦ
2823 1627 2915 1680 τὴν
2971 1628 3239 1674 κοινωνίαν
3311 1627 3534 1696 φεύγειν.
3605 1626 3662 1678 Εἰ
3723 1621 3786 1677 δὲ

402 1711 630 1766 diaboli
657 1711 906 1766 artiﬁcio
935 1709 1400 1766 dissensionem.
1433 1711 1628 1780 Atque
1657 1707 1785 1762 hch
1816 1705 2064 1778 quidem

2181 1710 2338 1781 μικρά
2389 1717 2572 1773 ταῦτα,
2641 1714 2731 1762 καὶ
2784 1707 2994 1772 οὐδενὸς
3059 1713 3205 1782 οῖζια,
3263 1711 3390 1764 ἀλλα
3453 1715 3577 1788 παρ’
3633 1715 3784 1786 ημῶν

403 1799 660 1856 tacenda
705 1804 892 1866 erant,
924 1815 1000 1855 ne
1046 1815 1183 1855 mea
1225 1799 1414 1871 ipsius
1447 1797 1672 1870 probra
1711 1795 1960 1866 vulgare
1985 1793 2068 1850 vi-

403 1887 584 1958 dear;
620 1888 724 1944 sed
755 1889 898 1962 quia
928 1887 1098 1944 aliter
1123 1903 1374 1944 causam
1407 1887 1604 1942 dicere
1639 1901 1762 1940 non
1792 1887 2066 1958 poteram

404 1978 570 2050 apud
591 1978 1154 2048 magnanimitatem
1184 1981 1374 2046 tuam,
1396 1975 1455 2030 in
1487 1973 1912 2030 necessitatem
1929 1972 2068 2028 veni

403 2055 602 2123 omnis
625 2083 825 2122 rerum
859 2072 1166 2138 gestarum
1199 2065 1462 2121 veritatis
1493 2062 1872 2119 enarrandas.

2176 1793 2327 1848 οὐδὲν
2381 1799 2442 1855 ἦν
2497 1798 2646 1851 πλέον
2703 1796 2924 1852 δυνατὸν
2977 1803 3240 1872 γενέσθαι,
3297 1805 3387 1854 κια
3429 1808 3522 1860 την
3579 1801 3634 1854 ἐκ
3689 1811 3786 1864 τῆς

2173 1893 2263 1937 του
2293 1881 2540 1938 διαϐόλου
2579 1893 2871 1962 περιεργίας
2919 1891 3065 1962 ἡμῶν
3131 1891 3299 1942 αὑτων
3351 1895 3476 1965 πρὸς
3530 1891 3786 1953 ἀλλήλους

2178 1972 2536 2047 ἀσυμφωνίαν.
2583 1979 2760 2028 Ταῦτα
2798 1997 2861 2050 με
2905 1974 3010 2030 ἔδει
3064 1981 3272 2050 (15-16)
3318 1987 3542 2050 cumrege,
3577 1983 3660 2032 ἵνα
3707 1985 3782 2053 μὴ

2179 2059 2316 2126 δόξω
2358 2061 2690 2136 δημοσιεύειν
2727 2064 2950 2138 ἐμαυτοῦ
2981 2069 3047 2119 τὰ
3089 2065 3287 2126 ὀνείδη·
3323 2067 3429 2120 ἀλλ’
3477 2065 3656 2126 ἐπειδὴ
3688 2069 3788 2120 οὐκ

405 2157 466 2213 ἧν
496 2155 656 2217 ἄλλως
688 2155 1128 2228 ἀπολογήσασθαί
1168 2174 1262 2207 σου
1294 2162 1356 2227 τῇ
1391 2153 1742 2227 μεγαλοφνῖᾷ,
1776 2151 1846 2213 εἰς
1891 2148 2122 2222 ἀνάγκην
2156 2149 2310 2212 ἦλθον
2357 2159 2532 2206 πᾶσαν
2563 2163 2663 2208 τῶν
2695 2161 2987 2228 γεγονότων
3017 2162 3110 2215 τὴν
3141 2156 3383 2215 ἀληθειαν
3415 2155 3790 2230 διηγήσασθαι

1011 2298 1250 2354 EPISTO
1261 2298 1348 2352 LA
1385 2297 1472 2352 ϐ’.

2717 2303 3054 2350 ΕΠΙΣΤΟΛΙΙ
3081 2297 3148 2352 Ρ’.

407 2387 649 2444 Gratias
679 2388 798 2458 agit
837 2388 1105 2460 Basilius
1151 2387 1221 2460 ob
1263 2387 1498 2444 litteras
1543 2387 1618 2444 ab
1650 2386 1908 2444 Eusebio
1941 2385 2006 2440 in
2039 2383 2240 2460 vicina
2267 2383 2548 2460 Armenis
2577 2387 2814 2460 regione
2854 2391 3152 2458 acceptas.
3191 2389 3424 2444 Retinet
3461 2390 3788 2460 antiquum

472 2460 658 2515 eundi
679 2455 994 2516 Samosata
1036 2459 1420 2530 desiderium,
1455 2461 1728 2530 quamvis
1761 2463 1814 2514 et
1857 2472 2020 2528 aeger
2047 2455 2124 2530 sit
2155 2461 2210 2511 et
2243 2455 2815 2530 pegotiorum’mote
2843 2455 3178 2528 oppressus.
3207 2461 3425 2516 Invitat
3455 2455 3784 2516 Eusebium

475 2530 557 2586 ad
585 2531 738 2586 diem
767 2533 986 2600 festum
1018 2531 1215 2586 sancti
1237 2531 1593 2600 Eupsychii,

1673 2531 1734 2584 ui
1759 2535 1889 2586 erat
1914 2525 2202 2597 septimus
2226 2525 2611 2596 Septembris.
2640 2530 2773 2584 Sibi
2799 2525 2953 2586 enim
2983 2531 3151 2586 illius
3194 2533 3443 2587 consitio
3473 2531 3555 2586 ad
3583 2533 3786 2586 multa

475 2617 622 2672 opus
648 2599 787 2670 esse,
818 2603 880 2658 in
909 2602 1000 2658 his
1029 2607 1094 2656 ut
1120 2599 1504 2658 deliberet’de
1530 2599 1817 2657 molestiis
1845 2601 1958 2655 sibi
1984 2599 2379 2668 simplicitate
2410 2599 2688 2670 Gregorii
2715 2602 2972 2670 Nysseni
2998 2601 3296 2657 exhibitis.

687 2725 962 2794 Eusebio,
999 2727 1272 2797 episcopo
1297 2727 1775 2788 Samosatorum,

473 2851 566 2909 Sic
595 2850 714 2907 vidi
739 2851 962 2908 litteras
986 2851 1320 2908 dilectionis
1343 2857 1460 2908 tua:
1489 2852 1553 2908 in
1581 2851 1824 2923 regione
1859 2853 2061 2905 Arme-

2501 2723 2751 2796 Εὗσεϐίω,
2799 2723 3067 2796 ἐπισκόπῳ
3121 2727 3456 2798 Σαμοσάτων.

2251 2847 2429 2908 Οὕτως
2475 2844 2612 2900 εἶδον
2661 2850 2726 2900 τά
2777 2850 3065 2922 γράμματα
3117 2857 3212 2910 τῆς
3255 2848 3460 2921 ἀγάπης
3493 2869 3586 2902 σου
3633 2853 3684 2902 ἐν
3715 2859 3780 2922 τῇ

401 2939 2061 3014 nisvicina,quemadmodumvideantnavigantesfacem

2181 2940 2367 3006 γείτονι
2395 2943 2551 3012 χώρα
2597 2946 2692 2998 τῆς
2725 2938 3000 3011 ’Λρμενίας
3041 2939 3172 3010 (17),
3209 2943 3278 3001 ὡς
3305 2941 3365 2992 ἄν
3405 2937 3564 2992 ἴδοιεν
3605 2943 3652 2992 οἱ
3685 2943 3786 2993 θα-

403 3032 638 3088 eminus
669 3031 730 3088 in
757 3031 908 3089 mari
941 3031 1380 3104 splendentem,
1417 3031 1750 3105 praesertim
1783 3031 1834 3086 si
1871 3029 2060 3086 ventis

403 3135 568 3178 mare
598 3121 966 3178 intumuerit.
1005 3125 1154 3180 Nam
1183 3129 1401 3179 natura
1437 3121 1684 3194 quidem
1719 3137 1962 3188 suaves,
1995 3135 2065 3174 ac

402 3209 732 3281 plurimum
761 3211 1052 3268 habentes
1094 3214 1266 3285 196
1297 3211 1489 3267 solatii
1519 3210 1724 3266 littera:
1757 3209 2067 3280 gravitatis

401 3303 517 3354 tuae
547 3317 558 3354 :
591 3299 698 3355 sed
727 3305 868 3356 tunc
903 3303 1164 3358 maxime
1201 3319 1410 3358 earum
1441 3303 1803 3357 suavitatem
1831 3305 2068 3372 tempus

404 3386 603 3452 auxit;
637 3388 803 3460 quod
844 3390 1022 3461 quale
1054 3390 1252 3458 fuerit,
1285 3395 1640 3463 quantoque
1668 3405 1778 3444 nos
1811 3404 2070 3444 mmrore

404 3474 686 3544 aﬂ'ecerit,
709 3491 830 3533 non
857 3479 1137 3550 equidem
1167 3479 1440 3544 dixerim,
1462 3495 1600 3534 cum
1633 3477 1818 3533 semel
1849 3481 2066 3533 statue-

402 3565 516 3622 rim
547 3580 778 3634 eorum,
822 3583 957 3639 qua:
1001 3568 1341 3624 molestiam
1388 3571 1738 3636 attulerunt,
1771 3565 2068 3639 oblivisci,

406 3655 510 3711 sed
539 3656 949 3714 condiaconus
991 3663 1195 3714 noster
1225 3658 1431 3731 pietati
1481 3663 1596 3712 tuas
1629 3655 1948 3712 enarrabit.
1985 3660 2069 3712 Me

405 3749 609 3802 autem
635 3745 870 3820 reliquit
899 3748 1147 3804 omnino
1185 3763 1429 3830 corpus,
1463 3746 1615 3802 adeo
1649 3751 1712 3801 ut
1739 3761 1815 3802 ne
1845 3745 2069 3802 levissi-

403 3850 538 3891 mos
563 3835 808 3907 quidem
841 3842 1042 3893 motus
1073 3838 1306 3910 possim
1339 3837 1466 3892 sine
1498 3835 1706 3891 dolore
1747 3836 1918 3891 ferre.
1953 3835 2069 3890 Sed

405 3927 609 3980 tamen
632 3941 862 3996 precor,
885 3931 948 3982 ut
979 3927 1167 3999 possit
1191 3927 1339 3982 mihi
1367 3925 1684 3996 antiquum
1704 3925 2068 3980 desiderium

405 4027 568 4067 nunc
591 4013 800 4069 saltem
823 4030 936 4086 ope
967 4031 1214 4086 precum
1241 4019 1482 4071 tuarum
1500 4013 1817 4086 adimpleri
1839 4033 1850 4083 ;
1876 4030 2068 4086 quan-

405 4115 594 4175 quam
621 4101 680 4158 in
707 4102 927 4158 multas
950 4119 1044 4158 me
1067 4103 1446 4160 difficultates
1467 4103 1722 4174 conjecit
1749 4103 1875 4175 ipsa
1897 4119 2067 4175 pere-

407 4191 684 4264 grinatio,
717 4192 924 4248 tandiu
969 4193 1254 4263 neglectis
1295 4193 1566 4249 Ecclesiae
1612 4195 1832 4248 nostra;
1857 4193 2060 4250 rebus.

409 4281 582 4348 Quod
613 4281 661 4336 si
693 4283 867 4350 Deus,
902 4282 1048 4336 dum
1079 4282 1138 4336 in
1177 4287 1334 4338 terra
1367 4297 1703 4350 versamur,
1735 4281 2062 4338 concedere
2097 4297 2136 4350 ι)

409 4368 465 4425 di
472 4373 784 4442 3netur,ut
804 4371 862 4426 in
882 4370 1140 4426 Ecclesia
1157 4376 1363 4426 nostra
1381 4371 1664 4442 pietatem
1680 4375 1842 4426 tuam
1864 4371 2062 4426 videa-

408 4473 569 4526 mus,
585 4463 738 4515 certe
763 4459 956 4515 bonas
978 4475 1114 4532 spes
1137 4459 1317 4516 etiam
1341 4459 1413 4515 de
1441 4459 1651 4515 futuris
1677 4457 1858 4514 rebus
1880 4459 2064 4514 habe-

407 4546 635 4614 bimus,
661 4563 773 4603 nos
803 4563 840 4604 a
867 4549 964 4604 Dei
985 4547 1159 4604 donis
1181 4565 1300 4604 non
1324 4548 1571 4604 omnino
1600 4548 1878 4604 exclusos
1911 4564 2060 4604 esse.

411 4637 531 4692 Hoc
551 4635 753 4708 itaque
771 4635 817 4691 si
841 4636 1496 4710 tieripotest,rogamus
1521 4643 1583 4694 ut
1599 4637 1702 4693 fiat
1725 4639 1782 4694 in
1808 4637 2064 4694 solemni

411 4729 734 4796 conventu,
761 4741 942 4800 quem
975 4725 1225 4797 singulis
1252 4727 1425 4783 annis
1449 4727 1822 4783 celebramus
1853 4727 1911 4783 in
1943 4743 2064 4783 me-

485 4958 593 5028 (14)
620 4955 986 5032 ῘΛδιαφορίαν.
1021 4959 1228 5032 Βῖςοῐη
1263 4963 1403 5030 Reg.
1437 4959 1742 5032 secundus
1783 4964 1839 5016 et
1887 4960 2064 5016 Coisl.

412 5029 716 5106 secundus
747 5029 1020 5106 dieseptem
1057 5029 1237 5088 Paulo
1291 5029 1429 5104 post
1471 5031 1612 5087 editi
1655 5033 1812 5084 αὐτοῦ
1847 5037 2060 5106 Κυρίου.

411 5104 547 5158 Mss.
581 5107 644 5158 ut
685 5101 744 5157 in
781 5101 961 5158 textu.

485 5172 694 5244 (15-16)
733 5177 911 5226 Ταῦτα
950 5193 1012 5245 με
1037 5171 1162 5230 ἔδει.
1199 5175 1290 5232 Sic
1323 5179 1437 5232 tres
1471 5174 1858 5231 vetustissimi
1894 5174 2061 5230 codi—

413 5243 536 5318 ccs.
569 5245 722 5318 Etliti
746 5251 921 5318 Ταῦτα
949 5243 1055 5298 ἔδει
1084 5249 1174 5318 μέν

485 5317 595 5390 (t7)
647 5323 771 5390 Ti;
811 5316 1130 5390 ’A‘oiusviatg‘.“
1167 5319 1252 5390 ita
1314 5318 1490 5372 Coisl.
1527 5319 1816 5390 primus,
1876 5317 2059 5390 iMedﬁ.,

413 5386 570 5463 Harl.
615 5393 678 5463 e_t_
1033 5387 1186 5463 Edlll
1228 5395 1320 5463 τῆς
1371 5398 1470 5463 τῶν
1507 5386 1820 5463 3Ᾰρμενίωνι
1875 5386 2061 5463 Ρίιιιᾌρ

411 5461 549 5536 post
587 5457 726 5536 editi
760 5458 1139 5520 θαλασσῶντες.
1175 5459 1355 5518 llarl..
1402 5460 1546 5516 Med.
1585 5457 1645 5514 et
1673 5465 1934 5534 quatuor
1963 5461 2060 5515 alii

413 5531 478 5582 ut
508 5531 567 5582 in
599 5533 779 5586 textu.

2173 3023 2492 3087 λαττεύοντες
2569 3030 2769 3100 πυρσὸν
2837 3026 2884 3079 ἐν
2944 3027 3150 3100 πελάγει
3209 3027 3468 3104 πόρρωθεν
3545 3049 3786 3104 φρυκτω-

2173 3117 2439 3188 ρούμενον,
2487 3115 2650 3178 alio);
2703 3135 2756 3169 τε
2809 3117 2902 3168 κᾶν
2949 3115 3298 3192 ἀγριαίνουσα
3341 3139 3450 3180 πως
3481 3115 3788 3190 τύχοι(18)

2176 3207 2204 3262 η
2259 3205 2500 3258 θάλασσα
2538 3207 2624 3258 ὑπ’
2657 3206 2872 3280 ἀνέμων,
2909 3213 3009 3260 Καὶ
3051 3209 3152 3281 γαρ
3197 3211 3354 3280 φύσει
3399 3213 3488 3281 μὲν
3539 3205 3642 3265 ἡδὺ
3689 3211 3786 3260 καὶ

2177 3300 2505 3370 παρηγορίαν
2581 3299 2702 3368 ἔχον
2763 3295 2956 3354 πολλὴν
3023 3300 3081 3348 τὸ
3139 3305 3236 3359 τῆς
3312 3306 3412 3360 σῆς
3469 3301 3786 3370 σεμνότητος

2176 3387 2417 3458 γράμμα,
2457 3389 2573 3437 τότε
2603 3382 2662 3438 δὲ
2690 3385 2922 3458 μάλιστα
2966 3391 3059 3444 τὴν
3091 3384 3177 3438 ἀπ’
3211 3386 3370 3439 αὐτοῦ
3399 3387 3510 3458 (i9)
3557 3389 3726 3462 χάριν
3759 3387 3786 3437 ὁ

2177 3478 2360 3548 καιρὸς
2417 3476 2760 3544 συνηύξησεν,
2808 3480 2860 3528 ἄν
2917 3478 3093 3537 ὁποῖος
3149 3477 3232 3546 ἦν,
3289 3481 3378 3529 καὶ
3439 3478 3578 3538 ὅπως
3627 3479 3782 3549 ἡμᾶς

2177 3563 2434 3631 λυπήσας,
2491 3563 2589 3637 ἐγὼ
2645 3567 2736 3638 μὲν
2780 3565 2874 3618 οὐκ
2916 3566 2976 3617 ἄν
3023 3566 3240 3638 εῖποιμι,
3273 3571 3451 3639 κρίνας
3496 3565 3636 3628 απαξ
3667 3567 3784 3618 ἐπι-

2179 3653 2429 3706 λαθέσθαι
2477 3663 2576 3706 τῶν
2627 3655 2888 3730 λυπηρῶν·
2939 3657 2964 3708 ὁ
3020 3660 3193 3728 μέντοι
3247 3651 3591 3717 συνδιάκονος
3629 3657 3784 3727 ἡμῶν

2181 3739 2501 3814 διηγήσεταί
2551 3763 2646 3795 σου
2681 3752 2743 3816 τῇ
2781 3744 3061 3817 θεοσεϐείᾳ.
3097 3744 3216 3818 Ἐμὲ
3245 3741 3304 3797 δὲ
3355 3743 3554 3797 ἐπέλιπε
3599 3763 3790 3797 παντε·

2180 3837 2276 3893 λώς
2319 3835 2377 3884 τὸ
2419 3841 2589 3905 σῶμα,
2641 3835 2776 3886 ὥστε
2803 3830 2944 3906 μηδὲ
3001 3837 3096 3896 τας
3143 3837 3496 3908 σμικροτοίτας
3547 3839 3788 3897 κινήσεις

2181 3919 2441 3975 δύνασθαι
2486 3922 2694 3984 ἀλύπως
2746 3927 2929 3998 φέρειν.
2991 3923 3130 3982 Πλὴν
3185 3923 3292 3975 ἀλλ’
3343 3927 3564 3996 εὔχομαι
3619 3920 3786 3982 δυνη-

2179 4015 2330 4072 οῆναί
2387 4033 2477 4084 μοι
2532 4017 2625 4072 τὴν
2671 4013 2896 4066 παλαιὰν
2951 4012 3228 4087 ἐπιθυμίαν
3281 4021 3368 4065 νῦν
3397 4023 3522 4086 γοῦν
3566 4010 3657 4066 διὰ
3689 4023 3786 4076 τῆς

2177 4100 2426 4174 βοηθείας
2473 4111 2572 4154 των
2627 4111 2728 4156 σῶν
2779 4111 3095 4177 προσευχῶν
3145 4102 3562 4178 ἐκπληρωθῆναι·
3618 4102 3659 4156 εἰ
3689 4108 3787 4156 καὶ

2175 4193 2255 4244 ὄτι
2295 4192 2485 4249 πολλήν
2533 4212 2622 4264 μοι
2659 4197 2910 4251 πεποίηκε
2960 4197 3054 4251 τὴν
3103 4189 3388 4245 δυσκολίαν
3429 4193 3458 4251 η
3505 4187 3786 4264 ἀποδημία

2175 4281 2329 4348 αὕτη,
2389 4284 2621 4354 τοσούτῳ
2673 4285 2849 4356 χρόνῳ
2923 4281 3280 4354 ἀμεληθέντων
3341 4289 3440 4334 τῶν
3498 4284 3632 4334 κατά
3683 4287 3782 4340 τὴν

2175 4372 2423 4446 ἡμετέραν
2483 4371 2793 4430 Ἐκκλησίαν
2849 4373 3196 4445 πραγμάτων.
3253 4371 3366 4424 Ἐὰν
3415 4367 3475 4424 δε
3549 4373 3574 4423 ὁ
3629 4373 3780 4438 Θεὸς,

2173 4463 2263 4521 ἕως
2316 4459 2466 4532 ἐσμεν
2523 4462 2650 4535 ὑπὲρ
2704 4469 2821 4533 γῆς,
2873 4461 3176 4534 καταξιώση
3213 4461 3354 4533 ἡμᾶς
3405 4457 3534 4513 ἰδεῖν
3573 4459 3654 4513 ἐπὶ
3687 4469 3782 4522 τῆς

2173 4547 2484 4612 Ἐκκλησίας
2521 4551 2666 4621 ἡμῶν
2717 4553 2809 4608 τὴν
2859 4554 2956 4608 σὴν
3015 4547 3326 4602 θεοσέϐειαν·
3375 4553 3531 4611 ὄντως
3581 4547 3782 4620 ἀγαθὰς

2173 4635 2390 4700 ἐλπίδας
2417 4643 2507 4691 καὶ
2561 4637 2642 4690 ἐπὶ
2699 4645 2809 4702 τοῖς
2863 4638 3136 4712 μέλλουσιν
3193 4639 3390 4713 ἕξομεν,
3424 4639 3576 4699 ὡςού
3607 4639 3777 4696 πάντη

2174 4725 2325 4800 ἐσμὲν
2375 4727 2660 4787 ἀπόϐλητοι
2705 4729 2820 4800 (20)
2862 4737 2961 4781 τῶν
3015 4725 3222 4801 δωρεῶν
3275 4735 3366 4781 τοῦ
3417 4735 3570 4782 Θεοῦ.
3611 4734 3780 4780 Τοῦτο

2247 4963 2570 5034 (18)ῨΤύχοι.
2601 4964 2685 5034 ita
2707 4960 2878 5018 Coisl.
2907 4961 3136 5034 primus
3157 4965 3212 5020 et
3237 4961 3392 5018 Harl.
3425 4977 3562 5017 cum
3591 4959 3778 5034 pluri-

2173 5033 2289 5090 bus
2321 5033 2472 5088 aliis.
2507 5033 2658 5106 Editi
2680 5036 2846 5106 τύχῃ.

2245 5107 2356 5177 (19)
2395 5109 2500 5164 Τὴν
2546 5104 2634 5158 ἀπ’
2681 5101 2861 5177 infirmi.
2897 5104 3069 5162 Coisl.
3111 5105 3342 5177 primus
3396 5109 3452 5160 et
3497 5101 3649 5160 Harl.
3677 5108 3775 5177 τήν

2175 5176 2252 5228 ἐπ’
2286 5177 2445 5248 αὐτῷ.
2479 5179 2606 5234 Mox
2635 5175 2772 5232 editi
2801 5175 3188 5249 προσηύξησεν.
3213 5179 3346 5234 MSS.
3381 5191 3594 5232 omnes
3615 5179 3678 5230 ut
3711 5176 3774 5232 in

2173 5253 2354 5304 textu.

2245 5320 2358 5392 (20)
2398 5320 2581 5392 Ἐσμὲν
2609 5317 2930 5392 ἀπόβλητοι.
2989 5323 3074 5374 Ita
3117 5318 3296 5392 Ha_rl.,
3329 5319 3502 5376 Coisl.
3537 5317 3776 5392 primus

2171 5395 2228 5446 et
2255 5387 2508 5462 ῑίιὰτοωζ
2545 5391 2686 5446 Edili
2721 5389 3006 5448 ἀπόϐλητοι
3033 5399 3132 5441 τῶν
3177 5387 3382 5462 δωρεῶν
3419 5387 3774 5462 γενησόμεθα·

2241 5465 2262 5484 ¹
2287 5461 2443 5518 Alias
2476 5463 2694 5526 CCLVI,
2720 5463 2940 5534 scripta
2969 5477 3130 5518 anno
3159 5461 3282 5518 372.
