4054 6200
213 249 317 302 505

1254 245 1747 304 EPISTOLARUM
1787 242 2068 305 CLASSIS
2109 251 2173 304 li.
2217 251 2429 308 EPIST.
2470 251 2560 310 Cl.

3477 263 3582 317 506

209 378 360 441 γοῦνἵ
393 366 534 442 ἐὰνῇ
593 365 836 438 δυνατὸν,
863 369 1261 444 παρακαλοῦμεν
1310 370 1394 422 ἐπὶ
1443 380 1534 431 τῆς
1585 366 1799 423 συνόδοι

1923 372 2116 428 moria
2154 373 2482 431 beatissimi
2513 377 2792 448 martyris
2842 380 3163 452 Eupsychii
3187 382 3318 453 jam
3359 399 3580 457 appro-

209 461 474 530 γενέσθαι,
508 459 568 516 ἣν
615 454 689 510 δι’
719 459 864 518 ἔτους
903 460 1097 531 οἶγομεν
1130 457 1212 511 ἐπὶ
1266 467 1326 531 τῇ
1374 465 1550 532 μνήμη
1585 466 1675 510 τοῦ
1721 479 1818 530 μα-

212 556 399 625 καρίου
441 553 553 619 (21)
585 550 845 622 μάρτυρος
889 548 1172 621 Ευψυχίου
1215 553 1643 624 προσεγγιζουση
1702 547 1816 600 1m.-

212 643 308 691 πόν
353 642 490 691 κατά
518 644 610 696 την
660 634 886 710 ἑϐδόμην
936 640 1131 713 ἡμέραν
1168 646 1256 691 τοῦ
1305 637 1652 711 Σεπτεμϐρίου
1711 658 1814 710 μη-

210 734 315 790 νός.
376 734 476 781 Καὶ
523 731 623 799 γὰρ
673 733 761 779 καὶ
833 724 1103 802 φροντίδος
1157 728 1282 790 ἀξια
1343 730 1468 800 ἡμῖν
1533 745 1815 802 περιιειται

213 821 501 892 πράγματα
542 825 637 878 τῆς
671 819 813 890 παρὰ
859 824 952 868 σου
1003 819 1110 886 (22)
1156 813 1375 889 δεόμενα
1422 822 1716 890 συνεργίας,
1742 820 1814 878 εἰς

211 927 268 958 τε
322 909 643 958 κατάστασιν
693 909 989 958 ἐπισκόπων
1022 913 1111 957 καὶ
1143 906 1208 967 εἰς
1258 905 1452 979 βουλὴν
1493 911 1583 957 καὶ
1625 904 1810 975 σκέψιν

206 1004 308 1046 τῶν
345 996 698 1067 μελετωμένων
746 994 860 1047 καθ’
890 997 1036 1066 ημῶν
1089 998 1234 1070 παρὰ
1293 1005 1387 1057 τῆς
1437 998 1810 1069 χρηστότητος

1927 461 2279 532 pinquante,
2314 465 2410 519 die
2441 465 2694 537 septima
2735 468 2962 522 mensis
2996 471 3384 542 Septembris.
3429 476 3578 530 Nam

1927 551 2318 609 circumstant
2359 570 2468 608 nos
2499 555 2682 625 digna
2720 556 3117 615 sollicitudine
3151 562 3411 631 negotia,
3440 579 3576 635 quas

1927 640 2148 696 auxilio
2183 645 2282 697 tuo
2313 641 2602 711 indigent.
2638 648 2764 699 tum
2797 645 2874 698 ad
2909 648 3394 706 constitutionem
3421 652 3576 724 epis-

1927 743 2237 800 coporum,
2289 735 2413 785 tum
2461 731 2539 786 ad
2592 732 3089 790 deliberationem
3133 742 3188 792 et
3227 739 3573 796 considera-

1924 817 2142 874 tionem
2167 836 2397 888 eorum,
2421 839 2556 894 qua:
2585 823 2643 877 in
2666 839 2778 878 nos
2803 824 3124 882 meditatur
3149 830 3410 899 Gregorii
3433 834 3575 902 Nys-

1921 907 2048 962 seni
2080 908 2466 981 simplicitas;
2500 911 2604 983 qui
2635 912 2906 983 synodos
2956 915 3117 983 cogit
3162 921 3432 989 Ancyrae,
3464 935 3575 976 nec

1920 993 2108 1050 ullum
2148 997 2323 1052 nobis
2352 998 2673 1054 insidiandi
2703 999 2955 1056 modum
2980 1005 3396 1072 praetermittit;

205 1090 498 1157 Γρηγορίου
553 1086 666 1155 (23)
728 1091 818 1136 τοῦ
879 1089 1162 1145 Νυσσαέως
1221 1084 1297 1154 ὃς,
1353 1081 1602 1144 συνόδους
1655 1090 1929 1156 συγκροτεῖ
1980 1087 2116 1136 κατά
2162 1091 2254 1144 τῆν
2303 1087 2576 1161 Ἄγκυραν,
2637 1095 2725 1141 καὶ
2774 1086 2962 1141 οὐδένα
3010 1095 3197 1165 τρόπον
3237 1091 3575 1147 ἐπιϐουλεύων

203 1174 329 1244 ἡμῖν
361 1172 487 1244 ἀφίη
501 1192 605 1226 σιν.

779 1265 1113 1314 ΕΠΙΣΤΟΛΗ
1146 1261 1261 1316 PA'.

2512 1265 2861 1322 EPISTOLA
2905 1269 2988 1322 Cl'

199 1350 419 1406 Redin:
456 1365 533 1406 ex
571 1350 859 1406 Armenia
891 1351 1156 1430 Basitius
1187 1366 1318 1406 cum
1362 1350 1660 1406 didicisset
1688 1349 1770 1430 ,ἀρ
1797 1354 1985 1430 morte
2014 1350 2263 1430 insignis
2278 1353 2547 1430 _a_l_icujus
2577 1369 2862 1430 persona},
2900 1358 3254 1412 consolatur
3284 1359 3401 1415 hac
3429 1360 3583 1430 epis-

971 1423 1096 1476 tola
1125 1437 1277 1488 eum,
1311 1437 1482 1493 quem
1512 1421 1814 1491 praecipue
1849 1417 1954 1475 hoc
1983 1417 2192 1477 eventu
2223 1417 2517 1492 afﬂictum
2549 1417 2796 1481 sciebat.

709 1512 1124 1586 Παράμυθητικὴ
1174 1513 1310 1580 (24).

277 1599 458 1671 Εὖχῆς
515 1599 658 1662 οῐξιον
713 1597 794 1666 ἦν,
836 1605 1047 1675 πρωτην
1101 1596 1551 1672 διαπεμπομένους
1609 1598 1814 1651 ἐπιστο-

2539 1514 2719 1569 Εοηδο
2729 1515 2967 1571 latoria.

1997 1599 2342 1670 Optandum
2369 1605 2511 1671 erat,
2539 1601 2854 1674 epistolam
2876 1604 3135 1675 primam
3153 1605 3575 1671 scribentibus,

208 1689 329 1757 λήν,
373 1691 725 1760 εὐθυμοτέραν
770 1689 910 1759 ἔχειν
948 1692 1040 1746 τὴν
1093 1696 1188 1740 τῶν
1245 1691 1567 1762 γραμμάτων
1621 1688 1799 1740 ὑπόθε-

1922 1687 2210 1743 laatiorem
2255 1688 2479 1744 habere
2527 1689 2859 1748 litterarum
2892 1695 3225 1750 materiam.
3279 1698 3426 1750 Nam
3460 1695 3577 1751 hoc

208 1798 311 1831 σιν.
375 1778 532 1828 Οὕτω
579 1780 681 1849 γὰρ
735 1777 796 1827 ἂν
855 1779 978 1849 ἡμῖν
1025 1780 1092 1829 τά
1147 1780 1281 1829 κατά
1326 1784 1533 1850 γνώμην
1595 1777 1809 1849 ὑπῆρξε,

207 1862 348 1918 διότι
395 1873 531 1917 πᾶσι
559 1864 854 1938 βουλόμεθα
881 1874 987 1928 τοῖς
1031 1866 1081 1918 ἐν
1127 1865 1358 1938 εὐσεϐείᾳ
1396 1868 1490 1938 ζῆν
1529 1886 1812 1940 προαιρου-

207 1961 383 2027 μένοις
438 1958 607 2008 πάντα
654 1959 741 2007 τόν
786 1954 902 2028 βίον
952 1956 1017 2016 εἰς
1061 1954 1255 2026 ἀγαθόν
1305 1953 1642 2024 εὐοδοῦσθαι,
1676 1955 1812 2009 Ἀλλ’

206 2042 395 2102 ἐπειδὴ
443 2045 467 2096 ὀ
515 2042 730 2097 διοικῶν
779 2050 872 2103 την
923 2046 1062 2106 ζωὴν
1110 2047 1256 2118 ἡμῶν
1312 2049 1520 2120 Κύριος,
1561 2049 1692 2098 κατά
1720 2051 1812 2104 την
1843 2087 1856 2100 .

205 2135 432 2208 ἄρρητον
463 2135 621 2187 αὐτοῦ
672 2138 855 2207 σοφίαν
904 2136 1106 2197 πάντως
1158 2138 1289 2210 πρὸς
1335 2138 1393 2186 τό
1428 2140 1685 2210 συμφέρον
1716 2145 1812 2187 τῶν

203 2224 400 2295 ψυχῶν
433 2233 532 2276 τῶν
574 2226 832 2298 ἡμετέρων
862 2231 1030 2276 ταῦτα
1078 2227 1382 2297 ᾠκονόμησε
1429 2226 1689 2296 γενέσθαι,
1739 2221 1811 2277 δι’

205 2311 271 2363 ὧν
305 2332 394 2364 σοι
439 2315 531 2385 μὲν
579 2308 842 2388 ὀδυνηρὰν
886 2316 1174 2371 κατέστησε
1207 2317 1301 2372 τὴν
1352 2313 1511 2379 ζωὴν,
1545 2315 1684 2386 ἡμᾶς
1729 2310 1810 2382 δὲ,

201 2406 320 2462 τοὺς
367 2410 434 2474 τῇ
486 2403 624 2454 κατὰ
673 2405 801 2455 Θεὸν
851 2401 1027 2475 ἀγάπη
1059 2406 1438 2476 συνημμένους,
1473 2402 1544 2464 εἰς
1592 2405 1808 2476 συμπά-

204 2493 345 2543 Θειαν
400 2495 588 2562 ἤγαγε,
621 2493 883 2562 μαθόντας
937 2493 1082 2564 παρά
1129 2500 1228 2544 τῶν
1285 2487 1516 2563 ἀδελφῶν
1547 2494 1713 2565 ἡμῶν,
1760 2491 1807 2544 ἐν

203 2577 277 2640 οἷς
334 2583 576 2650 γέγονας·
632 2577 911 2651 ἀναγκαῖον
943 2581 1068 2652 ημῖν
1119 2579 1298 2651 ἐφάνη,
1331 2585 1422 2638 τὴν
1463 2576 1806 2652 ἐνδεχομένην

201 2669 540 2740 παράκλησιν
594 2677 949 2743 προσαγαγεῖν
1011 2689 1112 2724 σοι.
1157 2669 1218 2720 Εἰ
1246 2672 1336 2741 μεν
1378 2664 1464 2720 οὖν
1493 2666 1552 2726 ἦν
1585 2666 1805 2722 δυνατόν

204 2765 294 2810 καὶ
325 2756 585 2818 διαϐῆναι
614 2763 779 2832 μέχρι
808 2766 900 2810 τοῦ
943 2763 1103 2810 τόπου
1134 2756 1182 2809 ἐν
1219 2759 1257 2829 ᾧ
1287 2757 1559 2830 συμϐαίνει
1603 2755 1805 2829 διάγειν

208 2868 303 2901 σου
352 2853 449 2906 την
481 2847 758 2918 εὐγένειαν,
795 2850 911 2920 περὶ
940 2850 1131 2908 παντὸς
1163 2848 1222 2899 ἂν
1251 2856 1405 2900 τοῦτο
1453 2847 1800 2921 ἐποιησάμηνο

204 2937 312 2990 ἐπεὶ
344 2934 406 2989 δὲ
445 2941 537 2988 καὶ
583 2939 612 2994 η
670 2943 763 2988 τοῦ
822 2942 1059 3008 σώματος
1089 2935 1376 3012 ἀρρωστία,
1422 2942 1511 2990 καὶ
1538 2946 1635 2988 τῶν
1685 2957 1802 2989 συν-

199 3032 430 3099 εχόντων
461 3029 603 3098 ἡμᾶς
633 3027 950 3100 πραγμάτων
977 3028 1034 3078 τὸ
1082 3025 1298 3092 πλῆθος,
1328 3031 1416 3078 καὶ
1466 3026 1626 3084 αὐτὴν
1671 3029 1800 3078 ταυ-

196 3137 291 3173 την
326 3117 388 3173 ἧν
428 3117 726 3188 ὑπέστημεν
757 3112 881 3168 ὁδὸν
908 3114 987 3167 ἐπὶ
1031 3115 1189 3188 πολλῇ
1223 3125 1323 3168 τῶν
1353 3116 1469 3169 καθ’
1510 3118 1649 3189 ἡμᾶς
1680 3115 1800 3169 Ἐκ-

194 3206 432 3264 κλησιῶν
473 3205 642 3277 ζημίᾳ
675 3207 1054 3277 παρεσκεύασεν
1090 3201 1125 3257 δ
1131 3207 1184 3257 ια
1228 3204 1800 3278 γραμμάτων-ἐπισκέ-

193 3296 410 3365 -ᾇασθαί
468 3313 562 3346 σου
637 3298 732 3351 την
801 3297 1094 3366 σεμνότητα
1150 3296 1602 3368 προεθυμηοημεν,
1671 3297 1798 3348 υπο-

190 3387 601 3453 μιμνήσκοντες,
647 3382 726 3433 ὅτι
767 3384 822 3434 αἱ
881 3381 1080 3454 θλίψεις
1132 3383 1286 3436 αὗται
1343 3384 1436 3436 οὐκ
1477 3383 1646 3459 ἀργῶς
1695 3391 1800 3444 τοῖς

192 3467 411 3530 δούλοις
456 3478 549 3522 τοῦ
598 3478 732 3523 Θεοῦ
777 3473 922 3544 παρά
968 3479 1060 3522 τοῦ
1091 3470 1492 3533 ἐπισκοποῦντος
1528 3475 1663 3545 ἡμᾶς
1699 3479 1798 3525 Κυ-

189 3563 321 3632 ρίου
350 3563 599 3629 γίνονται,
641 3559 769 3611 ἀλλά
803 3559 887 3612 ἐπὶ
927 3557 1219 3634 δοκιμασίᾳ
1261 3571 1356 3622 τῆς
1397 3561 1640 3622 ἀληθινῆς
1670 3565 1799 3636 πρός

191 3651 291 3699 τὸν
333 3651 582 3700 κτίσαντα
609 3651 748 3721 ημᾶς
791 3652 920 3702 Θεὸν
962 3649 1184 3722 ἀγάπης.
1217 3658 1304 3712 Ὠς
1333 3654 1433 3726 γὰρ
1486 3656 1608 3713 τοὺς
1638 3650 1798 3709 ἀθλη-

188 3739 296 3798 τὰς
335 3739 384 3789 οἱ
441 3746 538 3790 τῶν
607 3737 814 3810 ἀγώνων
884 3741 1110 3812 κάματοι
1167 3748 1275 3803 τοῖς
1320 3743 1588 3813 στεφάνοις
1640 3759 1798 3814 προσ-

188 3830 444 3900 άγουσιν,
497 3828 628 3881 οὕτω
682 3833 772 3881 καὶ
822 3832 936 3890 τοὺς
985 3834 1334 3904 Χριστιανοὺς
1379 3833 1408 3889 η
1466 3829 1514 3882 ἐν
1544 3839 1650 3892 τοῖς
1681 3832 1795 3902 (25)

185 3921 512 3990 πειρασμοῖς
554 3915 847 3989 δοκιμασία
901 3923 1032 3992 πρὸς
1077 3923 1168 3977 τὴν
1219 3920 1478 3972 τελείωσιν
1528 3921 1663 3991 οῖγει,
1712 3919 1795 3971 ἐὰν

186 4007 331 4077 μετά
353 4015 447 4067 τῆς
479 4009 780 4080 πρεπούσης
811 4007 1072 4080 ὑπομονῆς
1103 4007 1150 4060 ἐν
1187 4009 1504 4084 εὐχαριστίᾳ
1534 4010 1678 4082 πάσῃ
1730 4010 1796 4060 τὰ

185 4095 601 4168 οἰκονομούμενα
630 4099 771 4169 παρὰ
813 4106 902 4148 τοῦ
942 4102 1136 4172 Κυρίου
1166 4095 1594 4171 καταδεξώμεθα.
1632 4097 1792 4169 Ἀγα-

259 4276 380 4348 (21)
424 4280 720 4348 Μακαρίου.
777 4278 861 4332 Ita
909 4280 1025 4332 tres
1083 4275 1479 4334 vetustissimi
1531 4275 1787 4333 codices.

186 4345 349 4421 Editi
378 4345 808 4421 μακαριωτάτου.

1923 1781 2097 1848 pacto
2119 1792 2213 1832 res
2230 1777 2405 1833 nobis
2423 1795 2494 1834 ex
2515 1781 2804 1836 sententia
2822 1783 3272 1852 successissent,
3287 1783 3431 1856 quia
3451 1799 3578 1840 om-

1921 1865 2102 1921 nibus
2149 1865 2428 1922 volumus
2477 1868 2712 1940 pietatis
2760 1869 3096 1927 institutum
3124 1872 3570 1944 profitentibus,

1921 1957 2108 2010 totam
2135 1954 2320 2011 vitam
2361 1956 2436 2012 ad
2466 1972 2787 2030 prosperos
2812 1976 3125 2016 successus
3154 1961 3424 2034 perduci.
3459 1961 3573 2018 Sed

1922 2059 2060 2098 cum
2075 2044 2202 2098 vitae
2226 2050 2441 2100 nostrae
2465 2046 2810 2103 moderator
2833 2049 3121 2106 Dominus
3144 2066 3252 2123 pro
3266 2066 3386 2107 non
3405 2065 3575 2107 enar-

1921 2133 2093 2189 rabili
2124 2150 2236 2189 sua
2265 2134 2579 2206 sapientia,
2611 2137 2862 2193 omnino
2893 2138 2971 2194 ad
3004 2139 3316 2196 utilitatem
3349 2140 3577 2196 anima-

1920 2240 2054 2278 rum
2073 2228 2417 2280 nostrarum
2439 2225 2549 2281 hos
2571 2231 2820 2283 eventus
2833 2226 3409 2302 dispensaverit,per
3423 2245 3578 2302 quos

1921 2313 2023 2369 tibi
2036 2313 2281 2386 quidem
2299 2314 2617 2371 molestam
2641 2316 2826 2372 vitam
2845 2317 3169 2390 constituit,
3188 2334 3300 2375 nos
3317 2333 3462 2375 vero
3475 2317 3582 2392 qui

1919 2402 2026 2458 tibi
2065 2403 2353 2461 charitate
2385 2404 2443 2460 in
2473 2407 2590 2461 Deo
2617 2405 2923 2476 conjuncti
2965 2423 3200 2472 sumus,
3223 2423 3259 2463 a
3286 2406 3575 2464 fratribus

1917 2493 2155 2557 nostris,
2177 2493 2381 2565 quoin
2407 2509 2607 2549 rerum
2631 2498 2791 2550 statu
2815 2495 2917 2562 sis,
2944 2495 3192 2553 edoctos
3215 2496 3295 2553 ad
3327 2495 3578 2553 commi-

1917 2582 2273 2637 serationem
2299 2581 2576 2650 adduxit;
2602 2583 3012 2640 necessarium
3034 2585 3212 2640 nobis
3238 2584 3441 2640 visum
3462 2588 3573 2643 est,

1916 2669 2219 2738 solatium,
2240 2671 2405 2744 quod
2427 2672 2487 2726 in
2507 2672 2682 2728 nobis
2714 2673 2892 2729 situm
2923 2679 3033 2742 est,
3066 2674 3173 2730 tibi
3205 2674 3440 2732 afferre.
3463 2678 3574 2731 Ita-

1913 2774 2030 2831 que
2060 2759 2188 2814 ﬁeri
2215 2760 2262 2815 si
2293 2765 2522 2832 posset,
2541 2766 2604 2816 ut
2633 2761 2710 2817 ad
2743 2777 2883 2818 eum
2909 2779 3104 2834 usque
3131 2763 3429 2828 locum,in
3451 2779 3576 2836 quo

1914 2852 2026 2903 tuae
2061 2847 2352 2904 nobilitati
2381 2850 2607 2906 versari
2646 2851 2960 2921 contingit,
2994 2851 3427 2923 proﬁciscerer,
3457 2853 3572 2908 uti-

1910 2952 2028 3008 que
2041 2936 2188 2992 nihil
2215 2938 2382 3009 prius
2411 2937 2706 2995 fecissem.
2729 2939 3028 3005 Quoniam
3049 2955 3194 2996 vero
3222 2945 3278 2996 et.
3298 2940 3570 3012 corporis

1843 3043 1881 3097 ρ
1911 3024 1987 3080 ad
1997 3041 2165 3082 versa
2180 3026 2476 3095 valetudo,
2493 3032 2549 3084 et
2569 3028 2947 3098 negotiorum
2961 3029 3183 3101 quibus
3207 3028 3563 3086 distinemur

1909 3113 2250 3180 multitudo,
2271 3117 2436 3188 197
2467 3116 2580 3172 hoc
2602 3117 2944 3188 ipsumiter,
2960 3117 3124 3190 quod
3147 3117 3560 3186 subiimus,ad

1909 3219 2198 3274 magnum
2216 3205 2611 3261 Ecclesiarum
2629 3209 2976 3262 nostrarum
3000 3206 3294 3263 damnum
3317 3221 3563 3264 conver-

1908 3293 2013 3360 tit;
2045 3309 2151 3365 per
2173 3292 2398 3350 litteras
2427 3294 2842 3366 praestantiam
2874 3299 3036 3351 tuam
3070 3295 3324 3352 invisere
3345 3295 3406 3352 in
3435 3296 3562 3352 ani-

1907 3382 2864 3453 muminduximus,admonentes
2877 3384 3562 3458 calamitatesipsasnon

1908 3471 2130 3527 frustra
2178 3471 2278 3527 Dei
2311 3473 2502 3529 servis
2551 3489 2587 3528 a
2627 3473 2904 3543 Domino,
2950 3474 3055 3546 qui
3085 3490 3196 3532 nos
3241 3474 3558 3545 gubernat,

1907 3561 2198 3629 accidere,
2223 3562 2324 3618 sed
2350 3562 2426 3618 ad
2450 3563 2871 3634 probationem
2889 3579 3044 3620 verae
3064 3565 3125 3620 in
3149 3566 3337 3621 Deum
3357 3565 3562 3621 condi-

1906 3657 2095 3708 torem
2129 3656 2399 3707 nostrum
2439 3652 2793 3710 dilectionis.
2828 3653 3358 3720 Quemadmodum
3397 3653 3559 3710 enim

1905 3741 2303 3796 certaminum
2329 3740 2504 3797 labor
2539 3742 2794 3798 athletas
2825 3742 2901 3798 ad
2937 3757 3245 3809 coronam,
3270 3743 3353 3798 ita
3377 3742 3556 3798 etiam

1906 3830 2274 3886 Christianos
2323 3829 2601 3903 probatio
2649 3831 2710 3886 in
2762 3830 3188 3887 tentationibus
3240 3831 3319 3887 ad
3361 3830 3556 3904 perfe-

1903 3919 2160 3976 ctionem
2177 3918 2452 3987 adducit;
2479 3919 2526 3974 si
2548 3919 2729 3976 modo
2749 3935 2969 3992 eaquae
2983 3936 3019 3976 a
3040 3919 3293 3976 Domino
3313 3919 3556 3991 dispen-

1901 4013 2132 4074 santur,
2152 4024 2290 4064 cum
2307 4007 2510 4064 debita
2531 4009 2888 4080 patientiain
2917 4009 3085 4066 omni
3102 4009 3432 4080 gratiarum
3456 4025 3554 4066 ac-

1902 4098 2061 4154 tione
2101 4097 2520 4171 suscipiamus.
2564 4098 2800 4156 Domini
2836 4098 3104 4156 bonitate
3135 4099 3555 4171 gubernantur

1899 4275 2272 4348 sidiominus
2295 4279 2467 4332 caute
2495 4276 2873 4335 versabatur.
2898 4277 3133 4333 Insidias
3171 4292 3313 4348 ergo
3350 4276 3463 4332 illas
3493 4281 3551 4334 et

1898 4346 2151 4417 concilia
2201 4347 2495 4403 adversus
2541 4348 2846 4417 Basilium,
2892 4348 3107 4404 eodem
3159 4346 3339 4404 sensu
3389 4349 3547 4404 acci-

255 4405 540 4492 (22)’,Τῆν;’
563 4422 706 4492 παρὰ
737 4427 868 4492 eo»),
893 4418 1185 4492 Articulus
1211 4418 1452 4476 additus
1499 4434 1572 4474 ex
1601 4418 1790 4475 tribus
1825 4405 1867 4459 D
1897 4416 2140 4490 pienda,
2172 4435 2241 4474 ac
2284 4418 2508 4474 bellum
2538 4419 2600 4492 in
2639 4405 2892 4492 epistola
2922 4433 3076 4492 mox
3113 4419 3293 4492 citata
3321 4434 3548 4475 memo-

182 4489 967 4546 vetustissimis'codicibus
993 4497 1050 4546 et
1075 4490 1208 4546 Vat.

255 4564 370 4635 (23)
414 4566 726 4635 Γρηγορίου.
773 4565 958 4618 Nemo
983 4577 1136 4635 sane
1179 4577 1305 4635 non
1356 4561 1604 4617 miretur
1652 4563 1787 4635 Gre-

178 4633 428 4704 gorium
453 4633 792 4704 Nyssenum
825 4633 1080 4689 concilia
1105 4633 1372 4704 coegisse
1394 4637 1600 4704 contra
1632 4633 1787 4704 Basi-

176 4703 359 4785 li_um,
394 4703 574 4785 eique
604 4703 854 4785 insidias
885 4703 1340 4785 struxisse.__Sed
1369 4703 1514 4785 quia
1543 4703 1788 4785 Basilius

175 4774 240 4829 id
273 4773 528 4832 ascribit
571 4773 936 4848 simplicitati
969 4775 1254 4848 Gregorii,
1291 4773 1467 4848 facile
1505 4775 1788 4848 perspici-

172 4850 276 4902 tur
299 4862 433 4920 non
458 4846 1033 4920 mialum’animum,
1048 4846 1159 4920 sed
1188 4847 1404 4920 potius
1424 4846 1786 4920 immodera-

173 4922 307 4974 tum
359 4919 571 4975 fratris
615 4917 875 4990 juvaudi
902 4917 1168 4990 studium
1194 4917 1593 4990 freprehendi.
1634 4920 1784 4990 Nam

171 5005 317 5046 cum
339 4995 503 5047 esset
524 4989 843 5058 Gregorius
862 4989 1046 5045 homo
1067 4989 1314 5045 minime
1342 4993 1595 5056 astutus,
1618 4992 1675 5044 et
1705 4989 1784 5045 ad

168 5061 628 5134 suspicandam
657 5059 714 5115 in
751 5060 883 5134 aliis
913 5059 1188 5134 fraudem
1229 5059 1627 5134 tardissimus,
1662 5076 1783 5134 me-

161 5130 637 5189 rito—metuebat
672 5130 923 5186 Basilius
951 5147 1048 5196 ne,
1079 5131 1228 5187 dum
1261 5131 1310 5186 is
1351 5147 1491 5187 cum
1521 5131 1780 5186 homini-

159 5203 286 5259 bus
316 5205 673 5260 vaferrimis
701 5201 1065 5266 consiliatur,
1089 5208 1146 5258 et
1166 5217 1226 5257 se
1257 5209 1312 5258 et
1342 5202 1660 5258 fratremin
1683 5217 1778 5258 res

157 5276 642 5332 molestissimas
673 5274 1014 5343 conjiceret.
1045 5277 1172 5330 Non
1203 5273 1390 5329 multo
1429 5273 1621 5328 lenius
1648 5289 1778 5328 cas-

159 5348 311 5416 tigat
360 5349 532 5404 illius
589 5344 1044 5418 simplicitatem
1092 5344 1346 5418 Basilius
1377 5344 1438 5400 in
1478 5344 1650 5418 epist,
1689 5348 1775 5412 58,

163 5415 570 5492 queriturque
599 5415 767 5490 quod
793 5415 1440 5492 sibi_bellum__indicat;
1473 5415 1616 5492 quia
1645 5430 1778 5492 sese

171 5485 230 5560 in
259 5485 783 5560 paciﬁcationem,
805 5488 989 5560 invito
1017 5486 1248 5560 Basilio,
1267 5485 1778 5560 interpo'nebat,_et

181 5557 236 5612 in
257 5557 693 5639 componendo
715 5557 1006 5616 Basilium
1026 5559 1178 5615 inter
1197 5562 1254 5615 et
1275 5557 1774 5615 avunculumdis-

1895 4489 2114 4556 ratum,
2148 4495 2353 4562 utpote
2393 4505 2465 4546 ex
2491 4489 2703 4546 eadem
2735 4490 2998 4562 profecta
3031 4489 3434 4562 simplicitate.

1967 4563 2078 4636 (24)
2126 4561 2563 4636 Παροιμυθητωιή.
2623 4561 2809 4636 ΕάῇῑὶΔ
2851 4561 3084 4636 addunt
3152 4561 3214 4634 τῇ
3298 4562 3543 4636 ὁμοζυγῳ

1896 4632 2216 4706 ΪΑρινθαίονζ
2247 4632 2354 4698 Qui
2379 4633 2652 4706 quidem
2684 4632 2888 4706 titulus
2942 4633 3105 4706 unde
3158 4632 3438 4706 sumptus
3471 4632 3546 4688 ait

1893 4703 2125 4784 ignoro.
2144 4707 2274 4760 Haec
2297 4703 2455 4759 enim
2479 4703 2701 4784 desunt
2720 4703 2778 4759 in
2805 4704 3111 4784 omnibus,
3127 4719 3280 4776 quos
3293 4703 3544 4784 quidem

1892 4774 2250 4848 viderimus,
2273 4791 2423 4830 mss.
2464 4774 2794 4842 codicibus,
2829 4775 3001 4848 Coisl.
3036 4774 3332 4848 utroque;
3357 4775 3539 4838 llarl.,

1891 4846 2065 4919 M_ed.,
2115 4847 2295 4919 Regio
2346 4851 2620 4919 utroque,
2685 4848 2834 4919 γει,
2890 4846 3541 4919 ΟιᾶυοωηἮὶεοιὶᾶηο

1891 4915 2164 4988 utroque.
2189 4915 2338 4988 Quin
2371 4915 2548 4974 etiam
2581 4916 2786 4973 titulus
2814 4917 3228 4974 nonnulorum
3259 4915 3541 4974 cOdicum

1889 4987 2066 5060 hanc
2087 4987 2399 5060 epistolam
2437 5004 2556 5045 non
2595 4988 2674 5045 ad
2717 4988 3053 5060 mulierem,
3095 4989 3202 5045 sed
3234 4989 3326 5060 ad,
3343 4989 3539 5044 virum

1889 5058 2150 5133 aliquem
2180 5059 2467 5133 scriptam
2496 5075 2624 5115 esse
2649 5059 2891 5133 probat,
2926 5061 3018 5116 Sic
3044 5061 3204 5133 enim
3230 5058 3414 5116 habet
3439 5061 3540 5113 Rc-

1888 5128 2022 5201 gius
2067 5128 2411 5204 secundus:
2448 5128 2738 5204 11.06;???“
2780 5131 3014 5202 Ολίψεσιν
3060 5128 3345 5191 ἀδοκήτοις
3393 5147 3538 5204 περιρ

1887 5183 2548 5278 τῗὲἆόνταέήᾴἱίᾴιιβῆι
2567 5183 2642 5258 in
2665 5183 2966 5278 aerumnas
3015 5183 3434 5278 inexpectaias
3454 5183 3538 5278 ζα-

1883 5287 2080 5342 psum.
2115 5274 2206 5330 Sic
2232 5267 2408 5328 etiam
2451 5273 2512 5328 in
2560 5289 2682 5330 uno
2713 5275 2902 5345 Bigot.
2934 5291 2946 5328 :
2989 5279 3102 5326 Τινὶ
3139 5267 3374 5342 ολί-,ιεσιν
3413 5267 3539 5322 ἀδο-

1885 5363 2062 5404 κητοις
2091 5363 2442 5420 περιπεσοντι.

1957 5416 2064 5487 (25)
2096 5412 2164 5468 Ἠ’
2186 5415 2232 5468 ἐν
2263 5425 2388 5478 τοῖς.
2423 5415 2572 5472 Editi
2599 5415 2834 5473 addunt
2859 5416 3058 5485 αὐτοῖς,
3090 5413 3255 5486 quod
3302 5427 3426 5468 non
3461 5412 3534 5469 le-

1882 5485 2050 5556 gitur
2068 5487 2127 5541 in
2149 5503 2291 5543 mss.
2319 5487 2649 5544 codicibus.

1953 5559 1971 5580 "
2012 5557 2173 5614 Alias
2204 5561 2357 5628 CCII,
2393 5560 2620 5633 scripta
2651 5575 2814 5617 anno
2847 5562 2971 5615 372.
