4054 6200
469 295 574 355 507

1848 298 1902 355 S.
1949 288 2197 351 BASILII
2233 280 2450 346 MAGNI
3731 287 3830 344 503

472 421 701 480 omnia.
731 418 884 478 Nihil
909 435 1119 478 eorum
1153 437 1289 495 quae
1321 418 1497 478 nobis
1528 419 1809 478 accidunt
1837 423 1902 477 ut
1943 415 2124 476 mole-

2241 414 2416 473 θότητι
2485 414 2746 467 Δεσπότου
2812 416 3060 465 οιοκεῖται
3136 409 3203 462 τὰ
3270 409 3454 466 πάντα.
3516 403 3682 462 Οὐδὲν
3731 416 3829 463 τῶν

473 518 633 569 stum
659 511 929 584 accipere
959 515 1209 584 oportet,
1241 511 1475 568 etiamsi
1505 511 1567 567 in
1597 508 1915 585 praesentia
1957 509 2122 565 infir-

474 602 746 659 mitatem
768 605 1040 656 nostram
1065 604 1291 671 tangat.
1311 600 1592 656 Etsienim
1608 601 1866 657 rationes
1888 600 2124 670 ignora-

476 708 635 762 mus,
667 689 744 746 ob
773 707 928 763 quas
977 690 1459 763 unumquodque
1491 706 1698 746 eorum
1731 706 1866 762 quae
1896 688 2126 745 contin-

477 784 646 850 gunt,
692 778 871 835 veluti
911 779 1143 834 bonum
1193 795 1228 834 a
1272 779 1527 835 Domino
1566 778 1744 836 nobis
1790 776 2123 846 exhibetur,

473 872 679 924 tamen
716 865 831 922 hoc
869 866 1045 922 nobis
1076 882 1438 938 persuasum
1483 883 1611 923 esse
1646 865 1846 929 debet,
1876 863 2125 921 omnino

469 956 611 1011 utile
625 970 759 1010 esse
783 954 951 1026 quod
976 955 1191 1022 evenit,
1219 956 1343 1011 sive
1363 955 1542 1013 nobis
1561 956 1640 1012 ob
1662 953 1959 1028 patientiae
1977 967 2128 1009 mer-

472 1045 706 1113 cedem,
749 1043 872 1100 sive
902 1045 1121 1100 animae
1157 1050 1508 1118 assumptze,
1536 1061 1612 1102 ne
1643 1045 1866 1101 diutius
1908 1045 1970 1099 in
2012 1044 2126 1100 hac

469 1133 589 1189 vita
636 1132 972 1189 immorans
1010 1134 1248 1202 vigente
1273 1135 1334 1190 in
1373 1135 1489 1190 hoc
1512 1134 1742 1190 mundo
1783 1132 2010 1188 malitia
2033 1149 2126 1188 re-

470 1221 754 1294 pleretur.
773 1222 1002 1278 Sienim
1027 1222 1139 1278 hac
1160 1224 1280 1278 vita
1310 1223 1896 1280 circumscriberetur
1927 1222 2124 1280 Chris-

471 1311 777 1367 tianorum
809 1327 966 1383 spes,
1008 1327 1131 1367 non
1170 1311 1469 1368 immerito
1501 1328 1646 1368 sane
1674 1314 1996 1369 molestum
2035 1313 2118 1367 vi-

474 1399 714 1456 deretur
740 1400 915 1455 citius
947 1415 982 1455 a
1002 1416 1254 1473 corpore
1285 1401 1398 1472 disj
1411 1401 1589 1472 ungi:
1620 1403 1710 1458 sin
1739 1408 1941 1460 autem
1971 1417 2126 1458 verm

473 1489 606 1544 vitae
643 1488 880 1543 initium
910 1493 1019 1553 est,
1049 1489 1121 1544 iis
1151 1490 1257 1562 qui
1286 1490 1623 1546 secundum
1672 1495 1858 1548 Deum
1899 1492 2124 1560 vivunt,

475 1576 693 1631 animae
725 1593 756 1632 e
787 1578 1055 1650 corporis
1101 1579 1358 1634 vinculis
1404 1580 1660 1645 solutio;
1709 1581 1857 1653 quid
1896 1581 2128 1637 tristitia

475 1663 791 1737 atﬁcimur,
831 1666 984 1723 sicut
1009 1672 1065 1723 et
1088 1667 1129 1723 ii
1159 1668 1262 1740 qui
1295 1686 1464 1741 spem
1498 1685 1620 1726 non
1651 1670 1877 1727 habent
1900 1670 1983 1725 ‘0?
2016 1673 2127 1726 Fac

2238 503 2630 576 συμϐαινόντων
2663 504 2786 574 ἡμῖν
2810 505 2879 586 ως
2923 501 3155 575 λυπηρόν
3187 500 3546 575 ὑπορέχεσθαι
3574 501 3708 575 χρὴ,
3739 501 3833 550 κοῖν

2233 596 2364 666 πρὸς
2419 597 2477 645 τὸ
2517 596 2691 676 frapr
2741 592 2974 650 ἅπτηται
3021 597 3112 651 τῆς
3143 587 3404 649 ἀσθενείας
3440 590 3605 660 ἡμῶν.
3635 589 3697 640 Εἰ
3733 591 3836 661 γὰρ

2233 687 2323 736 καὶ
2371 685 2487 744 τούς
2549 682 2732 754 λόγους
2787 681 3088 754 ἀγνοοῦμεν,
3150 679 3269 731 καθ’
3334 677 3418 739 οὓς
3469 678 3687 730 ἕκαστον
3735 686 3839 729 τῶν

2233 775 2510 845 γινομένων
2559 775 2624 832 ὡς
2668 771 2821 824 καλὸν
2867 773 3008 843 παρὰ
3044 765 3134 821 τοὺ
3188 771 3446 821 Δεσπότου
3495 768 3620 840 ἡμῖν
3654 766 3841 838 ἐπαγε-

2234 881 2342 914 ται·
2400 859 2507 914 ἆλλ’
2568 859 2725 913 ἐκεῖνο
2793 861 3072 913 πεπεῖσθαι
3137 856 3419 930 ὀφείλομεν,
3477 857 3558 908 ὃτι
3628 858 3840 918 πάντως

2239 956 2487 1025 συμφέρει
2517 954 2573 1003 τό
2619 950 2942 1023 γινόμενονῆ
2999 950 3122 1021 ἡμῖν
3153 944 3247 1000 διὰ
3291 950 3376 1000 τὸν
3420 953 3512 1008 τῆς
3564 946 3835 1019 ὑπομονῆς

2236 1043 2447 1115 μισθὸν,
2483 1041 2512 1098 ἣ
2559 1049 2621 1114 τῇ
2663 1039 3060 1116 παραληφθείση
3092 1036 3270 1110 ψυχῇ,
3306 1039 3387 1088 ἱνα
3423 1039 3519 1109 μὴ,
3553 1034 3638 1089 ἐπὶ
3682 1037 3831 1088 πλέον

2235 1139 2298 1203 τῇ
2343 1130 2448 1203 ζωῇ
2523 1133 2688 1202 ταύτῃ
2747 1125 3161 1203 ἑπιϐραδύνασα,
3221 1134 3316 1188 τῆς
3374 1125 3836 1199 ἐμπολιτευομένης

2235 1229 2307 1291 τῷ
2370 1219 2469 1293 βίῳ
2526 1224 2704 1286 κακία,
2741 1218 3074 1289 ἀναπλησθῇ.
3115 1216 3176 1268 Εἰ
3225 1218 3314 1288 μὲν
3369 1218 3466 1289 γὰρ
3524 1213 3573 1267 ἐν
3623 1222 3685 1288 τῇ
3724 1218 3831 1287 ζωῇ

2238 1312 2403 1382 ταύτῃ
2453 1312 2481 1366 η
2536 1317 2634 1362 τῶν
2674 1315 3004 1382 Χριστιανῶν
3048 1304 3194 1366 ἐλπὶς
3240 1309 3570 1379 περιώρισε-ο,
3626 1305 3838 1365 εἰκότως

2237 1398 2466 1471 χαλεπὸν
2529 1397 2588 1448 ἂν
2642 1395 2888 1470 ἐνομίσθη
2954 1398 3011 1447 τό
3073 1396 3257 1447 θᾶττον
3297 1389 3683 1465 διαζευχθῆναι
3741 1401 3837 1446 τοῦ

2241 1494 2496 1560 σώματος·
2551 1487 2594 1539 εἰ
2635 1483 2692 1540 δὲ
2751 1485 2892 1559 ἀρχὴ
2945 1492 3036 1537 τοῦ
3085 1483 3329 1542 ἀληθινοῦ
3377 1482 3498 1555 βίου
3547 1491 3650 1544 τοῖς
3697 1487 3838 1535 κατὰ

2239 1581 2367 1631 Θεὸν
2409 1579 2570 1638 ζῶσίν
2617 1575 2728 1628 ἐστι
2759 1579 2816 1628 τό
2846 1583 2944 1628 τῶν
2993 1571 3202 1647 δεσμῶν
3232 1574 3426 1626 τούτων
3469 1581 3565 1626 τῶν
3600 1592 3837 1646 σωματι-

2237 1677 2338 1720 κῶν
2387 1672 2480 1725 τὴν
2511 1666 2696 1738 ψυχὴν
2745 1664 3044 1732 ἐκλυθῆναι,
3093 1667 3142 1716 τί
3197 1661 3518 1735 λυπούμεθα,
3551 1664 3618 1725 ὡς
3656 1667 3745 1714 καὶ
3785 1665 3838 1715 οἱ

473 1753 654 1825 igitur
683 1755 926 1812 hortatu
957 1774 1112 1829 meo,
1147 1763 1212 1814 ut
1240 1759 1550 1816 doloribus
1581 1777 1703 1816 non
1735 1759 2125 1829 succumbas,

2240 1763 2308 1830 μη
2363 1759 2566 1828 ἔχοντες
2611 1751 2835 1822 arida;
2873 1751 3248 1828 Παρακληθητι
3297 1752 3384 1804 οὖν
3429 1757 3499 1825 μὴ
3553 1751 3834 1804 ὑποπεσεῖν

474 1845 580 1901 sed
611 1846 704 1902 his
737 1850 790 1903 te
821 1846 1133 1905 celsiorem
1161 1850 1656 1924 superioremque
1687 1851 1992 1908 ostendas.

1062 2029 1397 2086 EPISTOLA
1435 2031 1549 2086 Cll"

2237 1854 2348 1907 τοῖς
2388 1847 2630 1914 πάθεσιν,
2665 1843 2794 1897 ἀλλὰ
2829 1839 3020 1915 δεῖξαι,
3065 1845 3145 1894 ὅτι
3189 1843 3496 1918 ὑπέρκεισαι
3538 1846 3625 1894 καὶ
3678 1842 3835 1916 ὑπερο

2238 1946 2388 2010 ἤρας.

2802 2026 3137 2076 ΕΠΙΣΤΟΛΗ
3166 2020 3272 2077 PB’.

475 2115 772 2173 Certiores
803 2115 976 2194 facit,
1008 2119 1312 2194 prwmisso
1345 2119 1555 2194 Nicia,_
1575 2121 1938 2194 Satalrenrses,
1968 2134 2028 2174 se
2057 2131 2260 2194 eorum
2297 2112 2574 2194 precibus
2607 2112 2939 2194 adductam
2978 2127 3116 2194 esse,
3149 2112 3327 2194 uineis-
3353 2111 3834 2194 _eonsan_gui°ne1n

544 2204 737 2255 suum,
757 2181 818 2261 et
840 2187 955 2243 sibi
965 2181 1036 2244 εἰ
1062 2190 1248 2246 matri
1275 2197 1329 2246 et
1361 2181 1590 2261 populo
1622 2181 2018 2256 carissimam,
2046 2181 2317 2246 omnibus
2342 2185 2516 2242 rebus
2537 2201 2741 2242 eorum
2775 2185 3028 2241 utilitati
3077 2181 3458 2254 posthabitis,
3491 2183 3834 2253 episcopum

548 2260 910 2316 concederet.

997 2347 1240 2405 Civibus
1276 2349 1602 2407 Satalenis.

547 2435 670 2505 Ego
690 2438 819 2492 tum
839 2436 1053 2494 vestris
1076 2441 1204 2494 tum
1225 2438 1436 2511 populi
1457 2439 1636 2496 totius
1663 2438 1945 2512 precibus
1968 2453 2130 2495 com-

477 2529 698 2594 motus,
723 2528 782 2581 et
810 2525 1083 2583 Ecclesiae
1107 2531 1321 2584 vestrm
1351 2545 1561 2586 curam
1579 2529 1843 2602 suscepi,
1875 2535 1932 2585 et
1952 2528 2125 2584 vobis

476 2629 679 2670 coram
703 2615 955 2672 Domino
977 2617 1277 2689 pollicitus
1312 2619 1622 2683 sum,nihil
1653 2635 1750 2674 me
1779 2617 2129 2691 praatermis-

479 2717 690 2759 surum
717 2719 927 2760 eorum
967 2721 1100 2778 quae
1143 2722 1330 2779 penes
1367 2724 1459 2764 me
1489 2707 1705 2764 forent.
1756 2709 2128 2779 Quapropter

477 2797 722 2849 coactus
746 2809 901 2862 sum,
926 2795 1009 2851 uti
1024 2795 1314 2869 scriptum
1338 2800 1451 2865 est,
1469 2797 1645 2870 quasi
1664 2795 1957 2869 pupillam
1971 2794 2128 2851 oculi

476 2883 594 2936 mei
627 2885 869 2953 tangere
895 2885 958 2938 “.
984 2883 1149 2940 Adeo
1176 2884 1372 2941 honor
1397 2901 1579 2958 quem
1598 2885 1772 2941 vobis
1792 2885 2126 2940 maximum

475 2969 693 3038 habeo,
720 2971 805 3027 rei
836 2971 1056 3028 nullius
1088 2973 1391 3030 recordari
1416 2991 1512 3030 me
1537 2973 1688 3044 sivit,
1721 2990 1846 3030 non
1873 2988 2128 3029 consan-

477 3061 932 3131 guinitatis,non
963 3063 1584 3136 consuetudinis,qum
1608 3065 1749 3119 mihi
1774 3079 1961 3136 puero
1989 3079 2127 3118 cum

476 3150 608 3204 viro
651 3151 888 3222 exstitit,
919 3167 1043 3223 prie
1077 3153 1286 3207 vestris
1324 3153 1677 3224 postulatis;
1712 3153 1817 3208 sed
1855 3152 2126 3208 omnium

481 3252 616 3308 qua!
647 3238 793 3293 mihi
823 3239 1103 3310 privatim
1136 3256 1273 3296 cum
1305 3257 1375 3296 eo
1407 3241 1485 3297 ad
1525 3241 2012 3312 conjunctionem
2045 3241 2130 3295 in-

479 3325 1193 3396 tercedunt,oblitus,non
1205 3335 1489 3401 reputans
1513 3329 1844 3398 gemituum
1867 3330 2128 3402 copiam,

478 3429 662 3486 quam
690 3416 951 3488 pOpulus
972 3433 1143 3472 meus
1159 3419 1275 3474 isto
1295 3420 1617 3490 prmposito
1639 3419 1953 3475 destitutus
1974 3421 2127 3490 edet,

478 3518 601 3558 non
615 3503 1384 3577 lacrymasuniversaeillius
1398 3507 1921 3579 cognationis,non
1935 3509 2129 3581 ipsius

478 3593 688 3649 matris
695 3593 822 3664 jam
837 3594 1166 3667 senis,quie
1189 3595 1315 3651 solo
1336 3596 1494 3652 illius
1519 3597 1740 3653 auxilio
1761 3597 2127 3670 sublevatur,

478 3683 829 3740 maestitiam
851 3685 1169 3740 attendens
1198 3685 1450 3753 ;horum
1476 3687 1656 3742 simul
1677 3687 1970 3758 omnium,
1993 3705 2129 3761 quas

477 3772 620 3830 talia
648 3779 705 3829 et
728 3777 899 3830 tanta
927 3778 1087 3842 sunt,
1119 3775 1413 3832 rationem
1445 3792 1566 3833 non
1592 3775 1824 3832 habens
1855 3777 1917 3833 id
1939 3795 2128 3834 unum

475 3862 835 3934 spectavi,ut
849 3862 1175 3920 Ecclesiam
1187 3868 1449 3920 vestram
1481 3864 1592 3920 viri
1610 3865 1757 3921 tanti
1778 3865 2130 3937 praefectura

477 3967 780 4022 ornarem,
823 3952 998 4025 eique
1045 3969 1485 4021 succurrerem,
1517 3955 1643 4024 jam
1673 3954 1750 4010 ob
1779 3955 2128 4012 diuturnam

476 4040 785 4111 praepositi
801 4040 1194 4111 privationem
1216 4041 1276 4097 in
1296 4057 1495 4110 genua
1515 4041 1928 4114 provolutae,et
1941 4045 2128 4102 multo

486 4128 659 4199 198
681 4141 752 4184 ac
772 4129 971 4184 valido
997 4129 1385 4198 adminiculo,
1413 4136 1480 4186 ut
1507 4132 1786 4202 erigatur,
1816 4133 2127 4204 indigenti.

478 4219 690 4272 Nostra
717 4217 919 4288 itaque
948 4218 1032 4273 sic
1063 4234 1125 4272 se
1151 4218 1402 4277 habent.
1437 4221 1644 4275 Vestra
1674 4224 1876 4275 autem
1893 4221 2023 4290 jam
2044 4238 2130 4278 re-

478 4305 808 4378 poscimus,
834 4321 908 4362 ne
942 4306 1179 4363 minora
1202 4306 1519 4365 videantur
1545 4323 1649 4380 spe
1674 4313 1880 4365 nostra
1902 4313 1959 4366 et
1986 4310 2126 4380 ﬁde,

476 4410 663 4467 quam
691 4395 817 4452 viro
840 4395 1000 4462 dedi,
1025 4395 1193 4452 illum
1225 4411 1261 4453 a
1290 4412 1387 4453 me
1418 4395 1496 4452 ad
1522 4397 1750 4454 amicos
1769 4414 2130 4472 mecumque

477 4484 1007 4554 conjunctissimos
1055 4485 1226 4552 mitti,
1278 4485 1386 4542 sed
1430 4490 1497 4542 ut
1561 4487 1816 4560 quisque
1864 4492 2129 4544 vestrum

2749 2343 3034 2397 Σαταλεῦσι
3063 2341 3321 2405 πολίταις,

2311 2436 2442 2508 Ἐγὼ
2497 2435 2592 2498 τὰς
2621 2453 2677 2488 τε
2734 2430 2877 2495 ἰδίας
2928 2435 3072 2505 ὑμῶν
3119 2431 3474 2506 παρακλήσεις
3507 2433 3715 2493 καὶτὰς
3740 2438 3840 2484 τοῦ

2237 2524 2362 2577 λαοῦ
2423 2527 2613 2586 παντὸς
2668 2520 3019 2582 δυσωπηθεὶς,
3096 2526 3186 2574 καὶ
3246 2518 3505 2594 ἐδεξάμην
3577 2523 3688 2592 (26)
3745 2525 3841 2578 τὴν

2237 2610 2491 2689 φροντίδα
2538 2621 2628 2673 τῆς
2680 2611 2795 2666 καθ’
2835 2613 2966 2684 ὑμᾶς
3014 2609 3345 2682 Ἐκκλησίας,
3387 2616 3475 2662 καὶ
3518 2612 3841 2683 ὑπεσχόμην

2237 2703 2360 2775 ὑμῖν
2408 2701 2618 2755 ἐνώπιον
2665 2707 2859 2776 Κυρίου
2900 2697 3066 2774 μηδὲν
3097 2699 3344 2771 ἐλλείψειν
3382 2707 3481 2751 τῶν
3509 2699 3580 2761 εἰς
3607 2695 3840 2772 δύναμιν

2237 2790 2364 2864 ἐμὴν
2411 2793 2662 2850 ἡκόντων,
2708 2795 2795 2844 Διό
2843 2791 3201 2863 ἠναγκάσθην,
3243 2791 3379 2842 κατὰ
3428 2793 3486 2841 τὸ
3542 2794 3839 2864 γεγραμμέ-

2235 2899 2318 2932 νον
2351 2884 2483 2953 (27),
2529 2880 2634 2933 οἷον
2663 2889 2755 2941 τῆς
2796 2884 2951 2953 κόρης
2980 2887 3072 2933 τοῦ
3108 2878 3232 2952 ἐμοῦ
3263 2877 3529 2952 ὀφθαλμοῦ
3565 2877 3837 2949 ἅψασθαι.

2239 2971 2418 3030 Οὑτως
2461 2973 2520 3022 τό
2573 2969 2890 3046 ὑπερϐάλλον
2940 2978 3030 3030 τῆς
3083 2969 3204 3022 καθ’
3251 2971 3387 3041 ὑμᾶς
3417 2974 3575 3040 τιμῆς
3621 2964 3840 3030 οὐδενός

2239 3080 2325 3132 μοι
2375 3065 2742 3136 συνεχώρησεν
2791 3060 2862 3121 εἰς
2911 3064 3121 3132 μνήμην
3173 3057 3351 3123 ἐλθεῖν,
3399 3057 3461 3109 ού
3511 3062 3837 3130 συγγενείας,

2240 3149 2298 3200 ού
2328 3157 2423 3210 τῆς
2460 3149 2513 3201 ἐκ
2551 3146 2742 3210 παιδός
2774 3151 3045 3208 συνηθείας
3077 3155 3166 3208 τῆς
3194 3149 3544 3220 ὑπαρχούσης
3572 3166 3660 3218 μοι
3705 3150 3840 3220 πρός

2240 3241 2325 3290 τόν
2378 3235 2566 3312 ἄνδρα,
2600 3242 2701 3311 πρὸ
2753 3246 2854 3289 τῶν
2932 3237 3055 3311 παρ’
3118 3238 3260 3308 ὑμῶν
3309 3236 3642 3294 αἰτηθέντων·
3707 3235 3842 3288 ἀλλὰ

2239 3329 2441 3379 πάντων
2495 3330 2586 3399 μεν
2613 3335 2710 3380 τῶν
2743 3324 2856 3399 ἰδία
2885 3346 2974 3398 μοι
3021 3328 3366 3401 ὑπαρχόντων
3391 3329 3520 3398 πρὸς
3569 3326 3724 3378 αὑτὸν
3767 3326 3843 3388 εἰς

2240 3416 2554 3478 οἰκειότητος
2607 3417 2754 3488 λόγον
2826 3416 3204 3487 ἐπιλαθόμενος,
3261 3421 3330 3487 μὴ
3395 3415 3843 3487 ὑπολογισάμενος

2242 3502 2302 3558 δὲ
2331 3502 2472 3578 μηδέ
2527 3513 2620 3558 τοῦ
2681 3512 2971 3578 στεναγμοῦ
3015 3508 3074 3557 τὸ
3113 3504 3328 3572 πλῆθος,
3387 3504 3413 3556 ὁ
3464 3505 3841 3567 καταστενεὶξει

2238 3614 2339 3668 μου
2388 3596 2414 3646 ό
2444 3593 2565 3657 λαός
2605 3596 2631 3646 ό
2677 3599 2771 3654 τὴν
2820 3600 3148 3668 προστασίαν
3207 3593 3367 3646 αὑτοῦ
3408 3593 3711 3666 ζημιωθεὶς,
3762 3599 3836 3666 μὴ

2237 3686 2415 3746 πάσης
2461 3683 2620 3736 αὐτοῦ
2668 3691 2761 3745 τῆς
2810 3689 3107 3756 συγγενείας
3151 3687 3208 3736 τό
3239 3679 3488 3759 δάκρυον,
3519 3687 3592 3755 μὴ
3638 3687 3840 3756 μητρὸς

2238 3774 2399 3827 αὑτοῦ
2445 3780 2667 3848 γηραιοῖς
2691 3779 2781 3827 καὶ
2834 3774 2916 3827 ἐπὶ
2964 3778 3095 3847 μόνη
3128 3781 3188 3847 τῇ
3227 3773 3351 3849 παρ’
3392 3772 3550 3825 αὑτοῦ
3588 3775 3842 3848 θεραπείᾳ

2241 3863 2560 3924 σαλευούσης
2613 3867 2704 3922 τὴν
2756 3862 2929 3934 θλίψιν
2984 3863 3056 3925 εἰς
3119 3859 3338 3936 καρδίαν
3385 3861 3572 3914 λαϐὼν·
3626 3864 3841 3914 πάντων

2239 3955 2368 4026 ὁμοῦ
2424 3957 2670 4006 τοιούτων
2724 3958 2878 4006 ὄντων
2936 3954 3047 4025 (28)
3083 3957 3171 4006 καὶ
3227 3955 3489 4006 τοσούτων
3542 3951 3834 4024 ἀλογήσας,

2239 4043 2342 4104 ἑνός
2397 4043 2663 4116 ἐγενόμην,
2690 4050 2780 4096 τοῦ
2838 4047 2932 4102 τὴν
2971 4045 3217 4117 ὑμετέραν
3263 4041 3572 4100 Ἐκκλησίαν
3611 4062 3842 4096 κατακο-

2241 4141 2448 4206 σμῆσαι
2485 4137 2575 4206 μὲν
2623 4141 2685 4205 τῇ
2762 4141 2854 4185 τοῦ
2919 4132 3230 4191 τηλικούτου
3275 4129 3464 4207 ἀνδρὸς
3509 4138 3836 4206 προστασίᾳ.

2241 4222 2512 4295 βοηθῆσαι
2535 4219 2594 4275 δὲ
2626 4223 2753 4294 αὑτῇ
2785 4226 2839 4275 ἔκ
2867 4231 2956 4283 τῆς
2979 4227 3199 4296 χρονίας
3225 4221 3586 4296 ἀπροστασίας
3618 4223 3836 4294 εἰςγόνυ

2237 4311 2415 4364 λοιπόν
2443 4311 2705 4385 κλιθείση,
2743 4317 2832 4364 καὶ
2865 4311 3054 4372 πολλῆς
3095 4317 3184 4364 καὶ
3223 4307 3450 4372 δυνατῆς
3473 4319 3842 4384 χειραγωγίας

2239 4401 2311 4461 εἰς
2356 4403 2414 4452 τὸ
2457 4397 2802 4460 διαναστῆναι
2843 4398 3055 4474 δεομένη
3085 4403 3216 4468 (29).
3248 4403 3324 4453 Τὰ
3354 4404 3442 4474 μεν
3484 4397 3570 4453 οὖν
3607 4402 3839 4476 ἡμέτερα

2237 4497 2472 4544 τοιαῦτα.
2515 4493 2593 4543 Τὰ
2646 4486 2704 4543 δε
2756 4491 2878 4565 παρ’
2930 4491 3070 4563 ὑμῶν
3134 4489 3448 4562 ἀπαιτοῦμεν
3512 4489 3690 4542 λοιπόν
3757 4495 3832 4563 μὴ

477 4571 630 4628 alius
656 4573 842 4630 alium
866 4590 980 4630 suo
1001 4574 1064 4630 in
1085 4574 1279 4631 virum
1299 4575 1498 4632 studio
1521 4591 1592 4632 ac
1613 4592 1819 4633 amore
1841 4593 2127 4650 superare

2240 4579 2484 4632 ἐλάττονα
2541 4588 2764 4652 φανῆναι
2826 4563 2919 4640 τῆς
2975 4582 3223 4653 ἡμετέρας
3275 4576 3504 4648 ἂπίδος,
3571 4584 3656 4631 καὶ
3731 4589 3834 4632 τῶν

478 4666 747 4720 conetur.
780 4664 1085 4720 Ostendite
1111 4664 1291 4733 igitur
1317 4664 1672 4738 praeclaram
1702 4665 1865 4722 illam
1888 4670 2129 4723 conten-

477 4750 726 4823 tionem,
750 4768 820 4809 ac
846 4754 1262 4824 magnitudine
1293 4755 1565 4827 obsequii
1598 4772 1701 4812 cor
1719 4757 1876 4812 illius
1898 4756 2127 4813 demul-

478 4843 624 4909 cete,
653 4845 716 4897 ut
743 4859 882 4898 eum
915 4843 1114 4915 capiat
1150 4843 1376 4901 oblivio
1405 4845 1635 4917 patrita,
1667 4845 1886 4902 oblivio
1911 4862 2130 4917 cogna-

477 4933 696 4999 torum,
723 4931 946 4988 oblivio
967 4933 1177 5006 populi
1204 4937 1441 4990 tantum
1459 4935 1776 5007 pendentis
1797 4936 1875 4992 ab
1897 4936 2026 5008 ejus
2041 4953 2132 4992 re-

477 5018 722 5091 gimine,
738 5025 1035 5094 quantum
1059 5022 1258 5079 infans
1273 5039 1481 5079 recens
1509 5028 1686 5082 natus
1707 5024 1784 5082 ab
1807 5025 1990 5082 ubere
2005 5043 2128 5083 ma-

477 5113 666 5167 terno.
700 5111 1106 5169 Prmmisimus
1135 5117 1337 5170 autem
1358 5113 1608 5185 Niciam,
1638 5118 1704 5172 ut
1735 5130 1808 5173 ea
1831 5131 1966 5189 quae
1997 5121 2132 5175 acta

551 5235 598 5271 ¹⁰
637 5236 888 5305 LThess.
917 5253 978 5292 1v
1011 5242 1094 5295 l2.
1153 5239 1195 5273 ¹¹
1240 5238 1488 5295 Zachar.
1518 5255 1580 5304 η,
1610 5245 1663 5297 8.

560 5361 572 5373 ·
615 5344 774 5400 Alias
797 5348 1106 5418 CLXXXIII,
1142 5346 1364 5418 scripta
1387 5362 1550 5418 anno
1581 5351 1705 5403 372.

552 5418 663 5489 (26)
708 5422 807 5468 Καὶ
837 5415 1118 5488 ἐδεξάμην.
1158 5415 1315 5472 Harl.
1341 5415 1729 5489 νκατεδεξάμην.

552 5419 640 5484 (26
708 5422 807 5468 Καὶ
837 5418 1118 5488 ἐδεξάμην.
1158 5418 1315 5472 Harl.
1348 5418 1729 5489 κατεδεξάμην.

696 5492 764 5539 Τό
791 5493 1171 5566 γεγλιξαμριέν-ονἶ
1222 5488 1375 5543 Harl.
1395 5559 1405 5566 ι
1437 5494 1496 5544 et
1526 5489 1717 5566 Med._
1752 5494 1811 5542 τό
1842 5491 2127 5566 εἰρημένον.

480 5556 666 5634 Paulo
695 5556 1018 5634 postlimini]
1049 5559 1206 5634 Med.
1226 5567 1328 5634 τῶν
1359 5556 1889 5634 οἰκειότητοςῗλόγωνξ

558 5628 674 5698 (28)
702 5633 958 5682 Τοιούτων
981 5632 1157 5686 ὄντων.
1190 5629 1341 5686 Med.
1372 5635 1619 5684 τοιούτων
1654 5628 1916 5705 ἀλγεινῶν,

2236 4668 2577 4740 ὑποσχέσεων
2617 4666 2679 4730 ἃς
2707 4670 3028 4741 πεποιήμεθα
3077 4674 3150 4738 τῷ
3209 4664 3385 4741 ἀνδρὶ,
3441 4669 3519 4720 ὅτι
3583 4670 3710 4742 πρὸς
3755 4669 3837 4720 οἱ·

2235 4761 2406 4819 κείους
2443 4764 2532 4810 καί
2590 4757 2766 4830 φίλους
2795 4757 2948 4810 αὑτὸν
2995 4757 3370 4830 ἐξεπέμψαμεν,
3423 4756 3644 4810 ἕκαστον
3686 4759 3834 4830 ὑμῶν

2237 4847 2619 4922 ὑπερϐαλέσθαι
2656 4851 2742 4900 τόν
2773 4849 2938 4922 ἕτερον
2970 4846 3017 4900 ἐν
3043 4855 3104 4920 τῇ
3139 4852 3257 4920 περὶ
3285 4850 3372 4900 τὸν
3411 4844 3582 4923 ἄνδρα
3617 4843 3831 4920 σπουδῇ

2236 4941 2328 4989 καὶ
2404 4934 2581 5010 ἀγάπη
2641 4939 3090 5012 προθυμουμένου.
3156 4943 3333 4998 Ὅπως
3406 4933 3496 4988 οὖν
3569 4933 3838 4999 ἐπιδείξη-

2241 5029 2334 5080 σθε
2364 5028 2480 5098 (30)
2525 5031 2618 5086 τὴν
2643 5027 2828 5100 ,καλὴν
2874 5028 3068 5084 ταύτην
3107 5026 3418 5100 φιλοτιμίαν,
3449 5029 3536 5078 καὶ
3565 5033 3638 5096 τῷ
3677 5027 3835 5102 ὑπερ-

2240 5115 2479 5170 ϐάλλοντι
2526 5125 2616 5178 τῆς
2658 5119 2925 5190 θεραπείας
2956 5116 3354 5189 παρακαλέσητε
3395 5116 3551 5169 αὑτοῦ
3581 5119 3674 5174 τὴν
3709 5136 3839 5193 κοιρ⁸

2312 5351 2426 5422 (29)
2466 5355 2707 5422 Δεομένη.
2739 5350 2884 5407 Male
2912 5349 2975 5405 in
3028 5350 3202 5406 editis
3249 5346 3515 5422 demissus.
3559 5354 3833 5407 Erratum

2242 5423 2457 5478 sustuli
2488 5438 2602 5494 ope
2629 5422 2905 5494 codicum
2939 5438 3082 5476 mss.

2315 5495 2422 5563 (30)
2461 5492 2633 5554 “om;
2659 5502 2745 5545 οῦν
2767 5492 3127 5563 ἑπιὸείξησῦε,
3151 5497 3234 5549 Ita
3260 5510 3406 5563 mss.
3447 5493 3637 5549 nostri
3669 5509 3831 5550 sum.

2242 5581 2344 5622 mo
2375 5561 2695 5622 consensu.
2725 5565 2875 5621 Editi
2904 5566 3042 5627 ὅπως
3071 5561 3158 5618 οὖν
3187 5561 3528 5628 ἐπιδείξεσθε.
