4054 6200
461 304 558 358 511

1843 300 1902 354 8.
1943 297 2189 354 BASlLlI
2228 297 2448 355 MAGNI

3719 304 3819 357 512

458 427 629 485 nullo
675 443 712 483 a
751 423 996 482 sublimi
1027 428 1130 480 tua
1167 425 1462 496 potestate
1510 427 1761 496 accepto
1805 423 2109 488 mandato1

2233 421 2405 485 εόντες
2461 427 2604 497 παρὰ
2669 431 2766 486 τῆς
2834 425 3126 497 ὑπερφυοῦς
3198 441 3292 474 σου
3353 421 3594 485 ἐξουσίας
3659 443 3819 497 προσ-

460 535 565 575 eos
594 513 1094 583 recensuere,nisi
1116 513 1263 568 forte
1294 513 1541 584 quidam
1573 514 1813 570 aliunde
1845 513 1923 568 ab
1947 517 2119 568 aetate

457 606 900 663 immunitatem
945 603 1258 659 haberent.
1311 605 1612 671 Rogamus
1643 604 1843 673 igitur,
1889 607 1954 657 ut
2004 602 2120 657 hoc

458 697 634 752 nobis
695 699 810 750 tum
861 690 1269 747 beneficentiae
1302 697 1762 747 monumentum
1789 691 2119 762 relinquas,

460 784 630 858 quod
675 786 932 839 venturo
963 780 1130 835 omni
1169 795 1298 834 aevo
1347 778 1573 836 bonam
1625 781 1709 837 tui
1761 780 2118 836 memoriam

459 877 790 942 conservet,
834 869 1134 941 nobisque
1183 868 1502 938 concedas,
1545 870 1881 926 secundum
1921 869 2115 939 legem

458 963 771 1035 antiquam
817 975 1058 1025 census,
1093 974 1296 1014 sacros
1346 958 1650 1015 ministros
1683 979 1698 1031 3
1745 975 1857 1014 nec
1887 959 1948 1015 in
1979 975 2115 1031 per.

459 1067 640 1108 sonas
659 1065 890 1112 eorum,
925 1047 1024 1120 qui
1076 1063 1239 1102 nunc
1285 1047 1523 1119 ascripti
1588 1053 1746 1117 sunt,
1776 1047 2117 1104 conferatur

455 1139 732 1196 remissio
761 1138 869 1208 (sic
898 1136 1061 1192 enim
1095 1135 1455 1191 beneﬁcium
1495 1137 1887 1192 transiturum
1921 1141 2008 1192 est
2036 1135 2116 1192 ad

456 1244 873 1286 successores:
919 1242 1072 1298 quos
1104 1241 1226 1281 non
1264 1242 1505 1298 semper
1533 1227 1822 1299 contingit
1851 1227 2114 1282 ministe-

455 1319 544 1375 rio
597 1333 770 1375 sacro
820 1331 948 1372 esse
982 1314 1244 1385 dignos),
1274 1315 1379 1370 sed
1413 1317 1746 1371 secundum
1778 1315 1978 1372 liberae
2009 1317 2112 1371 de-

456 1407 794 1480 scriptionis
835 1405 1117 1473 formam,
1163 1405 1504 1460 communis
1548 1405 1833 1478 quaedam
1872 1406 2112 1463 clerico—

452 1513 589 1552 rum
628 1496 733 1551 fiat
763 1494 1098 1560 concessio,
1133 1493 1286 1549 adeo
1331 1499 1395 1549 ut
1437 1494 1540 1566 qui
1573 1494 1863 1551 Ecclesias
1894 1495 2112 1566 guber-

453 1589 620 1654 nant,
680 1583 898 1657 quovis
951 1583 1084 1639 loco
1136 1583 1616 1640 ministrantibus
1666 1584 2112 1642 immunitatem

454 1675 700 1731 donent.
737 1677 870 1730 Herc
915 1677 971 1729 et
1016 1678 1131 1728 tuae
1183 1672 1666 1743 magnanimitati
1710 1673 2112 1730 immortalem

2227 533 2404 586 ταγμα
2429 513 2564 581 (40),
2601 512 2988 588 ἀπεγράψαντο,
3017 511 3149 569 πλὴν
3200 510 3242 563 εἰ
3288 516 3359 583 μὴ
3414 514 3514 563 πού
3566 531 3699 574 τινες
3724 513 3822 564 οἳλ-

2226 601 2326 664 λως
2352 599 2495 673 εἶχον
2523 606 2624 654 ὑπὸ
2656 611 2746 663 τῆς
2800 601 3005 663 ἡλικίας
3051 605 3144 659 τὴν
3193 599 3396 672 ἄφεσιν.
3439 603 3698 673 Δεότμεθα
3735 601 3823 653 οὖν

2226 693 2557 764 μνημόσυνον
2620 700 2713 753 τῆς
2793 700 2890 752 σῆς
2962 693 3252 765 εὐεργεσιας
3315 695 3467 742 τοῦτο
3534 692 3661 762 ἡμῖν
3732 693 3825 762 ἁφ-

2227 783 2404 840 εθῆναι
2439 785 2572 850 (41),
2604 785 2760 834 παντὶ
2796 789 2866 832 τῶ
2914 784 3106 832 ἐπιόντι
3137 782 3315 853 χρόνῳ
3344 777 3545 850 ἀγαθὴν
3575 784 3694 852 περὶ
3725 787 3825 832 σοῦ

2223 875 2432 942 μνήμην
2490 867 2874 942 διαφυλάττον,
2925 872 3014 920 καὶ
3076 869 3494 940 συγχωρηθῆναι
3547 871 3686 920 κατά
3735 871 3824 920 τόν

2223 958 2442 1011 παλαιόν
2497 964 2650 1030 νόμον
2719 967 2810 1020 τῆς
2889 955 3180 1018 συντελείας
3253 960 3373 1018 τοὺς
3441 956 3821 1031 ἰερατεύοντας·

2222 1053 2312 1100 καὶ
2365 1053 2437 1120 μὴ
2500 1048 2565 1108 εἰς
2625 1053 2902 1122 πρόσωπον
2973 1055 3074 1099 τῶν
3132 1053 3218 1096 νῦν
3284 1044 3822 1117 καταλαμϐανομένων

2220 1139 2461 1208 γενέσθαι
2505 1141 2599 1195 τὴν
2652 1135 2837 1208 ἆφεσιν
2878 1135 3034 1198 (οὕτω
3091 1137 3193 1208 γὰρ
3235 1153 3303 1200 εις
3355 1138 3470 1194 τοὺς
3519 1131 3823 1207 διαδόχους

2220 1227 2250 1284 ἡ
2286 1229 2445 1300 χάρις
2481 1226 2849 1299 μεταϐήσεται,
2885 1229 2972 1287 οῦς
3023 1224 3082 1276 οὗ
3129 1226 3336 1286 παντως
3367 1224 3485 1295 (42)
3537 1223 3819 1296 συμϐαίνει

2219 1323 2312 1366 τοῦ
2367 1318 2640 1390 ἱερατεύειν
2690 1314 2862 1378 ἀξίους
2917 1311 3088 1383 εἶναι),
3148 1311 3273 1364 ἀλλὰ
3321 1315 3458 1364 κατὰ
3506 1315 3593 1364 τόν
3646 1312 3692 1364 ἐν
3753 1321 3816 1384 τῇ

2220 1403 2457 1479 ἐλευθέρα
2507 1403 2783 1477 ἀπογραφῇ
2838 1407 3022 1470 τύπον,
3072 1407 3249 1460 κοινήν
3300 1422 3416 1454 τινα
3465 1408 3820 1476 συγχώρησιν

2218 1492 2478 1568 κληρικῶν
2535 1495 2797 1565 γενέσθαι,
2865 1496 2998 1544 ὥστε
3063 1493 3162 1544 ὑπὸ
3231 1499 3330 1542 τῶν
3389 1490 3820 1563 οἰκονομούντιων

2219 1585 2309 1642 τὰς
2343 1582 2655 1643 Ἐκκλησιας
2701 1589 2810 1644 τοῖς
2863 1581 3109 1634 ἑκάστοτε
3159 1578 3523 1652 λειτουργοῦσι
3568 1584 3663 1637 την
3697 1577 3819 1632 ἁτέ-

2219 1671 2356 1724 λειαν
2391 1668 2666 1726 δίδοσθαι.
2696 1678 2876 1723 Ταῦτα
2915 1674 3003 1722 καὶ
3048 1677 3110 1742 τῇ
3156 1676 3220 1741 σῇ
3269 1667 3591 1740 μεγαλοφυίᾳ
3628 1667 3821 1720 ἀθάνα-

451 1767 608 1820 recte
638 1763 935 1819 factorum
968 1763 1226 1832 gloriam
1258 1762 1724 1832 conservabunt,
1757 1767 1815 1819 et
1855 1763 2109 1836 impera-

2221 1782 2304 1814 τον
2353 1765 2447 1820 τὴν
2497 1760 2580 1813 ἐπὶ
2628 1769 2738 1823 τοῖς
2787 1761 3000 1832 ἀγαθοῖς
3047 1755 3204 1822 δόξαν
3251 1755 3577 1828 διαφυλάξει,
3607 1763 3697 1810 καὶ
3745 1767 3821 1830 τῷ

456 1853 596 1909 toris
625 1852 868 1908 familiae
912 1855 1256 1924 precatores
1303 1849 1524 1906 multos
1556 1852 2022 1924 comparabunt,
2054 1859 2113 1910 et

450 1941 597 2014 ipsis
638 1940 820 1997 rebus
852 1939 1110 2012 publicis
1154 1955 1278 1995 non
1328 1955 1547 2012 parum
1595 1940 1846 1997 afferent
1879 1941 2111 1997 emolu-

450 2030 636 2086 menti
665 2046 676 2095 ;
713 2029 1019 2102 siquidem
1055 2044 1179 2084 non
1204 2029 1454 2084 omnino
1484 2027 1737 2099 clericis,
1772 2029 1877 2086 sed
1909 2029 1980 2086 iis
2005 2032 2110 2103 qui

452 2119 664 2191 quovis
707 2123 977 2191 tempore
1009 2116 1380 2187 aﬁliguntur,
1407 2116 1807 2174 immunitatis
1834 2119 2112 2175 solatium

453 2211 822 2279 praestamus
853 2223 866 2274 ;
925 2206 1092 2279 quod
1126 2206 1396 2278 quidem,
1425 2211 1480 2262 et
1507 2223 1645 2263 cum
1675 2207 1848 2264 liberi
1877 2225 2109 2277 sumus,

450 2311 573 2352 non
606 2295 1138 2368 praetermittimus,
1173 2299 1237 2352 ut
1265 2295 1602 2369 perspicere
1622 2301 1819 2370 potest
1838 2297 2113 2371 quisquis

450 2383 731 2442 voluerit.

1024 2509 1364 2567 EPISTOLA
1414 2512 1544 2566 ον’.

2223 1849 2484 1923 βασιλικῷ
2545 1853 2670 1922 οῖκῳ
2723 1849 2941 1910 πολλοὺς
2981 1852 3100 1910 τοὺς
3151 1849 3596 1922 ὑπερευχομένους
3642 1866 3821 1921 παρα-

2222 1941 2510 2008 σκευάσὲι,
2561 1939 2650 1990 καὶ
2704 1938 2884 2000 αὐτοῖς
2932 1944 3041 1999 τοῖς
3091 1932 3369 2009 δημοσίοις
3427 1940 3563 2009 μέγα
3607 1935 3821 2008 παρέξει

2219 2027 2430 2101 ὄφελος,
2476 2029 2622 2100 ημὼν
2668 2026 2725 2080 οὐ
2774 2029 2979 2089 παντως
3029 2033 3132 2087 τοῖς
3179 2024 3476 2098 κληρικοίς,
3521 2024 3652 2077 ἀλλὰ
3701 2025 3820 2094 (43)

2218 2125 2328 2179 τοῖς
2381 2115 2458 2169 ἀεὶ
2501 2120 2973 2190 καταπονουμένοις
3019 2121 3104 2173 τὴν
3151 2113 3253 2168 ἀπὸ
3300 2123 3397 2177 τῆς
3445 2112 3669 2174 ἀτελείας
3717 2134 3821 2166 πα-

2217 2208 2478 2280 ραμυθίαν
2523 2210 2912 2280 παρεχομένων·
2973 2207 3094 2279 ὅπερ
3144 2201 3231 2257 οὖν
3279 2205 3393 2273 (44)
3442 2207 3533 2255 καί
3581 2201 3665 2255 ἐπι
3720 2211 3824 2264 τῆς

2219 2294 2507 2371 ἐλευθερίας
2537 2304 2802 2370 ποιοῦμεν,
2838 2297 2902 2357 ὡς
2933 2294 3098 2358 ἔξεστι
3126 2302 3317 2366 γνῶναι
3347 2301 3418 2364 τῷ
3459 2290 3778 2366 βουλομένω.

2774 2515 3101 2564 ΕΠΙΣΤΟΔΗ
3142 2509 3250 2564 PE’.

451 2617 668 2673 Dolore
685 2631 748 2694 se
767 2616 1258 2694 signiﬁcat,quod
1291 2617 1554 2694 Terentii
1569 2618 1733 2694 ﬁlias
1760 2618 2088 2694 Samosatis
2113 2633 2234 2674 non
2257 2618 2744 2694 viclei'it.Caudat
2769 2633 2976 2675 earum
3005 2619 3070 2673 in
3107 2617 3432 2694 Trinitatis
3448 2617 3824 2694 confessione

527 2691 948 2761 constantiam,
984 2690 1254 2761 quamvis
1285 2691 1348 2744 in
1391 2689 1582 2744 medio
1621 2689 1944 2758 impietatis
1983 2690 2206 2760 degant
2224 2704 2244 2756 ,'
2281 2705 2493 2761 easque
2525 2689 2810 2746 hortatur
2855 2696 2917 2744 ut
2961 2694 3357 2758 perseverent,
3379 2693 3434 2746 et
3464 2703 3666 2744 eorum
3710 2689 3821 2760 qui

520 2759 671 2816 Filii
693 2767 796 2816 aut
822 2759 1089 2830 Spiritus
1115 2759 1491 2816 divinitatem
1521 2767 1766 2830 negant,
1800 2759 2268 2818 communionem
2295 2768 2348 2818 et
2387 2759 2753 2832 colloquium
2773 2761 3041 2832 fugiant.

663 2866 1030 2922 Diaconissis
1066 2865 1326 2922 Terentii
1357 2865 1602 2922 Comitis
1629 2866 1892 2934 ﬁliabus.

521 2973 642 3042 Ego
694 2975 750 3028 et
804 2987 942 3028 cum
998 2973 1316 3028 Samosata
1366 2971 1796 3041 advenissem,
1855 2974 2093 3046 speravi
2149 2977 2188 3030 C

445 3063 765 3117 venturum
808 3076 905 3116 me
955 3060 1017 3116 in
1071 3076 1417 3117 sermonem
1456 3060 1730 3131 dignitati
1768 3066 1978 3118 vestrae
2007 3081 2019 3118 :
2049 3067 2106 3118 et

446 3150 628 3222 hujus
667 3151 750 3208 rei
797 3167 1051 3224 compos
1101 3150 1350 3207 minime
1400 3151 1612 3222 factus,
1671 3167 1848 3224 aequo
1897 3152 2102 3208 animo

446 3240 743 3296 damnum
772 3256 896 3298 non
927 3240 1031 3297 tuli
1057 3259 1070 3309 ;
1098 3240 1493 3297 considerans
1525 3241 1923 3313 quandonam
1949 3242 2102 3298 futu-

445 3343 583 3384 rum
613 3329 706 3399 sit,
727 3333 794 3386 ut
821 3329 916 3385 vel
946 3344 1058 3399 ego
1083 3329 1315 3401 possim
1341 3346 1549 3385 rursus
1579 3330 1656 3386 ad
1680 3329 1955 3404 regiones
1978 3347 2104 3387 ves-

446 3421 568 3473 tras
589 3419 893 3491 accedere,
919 3419 1013 3474 vel
1043 3418 1216 3475 vobis
1249 3419 1328 3476 ad
1359 3424 1602 3475 nostras
1623 3419 1825 3475 venire
1846 3419 2099 3492 placeat.

443 3507 661 3562 Verum
693 3507 824 3564 haec
846 3510 964 3563 sint
991 3507 1050 3563 in
1081 3507 1318 3564 Domini
1342 3507 1654 3565 voluntate
1680 3508 1895 3580 posita.
1926 3507 2101 3575 Quod

445 3598 648 3652 autem
693 3611 858 3652 nunc
907 3595 1146 3668 agitur,
1201 3595 1306 3652 ubi
1362 3596 1565 3653 inveni
1621 3597 2100 3670 proﬁciscentem

446 3683 525 3742 ad
554 3701 660 3743 vos
702 3683 896 3741 ﬁlium
927 3684 1351 3758 Sophroniam,
1381 3685 1554 3742 laetus
1596 3685 1755 3742 hanc
1799 3686 1850 3742 ei
1881 3686 2100 3759 episto-

440 3771 565 3831 lam
610 3774 785 3844 dedi,
841 3791 970 3847 quae
1020 3777 1077 3830 et
1126 3773 1547 3831 salutationem
1593 3775 1768 3831 vobis
1821 3775 2098 3847 perferat,

445 3867 503 3920 et
556 3867 830 3922 nostram
883 3862 1072 3920 animi
1123 3863 1484 3920 sententiam
1526 3863 1806 3935 declaret,
1839 3864 1943 3938 qui
1992 3865 2101 3920 sci-

445 4005 701 4078 toritas:
742 4005 874 4077 ipse
907 4005 982 4078 de
1021 4021 1092 4062 ea
1140 4005 1478 4062 detraxerat
1531 4021 1639 4078 per
1698 4006 1849 4062 alias
1906 4007 2095 4077 leges,

443 4081 501 4134 et
517 4076 964 4148 clericos’praadi
973 4091 1149 4132 orum
1165 4076 1768 4148 possessores'censui
1784 4076 2098 4134 addixerat

442 4151 656 4218 Magna
693 4147 821 4203 erat
851 4148 912 4202 in
942 4147 1057 4203 hoc
1095 4147 1313 4218 genere
1351 4147 1624 4217 varietas,
1647 4153 1711 4204 ut
1741 4149 1926 4205 modo
1951 4149 2096 4205 vidi-

441 4217 581 4276 mus
613 4235 686 4275 ex
710 4217 1052 4274 testimonio
1084 4217 1389 4289 Gregorii;
1413 4218 1575 4274 unde
1601 4235 1724 4275 non
1770 4220 2010 4288 mirum,
2045 4219 2098 4275 si

443 4291 770 4384 censitores
807 4289 956 4345 nihil
982 4289 1197 4384 Basilio
1239 4289 1570 4346 concedere
1592 4291 1927 4384 voluerunt,
1953 4291 2099 4364 quia
2127 4331 2172 4384 D

441 4361 804 4434 mandatum
831 4377 867 4434 a
898 4361 1179 4434 praefecto
1208 4377 1333 4417 non
1360 4366 1744 4434 acceperant.

515 4434 535 4455 ’
558 4433 720 4490 Alias
748 4433 923 4500 CCCI,
957 4433 1178 4500 scripta
1206 4447 1368 4488 anno
1395 4433 1522 4490 372}

514 4507 624 4575 (40)
670 4509 1015 4579 ῌρᾷτῑταγμα.
1043 4503 1235 4579 _COiSI.
1280 4504 1514 4579 primus
1565 4508 1622 4560 et
1664 4504 1818 4560 Harl.
1870 4507 2100 4579 προστάτ

443 4595 652 4697 σνςιςιτοιζ
686 4574 930 4631 Ibidem
953 4574 1222 4647 quinque
1265 4574 1506 4632 codices
1552 4590 1676 4631 non
1706 4574 2103 4644 vetustissimi

443 4666 482 4697 π
503 4667 575 4697 .ην
608 4665 650 4697 ει
673 4665 797 4697 που.

443 4665 575 4704 πλην
608 4665 650 4699 ει
673 4665 797 4699 που.

511 4719 626 4790 (ιι)
653 4718 958 4790 Ἀφᾼεθῆναμ
981 4719 1066 4790 lta
1088 4715 1267 4786 Harl.,
1293 4716 1474 4773 Coisl.
1499 4717 1734 4790 primus
1757 4721 1814 4775 et
1835 4718 1934 4775 alii
1959 4734 2104 4775 non-

442 4785 618 4860 nulli.
655 4785 808 4860 Editi
828 4785 1151 4860 ἓναφεθῆναι.

511 4859 627 4930 (42)
656 4859 731 4912 οὐ
762 4859 988 4921 πάντως.
1022 4859 1420 4916 Gothofredus
1447 4861 1510 4916 in
1549 4863 1985 4919 commentario
2026 4860 2106 4916 ad

442 4928 638 5004 legem
669 4930 854 5004 modo
881 4930 1124 4986 citatam
1146 4931 1440 5004 Basilium
1466 4937 1670 5004 petere
1701 4933 2019 5000 existimat,
2041 4935 2107 4988 ut

441 5001 804 5075 beneﬁcium
843 5002 1294 5075 successoribus
1326 5001 1558 5072 eorum,
1599 5004 1705 5075 qui
1742 5009 1884 5060 tunc
1914 5008 2102 5075 erant,

441 5073 1013 5146 presbyterorumet
1042 5073 1440 5146 diacoinorum
1455 5118 1468 5143 ,
1482 5073 1853 5131 transdatur.
1870 5075 1985 5132 Sed
1998 5074 2109 5146 mi-

441 5143 558 5200 nus
575 5143 725 5201 vidit
740 5144 855 5200 hoc
872 5143 1078 5200 inloco
1095 5145 1184 5200 vir
1196 5145 1928 5212 doctissimus.Quomodo
1945 5145 2107 5202 enim

441 5215 715 5280 Basilius,
745 5216 793 5271 si
824 5215 1126 5288 quidqam
1149 5216 1449 5287 ejusmodi
1471 5222 1715 5288 peteret,
1739 5217 1853 5273 hac
1876 5219 2107 5274 ratione

438 5287 874 5360 uteretur,quia
897 5301 1019 5342 non
1048 5302 1292 5360 semper
1323 5287 1751 5360 contingiteos
1774 5288 2108 5360 ministerio

443 5374 618 5414 sacro
640 5358 860 5429 dignos
890 5373 1021 5413 esse
1041 5358 1068 5413 ‘l
1090 5358 1218 5414 Non
1241 5358 1402 5430 cadit
1420 5360 1479 5413 in
1505 5359 1785 5414 Basilium
1807 5359 2111 5430 ejusmodi

439 5428 841 5511 ratiocinatio.
860 5431 1154 5511 Praeterea
1172 5428 1648 5511 postulat‘uttpsi
1665 5428 1932 5511 episcopi
1952 5431 2110 5511 banc

442 5500 888 5572 immunitatem
914 5501 1284 5572 dispensent;
1301 5501 1468 5572 quod
1482 5500 1730 5572 prorsus
1751 5500 1954 5557 inutile
1971 5502 2109 5558 fuis-

447 5575 554 5641 set,
577 5571 628 5625 si
656 5575 861 5627 ratum
891 5576 946 5628 et
973 5569 1164 5627 ﬁkum
1197 5569 1451 5641 singulis
1485 5569 1718 5628 clericis
1747 5572 2112 5630 benefit-ium

471 5640 934 5700 uisset.Videtur
945 5657 1090 5714 ergo
1108 5640 1612 5701 Basilii’sententia
1624 5643 1708 5700 sic
1728 5645 2108 5718 accipienda:

2343 2872 2609 2930 Διακόνοις
2645 2869 2940 2940 θυγατράσι
2969 2871 3242 2941 Τερεντίου
3274 2870 3520 2938 Κόμητος
3549 2866 3679 2935 (45).

2283 2976 2415 3047 Ἐγὼ
2468 2980 2558 3028 καὶ
2609 2976 2932 3047 Σαμοσάτοις
2980 2973 3198 3036 ἐπιστὰς
3255 2969 3635 3048 προσεδόκησα
3693 2992 3822 3024 συν-

2211 3063 2458 3127 τεύξσθαι
2509 3061 2572 3136 τῇ
2622 3069 2941 3138 κοσμιότητι
2993 3064 3154 3136 ὑμῶν·
3203 3066 3294 3115 καὶ
3355 3059 3534 3121 ἐπειδὴ
3586 3058 3822 3138 διήμαρ-

2210 3171 2297 3206 τον
2345 3160 2436 3225 τῇς
2487 3158 2802 3225 συντυχίας,
2859 3153 2918 3205 οὐ
2955 3156 3174 3225 μετρίως
3226 3151 3421 3222 ἤνεγκα
3460 3153 3554 3208 τὴν
3593 3149 3816 3220 ζημίαν,

2209 3240 2536 3314 λογ’ξόμενος
2583 3245 2708 3294 πότε
2751 3241 2826 3299 εἴη
2880 3245 2910 3299 ἧ
2969 3239 3082 3313 ἐμοὶ
3125 3237 3348 3292 δυνατὸν
3392 3237 3546 3290 πάλιν
3587 3236 3817 3292 πλησιὰ-

2214 3350 2306 3384 σαι
2331 3337 2440 3393 τοῖς
2472 3331 2589 3383 καθ’
2621 3330 2757 3403 ὑμᾶς
2798 3334 3042 3404 χωρίοις,
3085 3333 3114 3387 ἦ
3157 3331 3280 3401 ὑμῖν
3309 3327 3420 3388 (46)
3452 3327 3674 3401 αἱρείτόν
3723 3328 3817 3382 τὴν

2211 3421 2466 3495 ἡμετέραν
2505 3418 2840 3474 καταλαϐεῖν.
2877 3418 3014 3472 Ἀλλ’
3052 3416 3218 3470 ἐκεῖνα
3264 3419 3355 3489 μὶν
3410 3416 3604 3468 κείσθω
3653 3433 3707 3466 ευ
3739 3420 3816 3484 τῷ

2213 3507 2464 3582 θελήματι
2521 3516 2614 3562 τοῦ
2662 3513 2880 3583 Κυρίου.
2910 3511 2980 3561 Τὸ
3023 3505 3083 3560 δὲ
3123 3515 3210 3559 νῦν
3254 3509 3398 3578 ἔχον,
3434 3500 3614 3563 ἐπειδὴ
3657 3500 3813 3578 εὖρον

2209 3599 2298 3650 τὸν
2345 3599 2456 3650 υἰόν
2513 3603 2798 3671 Σωφρόνιον
2860 3601 2992 3670 πρὸς
3046 3598 3177 3670 ὑμᾶς
3247 3594 3582 3669 ἐξορμῶντα,
3640 3589 3818 3654 ἡδέως

2212 3687 2350 3759 αὐτῷ
2391 3692 2485 3745 τήν
2538 3687 2818 3745 ἐπιστολὴν
2866 3685 3095 3744 ἐπέθηκα
3142 3687 3256 3756 (47)
3294 3687 3508 3750 ταύτην,
3543 3701 3815 3757 προσηγο-

2209 3779 2326 3849 ρίαν
2388 3777 2508 3848 ὑμῑν
2567 3777 2926 3848 κωμίζουσαν,
2995 3779 3085 3828 καὶ
3136 3779 3230 3833 τὴν
3289 3777 3536 3848 ἡμετέραν
3597 3778 3816 3843 γνώμην

2212 3861 2498 3933 δηλοῦσαν,
2533 3870 2613 3917 ὅτι
2652 3863 2710 3918 οὗ
2757 3861 3170 3938 διαλιμπάνομεν
3209 3870 3270 3936 τῇ
3314 3870 3406 3916 τοῦ
3446 3869 3578 3915 Θεοῦ
3615 3863 3817 3932 χάριτι

2205 4007 2352 4081 Petit
2368 4007 2636 4081 aliquam
2649 4007 3113 4081 immunitatem,
3128 4005 3553 4081 episcoporum
3566 4003 3822 4081 arbitrio

2207 4075 2694 4149 gubernandam,
2724 4079 2805 4136 ita
2846 4082 2911 4135 ut
2947 4075 3312 4136 nominatim
3337 4075 3482 4133 ‘non
3514 4075 3824 4132 tribuatur

2209 4151 2382 4227 certis
2412 4150 2784 4227 quibusdam
2809 4150 3124 4227 ministris,
3152 4150 3300 4227 quia
3328 4163 3538 4227 eorum
3566 4162 3822 4227 succes-

2209 4218 2467 4295 soribus,
2494 4223 2599 4295 qui
2639 4221 2890 4278 fortasse
2936 4218 3194 4295 indigni‘
3216 4223 3417 4295 essent
3458 4218 3820 4295 ministerio,

2211 4287 2728 4349 transmittéreltir.
2764 4295 2964 4363 Longe
2995 4287 3182 4349 satius
3213 4291 3266 4347 ei
3294 4290 3548 4363 videtur,
3582 4295 3648 4345 ut
3675 4287 3819 4363 des-

2212 4364 2422 4436 criptio
2444 4363 2517 4419 sit
2549 4363 2839 4436 libera,et
2863 4359 2966 4436 qui
2996 4363 3292 4436 Ecclesias
3317 4362 3678 4436 gubernant,
3702 4359 3818 4436 im-

2210 4431 2568 4491 munitatem
2599 4435 2818 4507 quovis
2862 4431 2997 4492 loco
3036 4431 3519 4507 ministrantibus
3559 4431 3814 4507 donent,

2211 4522 2542 4578 eorumque
2585 4503 2814 4578 judicio
2858 4506 3256 4578 permittatur,
3282 4504 3553 4578 quinam
3603 4503 3819 4578 sensui

2213 4522 2542 4578 eorumque
2585 4521 3256 4633 Juoicioagermmamr,
3300 4521 3553 4578 quinam
3603 4521 3819 4559 sensui

2213 4577 2554 4650 addicendi,
2577 4577 2756 4650 quive
2781 4577 2820 4632 h
2906 4576 3048 4650 endi
3059 4578 3179 4650 sint
3201 4575 3593 4650 eximii._l_linc
3609 4590 3669 4650 se
3703 4574 3819 4629 im-

2210 4646 2567 4705 munitatem
2597 4646 2721 4705 non
2751 4648 3002 4705 omnino
3025 4647 3272 4713 clericis,
3303 4646 3412 4718 sed
3431 4646 3502 4702 iis
3531 4646 3634 4718 qui
3654 4661 3814 4718 quo-

2211 4721 2302 4792 vis
2322 4723 2597 4792 tempore
2623 4719 2990 4792 afﬂiguntur,
3025 4723 3225 4792 petere
3255 4717 3540 4774 declarat.

2285 4791 2396 4862 (43)
2431 4790 2576 4862 Vide
2601 4790 2920 4862 Addenda.

2249 4859 2399 4946 ν(ΑΜ)
2445 4861 2608 4936 "On-sp
2655 4861 2764 4918 οὖν.
2819 4863 2912 4920 Sic
2970 4878 3121 4920 mss.
3174 4876 3408 4918 omnes.
3449 4859 3601 4917 Editi
3631 4859 3815 4933 ὥσπερ

2215 4953 2324 4990 ουν.

2287 5005 2398 5081 (45)
2426 5009 2689 5081 Τερενῖίου
2736 5009 2988 5079 κόμητος.
3021 5007 3276 5081 _Sep_tem
3312 5002 3549 5081 codices
3580 5000 3824 5074 antiqui

2217 5075 2455 5155 copiam
2493 5075 3221 5155 "dederuntemendan'dm
3259 5075 3559 5155 editorum
3605 5088 3822 5155 pravae

2215 5144 2489 5204 lectionis
2513 5155 2779 5221 Φερεντιου
2805 5152 3050 5222 κόμητος.
3077 5148 3322 5205 Addunt
3348 5144 3627 5222 quidam'
3649 5144 3824 5222 codi-

2217 5235 2316 5275 ces
2348 5225 2466 5293 μερὶ
2487 5218 2756 5280 πίολτειως.
2800 5218 2947 5278 Cod.
2971 5219 3232 5277 Clarom.
3269 5218 3504 5290 θεολογίᾳ
3540 5225 3630 5270 τοῦ
3661 5218 3824 5287 ἁγίου

2219 5294 2538 5354 Ηνεύματος.

2289 5312 2672 5436 frigidius.
2707 5361 2856 5436 Editi
2882 5363 2911 5421 ἣ
2944 5361 2988 5436 εἰ
3016 5363 3158 5435 ὑμῖν.
3199 5362 3485 5420 Voculam
3529 5359 3824 5436 erpunxi,

2218 5437 2351 5506 tum
2373 5435 2519 5506 quia
2552 5431 2911 5490 sententiam
2941 5431 3280 5497 denormat,
3312 5439 3441 5490 tum
3479 5431 3624 5506 quia
3650 5431 3829 5488 deest

2219 5505 2282 5560 in
2303 5505 2520 5576 quator
2541 5522 2691 5561 mss.

2236 5577 2400 5700 ,δ(47)
2431 5576 2709 5637 Ἐπέοηκα.
2744 5576 2837 5634 Sic
2876 5593 3031 5634 mss.
3079 5577 3320 5636 codices
3365 5593 3488 5634 sex.
3533 5575 3682 5633 Editi
3725 5580 3827 5629 έπ-

2236 5667 2244 5699 ῑ
2286 5666 2417 5700 ωκα.

2223 5666 2417 5706 εοωκα,
