4054 6204
217 255 320 309 513
1249 243 1734 303 EPISTOLARUM
1771 241 1820 299 C‘

1942 244 2052 300 ‘.SlS
2091 244 2161 302 ΙΙ.
2192 248 2404 308 EPIST.
2440 252 2571 308 CVI.
3485 261 3590 316 514

192 393 515 452 μεμνημειοι
545 375 709 446 ὑμῶν,
751 377 841 426 καὶ
882 373 1310 449 εὐχαριστοῦντες
1361 373 1488 446 ὑπὲρ
1540 372 1681 443 ὑμῶν
1733 378 1806 440 τῷ

1942 371 2060 429 icet
2091 374 2192 431 Dei
2239 377 2430 446 gratia
2474 394 2595 435 non
2637 377 2962 435 desinimus
3014 380 3198 437 vestri
3229 384 3588 443 meminisse

193 472 394 542 Κυρίῳ,
453 467 533 516 ὃτι
582 461 783 535 ἀγαθῆς
825 463 983 536 ῥίζης
1034 461 1207 535 ἀγαθὰ
1256 461 1614 535 βλαστήματά
1671 458 1802 524 ἐστε,

1942 477 1995 517 ιο
2023 479 2130 534 pro
2153 465 2325 520 vobis
2359 467 2608 522 Domino
2640 467 2860 536 gratias
2903 484 3101 538 agere,
3154 472 3324 543 quod
3365 472 3586 530 radicis

1924 549 2103 608 bonae
2134 553 2297 611 bona
2318 556 2443 611 sitis
2471 557 2762 626 germina,
2786 556 2963 612 bonis
2992 559 3278 631 operibus
3305 561 3587 631 fecunda,

1926 644 1982 697 et
2009 659 2149 698 vere
2177 648 2464 718 tanquam
2513 645 2636 702 lilia
2685 645 2744 701 in
2793 646 2994 702 medio
3025 647 3370 720 spinarum.
3413 651 3588 718 Quod

1927 730 2088 787 enim
2135 749 2276 789 cum
2325 739 2491 790 tanta
2539 735 2896 806 perversitas
2951 735 3266 793 hominum
3327 740 3590 797 veritatis

1927 820 2264 878 doctrinam
2299 824 2474 894 200
2509 824 3022 895 corrumpentium
3072 841 3182 880 vos
3225 826 3586 898 circumstet,

1928 911 2174 968 minimc
2207 917 2406 970 tamen
2438 913 2752 969 fraudibus
2781 913 3007 983 ceditis,
3037 930 3148 970 nec
3182 915 3261 971 ad
3293 917 3590 986 vigentem

1928 1016 2091 1056 nunc
2123 1001 2449 1058 novitatem
2481 1001 2699 1057 relictis
2731 1000 3073 1073 apostolicis
3103 1003 3245 1058 ﬁdei
3269 1003 3593 1062 documen-

1932 1091 2002 1146 tis
2033 1091 2498 1159 transferimini;
2539 1090 2850 1164 quomodo
2894 1107 3018 1147 non
3062 1091 3317 1163 dignum
3353 1095 3451 1160 sit,
3481 1111 3592 1167 pro

1929 1196 2053 1252 quo
2086 1186 2282 1251 grates
2329 1197 2568 1250 magna:
2622 1183 2740 1237 Deo
2770 1182 3076 1250 agantur?
3123 1185 3434 1255 quomodo
3469 1200 3593 1241 non

1932 1286 2189 1341 magnas
2221 1271 2431 1327 laudes
2459 1271 2632 1326 vobis
2659 1270 2870 1326 merito
2902 1271 3223 1329 conciliet?
3269 1277 3330 1330 In
3361 1278 3592 1332 Patrem

1934 1365 1989 1416 et
2022 1360 2228 1416 Filium
2261 1364 2317 1416 et
2350 1360 2631 1433 Spiritum
2661 1364 2934 1415 sanctum
2964 1361 3203 1418 creditis
3237 1381 3249 1418 :
3283 1369 3486 1421 cavete
3519 1380 3594 1421 ne

1933 1451 2049 1506 hoc
2095 1449 2362 1521 prodatis
2411 1449 2774 1522 depositum.
2825 1452 3058 1505 Patrem
3089 1466 3289 1508 rerum
3317 1454 3590 1509 omnium

1936 1538 2340 1611 principium;
2387 1538 2594 1594 Filium
2631 1537 3028 1608 unigenitum,
3063 1555 3136 1594 ex
3181 1556 3252 1596 eo
3302 1541 3593 1611 genitum,

1939 1644 2146 1684 verum
2197 1631 2405 1693 Deum,
2449 1627 2777 1699 perfectum
2813 1642 2886 1682 ex
2937 1627 3222 1700 perfecto,
3264 1629 3594 1700 imaginem

200 1720 412 1784 Πνεῦμα
463 1711 638 1782 οἶγιον,
690 1709 746 1762 ἐκ
789 1717 922 1763 Θεοῦ
970 1715 1064 1768 την
1108 1711 1328 1785 ὓπαρξιν
1381 1715 1503 1783 ἕχον
1553 1714 1687 1784 (49),
1721 1718 1813 1772 τὴν

1942 1717 2159 1784 vivam,
2195 1720 2421 1772 Patrem
2457 1721 2644 1772 totum
2694 1717 2754 1772 in
2787 1716 3105 1788 semetipso
3133 1718 3547 1774 ostendentem
3577 1738 3590 1775 :

199 1807 371 1874 πηγὴν
435 1811 534 1863 τῆς
591 1801 909 1873 ἁγιότητος,
980 1797 1201 1873 δύναμιν
1269 1805 1406 1864 ζωῆς
1475 1808 1812 1875 παρεκτικην,

1942 1806 2222 1879 Spiritum
2257 1811 2556 1874 sanctum,
2587 1807 2990 1863 e'xsistentiam
3023 1822 3058 1862 a
3091 1810 3208 1862 Deo
3246 1807 3593 1877 habentem,

1943 1895 2271 1951 sanctitatis
2313 1895 2563 1962 fontem,
2614 1897 2732 1951 vim
2778 1895 2910 1950 vitae
2951 1895 3434 1964 conciliatricem,
3464 1911 3596 1966 gra-

1941 1986 2084 2040 tiam
2136 1984 2430 2056 perfectos
2483 1984 2840 2040 efficientem
2875 2002 2887 2039 :
2917 1999 3024 2057 per
3075 2000 3257 2056 quem
3307 1985 3490 2040 homo
3534 1984 3594 2040 in

1941 2073 2130 2130 filium
2151 2074 2488 2146 adoptatur,
2523 2078 2578 2129 et
2602 2073 2661 2128 id
2700 2073 2864 2146 quod
2917 2073 3166 2128 mortale
3218 2073 3594 2136 est,immor-

1941 2163 2160 2218 talitate
2191 2163 2484 2218 donatur:
2520 2163 2910 2232 conjunctum
2944 2162 3096 2216 Patri
3130 2167 3183 2218 et
3207 2161 3346 2218 Filio
3372 2162 3432 2217 in
3462 2178 3595 2218 om-

1941 2252 2139 2320 nibus,
2164 2251 2223 2306 in
2247 2251 2438 2320 gloria
2458 2257 2514 2306 et
2540 2251 2888 2317 aeternitate,
2904 2250 2964 2305 in
2992 2254 3283 2322 potestate
3305 2254 3362 2305 et
3385 2266 3594 2320 regno,

1941 2341 2002 2395 in
2041 2341 2310 2397 dominio
2364 2346 2419 2396 et
2449 2341 2782 2409 divinitate,
2822 2339 3349 2412 quemadmodum
3378 2345 3433 2395 et
3462 2340 3599 2412 ipsa

1939 2429 2321 2501 baptismatis
2353 2429 2640 2485 salutiferi
2667 2428 2906 2485 traditio
2933 2433 3196 2484 testatur.
3230 2433 3301 2484 At
3325 2443 3463 2484 vero
3493 2428 3596 2500 qui

1941 2523 2044 2574 aut
2075 2519 2282 2574 Filium
2327 2523 2430 2574 aut
2483 2519 2766 2590 Spiritum
2811 2517 3019 2572 dicunt
3065 2533 3199 2573 esse
3237 2521 3597 2585 creaturam,

1941 2615 2043 2664 aut
2073 2610 2320 2665 omnino
2346 2609 2632 2682 Spiritum
2659 2609 2718 2663 in
2750 2608 3162 2663 ministrorum
3192 2624 3262 2664 ac
3285 2623 3597 2664 servorum

1940 2697 2218 2768 redigunt
2266 2698 2563 2763 ordinem,
2597 2696 2774 2766 longe
2811 2695 3035 2752 absunt
3062 2713 3098 2752 a
3138 2696 3418 2765 veritate;
3450 2712 3600 2768 quo-

1939 2804 2075 2844 rum
2132 2786 2423 2856 fugienda
2483 2785 2834 2841 communio
2885 2802 2956 2840 ac
3007 2784 3596 2854 sermonesvitandi,

1939 2876 2098 2932 velut
2126 2875 2468 2931 animarum
2510 2873 2821 2947 pernicies.
2853 2873 3023 2940 Quod
3071 2873 3118 2927 si
3169 2888 3444 2945 unquam
3479 2874 3597 2928 Do-

1939 2967 2106 3022 mino
2134 2966 2422 3035 largiente
2472 2965 2530 3020 in
2586 2981 2776 3019 unum
2816 2962 3156 3030 veniamus,
3205 2962 3397 3017 fusius
3427 2961 3597 3017 vobis

1857 3057 1896 3110 C
1941 3072 2078 3112 eum
2135 3055 2209 3111 de
2268 3053 2388 3108 ﬁde
2437 3052 2766 3119 disselam;
2828 3051 2980 3106 adeo
3029 3054 3094 3105 ut
3131 3066 3203 3106 ex
3247 3049 3520 3106 deductis
3565 3065 3597 3106 e

197 3137 510 3209 Scriptura
561 3135 1192 3192 demonstrationibus
1252 3142 1376 3195 tum
1428 3142 1690 3199 veritatis
1751 3145 1874 3202 vim
1905 3150 2030 3203 tum
2063 3143 2306 3200 haeresis
2331 3142 2698 3199 debilitatem
2721 3139 3114 3213 perspiciatis.

192 562 433 630 ἔγκαρπα
472 560 582 614 τοῖς
633 551 850 623 ἀγαθοῖς
882 555 1072 626 ἔργοις,
1121 557 1207 604 καὶ
1237 560 1309 624 τῷ
1349 556 1457 604 ὄντι
1483 553 1552 612 ὡς
1581 555 1734 623 κρίνα
1759 549 1808 602 ἐν

193 651 339 722 μέσῳ
397 643 654 696 ἀκανθῶν.
711 645 782 693 Τὸ
837 644 940 715 γὰρ
1007 643 1108 694 ὑπὸ
1166 644 1422 701 τοσαύτης
1483 636 1811 715 διαστροφῆς

196 746 296 789 τῶν
338 733 797 808 παραρθειρόντων
850 734 936 783 τὸν
991 730 1141 804 λόγον
1194 739 1285 792 τῆς
1324 729 1562 790 ἀληθείας
1592 749 1810 802 περικυ-

198 825 486 896 κλουμὲνας
533 823 602 893 μὴ
667 816 908 872 ἐνδοῦναι
965 823 1089 894 πρὸς
1142 823 1235 881 τὰς
1292 817 1517 888 ἀπάτας,
1566 816 1706 892 μηδὲ
1752 821 1812 870 τὸ

206 911 552 966 ἀποστολικὸν
639 917 734 971 τῆς
821 913 1042 970 πίστεως
1103 916 1354 983 κήρυγμα
1418 909 1812 970 καταλιπούσας

201 1006 336 1075 πρὸς
387 1005 476 1058 την
550 1007 638 1050 νῦν
706 997 1127 1059 ἐπιπολάζουσαν
1193 1004 1526 1072 καινοτομίαν
1591 1019 1810 1071 μετατε-

202 1095 356 1151 θῆναι
403 1091 541 1159 (48),
599 1096 711 1149 πῶς
763 1087 892 1159 οὐχί
930 1089 1159 1160 μεγάλης
1214 1091 1305 1162 μεν
1351 1093 1480 1162 πρὸς
1547 1093 1633 1141 τὸν
1684 1091 1812 1141 Θεὸν

201 1182 556 1254 εὐχαριστίας
593 1177 762 1241 ἀξιον,
791 1177 1044 1249 μεγάλους
1076 1174 1133 1230 δὲ
1164 1180 1284 1250 ύμῖν
1318 1177 1556 1240 ἐπαίνους
1597 1175 1811 1230 δικαιό-

197 1289 329 1322 τατα
357 1267 595 1342 προξενεῖ
621 1283 634 1332 ;
668 1266 756 1326 Εἰς
787 1271 994 1341 Πατέρα
1031 1268 1120 1318 καὶ
1150 1270 1268 1319 Υίὸν
1308 1272 1394 1319 καὶ
1418 1268 1564 1339 ἅγιον
1605 1275 1813 1341 Πνεῦμα

200 1359 584 1410 πεπιστεύκατε
610 1377 623 1389 ο
670 1359 741 1427 μὴ
794 1351 1028 1426 προδῶτε
1074 1359 1268 1414 ταύτην
1300 1360 1393 1414 τὴν
1437 1359 1812 1430 παρακαταθη-

200 1468 322 1505 κην.
368 1450 582 1517 Πατέρα
630 1449 723 1502 τὴν
771 1447 974 1496 πάντων
1021 1443 1225 1518 ἀρχηνο
1282 1448 1400 1497 Υίὸν
1447 1455 1716 1518 μονογενῆ,
1760 1445 1812 1509 ἐξ

199 1537 360 1588 αὐτοῦ
390 1535 720 1606 γεννηθέντα,
755 1531 996 1590 ἀληθινὸν
1053 1537 1204 1601 Θεὸν,
1255 1534 1442 1586 τέλειον
1491 1533 1545 1586 ἐκ
1592 1534 1808 1603 τελείου,

202 1625 376 1678 εἰκόνα
403 1624 604 1687 ζῶσαν,
654 1623 768 1674 ac»
800 1618 1073 1674 δεικνύντα
1125 1623 1174 1674 ἕν
1223 1623 1389 1694 ἐαυτῷ
1436 1628 1521 1675 τὸν
1564 1629 1770 1696 Πατέρα
1797 1646 1808 1657 ·

195 1895 362 1965 χάριν
415 1890 754 1954 τελειοποιὸν,
806 1886 882 1942 δι’
923 1887 980 1942 οὐ
1033 1892 1340 1944 υἱοθετεῖται
1383 1893 1666 1965 ἄνθρωπος,
1727 1900 1818 1947 καὶ

198 1979 664 2040 ἀπαθανατίζεται
720 1981 828 2049 (50)
885 1982 940 2030 τὸ
1002 1981 1223 2049 θνητὸν,
1287 1985 1610 2054 συνημμενον
1654 1988 1819 2058 Πατρὶ

191 2077 281 2122 καὶ
312 2073 421 2139 Υἱῴ
451 2071 587 2120 κατά
616 2070 786 2120 πάντα
811 2066 858 2119 ἐν
887 2065 1013 2140 δόξῃ
1055 2074 1144 2121 καὶ
1183 2066 1473 2138 ἀίὸιότητι,
1518 2070 1566 2123 ἐν
1595 2069 1818 2146 δυνάμει

202 2165 292 2211 καὶ
336 2158 610 2231 βασιλεία,
641 2156 688 2209 ἐν
736 2153 1020 2229 δεσποτεία
1058 2163 1146 2210 καὶ
1179 2161 1407 2227 θεὸτητι,
1440 2163 1504 2220 ὡς
1533 2166 1623 2213 καὶ
1654 2164 1682 2220 η
1726 2171 1818 2215 τοῦ

205 2253 478 2318 σωτηρίου
539 2245 913 2318 βαπτίσματος
951 2243 1253 2319 παράδοσις
1309 2257 1581 2322 μαρτυρεῖ.
1637 2253 1701 2302 Οἱ
1759 2249 1818 2305 δε

198 2341 406 2408 κτίσμα
472 2334 701 2405 λέγοντες
763 2336 791 2393 ᾖ
834 2338 918 2386 τὸν
955 2337 1072 2386 Υὶὸν
1113 2336 1141 2394 ἡ
1203 2340 1260 2388 τὸ
1326 2343 1556 2409 Πνεῦμα,
1601 2340 1629 2397 ἦ
1689 2339 1819 2403 ὅλως

201 2426 330 2477 αὐτὸ
506 2424 578 2485 εἰς
609 2429 702 2481 την
731 2423 1092 2498 λειτουργικην
1122 2431 1212 2476 καὶ
1238 2421 1482 2484 δουλικὴν
1505 2431 1818 2500 κατάγοντες

201 2514 370 2578 τάξιν,
411 2513 620 2587 μακράν
663 2513 766 2564 εἰσι
801 2521 894 2573 τῆς
927 2511 1188 2582 ἀληθείας,
1219 2515 1287 2564 ὧν
1328 2518 1529 2587 φεύγειν
1559 2524 1818 2590 προσήκει

207 2607 300 2663 τὰς
327 2605 604 2662 κοινωνίας
651 2605 743 2652 καὶ
794 2599 1134 2674 ἐκτρέπεσθαι
1164 2607 1280 2664 τούς
1316 2602 1522 2675 λόγους,
1559 2609 1627 2667 ὡς
1655 2603 1817 2667 δηλη-

207 2695 363 2763 τηρια
410 2695 539 2742 ἄντα
577 2689 795 2762 ψυχῶν·
844 2689 960 2742 Ἐἀν
1019 2687 1080 2742 δέ
1129 2711 1254 2744 ποτε
1302 2689 1379 2764 δῷ
1418 2696 1543 2766 ἡμῖν
1575 2697 1600 2746 ὁ
1634 2700 1819 2772 Κύριος

207 2782 445 2850 γενέσθαι
477 2783 618 2831 κατά
648 2783 861 2845 ταυτὸν,
891 2779 1203 2856 πλατύτερον
1244 2783 1364 2854 ὑμῖν
1407 2787 1521 2844 τούς
1564 2791 1681 2859 περὶ
1722 2797 1816 2850 τῆς

205 2874 421 2928 nigrm;
480 2867 822 2940 ἐκθησόμεθα
876 2867 1098 2939 λόγους’
1155 2874 1289 2923 ὥστε
1336 2872 1446 2944 μετ’
1503 2871 1816 2938 ἀποδείξεων

204 2967 468 3030 γραφικὼν
497 2963 591 3009 καὶ
634 2961 691 3009 τό
723 2965 814 3018 τῆς
859 2955 1103 3020 ἀληθείας
1153 2959 1377 3034 ἰσχυρὸν
1418 2967 1507 3014 καὶ
1537 2967 1594 3015 τὸ
1623 2967 1816 3039 σαθρὸν

202 3055 289 3109 τὶς
311 3051 570 3120 αἱρέσεως
599 3049 735 3119 ύμᾶς
765 3045 1065 3118 ἐπιγνῶναι.

792 3267 1130 3315 ΕΠΙΣΤΟΛΙί
1171 3263 1276 3326 1)ς”.

2504 3267 2840 3322 EPISTOLA
2879 3266 3034 3320 CVI'.

206 3385 480 3443 Militem
515 3386 794 3441 maximis
833 3387 1157 3442 virtutibus
1192 3389 1514 3462 praeditum
1548 3391 1822 3448 Basilius
1852 3394 1914 3448 in
1943 3409 2054 3448 sua
2083 3393 2570 3462 peregrinatione
2598 3395 2986 3458 cognoverat.
3027 3389 3203 3445 Nunc
3235 3393 3498 3458 accepta
3521 3386 3598 3443 ab

1039 3473 1102 3514 eo
1133 3459 1396 3528 epistolae
1425 3463 1746 3531 respondet
1778 3469 1832 3520 et
1862 3465 1944 3520 ad
1965 3459 2477 3533 perseverantiam
2506 3461 2814 3518 hortatur.

852 3589 1147 3655 Στρατιωτη
1160 3625 1173 3637 .

285 3705 436 3779 Ὑπὲρ
469 3704 665 3756 πολλῶν
696 3708 907 3777 ἔχοντες
938 3705 1274 3779 εὐχαριστεῖν
1304 3717 1372 3778 τῷ
1416 3715 1614 3784 Κυρίῳ,
1643 3712 1710 3762 ὧν
1737 3714 1826 3764 καὶ

2669 3586 2869 3641 Militi.

2007 3713 2155 3768 Cum
2185 3727 2296 3784 pro
2327 3709 2527 3766 multis
2559 3709 2814 3766 debeam
2845 3711 3044 3780 grates
3075 3709 3333 3764 Domino
3363 3707 3598 3780 persol-

211 3796 513 3866 ἠξιώθημεν
533 3793 663 3865 παρ’
680 3793 839 3846 αὐτοῦ
863 3793 948 3846 ἐπὶ
973 3801 1060 3854 τῆς
1081 3791 1366 3867 ἐπιδημίας
1388 3799 1554 3870 ἡμῶν,
1577 3805 1820 3872 μέγιστον

1942 3817 2096 3865 vere,
2145 3816 2280 3872 quae
2324 3799 2402 3855 ab
2451 3815 2522 3854 eo
2573 3799 2635 3854 in
2690 3813 2826 3854 mea
2863 3796 3339 3870 peregrinatione
3368 3795 3596 3868 accepi,

1936 3890 2168 3946 bonum
2217 3889 2553 3944 maximum
2609 3887 2898 3958 judicavi,
2954 3885 3121 3959 quod
3163 3885 3311 3942 boni
3361 3883 3602 3940 Domini

1938 3977 2101 4034 dono
2130 3976 2542 4050 praestantiam
2579 3981 2744 4032 tuam
2772 3974 3185 4046 cognoverim.
3208 3975 3412 4030 Virum
3435 3973 3599 4029 enim

1939 4066 2218 4137 cognovi,
2251 4066 2356 4138 qui
2387 4065 2446 4121 in
2476 4065 2714 4120 militari
2739 4064 2919 4120 etiam
2959 4065 3080 4120 vita
3132 4062 3468 4136 perfectum
3501 4062 3604 4119 Dei

1941 4172 2211 4211 amorem
2243 4159 2300 4210 et
2334 4154 2685 4210 claaritatem
2739 4152 2963 4209 servari
2994 4168 3194 4225 posse,
3230 4157 3286 4208 et
3318 4151 3602 4208 Christia-

215 4237 528 4293 διασῶσαι·
579 4247 667 4291 καὶ
713 4241 792 4292 ὅτι
831 4239 924 4292 οὐκ
960 4239 1007 4292 ἐν
1061 4249 1122 4313 τῇ
1169 4240 1413 4315 περιϐολῇ
1473 4243 1820 4316 τῆςέσθῆτος,

1942 4260 2087 4300 num
2145 4259 2268 4299 non
2328 4259 2398 4298 ex
2453 4241 2789 4298 vestimenti
2851 4241 3066 4310 forma,
3128 4240 3232 4296 sed
3284 4257 3357 4296 ex
3415 4239 3602 4296 animi

216 4329 322 4381 ἀλλ’
357 4329 405 4381 ἐν
437 4337 504 4401 τῇ
563 4325 802 4382 διαθεσει
849 4338 944 4392 τῆς
987 4329 1172 4402 ψυχῆς
1219 4332 1245 4383 ὁ
1286 4338 1597 4405 Χριστιανὸς
1644 4335 1820 4408 ὀφείλει

1943 4333 2154 4389 habitu
2183 4331 2458 4405 dignosci
2481 4331 2698 4388 debere
2730 4331 3125 4387 demonstrat.
3161 4333 3226 4388 Et
3249 4334 3388 4387 tunc
3423 4329 3604 4400 igitur

1942 4423 2339 4480 libentissime
2392 4437 2518 4476 sum
2576 4426 2772 4477 tecum
2825 4435 3185 4490 congressus
3239 4437 3251 4474 :
3308 4423 3364 4473 et
3420 4433 3603 4487 nunc,

1945 4512 2177 4585 quoties
2203 4511 2509 4577 recordor,
2533 4510 2802 4566 maxima
2833 4509 2997 4564 fruor
3037 4508 3365 4580 voluptate.
3399 4509 3606 4580 Itaque

1947 4607 2185 4658 strenue
2231 4617 2362 4670 age,
2396 4605 2454 4656 et
2499 4598 2914 4666 corroborare,
2943 4602 2998 4654 et
3046 4597 3145 4653 Dei
3195 4612 3469 4654 amorem
3499 4612 3609 4652 nu-

1949 4692 2080 4747 trire
2114 4707 2183 4746 ac
2215 4705 2434 4760 augere
2465 4704 2704 4760 semper
2731 4687 2926 4757 stude,
2959 4692 3023 4742 ut
3071 4691 3127 4742 et
3167 4686 3270 4742 tibi
3301 4686 3606 4742 bonorum

1948 4780 2025 4836 ab
2058 4795 2127 4835 eo
2151 4779 2324 4851 copia
2354 4782 2680 4834 accrescat.
2712 4775 2884 4831 Nullo
2914 4780 3116 4831 autem
3145 4774 3388 4845 indigeo
3434 4790 3610 4844 argu-

1949 4873 2174 4933 mento,
2203 4884 2324 4940 quo
2369 4872 2422 4922 te
2466 4867 2584 4922 mei
2615 4880 2950 4921 memorem
2998 4879 3130 4920 esse
3162 4863 3438 4932 edocear,
3466 4879 3605 4919 eum

1946 4974 2042 5013 res
2073 4957 2216 5028 ipsa:
2252 4955 2607 5028 perhibeant
2637 4953 3068 5010 testimonium.

213 3885 413 3955 ἀγαθὸν
443 3883 722 3955 ἐκρίναμεν
769 3887 862 3940 την
891 3890 1085 3954 γνῶσιν
1123 3892 1216 3944 τῆς
1257 3893 1356 3947 σῆς
1380 3892 1702 3959 τιμιότητος,
1732 3894 1827 3948 τὴν

211 3976 358 4044 παρά
423 3979 518 4023 τοῦ
586 3969 786 4042 ἀγαθοῦ
854 3976 1115 4024 Δεσπότου
1176 3977 1610 4048 παρασχεθεῖσαν
1677 3980 1825 4051 ἡμῖν.

215 4061 479 4133 Ἐγνωμεν
509 4063 614 4132 γὰρ
664 4057 836 4133 ἄνδρα
887 4056 1179 4130 δεικνύντα,
1223 4063 1301 4114 ὅτι
1350 4069 1440 4116 καὶ
1485 4063 1533 4115 ἐν
1563 4073 1631 4136 τῷ
1667 4086 1827 4141 στραο

213 4160 440 4221 τιωτικῷ
475 4148 582 4222 βίῳ
617 4145 839 4202 δυνατὸν
871 4159 962 4212 τῆς
1001 4155 1126 4228 πρὸς
1154 4155 1283 4205 Θεὸν
1316 4151 1526 4224 ἀγάπης
1557 4159 1612 4207 τὸ
1645 4156 1829 4209 τελειον

218 4419 746 4493 χαροατηρίζεσθαι.
783 4423 883 4472 Καὶ
907 4423 1020 4472 τότε
1066 4419 1153 4472 οὐν
1179 4423 1310 4492 μετά
1340 4424 1513 4484 πάσης
1553 4422 1829 4497 ἐπιθυμίας

222 4512 587 4580 συνετύχομέν
638 4527 755 4560 σοι·
815 4513 905 4560 καὶ
956 4516 1064 4575 νῦν,
1126 4511 1314 4572 ὁσάκις
1365 4509 1425 4561 ἀν
1493 4511 1565 4573 εἰς
1625 4519 1832 4585 μνήμην

223 4597 472 4668 ἔλθωμεν,
524 4601 785 4668 μεγίστης
829 4595 1151 4670 ἀπολαύομεν
1182 4597 1523 4672 εὐφροσύνης.
1555 4598 1832 4676 Ἀνδρίζου

224 4691 416 4752 τοίνυν,
450 4691 541 4736 καὶ
581 4688 764 4756 ῖσχυε,
817 4689 905 4737 καὶ
937 4691 1030 4744 την
1077 4691 1202 4759 πρὸς
1251 4691 1378 4739 Θεὸν
1408 4687 1613 4760 ἀγάπην
1639 4695 1834 4764 τρέφειν

223 4779 311 4825 καὶ
358 4773 811 4836 πολῦπλασιάζειν
843 4771 922 4826 ἀεὶ
972 4771 1262 4842 σπούδαζε,
1300 4777 1382 4827 ἵνα
1429 4796 1514 4828 σοι
1557 4782 1646 4830 καὶ
1676 4780 1705 4836 ἡ
1736 4789 1835 4832 τῶν

224 4862 432 4934 ἀγαθῶν
465 4864 592 4938 παρ’
618 4862 778 4914 αὐτοῦ
803 4867 1043 4936 χορηγία
1081 4862 1165 4916 ἐπὶ
1193 4864 1371 4936 μεῖζον
1408 4869 1588 4940 προίῃ.
1620 4866 1741 4920 Ὀτι
1778 4867 1838 4922 δὲ

221 4960 309 5004 καὶ
335 4955 487 5025 ἡμῶν
515 4956 806 5026 μέμνησαι,
832 4947 1087 5024 οὐδεμιᾶς
1129 4951 1305 5027 ἐτέρας
1338 4951 1647 5017 ἀποδείξεως
1675 4963 1837 5032 προσ-

227 5038 470 5114 δεόμεθα,
497 5045 594 5099 τὴν
621 5039 676 5092 ἐκ
706 5048 805 5092 τῶν
831 5043 1154 5116 πραγμάτων
1186 5043 1395 5114 ἔχοντες
1418 5050 1726 5119 μαρτυρίαν.

1951 5240 2407 5300 ἐπαθανατίζεται.

295 5240 405 5306 (48)
455 5238 842 5310 nigrai-30mm.
895 5235 1076 5310 Hane
1108 5252 1342 5301 vocem,
1395 5254 1534 5310 quas
1578 5237 1746 5294 deest
1775 5240 1836 5296 in

2023 5317 2137 5373 (51)
2181 5311 2331 5365 Αὐτὸ.
2367 5310 2460 5367 Sic
2507 5309 2850 5365 invenimus
2884 5309 2942 5364 in
2977 5309 3162 5364 tribus
3194 5303 3608 5361 vetustissimis

226 5310 416 5374 editis.
467 5308 598 5380 erui
655 5323 730 5362 ex
789 5323 934 5362 mss.
976 5307 1266 5380 quinque.
1300 5307 1555 5374 Quidam
1595 5311 1835 5366 cortices

227 5380 444 5437 habent
473 5379 713 5436 ibidem
747 5379 1072 5448 κενοφωνίὰν,
1109 5379 1268 5436 vana
1293 5387 1644 5437 commenta.

297 5458 400 5522 (49)
428 5451 691 5520 ’Υπαρξιν
715 5453 860 5524 ἔχον.
888 5449 1146 5524 Quidam
1168 5451 1407 5508 codices
1431 5453 1696 5524 ὕπαρχον.

303 5524 403 5596 (50)
433 5522 946 5583 ’Δπαθανατίζεταμ
1013 5522 1106 5579 Sic
1157 5538 1303 5580 mss.
1361 5522 1623 5581 codices.
1690 5523 1841 5580 Editi

1953 5383 2263 5466 codicibus
2285 5387 2344 5438 et
2368 5381 2500 5436 aliis
2529 5381 2860 5437 nonnullis.
2895 5380 3043 5435 Edili
3067 5380 3271 5446 αὐτούς,
3301 5377 3524 5432 Filium
3552 5383 3606 5433 et

1952 5457 2272 5525 Spiritum.

2030 5531 2048 5548 '
2079 5525 2237 5583 Alias
2267 5526 2474 5596 CDVII,
2509 5523 2732 5596 scripta
2757 5536 2920 5580 anno
2950 5524 3078 5577 372.
