4054 6200
221 268 328 322 517

1190 263 1680 324 EPISTOLARUM
1720 262 2004 324 CLASSIS
2042 266 2109 322 ll.
2152 263 2366 323 EPIST.
2401 268 2530 325 CIX.
3471 281 3574 339 518

221 394 311 444 καὶ
351 409 650 464 πρεποντων
691 396 754 464 τῇ
815 399 880 464 σῇ
941 390 1204 466 ἐλευθερίᾳ
1257 394 1597 464 ὑποσχέσεων
1642 389 1815 444 ἐπίλα-

1933 389 2406 462 promissionum
2451 407 2522 450 ac
2565 391 2902 452 liberalitati
2937 399 3054 454 tuas
3097 400 3583 462 convenientium

225 481 458 552 θόμενος,
491 486 578 532 νῦν
629 476 990 555 σφοδροτάτην
1043 486 1134 534 καὶ
1211 479 1564 554 ἀπαραίτητον
1621 479 1826 550 ἐπάγεις

223 574 318 628 τὴν
363 568 650 627 ἀπαίτησιν
691 577 750 642 τῇ
799 565 992 644 ἀδελφῇ
1027 567 1176 644 τῇδε·
1209 575 1299 624 καὶ
1339 574 1390 624 τί
1421 569 1614 623 εἰκάσω
1645 567 1700 622 ἐκ
1727 577 1825 622 τῶν

221 657 530 730 λεγομένων,
587 659 680 711 ούκ
721 658 852 732 ἑχω.
913 664 1000 714 Σοί
1039 680 1092 712 τε
1138 662 1240 734 γὰρ
1297 659 1488 720 πολλὴν
1537 662 1682 732 παρὰ
1727 665 1825 710 τῶν

223 751 610 822 πεπειραμένων
657 767 750 800 σου
790 752 1219 824 μαρτυρουμένην
1251 747 1536 821 ἐλευθερίαν
1581 743 1826 812 σύνοιδα,

225 842 315 890 καὶ
373 845 470 890 τῶν
515 839 854 908 ὑποσχέσεων
900 858 994 892 σου
1039 842 1305 911 μέμνημαι
1344 839 1410 890 ὧν
1458 835 1710 898 ἐποίησας
1749 831 1826 888 ἐπ’

216 924 346 999 ἐμοῦ
400 932 484 978 καὶ
531 923 690 978 τοῦδε
729 927 870 1000 (57)·
929 927 1087 1000 λέγων
1167 927 1408 982 ἐλάττονα
1469 929 1557 1000 μεν
1610 927 1825 1000 γράφειν

211 1019 427 1088 χρόνον,
449 1014 656 1068 πλείονα
687 1013 746 1070 δὲ
797 1023 1194 1092 συγχωρήσειν,
1233 1014 1324 1072 διὰ
1375 1021 1432 1070 τό
1461 1018 1581 1088 (58)
1631 1014 1821 1088 βούλε-

217 1107 340 1159 σθαι
399 1109 876 1179 συμπεριφέρεσθαι
933 1115 995 1179 τῇ
1055 1106 1254 1180 ἀνάγκη
1335 1115 1426 1160 τοῦ
1494 1109 1822 1182 πράγματος,

209 1199 298 1248 καὶ
361 1201 679 1268 συγγνώμην
738 1201 990 1270 παρέχειν
1135 1196 1374 1272 ἐλευθέρᾳ
1426 1196 1818 1268 ἁναγκαζομένη

209 1291 464 1338 τοσοῦτον
515 1283 715 1360 ἀθρόως
752 1285 807 1338 ἐκ
833 1295 928 1348 τῆς
969 1285 1137 1350 οἰκίας
1185 1288 1464 1360 προίεσθαι
1493 1293 1702 1360 χρῆμα.
1735 1289 1822 1345 Τίς

209 1374 296 1426 οὖν
347 1376 378 1432 ἡ
415 1373 562 1426 αἰτία
615 1371 688 1428 δι’
731 1376 794 1436 ἣν
835 1377 862 1433 ἡ
903 1378 1134 1433 τοσαύτη
1168 1375 1426 1448 μεταϐολὴ
1459 1379 1684 1447 γέγονεν,
1718 1373 1818 1446 ἐγὼ

209 1471 340 1516 νοεῖν
373 1463 470 1516 οὐκ
526 1466 652 1534 ἔχω.
713 1463 852 1522 Πλὴν
911 1466 1032 1540 ὅπερ
1085 1464 1145 1516 ἂν
1199 1461 1254 1537 ᾗ,
1296 1464 1578 1541 παρακάλῶ
1613 1483 1687 1524 σε,
1723 1482 1818 1536 με-

211 1555 470 1624 μνημένον
531 1561 628 1614 τῆς
680 1561 902 1605 σεαυτοῦ
953 1553 1386 1627 ἐλευθεριότητος,
1439 1559 1528 1606 καὶ
1574 1556 1706 1628 πρός
1731 1556 1816 1606 τόν

215 1645 410 1714 Κύριον
451 1638 712 1694 ἀπιδόντα
741 1645 827 1696 τὸν
869 1641 1201 1716 ἀμειϐόμενον
1231 1646 1324 1704 τας
1353 1646 1594 1716 χρηστὰς
1631 1663 1816 1718 προαι-

209 1737 408 1804 ρέσεις.
441 1728 626 1783 δοῦναι
676 1735 764 1782 τόν
817 1735 997 1805 καιρόν
1047 1734 1099 1784 ὄν
1131 1731 1182 1794 ἐξ
1236 1731 1411 1806 ἀρχῆς
1445 1735 1684 1804 ὑπέσχου
1724 1741 1817 1794 τῆς

212 1819 460 1884 ἀνέσεως,
512 1822 594 1874 ἵνα
644 1817 936 1887 δυνηθῶσι,
991 1821 1431 1895 συμπωλήσαντες
1481 1825 1547 1874 τὰ
1603 1823 1816 1886 ἑαυτῶν,

215 1906 474 1960 διαλῦσαι
499 1912 558 1960 τό
585 1913 764 1982 χρέος.
801 1909 969 1969 Δῆλον
1001 1906 1080 1976 δὲ,
1113 1911 1194 1962 ὅτι
1235 1909 1481 1962 κάκείνων
1530 1915 1816 1984 μέμνημαι,

210 1999 294 2050 ὅτι
332 2000 598 2068 ὑπέσχου,
631 1998 672 2050 εἰ
717 1997 893 2060 λάϐοις
923 2003 979 2052 τὸ
1025 1999 1339 2072 ὁμολογηθὲν
1376 2005 1622 2072 χρυσίον,
1654 2003 1821 2052 πάντα

209 2089 278 2142 τὰ
331 2087 720 2160 ὁμολογηθέντα
769 2093 990 2160 χαρτία,
1039 2093 1130 2140 καὶ
1157 2091 1220 2141 τα
1269 2089 1354 2142 ἐπὶ
1411 2097 1510 2142 τῶν
1552 2087 1819 2164 ἀρχόντων

211 2178 544 2250 πραχθέντα,
583 2182 672 2228 καὶ
723 2179 790 2230 τὰ
849 2173 1130 2240 ἰδιωτικῶς
1184 2182 1429 2250 γενόμενα
1471 2179 1605 2249 (59),
1645 2198 1820 2252 παρα-

213 2263 414 2320 δώσειν
465 2275 527 2338 τῇ
587 2270 958 2342 προειρημένη.
1027 2267 1320 2342 Παρακαλῶ
1372 2265 1480 2336 οὖν,
1539 2273 1626 2320 καὶ
1683 2270 1822 2340 ἡμᾶς

211 2361 465 2426 τὲιιιησον,
511 2360 602 2408 καὶ
647 2363 843 2414 κτῆσαι
881 2358 1024 2431 παρὰ
1071 2365 1140 2428 τῷ
1170 2362 1346 2428 Κυρίῳ
1373 2356 1603 2430 μεγάλην
1656 2357 1820 2428 ἐαυτῷ

213 2445 476 2516 εύλογίαν,
559 2441 906 2518 ἀναμνησθεὶς
986 2453 1086 2498 τῶν
1155 2453 1374 2498 σεαυτοῦ
1451 2447 1814 2517 ὑποσχέσεων,

210 2539 512 2608 γινώσκων,
546 2537 626 2586 ὅτι
665 2535 936 2606 οἶνθρωπος
985 2531 1047 2602 εἷ,
1081 2540 1170 2587 καὶ
1215 2535 1374 2597 αὐτὸς
1402 2536 1512 2606 (60)
1559 2533 1819 2608 ἀναμένειν

215 2623 437 2696 ὀφεῦεις
473 2626 588 2686 τοὺς
635 2627 850 2696 καιροὺς
898 2622 946 2676 ἐν
1005 2625 1082 2685 οἷς
1131 2620 1370 2696 ὃεηθὴσῃ
1417 2633 1511 2687 τῆς
1541 2627 1683 2698 παρὰ
1727 2633 1818 2678 τοῦ

215 2721 350 2768 Θεοῦ
403 2711 740 2783 ἀντιλήψεως-
776 2713 836 2772 ira
885 2719 956 2788 μὴ
1018 2712 1332 2786 ἁποκλεὶσης
1365 2723 1566 2786 σεαυτῷ
1605 2711 1639 2767 ὃ
1646 2735 1698 2768 ια
1727 2724 1818 2778 τῆς

215 2805 494 2877 παρούσης
530 2802 906 2876 σκληρότητος·
943 2801 1046 2856 ἀλλ’
1103 2803 1402 2876 εύτρέπισον
1448 2807 1570 2866 τοὺς
1619 2805 1818 2878 οἰκτιρ-

211 2897 340 2966 luo-lt;
397 2899 490 2944 τοῦ
543 2898 676 2946 Θεοῦ
731 2890 813 2944 ἐπὶ
869 2895 1077 2959 σαυτὸν,
1109 2899 1282 2946 πᾶσαν
1337 2897 1688 2967 χρηστότητα
1731 2898 1819 2948 καὶ

213 2981 497 3036 ἐπιείκειαν
526 2987 636 3046 τοῖς
664 2985 1134 3054 καταπονουμένοις
1166 2978 1576 3054 ἐπιδειξάμενος.

781 3072 1121 3126 ΕΠΙΣΤΟΛΗ
1149 3069 1266 3128 ΡΘ’.

1935 478 2212 546 oblitum,
2245 496 2405 538 nunc
2434 482 2573 538 huic
2603 483 2793 540 sorori
2833 485 3330 546 violentissimam
3361 507 3432 550 ac
3477 493 3588 550 im-

1935 568 2294 642 placabilem
2315 571 2690 628 exactionem
2717 572 2931 630 int‘erre
2958 592 2970 630 :
3003 579 3058 632 et
3087 577 3234 649 quid
3265 581 3586 652 conjiciam

1935 674 2008 714 ex
2023 658 2118 714 his
2145 675 2281 732 quae
2303 660 2844 728 dicuntur,nescio.
2873 666 3024 720 Nam
3051 670 3107 724 et
3127 667 3231 724 tibi
3261 669 3586 741 plurimam

1935 765 2169 820 eorum,
2200 751 2301 824 qui
2335 752 2418 807 tui
2458 751 2792 824 periculum
2823 755 3035 824 fecere,
3067 757 3412 818 testimonio
3443 762 3587 820 libe-

1933 838 2234 896 ralitatem
2282 839 2406 896 scio
2433 840 2696 908 attribui,
2733 845 2790 898 et
2833 843 3270 914 promissorum
3315 852 3584 922 memini,

1937 927 2160 1000 quibus
2191 933 2244 984 te
2273 945 2478 986 coram
2511 946 2605 986 me
2632 935 2689 986 et
2715 930 2814 988 illo
2837 931 3239 990 obstrinxisti:
3276 953 3412 994 cum
3433 941 3588 998 dice-

1935 1033 2028 1072 res
2060 1023 2296 1090 tempus
2327 1019 2574 1091 quidem
2599 1019 2844 1076 brevius
2873 1021 3072 1092 scribi,
3105 1023 3210 1080 sed
3240 1028 3297 1080 te
3325 1028 3586 1100 amplius

1935 1122 2389 1175 concessurum,
2423 1123 2494 1164 eo
2521 1109 2684 1181 quod
2715 1117 2770 1166 te
2816 1110 2999 1168 velles
3031 1112 3111 1168 ad
3153 1114 3238 1170 rei
3271 1118 3588 1175 necessita-

1934 1199 2054 1252 tem
2085 1197 2573 1266 accommodare,
2605 1203 2662 1254 et
2691 1199 2828 1256 huic
2857 1200 3052 1256 viduae
3081 1201 3419 1276 ignoscere,
3451 1224 3586 1280 quae

1933 1290 2162 1342 tantam
2193 1287 2660 1360 simulpecunim
2683 1305 2986 1346 summam
3010 1308 3040 1346 e
3072 1292 3258 1350 domo
3290 1312 3402 1351 sua
3422 1297 3589 1354 emit-

1931 1379 2050 1430 tere
2083 1376 2331 1445 cogitur.
2371 1378 2660 1442 Quaenam
2692 1383 2891 1434 autem
2937 1396 3144 1448 causa,
3187 1398 3292 1438 cur
3336 1387 3584 1443 mutatio

1931 1469 2096 1520 tanta
2116 1465 2446 1534 contigerit,
2476 1481 2588 1535 ego
2618 1467 2945 1537 intelligere
2975 1485 3096 1526 non
3127 1487 3307 1543 queo.
3329 1477 3402 1530 At
3426 1491 3588 1547 quaa-

1931 1569 2168 1626 cunque
2213 1553 2410 1620 fuerit,
2453 1570 2600 1626 rogo
2661 1559 2735 1623 te,
2761 1560 2824 1611 ut
2877 1561 2992 1612 tuae
3041 1558 3412 1617 liberalitatis
3456 1580 3583 1620 me-

1929 1658 2082 1710 mor,
2125 1647 2180 1699 et
2206 1643 2284 1698 ad
2315 1644 2636 1700 Dominum
2658 1644 2836 1700 bona:
2871 1646 3196 1704 voluntatis
3235 1666 3585 1709 remunera-

1861 1750 1899 1803 Β
1929 1735 2118 1786 torem
2148 1732 2498 1804 respiciens,
2529 1736 2763 1806 tempus
2795 1737 2967 1806 202
3004 1736 3386 1794 induciarum
3413 1741 3582 1798 initio

1929 1821 2296 1892 promissum
2347 1822 2646 1878 concedas
2679 1841 2690 1878 :
2726 1827 2790 1878 ut
2819 1825 3054 1895 possint
3098 1827 3356 1884 venditis
3399 1830 3580 1887 rebus

1933 1910 2056 1965 suis
2080 1909 2350 1966 debitum
2371 1911 2718 1966 dissolvere.
2737 1912 2884 1968 Illud
2907 1915 3086 1970 etiam
3114 1916 3304 1988 probe
3335 1920 3584 1978 memini

1929 1999 2263 2073 pollicitum
2310 2005 2366 2056 te
2405 2017 2553 2070 esse,
2587 2001 2636 2058 si
2665 2018 2901 2075 aurum,
2931 2003 3006 2060 de
3039 2022 3160 2077 quo
3193 2015 3580 2082 convenerat,

1931 2090 2252 2162 acciperes,
2286 2091 2524 2148 chartas
2553 2107 2786 2160 omnes,
2811 2097 2941 2150 tum
2970 2110 3072 2150 eas
3101 2111 3238 2166 quas
3262 2113 3467 2154 coram
3491 2101 3582 2172 ju-

1931 2179 2186 2246 dicibus,
2221 2185 2352 2236 tum
2379 2197 2515 2252 quae
2545 2181 2824 2252 privatim
2853 2183 3160 2253 confectae,
3183 2185 3418 2242 mulieri
3437 2205 3583 2260 prae-

1929 2267 2102 2324 dictae
2143 2269 2520 2324 traditurum.
2558 2269 2818 2326 Obsecro
2865 2270 3090 2343 itaque,
3118 2277 3175 2330 et
3215 2274 3361 2332 mihi
3391 2277 3582 2334 hono-

1930 2373 2057 2412 rem
2090 2356 2278 2428 defer,
2309 2362 2366 2414 et
2398 2373 2684 2428 magnam
2717 2359 2824 2416 tibi
2855 2360 3020 2432 apud
3055 2363 3372 2420 Dominum
3401 2365 3584 2424 bene-

1930 2447 2252 2503 dictionem
2297 2463 2608 2519 compara,
2640 2448 2702 2504 in
2745 2449 3102 2507 memoriam
3149 2453 3450 2524 promissa
3497 2473 3586 2514 re-

1927 2551 2174 2607 vocans,
2203 2539 2381 2609 teque
2411 2537 2720 2594 hominem
2752 2553 2882 2594 esse
2914 2555 3305 2614 cognoscens,
3337 2559 3408 2602 ac
3435 2548 3584 2602 tem-

1929 2641 2080 2698 pora
2116 2625 2218 2682 illa
2262 2629 2610 2698 exspectare
2658 2625 2900 2694 debere,
2949 2628 3173 2700 quibus
3219 2647 3334 2703 ope
3379 2633 3585 2692 divina

1927 2714 2247 2786 indigebis.
2283 2717 2477 2782 Quam
2503 2715 2751 2788 quidem
2783 2716 2887 2772 tibi
2923 2717 3052 2789 ipse
3081 2733 3190 2790 per
3217 2729 3581 2792 praesentem

1928 2803 2212 2860 duritiam
2251 2819 2326 2860 ne
2357 2803 2758 2860 intercluseris
2789 2822 2802 2860 :
2851 2806 2960 2862 sed
3005 2807 3448 2868 misericordias
3479 2813 3582 2870 Dei

1927 2893 1988 2950 in
2019 2893 2282 2965 teipsum
2311 2897 2612 2962 converte,
2645 2893 3076 2964 benignitatem
3107 2913 3349 2956 omnem
3383 2903 3440 2956 et
3468 2901 3582 2958 cle-

1927 2981 2216 3042 mentiam
2249 2981 2482 3042 afﬂictis
2512 2982 2962 3040 demonstrans.

2489 3073 2727 3130 EPlSTO
2737 3073 2820 3128 LA
2863 3073 3017 3130 ClX'.

205 3199 407 3266 Rogat
435 3195 707 3252 Basilius
732 3195 1084 3270 Heluidium
1117 3197 1404 3270 comitem,
1435 3200 1502 3251 ut
1523 3211 1647 3270 sua
1661 3195 1828 3265 apud
1851 3197 2199 3266 praefectum
2231 3197 2432 3266 gratia
2459 3197 2700 3252 viduam
2735 3202 2996 3265 tueatur,
3029 3214 3160 3269 quae
3185 3205 3417 3270 praeter
3447 3217 3570 3259 sor-

595 3273 711 3323 tem
749 3269 926 3324 etiam
957 3282 1176 3324 usuras
1201 3267 1452 3324 reddere
1481 3267 1806 3338 cogebatur
1833 3275 2048 3327 contra
2075 3271 2424 3338 pastionum
2455 3273 2508 3324 et
2538 3270 2963 3338 promissorum
2993 3267 3195 3339 ﬁdem;

747 3387 997 3464 Ἑλλαδίῳ
1053 3394 1278 3464 Κὸμητι.

287 3501 432 3550 Πάνυ
479 3501 888 3572 παραιτούμενος
929 3495 1000 3550 δι’
1054 3498 1216 3572 ὄχλου
1272 3495 1400 3552 εἶναι
1581 3503 1817 3572 χρηστό-

211 3591 344 3643 τητί
395 3606 508 3654 σου,
541 3583 630 3638 διὰ
678 3591 736 3639 τό
764 3589 978 3662 μέγεθος
1009 3595 1104 3649 τῆς
1151 3591 1268 3660 περὶ
1321 3586 1452 3660 ὑμᾶς
1503 3586 1700 3662 ἀρχῆς,
1736 3589 1818 3640 ἵνα

209 3680 290 3750 μὴ
354 3671 490 3738 δόξω
559 3675 788 3748 ἆμέντως
853 3675 1189 3750 ἐμφορεῖσθαι
1255 3685 1352 3738 τῆς
1409 3675 1580 3750 φιλίας
1650 3678 1812 3748 ὑμῶν·

209 3769 356 3838 ὅμως
407 3767 504 3816 ύπό
533 3774 634 3816 τῶν
687 3767 926 3836 ἀναγκῶν
977 3765 1274 3836 ἡσυχάζειν
1319 3764 1412 3817 ούκ
1453 3763 1812 3840 ἐπι-τρέπομαι.

203 3859 318 3912 Τὴν
348 3861 476 3924 γοῦν
521 3849 746 3925 ἀδελφὴν
787 3849 963 3916 τήνὸε,
1017 3857 1106 3904 καὶ
1147 3858 1277 3927 πρὸς
1324 3857 1464 3925 γένος
1503 3855 1626 3925 ημῖν
1657 3850 1815 3906 οὖσαν

203 3948 300 3994 καὶ
334 3941 432 3994 διὰ
469 3947 694 4017 χηρείαν
726 3946 1205 4014 καταπονουμένην,
1241 3947 1330 3994 καὶ
1368 3938 1564 4002 παιδὸς
1593 3951 1816 4014 ορφανοῡ

201 4035 528 4104 πράγματος
613 4031 1016 4103 φροντίζουσαν,
1073 4029 1178 4083 ἐπεὶ
1247 4027 1384 4082 εἰὸον
1459 4031 1634 4083 λοιπόν
1689 4032 1814 4106 ὑπὲρ

203 4120 438 4194 δύναμιν
497 4119 771 4195 ἀφορήτοις
825 4119 1076 4192 ἀνάγκαις
1155 4125 1528 4194 συνεχομένην,
1580 4121 1818 4180 κατελεή-

205 4231 326 4280 σας,
381 4215 472 4262 καὶ
523 4212 700 4262 παθὼν
753 4215 844 4267 την
903 4209 1110 4280 ψυχὴν,
1167 4213 1400 4262 ἔσπευσα
1454 4211 1816 4285 παρακαλέσαι

204 4320 286 4366 σε,
345 4303 450 4366 ἱνα,
497 4302 656 4362 εἴτις
708 4296 949 4371 δύναμις,
997 4307 1070 4368 τῷ
1113 4297 1456 4351 ἀποσταλέντι
1503 4299 1624 4374 παρ’
1651 4300 1814 4361 αὐτῆς

203 4387 466 4462 ἰοθρὼπῳ
507 4387 844 4459 καταξιώσης
876 4387 1200 4462 συμπρᾶξαι,
1232 4391 1363 4462 πρὸς
1407 4391 1464 4439 τὸ
1509 4389 1628 4462 ὅπερ
1679 4392 1810 4446 αὕτη

201 4487 466 4552 περιοῦσα
499 4479 606 4548 (61)
648 4477 911 4548 ὑπέσχετο
953 4477 1037 4547 ὑφ’
1088 4477 1249 4548 ἡμῶν,
1302 4473 1409 4534 ἤδη
1454 4483 1603 4528 τοῦτο
1652 4477 1812 4536 αὐτὴν

205 4565 520 4619 ἁποὸούσαν
569 4575 662 4628 τῆς
711 4566 782 4627 εἰς
826 4569 882 4617 τό
931 4564 1080 4617 πλέον
1133 4564 1376 4638 ἐπηρείας
1430 4565 1809 4636 ἀπαλλαγῆναι.

201 4657 497 4727 ’Υπέσχετο
554 4659 655 4729 γὰρ
715 4659 772 4706 τό
836 4654 1107 4726 κεφάλαιον
1177 4651 1350 4706 δοῦσα
1417 4657 1812 4729 συγχωρεῖσθαι

2475 3392 2759 3448 Helladio
2791 3393 3030 3449 Comiti.

1998 3497 2287 3564 Quamvis
2309 3497 2666 3570 benignitati
2681 3501 2795 3554 tuae
2813 3498 3160 3574 obstrepere
3181 3501 3477 3574 refugiam
3500 3505 3580 3562 ob

1925 3587 2408 3656 magnitudinem
2459 3587 2768 3658 potestatis
2815 3593 2952 3653 tuae,
3009 3605 3084 3644 ne
3146 3591 3414 3650 amicitia
3479 3598 3582 3650 tua.

1926 3677 2080 3732 ultra
2100 3675 2352 3730 modum
2384 3675 2618 3748 impleri
2647 3675 2890 3742 videar,
2909 3681 3108 3734 tamen
3127 3696 3225 3736 me
3254 3696 3348 3736 res
3377 3697 3580 3737 neces-

1928 3764 2099 3820 saria)
2130 3765 2436 3838 quiescere
2467 3780 2590 3820 non
2623 3764 2841 3821 sinunt.
2887 3768 3048 3821 Hanc
3085 3767 3262 3836 igitur
3291 3783 3578 3834 sororem,

1926 3871 2062 3925 quae
2090 3859 2146 3908 et
2178 3853 2472 3922 sanguine
2497 3853 2644 3908 mihi
2677 3853 3002 3924 conjuncta
3035 3860 3142 3926 est,
3175 3860 3230 3911 et
3278 3856 3356 3912 ob
3399 3858 3584 3914 vidui-

1925 3948 2108 3998 tatem
2142 3941 2480 4008 aillictatur,
2513 3946 2570 3998 et
2598 3959 2693 3998 res
2721 3942 2824 3998 ﬁlii
2849 3944 3108 4016 orphani
3139 3951 3443 4016 procurat,
3475 3947 3582 4004 ubi

1923 4031 2048 4086 vidi
2075 4032 2204 4102 jam
2235 4031 2390 4087 ultra
2420 4031 2571 4086 vires
2609 4033 2899 4087 aerumnis
2933 4033 3412 4090 intolerabilibus
3445 4051 3583 4091 con-

1926 4119 2156 4190 stringi,
2215 4123 2490 4176 misertus
2540 4120 2717 4192 illius,
2747 4125 2928 4194 atque
2972 4122 3176 4180 animo
3225 4123 3457 4196 dolens,
3489 4141 3581 4182 ro-

1927 4225 2067 4279 gare
2091 4214 2145 4264 te
2177 4210 2470 4279 festinavi,
2495 4214 2557 4265 ut
2583 4211 2632 4264 si
2653 4226 2775 4282 qua
2798 4215 3078 4282 suppetat
3096 4211 3580 4283 facultas,misso

1925 4298 2002 4354 ab
2037 4313 2108 4353 ea
2137 4298 2266 4353 viro
2298 4314 2546 4370 operam
2589 4313 2812 4354 navare
2843 4299 3142 4368 digneris;
3168 4305 3232 4356 ut
3251 4301 3417 4374 quod
3445 4303 3581 4374 ipsa

1924 4402 2187 4458 praesens
2239 4402 2442 4442 coram
2487 4402 2584 4441 me
2637 4386 3012 4458 promiserat,
3045 4403 3115 4443 eo
3159 4389 3288 4458 jam
3344 4390 3579 4446 reddito

1923 4475 2091 4530 nulla
2157 4475 2416 4547 amplius
2455 4475 2508 4530 ei
2565 4475 2670 4531 ﬁat
2730 4475 2971 4546 injuria.
3034 4477 3125 4532 Sic
3184 4477 3344 4533 enim
3403 4485 3581 4552 pacta

1925 4566 2135 4634 fuerat,
2169 4569 2234 4620 ut
2265 4565 2314 4620 si
2341 4569 2560 4619 sortem
2584 4563 2859 4625 solveret,
2893 4565 3331 4623 remitterentur
3355 4584 3576 4627 usuras.

1923 4657 2089 4710 Nunc
2127 4653 2305 4723 igitur
2333 4653 2438 4724 qui
2486 4669 2582 4708 res
2643 4653 2799 4708 illius
2861 4653 3171 4710 haeredum
3227 4663 3577 4732 procurant,

203 4751 326 4807 τούς
375 4750 588 4805 τόκους,
631 4751 736 4796 Νῦν
787 4749 954 4795 τοίνυν
1018 4745 1065 4795 οἱ
1119 4747 1475 4818 φροντίζοντες
1507 4743 1666 4804 αύτῆς
1711 4752 1812 4794 τῶν

1933 4747 2136 4814 praeter
2167 4745 2387 4800 sortem
2419 4757 2638 4798 usuras
2667 4741 2846 4797 etiam
2871 4747 3164 4799 conantur
3184 4745 3443 4825 exigere.
3469 4747 3579 4820 lgi-

199 4835 542 4910 κληρονόριων
605 4835 736 4906 μετά
799 4836 856 4884 τὸ
903 4832 1179 4905 κεφάλαιον
1209 4837 1296 4884 καὶ
1352 4837 1445 4891 την
1503 4841 1602 4884 τῶν
1645 4836 1808 4885 τόκων

269 5015 382 5084 (57)
409 5015 516 5066 Καὶ
535 5007 710 5084 τούδε.
731 5013 858 5068 Non
883 5010 1030 5084 belle
1048 5010 1444 5084 Gombeﬁsius
1469 5009 1798 5080 legendum

195 5079 374 5156 putat
397 5091 496 5136 τοῦ
515 5079 582 5156 id":
607 5081 780 5156 λόγον.
822 5081 1047 5156 Iudicat
1089 5082 1344 5156 Basilius
1367 5079 1556 5156 illum
1573 5097 1800 5154 exprm-

196 5153 465 5220 sidibus,
495 5155 570 5210 de
597 5153 720 5226 quo
751 5153 812 5207 in
836 5153 1140 5226 superiore
1173 5154 1439 5226 epistola.

266 5228 385 5298 (58)
429 5229 528 5279 Διὰ
547 5225 633 5280 τάξ
662 5225 755 5298 Sic
782 5225 1337 5298 emendavimusex
1367 5225 1571 5280 codice
1587 5225 1796 5298 ,Claro-

195 5295 728 5386 miontano,‘quod
760 5311 942 5386 prave
979 5296 1052 5386 riu
1103 5295 1463 5386 Coisliniano
1507 5295 1704 5386 primo
1742 5299 1798 5350 et

193 5369 372 5424 editis
397 5365 718 5439 legebatur
749 5365 830 5439 δεῖ
851 5374 942 5418 τῶ.
977 5365 1172 5439 Plures
1201 5367 1262 5422 in
1294 5367 1449 5439 hanc
1482 5365 1796 5439 epistolam

193 5441 438 5514 codices
468 5437 599 5514 non
621 5437 964 5514 habuimus.
993 5438 1176 5514 Paulo
1197 5444 1332 5512 post
1353 5437 1495 5496 editi
1520 5437 1805 5514 ἐλευθερίᾳ.

199 5513 462 5586 Uterque
486 5509 682 5568 codex
709 5513 776 5568 ut
801 5508 864 5566 in
889 5511 1074 5567 textu.

1921 4835 2018 4888 tur
2039 4835 2100 4887 ut
2118 4835 2506 4904 perspectum
2527 4835 2582 4887 et
2596 4829 2976 4904 exploratum
2994 4831 3229 4890 habens
3255 4837 3577 4894 Dominum

1984 5011 2092 5082 (59)
2135 5014 2398 5081 Γενόμενα.
2462 5010 2556 5066 Sic
2629 5013 2884 5084 uterque
2955 5011 3168 5068 codex.
3227 5013 3379 5071 Editi
3437 5019 3576 5085 γινό-

1910 5101 2057 5154 μενα.

1987 5153 2096 5234 (eo)
2141 5156 2240 5234 ῐςαὶ
2271 5152 2449 5212 αὑτός.
2483 5151 2701 5234 Iterum
2730 5150 2877 5234 editi
2911 5151 2961 5206 ei
2995 5153 3170 5234 Qoisl.
3203 5153 3573 5234 primus

1907 5223 2057 5278 dunt
2086 5227 2350 5294 xai,rquae
2380 5223 2723 5294 conjunctio
2744 5222 2958 5278 melius
2989 5222 3358 5282 deesse-visa
3385 5230 3475 5282 est
3505 5225 3568 5281 in

1911 5294 2117 5350 codice
2149 5293 2407 5350 Clarom.

1980 5367 2089 5434 (61)
2133 5371 2414 5440 Περιοῡσα.
2465 5365 2653 5436 Bigot.
2700 5363 2846 5420 alter
2888 5365 3154 5421 secunda
3202 5379 3390 5422 manu
3437 5387 3569 5444 παρ-

1921 5455 2093 5490 ιουσα.

1989 5509 2008 5530 ’⁵
2033 5505 2191 5567 Alias
2214 5509 2462 5578 CDXXII,
2493 5508 2715 5582 scripta
2745 5521 2906 5566 anno
2928 5510 3051 5564 372.
