4054 6200
459 255 561 314 519

1843 251 1897 309 S.
1943 249 2192 306 BASlLll
2231 249 2446 306 MAGNI

3711 251 3816 304 5'20

457 398 556 440 res
587 381 910 438 viduarum
941 381 1124 452 atque
1153 379 1564 451 orphanorum
1596 395 1736 434 suas
1767 377 1962 434 facere
1989 395 2003 432 :
2033 375 2116 430 ita

2234 373 2502 447 εἴσπραξιν
2557 371 2888 446 ἐπιχειροῦσι
2938 373 3290 430 ποιήσασθαι.
3369 379 3440 433 Ως
3504 369 3592 424 οὖν
3647 371 3815 444 εἰδὼς,

462 471 728 528 studium
751 473 922 525 tuum
945 473 1002 524 et
1025 483 1270 540 operam
1293 467 1576 539 impende
1603 468 1740 523 huic
1765 465 2030 536 negotio,
2053 465 2112 518 in

461 576 634 634 spem
677 560 895 614 futurae
929 557 1007 613 ab
1051 557 1182 630 ipso
1233 559 1351 612 Deo
1389 562 1596 612 nostro
1627 555 1940 612 mercedis.
1991 553 2116 608 Exi-

461 649 641 705 stimo
676 647 860 716 enim,
919 645 968 701 si
995 645 1254 719 praefecti
1303 645 1566 702 maxime
1605 643 1946 700 admirandi
2003 641 2116 697 cle-

463 736 689 794 mentia
743 737 970 790 sortem
1025 733 1284 790 solutam
1346 749 1478 789 esse
1533 733 1823 800 didicerit,
1877 731 2004 788 fore
2053 733 2117 784 ut

461 825 636 882 illum
663 824 947 880 misereat
975 822 1194 878 domus
1239 821 1394 878 illius
1425 827 1636 879 caetera
1667 835 2022 878 aerumnosas
2063 823 2119 873 et

463 913 712 970 infelicis
743 917 800 969 et
829 911 890 968 in
923 927 1122 982 genua
1149 911 1502 984 provolutae.
1535 915 1714 984 atque
1733 910 1810 966 ad
1841 909 2114 980 injurias,

463 1019 600 1075 qua:
631 1001 1002 1058 extrinsecus
1031 1001 1386 1069 inferuntur,
1417 1000 1688 1072 imparis.
1724 1003 1888 1069 Rogo
1915 999 2112 1068 igitur,

463 1097 522 1148 et
561 1089 899 1148 necessitati
943 1089 1248 1160 ignoscas,
1280 1105 1416 1160 quae
1447 1093 1512 1144 ut
1561 1088 1664 1144 tibi
1711 1087 1998 1144 molestus
2028 1103 2118 1140 es-

469 1197 598 1238 sem
629 1180 842 1250 coegit,
875 1183 931 1236 et
960 1179 1020 1234 in
1047 1179 1162 1234 hoc
1193 1179 1500 1246 negotium
1528 1177 1845 1234 incumbas
1873 1193 1985 1250 pro
2017 1193 2116 1249 po-

463 1274 694 1337 testate,
727 1283 916 1342 quam
978 1267 1246 1323 Christus
1297 1267 1420 1337 tibi,
1467 1266 1744 1336 benignis
1797 1282 1866 1322 ac
1912 1265 2117 1338 probis

466 1357 739 1415 moribus
781 1355 1056 1428 praedito,
1089 1361 1142 1411 et
1172 1355 1264 1411 his
1291 1371 1426 1426 qua:
1473 1355 1753 1428 accepisti
1783 1355 1858 1411 ad
1890 1355 2118 1428 optima

469 1461 728 1520 quaeque
761 1445 946 1501 utenti
974 1443 1224 1514 largitus
1243 1448 1350 1500 est.

1035 1641 1374 1698 EPISTOLA
1423 1643 1547 1696 CX‘.

2226 464 2304 514 ὅτι
2345 465 2535 536 Κύριός
2565 460 2706 514 ἐστιν
2761 463 2787 513 ὁ
2843 463 2909 513 τὰ
2935 469 3034 512 τῶν
3078 469 3262 536 χηρῶν
3291 465 3382 513 καὶ
3430 463 3662 535 ὀρφανῶν
3689 461 3818 515 ἰδιο-

2223 555 2549 624 ποιούμενος,
2611 552 2745 603 οὕτω
2797 547 3100 603 σπούδασον
3156 553 3472 626 χρήσασθαι
3530 551 3706 604 ἑαυτὸν
3755 561 3816 626 τῇ

2229 639 2436 715 σπονδῇ
2471 651 2531 714 τῇ
2566 645 2690 718 ὑπὲρ
2737 648 2827 694 τοῦ
2859 643 3188 716 πράγματος,
3223 639 3298 694 ἐπ’
3353 638 3527 694 ἐλπίδι
3552 651 3650 704 τῆς
3695 643 3824 716 παρ’

2227 731 2386 783 αὑτοῦ
2425 739 2516 783 τοῦ
2550 738 2682 785 Θεοῦ
2713 733 2858 804 ἡμῶν
2888 725 3338 802 μισθαποδοσίας.
3386 729 3548 802 Οἶμαι
3575 733 3698 805 γὰρ,
3733 737 3828 783 καὶ

2225 823 2320 876 την
2369 821 2668 892 ἡμερότητα
2731 827 2820 872 τοῦ
2895 820 3329 890 θαυμασιωτάτου
3411 818 3648 894 ἐπάρχου
3709 821 3828 890 (62)

2227 910 2518 981 μαθοῦσαν,
2571 911 2648 960 ὅτι
2713 911 2771 960 τὸ
2827 909 3099 980 κεφάλαιον
3157 907 3472 976 ἐκτέτισται,
3533 911 3828 982 συμπαθὰ-

2229 1017 2335 1050 σειν
2361 1006 2432 1068 τῷ
2475 997 2698 1068 ἐλλεεινῷ
2737 996 2916 1050 λοιπὸν
2947 1001 3036 1048 καὶ
3068 995 3228 1068 ἀθλίῳ
3257 1001 3380 1068 οἴκῳ
3423 997 3494 1059 εὶς
3541 1018 3666 1069 γονυ
3705 997 3828 1050 κλι-

2231 1089 2385 1155 θέντι,
2412 1093 2501 1140 καὶ
2559 1087 2731 1139 οὐκέτι
2787 1085 3033 1161 ἀρκοῦντι
3081 1093 3195 1147 ταῖς
3225 1087 3404 1149 ἔξωθεν
3451 1087 3587 1157 αὐτῷ
3627 1086 3828 1158 ἐπαγο-

2227 1181 2404 1249 μέναις
2473 1175 2752 1250 ἑπηρείαις.
2815 1175 3108 1249 Παρακαλὼ
3161 1171 3267 1242 οὖν,
3335 1181 3418 1227 xui
3495 1183 3556 1247 τῇ
3623 1175 3826 1249 ἀνάγκη

2231 1267 2518 1337 σύγγνωθι,
2547 1262 2618 1317 δι’
2649 1265 2709 1323 ἣν
2756 1263 2982 1336 ὥχλησοί
3023 1283 3126 1326 σοι,
3159 1269 3247 1316 καὶ
3277 1272 3348 1335 τῷ
3389 1265 3663 1338 πράγματι
3689 1267 3830 1338 σύμ-

2227 1355 2421 1430 πραξον
2473 1357 2607 1406 κατά
2661 1357 2754 1412 την
2805 1351 3049 1426 δύναμιν,
3083 1357 3144 1411 ἣν
3197 1349 3355 1406 ἔδωκέ
3396 1372 3480 1406 σοι
3535 1354 3560 1404 ὁ
3599 1357 3830 1426 Χριστὸς

2227 1451 2454 1519 χρηστῷ
2504 1449 2592 1496 καί
2641 1442 2820 1514 ἀγαθῷ
2869 1446 2954 1494 τὸν
3009 1447 3198 1516 τρόπον
3239 1447 3366 1511 ὄντι,
3398 1443 3602 1508 καὶ-εὶς
3633 1441 3826 1515 ἀγαθὸν

2229 1535 2301 1594 οἷς
2331 1532 2504 1594 ἔλαϐες
2534 1536 2859 1606 κεχρημένῳ.

2791 1644 3128 1691 ΕΠΙΣΤΟΛΠ
3164 1637 3237 1691 1Ἰ’
3250 1679 3263 1693 .

469 1787 736 1844 Basilius
764 1786 910 1842 data
940 1801 976 1842 a
1005 1787 1292 1855 prwfecto
1321 1784 1624 1840 scribendi
1667 1785 1910 1926 ιῖςθηιίρ
1941 1786 2158 1912 iztittur,
2191 1791 2254 1840 ut
2287 1786 2342 1840 ei
2374 1783 2752 1910 bcmqmendet
2792 1783 2979 1839 Tauri
3019 1783 3270 1850 incolas,
3299 1785 3512 1857 quibus
3538 1786 3830 1855 graviora

1721 1871 1841 1912 errr
1902 1871 1954 1910 ri
2000 1871 2036 1910 ιι
2069 1872 2104 1912 a
2135 1871 2370 1926 impone
2411 1871 2485 1911 an
2523 1871 2615 1910 ur.

1721 1871 1841 1912 (31⁸νῖ
1875 1871 2104 1912 τνιοιιια
2135 1871 2615 1926 zmponeoantur.

993 1982 1258 2037 Modesto
1293 1995 1364 2050 pr
1375 1981 1602 2050 zefecto.

543 2073 848 2137 Quantum
889 2070 1033 2126 mihi
1065 2069 1312 2124 honoris
1337 2085 1406 2124 ac
1437 2069 1726 2125 libertatis
1754 2069 2114 2138 concessisti,

472 2177 712 2216 morum
753 2159 988 2216 lenitate
1033 2174 1154 2213 non
1187 2158 1408 2213 veritus
1440 2163 1495 2214 te
1525 2157 1602 2214 ad
1633 2174 1746 2214 nos
1789 2157 2120 2226 demittere,

471 2261 640 2314 tanta
679 2257 784 2313 tibi
827 2261 1006 2328 atque
1051 2255 1230 2311 etiam
1267 2256 1520 2326 majora,
1562 2255 1836 2328 quandiu
1885 2255 2123 2321 vixeris,

471 2361 509 2402 ιι
541 2345 704 2401 bono
734 2349 941 2400 nostro
967 2343 1223 2399 Domino
1250 2343 1621 2399 incrementa
1643 2343 1821 2399 tribui
1849 2343 2125 2416 splendo-

472 2434 556 2490 ris
581 2449 922 2506 precamur.
977 2435 1058 2488 Me
1092 2437 1298 2488 autem
1328 2437 1383 2487 et
1425 2431 1792 2504 jampridem
1843 2433 2121 2500 scribere,

471 2527 531 2580 et
579 2523 826 2592 honore,
853 2521 958 2594 qui
1014 2538 1086 2576 ex
1134 2527 1186 2577 te
1233 2522 1574 2594 percipitur,
1611 2521 1830 2594 perfrui
1879 2521 2124 2594 cupien-

471 2616 592 2669 tem
624 2611 916 2667 retinebat
949 2611 1340 2683 amplissimae
1395 2611 1700 2680 dignitatis
1745 2629 1806 2666 re
1821 2612 2076 2666 verentia
2109 2629 2121 2666 :

469 2702 696 2775 quippe
725 2717 863 2756 cum
911 2717 1169 2770 vererer,
1201 2717 1277 2755 ne
1307 2699 1557 2773 quando
1587 2699 1858 2756 libertate
1909 2701 2124 2756 immo-

467 2791 736 2848 deratius
785 2789 868 2845 uti
913 2790 1165 2845 viderer.
1207 2793 1372 2844 Nunc
1401 2805 1544 2844 vero
1589 2789 1766 2845 simul
1798 2793 2126 2862 ctaccepta

467 2880 546 2937 ab
593 2877 1058 2951 incomparabili
1121 2883 1223 2934 tua
1276 2879 1766 2948 magnanimitate
1826 2879 2128 2936 scribendi

464 2967 724 3038 licentia,
760 2967 943 3023 simul
989 2972 1045 3023 et
1093 2969 1434 3024 necessaria
1481 2983 1576 3023 res
1605 2968 1922 3023 hominum
1971 2967 2124 3023 afﬂi-

469 3063 704 3114 ctorum
735 3055 1040 3113 conﬁdere
1087 3057 1300 3126 coegit.
1353 3057 1407 3112 Si
1439 3056 1584 3128 quid
1634 3056 1814 3128 igitur
1854 3057 2125 3112 tenuissi-

466 3159 708 3204 morum
755 3161 963 3220 preces
1017 3146 1183 3218 apud
1239 3145 1398 3202 viros
1439 3147 1892 3219 potentissimos
1923 3145 2126 3202 value-

2753 1975 3010 2048 Μοὸἐστῳ
3053 1979 3301 2050 ὑπάρχῳ.

2301 2069 2473 2130 ’Ὅσης
2527 2071 2650 2141 ἡμῖν
2705 2077 2863 2141 τιμῆς
2919 2072 3008 2118 καὶ
3065 2067 3360 2142 παρρησίας
3405 2065 3728 2140 μεταδίδως,
3759 2079 3824 2143 τῇ

2226 2159 2507 2230 ἡμερότητι
2569 2165 2662 2210 τοῦ
2725 2160 2920 2230 τρόπον
2973 2155 3280 2208 καταϐαίνεν
3353 2161 3479 2231 πρὸς
3543 2160 3682 2230 ἡμᾶς
3739 2158 3828 2210 ἁν-

2227 2252 2495 2319 εχόμενος,
2527 2249 2789 2304 τοσαύτην
2815 2266 2898 2298 σοι
2929 2249 3012 2297 xui
3061 2248 3137 2297 ἔτι
3165 2244 3322 2298 πλείω
3351 2245 3399 2297 ἐν
3437 2252 3592 2300 παντὶ
3617 2255 3689 2318 τῷ
3723 2247 3828 2320 βίῳ

2227 2338 2372 2408 παρὰ
2418 2345 2507 2388 τοῦ
2567 2336 2767 2407 ἀγαθοῦ
2807 2337 2953 2407 ἡμῶν
3001 2339 3261 2387 Δεσπὸτου
3291 2339 3385 2393 την
3445 2337 3664 2398 αὔξησιν
3691 2341 3832 2408 γενέ-

2231 2427 2354 2476 σθαι
2403 2433 2492 2484 τῆς
2533 2428 2866 2496 περιφανείας
2923 2422 3206 2496 εὐχόμεθα.
3257 2426 3374 2496 Ἐμὲ
3425 2421 3485 2476 δε
3531 2430 3622 2478 καὶ
3663 2425 3828 2478 πάλαι

2229 2513 2580 2585 ἐπιθυμοῦντα
2641 2515 2875 2587 γράφειν,
2931 2517 3022 2564 καὶ
3071 2510 3344 2564 ἀπολαύειν
3395 2521 3486 2574 τῆς
3535 2517 3678 2587 παρὰ
3731 2523 3826 2568 σοῦ

2227 2612 2406 2676 τιμῆς,
2463 2611 2706 2674 κατεῖχεν
2737 2605 2766 2661 ἠ
2815 2606 2939 2676 πρὸς
2979 2605 3037 2654 τὸ
3083 2603 3336 2676 ὑπερέχον
3367 2599 3551 2664 αἰδώς·
3583 2603 3828 2657 εὐλαϐού-

2229 2711 2375 2764 μενον
2442 2697 2642 2764 μηποτε
2711 2690 2944 2761 νομισθῶ
3020 2687 3250 2762 ἀμέτρως
3327 2690 3664 2764 ἐμφορεῖσθαι
3731 2701 3828 2753 τῆς

2669 2787 2776 2831 Νῦν
2833 2775 2891 2830 δέ

2233 2869 2472 2932 ἐξουσίαν
2505 2876 2596 2920 τοῦ
2642 2866 2951 2920 ἐπιστέλλειν
2981 2869 3125 2940 παρὰ
3170 2875 3263 2930 τῆς
3313 2866 3682 2941 ἁπαραϐλήτου
3733 2889 3826 2922 σου

2231 2780 2592 2854 παρρρησίας.
2669 2787 2776 2831 Νῦν
2833 2779 2891 2830 ὃέ
2944 2779 3074 2850 ὁμοῦ
3121 2781 3210 2850 μὲν
3267 2783 3359 2830 καὶ
3411 2783 3469 2830 τὸ
3513 2779 3685 2832 λαϐεῖν
3731 2787 3828 2839 τὴν

2231 2959 2602 3032 μεγᾳλοφυὶας,
2635 2959 2764 3030 ὁμοῦ
2798 2953 2857 3009 δὲ
2895 2961 2985 3009 καὶ
3031 2960 3192 3029 χρεία
3221 2965 3318 3008 τῶν
3367 2965 3826 3031 καταπονουμένων

2231 3047 2532 3111 ἐξεϐιάσατό
2563 3066 2625 3119 με
2675 3050 2800 3120 προς
2843 3049 2901 3096 τὸ
2936 3047 3165 3120 θαρσεῖν.
3198 3049 3258 3098 Εἰ
3300 3065 3381 3108 τις
3433 3047 3520 3098 οὖν
3569 3050 3656 3099 καὶ
3683 3050 3832 3123 παρὰ

2229 3147 2326 3190 τῶν
2379 3144 2578 3212 μικρῶν
2627 3135 2708 3188 ἐπὶ
2759 3142 2864 3195 τοῖς
2902 3139 3170 3207 μεγίστοις
3211 3133 3325 3205 (63)
3353 3137 3616 3211 ἱκετηρίας
3647 3137 3826 3207 ἰσχῦς,

463 3236 582 3292 rint
609 3253 622 3291 :
657 3238 678 3271 ³
703 3235 831 3291 sine
859 3241 934 3306 te,
965 3237 1052 3292 vir
1082 3235 1146 3292 in
1177 3236 1384 3308 primis
1414 3237 1793 3304 admiranda,
1821 3237 1938 3292 hoc
1981 3252 2118 3292 exo-

2234 3225 2619 3299 παρακληθητι,
2691 3221 3113 3296 θαυμασιώτατε,
3196 3223 3538 3299 φιλανθρώπῳ
3611 3229 3829 3298 νεύματι

464 3341 616 3394 rem,
675 3330 738 3382 ut
791 3341 902 3398 pro
949 3331 1052 3381 tua
1104 3325 1370 3395 benigna
1425 3325 1750 3396 voluntate,
1815 3326 2126 3382 rusticitati

469 3414 836 3472 miserandae
879 3413 1132 3470 salutem
1179 3414 1476 3484 largiaris,
1519 3431 1588 3470 ac
1620 3415 1836 3486 jubeas
1877 3422 1940 3471 ut
1989 3416 2128 3471 ferri

469 3504 760 3562 tributum
798 3503 868 3558 iis
909 3503 1014 3575 qui
1060 3505 1320 3559 Taurum
1363 3503 1496 3558 ferri
1539 3503 1796 3559 feracem
1837 3504 2124 3573 incolunt,

469 3595 576 3652 ﬁat
627 3591 953 3664 tolerabile,
993 3608 1069 3648 ne
1117 3592 1315 3648 statim
1353 3591 1708 3658 obruantur,
1739 3593 1842 3648 sed
1871 3592 2127 3665 publicis

471 3682 683 3740 usibus
701 3682 804 3738 diu
825 3682 1179 3739 inserviant:
1206 3699 1392 3756 quam
1412 3699 1538 3738 rem
1563 3681 1835 3738 omnium
1863 3681 2128 3737 maxime

471 3789 627 3830 curae
649 3788 780 3828 esse
810 3771 1186 3828 admirandae
1231 3777 1343 3828 tute
1375 3771 1734 3828 humanitati
1767 3787 2128 3844 persuasum

469 3861 688 3920 habeo.

911 3965 1086 4036 203
1131 3965 1464 4022 EPISTOLA
1505 3965 1677 4022 CXI“.

2233 3317 2416 3390 ἐλεεινῇ
2471 3315 2717 3392 ἀγροικία
2755 3319 2850 3374 την
2901 3319 3158 3387 σωτηρίαν
3200 3317 3557 3388 χαρίσασθαι⁵
3589 3321 3680 3368 καὶ
3719 3323 3830 3380 τοῖς

2231 3410 2318 3459 τὸν
2367 3413 2566 3480 Ταῦρον
2601 3405 2808 3456 οἰκοῦσι
2855 3407 2942 3455 τὸν
2993 3400 3344 3479 σιδηροφορον
3377 3410 3605 3478 φορητὴν
3661 3425 3828 3482 προσ-

2235 3497 2387 3558 τάξαι
2443 3496 2684 3565 γενέσθαι
2736 3498 2830 3551 τὴν
2873 3501 2966 3544 τοῦ
3012 3489 3236 3565 “at?”
3293 3493 3602 3546 συντέλειαν.
3637 3497 3706 3555 ὡς
3753 3501 3824 3566 μὴ

2233 3585 2304 3645 εἰς
2385 3583 2524 3646 ἅπαξ
2572 3583 2756 3642 αὐτοὺς
2829 3580 3148 3656 ἐκτριϐῆναι,
3218 3581 3345 3634 ἀλλὰ
3409 3579 3600 3658 διαρκῇ
3661 3585 3830 3636 αὐτῶν

2235 3673 2362 3726 εἶναι
2421 3677 2513 3730 τὴν
2563 3672 2853 3744 ὑπηρεσίαν
2917 3677 3054 3732 τοῖςο
3107 3667 3406 3742 δημοσίοις
3466 3669 3524 3724 οὗ
3594 3673 3830 3746 μάλιστα

2233 3767 2435 3815 πάντων
2489 3759 2654 3834 μέλειν
2832 3758 3131 3830 ἀξιαγάστῳ
3183 3779 3276 3812 σου
3345 3760 3696 3836 φιλανθρωπίᾳ
3743 3781 3828 3814 πε-

2233 3853 2512 3924 πείσμεοα.

2795 3961 3132 4009 ΕΠΙΣΤΟΛΠ
3174 3961 3276 4008 ΡΙΛ

797 4108 1186 4166 Commendat
1219 4109 1498 4176 amicum,
1529 4109 1634 4178 qui
1661 4123 1696 4162 a
1731 4109 2018 4177 pra’fccto
2046 4105 2370 4162 accersitus
2389 4103 2594 4172 fuerat
2625 4101 2695 4156 ob
2726 4101 2936 4156 illatas
2961 4103 3016 4157 ei
3043 4099 3517 4157 criminationes.

997 4232 1262 4288 Modesto
1298 4233 1601 4302 pra’feclo.

541 4321 701 4380 Alias
729 4321 976 4395 quidem
1011 4321 1492 4390 magnanimitati
1523 4325 1636 4376 tum
1658 4319 2002 4392 obstrepere
2025 4337 2121 4376 au-

2767 4223 3022 4299 Μοδέστῳ
3046 4229 3292 4299 ὑπάρχῳ.

2307 4317 2504 4377 ’Ἄλλως
2541 4319 2631 4388 μὲν
2677 4315 2768 4366 οὐκ
2817 4314 2876 4366 ἂν
2931 4315 3198 4390 ἐθάρρησα
3255 4311 3326 4366 δί’
3368 4313 3528 4386 ὄχλου
3588 4319 3830 4386 γενέσθαι

477 4427 581 4466 sus
611 4427 734 4468 non
757 4411 1024 4480 fuissem,
1041 4410 1145 4482 qui
1167 4415 1222 4465 et
1244 4413 1466 4464 memet
1487 4408 1776 4477 metiri,‘et
1807 4413 2122 4480 potestates

2235 4416 2294 4478 τῇ
2345 4408 2667 4478 simulo-fuit}.
2717 4425 2834 4474 σου,
2885 4401 3036 4466 εἰδὼς
3085 4411 3174 4456 xui
3213 4403 3434 4474 ἐμαυτόν
3487 4413 3706 4478 μετρεῖν,
3741 4413 3832 4460 καὶ

473 4499 830 4570 dignoscere
857 4499 1190 4556 sciam.Sed
1223 4498 1322 4553 ubi
1350 4497 1614 4553 amicum
1643 4497 1788 4552 milii
1819 4497 2124 4552 hominem

473 4587 599 4644 vidi
618 4587 1072 4644 difﬁcultatibus
1095 4585 1490 4657 implicatum,
1516 4601 1586 4640 eo
1615 4585 1780 4658 quod
1803 4585 2126 4640 accersitus

476 4675 570 4743 sit,
587 4675 744 4732 hanc
767 4676 820 4730 ei
849 4673 1167 4747 epistolam
1201 4673 1468 4746 praebere
1490 4689 1673 4729 ausus
1703 4689 1858 4743 sum,
1883 4678 1945 4728 ut
1969 4689 2125 4742 eam,

473 4763 656 4820 veluti
685 4763 999 4836 quoddam
1031 4761 1424 4834 supplicantis
1453 4761 1687 4832 insigne
1718 4761 1994 4828 offerens,
2019 4760 2122 4817 ali-

545 4941 763 5020 Laliss
789 4941 1124 5020 C9113??le
1154 4941 1374 5020 εοτίρίέι
1396 4953 1558 4994 anno
1589 4941 1712 5020 ἓῗῶ

545 5013 592 5036 ⁶¹
631 5012 792 5068 Alias
825 5011 1147 5078 CCLXXVI,
1172 5011 1394 5080 scripta
1413 5024 1573 5064 anno
1601 5013 1724 5080 372.

549 5083 1000 5158 (62)_’Ewépzou.
1084 5079 1424 5153 Legendum
1503 5079 1770 5154 ὑπάρχου,
1825 5084 1888 5136 ut
1935 5095 2122 5151 supra

475 5155 848 5212 monuimus.

548 5229 662 5296 (63)
695 5232 998 5296 Μεγίστοις.
1031 5223 1204 5280 Cois].
1239 5223 1471 5294 primus
1502 5221 1763 5294 μεγαλοις.

553 5293 661 5363 (64)
697 5293 833 5350 ’τὶν-θ’
869 5300 1152 5366 ἱκετηρίας.
1205 5293 1344 5366 Reg.
1396 5293 1642 5364 uterque
1697 5301 1752 5348 Ci
1808 5293 1984 5350 Coisl.
2037 5309 2124 5348 se-

481 5367 718 5422 cundus
764 5367 871 5420 ἀνθ’
929 5365 1286 5438 ἱκεσίαςκξηᾶ
1330 5369 1530 5438 autem
1565 5379 1680 5438 κ’οξ
1729 5367 1982 5438 ἱκετηρία,
2010 5381 2128 5436 qua

483 5453 642 5508 saape
657 5439 803 5495 alias
826 5439 1006 5495 utitur
1031 5435 1298 5508 Basilius,
1323 5449 1444 5490 non
1465 5433 1627 5508 idem
1651 5433 1765 5489 hoc
1791 5433 1922 5490 loco
1955 5433 2130 5508 sonat

484 5505 965 5582 tie—supplicatio,
988 5513 1053 5565 ut
1073 5507 1424 5578 interpretes
1435 5505 1849 5561 existimarunt
1869 5525 1881 5576 ;
1901 5507 2008 5562 sed
2029 5523 2134 5580 po-

2235 4499 2326 4556 τας
2389 4495 2626 4556 ἐξουσίας
2673 4494 2962 4568 γνωρίζειν⁸
2998 4489 3174 4551 ἐπειδὴ
3231 4489 3289 4544 δὲ
3319 4489 3456 4544 εἶδον
3485 4490 3654 4565 οἰνὸρα
3685 4493 3832 4564 φίλον

2235 4583 2518 4654 ἐναγωνίως
2582 4579 2906 4654 διακείμενον
2985 4581 3064 4634 ἐπὶ
3139 4589 3210 4650 τῷ
3271 4581 3680 4654 μετακληθῆναι,
3729 4582 3828 4634 ἀπ-

2233 4673 2498 4744 ετόλμησα
2528 4671 2666 4742 αῦτῴ
2699 4667 2883 4722 δοῦναι
2909 4675 3002 4728 τὴν
3039 4669 3315 4729 επιστολὴν
3345 4675 3561 4740 ταύτην,
3595 4673 3675 4722 ἱνα
3717 4670 3830 4724 ἀνθ’

2239 4763 2498 4834 ἱκετηρίας
2549 4761 2656 4831 (64)
2690 4759 2851 4818 αὐτὴν
2909 4759 3316 4834 προϐαλλόμενος
3345 4763 3483 4834 τύχη
3531 4763 3667 4823 τινος
3719 4761 3832 4834 φιλ-

2233 4936 2420 5009 tiusid
2437 4936 2903 5009 designat,quod
2925 4935 3333 5009 supplicantes
3348 4937 3714 5009 praetendere
3739 4954 3836 4993 so-

2231 5007 2456 5074 lebant,
2477 5013 2542 5062 ut
2557 5023 2714 5078 eum,
2731 5007 2827 5064 c'ui
2849 5007 3684 5080 suppli'eabant,intlecterent.
3715 5009 3836 5064 0b-

2232 5083 2430 5150 servat
2451 5079 2938 5150 Chrysostomus,
2954 5079 3104 5136 orat.
3125 5083 3156 5133 2
3177 5079 3463 5136 adversus
3488 5081 3834 5136 Anomaeos.

2231 5149 2498 5222 plebem,
2513 5151 2557 5205 si
2571 5149 2722 5222 quid
2744 5155 2906 5222 petat
2922 5150 3006 5222 ab
3021 5151 3411 5222 imperatore,
3430 5150 3600 5206 oliva:
3627 5167 3838 5222 ramos

2233 5221 2606 5294 prietendere
2625 5221 2836 5278 solere.
2865 5221 2976 5294 Sed
2997 5221 3159 5294 hunc
3189 5221 3382 5277 Basilii
3402 5221 3602 5294 locum
3629 5221 3840 5294 impri-

2237 5293 2350 5348 mis
2377 5293 2628 5374 illustrat
2660 5293 2974 5362 Gregorius
2997 5293 3420 5374 Nazianzenus,
3448 5293 3552 5374 qui
3571 5293 3838 5374 deserto-

2237 5379 2362 5419 rem
2394 5363 2722 5436 quemdam
2746 5365 3134 5436 commendat
3164 5363 3440 5436 Olympio
3462 5363 3520 5419 in
3545 5365 3716 5436 epist.
3741 5369 3836 5432 78,

2243 5451 2503 5506 eumque
2525 5435 2607 5506 ait
2635 5434 2710 5490 ad
2735 5435 3078 5506 Olympium
3111 5434 3452 5504 confugere,
3477 5441 3534 5490 et
3553 5434 3838 5492 canitiem

2243 5521 2315 5562 ac
2332 5505 2735 5562 sacerdotium
2754 5505 3035 5578 Gregorii,
3061 5507 3249 5564 veluti
3267 5507 3487 5577 regiam
3510 5508 3840 5579 quamdam
