4054 6204
579 267 680 325 523

653 394 707 447 2.
748 387 819 444 At
846 383 1015 442 vides
1041 378 1351 454 quomodo
1372 375 1718 434 circuitione
1738 374 1889 442 utar,
1911 368 2057 424 dum
2090 379 2234 438 ape-
2265 364 2313 420 A

582 481 699 539 rire
727 490 934 533 vereor
974 488 1043 528 ac
1082 468 1331 538 refugio,
1381 482 1505 538 qua
1561 464 1636 519 de
1694 476 1881 518 causa
1907 456 2238 514 orationem

585 568 919 626 instituam.
975 559 1347 618 Domitianus
1378 556 1473 612 ille
1523 549 1898 609 necessarius
1928 549 2124 603 noster
2154 546 2245 599 est

589 659 668 715 ab
690 656 937 727 antiquo
969 668 1042 708 ex
1060 646 1434 723 parentibus,
1468 644 1552 701 sic
1594 646 1662 698 ut
1684 638 1832 698 nihil
1864 635 2110 693 omnino
2136 632 2242 688 dif-

590 724 1013 804 feratafratre.
1050 736 1456 805 Quamobrem
1505 732 1664 789 enim
1694 727 1861 802 quod
1903 741 2109 782 verum
2156 724 2248 778 est

589 853 713 895 non
744 832 983 891 dicam?
1009 827 1232 885 Deinde
1252 840 1503 882 causam
1527 817 1888 884 edoctus,ob
1914 830 2101 888 quam
2118 813 2249 868 haec

592 922 1118 1000 pertulit,dignum
1144 932 1271 973 esse
1297 914 1419 970 dixi
1449 912 1554 986 qui
1579 912 1666 967 sic
1695 911 2015 982 pateretur.
2049 908 2249 975 Neque

595 993 754 1073 enim
793 1011 1118 1085 quisquam
1150 1008 1241 1071 sit,
1296 1004 1400 1076 qui
1424 1003 1470 1057 si
1518 1016 1735 1074 parum
1762 1001 1866 1054 aut
1902 995 2159 1052 multum
2188 993 2252 1049 in

594 1110 761 1162 tuam
813 1083 1093 1155 virtutem
1140 1092 1497 1168 peccaverit,
1555 1104 1799 1163 poenam
1829 1084 2093 1153 effugiat.
2138 1083 2255 1139 Sed

596 1191 887 1266 quoniam
916 1187 1193 1242 videmus
1224 1184 1385 1238 hunc
1411 1181 1473 1235 in
1503 1182 1667 1235 metu
1706 1181 1762 1232 et
1792 1172 2127 1244 ignominia
2156 1171 2255 1227 de-

599 1261 857 1353 gentem,
891 1276 1267 1344 salutemque
1296 1269 1483 1342 ipsius
1512 1268 1573 1323 in
1600 1271 1704 1323 tua
1734 1262 2027 1319 sententia
2055 1261 2251 1325 sitam,

601 1371 745 1428 satis
769 1368 937 1423 illum
976 1378 1174 1436 poenae
1229 1354 1911 1427 dedissejudicavimus,
1937 1356 2011 1422 et,
2040 1356 2105 1407 ut
2128 1365 2252 1407 ma-

600 1458 957 1529 gnanimum
982 1451 1277 1524 quiddam
1297 1446 1475 1503 simul
1505 1450 1561 1501 et
1592 1446 1932 1501 humanum
1951 1441 2025 1496 de
2061 1455 2132 1496 eo
2162 1455 2257 1495 co-

600 1550 769 1619 gites,
801 1545 1215 1601 obsecramus.
1277 1542 1427 1595 Nam
1466 1535 1718 1592 rebelles
1751 1533 1864 1589 sub
1895 1533 2256 1605 potestatem

596 1638 890 1707 redigere,
947 1637 1003 1687 et
1028 1630 1193 1686 fortis
1225 1633 1311 1684 est
1339 1627 1472 1694 viri,
1506 1631 1563 1681 et
1599 1640 1736 1681 vere
1765 1621 2117 1695 imperantis
2153 1638 2165 1674 :
2197 1623 2259 1676 at

1946 244 2006 303 S.
2045 237 2301 297 BASILII
2338 237 2561 297 MAGNI
3756 253 3835 312 524

2418 369 2470 421 2.
2514 363 2649 418 ’Λ).λ’
2700 364 2827 438 ὁρᾷς
2906 365 3043 427 ὅπως
3110 363 3283 435 κύκλῳ
3357 368 3564 439 περίειμι
3613 366 3739 423 ὀκνῶν
3783 375 3849 427 καὶ

2350 450 2694 527 ἀναδυόμενος
2751 458 2845 513 τὴν
2894 455 3065 508 αἰτίαν
3119 453 3369 526 ἐκφαίνειν
3417 456 3530 530 ὑπὲρ
3575 457 3633 507 ὧν
3658 470 3856 534 ποιοῦμαι

2349 546 2471 606 τοὺς
2526 543 2730 617 λόγους.
2787 546 3093 617 Δομετιανὸς
3147 543 3297 605 οὗτος
3327 541 3599 606 ἐπιτήδειος
3623 548 3726 618 ἡμῖν
3753 549 3854 604 ἐστιν

2352 633 2407 687 ἐκ
2455 642 2553 686 τῶν
2609 636 2795 706 γονέων
2854 635 3043 691 ἄνωθεν
3075 650 3087 662 ⁸
3141 635 3272 687 ὥστε
3320 629 3519 706 ἐδελφοῦ
3572 633 3683 709 μηδ’
3730 640 3852 693 ὁτιοῦν

2355 720 2642 798 διαφέρεινο
2690 728 2753 777 Τί
2816 725 2915 796 γὰρ
2974 724 3034 775 ἄν
3082 742 3163 784 τις
3210 726 3280 794 μὴ
3337 720 3524 783 τάληθῆ
3580 723 3727 796 λέγοι;
3769 726 3854 783 Εἶτα

2353 818 2447 872 την
2506 813 2677 865 αἰτίαν
2730 815 2975 885 μαθόντες
3026 810 3113 883 ἀφ’
3171 812 3233 873 ἧς
3290 818 3449 864 ταῦτα
3495 816 3728 882 πέπονθεν,
3755 817 3854 879 ἀξιον

2358 900 2592 958 εἶναιτοῦ
2648 904 2829 956 παθεῖν
2888 902 3052 963 ούτως
3107 900 3313 972 ἔφαμεν.
3360 897 3505 959 Μηδὲ
3552 904 3643 977 γὰρ
3667 906 3858 978 iam“.

2361 989 2490 1059 δεὶς,
2550 990 2622 1055 ὃς,
2674 994 2858 1066 μικρὸν
2917 992 2946 1049 ἡ
3008 989 3184 1064 μεῖζον
3226 989 3297 1051 εἰς
3342 994 3432 1049 τὴν
3475 994 3564 1051 σὴν
3608 990 3862 1066 ἀριτήνάμι·

2358 1082 2525 1145 λήσεις
2580 1081 2709 1154 (74),
2768 1085 2861 1140 τὴν
2932 1084 3185 1153 τιμωρίαν
3242 1079 3472 1151 ἐκφύγοι·
3533 1080 3656 1133 Ἀλλ’
3710 1085 3867 1156 ὁρῶντες

2359 1180 2544 1223 τούτου
2602 1166 2853 1244 περιδεῶς
2910 1174 2999 1222 καὶ
3059 1165 3262 1231 ἀδόξως
3303 1173 3485 1237 ζῶντα,
3537 1174 3615 1225 καὶ
3660 1170 3865 1245 ὶπὶτῇσῇ

2360 1260 2518 1333 ψήφῳ
2561 1265 2796 1333 κειμένην
2841 1260 3000 1312 αὑτοῦ
3038 1262 3131 1320 τὴν
3183 1263 3462 1331 σωτηρίαν,
3495 1260 3727 1333 ἀρκοῦσα)
3760 1262 3873 1314 αὐτὸν

2363 1354 2504 1423 ἔχειν
2563 1354 2657 1409 τὴν
2719 1346 2873 1409 δίκην
2930 1349 3242 1423 ἄκρίναμεν’
3294 1348 3647 1422 μεγαλόψυχόν
3695 1370 3739 1404 τε
3782 1354 3874 1423 ὁμοῦ

2364 1444 2455 1492 καὶ
2488 1441 2843 1514 φιλάνθρωπον
2897 1436 3242 1496 διανοηθῆναι
3284 1457 3341 1491 σε
3394 1442 3508 1513 περὶ
3536 1438 3679 1490 αὐτοῦ
3707 1441 3877 1491 ἱκετεύο-

2366 1549 2473 1602 μεν,
2534 1532 2603 1582 Τό
2658 1530 2746 1600 μὲν
2792 1530 2892 1601 γὰρ
2951 1531 3073 1590 τοὺς
3118 1525 3488 1590 ἀντιτείνοντας
3515 1529 3606 1580 ὑπὸ
3633 1535 3765 1603 χεῖρα
3786 1528 3881 1600 λαμ-

2366 1618 2534 1671 ϐάνειν
2589 1614 2829 1692 ἀνδρείου
2882 1636 2936 1669 τε
2992 1622 3082 1668 καὶ
3137 1618 3394 1691 ἄρχοντος
3431 1619 3497 1678 ὡς
3544 1615 3814 1677 ἀληθῶςοτό
3840 1613 3880 1669 δὲ

597 1704 933 1794 benignum
975 1737 1104 1776 esse
1159 1734 1229 1775 ac
1268 1720 1654 1773 mansuetum
1686 1713 1747 1768 in
1772 1715 2124 1785 prostratos,
2152 1710 2256 1765 ho-

2365 1716 2475 1769 τοῖς
2528 1709 2934 1760 ύποπεπτωκόσι
2982 1709 3221 1781 χρηστόν
3275 1702 3405 1758 εἶναι
3459 1710 3544 1758 καὶ
3582 1713 3881 1782 πρᾶον,μεγα-

597 1815 776 1872 minis
820 1815 907 1869 est
944 1807 1445 1879 magnanimitate
1485 1809 1541 1860 et
1570 1802 1884 1859 clementia
1915 1815 2126 1856 omnes
2167 1816 2260 1855 su-

598 1903 883 1979 perantis.
921 1905 1125 1972 Itaque
1149 1897 1277 1966 tibi,
1336 1896 1387 1951 si
1415 1894 1596 1955 voles,
1630 1893 1691 1947 in
1716 1907 1840 1946 uno
1866 1894 1923 1945 et
1947 1889 2161 1945 eodem
2190 1887 2259 1943 li—

598 1977 755 2050 cebit
787 1996 955 2047 tuam
988 1992 1045 2043 et
1077 1987 1138 2043 in
1162 1983 1508 2041 ulciscendo
1540 1984 1596 2036 et
1643 1981 1703 2035 in
1735 1977 2033 2035 servando
2061 1977 2140 2032 ad
2171 1992 2260 2032 ar-

597 2083 842 2139 bitrium
889 2075 1453 2147 magnanimitatem
1510 2069 1841 2127 ostendere.
1902 2067 2000 2123 Hic
2038 2065 2259 2122 modus

599 2170 879 2243 supplicii
922 2167 1065 2223 satis
1114 2164 1186 2220 sit
1247 2162 1610 2228 Domitiano,
1655 2163 1850 2215 metus
1881 2173 2092 2213 eorum
2119 2171 2257 2228 quas

597 2260 927 2331 exspectat,
981 2258 1038 2310 et
1060 2269 1196 2325 quae
1258 2266 1321 2306 se
1352 2249 1478 2323 pati
1508 2248 1762 2318 dignum
1797 2261 1925 2301 esse
1946 2245 2136 2302 novit.
2161 2243 2258 2300 His

595 2348 722 2405 nihi
752 2346 835 2402 illi
874 2345 953 2401 ad
1004 2358 1250 2415 pcenam
1310 2338 1563 2411 adjicias
1631 2336 2071 2409 supplicamus.
2109 2332 2259 2389 Illud

597 2437 759 2493 enim
781 2433 1100 2491 considera
1139 2429 1423 2487 dominos
1459 2443 1666 2484 eorum
1692 2426 1797 2498 qui
1812 2425 2092 2480 laeserant
2129 2439 2259 2479 exs-

595 2527 784 2583 titisse
813 2523 1036 2581 multos
1064 2537 1136 2577 ex
1158 2520 1229 2575 iis
1251 2518 1353 2592 qui
1381 2521 1516 2573 ante
1547 2531 1659 2572 nos
1687 2515 1909 2577 vixere,
1933 2514 2006 2569 de
2035 2512 2259 2585 quibus

596 2616 800 2673 nullus
857 2613 936 2670 ad
978 2614 1253 2685 posteros
1306 2606 1704 2664 transmissus
1733 2605 1907 2676 205
1941 2618 2256 2671 sermone;

597 2709 659 2762 at
680 2720 823 2760 vero
880 2703 1034 2758 iram
1093 2698 1422 2766 remisisse,
1472 2694 1577 2767 qui
1630 2692 2014 2766 philosophia
2042 2690 2260 2761 vulgus

596 2792 1089 2855 antecelluerunt,
1142 2801 1405 2860 quorum
1452 2781 1814 2840 immortalis
1860 2780 2157 2836 memoria
2198 2779 2259 2834 in

595 2881 762 2939 omni
793 2896 924 2937 aevo
954 2877 1331 2952 perhibetur.
1390 2873 1661 2930 Addatur
1686 2871 1869 2941 igitur
1890 2874 1946 2924 et
1968 2870 2084 2925 hoc
2114 2884 2263 2940 prae-

595 2972 783 3029 coniis
813 2970 954 3027 tuis.
998 2966 1239 3036 Largire
1269 2964 1468 3032 nobis,
1500 2962 1605 3035 qui
1628 2964 1732 3017 tua
1762 2958 2065 3016 celebrare
2097 2957 2261 3029 cupi-

2364 1798 2653 1871 λοφροσύνη
2710 1797 2912 1848 πάντων
2960 1799 3050 1847 καὶ
3097 1796 3386 1869 ἠμερότητι
3417 1791 3733 1867 διαφέροντος.
3763 1794 3882 1846 Ὠστε

2364 1885 2583 1959 ὑπάρξει
2645 1903 2730 1936 σοι
2791 1882 3097 1955 βουληθέντι
3150 1881 3198 1935 ἓν
3251 1890 3326 1953 τῷ
3378 1883 3512 1936 αύτῶ
3554 1887 3636 1941 τὴν
3656 1903 3702 1935 τε
3724 1885 3824 1958 πρὸς
3843 1885 3883 1933 τὸ

2366 1974 2666 2048 ἀμύνασθαι
2709 1978 2798 2025 καὶ
2823 1977 2916 2032 τὴν
2945 1972 3016 2035 εἰς
3055 1975 3113 2025 τὸ
3169 1973 3378 2039 σώζειν,
3412 1976 3477 2034 ὡς
3505 1972 3561 2025 ἆν
3605 1971 3762 2032 ἐθέλοις
3784 1972 3882 2040 (75),

2366 2061 2731 2127 ἐπιδείξασθαι
2786 2061 3210 2135 μεγαλοψυχίαν.
3277 2069 3444 2115 Τοῦτο
3526 2066 3689 2137 μέτρον
3743 2060 3886 2135 ἀρκοῦν

2366 2160 2656 2225 Δομετιανῷ
2721 2161 2813 2213 τῆς
2874 2151 3156 2221 κολάσεως,
3239 2160 3343 2205 τῶν
3418 2148 3813 2227 προσδοκωμένων
3868 2149 3884 2198 ό

2365 2242 2541 2315 φόϐος,
2594 2245 2685 2294 καὶ
2738 2242 2805 2292 ὧν
2854 2241 2996 2303 ἄξιον
3050 2237 3188 2293 οἶδεν
3247 2240 3431 2293 ἕαυτὸν
3461 2242 3630 2294 παθεῖν
3649 2240 3886 2294 ὄντα.Ἰόύ·-

2362 2350 2469 2392 τοις
2517 2326 2683 2403 μηδὲν
2734 2329 2802 2391 εἰς
2837 2334 3089 2403 τιμωρίαν
3158 2332 3469 2403 προσθεῖναι
3548 2328 3673 2399 αὐτῷ
3723 2330 3888 2379 ἱκετεύο-

2365 2440 2473 2493 μεν.
2530 2423 2632 2472 Καὶ
2686 2420 2787 2493 γὰρ
2843 2418 3001 2471 ἐκεῖνο
3079 2423 3284 2487 σκόπει,
3354 2421 3432 2471 ὅτι
3488 2421 3649 2491 κύριοι
3705 2419 3777 2489 μὶν
3817 2423 3886 2466 τῶν

2365 2506 2698 2567 ἠδικηκότων
2750 2507 2929 2560 πολλοὶ
2976 2515 3075 2560 τῶν
3115 2512 3369 2583 πρότερον
3420 2505 3524 2567 ἤδη
3574 2504 3888 2579 γεγόνοισιν,ὧν

2367 2595 2542 2659 οὐδεὶς
2570 2602 2700 2672 πρὸς
2748 2601 2869 2660 τούς
2918 2598 3133 2673 ὕστερον
3184 2594 3483 2671 διεπέμφθη
3531 2597 3697 2668 λόγος’
3744 2593 3890 2666 ἀφῆκαν

2368 2685 2429 2741 δὲ
2475 2692 2567 2747 τὴν
2624 2687 2783 2763 ὀργὴν
2823 2689 2871 2739 οἱ
2925 2687 3203 2759 φιλοσοφίᾳ
3253 2691 3390 2750 τοὺς
3441 2686 3641 2747 πολλοὺς
3676 2686 3891 2757 ὑπεράρανο

2365 2797 2465 2845 τις,
2526 2778 2593 2829 ὧν
2656 2775 2911 2838 ἀθάνατος
2968 2778 2997 2834 ἡ
3059 2781 3237 2849 μνήμη
3294 2775 3380 2849 τῷ
3435 2780 3603 2849 χρόνῳ
3641 2775 3735 2846 (76)
3782 2773 3889 2824 παντὶ

2366 2863 2750 2941 παραδίδοται.
2817 2868 3163 2941 Προσκείσθω
3213 2862 3272 2919 δὲ
3340 2871 3429 2920 καὶ
3492 2874 3634 2921 τοῦτο
3685 2864 3889 2931 τοῖςπερὶ

2372 2964 2466 3012 σοῦ
2513 2953 2547 3009 δ
2554 2961 2833 3029 ιηγὴμασι.
2864 2958 2954 3015 Δός
2984 2958 3129 3028 ἡμῖν,
3161 2963 3267 3016 τοῖς
3333 2959 3503 3029 ὑμνεῖν
3547 2955 3887 3029 προαιρουμένοις

594 3079 754 3131 mus,
803 3064 866 3116 ut
920 3054 1325 3114 humanitatis
1360 3050 1638 3124 exempla
1664 3047 2082 3121 superioribus
2116 3051 2256 3102 tem-

2372 3050 2437 3099 τὰ
2476 3048 2564 3111 σὰ,
2623 3048 2717 3106 τὰς
2756 3044 2804 3096 ἐν
2851 3052 2957 3105 τοῖς
3000 3046 3104 3097 ἄνω
3156 3048 3379 3120 χρόνοις
3402 3043 3644 3118 άδομένας
3670 3042 3887 3115 φιλανθρω-

593 3150 844 3225 poribus
864 3148 1187 3203 decantata
1206 3142 1515 3199 laudando
1530 3154 1908 3212 superemus.
1928 3137 2018 3193 Sic
2032 3140 2087 3193 et
2110 3139 2265 3191 Cra:-

595 3257 699 3295 sus
726 3238 832 3294 ﬁlii
854 3233 1209 3293 interfectori
1232 3232 1381 3288 iram
1405 3229 1713 3286 remisisse
1740 3228 1972 3289 dicitur,
2000 3225 2266 3297 seipsum

600 3327 682 3383 ad
735 3324 1099 3398 supplicium
1150 3320 1465 3377 offerenti:
1500 3322 1556 3374 et
1619 3332 1880 3386 magnus
1937 3313 2032 3371 ille
2078 3316 2265 3385 Cyrus

597 3416 740 3472 huic
772 3414 886 3486 ipsi
908 3414 1111 3468 Croeso
1133 3411 1367 3465 amicus
1397 3411 1537 3480 post
1557 3406 1869 3461 victoriam
1896 3403 2101 3459 fuisse.
2143 3404 2261 3457 Hos

597 3506 751 3562 inter
780 3508 833 3559 te
864 3498 1345 3565 numerabimus,
1386 3500 1443 3552 et
1487 3512 1597 3567 pro
1643 3494 1796 3549 virili
1821 3493 1949 3547 haec
1976 3490 2265 3563 praedica-

596 3594 818 3658 bimus,
859 3589 979 3646 nisi
1018 3587 1201 3643 exiles
1228 3585 1477 3658 quidam
1518 3598 1647 3639 esse
1693 3580 1943 3638 omnino
1971 3578 2121 3635 tanti
2149 3578 2261 3634 viri

597 3696 908 3757 praecones
940 3677 1375 3734 existimemur.

670 3777 725 3830 3.
765 3773 1055 3829 Caeterum
1116 3764 1264 3822 illud
1310 3762 1538 3821 caeteris
1591 3775 1835 3818 necesse
1873 3762 1961 3815 est
2013 3756 2255 3827 addere,

598 3878 701 3919 eos
743 3860 845 3933 qui
883 3856 1122 3931 quidvis
1162 3852 1544 3927 deliquerint,
1597 3866 1722 3907 non
1753 3849 1833 3905 ob
1864 3865 1935 3905 ea
1967 3864 2102 3920 quae
2129 3847 2258 3917 jam

600 3950 871 4007 admissa
920 3952 1060 4002 sunt
1105 3944 1304 4017 puniri
1354 3945 1500 4014 (qua
1551 3940 1711 3996 enim
1761 3943 1885 3994 arte
1920 3954 2056 4010 quas
2100 3936 2260 3991 facta

600 4043 761 4106 sunt,
790 4037 1012 4092 infecta
1048 4032 1483 4100 reddantur?);
1547 4028 1651 4084 sed
1688 4032 1753 4083 ut
1804 4031 1907 4083 aut
1956 4025 2259 4099 ipsidein-

601 4145 742 4201 ceps
756 4126 1023 4181 meliores
1037 4120 1462 4189 ﬁant,auta1iis
1478 4117 1745 4189 sapiendi
1759 4116 2253 4187 sintexemplum.

600 4221 827 4276 Horum
849 4218 1050 4271 autem
1062 4214 1339 4267 neutrum
1364 4224 1526 4264 nunc
1539 4207 1747 4262 deesse
1759 4206 2083 4278 quisquam
2097 4205 2258 4263 dixe-

599 4310 675 4367 rit
707 4326 718 4364 :
751 4308 877 4381 ipse
899 4317 1167 4375 namque
1202 4299 1424 4355 horum
1475 4295 1892 4381 recordabitur
1909 4295 2085 4350 etiam
2120 4300 2259 4369 post

2374 3142 2496 3199 πίας
2552 3134 2953 3208 ὑπερϐαλέσθαι.
3015 3135 3167 3188 Οὕτω
3229 3141 3323 3189 καὶ
3377 3142 3593 3209 Κροῖσος
3637 3140 3699 3202 τῷ
3750 3124 3888 3182 παιδο-

2377 3230 2509 3297 φόνῳ
2571 3228 2663 3283 τὴν
2710 3223 2870 3299 ὀργὴν
2912 3222 3113 3295 ἀφεῖναι
3167 3222 3396 3296 λέγεται,
3450 3223 3619 3276 ἑαυτὸν
3670 3214 3888 3293 παραδόντι

2377 3316 2448 3376 εἰς
2499 3318 2780 3387 τιμωρίαν·
2833 3317 2923 3365 καὶ
2978 3319 3145 3386 Κῦρος
3193 3314 3219 3364 ό
3277 3319 3443 3387 μέγας
3496 3313 3628 3382 αὐτῷ
3675 3312 3808 3376 τούτῳ
3839 3310 3885 3371 τῷ

2377 3410 2582 3479 Κροίσῳ
2642 3404 2779 3477 φίλος
2825 3405 3065 3475 γενέσθαι
3104 3406 3234 3475 μετὰ
3292 3409 3389 3463 τὴν
3431 3408 3593 3462 νίκην.
3642 3402 3814 3456 Τούτοις
3852 3411 3887 3443 σε

2376 3496 2873 3569 συναριθμὴσομεν’
2934 3496 3041 3559 καὶ,
3094 3495 3192 3551 ὅση
3257 3490 3481 3567 δύναμις
3532 3495 3749 3564 ἡμετέρα,
3775 3492 3886 3537 ταῦτα

2372 3583 2805 3659 ἀναγορεύσομεν,
2839 3586 2977 3656 εἴπερ
3004 3587 3074 3655 μὴ
3109 3588 3295 3657 μικροί
3325 3603 3455 3645 τινες
3486 3579 3606 3636 εἶναι
3632 3579 3885 3634 παντάπασιν

2372 3672 2562 3749 ἀνδρὸς
2600 3675 2857 3727 τοσούτου
2882 3678 3100 3745 κήρυκες
3119 3675 3513 3746 νομισθείημεν.

2442 3768 2493 3821 3.
2539 3764 2728 3817 Ἐκεῖνο
2783 3758 2842 3815 δὲ
2896 3760 2981 3816 ἐπὶ
3030 3767 3191 3816 πᾶσιν
3224 3762 3387 3816 εἰπεῖν
3420 3761 3701 3833 ἀναγκαῖον,
3730 3752 3889 3809 amca;

2369 3854 2539 3906 ὁτιοῦν
2594 3849 2903 3912 ἀδικοῦντας
2969 3852 3073 3923 οὐχ
3115 3852 3243 3925 ὑπὲρ
3302 3862 3401 3905 τῶν
3462 3847 3567 3911 ἤδη
3620 3845 3893 3920 γεγενημένων

2366 3942 2650 4015 κολάζομεν
2681 3962 2693 3975 ο
2746 3941 2849 4012 (τίς
2911 3943 3011 4013 γὰρ
3052 3942 3113 3993 οἶν
3170 3944 3376 4012 ’γένοιτο
3430 3942 3639 4013 μηχανὴ
3686 3938 3745 4007 μὴ
3792 3945 3891 4001 γεγε·

2367 4033 2559 4091 νῆσθαι
2608 4032 2671 4084 τὰ
2708 4033 3049 4104 πεπραγμένα
3079 4030 3126 4102 ;)
3174 4028 3282 4081 ἀλλ’
3327 4032 3469 4092 ὅπως
3498 4030 3555 4081 ἄν
3585 4028 3612 4087 ἦ
3645 4024 3772 4077 αὐτοὶ
3806 4019 3894 4091 πρός

2366 4124 2425 4175 τὸ
2449 4121 2624 4174 λοιπὸν
2675 4118 2916 4193 ἀμείνους
2956 4122 3202 4191 γίνοιντο,
3256 4120 3287 4179 ἣ
3348 4119 3535 4195 ἑτέροις
3574 4114 3811 4188 ὑπάρξειαν
3834 4108 3892 4156 τοῦ

2370 4216 2644 4283 σωφρονεῖν
2698 4205 3041 4282 παραδειγμα
3095 4208 3231 4279 (77).
3293 4212 3503 4263 Τούτων
3548 4210 3704 4260 τοίνυν
3747 4199 3894 4254 οὐθέτε-

2365 4319 2453 4374 ρον
2502 4296 2662 4351 ἑνδεῖν
2717 4299 2776 4350 ἄν
2823 4317 2901 4360 τις
2948 4296 2995 4349 ἐν
3049 4304 3120 4367 τῷ
3158 4301 3383 4372 παρόντι
3433 4302 3651 4371 φήσειεν,
3704 4289 3825 4344 αὐτὸς
3860 4298 3893 4332 τί

600 4402 892 4464 mortem;
932 4394 1195 4466 reliquos
1247 4405 1413 4456 vero,
1462 4387 1610 4443 dum
1641 4373 1718 4441 'i'n
1738 4386 1901 4441 hunc
1927 4384 2254 4457 intuentur,

2365 4390 2465 4463 γὰρ
2505 4393 2594 4440 καὶ
2625 4390 2755 4460 μετὰ
2784 4390 2870 4438 τόν
2905 4388 3120 4439 θάνατον
3186 4390 3385 4439 τούτων
3440 4389 3774 4460 μεμνήσεται*
3816 4372 3894 4426 τούς

600 4494 764 4549 metu
791 4490 1059 4545 mortuos
1090 4498 1222 4539 esse
1242 4485 1404 4553 puto.
1427 4481 1620 4545 Quare
1637 4475 1935 4550 quidquid
1959 4476 2255 4549 supplicio

601 4578 1025 4649 adjecerimus,
1057 4576 1329 4629 nostram
1359 4570 1632 4641 ipsorum
1654 4566 1806 4623 iram
1829 4565 2065 4636 explere
2092 4567 2256 4623 vide-

600 4669 840 4726 bimur:
872 4663 1038 4739 quod
1062 4662 1319 4717 multum
1363 4658 1595 4721 abesse,
1649 4661 1714 4712 ut
1740 4657 1815 4711 de
1845 4659 1900 4712 te
1925 4672 2132 4712 verum
2160 4656 2254 4727 sit,

602 4772 714 4827 ego
735 4770 881 4811 sane
902 4750 1176 4819 dixerim,
1192 4764 1387 4820 neque
1406 4746 1625 4803 adduci
1643 4746 1997 4818 potuissem,
2016 4746 2255 4817 utejus-

600 4846 767 4904 modi
788 4843 1041 4900 verbum
1087 4840 1277 4895 ullum
1303 4838 1652 4910 proferrem,
1688 4835 1802 4891 nisi
1832 4835 2047 4907 majori
2076 4834 2255 4892 bene—

598 4936 736 4993 ﬁcio
763 4933 920 4991 afﬁci
948 4931 1195 4987 dantem
1223 4944 1411 5001 quam
1442 4925 1802 4997 accipientes
1828 4924 2251 4997 perspicerem.

602 5028 804 5098 Neque
825 5021 985 5078 enim
1006 5018 1215 5093 paucis
1244 5016 1567 5091 perspicua
1624 5012 1731 5069 erit
1776 5013 1889 5069 ista
1911 5013 2097 5068 animi
2128 5029 2253 5071 ma-

601 5112 871 5189 gnitudo.
894 5113 1045 5167 Nam
1068 5106 1454 5182 Cappadoces
1484 5120 1697 5163 omnes
1720 5102 1869 5178 quid
1884 5102 2154 5163 futurum
2180 5103 2255 5160 sit

672 5326 784 5398 (74)
820 5320 1126 5398 Ἀμελῇσας.
1173 5317 1273 5398 ¹Ιίῇ
1308 5312 1809 5398 Cpisl.m1.1terque,
1856 5309 2031 5378 Med.,
2091 5310 2243 5398 Yet,

599 5380 740 5468 Be‘g.
769 5380 1077 5451 'secimdus
1133 5392 1190 5445 et
1227 5386 1385 5443 Harl.
1420 5384 1569 5441 Editi
1600 5380 1931 5456 ἁμαρτήσας,
1960 5380 2129 5454 quod
2150 5396 2246 5437 eo.

601 5470 1064 5610 ἀϐἓιὸἶὲἓθῑέλοις.
1096 5533 1187 5592 Sic
1226 5535 1342 5590 tres
1389 5523 1774 5587 vetustissimi
1800 5523 2063 5586 codices.
2094 5524 2248 5583 Editi

602 5609 745 5683 ἄθέλῃ
756 5609 797 5671 ς.

2364 4497 2418 4530 τε
2442 4478 2655 4539 λοιπούς
2710 4478 2945 4531 τεθνάναι
3000 4485 3072 4549 τῷ
3132 4472 3238 4528 δέει
3276 4480 3412 4552 πρὸς
3454 4484 3629 4529 τοῦτνν
3665 4470 3893 4543 ἀφορῶντας

2365 4569 2569 4639 οἴομαι.
2620 4566 2775 4618 Ὠσθ’
2833 4566 2954 4639 ὅπερ
3002 4567 3062 4616 ἄν
3116 4567 3433 4640 προσθῶμεν
3468 4572 3531 4637 τῇ
3582 4561 3799 4635 τιμωρίᾳ,
3833 4552 3891 4604 τὴν

2365 4656 2524 4729 ὀργὴν
2569 4658 2713 4729 ἡμῶν
2774 4654 2941 4707 αὐτῶν
3002 4653 3403 4727 ἀποπιμπλάναι
3448 4651 3685 4726 δόξομεν
3714 4648 3737 4698 ό
3763 4640 3893 4696 πολλοὶ

2364 4742 2471 4799 δεῖν
2531 4745 2613 4797 ἐπὶ
2647 4752 2740 4797 σοῦ
2791 4743 2976 4805 αληθτες
3025 4740 3152 4796 εἶναι
3184 4747 3341 4816 φαίην
3384 4745 3445 4795 ἄν
3486 4745 3662 4816 ἔγωγε,
3692 4738 3768 4789 καὶ
3793 4723 3896 4783 οὖδὶν

2362 4836 2422 4888 ἄν
2453 4837 2644 4887 τούτων
2696 4841 2793 4885 τῶν
2846 4833 3025 4905 λόγων
3060 4834 3345 4907 προήχθην
3375 4832 3557 4899 εἰπεῖν,
3581 4830 3622 4884 εἰ
3645 4832 3709 4901 μὴ
3741 4822 3903 4897 μείζονα

2361 4933 2433 4995 τῷ
2465 4920 2671 4977 διδόντι
2723 4928 2819 4981 τὴν
2865 4925 3027 4995 χάριν
3072 4920 3292 4996 ἐνεώρων
3353 4922 3383 4981 ἡ
3444 4928 3548 4981 τοῖς
3588 4914 3899 4990 λαμϐάνουσιν.

2362 5010 2503 5066 Ούδε
2552 5016 2653 5085 ’γὰρ
2696 5011 2887 5084 ὀλίγοις
2935 5014 3082 5064 ἔσται
3139 5015 3445 5083 καταφανὴς
3509 5012 3538 5069 ἡ
3594 4998 3903 5081 μεγαλοψυχία

2360 5109 2451 5156 τοῦ
2483 5106 2705 5178 τρόπον.
2751 5097 3105 5163 Καππαδόκαι
3157 5102 3257 5177 γὰρ
3313 5100 3542 5166 ἅπαντες
3597 5092 3901 5149 ἁποσκοποῡσι

2426 5310 2538 5382 (76)
2573 5316 2656 5380 Τῷ
2681 5314 2875 5382 χρόνῳ·
2939 5309 3255 5382 Vaticanus
3310 5306 3527 5374 codex,
3570 5305 3705 5371 Reg.
3732 5300 3902 5350 secun-

2356 5381 2468 5437 dus
2490 5379 2545 5437 et
2567 5379 3061 5453 COiS'ILsecundus
3088 5389 3157 5453 τῷ
3186 5379 3305 5453 βίῳ.

2427 5455 2536 5524 (77)
2578 5449 2946 5525 Παράδειγμα,
2981 5442 3396 5525 Reg.'u'terque
3430 5452 3487 5508 et
3538 5442 3706 5504 Coisl.
3731 5444 3901 5494 secun-

2489 5506 2917 5600 παραδειγμάτα.
