4054 6200
161 287 248 342 525

1124 275 1616 336 EPISTOLARUM
1652 273 1939 334 CLASSIS
1971 275 2038 332 Il.
2079 278 2294 336 EPIST.
2337 281 2517 338 CXIII.

3380 288 3482 344 526

159 411 206 462 τὸ
253 407 438 482 μέλλον,
467 401 540 466 οἷς
585 403 834 478 εὐξαὶμην
884 404 945 456 οἷν
985 403 1116 477 μετὰ
1151 410 1252 457 τῶν
1289 402 1478 456 λοιπῶν
1519 402 1723 475 ἀγαθῶν

1835 401 2174 469 observant,
2205 406 2311 477 qui
2339 406 2590 480 quidem
2629 408 2962 481 Optaverim
2991 413 3056 467 ut
3081 410 3234 468 inter
3253 410 3487 486 reliqua

156 509 244 552 τῶν
264 503 550 574 προσόντων
583 515 669 550 σοι
715 499 804 548 καὶ
845 497 1036 552 ταύτην
1067 492 1180 556 (78)
1223 492 1719 568 ἀπαριθμήσασθαι.

158 589 300 640 Ὀκνῶ
353 584 412 640 0'":
469 593 562 638 τοῦ
623 587 838 659 γράφειν
902 584 1254 652 παύσασθαι,
1303 584 1582 656 ἡγούμενός
1633 602 1722 655 μοι

156 679 326 751 ζημίαν
379 679 538 728 οἴσειν
581 677 638 728 τὸ
690 675 928 747 παρεθέν.
987 677 1251 726 Τοσοῦτον
1299 692 1356 744 γε
1403 677 1506 744 μὴν
1555 691 1720 748 προσ-

155 771 320 834 θήσω,
379 769 458 820 ὅτι
489 807 502 831 ,
557 763 754 818 πολλῶν
807 761 1086 826 ἐπιστολὰς
1151 765 1288 834 ἔχων
1355 761 1722 834 ἐξαιτουμένων

153 859 314 926 αὑτὸν,
365 863 546 910 πασῶν
598 855 836 924 ἡγήσατο
887 857 1262 926 προτιμοτέραν
1303 849 1432 904 εἶναι
1465 857 1560 910 τὴν
1597 851 1722 925 παρ’

149 952 286 1022 ἡμῶν
315 989 332 1020 ,
379 946 468 998 οὐκ
522 939 646 996 οἷὸοξ
691 963 792 995 που
841 943 954 1012 ('79)
1009 944 1184 1014 μαθὼν
1237 943 1368 994 εἷναί
1409 961 1526 994 τινα
1576 943 1721 1013 ἡμῶν

149 1037 288 1108 λόγον
329 1038 462 1108 παρὰ
511 1040 576 1106 τῇ
635 1040 698 1105 σῇ
743 1030 1044 1098 τελειοτητι.
1083 1030 1262 1092 Ὀπως
1293 1031 1380 1084 οὖν
1411 1035 1542 1103 μήτε
1565 1030 1722 1092 αὐτὸς

145 1127 332 1197 ψενσὸῇ
383 1133 484 1176 τῶν
547 1118 790 1188 ἐλπίδων,
839 1121 902 1182 οἷς
947 1121 1022 1192 ἐφ’
1082 1122 1206 1188 ἡμῖν
1253 1122 1398 1192 ἔσχε,
1456 1125 1544 1172 καὶ
1595 1122 1722 1192 ἡμῖν

143 1215 328 1288 ὑπάρξῃ
381 1217 512 1288 πρὸς
555 1215 678 1273 τοὺς
725 1209 946 1263 ἐνταῦθα
1003 1208 1444 1282 σεμνολογεῖσθαι·
1485 1213 1720 1281 παροικέ-

143 1305 290 1362 κλησο
320 1348 334 1374 ,
387 1300 624 1356 δέσποτα
669 1298 1057 1374 ἀνυπέρϐλητε,
1120 1297 1386 1352 ἐπινεῦσαι
1441 1302 1569 1373 πρὸς
1625 1303 1720 1358 τὴν

141 1399 352 1452 αέτησιν.
393 1394 604 1451 Πάντως
657 1386 716 1443 δὲ
768 1385 980 1450 οὐδενὸς
1015 1394 1194 1462 χεῖρον
1241 1397 1340 1440 τῶν
1399 1393 1604 1442 πώποτε
1642 1408 1722 1460 φι-

139 1485 520 1555 λοσοφησάντων
573 1478 856 1550 ἐπέσκεψαι
901 1481 967 1530 τὰ
1009 1479 1344 1550 ἀνθρώπινα·
1395 1482 1484 1529 καὶ
1531 1474 1718 1543 οἶδας,

139 1577 198 1636 ὡς
248 1573 402 1633 καλὸς
460 1573 728 1645 θησαυρὸς
791 1575 924 1622 πᾶσι
971 1575 1080 1630 τοῖς
1141 1563 1398 1642 δεομένοις
1445 1568 1720 1641 ὑπουργεῖν

137 1667 560 1736 προαποκείμενος
583 1661 716 1728 (80).

658 1853 994 1902 ΕΠΙΣΤΟΛΗ
1051 1845 1186 1902 PII".

1833 495 1936 548 tua
1961 499 2320 551 ornamenta
2341 496 2500 554 hanc
2525 513 2770 570 quoque
2790 501 3356 568 magnanimitatem
3377 518 3484 558 nu-

1833 587 2082 639 merent.
2111 584 2314 641 Finem
2362 586 2628 658 epistolm
2678 587 2988 660 imponere
3038 605 3263 658 vereor,
3295 597 3480 662 ratus,

1832 672 1998 744 quod
2043 673 2338 732 omissum
2383 675 2578 747 fuerit,
2613 676 2755 732 mihi
2792 677 3018 734 damno
3049 679 3193 736 fore.
3225 685 3483 739 Tantum

1831 761 1947 816 hoc
1974 762 2328 834 adjungam,
2357 781 2497 821 eum
2551 765 2658 822 etsi
2691 781 2727 821 a
2754 766 2958 822 multis
2990 769 3272 840 epistolas
3300 773 3485 830 habet

1831 849 2021 922 ipsius
2073 853 2548 911 incolumitatem
2579 871 2650 911 ac
2694 855 2946 912 salutem
2997 861 3478 933 exposcentibus,

1831 944 2104 998 nostram
2133 944 2418 1000 omnibus
2475 947 2772 1017 potiorem
2819 944 3082 1018 duxisse,
3111 963 3248 1003 cum
3279 951 3482 1006 nescio

1830 1030 1992 1086 unde
2022 1031 2294 1089 didicerit
2321 1049 2436 1090 nos
2465 1034 2632 1108 apud
2663 1039 2826 1091 tuam
2851 1037 3264 1108 praestantiam
3291 1038 3351 1093 in
3381 1039 3488 1094 ali-

1831 1135 1954 1192 quo
1979 1136 2112 1178 esse
2133 1138 2407 1180 numero.
2439 1127 2508 1181 Ut
2527 1125 2707 1196 igitur
2735 1141 2932 1198 neque
2963 1141 3102 1181 eum
3127 1143 3265 1199 spes
3293 1127 3481 1197 fallat,

1830 1224 2016 1281 quam
2041 1212 2102 1268 in
2159 1214 2332 1270 nobis
2365 1215 2626 1285 habet,et
2653 1217 2830 1272 nobis
2854 1216 3031 1272 liceat
3051 1217 3216 1288 apud
3245 1222 3485 1276 nostros

1831 1298 2110 1369 gloriari;
2141 1305 2212 1368 te,
2247 1303 2494 1360 domine
2543 1321 2840 1379 perquam
2871 1305 3106 1372 eximie,
3131 1308 3366 1362 exorari
3407 1308 3484 1364 si-

1829 1402 1962 1456 nas,
1995 1394 2061 1446 ut
2089 1396 2305 1448 nostrae
2361 1409 2598 1450 annuas
2650 1395 2940 1467 petitioni.
2980 1394 3248 1451 Profecto
3279 1402 3481 1454 autem

1827 1477 1996 1535 nullo
2043 1479 2306 1537 deterius
2359 1499 2570 1539 eorum
2623 1485 2726 1557 qui
2775 1499 3046 1556 unquam
3077 1483 3485 1556 philosophati

1830 1573 1989 1636 sunt,
2022 1571 2412 1628 considerasti
2461 1590 2558 1629 res
2613 1573 2917 1629 humanas
2951 1591 2964 1628 :
2997 1578 3055 1629 et
3109 1574 3268 1630 nosti
3297 1589 3484 1646 quam

1828 1657 2028 1713 bonus
2061 1659 2378 1716 thesaurus
2415 1661 2506 1732 iis,
2538 1663 2640 1735 qui
2671 1662 2958 1718 omnibus
2988 1663 3305 1732 egentibus
3335 1679 3485 1736 ope-

1831 1763 1962 1804 ram
1995 1764 2170 1805 suam
2201 1751 2486 1823 praebent,
2517 1752 2646 1824 jam
2677 1753 2822 1810 olim
2845 1752 3143 1826 repositus
3175 1752 3270 1810 sit.

2375 1851 2706 1906 EPISTOLA
2749 1849 2939 1906 CXIII.

133 1960 510 2016 Demonstrat
548 1955 814 2012 Basilius
856 1954 920 2009 in
957 1967 1182 2022 magna
1211 1965 1412 2008 rerum
1467 1949 1966 2023 ecclesisticarum
2005 1953 2464 2021 perturbatione
2503 1955 2840 2011 liberaliter
2877 1954 3174 2023 agendum
3205 1969 3324 2012 esse
3351 1971 3485 2012 cum

193 2027 648 2098 inﬁrmioribus,
669 2041 776 2082 nec
796 2021 1410 2094 amplius’quidquam
1442 2037 1476 2078 a
1505 2021 1806 2098 fratribus
1833 2025 2296 2098 emposcendmn,
2316 2027 2431 2080 nisi
2459 2034 2522 2081 ut
2552 2026 2730 2094 ﬁdem
2755 2021 3061 2082 Nica’ham
3084 2028 3402 2096 recipiant,
3431 2033 3486 2083 et

191 2093 492 2172 spiritum
514 2093 787 2154 sanetum
817 2093 1132 2166 fateantur
1161 2093 1500 2150 creaturam
1523 2093 1646 2149 dici
1673 2109 1794 2150 non
1817 2095 2045 2163 debere,
2080 2111 2186 2152 nec
2227 2112 2358 2152 cum
2381 2099 2454 2152 iis
2493 2093 2599 2168 qui
2625 2099 2858 2166 dicunt,
2891 2093 3476 2155 communicandum.

501 2210 622 2268 Τοῖς
657 2203 704 2256 ἐν
733 2209 924 2278 Ταρσῷ
954 2199 1345 2276 πρεσϐυτέροις.

193 2319 474 2386 Συντυχὼν
521 2307 680 2382 τῷδε,
706 2309 901 2368 πολλὴν
953 2311 1112 2380 ἔσχον
1169 2316 1242 2379 τῷ
1300 2306 1432 2379 ἁγίῳ
1491 2314 1604 2378 Θεῷ
1629 2309 1722 2365 τὴν

128 2409 303 2478 χάριν,
337 2405 418 2456 ὅτι
447 2423 512 2476 με
533 2405 622 2454 καὶ
670 2397 764 2454 διὰ
801 2408 894 2462 τῆς
939 2399 1098 2451 αὐτοῦ
1141 2401 1437 2474 παρουσίας
1464 2395 1564 2448 ἀπὸ
1589 2395 1721 2449 πολ-

127 2496 214 2547 λῶν
247 2491 472 2564 θλίψεων
527 2492 960 2566 παρεμυθήσατο,
991 2491 1082 2540 καὶ
1132 2495 1224 2545 την
1283 2488 1530 2562 ὑμετέραν
1593 2485 1722 2558 ἁγά-

127 2605 220 2642 πην
251 2583 480 2656 ἐναργῶς
521 2576 682 2643 ἔδειξε
727 2577 800 2632 δι’
850 2579 1030 2633 αὐτοῦ.
1089 2573 1288 2650 Σχεδὸν
1338 2579 1436 2652 γὰρ
1479 2578 1566 2628 τὸν
1596 2577 1722 2628 ποίν-

126 2694 216 2726 των
266 2671 410 2746 ὑμῶν
441 2673 562 2745 περὶ
599 2673 692 2727 τὴν
733 2666 972 2728 ἀλήθειαν
1018 2665 1172 2728 ζῆλον
1222 2664 1270 2717 ἐν
1327 2673 1388 2738 τῇ
1438 2672 1527 2716 τοῦ
1585 2665 1722 2728 ἐνοὸς

129 2760 308 2836 ἀνδρὸς
361 2761 668 2834 προαιρέσει
731 2758 1041 2830 κατέμαθον.
1089 2755 1154 2808 Ἀ
1203 2757 1291 2818 μὲν
1331 2750 1418 2806 οὖν
1475 2749 1592 2827 ἰδίᾳ
1630 2749 1720 2806 δι-

127 2851 409 2924 ελέχθημεν
457 2849 588 2922 πρὸς
622 2845 886 2916 ἀλλήλους,
935 2845 1093 2906 αὐτὸς
1129 2846 1250 2918 ὑμῖν
1280 2841 1559 2916 ἀπαγγελεῖ
1585 2845 1716 2911 (81)·

127 2941 155 2992 ἃ
183 2937 240 2994 δὲ
271 2939 400 3016 παρ’
448 2937 574 3011 ἐμοῦ
603 2937 958 3012 γνωρισθῆναι
995 2935 1136 3008 ὑμῶν
1167 2939 1482 3008 προσῆκε
1519 2929 1716 3006 ἀγάπῃ,

2223 2203 2623 2274 Prazsbyteris
2685 2203 3096 2260 Tarsensibus.

1904 2309 2269 2380 Congressus
2299 2327 2438 2367 cum
2465 2311 2588 2382 illo,
2621 2326 2880 2382 magnas
2907 2309 3092 2367 habui
3127 2313 3246 2368 Deo
3277 2313 3486 2368 sancto

1831 2398 2072 2471 gratias,
2102 2399 2207 2472 qui
2234 2403 2288 2456 et
2311 2416 2407 2456 me
2432 2400 2590 2458 illius
2621 2400 2936 2474 praesentia
2967 2415 3038 2456 ex
3069 2399 3273 2456 multis
3303 2415 3487 2472 ango-

1829 2487 1997 2542 ribus
2027 2489 2373 2546 consolatus
2393 2495 2562 2560 est,et
2591 2493 2853 2545 vestram
2878 2489 3229 2546 charitatem
3255 2489 3487 2564 perspi-

1830 2593 1938 2633 cue
1961 2593 2066 2650 per
2091 2577 2296 2650 ipsum
2321 2579 2760 2635 ostendit.Nam
2779 2582 3045 2634 vestrum
3067 2578 3187 2635 fere
3212 2581 3488 2636 omnium

1828 2665 2092 2722 veritatis
2124 2667 2393 2724 studium
2424 2667 2485 2724 in
2515 2668 2624 2724 viri
2654 2667 2832 2723 unius
2862 2667 3175 2740 proposito
3207 2669 3486 2738 cognovi.

1830 2756 1969 2820 Quae
1997 2753 2174 2824 igitur
2225 2754 2504 2826 privatim
2548 2755 2702 2812 inter
2749 2771 2862 2812 nos
2911 2755 3094 2812 locuti
3148 2773 3383 2827 sumus,
3415 2772 3488 2814 ea.

1827 2842 1954 2916 ipse
1980 2842 2153 2898 vobis
2181 2841 2414 2900 referet.
2451 2845 2628 2916 206
2661 2845 2798 2910 Qiiae
2829 2849 3030 2901 autem
3061 2861 3132 2902 ex
3163 2861 3260 2901 me
3290 2845 3485 2900 chari-

1827 2933 2008 2987 tatem
2035 2935 2298 2988 vestram
2327 2948 2440 3005 par
2465 2937 2554 2989 est
2583 2931 2968 3004 cognoscere,
2996 2933 3122 2989 haec
3152 2935 3488 2990 sunt.Tem-

125 3033 282 3083 ταῦτα
305 3025 551 3083 ianva
585 3029 770 3102 καιρὰς
825 3023 1014 3082 πολλὴν
1071 3026 1184 3096 ἔχει
1229 3024 1395 3098 ῥοπὴν
1452 3025 1578 3096 πρὸς
1629 3040 1720 3072 κα-

1835 3036 1941 3092 pus
1967 3019 2296 3092 plurimum
2349 3021 2646 3078 incumbit
2689 3022 2769 3078 ad
2800 3022 3174 3079 eversionem
3201 3022 3486 3080 Ecclesia-

123 3123 420 3197 τας-τροφὴν
449 3125 551 3169 τῶν
609 3114 951 3180 Ἐκκλησιῶν,
975 3117 1065 3166 καὶ
1121 3119 1270 3166 τοῦτο
1317 3111 1475 3164 πολὺν
1529 3113 1718 3184 ἔχομεν

121 3209 220 3268 ἒϐη
269 3213 466 3284 χρόνον
509 3205 560 3269 ἐξ
589 3205 650 3258 οὔ
694 3205 1170 3277 καταμανοάνομεν.
1223 3197 1492 3274 Οἰκοδομὴ
1530 3197 1720 3254 δεἘκ-

114 3301 366 3366 κλησίας,
395 3303 482 3350 καὶ
513 3295 826 3370 σφαλμάτων
857 3289 1155 3367 διόρθωσις,
1184 3297 1274 3344 καὶ
1305 3293 1605 3366 συμπάθεια
1631 3291 1719 3363 μὲν

113 3394 248 3452 ποος
295 3391 425 3449 τοὺς
477 3383 1264 3456 ἆσθενοῡντας,ὑπερασπισμὸς
1319 3379 1378 3433 δὲ
1433 3383 1558 3456 πρὸς
1601 3382 1722 3442 τοὺς

111 3453 452 3552 amiserat;
477 3483 574 3527 τῶν
616 3470 848 3545 ἀδελφῶν
888 3467 1008 3524 οὐδὲ
1040 3467 1132 3532 εἷς.
1165 3469 1300 3524 Ἀλλ’
1323 3472 1439 3522 οὔτε
1471 3467 1724 3542 βοήθημα

107 3574 132 3628 ἦ
203 3567 582 3642 θεραπευτικὸν
613 3565 718 3634 (82)
775 3571 874 3622 τῆς
919 3562 1402 3636 προκατασχούσης
1453 3561 1630 3624 νόσου,
1689 3561 1718 3615 ἧ

105 3655 546 3730 ποοιρυλανιτινιον
599 3659 696 3714 τῆς
756 3647 1198 3726 προσδοκωμένης
1245 3645 1414 3702 οὐδέν.
1451 3647 1551 3700 Καὶ
1598 3646 1725 3706 ὅλως

145 3765 252 3800 ante
327 3743 508 3797 λοιπον
551 3746 580 3802 ἡ
641 3750 738 3802 τῆς
821 3739 1136 3802 Ἐκκλησίας
1213 3739 1539 3800 κατάστασις
1619 3737 1726 3806 (ἵνα

101 3841 324 3910 ἐναογεῑ
363 3835 658 3907 χρήσωμαι
701 3839 772 3904 τῷ
802 3827 1175 3902 ὑποδείγματι,
1215 3829 1309 3881 κόἱν
1377 3827 1725 3902 εὐτελέστερον

103 3755 252 3801 ἔοικε
327 3743 508 3797 λοιπον
551 3746 580 3802 ἡ

99 3928 236 3984 εἶναι
291 3923 454 3998 δοκῇ)
486 3927 674 3998 ἱματίῳ
723 3921 948 3992 παλαιῷ,
977 3921 1075 3972 ὑπὸ
1115 3927 1206 3981 τῆς
1267 3919 1544 3992 τυχούσης
1596 3937 1727 3992 προ-

99 4021 316 4090 pata-:0);
353 4011 560 4090 ῥᾳδίως
620 4010 1118 4086 καταῤῥηγνυμένῳ,
1167 4007 1192 4060 ὃ
1244 4010 1372 4082 πρὸς
1404 4011 1497 4065 τὴν
1556 4005 1608 4070 ἐξ
1639 4005 1728 4082 ἀρ-

93 4119 214 4180 γῆς
275 4107 444 4179 ἰσχὺν
509 4101 794 4155 ἐπανελθεῖν
851 4100 1004 4152 πάλιν
1065 4095 1328 4152 ἀδυνατεῖ.
1383 4097 1471 4160 Ὡς
1533 4093 1620 4149 οὖν
1678 4095 1726 4149 ἐν

89 4205 274 4270 καιρῷ
338 4196 611 4264 τοιούτῳ,
671 4189 901 4266 μεγάλης
953 4192 1112 4264 χρεία
1172 4195 1267 4250 τῆς
1330 4183 1565 4246 σπουδῆς
1634 4189 1724 4238 καὶ

91 4287 296 4346 πολλῆς
359 4292 466 4344 τῆς
541 4279 826 4354 ἐπιμελείας
883 4278 1281 4354 εὐεργετηοῆναι
1347 4297 1398 4329 τι
1454 4278 1548 4340 τὰς
1615 4275 1725 4330 Ἐκ·

88 4379 360 4436 κλησίοις.
407 4371 694 4448 Εὖεργεσία
735 4367 792 4422 δὲ
850 4367 986 4421 ἐστιν
1045 4367 1294 4424 ἐνωθῆναι
1345 4367 1411 4418 τὰ
1457 4369 1580 4426 τέως
1639 4361 1726 4418 δι·
1757 4401 1802 4454 D

93 4463 579 4540 :77:amy.a’va(83}.
629 4459 844 4519 Ἔνωσις
895 4453 945 4509 δ’
996 4457 1055 4508 ἄν
1081 4460 1302 4528 γένοιτο,
1333 4455 1374 4508 εἰ
1417 4453 1726 4528 βουληθείη-

95 4577 206 4620 αε-δ,
271 4555 326 4607 ἐν
373 4549 458 4614 οἷς
515 4545 682 4623 μηδὲν
742 4546 1036 4620 βλάπτομεν
1081 4549 1171 4606 τὰς
1222 4545 1423 4618 ψυχὰς,
1471 4563 1724 4618 συμπερι-

93 4649 400 4720 εδεγῡῆναι
467 4647 573 4702 τοῖς
624 4637 1030 4710 ἀσθενεστέροις.
1077 4635 1221 4688 Ἐπεὶ
1283 4635 1370 4688 οὖν
1417 4633 1578 4688 πολλὰ
1609 4637 1724 4686 στό-

93 4756 244 4798 ματα
289 4739 554 4793 ἧνοικται
597 4728 732 4780 κατὰ
787 4731 878 4778 τοῦ
931 4726 1228 4798 Πνετὰματος
1285 4731 1376 4777 τοῦ
1432 4723 1607 4796 ἁγίου,
1638 4727 1728 4778 καὶ

91 4827 292 4879 πολλαὶ
322 4823 584 4896 γλῶσσαι
605 4819 888 4877 ἡκόνηνται
923 4813 988 4875 εἰς
1026 4817 1120 4872 τὴν
1149 4813 1263 4866 κατ’
1296 4813 1455 4865 αὐτοῦ
1487 4811 1728 4886 βλασφη-

95 4921 242 4968 ιιίςιν·
305 4913 570 4982 ἀξιοῦμεν
637 4907 786 4978 ὑμᾶς,
817 4907 936 4957 ὅσον
1000 4901 1139 4955 ἐστὶν
1191 4901 1267 4975 ἐφ’
1317 4903 1437 4974 ὑμῖν
1487 4901 1612 4973 (Βίι),
1659 4901 1729 4963 εἰς

91 5007 272 5077 ὀλίγον
323 5001 564 5076 ἀριθμὸν
613 5002 935 5069 περιστῆσαι
985 4995 1099 5053 τοὺς
1139 4991 1598 5065 βλασφημοῦντας·
1641 4995 1730 5044 καὶ

151 5131 284 5200 (78)
321 5129 444 5181 Καὶ
471 5119 804 5200 ταύτηνκξςξι
823 5134 970 5173 mss.
999 5116 1423 5200 septem.§diti
1457 5121 1728 5198 διαὶτοῡτο,

87 5187 364 5276 excepta
399 5201 612 5252 tamen
645 5190 903 5247 editione
923 5187 1118 5261 prima
1165 5187 1508 5244 Basileensi.

157 5311 274 5379 r79)
305 5307 438 5360 Οὐκ
463 5297 604 5379 Δοξᾷοέ
647 5317 761 5356 πον.
789 5299 874 5353 Ita
899 5299 1016 5352 tres
1036 5295 1424 5354 vetustissimi
1453 5295 1722 5356 codices.

89 5371 394 5438 Editi'oﬁz
429 5371 542 5429 aid"
573 5373 737 5433 ὅπως.

161 5491 286 5556 (80)
317 5483 810 5560 Προαποκείμενος.
869 5475 960 5560 _Sic
987 5490 1167 5560 ‘mss.
1227 5490 1368 5560 seat...
1402 5473 1550 5530 Editi
1599 5494 1732 5557 προ-

97 5546 458 5632 απὲκιὲμε-ιὸς
507 5546 654 5620 ἐστι,
675 5551 926 5621 excepta
983 5551 1186 5604 tamen
1231 5546 1489 5604 editione
1536 5546 1736 5620 prima

91 5631 288 5688 Basil.

1824 3125 1980 3177 rum,
2012 3108 2192 3184 idque
2239 3111 2429 3180 jama
2461 3111 2647 3182 longo
2703 3115 2973 3184 tempore
3031 3112 3476 3185 perspeximus.

1827 3197 2165 3256 Ediﬁcatio
2189 3205 2390 3256 autem
2423 3199 2712 3270 Ecclesiae,
2737 3199 3092 3258 delictorum
3119 3200 3484 3274 emendatio,

1827 3303 1970 3358 erga
1998 3287 2222 3344 debiles
2261 3289 2728 3358 commiseratio,
2755 3305 3044 3348 sanorum
3077 3289 3334 3348 fratrum
3386 3291 3486 3348 de-

1827 3379 2016 3434 fensio
2071 3377 2236 3436 nulla
2293 3395 2542 3452 prorsus
2596 3383 2702 3436 est.
2740 3380 2848 3438 Sed
2900 3395 3099 3454 neque
3151 3379 3487 3438 remedium

1828 3467 2040 3536 ullum,
2075 3472 2179 3524 aut
2207 3468 2458 3526 morbus
2489 3469 2651 3542 prior
2693 3474 2954 3540 curetur,
2992 3473 3097 3526 aut
3126 3469 3486 3543 impendens

1832 3561 2134 3614 caveatur.
2168 3561 2249 3614 Ac
2301 3557 2568 3632 profecto
2615 3557 2822 3616 similis
2853 3565 2944 3616 est
2975 3559 3247 3616 Ecclesiae
3293 3563 3485 3616 status

1834 3649 1925 3720 (ut
1969 3647 2134 3704 claro
2165 3653 2301 3704 utar
2327 3649 2628 3722 exemplo,
2659 3649 2898 3706 etiamsi
2927 3647 3102 3706 vilius
3131 3665 3260 3706 esse
3286 3647 3487 3706 videa-

1833 3743 1950 3804 tur)
1981 3742 2215 3794 vetusto
2241 3738 2619 3806 vestimento,
2649 3738 2816 3812 quod
2840 3737 3011 3794 facile
3032 3737 3300 3812 qualibet
3316 3755 3487 3798 occa-

1835 3826 2000 3884 sione
2026 3825 2404 3896 discinditur,
2432 3843 2542 3884 nec
2587 3830 2785 3900 potest
2812 3827 3025 3884 iterum
3057 3826 3136 3882 ad
3165 3827 3488 3900 pristinum

1832 3916 2021 3973 robur
2074 3915 2288 3972 redire.
2343 3917 2548 3988 Itaque
2574 3919 2638 3971 ut
2675 3916 2738 3972 in
2784 3915 2887 3972 tali
2935 3919 3204 3988 tempore
3261 3933 3486 3989 magno

1835 4021 1989 4080 opus
2037 4009 2126 4062 est
2179 4004 2375 4062 studio
2427 4021 2497 4060 ac
2541 4005 2732 4064 multa
2780 4005 3110 4076 diligentia,
3141 4009 3204 4064 ut
3255 4005 3489 4080 aliquid

1834 4095 2085 4152 accedat
2110 4093 2505 4152 emolumenti
2553 4093 2852 4152 Ecclesiis.
2883 4095 3371 4154 Emolumentum
3402 4101 3492 4154 est

1834 4191 2036 4244 autem
2091 4183 2364 4242 membra
2392 4186 2559 4258 prius
2598 4184 2836 4241 divulsa
2892 4185 3202 4258 conjungi.
3236 4187 3356 4244 Fiet
3387 4203 3489 4244 au-

1833 4280 1955 4332 tem
2009 4274 2374 4346 conjunctio,
2409 4274 2456 4330 si
2488 4273 2763 4340 velimus,
2792 4274 3014 4347 quibus
3041 4275 3103 4331 in
3147 4275 3330 4332 rebus
3362 4276 3490 4332 ani-

1833 4379 1966 4420 mas
1979 4378 2103 4419 non
2119 4361 2486 4432 laedimus,in
2507 4362 2600 4418 his
2623 4378 2736 4418 nos
2760 4363 2840 4418 ad
2865 4361 3227 4420 inﬁrmiores
3255 4379 3490 4421 accom-

1834 4453 2103 4509 modare.
2141 4455 2288 4510 Cum
2319 4452 2498 4524 igitur
2546 4468 2652 4510 ora
2699 4451 2890 4508 multa
2921 4452 2982 4508 in
3021 4453 3305 4525 Spiritum
3353 4470 3491 4510 san-

1835 4547 2000 4599 ctum
2035 4547 2244 4614 aperta
2275 4541 2490 4614 sint,ac
2520 4540 2739 4612 lingua}
2763 4540 2968 4597 multas
2991 4540 3069 4598 ad
3093 4541 3408 4614 jaciendas
3429 4543 3492 4600 in

1833 4631 2004 4688 illum
2029 4629 2444 4704 blasphemias
2469 4631 2591 4688 sint
2620 4633 2883 4688 exacuta:
2908 4647 2922 4685 :
2946 4646 3232 4702 rogamus
3273 4648 3403 4700 vos,
3429 4637 3494 4690 ut

1835 4725 2134 4795 quantum
2146 4721 2206 4778 in
2221 4721 2392 4778 vobis
2406 4723 2512 4792 est,
2523 4721 2600 4776 ad
2611 4736 2868 4794 parvum
2882 4736 3204 4778 numerum
3217 4720 3497 4796 blasphe-

1835 4816 2073 4868 mantes
2113 4811 2428 4882 redigatis;
2454 4815 2509 4868 et
2527 4811 2632 4884 qui
2669 4811 2952 4884 Spiritum
2976 4816 3252 4868 sanctum
3269 4823 3498 4871 creatu-

1835 4918 1971 4958 ram
2007 4917 2136 4957 esse
2159 4917 2282 4956 non
2311 4899 2540 4970 dicunt,
2575 4917 2676 4956 eos
2699 4899 3004 4972 recipiatis
3029 4901 3090 4956 in
3121 4905 3499 4961 communio-

1838 4995 2073 5060 nem,ut
2103 4990 2446 5062 blasphemi
2465 4989 2882 5063 relinquantur
2904 4989 3114 5060 soli,ac
3145 4992 3238 5048 vel
3265 4994 3498 5065 pudore

1899 5118 2025 5240 ἐει)
2059 5114 2401 5190 Ἀπαγγελεῖ.
2455 5118 2542 5171 Ita
2593 5131 2743 5171 mss.
2795 5115 3085 5192 quinque.
3135 5117 3286 5174 Editi
3343 5117 3499 5194 ἐπαγ-

1899 5232 1900 5235 η
1935 5197 1997 5240 εἴ.

1848 5211 1858 5224 μ
1905 5208 1930 5240 Α
1986 5227 1997 5240 .

1848 5208 2024 5336 ﬁgi?)
2057 5261 2470 5336 Θεραπευτικόν.
2492 5257 2643 5336 M_ed.
2668 5261 3165 5336 προθεραπευτικόν.

1907 5329 2021 5404 (83)
2053 5329 2424 5404 Διέσπασμὲνα
2447 5371 2459 5384 .
2531 5333 2660 5387 Duo
2709 5329 2862 5388 'ms's
2888 5373 2903 5390 .
2964 5329 3322 5406 διεσπαρμένα
3349 5373 3362 5400 ,
3409 5333 3498 5390 di.

1841 5419 2070 5474 spersa.

1853 5473 1879 5565 ,ί
1915 5477 2026 5563 ς84)
2089 5473 2192 5547 Ἐφ’
2261 5475 2384 5548 ὑμῖν
2417 5514 2430 5527 .

1843 5567 2129 5678 ημένλὶὶεε
2161 5619 2346 5678 CCIII.
2381 5617 2614 5694 Scripta
2635 5617 2796 5675 circa
2820 5619 3052 5674 an.372.

2489 5477 2572 5532 Ita
2627 5490 2791 5530 mss.
2861 5474 3150 5548 quinque.
3217 5473 3368 5532 Editi
3424 5475 3508 5552 ἐφ’
