4054 6200
513 283 614 338 527

1887 273 1943 330 S.
1983 271 2230 329 BASILII
2269 271 2488 330 MAGNI

3758 282 3844 338 528

512 403 720 462 suﬁ‘usi
779 402 858 461 ad
903 402 1211 460 veritatem
1268 399 1536 467 redeant,
1563 399 1652 457 vel
1696 399 1744 456 si
1800 399 1860 455 in
1911 400 2161 470 peccato

2281 417 2398 460 τους
2426 401 2498 471 μὴ
2552 398 2793 472 λέγοντας
2830 403 3030 474 κτίσμα
3059 402 3117 453 τὸ
3167 407 3377 474 Πνεῦμα
3422 403 3480 454 τὸ
3533 403 3672 475 ἅγιον
3707 401 3836 478 δέχε·

514 497 778 564 manent,
809 491 1160 550 auctoritate
1192 494 1437 547 careant
1465 489 1545 546 ob
1589 489 1979 562 paucitatem.
2009 485 2163 543 Nihil

515 584 694 654 igitur
744 581 1004 654 amplius
1047 595 1449 652 exposcamus
1485 594 1497 633 :
1528 577 1634 634 sed
1686 575 2022 632 volentibus
2062 590 2167 630 no-

517 672 754 730 biscum
785 669 1069 742 conjungi
1101 667 1380 726 fratribus
1412 667 1600 724 ﬁdem
1627 666 1925 723 Nicaenam
1949 679 2170 736 propo-

520 779 776 820 namus:
810 777 880 817 ac
907 760 954 816 si
983 759 1033 816 ei
1060 758 1494 824 assentiuntur,
1524 756 1674 813 illud
1694 771 1939 830 quoque
1971 753 2172 826 exiga-

520 869 678 919 mus,
706 850 990 924 Spiritum
1021 852 1295 905 sanctum
1323 851 1660 904 creaturam
1703 845 1819 901 dici
1840 859 1964 899 non
1994 858 2171 915 opor-

521 947 663 1010 tere,
693 945 872 996 eteos
903 937 1005 1011 qui
1034 937 1258 1008 dicunt,
1290 937 1475 1008 recipi
1506 935 1586 992 ab
1624 933 1774 1007 ipsis
1801 935 1861 989 in
1902 948 2172 989 commu-

520 1029 767 1085 nionem
821 1043 946 1084 non
997 1025 1254 1082 debere.
1316 1023 1470 1081 Nihil
1527 1027 1730 1079 autem
1788 1025 2001 1095 praeter
2044 1021 2172 1077 haec

521 1116 972 1191 exposcendum
1017 1129 1150 1170 esse
1199 1129 1436 1169 censeo.
1468 1111 1782 1168 Enimvero
1813 1124 2171 1184 persuasum

523 1206 671 1264 mihi
700 1209 792 1262 est
847 1203 1222 1261 diuturniore
1274 1203 1426 1258 inter
1478 1217 1590 1258 nos
1639 1199 2072 1257 consuetudine
2104 1213 2174 1254 ac

523 1300 736 1354 mutua
760 1295 906 1351 citra
951 1291 1396 1350 contentionem
1441 1290 1887 1356 exercitatione,
1912 1288 1965 1343 si
1994 1289 2175 1344 etiam

525 1384 675 1458 quid
721 1381 986 1454 amplius
1017 1379 1430 1451 adjiciendum
1471 1379 1547 1435 sit
1575 1376 1941 1450 explanandi
1967 1392 2174 1448 causa,

526 1473 810 1529 daturum
861 1470 922 1526 id
975 1468 1297 1525 Dominum
1362 1468 1468 1540 qui
1526 1467 1728 1541 ipsum
1788 1465 2178 1537 diligentibus

525 1560 732 1622 omnia
751 1562 1108 1634 cooperatur
1137 1558 1200 1615 in
1223 1558 1456 1615 bonum
1488 1559 1552 1614 υ.

1057 1765 1393 1821 EPISTOLA
1441 1764 1643 1819 CXlV'.

2280 489 2403 540 σθαι
2468 488 2536 550 εἰς
2606 494 2912 560 κοινωνίαν,
2987 492 3071 543 ῖνα
3133 495 3281 563 μόνοι
3350 492 3742 564 καταλειιρθῶσιν
3789 499 3829 548 οἱ

2277 575 2604 650 βλάσφημοι,
2633 581 2782 640 καὶῆ
2826 582 3300 652 καταισχυνθέντες
3365 579 3674 635 ἐπανέλθωσι
3727 588 3833 658 πρὸς

2277 670 2369 724 τὴν
2459 665 2741 738 ἀλήθειαν,
2791 673 2821 728 ἧ
2879 667 3198 743 ὶπιμένοντες
3371 669 3604 746 ἁμαρτίᾳ
3668 671 3840 737 ἀναξίου

2275 773 2458 807 πιστοί
2497 751 2597 809 ὦσι
2641 753 2734 809 διὰ
2778 762 2870 817 τὴν
2925 757 3222 830 ὀλιγότητα.
3283 757 3462 818 Μηδὲν
3510 765 3675 813 τοίνυν
3718 761 3845 815 πλέον

2278 842 2640 918 ἐπιζητῶμεν,
2709 845 2836 899 ἀλλά
2906 849 3290 922 προτεινώμεθα
3367 856 3472 910 τοῖς
3547 849 3850 922 βουλομένοις

2278 933 2402 1004 ἡμῖν
2466 937 2840 988 συνάπτεσθαιι
2900 933 3136 1009 ἀδελφοῖς
3176 940 3269 995 τὴν
3325 935 3372 988 ἐν
3431 942 3627 1010 Νικαίᾳ
3675 943 3850 992 πίστιν·

2279 1023 2374 1073 κᾶν
2431 1020 2592 1096 ἐκείνη
2657 1025 2961 1092 συνθῶνται,
3019 1023 3346 1100 ἐπερωτῶμεν
3402 1030 3492 1078 καὶ
3539 1030 3596 1079 τὸ
3651 1032 3716 1100 μὴ
3755 1025 3850 1081 δεὶν

2278 1109 2522 1182 λέγεσθαι
2580 1117 2782 1185 κτίσμα
2835 1117 2894 1166 τὸ
2954 1121 3161 1186 Πνεῦμα
3200 1117 3259 1167 τὸ
3297 1114 3466 1186 ἂγιον,
3499 1113 3637 1188 μηδὲ
3692 1137 3852 1168 κοινω-

2280 1204 2451 1262 νικοῦς
2470 1203 2636 1254 αὐτῶν
2668 1203 2796 1255 εἶναι
2832 1207 2952 1266 τοὺς
2979 1203 3240 1275 λέγοντας.
3284 1209 3424 1279 Πέρα
3455 1201 3513 1258 δὲ
3542 1208 3725 1258 τούτων
3753 1209 3858 1280 (85)

2285 1288 2412 1353 ἀξιῶ
2455 1288 2622 1364 μηδὲν
2674 1290 3038 1354 ἕπιζητεῖσθαι
3074 1295 3197 1367 παρ’
3229 1296 3395 1366 ἡμῶν.
3430 1299 3852 1372 Πέπεισμαιγάρ,

2285 1379 2366 1432 ὅτι
2411 1388 2473 1452 τῇ
2537 1387 2862 1457 χρονιωτέρᾳ
2903 1379 3242 1456 συνδιαγωγῇ
3298 1390 3388 1436 καὶ
3445 1393 3506 1457 τῇ
3577 1383 3854 1458 ἀφιλονείκῳ

2287 1475 2695 1543 συγγυμνασία,
2728 1476 2818 1524 καὶ
2871 1475 2914 1524 εἰ
2966 1491 3017 1524 τι
3075 1469 3186 1525 δέοι
3234 1472 3384 1526 πλέον
3434 1477 3768 1548 προστεθῆναι
3795 1476 3862 1538 εἰς

2284 1561 2562 1632 τράνωσιν,
2590 1557 2752 1613 δώσει
2772 1562 2797 1614 6
2828 1564 3018 1636 Κύριος
3047 1563 3072 1614 ὀ
3101 1564 3270 1616 πάντα
3328 1572 3586 1640 συνεργῶν
3624 1565 3692 1627 εἰς
3743 1564 3861 1638 ἀγα-

2289 1649 2375 1700 θὸν
2407 1655 2514 1712 τοῖς
2545 1647 2820 1722 ἀγαπῶσιν
2852 1651 3026 1705 αὐτόν.

2819 1769 3154 1818 ΕΠΙΣΤΟΛΙΙ
3214 1765 3348 1821 ΡῙΔ’.

525 1884 674 1965 Cum
713 1887 1097 1965 exortaesset
1133 1883 1198 1937 in
1216 1883 1384 1965 "clero
1417 1879 1716 1965 ‘T‘a'rsensi
1743 1880 1955 1965 aliqua
1986 1877 2293 1965 dissensio,
2327 1877 2594 1934 Basilius
2623 1880 2788 1965 pacis
2836 1883 3258 1965 constituenda:
3289 1884 3537 1965 cupidus
3578 1883 3729 1965 lianc
3757 1886 3857 1955 Cy-

593 1957 758 2013 riaco
780 1955 1176 2012 conditionem
1200 1953 1344 2021 fert,
1365 1957 1430 2007 ut
1459 1952 1771 2023 Nicaeuam
1799 1951 1977 2019 ﬁdem
2015 1949 2193 2023 nulla
2217 1964 2458 2023 prorsus
2483 1956 2732 2018 excepta
2756 1966 2894 2008 voce
2912 1954 3185 2021 recipiat,
3214 1959 3268 2009 et
3293 1949 3561 2022 fateatur
3578 1949 3859 2023 Spirituin

592 2033 868 2085 sanctum
901 2019 1384 2096 creaturainrdici
1411 2037 1531 2096 non
1561 2022 1907 2089 deberemee
1937 2037 2070 2078 cum
2094 2021 2167 2076 iis
2197 2020 2303 2092 qui
2326 2019 2533 2076 dicunt
2565 2019 3420 2094 communicandum.Spondet
3437 2042 3548 2096 pro
3574 2019 3862 2096 fratribus

592 2100 749 2157 nihil
778 2113 872 2156 eos
901 2098 1162 2166 amplius
1193 2095 1268 2151 ab
1297 2109 1360 2151 eo
1384 2095 1706 2164 petituros.

880 2223 1155 2293 Cyriaco,
1193 2221 1367 2277 Tarsi
1401 2218 1816 2276 commoranli.

592 2350 895 2416 Quantum
922 2345 995 2402 sit
1026 2345 1193 2418 pacis
1237 2343 1491 2410 bonum,
1526 2341 1676 2416 quid
1709 2357 1866 2415 opus
1898 2344 1985 2398 est
2010 2339 2175 2413 apud

518 2437 686 2512 pacis
715 2436 868 2492 ﬁlios
916 2435 1152 2492 dicere?
1181 2434 1329 2500 Quia
1359 2433 1540 2505 igitur
1569 2447 1869 2503 magnum
1898 2431 2046 2486 illud
2071 2429 2178 2487 bo-

518 2546 687 2596 num,
721 2531 777 2584 et
801 2525 1253 2595 admirandum,
1285 2529 1341 2580 et
1365 2523 1654 2581 omnibus
1704 2522 1810 2595 qui
1852 2521 2173 2578 Dominum

518 2618 774 2689 diligunt
800 2616 1062 2672 maxime
1085 2613 1514 2688 expetendum,
1533 2612 1661 2683 jam
1679 2627 1835 2684 pene
1849 2609 1928 2667 ad
1943 2609 2174 2665 nudam

518 2720 730 2762 vocem
754 2703 1066 2782 redactum
1096 2707 1204 2773 est,
1233 2718 1303 2758 eo
1330 2701 1498 2775 quod
1530 2699 1931 2773 multiplicata
1961 2699 2034 2755 sit
2062 2698 2174 2754 ini-

519 2793 735 2868 quitas,
768 2793 1115 2863 refrigerata
1149 2792 1268 2863 jam
1311 2792 1374 2847 in
1430 2789 1637 2848 multis
1693 2790 2017 2854 charitate;
2060 2787 2176 2843 hoc

519 2898 710 2939 unum
756 2881 1014 2939 arbitror
1066 2881 1137 2940 iis
1185 2881 1289 2954 qui
1330 2895 1616 2951 germane
1648 2883 1703 2935 et
1735 2893 1869 2934 vere
1923 2876 2175 2933 Domino

520 2971 802 3040 serviunt,
837 2970 1038 3028 studio
1087 2985 1219 3026 esse
1277 2969 1519 3035 debere,
1555 2973 1619 3024 ut
1657 2966 1947 3023 Ecclesias
1995 2966 2175 3022 variis

518 3059 790 3132 partibus
836 3058 1160 3132 multisque
1212 3056 1411 3114 modis
1461 3059 1611 3112 inter
1655 3071 1716 3111 se
1767 3054 2055 3110 discissas
2096 3053 2174 3110 ad

521 3149 809 3205 unitatem
829 3145 1322 3213 reducant.Quod
1341 3148 1398 3201 et
1419 3159 1529 3214 ego
1552 3143 1748 3200 facere
1779 3143 1926 3198 dum
1957 3158 2174 3214 aggre-

519 3236 670 3304 dior,
700 3237 1001 3293 immerito
1023 3235 1244 3292 curiosi
1270 3233 1534 3291 hominis
1566 3233 1792 3288 crimen
1817 3232 2171 3288 sustineam.

519 3324 672 3382 Nihil
720 3326 890 3398 207
947 3325 1104 3380 enim
1157 3322 1473 3382 Christiani
1521 3326 1645 3378 tam
1694 3321 2008 3394 proprium
2061 3324 2171 3388 est,

519 3430 708 3488 quam
737 3430 952 3486 pacem
975 3413 1295 3470 conciliare
1328 3428 1340 3468 :
1369 3412 1531 3468 unde
1563 3416 1619 3468 et
1637 3410 1820 3482 hujus
1847 3411 1931 3466 rei
1953 3425 2174 3466 merce-

2568 2223 2684 2279 Τοῖς
2717 2216 2993 2294 ἐνιΤαρσῷ
3023 2224 3140 2296 περὶ
3173 2224 3432 2297 Κυριακόν
3463 2225 3592 2294 (86).

2352 2347 2510 2395 Ὅσον
2561 2340 2674 2396 ἔστὶ
2719 2346 2779 2396 τὸ
2818 2352 2908 2406 τῆς
2961 2344 3163 2420 εἰρήνης
3207 2345 3424 2419 ἀγαθὸν,
3454 2352 3507 2401 τί
3555 2353 3664 2424 χρὴ
3715 2349 3870 2422 λέγειν

2281 2433 2410 2505 πρὸς
2461 2428 2656 2506 ἄνδρας
2710 2435 2857 2496 υἱοὺς
2906 2442 3000 2496 τῆς
3066 2435 3308 2508 sip-rium;
3343 2436 3483 2490 Ἐπεὶ
3513 2434 3600 2490 οὖν
3647 2441 3703 2492 τὸ
3741 2442 3875 2512 μέγα

2281 2527 2454 2587 τοῦτο,
2517 2525 2607 2574 καὶ
2679 2523 3017 2595 θαυμαστὸν,
3071 2529 3160 2577 καὶ
3224 2531 3360 2578 πᾶσι
3419 2524 3873 2600 περισπούδαστον

2281 2617 2386 2670 τοῖς
2435 2607 2681 2682 ἀγαπῶσι
2710 2614 2796 2664 τὸν
2838 2615 3062 2686 Κύριον,
3095 2610 3386 2669 κινδυνεύει
3412 2615 3591 2669 λοιπὸν
3623 2616 3692 2678 εἰς
3717 2621 3878 2690 ὄνομα

2281 2697 2432 2769 ψιλὸν
2461 2709 2808 2774 περιστῆναι,
2853 2697 2946 2755 διὰ
2973 2705 3032 2755 τὸ
3083 2702 3443 2765 πληθυνθῆναι
3485 2710 3578 2764 τὴν
3629 2704 3871 2779 ἀνομίαν,

2280 2787 2542 2860 ψυγείσης
2579 2788 2757 2842 λοιπον
2815 2789 2862 2842 ἐν
2929 2799 3034 2853 τοῖς
3099 2792 3299 2856 πολλοῖς
3339 2795 3454 2867 (87)
3511 2802 3601 2856 τῆς
3650 2794 3875 2868 ἀγάπης,

2281 2879 2429 2951 οζιιαι
2483 2884 2758 2953 προσήκειν
2825 2885 2949 2954 μίαν
3006 2885 3202 2942 ταύτην
3269 2880 3398 2936 εἶναι
3479 2881 3717 2945 σπουδὴν
3770 2894 3880 2949 τοῖς

2280 2972 2508 3040 γνησίως
2545 2973 2632 3020 καὶ
2660 2967 2909 3032 ἀληθινῶς
2964 2967 3272 3026 δουλεύουσι
3292 2981 3365 3044 τῷ
3397 2979 3592 3049 Κυρίῳ,
3619 2977 3674 3028 τὸ
3715 2974 3879 3028 ἔπαν-

2281 3065 2494 3129 αγαγεῖν
2545 3061 2672 3132 πρὸς
2719 3060 2895 3112 ἰνωσιν
2946 3061 3040 3123 τάς
3069 3060 3400 3134 Ἐκκλησίας,
3451 3065 3538 3125 τὰς
3582 3063 3885 3139 πολυμερῶς

2279 3151 2370 3199 καὶ
2393 3146 2728 3223 πολυτρόπως
2776 3148 2862 3201 ἀπ’
2899 3148 3126 3209 ἀλλήλων
3165 3149 3567 3226 διατμηθείσας.
3589 3152 3654 3205 ⁴¹Ο
3688 3151 3756 3213 δὴ
3795 3161 3888 3209 καὶ

2282 3237 2434 3299 αὐτὸς
2461 3236 2742 3313 ἐπιχειρῶν
2773 3247 2956 3310 ποιεῖν,
2988 3239 3083 3292 οὐκ
3120 3242 3182 3293 ἄν
3232 3238 3454 3303 δικαίως
3513 3241 3892 3316 πολυπράγμοο

2279 3346 2362 3389 νος
2404 3326 2574 3380 αἰτίαν
2611 3325 2841 3400 λάϐοιμι.
2879 3325 3048 3382 Οῦδεν
3085 3331 3188 3406 γὰρ
3219 3331 3380 3394 οῦτως
3420 3327 3559 3384 ἴδιόν
3615 3329 3730 3384 ἔστι
3755 3339 3892 3405 Χρι-

2285 3423 2521 3484 στιανοῦ,
2555 3419 2618 3478 ὡς
2665 3420 2721 3469 τὸ
2783 3418 3151 3493 εἰρηνοποιεῖν’
3187 3416 3272 3472 διὸ
3329 3425 3420 3473 καὶ
3475 3424 3561 3473 τὸν
3609 3419 3690 3472 ἐπ’
3741 3422 3892 3494 αὐτῷ

519 3501 1004 3559 demmaximam
1029 3501 1206 3558 nobis
1236 3501 1525 3558 Dominus
1551 3499 2169 3572 promisit.Postquam

2281 3508 2470 3579 μισθὸν
2517 3510 2765 3580 μέγιστον
2817 3509 2994 3580 ἡμῖνὸ
3035 3511 3224 3584 Κύριος
3275 3508 3645 3582 ἐπηγγείλατο.
3699 3517 3896 3564 Συντυ-

517 3592 698 3664 igitur
735 3608 875 3648 cum
924 3591 1208 3648 fratribus
1258 3606 1620 3661 congressus
1676 3605 1809 3646 sum
1843 3604 2174 3662 eorumque

517 3683 796 3757 perspexi
817 3697 1113 3753 magnum
1142 3682 1204 3738 in
1228 3680 1440 3738 fratres
1467 3685 1523 3737 et
1553 3681 1612 3738 in
1642 3679 1881 3749 vos,sed
1908 3684 1964 3736 et
1987 3679 2174 3736 multo

518 3774 813 3846 majorem
834 3772 897 3828 in
947 3771 1243 3829 Christum
1275 3786 1570 3839 amorem,
1605 3785 1677 3826 ac
1705 3769 1848 3824 ﬁdei
1873 3769 2174 3839 integrita-

516 3867 638 3920 tem
663 3868 721 3920 et
749 3861 1127 3929 ﬁrmitatem;
1157 3864 1214 3918 et
1243 3864 1567 3932 utrumque
1595 3859 1740 3931 ipsis
1771 3873 1996 3928 magno
2041 3874 2174 3914 esse

519 3952 742 4023 studio,
773 3956 838 4007 ut
887 3966 1082 4024 neque
1109 3966 1145 4006 a
1176 3954 1372 4006 vestra
1422 3948 1709 4004 charitate
1763 3952 2171 4019 segregentur,

516 4055 713 4113 neque
757 4039 943 4095 ﬁdem
984 4055 1203 4095 sanam
1256 4037 1561 4111 prodant;
1603 4037 1717 4093 hac
1750 4053 1963 4093 eorum
2009 4036 2175 4093 bona

516 4133 714 4186 mente
740 4127 1244 4202 comprobata,ad
1277 4131 1539 4184 vestram
1567 4127 1922 4200 gravitatem
1953 4126 2172 4196 scribo,

514 4219 844 4277 obsecrans
865 4218 1033 4275 omni
1055 4217 1365 4284 charitate,
1399 4220 1465 4272 ut
1492 4231 1597 4272 eos
1621 4231 1756 4272 vere
1781 4220 1838 4271 et
1865 4232 1938 4272 ex
1969 4216 2175 4272 animo

514 4311 868 4382 conjunctos
881 4307 1200 4380 omnisque
1211 4305 1625 4363 ecclesiasticae
1643 4321 1799 4361 curae
1855 4306 2175 4378 participes

512 4401 808 4460 habeatis.
842 4398 996 4465 Quin
1035 4402 1092 4454 et
1121 4395 1234 4453 illis
1280 4394 1586 4469 spopondi
1614 4398 1840 4452 rectam
1893 4410 2026 4450 esse
2072 4411 2173 4452 ve-

512 4499 696 4551 stram
720 4493 1087 4557 mentem,ac
1109 4502 1217 4543 vos
1245 4485 1347 4542 Dei
1376 4485 1569 4557 gratia
1592 4499 1704 4558 pro
1723 4489 1923 4541 vestro
1955 4485 2172 4542 verita-

514 4583 582 4638 tis
597 4580 797 4638 studio
810 4578 887 4635 ad
901 4577 1106 4634 omnia
1119 4580 1364 4649 paratos
1379 4590 1937 4648 esse,quaecumque
1949 4591 2060 4648 pro
2077 4590 2170 4631 ve-

507 4671 695 4730 ritatis
711 4668 983 4726 doctrina
1003 4668 1128 4740 pati
1157 4664 1502 4739 oportuerit.
1529 4666 1665 4730 Quae
1689 4668 1984 4729 autem,ut
2013 4665 2167 4722 mihi

507 4759 867 4836 persuadeo,
899 4772 1096 4830 neque
1125 4754 1302 4812 vobis
1325 4754 1745 4821 adversantur,
1779 4758 1834 4810 et
1865 4752 2159 4826 praedictis

2281 3598 2393 3667 χῶν
2444 3599 2613 3648 τοίνυν
2677 3603 2786 3657 τοῖς
2865 3593 3122 3670 ἀδελφοῖς,
3185 3601 3276 3650 καὶ
3340 3600 3654 3672 θεασάμενος
3719 3599 3895 3651 αὐτῶν

2281 3683 2409 3736 πολὺ
2435 3687 2526 3757 μὶν
2555 3687 2612 3736 τὸ
2666 3681 2971 3758 φιλάδελφον
3028 3691 3118 3739 καὶ
3162 3689 3219 3740 τὸ
3262 3692 3380 3762 περὶ
3425 3689 3556 3762 ὑμᾶς
3607 3686 3895 3761 ἀγαπητι-

2282 3776 2391 3840 κὸν,
2448 3773 2618 3844 πολλῷ
2649 3770 2708 3827 δὲ
2737 3775 2812 3826 ἔτι
2836 3773 2984 3828 πλέον
3022 3779 3080 3828 τό
3122 3775 3463 3851 φιλόχριστον
3515 3781 3604 3831 καὶ
3652 3781 3714 3830 τὸ
3771 3784 3903 3853 περὶ

2281 3867 2375 3921 τὴν
2439 3867 2619 3916 πίστιν
2661 3862 2864 3937 ἀκριϐές
2919 3883 2974 3918 τε
3019 3870 3110 3917 καὶ
3158 3869 3377 3919 εὔτονον·
3411 3872 3502 3919 καὶ
3548 3867 3628 3920 ὁτι
3690 3868 3906 3927 πολλὴν

2284 3949 2582 4024 ἀμφοτέρων
2618 3961 2890 4005 ποιοῦνται
2941 3951 3202 4022 σπονδὴν,
3232 3963 3338 4014 τῆσ
3374 3976 3428 4009 τε
3465 3957 3716 4030 ὑμετέρας
3761 3956 3912 4029 ἀγοί-

2280 4060 2383 4103 πης
2430 4045 2501 4114 μὴ
2543 4041 2894 4114 χωρίζεσθαι,
2927 4048 3016 4096 καὶ
3056 4049 3150 4103 τήν
3198 4046 3534 4118 ὑγιαίνουσαν
3589 4050 3784 4099 πίστιν
3829 4052 3908 4119 μὴ

2282 4127 2730 4205 καταπροδοῦναι·
2813 4129 3194 4206 ἀποδεξάμενος
3282 4135 3449 4188 αὐτῶν
3519 4139 3612 4194 τὴν
3684 4133 3916 4206 ἀγαθήν

2281 4223 2603 4293 προαίρεσιν,
2655 4217 2932 4273 ἐπιστέλλω
2967 4229 3028 4295 τῇ
3091 4241 3368 4295 σεμνοτητι
3417 4225 3580 4297 ὑμῶν,
3632 4243 3915 4298 παρακα-

2280 4306 2379 4359 λῶν
2419 4309 2565 4368 πάση
2627 4307 2803 4382 ἀγάπη
2859 4312 2998 4383 ἔχειν
3052 4311 3239 4373 αὐτοὺς
3293 4315 3579 4386 ἡνωμένους
3620 4319 3916 4384 γνησίως,

2279 4401 2368 4450 καὶ
2410 4399 2583 4459 πάσης
2621 4396 3064 4464 ἐκκλησιαστικῆς
3119 4399 3394 4476 φροντίδος
3447 4405 3755 4464 κοινωνούς·
3816 4402 3915 4475 £7-

2276 4489 2608 4560 γυησάμενος
2661 4494 2751 4541 καὶ
2803 4489 2981 4552 αὐτοῖς
3026 4495 3116 4549 τὴν
3169 4492 3414 4565 ὑμετέραν
3469 4491 3765 4567 ὀρθότητα,
3825 4493 3911 4544 ὅτι

2275 4581 2365 4629 καὶ
2385 4577 2531 4630 αὐτοὶ
2560 4586 2621 4652 τῇ
2655 4586 2746 4632 τοῦ
2795 4587 2927 4633 Θεοῦ
2983 4582 3170 4654 χάριτι
3201 4589 3272 4652 τῷ
3311 4582 3437 4654 ὑπερ
3485 4589 3577 4644 τῆς
3630 4579 3914 4642 ἀληθείας

2276 4664 2416 4739 ζήλῳ
2471 4670 2597 4743 πρὸς
2660 4670 2826 4721 πάντα
2883 4667 2998 4721 ἐστί
3056 4674 3519 4744 παρατεταγμένοι,
3567 4668 3787 4741 ὅσοιπερ
3851 4670 3921 4721 διν

2273 4751 2364 4829 δέῃ
2389 4757 2502 4828 (88)
2534 4759 2715 4810 παθεῖν
2755 4760 2879 4834 ὑπὲρ
2931 4766 3022 4811 τοῦ
3078 4758 3232 4830 λόγου
3289 4768 3386 4822 τῆς
3422 4758 3703 4823 ἀληθείας,
3729 4758 3923 4813 Ἐστι

503 4850 791 4910 fratribus
821 4847 964 4905 satis
1021 4848 1165 4902 sunt
1209 4843 1290 4902 ad
1337 4845 1633 4914 integram
1673 4842 2154 4916 persuasionem,

2281 4841 2331 4898 δὲ
2385 4848 2453 4908 ὡς
2507 4843 2726 4920 ἕμαυτόν
2764 4848 2946 4920 πείθω,
2976 4849 3043 4900 τὰ
3091 4851 3209 4901 οὔτε
3273 4849 3393 4922 ὑμῖν
3424 4849 3544 4901 ὑπεν
3573 4851 3766 4914 αντία,
3809 4853 3923 4901 καὶ

579 4981 625 5016 ²²
669 4981 836 5035 Rom.
869 4989 988 5042 vui,
1019 4975 1110 5030 28.

572 5107 591 5128 "
630 5102 787 5160 Alias
816 5098 994 5170 CCLV.
1029 5096 1258 5170 Scripta
1279 5096 1439 5152 circa
1460 5109 1570 5170 an.
1603 5097 1726 5151 372.

571 5176 863 5250 (85)ᾤΠέρα
893 5166 974 5250 ἐξ
1019 5166 1284 5250 τούσλτων...
1349 5167 1472 5240 παρ’
1529 5168 1723 5250 ἡμῶν..
1765 5169 1866 5250 _Ita
1887 5170 2155 5250 “septem

499 5236 844 5307 mss.'Edi'ti
875 5244 1042 5314 Hegea
1090 5236 1161 5314 δὲ.
1202 5236 1460 5314 taurum}.
1509 5236 1632 5314 παρ’
1676 5237 1838 5314 ὑμῶν.
1886 5236 2154 5314 Situ—ilum

495 5335 744 5394 prorsus
787 5309 984 5394 animi
1023 5309 1860 5394 moderationem_G‘regorius
1899 5312 2045 5394 ‘Naz.
2077 5310 2151 5366 iis

495 5379 753 5460 Exhibet,
787 5385 921 5460 qui_
943 5381 1179 5460 Spiritui
1230 5385 1437 5460 saneto
1479 5379 1858 5460 divinitatem
1897 5379 2151 5460 libenter

495 5450 856 5524 tribuebant,
893 5450 1003 5511 Dei'
1029 5467 1255 5510 nomen
1287 5451 1540 5508 tribuere
1571 5450 1958 5520 verebantur,
1993 5456 2144 5512 orat.

501 5538 684 5674 “(sgf
886 5599 934 5652 εν
981 5603 1192 5674 Ταρσῷ,
1224 5597 1335 5652 etc.
1393 5595 1478 5653 Ita
1517 5592 1670 5652 Med.
1699 5595 1757 5652 et
1805 5591 1983 5652 Coisl.
2027 5594 2148 5668 pri-

2265 5095 2719 5172 mus.Nonnulli
2755 5096 2854 5172 alii
2899 5104 3018 5159 Τοῖς
3049 5096 3099 5149 ίν
3135 5103 3326 5168 Ταρσῷ
3364 5102 3472 5158 τοῖς
3510 5100 3627 5172 περὶ
3679 5103 3930 5172 Κυρια-

2263 5172 2380 5244 κόνἶ
2405 5169 2554 5244 Edlti
2581 5176 2702 5230 Τοῖς
2727 5169 2905 5244 αὐτοῖς
2925 5173 3043 5244 περὶ
3067 5167 3326 5242 κυριακὸν
3356 5167 3748 5240 παραπλῆσια.

2335 5241 2447 5311 (87)
2481 5240 2561 5292 Ἐν
2585 5248 2687 5313 τοῖς
2726 5240 2930 5301 πολλοῖς
2967 5239 3310 5313 Praepbsitio
3340 5239 3546 5296 addita
3577 5255 3655 5296 ex
3694 5239 3935 5296 Coisl.

2262 5313 2459 5384 primo
2485 5315 2546 5384 et
2573 5311 2691 5384 alio
2724 5329 2836 5367 ms.

2333 5385 2440 5453 (88)
2475 5380 2721 5465 ᾇᾼνάῗὲρο
2773 5383 3161 5465 Samaei
3212 5381 3387 5465 Ceisl;
3439 5381 3944 5465 ρι’ίιημεέξιεειι

2260 5451 2534 5510 nonnulli
2582 5451 2734 5510 aliis.
2773 5454 2926 5510 Editi
2977 5455 3035 5508 ἀν
3077 5451 3212 5512 δέοι.
3243 5451 3454 5510 Paulo‘
3483 5456 3618 5525 post
3651 5451 3836 5508 editi
3873 5455 3948 5504 ἐκ

2259 5533 2357 5578 τῶν
2388 5531 2649 5602 Πατέρων.
2683 5525 3100 5598 Coisl.primus
3131 5531 3189 5583 et
3216 5525 3337 5582 duo
3360 5525 3461 5582 alii
3487 5524 3556 5580 ut
3585 5524 3654 5579 in
3683 5528 3938 5581 textu.
