4054 6200
488 308 588 368 531
1837 299 1892 357 S.
1935 295 2184 354 BASILII
2233 295 2460 354 MAGM

3733 303 3834 360 532

485 433 858 492 immundus.
881 433 952 489 At
981 447 1012 487 e
1033 429 1308 503 supernis
1331 427 1532 486 veniet
1559 425 1708 494 avis,
1733 439 1869 498 quae
1893 423 2006 480 has
2035 421 2134 478 de-

2246 429 2404 475 ταῦτα
2430 426 2721 496 νεμόμενον.
2757 423 2902 496 Ἐμοὶ
2945 425 3048 498 ’γὰρ
3085 422 3256 495 λόγος,
3299 423 3404 496 οὐχ
3453 427 3524 486 ὡς
3582 427 3648 478 σὺ
3683 431 3828 499 νομί-

485 527 782 598 pascetur.
817 521 950 579 Mihi
975 520 1136 577 enim
1165 519 1502 590 ,reddcnda
1547 517 1720 586 ratio,
1777 530 1904 571 non
1953 517 2020 570 ut
2071 520 2134 570 tu

487 614 814 682 existimas,
845 611 952 668 sed
985 615 1050 668 ut
1093 613 1246 666 Deus
1281 608 1552 680 judicare
1583 605 1770 664 novit.
1801 604 1974 672 Quod
2001 603 2050 658 si
2079 606 2137 659 et

485 702 736 760 testibus
767 717 924 774 opus
943 699 1069 768 erit,
1103 714 1226 754 non
1257 697 1544 754 sistentur
1591 695 1748 752 servi
1771 709 1970 766 nequc
2029 708 2134 748 eu-

484 792 826 848 nuchorum
879 805 1068 858 genus
1125 788 1480 844 inhonestus
1557 801 1628 841 ac
1703 782 2132 856 perniciosum,

485 897 608 938 non
635 881 907 951 inquam,
941 891 1130 948 genus
1167 875 1337 942 illud,
1363 891 1558 947 neque
1579 874 1902 930 femineum
1937 887 2134 943 neque

485 969 846 1032 masculum,
881 967 1204 1022 mulierum
1227 981 1430 1021 amore
1477 963 1806 1028 insaniens,
1840 961 2134 1027 invidum,

481 1057 756 1114 mercede
813 1056 912 1112 vili
959 1055 1346 1126 conductum,
1411 1052 1794 1120 iracundum,
1853 1051 2134 1118 fractum,

483 1147 672 1202 ventri
694 1146 975 1211 serviens,
1023 1161 1294 1214 avarum,
1353 1158 1600 1210 saevum,
1651 1156 1834 1196 ccenae
1888 1138 2138 1211 plorans

477 1235 1176 1307 jacturam,inconstans,
1207 1232 1517 1297 illiberale,
1535 1229 1782 1303 quidvis
1807 1228 2134 1300 accipiens,

2240 513 2366 578 ζεις,
2400 512 2600 575 ἀλλ’ὡς
2651 510 2764 566 οἶδε
2807 517 2994 589 κρίνειν
3044 507 3186 575 Θέός.
3222 515 3282 567 Εἰ
3325 511 3384 568 δε
3426 519 3516 568 καὶ
3553 521 3830 590 μαρτύρων

2237 606 2416 676 χρεία,
2472 603 2530 655 οὐ
2591 601 2772 656 δοῦλοι
2833 609 3138 673 στήσονται,
3187 599 3311 656 οὐδὲ
3359 603 3624 676 εὐνούχων
3687 609 3834 676 ’γένος

2238 691 2422 762 ἄτιμον
2487 697 2578 744 καὶ
2641 691 3000 766 πανώλεθρον·
3069 700 3220 744 τοῦτο
3286 689 3354 751 δὴ
3407 701 3582 766 τοῦτο,
3641 693 3837 758 ἄθηλυ,

2238 777 2492 856 ἄνανδρον
2525 821 2540 849 ,
2601 784 2975 853 γυναικομανες
3007 825 3020 848 ,
3097 781 3342 844 ἐπίζηλον
3371 824 3384 850 ,
3466 785 3796 852 κακόιαισθον
3823 825 3836 848 ,

2237 870 2514 943 ὀξύθυμον,
2573 868 2961 944 χηλυδριῶδες,
3020 868 3423 945 γαστρίιΐουλον,
3472 875 3835 946 χρυσομανες,

2239 961 2450 1028 ἀπηνὲς,
2519 959 2944 1032 κλαυσίδειπνον,
3013 961 3409 1036 εὖμετάϐλητον,
3487 959 3838 1036 ἀμετάδοτον,

2237 1047 2532 1124 πάνδοκον,
2567 1051 2908 1128 ἀπροσκορες,
2935 1055 3150 1124 μανικόν
3179 1055 3268 1104 καὶ
3299 1053 3618 1113 ζηλότυπον·
3651 1057 3744 1106 καὶ
3787 1057 3843 1106 τί

2238 1141 2338 1213 γὰρ
2372 1143 2446 1193 ἔτι
2489 1141 2644 1194 εἰπεῖν
2675 1159 2688 1209 ;
2722 1147 2815 1194 σὺν
2846 1141 2975 1214 αὐτῇ
3009 1149 3068 1214 τῇ
3101 1147 3298 1214 γενέσει
3329 1139 3838 1218 σιδηροκατάδικον.

2242 1237 2360 1292 Πῶς
2383 1227 2470 1283 οὖν
2499 1235 2690 1283 τούτων
2709 1236 2890 1304 γνώμη
2910 1229 3060 1306 ὀρθὴ,
3087 1229 3154 1282 ὧν
3173 1237 3262 1284 καὶ
3293 1233 3342 1285 οἱ
3369 1229 3476 1286 πόὸ
3479 1252 3530 1294 ες
3557 1232 3800 1306 στρεϐλοί
3824 1249 3840 1300 ;

483 1324 842 1392 insatiabile,
873 1323 1188 1392 furiosum,
1219 1327 1276 1376 et
1323 1321 1698 1392 zelotypum:
1735 1323 1792 1374 et
1827 1317 1976 1390 quid
2007 1317 2134 1388 jam

2246 1320 2404 1372 Οὗτοι
2431 1329 2756 1396 σωφρονοῦσι
2795 1323 2884 1393 μὲν
2915 1323 3120 1393 α’μισθα
3147 1317 3239 1373 δ’ιά
3271 1319 3364 1374 σιὸ
3369 1328 3496 1396 ἡρου
3523 1343 3536 1356 ·
3563 1327 3842 1396 μαίνονται

484 1415 704 1470 ultram
749 1413 1076 1468 dicendum
1129 1413 1270 1468 est?
1309 1410 1488 1466 simul
1519 1415 1582 1467 ut
1605 1413 1818 1466 natum
1845 1412 1954 1476 est,
1982 1407 2134 1462 ferro

2246 1407 2304 1462 δὲ
2329 1413 2542 1486 ἄκαρπα
2573 1409 2649 1464 δι’
2677 1411 2869 1464 οἰκείαν
2901 1411 3256 1485 αἰσχρότητα.
3286 1411 3407 1484 Οὐχ
3437 1413 3580 1465 οὗτοι
3603 1419 3838 1472 στήσον-

485 1503 866 1560 damnatum.
897 1501 1214 1568 Quomodo
1245 1515 1386 1570 ergo
1413 1499 1540 1556 ﬁeri
1562 1499 1792 1572 poterit,
1819 1501 1884 1554 ut
1920 1497 2134 1553 horum

2246 1519 2328 1553 ται
2357 1509 2450 1562 τῆς
2475 1505 2698 1576 κρίσεως
2741 1503 3018 1574 μαρτυρες,
3049 1501 3152 1552 ἀλλ’
3181 1501 3433 1574 ὀφθαλμοὶ
3473 1497 3712 1570 δικαίων,
3743 1509 3840 1556 καὶ

483 1609 659 1649 mens
701 1597 865 1650 recta
919 1567 1012 1662 sit,
1044 1567 1339 1664 quorum—
1361 1595 1420 1647 et
1447 1567 1632 1662 pedes
1684 1587 1916 1645 distorti
1946 1591 2086 1644 sunt
2113 1588 2134 1644 ‘2

2246 1589 2389 1662 ἅψεις
2423 1587 2626 1664 ἀνδρῶν
2663 1590 2864 1643 τελείων
2887 1612 2900 1624 ο
2937 1591 3052 1644 ὅσοι
3079 1595 3196 1644 τότε
3233 1591 3418 1664 ὁρῶσι,
3463 1595 3592 1666 πρὸς
3636 1591 3672 1644 ἆ
3719 1591 3840 1664 βλέ-

483 1683 554 1740 Hi
583 1687 745 1740 caste
774 1682 1020 1755 quidem
1053 1681 1264 1738 vivunt
1293 1681 1526 1752 absque
1567 1678 1845 1735 mercede
1895 1693 2005 1751 per
2027 1677 2134 1734 fer-

2246 1699 2419 1743 ποντες
2437 1689 2526 1733 νῦν
2555 1682 2658 1734 εἰσι
2688 1685 2908 1736 συνέσει.

481 1791 620 1830 rum
653 1791 665 1829 :
701 1773 808 1829 sed
835 1771 1364 1828 amoreinsaniunt
1393 1769 1626 1842 absque
1651 1767 1872 1836 fructu,
1913 1768 1992 1824 ob
2013 1784 2188 1825 suam
2217 1769 2488 1842 ipsorum
2527 1770 2979 1843 turpitudinem.
3013 1771 3140 1827 Non
3169 1769 3230 1826 hi
3275 1770 3686 1842 producentur
3739 1771 3841 1843 ju-

483 1864 621 1920 dicii
639 1867 837 1930 testes,
869 1863 974 1918 sed
1005 1861 1162 1918 oculi
1178 1862 1500 1932 justorum,
1527 1863 1582 1915 et
1607 1863 1967 1931 conspectus
1993 1859 2261 1916 virorum
2281 1861 2703 1933 perfectorum,
2735 1861 3036 1933 quotquot
3073 1864 3218 1916 tunc
3241 1859 3432 1917 oculis
3465 1876 3535 1917 ea
3564 1865 3835 1932 cernent,

483 1953 562 2010 ad
577 1970 711 2026 quae
735 1969 894 2008 nunc
926 1952 1108 2009 animi
1127 1950 1489 2022 cogitatione
1516 1947 1870 2022 respiciunt.

1023 2039 1357 2097 EPISTULA
1384 2039 1584 2096 CXVI‘.
2787 2045 3070 2092 ΕΠΙΣΤΟΛ
3083 2046 3124 2092 II
3165 2039 3279 2100 Plc'

479 2115 816 2172 Firminum
841 2129 972 2170 eum
1005 2113 1268 2170 audisset
1307 2111 1586 2182 Basilius,
1613 2111 1828 2184 relicta
1858 2109 1994 2166 vita:
2018 2111 2286 2184 ἀποτίσω
2315 2109 2758 2184 exercitatione,
2783 2113 3168 2184 armaisequi,
3202 2111 3556 2169 dehortatur
3593 2125 3722 2170 eum
3757 2111 3836 2170 ab

556 2185 666 2242 hoc
698 2187 963 2254 consilio,
989 2191 1168 2253 atque
1197 2187 1412 2239 auctor
1449 2189 1554 2250 est,
1579 2187 1644 2238 ut
1677 2183 1870 2239 beatos
1888 2183 2301 2254 progenitores
2317 2183 2492 2239 malit
2517 2183 2726 2253 patria
2755 2183 3036 2254 regenda,
3056 2183 3255 2254 quam
3271 2191 3598 2254 paternum
3651 2199 3838 2242 avum

545 2273 852 2314 armorum
877 2256 1248 2326 professione
1281 2255 1530 2309 imitari.

1155 2343 1446 2400 Firmino.

553 2435 618 2491 Et
643 2449 796 2491 rarae
825 2438 964 2490 sunt
993 2433 1201 2490 litterae
1233 2437 1348 2489 tute
1381 2437 1436 2489 et
1462 2431 1692 2504 breves,
1729 2431 1855 2489 sive
1885 2431 2132 2502 segnitie

489 2524 814 2592 scribendi,
870 2523 996 2580 sive
1053 2523 1280 2595 alioqui
1337 2521 1643 2593 satietatis,
1678 2537 1814 2595 qute
1855 2539 1927 2578 ex
1957 2523 2132 2594 copia

480 2615 646 2670 nasci
673 2617 894 2686 posset,
927 2613 1190 2670 vitandae
1224 2613 1476 2668 consilio
1511 2630 1524 2680 ;
1558 2611 1684 2667 sive
1740 2611 1911 2684 quod
1949 2612 2131 2668 etiam

477 2705 607 2778 ipse
636 2703 928 2760 sermonis
951 2703 1228 2760 brevitati
1258 2703 1649 2759 assuefacias.
1665 2702 1845 2758 Nobis
1867 2707 2022 2758 certe
2042 2701 2131 2758 ni-

2246 2701 2498 2773 χυλογίαν
2559 2701 2734 2754 ἑαυτὸν
2797 2703 3178 2766 συνεθίζοντος.
3243 2703 3396 2776 Ἡμῖν
3443 2707 3614 2777 μέντοι
3682 2703 3840 2758 οὐδὲν

478 2793 560 2850 hil
581 2794 720 2849 satis
747 2797 854 2864 est,
879 2793 984 2849 sed
1014 2791 1245 2849 etiamsi
1295 2792 1636 2848 redundent
1675 2792 1850 2864 copia
1897 2791 2132 2848 deside-

2246 2789 2462 2865 ἐξαρκεῖ,
2497 2789 2627 2843 ἀλλά
2665 2789 2760 2843 κᾶν
2807 2791 3098 2867 ὑπερϐάλλῃ
3140 2801 3211 2864 τῷ
3267 2792 3472 2862 πλήθει,
3517 2801 3612 2856 τῆς
3659 2793 3843 2848 ἐπιθυ-

475 2882 566 2940 rio
609 2883 872 2956 impares
915 2887 1092 2938 sunt:
1134 2898 1206 2938 eo
1267 2883 1434 2954 quod
1477 2881 1652 2938 velim
1712 2881 1979 2952 singulas
2037 2897 2132 2938 res

2246 2885 2366 2952 μίας
2422 2877 2562 2932 ἐστὶν
2613 2879 2823 2948 ἐλάττω,
2867 2877 2978 2934 διὰ·
3014 2885 3073 2934 τό
3128 2881 3414 2954 βούλεσθαι
3455 2883 3652 2936 ἕκαστα
3693 2885 3842 2954 (ρι’)

477 2978 611 3030 tuas
651 2973 897 3036 discere,
941 2973 1254 3046 quomodo
1299 2973 1404 3028 tibi
1451 2989 1673 3046 corpus
1703 2973 1943 3042 habeat,
1981 2987 2132 3046 quo-

2246 2974 2356 3043 περὶ
2415 2977 2510 3022 σοῦ
2561 2973 2872 3042 partiamu-
2935 2981 3046 3033 πῶς
3087 2975 3178 3044 μέν
3241 2991 3323 3025 σοι
3381 2975 3440 3025 τὸ
3483 2981 3632 3046 σῶμα
3697 2975 3837 3046 ἔχει,

474 3063 660 3120 modo
717 3063 959 3135 pictatis
1031 3062 1411 3128 exercitatio;
1463 3067 1664 3117 utrum
1733 3061 1794 3117 in
1843 3061 1915 3118 iis
1992 3077 2130 3133 quae

475 3149 642 3206 initio
701 3149 1036 3218 decrevisti,
1105 3167 1502 3224 perseveres;
1545 3167 1624 3206 an
1692 3151 1922 3223 aliquid
1987 3151 2132 3206 novi

476 3239 706 3294 consilii
751 3240 1107 3312 susceperis,
1159 3243 1222 3296 ut
1278 3255 1535 3313 quisque
1571 3255 1666 3295 res
1714 3240 2016 3306 accidunt,
2049 3239 2132 3294 ita

477 3327 834 3384 sententiam
882 3329 1231 3386 immutans.
1289 3330 1458 3394 Quod
1508 3329 1554 3384 si
1613 3329 1776 3385 idem
1820 3343 2132 3401 permane-

475 3431 592 3484 res,
660 3417 1110 3474 multitudinem
1187 3419 1520 3475 litterarum
1599 3435 1723 3474 non
1779 3433 2130 3490 exposcere-

473 3506 794 3574 mus;sed
849 3505 993 3562 satis
1057 3507 1236 3562 nobis
1289 3512 1445 3563 esset
1508 3507 1624 3562 hoc
1679 3512 1955 3563 tantum:
2021 3507 2134 3562 Ille

473 3595 610 3652 illi:
659 3597 860 3654 valere
889 3613 990 3653 nos
1020 3599 1194 3668 scias,
1223 3603 1274 3654 et
1305 3597 1456 3654 vale.
1475 3598 1773 3664 Quoniam
1802 3602 2002 3653 autem
2030 3612 2134 3652 au-

474 3685 696 3756 dimus,
729 3703 866 3761 quae
897 3692 954 3744 et
979 3688 1175 3744 dicere
1205 3703 1316 3744 nos
1341 3687 1546 3762 pudet,
1601 3693 1657 3743 te
1685 3687 1892 3743 relicto
1921 3687 2134 3742 beato-

469 3791 606 3833 rum
650 3780 1108 3850 progenitorum
1160 3777 1372 3834 ordine
1421 3777 1500 3833 ad
1567 3793 1753 3834 avum
1813 3783 2133 3849 paternum

471 3869 930 3938 transfugere,et
958 3869 1325 3924 Brettanium
1359 3867 1484 3923 ﬁeri
1516 3867 1666 3924 velle
1693 3883 1805 3940 pro
1854 3867 2128 3928 Firmino,

473 3955 600 4011 haec
622 3959 756 4029 ipsa
807 3962 1058 4014 avenius
1106 3957 1336 4020 audire,
1365 3962 1420 4013 et
1446 3958 1668 4030 quibus
1697 3957 2034 4014 rationibus
2056 3959 2136 4015 ad

471 4043 630 4102 hanc
671 4047 804 4102 vitae
837 4045 998 4102 viam
1027 4046 1362 4102 ineundum
1393 4047 1694 4102 adductus
1731 4045 1834 4114 sis,
1881 4047 2132 4104 discere.

473 4133 692 4190 Verum
753 4135 1048 4206 quoniam
1091 4135 1219 4206 ipse
1249 4135 1330 4190 ob
1361 4135 1592 4190 consilii
1621 4135 1920 4206 pudorem
1950 4137 2134 4193 conti-

2246 4133 2328 4186 ἐπὶ
2357 4137 2552 4192 ταύτην
2601 4133 2758 4186 ἐλθεῖν
2807 4141 2898 4186 τοῦ
2956 4133 3079 4207 βίον
3117 4139 3211 4193 τὴν
3243 4132 3366 4188 ὁδόν
3393 4137 3670 4208 ὑπήχθης.
3703 4137 3852 4190 Ἀλλ’

476 4223 647 4278 cuisti
682 4245 693 4278 :
722 4239 833 4280 nos
865 4227 918 4280 te
945 4223 1360 4294 adhortamur,
1389 4229 1453 4280 ut
1473 4225 1704 4296 pudore
1727 4224 1914 4294 digna
1943 4226 2134 4282 consi-

2246 4219 2424 4282 ἐπειδὴ
2483 4223 2640 4284 αὐτὸς
2697 4222 3071 4286 ἀπεσιώπησας
3131 4221 3277 4276 αἰδοῖ
3323 4232 3414 4278 τοῦ
3466 4223 3848 4298 βουλεύματος,

474 4311 556 4368 lia
580 4327 705 4368 non
735 4313 963 4384 capias,
989 4317 1044 4368 et
1077 4311 1124 4368 si
1151 4311 1296 4384 quid
1328 4311 1796 4368 subiitanimum
1821 4314 2134 4382 tuum,hoc

479 4417 552 4457 ex
579 4407 778 4458 mente
809 4402 1080 4474 expulso,
1113 4401 1329 4458 iterum
1369 4401 1448 4458 ad
1477 4407 1532 4458 te
1563 4401 1794 4466 redeas,
1825 4419 1894 4459 ac
1951 4401 2133 4474 longo

477 4491 606 4547 vale
628 4491 850 4546 militiae
877 4491 1182 4562 armisque
1213 4497 1270 4547 et
1289 4496 1624 4548 castrorum
1641 4491 1926 4548 molestiis
1955 4493 2134 4565 209

479 4579 662 4649 dicto,
685 4583 980 4636 revertare
1005 4581 1064 4635 in
1097 4581 1376 4652 patriam,
1411 4581 1553 4637 satis
1585 4581 1664 4638 ad
1694 4583 1830 4636 vitae
1853 4582 2134 4638 securita-

477 4675 599 4724 tem
625 4673 682 4725 et
708 4667 788 4725 ad
833 4683 1080 4724 omnem
1119 4669 1502 4742 splendorem
1560 4669 1929 4738 existimans,
1974 4669 2130 4739 urbi,

477 4757 684 4814 itidem
709 4765 772 4815 ut
801 4759 1082 4830 majores,
1115 4775 1370 4832 praeesse
1405 4777 1418 4814 :
1447 4759 1504 4816 id
1531 4760 1697 4833 quod
1727 4759 1832 4816 tibi
1874 4759 2020 4816 citra
2047 4759 2132 4818 la-

479 4846 691 4903 borem
727 4848 1130 4904 obventurum
1163 4849 1539 4921 conﬁdimus,
1585 4849 1972 4922 respicientes
2005 4855 2132 4906 tum

482 4937 562 4993 ad
589 4937 840 4994 idoneas
869 4943 1095 4994 naturae
1145 4939 1334 5004 dotes,
1367 4941 1495 4994 tum
1553 4937 1631 4995 ad
1680 4939 2133 5012 competitorum

553 5049 572 5068 '
597 5045 756 5119 Alias
798 5048 1063 5104 CLXXIV.
1103 5047 1523 5119 Scriptacirca
1552 5061 1655 5102 an.
1684 5051 1810 5119 3772.

553 5119 660 5187 (94.)
711 5115 963 5175 Ἕκας-τα.
1005 5119 1152 5174 Editi
1205 5115 1356 5171 πανθ’
1387 5119 1606 5188 ἕκαστα,
1661 5118 1768 5172 sed
1797 5117 1994 5188 prima
2023 5135 2141 5176 vox

481 5189 650 5246 deest
697 5189 760 5245 in
816 5189 1246 5261 antiquissimis
1299 5187 1608 5246 codicibus
1663 5187 1838 5246 Coisl.
1896 5195 1952 5245 et
1989 5191 2138 5248 Med.

481 5263 693 5318 Deerat
715 5261 892 5318 etiam
924 5261 986 5316 in
1017 5261 1349 5333 Harlaeano,
1383 5263 1490 5320 sed
1521 5261 1728 5318 addita
1758 5265 1850 5318 est
1901 5261 1981 5318 ab
2025 5263 2144 5320 alia

478 5347 666 5390 manu
680 5376 694 5390 .

551 5409 656 5474 (95)
705 5405 1127 5476 Μετατιθέμενος,
1187 5409 1297 5460 etc.
1361 5404 1454 5476 Sic
1511 5407 1774 5476 quatuor
1811 5403 2048 5461 codices
2087 5409 2144 5462 et

481 5461 678 5546 prima
703 5493 894 5532 manu
925 5461 1296 5548 Harlze'anus:
1329 5475 1474 5530 Editi
1501 5461 1866 5548 ιυἷες-σεθέειενος.

1265 5529 1511 5619 ditius-tia
1567 5529 1754 5604 Paulo
1817 5529 1958 5620 post
2000 5547 2142 5604 editi

2919 2349 3166 2417 Φιρμίνῳ.

2315 2437 2415 2484 Καὶ
2465 2433 2660 2486 σπάνια
2691 2451 2785 2486 σου
2833 2435 2899 2486 τὰ
2943 2436 3252 2506 γράμματα,
3293 2437 3384 2486 καὶ
3441 2436 3604 2509 μικρὰ
3642 2441 3838 2502 ταῦτα,

2241 2521 2270 2580 ἣ
2305 2525 2434 2573 ὅκνῶ
2481 2529 2572 2574 τοῦ
2613 2541 2847 2596 γραφειν,
2883 2523 2912 2582 ἣ
2963 2522 3144 2594 ἄλλως,
3205 2525 3292 2576 τὸν
3350 2523 3404 2576 ἐκ
3459 2531 3548 2577 τοῦ
3604 2524 3844 2586 πλήθους

2240 2615 2391 2684 κόρον
2437 2607 2736 2684 διαφεύγειν
2779 2613 3368 2686 οἰκονομοῦντος,,ἧπου
3397 2619 3486 2668 καὶ
3537 2617 3662 2688 πρός
3701 2615 3842 2690 βρα-

2239 3062 2376 3121 όπως
2405 3055 2465 3112 δέ
2495 3079 2578 3112 σοι
2623 3063 2687 3112 τά
2731 3069 2820 3122 τῆς
2863 3059 3170 3123 ἀσκήσεως·
3221 3067 3310 3114 καὶ
3339 3066 3554 3134 πότερον
3583 3061 3846 3135 imus-1st;

2238 3157 2344 3209 τοῖς
2393 3147 2445 3212 ἐξ
2497 3147 2674 3222 ἀρχῆς
2729 3149 3084 3223 ἐγνωσμένοις,
3125 3155 3156 3209 ἦ
3209 3171 3260 3203 τι
3297 3157 3386 3204 καὶ
3425 3151 3840 3224 μετεϐουλεύσω,

2241 3241 2366 3312 πρός
2425 3241 2494 3291 τά
2597 3243 2966 3312 συμπίπτοντα
3065 3245 3160 3299 τὴν
3253 3247 3466 3314 γνώμην
3561 3245 3842 3314 μετατιθέ-

2239 3347 2390 3400 μενος
2647 3329 2705 3382 Ιίί
2774 3332 2863 3402 μὲν
2930 3327 3017 3382 οὖν
3087 3332 3112 3382 ὁ
3171 3331 3326 3393 αὐτὸς
3387 3328 3646 3404 ὃιέμεινας
3695 3333 3842 3402 (95')

2243 3425 2487 3487 σεαυτῷ,
2575 3417 2668 3469 οὐκ
2757 3417 2816 3470 ἂν
2889 3419 3087 3480 πλῆθος
3163 3423 3482 3492 ’γραμμάτων
3555 3419 3846 3483 ἐπεζητοῦ-

2240 3527 2348 3580 μεν,
2405 3506 2510 3558 ἀλλ’
2541 3505 2750 3580 ἐξήρκει
2789 3510 2914 3580 ἡμῖν
2957 3517 3238 3561 τοσοῦτον·
3289 3509 3346 3560 Ὀ
3371 3506 3516 3562 δεῖνα
3553 3517 3626 3579 τῷ
3661 3506 3798 3562 δεῖνι
3825 3531 3840 3543 ·

2242 3598 2489 3668 ὑγιαίνειν
2539 3599 2678 3669 ἡμᾶς
2719 3599 2854 3665 ἴσθι,
2909 3601 2998 3650 καὶ
3047 3597 3282 3672 ἔρῥωσοο
3333 3597 3441 3651 ἐπεὶ
3491 3595 3550 3651 δὲ
3581 3597 3840 3672 ἀκούομεν

2243 3685 2276 3736 ἃ
2339 3691 2429 3738 καὶ
2478 3685 2640 3758 λέγειν
2703 3685 3086 3760 αἰσχυνόμεθα,
3139 3687 3491 3740 καταλιπόντα
3521 3705 3578 3740 σε
3615 3693 3846 3746 τὴντῶν

2243 3781 2512 3851 μακαρίων
2567 3781 2830 3849 προγόνων
2897 3777 3080 3844 τάξιν,
3149 3775 3232 3830 ἐπὶ
3297 3781 3384 3830 τόν
3449 3780 3580 3850 πρὸς
3639 3783 3850 3850 πατρὸς

2243 3867 2454 3917 πάππον
2537 3863 2836 3937 αὐτομολεῖν
2871 3909 2884 3934 ,
2966 3869 3054 3917 καὶ
3143 3867 3442 3940 Βρεττάνιον
3519 3861 3852 3927 σπουδάζειν

2243 3957 2484 4026 γενέσθαι
2550 3953 2664 4006 ἀντὶ
2723 3959 2968 4030 Φιρμίνου
3004 3976 3016 3988 ·
3088 3955 3432 4028 ἐπιζητοῦμεν
3491 3955 3624 4008 αῦτά
3671 3965 3854 4010 ταῦτα

2245 4043 2470 4096 ἀκοῦσαι
2537 4043 2686 4116 (96),
2735 4049 2826 4096 καὶ
2885 4049 3004 4108 τοὺς
3039 4043 3326 4118 λογισμοὺς
3381 4047 3560 4119 μαθεῖν
3602 4047 3722 4099 καθ’
3755 4047 3854 4110 οὓς

2244 4315 2394 4385 ἡμεῖς
2447 4331 2505 4364 σε
2551 4311 2948 4386 παρακαλοῦμεν
2997 4318 3129 4386 μήτε
3183 4311 3528 4386 βουλεύεσθαι
3577 4315 3854 4386 αἰσχύνης

2243 4401 2384 4466 οῐξια,
2414 4405 2502 4454 καὶ
2557 4403 2599 4453 εἴ
2643 4422 2694 4454 τι
2735 4399 3004 4476 ὑπέδραμέ
3053 4423 3146 4455 σου
3197 4407 3284 4455 τὸν
3314 4411 3454 4473 νοῦν,
3507 4402 3850 4456 ἀπελάσαντες

2243 4499 2398 4542 τοῦτο
2459 4499 2554 4551 τῆς
2599 4487 2874 4558 διανοίας,
2927 4499 3146 4544 σεαυτοῦ
3189 4493 3430 4564 γενέσθαι
3481 4491 3636 4544 πάλιν
3669 4533 3684 4558 ,
3755 4497 3854 4546 καὶ

2243 4583 2420 4653 μακρὰ
2457 4585 2666 4654 χαίρειν
2708 4581 2914 4632 εἰπόντα
2955 4586 3202 4654 στρατεία
3245 4586 3333 4633 καὶ
3364 4581 3554 4648 ὅπλοις,
3587 4587 3678 4634 καὶ
3733 4589 3852 4644 ταῖς

2243 4671 2328 4722 ἐπὶ
2389 4665 2745 4744 στρατοπέδου
2789 4669 3186 4746 ταλαιπωρίαις,
3241 4669 3551 4723 καταλαϐεῖν
3605 4675 3696 4728 τὴν
3737 4693 3848 4724 πα-

2239 4755 2422 4833 τρίδα,
2461 4755 2648 4831 ἀρκοῦν
2702 4761 2826 4832 πρὸς
2876 4755 3156 4832 ἀσφάλειαν
3189 4757 3312 4832 βίον
3363 4765 3452 4812 καὶ
3499 4763 3628 4834 πρὸς
3665 4766 3850 4814 πᾶσαν

2241 4849 2570 4924 περιφάνειαν
2621 4851 2678 4900 τό
2733 4847 2909 4910 ἐξίσου
2953 4857 3058 4910 τοῖς
3099 4853 3376 4925 προγόνοις
3431 4857 3696 4924 κρατῆσαι
3751 4859 3852 4914 τῆς

2243 4937 2436 4999 πόλεως
2506 4939 2872 5010 ἡγησάμενον
2953 4941 3076 5014 ὅπερ
3143 4940 3348 5002 ἀπόνως
3416 4957 3499 4991 σοι
3551 4945 3858 5012 παραγενή-

2249 5045 2592 5128 ξπεζξητρϋειεν
2617 5067 2628 5079 ·
2831 5065 2964 5128 ρκει.
2997 5045 3242 5128 Codices
3255 5045 3654 5128 antiquissimi
3667 5047 3858 5128 Coisl‘.

2249 5119 2395 5191 Itled.
2421 5117 3310 5191 Coisl.etl-larl.'utiucontextu:
3347 5117 3494 5175 Méd.
3521 5119 3760 5191 primus
3787 5123 3858 5172 τὰ

2251 5189 2559 5261 ἀκουόμενα,
2597 5189 2735 5256 Quae
2751 5190 3030 5246 audimus
3053 5191 3238 5260 pudet
3259 5191 3474 5248 dicere.

2323 5260 2438 5336 (96)
2460 5260 2734 5336 Ἀκοῦσαι.
2763 5261 2948 5336 Editio
2981 5261 3165 5336 Paris.
3205 5261 3374 5318 addit
3399 5263 3544 5336 ποιρά
3593 5269 3715 5336 σοῦ,
3737 5261 3854 5320 sed

2251 5331 2376 5388 113:0
2403 5331 2626 5389 desunt
2654 5335 2712 5388 in
2742 5331 2880 5388 edit.
2915 5333 3086 5389 Basil.
3119 5337 3176 5388 et
3203 5349 3306 5388 sex
3331 5331 3484 5389 mss;
3506 5333 3850 5390 codicibus.

2255 5406 2382 5460 Duo
2425 5409 2626 5476 autem
2680 5402 2940 5476 codices,
2971 5419 3190 5476 nempe
3219 5405 3540 5461 Vaticanus
3575 5409 3634 5460 et
3661 5405 3848 5462 Coisl.

2252 5475 2576 5548 secundus,
2629 5475 2855 5531 habent
2911 5475 3204 5548 Βρέτταεὶιν.
3265 5479 3392 5533 Non
3463 5476 3650 5532 multo
3709 5483 3851 5548 post

2253 5547 2426 5604 Coisl.
2455 5547 2686 5620 primus
2715 5551 2912 5620 μήποτε
2939 5547 3304 5620 βουλεύεσθαι.
