4054 6200
163 301 257 359 533

1158 296 1653 361 EPISTOLABUM
1692 292 1973 357 CLASSIS
1999 294 2065 355 Π.
2094 294 2308 357 EPIST.
2330 300 2529 357 CXVII.

3428 298 3533 357 534

169 430 350 481 σεσθαι
411 427 848 500 πεπιστεύκαμεν,
894 429 1021 502 πρός
1060 444 1115 481 τε
1166 431 1255 488 τὴν
1312 432 1367 482 ἐκ
1423 430 1623 501 φύσεως
1663 428 1745 479 ἐπι

1878 424 2266 496 paucitatem.
2302 422 2434 483 Sive
2484 422 2666 497 igitur
2720 420 2837 482 hoc
2892 421 3205 482 consilium
3238 424 3316 482 ab
3363 424 3529 482 initio

165 516 494 576 τηὸαιοτητα
537 518 823 591 ἀφορῶντες
853 524 942 571 καὶ
992 522 1119 595 πρὸς
1171 524 1265 578 τὴν
1310 519 1529 594 ἐρημίαν
1571 526 1670 570 τῶν
1698 516 1769 569 ἐν-

168 612 472 681 ισταμένων.
506 610 625 659 Εἴτε
677 603 763 659 οὖν
803 613 874 680 μὴ
916 612 1120 681 γέγονεν
1169 609 1224 672 ἐξ
1282 608 1457 683 ἀρχῆς
1488 610 1517 667 ἡ
1560 613 1763 680 γνώμη,

168 702 258 751 εἶτε
301 701 545 770 γενομένη
600 696 754 750 πάλιν
812 697 1135 766 ἐκϐέϐληται,
1168 705 1424 773 γνώρισον
1474 698 1606 769 (96“)
1641 699 1766 769 ἡμῖν

169 787 213 838 ἐν
238 788 412 858 τάχει·
450 783 594 851 εὶὸε,
628 786 654 838 ὁ
679 790 750 859 μὴ
801 789 1021 858 γένοιτο,
1053 790 1121 840 τὰ
1167 788 1301 840 αύτά
1362 791 1499 859 μένει
1553 784 1768 859 βουλεύ-

168 896 343 949 ματα,
403 874 746 947 αύτάγγελτος
808 877 931 949 ἡμῖν
1000 878 1225 937 ἡκέτωή
1276 878 1535 950 συμφορά·
1595 894 1766 950 γραμ-

170 968 349 1037 μάτων
370 962 427 1018 δι
447 966 504 1017 οὑ
523 962 769 1037 δεόμεθα.

702 1132 1038 1181 ΕΠΙΣΤΟΛΗ
1090 1126 1226 1183 Plz"

1876 518 2121 586 captum
2152 529 2276 570 non
2298 518 2406 583 est,
2442 514 2567 570 sive
2598 518 2841 588 captum
2870 520 3079 587 postea
3106 515 3393 586 rejectum
3416 520 3525 580 est,

1876 606 1991 660 cito
2022 604 2199 660 nobis
2228 604 2563 676 signiﬁcato
2594 622 2606 660 :
2642 605 2689 659 si
2715 622 2869 671 vero,
2918 605 3081 678 quod
3104 605 3276 673 absit,
3311 604 3527 661 eadem

1874 698 2121 750 manent
2143 695 2411 763 consilia,
2445 710 2554 751 sua
2586 700 2797 767 sponte
2821 695 3095 751 nuntiata
3124 695 3301 750 nobis
3324 695 3526 751 veniat

1875 782 2186 842 calamitas
2206 802 2224 855 ;
2247 783 2454 841 litteris
2476 800 2616 841 vero
2639 800 2792 857 opus
2818 799 2944 840 non
2966 783 3287 842 habemus.

2391 1124 2731 1183 EPISTOLA
2770 1124 2993 1181 CXVII'.

156 1287 466 1343 Firminus
489 1286 804 1356 respondet
823 1287 1190 1357 prazcedenti
1212 1288 1493 1359 epistola’,
1517 1286 1782 1343 dolorem
1808 1303 1979 1344 suum
2001 1288 2323 1357 signiﬁcat,
2344 1287 2501 1359 quod
2520 1303 2556 1344 a
2584 1287 2829 1357 pietatis
2855 1284 3286 1342 exercitatione
3308 1284 3519 1341 disces-

224 1362 419 1415 sisset:
434 1361 734 1429 promittit
762 1360 1039 1428 deinceps
1064 1376 1124 1417 se
1154 1361 1235 1415 ad
1260 1363 1519 1430 priorem
1549 1361 1729 1415 vitam
1761 1361 2139 1423 rediturum;
2167 1375 2342 1431 seque
2362 1362 3123 1431 impetraturumsperatut
3146 1359 3517 1431 dimittatur.

224 1432 521 1487 Caiterum
553 1434 661 1487 Dei
689 1433 926 1488 auxilio
958 1433 1205 1501 conﬁdit
1246 1429 1415 1490 suam
1464 1432 1832 1502 virginitatis
1887 1432 2198 1488 servandae
2232 1429 2597 1488 eotuntatem
2652 1432 2832 1501 regiis
2874 1429 3178 1485 mandatis
3223 1431 3517 1498 potiorem

210 1504 520 1573 futuram.

480 1647 1023 1724 Ἀνεπίγραφοςξωη,
1047 1646 1132 1701 ἐπὶ
1172 1646 1422 1708 ἀσκήσει.

223 1863 355 1934 Ἐγὼ
400 1866 489 1915 καὶ
541 1862 707 1926 ἄλλως
761 1862 1054 1937 ὀφείλεσθαι
1096 1873 1157 1937 τῇ
1219 1864 1440 1940 ὑμετέρᾳ
1489 1866 1757 1937 τιμιότητι

154 1952 378 2025 ἕμαυτὸν
434 1954 653 2025 νομίζω·
706 1957 882 2007 καὶτὸ
918 1962 1006 2006 νῦν
1055 1952 1114 2007 δὲ
1153 1962 1307 2007 τοῦτο
1366 1958 1678 2029 φρόντισμα,
1710 1950 1757 2003 ἐν

152 2044 187 2113 ᾧ
248 2040 445 2115 ἔσμεν,
505 2042 795 2115 ἀναγκαίως
868 2046 1009 2117 ἡμᾶς
1094 2046 1405 2105 ὑπευθύνους
1484 2051 1595 2105 ταῖς
1658 2050 1760 2095 τῶν

148 2136 395 2184 τοιούτων
462 2136 785 2207 πραγμάτων
834 2135 1142 2208 ὑπηρεσίαις
1198 2136 1520 2202 καθίστησι,
1561 2135 1658 2186 κοῖν
1710 2136 1759 2185 οἱ

149 2226 399 2292 τυχόντες
428 2219 558 2273 ὦσιν
586 2222 725 2294 (ιη’)
776 2225 825 2275 οἱ
882 2222 1257 2293 ἐπιτάττοντες,
1282 2228 1352 2297 μὴ
1414 2224 1493 2276 ὃτι
1536 2225 1682 2297 ὑμεῖς
1709 2225 1757 2276 οἱ

148 2311 348 2372 πολλοῖς
382 2308 616 2375 δικαίοις
655 2316 745 2365 καὶ
794 2312 963 2375 ἄλλοις
1001 2318 1129 2389 πρὸς
1160 2316 1299 2387 ἡμᾶς
1359 2318 1753 2387 συναπτόμενοι.

149 2403 219 2453 Τὰ
276 2405 370 2473 μεν
433 2398 523 2454 οὖν
586 2402 908 2475 παρελθόντα
966 2404 1031 2465 εἰς
1084 2402 1313 2467 ἐξέτασιν
1389 2404 1598 2477 ἀγαγεῖν
1660 2404 1755 2456 ούκ

146 2490 472 2561 ἀναγκαῖονο
524 2488 608 2544 ἰπὶ
666 2491 779 2550 ἐνῆν
857 2493 1059 2561 εἰπεῖν,
1114 2495 1194 2546 ὅτι
1252 2496 1400 2565 ἡμεῖς
1481 2492 1756 2567 ἐγενόμεθα

144 2580 349 2642 ἑαυτοῖς
414 2589 517 2633 τῶν
574 2584 825 2655 ταράχων
882 2585 1085 2651 αἴτιοι,
1137 2592 1229 2644 τῆς
1304 2582 1505 2656 ἀγαθῆς
1561 2583 1757 2647 ἐκείνης

146 2668 424 2731 ἀσκεσεως
458 2674 550 2723 καὶ
596 2676 758 2743 μόνης
788 2668 1023 2744 ἀγούσης
1067 2676 1198 2748 πρὸς
1230 2678 1493 2746 σωτηρίαν
1542 2672 1757 2747 φιλονει-

141 2768 400 2823 κήσαντες
433 2760 732 2820 ἀποστῆναι
754 2775 769 2791 ·
805 2759 891 2814 διο
939 2764 1086 2835 τάχα
1114 2767 1297 2834 καὶτῷ
1328 2765 1550 2836 ταράχῳ
1593 2766 1754 2837 τούτῳ

139 2849 211 2911 εἰς
262 2852 563 2923 πειρασμὸν
613 2847 994 2927 παρεδόθημεν.
1029 2851 1165 2904 Ἀλλ’
1209 2852 1375 2906 ἐκεῖνα
1438 2857 1527 2926 μὲν
1556 2857 1750 2927 γέγονε,

136 2944 225 2991 καὶ
293 2941 647 3013 ὑπομνήσεως
706 2941 946 3011 ἠξιώθη,
1003 2942 1138 2997 ὥστε
1188 2947 1259 3015 μὴ
1327 2939 1564 3017 δεύτερον
1616 2945 1755 3017 ἡμᾶς

134 3035 242 3090 τοῖς
281 3030 487 3102 ὁμοίοις
541 3037 835 3105 περιπεσεῖν
861 3048 873 3061 °
907 3033 973 3085 τὰ
1031 3028 1091 3085 δε
1143 3030 1342 3105 ἐφεξῆς,
1373 3034 1507 3086 πάνυ
1572 3032 1755 3106 βούλο-

132 3136 230 3189 μαι
270 3119 721 3195 πληροφορέῐσθαί
766 3138 861 3173 σου
900 3125 988 3180 τὴν
1027 3120 1311 3190 εὐλάϐειαν,
1345 3120 1443 3192 ὁτι,
1475 3129 1567 3176 τοῦ
1620 3130 1752 3177 Θεοῦ

134 3217 572 3283 συγχωροῦντος,
597 3208 771 3283 ῥᾷστα
810 3210 934 3283 ἡμῖν
963 3216 1369 3286 προσχωρήσει,
1392 3220 1483 3265 τοῦ
1511 3214 1753 3288 πράγμα-

128 3314 223 3361 τος
274 3303 367 3350 καὶ
416 3298 626 3371 ἆννόμου
680 3303 955 3365 ὅντος,καὶ
1006 3298 1156 3354 οὐδὲν
1209 3302 1417 3373 ἔχοντος
1472 3300 1633 3375 βαρὺ,
1665 3312 1753 3363 καὶ

127 3395 236 3438 τῶν
288 3386 445 3459 φίλων
513 3385 660 3459 ἠμῶν
712 3388 907 3440 πολλῶν
944 3391 1058 3461 (98)
1090 3390 1302 3463 ἐτοιμως
1364 3392 1750 3467 χαριζομένων,

126 3481 293 3528 ὄντων
350 3474 400 3527 ἐν
472 3483 543 3547 τῷ
612 3474 996 3550 στρατοπεδῳ.
1045 3481 1429 3537 Τυπωθήσεται
1488 3476 1576 3532 οὖν
1626 3485 1752 3558 παρ’

124 3569 287 3639 ἡμῶν
342 3562 543 3635 ὃέησις,
573 3570 709 3619 κατά
764 3572 859 3625 τὴν
907 3569 1193 3640 ὁμοιότητα
1224 3577 1316 3621 τοῦ
1374 3565 1753 3643 προσδοθέντος

122 3652 379 3707 λιεέλλου
449 3660 518 3724 τῷ
572 3653 845 3730 βικαρίῳι
902 3655 949 3708 ἐν
1016 3655 1046 3730 ᾖ
1116 3656 1199 3710 ἐὰν
1248 3664 1319 3732 μή
1397 3678 1475 3721 τις
1538 3664 1752 3733 γένηται

126 3745 403 3820 παρολκὴ,
442 3744 622 3804 εὐθέως
677 3744 1129 3819 ἀποπεμψόμεθα,
1178 3752 1272 3807 τὴν
1326 3747 1381 3800 ἐκ
1436 3756 1527 3802 τοῦ
1582 3752 1750 3823 γράμ-

1229 3841 1523 3911 Πέπεισμαι
1582 3834 1640 3891 δὲ
1701 3839 1748 3892 ἐν

118 3927 396 3985 τοιούτοις
448 3925 628 3996 μεῖζον
680 3932 781 3977 τῶν
851 3923 1141 3998 βασιλικῶν
1184 3928 1601 4001 προσταγμάτων
1654 3933 1746 3989 τὴν

120 3855 295 3907 ματος
355 3839 471 3905 (99)
516 3831 698 3887 ἄδειαν
770 3842 1123 3909 παρεχόμενοι
1157 3879 1169 3892 .

117 4018 441 4090 προαίρεσιν
471 4014 617 4086 ἡμῶν
661 4012 892 4086 ἰσχύειν,
917 4013 977 4073 ἣν
1018 4012 1100 4067 ἑὰν
1132 4016 1381 4091 ἄτρεπτον
1426 4022 1514 4069 καὶ
1565 4016 1742 4080 ἀκλινῆ

114 4105 174 4157 ἐκ
240 4113 336 4158 τοῦ
386 4108 524 4158 κατὰ
575 4110 669 4163 τὴν
719 4104 889 4178 ἀκμὴν
935 4104 1057 4179 βίου
1109 4104 1522 4181 ἐπιδειξωμεθα,
1579 4109 1747 4163 ἀνεπι-

112 4200 382 4269 χείρητος
412 4194 541 4265 ἡμῖν
585 4199 675 4247 καὶ
723 4194 917 4257 ἄσυλος
949 4191 1041 4247 διὰ
1074 4203 1171 4257 τῆς
1212 4204 1304 4250 τοῦ
1338 4205 1470 4251 Θεοῦ
1500 4197 1748 4271 βοηθείας

1869 1646 2009 1705 Sine
2046 1645 2451 1717 inscriptione,
2482 1646 2599 1718 pia:
2624 1659 2695 1703 ac
2737 1643 3036 1716 religiosa
3073 1642 3520 1702 exercitationis

2590 1750 2791 1793 causa.

1941 1864 2063 1933 Ego
2085 1866 2140 1919 et
2163 1861 2310 1919 alias
2349 1865 2462 1918 tuae
2520 1877 2617 1917 me
2664 1859 2943 1930 dignitati
2995 1859 3202 1917 deberi
3252 1864 3430 1933 puto;
3465 1863 3522 1916 et

1869 1966 2031 2008 nunc
2074 1951 2175 2009 illa
2223 1951 2560 2008 sollicitudo
2614 1951 2675 2005 in
2731 1966 2855 2023 qua
2906 1966 3135 2018 versor,
3169 1950 3517 2006 necessario

1868 2056 1965 2097 me
2023 2043 2100 2112 (1)
2154 2041 2456 2113 ejusmodi
2529 2039 2872 2096 ministeriis
2950 2040 3285 2096 obnoxium
3353 2039 3514 2107 facit,

1868 2130 2101 2187 etiamsi
2120 2132 2316 2204 quivis
2338 2148 2368 2187 e
2392 2130 2568 2186 turba
2596 2134 2917 2201 praecepta,
2939 2129 3139 2185 tradat
3164 2128 3393 2185 nedum
3430 2132 3513 2200 tu,

1866 2236 2052 2293 quem
2074 2221 2266 2278 multa
2284 2236 2524 2277 mecum
2547 2225 2602 2275 et
2621 2218 2738 2275 alia
2754 2219 2891 2289 jura
2911 2219 3520 2290 conjungunt.ltaque

1866 2312 2167 2383 praeterita
2224 2310 2562 2384 expendere
2600 2324 2845 2365 necesse
2874 2324 2999 2365 non
3048 2313 3175 2378 est;
3214 2308 3520 2381 siquidem

1864 2401 2061 2458 dicere
2085 2402 2242 2470 licet,
2270 2416 2518 2457 causam
2548 2415 2645 2455 me
2676 2398 2863 2455 fuisse
2895 2397 3341 2468 molestiarum;
3370 2398 3521 2456 dum

1867 2508 1904 2549 a
1949 2492 2115 2549 bona
2142 2492 2244 2549 illa
2290 2492 2526 2564 pietatis
2570 2489 3011 2559 exercitatione,
3034 2494 3088 2547 et
3114 2506 3251 2563 quae
3282 2490 3411 2549 sola
3440 2491 3521 2548 ad

1866 2582 2125 2639 salutem
2175 2581 2361 2651 ducit,
2382 2580 2763 2653 pertinaciter
2788 2578 3041 2635 discessi
3069 2598 3081 2648 ;
3127 2580 3288 2636 unde
3317 2585 3373 2637 et
3403 2581 3519 2637 cito

1862 2671 2003 2727 huic
2044 2670 2485 2744 perturbationi
2517 2669 2597 2725 ad
2627 2669 3017 2725 tentationem
3042 2669 3242 2726 traditi
3269 2686 3509 2727 sumus.

1863 2765 2055 2834 Atque
2082 2761 2213 2816 haec
2240 2759 2489 2831 quidem
2518 2757 3019 2827 transierunt,nec
3041 2775 3286 2815 caruere
3307 2760 3524 2817 admo-

1863 2848 2269 2914 nitione,utne
2301 2850 2515 2905 iterum
2546 2849 2609 2904 in
2625 2847 2842 2904 eadem
2858 2848 3022 2905 mala
3045 2847 3518 2913 incidam.Quod

1865 2940 2074 2995 attinet
2101 2939 2177 2996 ad
2207 2939 2426 3010 futura,
2453 2937 2656 3011 pietati
2678 2940 2789 2993 tuae
2820 2938 3355 3010 persuasissimum
3385 2953 3517 2993 esse

1864 3028 2065 3100 velim,
2107 3044 2177 3087 ea
2221 3029 2399 3085 nobis
2438 3029 2538 3085 Dei
2579 3028 2743 3084 dono
2781 3027 3062 3084 facillime
3106 3042 3465 3100 processura
3498 3046 3513 3097 ;

1864 3133 2003 3175 cum
2028 3135 2124 3176 res
2149 3124 2205 3176 et
2226 3135 2403 3193 aequa
2433 3120 2526 3188 sit,
2550 3134 2661 3175 nec
2690 3119 3029 3192 quidquam
3059 3133 3241 3189 grave
3268 3118 3512 3188 habeat;

1863 3212 1920 3266 et
1944 3210 2122 3267 amici
2164 3209 2343 3267 nobis
2392 3209 2586 3281 multi,
2623 3209 2727 3281 qui
2759 3213 2898 3264 sunt
2922 3209 2986 3264 in
3039 3208 3197 3278 aula,
3228 3214 3514 3282 prompto

1864 3301 2068 3357 animo
2116 3298 2543 3370 gratiﬁcentur.
2585 3303 2788 3371 Itaque
2834 3298 3231 3355 delineabitur
3256 3315 3293 3355 a
3334 3300 3513 3356 nobis

1859 3392 2093 3463 rogatio
2114 3391 2194 3449 ad
2220 3390 2673 3447 similitudinem
2694 3390 2820 3447 dati
2839 3389 3023 3446 libelli
3045 3389 3266 3445 vicario
3288 3406 3301 3444 :
3325 3404 3513 3461 quam

1860 3482 2109 3555 quidem
2138 3482 2185 3537 si
2223 3482 2391 3538 nulla
2428 3480 2737 3554 protrahat
2779 3496 2971 3551 mora,
2998 3481 3204 3537 statim
3226 3479 3510 3549 dimittar,

1860 3586 1932 3628 ex
1959 3572 2183 3644 scripto
2225 3570 2585 3627 solutionem
2614 3574 2811 3625 metus
2841 3570 3117 3626 afferens.
3150 3572 3513 3625 Persuasum

1860 3668 2063 3721 autem
2080 3661 2348 3718 habeoin
2374 3660 2669 3732 ejusmodi
2693 3660 2873 3716 rebus
2896 3660 3189 3732 potiorem
3211 3675 3339 3714 esse
3355 3658 3511 3727 regis

1857 3751 2163 3809 mandatis
2185 3750 2554 3807 voluntatem
2572 3754 3055 3821 nostram,quam
3068 3748 3115 3803 si
3129 3748 3511 3804 immutatam

1857 3857 1927 3899 ac
1952 3842 2268 3897 immotam
2300 3856 2336 3896 a
2362 3840 2671 3912 proposito
2692 3840 2825 3894 vitae
2851 3839 3125 3910 perfectae
3157 3837 3507 3905 exhibuero,

1854 3929 2341 4003 inexpugnabilis
2366 3929 2541 3985 nobis
2568 3932 2623 3985 et
2650 3927 3011 3984 inviolabilis
3029 3927 3129 3983 Dei
3150 3926 3370 3983 auxilio
3398 3926 3511 3982 vir-

1854 4021 2118 4091 ginitatis
2165 4020 2273 4075 erit
2309 4019 2607 4077 custodia.
2631 4021 2892 4075 Fratrem
2949 4020 3154 4074 autem
3206 4017 3353 4072 mihi
3383 4033 3419 4072 a
3456 4020 3509 4072 te

1856 4111 2144 4168 traditum
2166 4116 2223 4165 et
2248 4108 2463 4165 lubens
2506 4109 2714 4172 vidi,et
2738 4109 2889 4163 inter
2918 4107 3242 4165 familiares
3266 4106 3465 4163 habeo
3490 4122 3504 4162 :

1858 4215 2040 4272 quem
2063 4202 2119 4255 et
2140 4200 2259 4255 Deo
2290 4202 2345 4253 et
2374 4202 2474 4253 tuo
2504 4196 2849 4253 testimonio
2877 4195 3131 4265 dignum
3172 4212 3301 4250 esse
3339 4199 3503 4267 opto.

114 4292 215 4347 τῆς
260 4286 550 4360 παρθενίας
605 4284 633 4345 ἡ
689 4283 887 4357 φυλακὴ
937 4286 1013 4343 εἴη
1049 4328 1061 4341 .
1108 4288 1207 4339 Τὸν
1267 4282 1325 4339 δε
1384 4285 1782 4363 ἐγχειρισθέντα
1830 4292 1953 4364 ἡμῖν
2012 4290 2157 4364 παρά
2211 4295 2304 4340 σού
2369 4283 2587 4359 ἀδελφὸν
2642 4290 2731 4338 καὶ
2791 4284 3118 4359 ἐθεασάμεθα
3173 4280 3361 4355 ἡδέως,
3421 4304 3490 4337 κα

112 4379 317 4449 ἔχομεν
370 4372 419 4425 ἓν
457 4380 564 4435 τοῖς
601 4380 904 4451 γνωρίμοις,
946 4373 1222 4449 εὐχόμενοι
1277 4375 1420 4441 ἄξιον
1472 4375 1599 4431 εἶναι
1647 4387 1740 4433 τοῦ
1790 4387 1923 4435 Θεοῦ
1973 4382 2063 4431 καὶ
2112 4386 2205 4440 τῆς
2261 4386 2359 4439 σῆς
2409 4380 2719 4452 μαρτυρίας.

185 4554 339 4623 (96°)
380 4555 777 4627 Γνῴριο-ονςῐίᾶ
823 4553 1061 4611 codices
1119 4572 1265 4611 mss.
1317 4571 1557 4614 summo
1598 4572 1736 4615 eon-
1772 4561 1814 4616 D
1848 4558 2043 4614 ferens
2076 4600 2090 4627 ,
2142 4560 2306 4613 metu
2350 4555 2517 4613 omni
2566 4559 2619 4611 te
2678 4553 2987 4611 exsolvam
3022 4594 3036 4608 .
3096 4554 3504 4612 Necessariam

108 4623 526 4699 sensquditi
554 4623 837 4699 ῌδὴλωσον.
871 4627 1057 4699 Paulo
1084 4632 1220 4699 post
1244 4628 1424 4685 editio
1466 4631 1644 4685 Paris.
1679 4635 1736 4687 et

108 4698 401 4779 secunda
434 4697 607 4754 Basil.
640 4700 810 4756 ἱκέτω.
843 4698 1032 4755 Editio
1057 4697 1254 4772 prima
1287 4700 1462 4756 Basil.
1498 4708 1553 4758 et
1583 4720 1730 4758 mss.

108 4789 313 4825 ηκετω.

180 4844 308 4918 (97)
356 4840 758 4918 Ἀνεπίγραφες.
794 4843 977 4918 Nemo
1019 4857 1152 4918 non
1199 4842 1361 4901 videt
1408 4842 1565 4918 hanc
1616 4843 1738 4918 epi-

108 4914 340 4989 stolam
370 4928 499 4989 non
529 4912 661 4968 ease
691 4914 906 4985 Basilii,
935 4912 1041 4971 sed
1071 4914 1149 4971 ad
1175 4931 1314 4971 eum
1342 4916 1629 4989 scriptam
1652 4912 1734 4973 ab

104 4985 243 5057 ipso
272 4984 569 5041 Firmino.

174 5059 337 5132 (97f)_
372 5061 640 5126 Τνχὸντες
670 5052 814 5132 ὦσιν.
850 5057 941 5114 Sic
967 5057 1089 5114 duo
1119 5057 1516 5126 mss.,melius
1546 5075 1735 5132 quam

98 5126 159 5182 in
185 5129 396 5193 editis,
422 5132 678 5199 τυχόντες
711 5130 859 5183 εἰσίν.

169 5202 295 5272 (98)
346 5198 584 5272 Πολλῴν.
622 5202 795 5255 Deest
848 5215 919 5272 ea
967 5215 1086 5257 vox
1124 5200 1185 5257 in
1216 5201 1525 5258 codicibus
1574 5201 1735 5260 Vati-

102 5270 363 5345 cano'et
394 5270 701 5345 Medicaeo.
745 5271 926 5345 Paulo
972 5279 1107 5345 post
1147 5276 1285 5345 Reg.
1331 5274 1635 5330 secundus
1678 5278 1735 5331 et

103 5342 288 5399 Coisl.
328 5341 647 5398 secundus
675 5339 992 5417 προδοθέντό
1004 5365 1041 5406 ς.

176 5418 290 5484 (99)
338 5416 684 5490 Γράμματος.
715 5415 963 5490 Legitur
1014 5416 1076 5471 in
1128 5416 1489 5473 Coisliniano
1535 5417 1731 5489 primo

109 5486 462 5560 πράγματος,
491 5486 1099 5560 re_ipsa_solutionem
1134 5494 1321 5544 metus
1350 5486 1584 5559 afferes.
1619 5490 1733 5545 Sed

117 5557 312 5635 magis
369 5557 609 5635 placuit
644 5557 1445 5635 vulgatascripturaLExAroo
1489 5562 1731 5635 γράμμα-

118 5646 210 5678 τον
238 5631 295 5689 id
328 5629 450 5701 est,
495 5629 722 5701 scripto
747 5629 1167 5701 consignafam
1209 5629 1732 5689 dimissionem'af-

1847 4631 2033 4686 fuisse
2080 4629 2381 4700 ejusmodi
2426 4628 2730 4700 scriptam
2760 4627 3179 4682 dimissionem
3202 4630 3276 4700 ut
3306 4630 3505 4700 omnis

1847 4708 2042 4781 metus
2076 4698 2448 4781 solveretur,
2480 4698 2737 4781 perspici
2776 4703 2975 4781 potest
3014 4715 3093 4780 ex.
3117 4698 3502 4781 epistola-123

1848 4773 2111 4851 Gregorii
2144 4770 2635 4851 Nazianzeni,qui
2656 4770 3021 4851 Ellebichum
3038 4770 3130 4851 ‘sic
3158 4770 3500 4851 alloquitur:

1846 4848 2107 4918 Μάμαντα
2151 4847 2239 4895 τὸν
2298 4844 2634 4918 ἀναγνώστην
2669 4885 2681 4909 ,
2730 4846 2847 4893 ὄντα
2894 4844 2983 4918 μὲν
3029 4844 3129 4893 ἀπὸ
3180 4848 3501 4916 στρατιώτου

1846 4911 2061 4992 πατρὸς,
2089 4911 2467 5003 καθιερωθέντα
2518 4912 2575 4967 δὲ
2630 4923 2700 4984 τῷ
2750 4922 2860 4984 Θεῳ
2890 4911 2983 4965 διὰ
3020 4918 3105 4964 τὸν
3137 4911 3343 4985 τρόπον,
3378 4917 3502 4987 ἄφες

1888 4997 1908 5003 -
1953 4995 1980 5003 Α
2028 4996 2046 5003 -
2158 4991 2167 5003 1
2305 4994 2324 5003 ιε
2446 4986 2517 5003 *ιλ
2542 4990 2550 5000 ι
2644 4990 2653 5002 ε
2890 4987 2912 5003 Ιλ
2976 4991 2983 4999 '
3179 4993 3197 5001 -ι
3288 4985 3305 5003 Ἣ
3340 4987 3350 4999 ν

1844 4997 1915 5059 τῷ
1947 4985 2054 5058 Θεῷ
2085 4991 2175 5039 καὶ
2225 4985 2349 5058 ἡμῖν
2378 5003 2392 5017 ο
2436 4986 2563 5039 ἀλλὰ
2590 4990 2661 5058 μὴ
2695 4987 3093 5059 συναριθμήσῃς
3114 4993 3223 5046 τοῖς
3251 4985 3496 5059 πλάνησι,

1845 5047 1935 5111 καί
2023 5047 2111 5131 δὸς
2186 5047 2401 5131 ἔγγραον
2461 5047 2960 5131 τηνίγέλευθερίαν,
3038 5047 3122 5109 ἵνα
3194 5054 3332 5129 μηδὲ
3400 5047 3499 5131 ύπᾷ

1846 5131 2009 5184 ἄλλων
2087 5130 2485 5203 impetiginem.
2562 5130 2929 5203 Mamantcm
3003 5131 3277 5185 lectorem
3303 5171 3329 5203 ,4
3397 5130 3503 5198 qui

1846 5219 1976 5259 cum
2016 5200 2263 5258 militem
2312 5207 2551 5271 patrem
2603 5201 2839 5270 habeat,
2868 5203 2988 5257 Deo
3044 5207 3239 5257 tamen
3270 5200 3341 5254 ob
3376 5215 3498 5254 mo-

1844 5292 1978 5331 rum
1996 5273 2355 5344 probitatem
2384 5280 2763 5329 consecratus
2786 5278 2889 5339 est,
2923 5274 3043 5328 Deo
3065 5288 3135 5327 ac
3166 5271 3330 5344 nobis
3357 5271 3496 5325 mis-

1842 5362 1973 5402 sum
1996 5342 2123 5415 fac,
2144 5362 2249 5402 nec
2280 5347 2439 5422 inter
2454 5361 2691 5422 errones
2723 5360 2975 5400 numera
2991 5357 3020 5422 A,‘
3050 5350 3229 5412 atque
3252 5342 3491 5422 liberta-

1845 5425 1958 5474 tem
1990 5413 2061 5474 ac
2100 5413 2467 5474 vacationem
2497 5419 2549 5474 ei
2569 5419 2794 5486 scripto
2834 5413 3247 5484 cousignatam
3280 5413 3491 5483 tribue,

1845 5495 1911 5545 ut
1942 5489 2133 5562 ηειαὸ
2164 5491 2299 5545 aliis
2333 5491 2567 5562 quidem
2596 5505 2705 5562 per
2736 5490 3104 5562 calumniam
3125 5490 3401 5562 peccetur.

1914 5561 1936 5633 έ
1974 5559 2131 5633 Alias
2162 5558 2475 5633 CCXXXIV.
2512 5561 2739 5633 Scripta
2770 5559 2928 5614 circa
2959 5573 3058 5614 an.
3081 5558 3205 5612 372.

1916 5632 1995 5704 (1)
2034 5632 2174 5689 Vide
2204 5632 2517 5691 Addenda.
