4054 6200
424 252 529 310 1539

1775 247 1836 305 S.
1885 244 1968 303 BA
1979 238 2133 303 SILH
2167 242 2410 303 MAGNI.

3678 244 3782 306 540

422 372 726 450 praecepit,
760 370 1260 430 commentarium
1284 369 1521 446 pietatis
1560 374 1677 432 tuae
1716 370 1870 445 misi,
1900 374 1985 443 ut,
2017 373 2074 429 et

2198 370 2242 423 τὸ
2270 369 2659 443 ὑπομνηστικόν
2684 368 2798 444 (l8)
2927 366 3188 444 θεοσεϐείᾳ
3218 386 3335 441 σου,
3371 369 3473 441 ἵνα,
3518 373 3605 425 καὶ
3643 371 3783 445 αὐτῷ

425 480 497 523 eo
525 465 698 533 lecto,
740 465 796 519 et
824 462 916 532 iis,
948 477 1084 535 qua;
1116 478 1151 518 a
1180 461 1688 520 desideratissimo
1718 462 1899 519 fratre
1931 462 2074 520 San-

426 554 693 612 ctissimo
721 551 1212 625 compresbytero
1228 551 1573 619 referentur,
1591 556 1807 610 attente
1832 551 2073 618 auditis,

424 646 552 719 ipse
582 644 657 700 de
683 642 777 699 his
804 642 1005 708 rebus,
1030 646 1094 697 ut
1115 641 1219 697 tibi
1242 640 1559 711 videbitur,
1586 643 1844 699 scribere
1870 641 2077 712 digne-

424 735 526 792 ris.
542 737 658 790 Nos
677 732 871 806 parati
889 747 1100 786 sumus
1114 730 1467 803 etscriptum
1485 731 1633 787 illud
1655 730 2074 804 comprobare,

426 828 483 881 et
511 818 1131 879 communicatoribus
1162 819 1277 875 cito
1320 818 1715 876 deferendum
1753 835 1983 888 curare,
2013 820 2079 874 ut

427 929 564 970 cum
581 911 854 967 omnium
877 908 1420 981 subscriptionibus
1444 910 1495 980 2
1511 911 1553 980 1
1568 912 1618 980 2
1644 909 2076 982 proﬁciscatur,

425 1003 530 1075 qui
552 1002 744 1057 iturus
771 1003 862 1055 est
888 998 966 1056 ad
994 998 1332 1056 Occidentis
1364 999 1711 1073 episcopos.
1753 999 1874 1055 Cito
1904 997 2080 1055 nobis

425 1090 573 1163 quid
602 1088 901 1145 sanctitati
932 1092 1048 1144 tuae
1078 1090 1141 1144 in
1185 1092 1449 1145 mentem
1479 1088 1728 1160 venerit,
1756 1086 2082 1159 signiﬁcari

420 1179 589 1253 jube,
622 1183 686 1235 ut
714 1195 850 1251 quae
885 1177 992 1234 tibi
1021 1178 1149 1234 visa
1178 1178 1415 1249 fuerint,
1445 1194 1567 1234 non
1600 1179 1967 1249 ignoremus.
2003 1179 2082 1233 De

425 1270 498 1326 iis
541 1272 740 1326 autem
771 1284 908 1341 quae
955 1270 1267 1323 struuntur
1313 1272 1418 1324 aut
1463 1268 1643 1324 etiam
1680 1271 1812 1338 jam
1860 1269 2085 1323 structa

426 1363 565 1415 sunt
592 1363 801 1415 contra
830 1373 942 1414 nos
983 1357 1333 1427 Antiochiae,
1365 1357 1639 1429 dignitati
1670 1362 1785 1413 tuae
1814 1356 1910 1413 ille
1951 1357 2084 1430 ipse

425 1448 606 1505 frater
634 1446 886 1516 referet;
934 1446 1052 1503 nisi
1089 1451 1471 1504 antevertens
1513 1463 1716 1504 rerum
1758 1447 1922 1504 fama
1945 1464 2083 1519 qua).

427 1540 595 1609 gesta
623 1539 763 1593 sunt
790 1535 1044 1593 nuntiet.
1072 1539 1222 1593 Nam
1246 1553 1383 1609 spes
1414 1540 1502 1593 est
1521 1535 1669 1608 fore,
1701 1541 1767 1594 ut
1796 1536 1975 1593 minae
2006 1536 2084 1593 ad

427 1626 645 1684 exitum
661 1625 829 1684 brevi
846 1626 1220 1699 perveniant.
1234 1626 1378 1683 Volo
1396 1631 1597 1683 autem
1616 1627 1899 1700 pietatem
1915 1631 2084 1683 tuam

2186 458 2436 533 ἐντυχὼν,
2469 464 2559 514 καὶ
2584 469 2693 524 τοῖς
2720 459 3113 536 ἀναφερομένοις
3139 460 3282 536 παρά
3306 465 3398 513 τοῦ
3428 459 3785 515 τοοεινοτάτου

2186 546 2408 623 ἀδελφοῦ
2435 552 2549 622 19)
2577 556 2969 625 Σαγκτισσίμου
3000 558 3092 603 τοῦ
3117 547 3578 625 συμπρεσϐυτέρου
3601 556 3791 624 προσέο

2184 659 2317 711 χων,
2347 638 2500 701 αὐτὸς
2530 640 2829 715 καταξιώσῃ
2842 662 2884 709 ς,
2917 643 2981 701 ὡς
3006 642 3325 715 παρίσταταί
3352 641 3462 711 (20)
3516 658 3621 706 σοι,
3672 642 3794 714 περὶ

2184 729 2379 781 τούτων
2403 738 2663 802 τυπῶσοιι,
2694 731 2837 803 ἡμῶν
2875 729 3089 803 ἑτοίμως
3115 728 3340 801 ἐχόντων
3388 732 3476 781 καὶ
3504 727 3647 799 αὐτῷ
3672 748 3795 781 συν-

2191 819 2372 871 θέσθαι
2398 819 2531 887 (21),
2586 824 2675 873 καὶ
2713 824 2920 892 ταχέως
2956 825 3178 878 ποιῆσαι
3216 818 3655 893 περικομισθῆναι
3686 824 3796 879 τοῖς

2187 913 2525 977 κοινωνικοῖς,
2556 907 2690 960 ὥστε
2722 909 2815 970 τὰς
2844 907 3046 960 πάντων
3087 906 3389 979 ὑπογραφὰς
3418 906 3610 978 ἔχοντα
3641 904 3800 959 ἀπελ-

2192 995 2293 1047 θεῖν
2323 1000 2410 1048 τόν
2440 995 2687 1069 μέλλοντα
2712 997 2874 1073 όρμᾷν
2904 998 3034 1070 πρός
3058 998 3177 1057 τοὺς
3204 996 3341 1048 κατά
3368 998 3462 1054 τήν
3492 996 3651 1049 Λύσιν
3680 993 3797 1049 ἐπι-

2193 1089 2435 1147 σκόπους.
2458 1091 2674 1159 Ταχέως
2692 1088 2801 1158 (22)
2828 1087 2951 1159 ἡμῖν
2974 1090 3031 1139 τὸ
3054 1084 3437 1160 παριστάμενον
3458 1092 3521 1159 τῇ
3550 1085 3799 1144 ὁσιότητι

2194 1194 2287 1228 σου
2305 1178 2660 1249 γνωρισθῆναι
2685 1174 2942 1241 κέλευσον,
2970 1176 3051 1227 ἵνα
3079 1179 3151 1248 μὴ
3186 1172 3443 1248 ἀγνοῶμεν
3469 1177 3535 1228 τὰ
3565 1171 3799 1239 δόξαντά

2196 1270 2441 1339 σοι.Περὶ
2472 1262 2531 1318 δὲ
2559 1274 2657 1317 τῶν
2688 1268 3035 1339 τυρευομένων
3068 1265 3179 1335 (23)
3206 1267 3234 1324 ἦ
3265 1269 3353 1317 καὶ
3374 1261 3479 1324 ἤδη
3505 1263 3799 1337 ἐσκευωρη-

2192 1357 2352 1427 μένων
2395 1354 2512 1408 καθ⁹
2543 1355 2688 1427 ἡμῶν
2719 1353 2768 1407 ἐν
2799 1362 2860 1427 τῇ
2895 1354 3195 1427 Ἀντιοχείᾳ
3230 1352 3554 1425 ἀνοισει(24)
3585 1355 3610 1405 ὁ
3638 1354 3799 1416 αὐτὸς

2194 1441 2414 1518 ἀδελφός
2438 1452 2499 1519 τῇ
2532 1448 2796 1519 τιμιότητί
2842 1462 2957 1497 σου·
3004 1441 3088 1496 ἐάν
3135 1461 3228 1519 περ
3278 1446 3348 1517 μὴ
3394 1442 3732 1518 προλαϐοῦσα
3760 1444 3792 1502 ἡ

2195 1539 2339 1607 φήμη
2363 1542 2463 1587 τῶν
2482 1538 2760 1608 γενομένων
2778 1535 2888 1606 (25)
2914 1535 3106 1607 φανερά
3124 1536 3321 1607 ποιήσῃ
3345 1534 3411 1585 τὰ
3433 1537 3795 1606 πεπραγμένα.

2198 1630 2298 1678 Καὶ
2326 1625 2424 1701 γάρ
2456 1622 2607 1697 ἐγγύς
2629 1624 2769 1678 ἐστιν
2799 1626 2829 1683 ἡ
2864 1623 3001 1685 ἐλπὶς
3024 1631 3121 1687 τῆς
3146 1620 3400 1685 ἐκϐάσεως
3427 1631 3525 1676 τῶν
3556 1620 3800 1677 ἀπειλου-

428 1716 597 1785 scire,
614 1733 650 1774 a
670 1716 849 1773 fratre
869 1715 1150 1773 Anthimo
1179 1717 1485 1785 Faustum,
1501 1716 1605 1789 qui
1627 1720 1717 1773 est
1736 1733 1874 1772 cum
1897 1731 2077 1789 papa,

2198 1716 2375 1787 μένων.
2405 1718 2679 1767 Γινώσκειν
2711 1711 2771 1767 δὲ
2798 1711 3057 1787 βούλομαι
3084 1716 3178 1772 τὴν
3210 1711 3471 1766 εὐλάϐειαν
3504 1732 3620 1782 σου,
3654 1713 3737 1766 ὅτι
3769 1712 3797 1765 ὁ

428 1806 783 1880 episcopum
814 1804 1156 1862 ordinatum
1182 1805 1390 1872 fuisse,
1412 1822 1487 1862 ne
1512 1805 1810 1876 suffragiis
1837 1805 2085 1878 quidem

429 1895 709 1967 acceptis,
743 1899 798 1951 et
828 1894 959 1950 loco
992 1893 1337 1950 ordinatum
1366 1894 2085 1964 reverendissimigfratris

429 1983 647 2057 Cyrilli,
676 1983 759 2039 ita
775 1987 839 2038 ut
858 1982 1141 2039 Armenia
1166 1978 1560 2039 seditionibus
1581 1982 1795 2040 referta
1818 1984 1911 2039 sit.
1935 1984 2089 2049 Qua-

427 2074 672 2145 propter
697 2087 772 2127 ne
798 2072 858 2126 in
890 2086 1001 2127 nos
1028 2072 1370 2141 mentiatur,
1399 2087 1547 2127 neve
1576 2088 1778 2127 rerum
1809 2070 2085 2128 confusio

427 2160 605 2217 nobis
626 2160 801 2216 detur
828 2159 1082 2223 crimini,
1112 2160 1240 2215 hinc
1271 2159 1543 2230 dignitati
1575 2165 1687 2217 tute
1715 2160 2075 2231 signiﬁcavi.

428 2248 783 2319 Dignaberis
817 2254 1020 2305 autem
1047 2247 1279 2321 absque
1301 2249 1487 2305 dubio
1510 2254 1567 2305 et
1594 2250 1723 2323 ipse
1750 2266 1820 2306 ea
1839 2249 2086 2320 reliquis

425 2338 711 2396 indicare.
739 2338 1006 2396 Arbitror
1028 2340 1189 2396 enim
1219 2340 1441 2397 multos
1464 2339 1578 2398 hac
1609 2340 1834 2398 ordinis
1860 2344 2081 2413 pertur-

426 2427 673 2485 batione
700 2427 991 2485 afﬂictum
1010 2428 1101 2484 iri.

974 2626 1215 2684 EPISTO
1224 2626 1312 2682 LA
1350 2626 1538 2684 CXXI'.

2197 1799 2415 1875 ἀδελφός
2444 1802 2689 1876 Ἀνθιμος
2720 1810 2974 1869 Φαῦστον,
3006 1805 3093 1855 τόν
3138 1806 3358 1856 συνόντα
3383 1809 3455 1873 τῷ
3479 1804 3630 1875 πάπᾳ
3655 1804 3793 1874 (26),

2195 1893 2473 1945 ἐπίσκοπον
2514 1890 2898 1968 ἐχειροτόνησε,
2929 1889 3069 1966 μηδὲ
3114 1891 3322 1964 ψήφους
3362 1886 3665 1965 δεξάμενος,
3698 1896 3795 1945 καὶ

2191 1990 2264 2053 τῷ
2285 1985 2423 2053 τόπῳ
2453 1986 2831 2055 χειροτονήσας
2860 1981 2965 2053 (27)
2998 1987 3089 2034 τοῦ
3117 1977 3537 2054 αἰδεσιμωτάτου
3566 1978 3798 2053 ἀδελφοῦ

2196 2071 2469 2146 Κυρίλ).ου·
2496 2073 2630 2125 ὥστε
2661 2074 2890 2125 στάσεων
2922 2068 3189 2145 ἐμπλῆσαι
3217 2074 3310 2130 τὴν
3344 2069 3634 2147 Ἀρμενίαν.
3680 2070 3799 2125 Ἵνα

2192 2165 2497 2231 τοίνυν-(28)
2537 2166 2609 2234 μὴ
2650 2161 3081 2233 καταψεύσωνται
3122 2160 3287 2233 ἡμῶν,
3329 2156 3467 2233 μηδὲ
3509 2160 3656 2214 αὐτοὶ
3694 2164 3797 2219 τὴν

2193 2249 2364 2302 αἰτίαν
2398 2258 2609 2322 σχῶμεν
2657 2258 2753 2311 τῆς
2801 2248 3019 2313 ἀταξίας
3057 2256 3154 2301 τῶν
3193 2252 3491 2323 γενομένων,
3535 2249 3801 2324 ἐγνώρισα

2190 2348 2357 2392 ταῦτα
2383 2340 2757 2412 τῇζσεμνότητί
2780 2359 2900 2394 σου.
2941 2338 3100 2397 Δῆλον
3132 2335 3210 2406 δὲ,
3239 2341 3302 2400 ὡς
3334 2344 3423 2391 καὶ
3450 2338 3603 2400 αὐτὸς
3632 2359 3799 2391 κατα-

2194 2428 2400 2493 ξιώσεις
2428 2435 2665 2505 γνώριμα
2707 2436 2935 2489 ποιῆσαι
2970 2435 3082 2491 τοῖς
3122 2426 3343 2490 λοιποῖς,
3395 2428 3651 2502 Ἠγοῦμαι
3691 2431 3796 2502 γὰρ

2191 2516 2410 2580 πολλοὺς
2437 2517 2689 2578 λυπήσειν
2714 2522 2808 2577 τὴν
2836 2516 3054 2581 ἀταξίαν
3086 2519 3301 2576 ταύτην.

2723 2630 3051 2680 ΕΡΙΣΤΟΛΗ
3093 2622 3257 2684 PKA'.

613 2751 974 2809 Theodotum
998 2750 1282 2808 hortatur
1309 2751 1577 2808 Basilius
1618 2754 1681 2806 ut
1710 2750 2101 2879 Sagetisstiino
2134 2764 2310 2878 αμνθε
2330 2750 2597 2820 praebeat
2617 2751 2933 2824 ;T;eumque
2958 2752 3110 2823 facit
3135 2751 3209 2809 de
3242 2750 3615 2809 ordinatione

1865 2839 1974 2879 aus
2005 2839 2025 2879 ι
2062 2838 2161 2879 cer
2190 2838 2393 2879 iorem.

1865 2838 2025 2880 ausu
2062 2838 2393 2880 certiorem.

713 2946 1031 3018 Theodoto,
1059 2946 1332 3016 episcopo
1353 2945 1797 3017 Nicopolitano.

499 3054 731 3111 Acerba
759 3054 975 3123 hiems,
1009 3070 1078 3110 ac
1103 3053 1475 3125 longissima,
1507 3054 1660 3111 adeo
1684 3058 1746 3111 ut
1773 3069 1848 3112 ne
1870 3053 2083 3113 littera-

425 3160 564 3201 rum
606 3143 855 3215 quidem
902 3141 1184 3200 solatium
1234 3142 1408 3201 facile
1458 3142 1871 3205 habuerimus.
1921 3146 2082 3203 Unde

552 3284 716 3373 {alias
746 3286 940 3373 C’XCV:
975 3286 1200 3373 Scripta
1220 3302 1381 3344 anno
1413 3291 1535 3373 373.

499 3356 976 3431 (18)}laps'irsm'm
1012 3362 1069 3410 τὸ
1097 3356 1524 3431 Λῦ-πομνηστικόν.
1567 3358 2081 3418 Commentarium

427 3427 590 3503 hunc
620 3427 1029 3503 Basiliusnon
1054 3427 1289 3503 videtur
1310 3432 1752 3503 composuisse,
1781 3432 1887 3488 sed
1917 3449 2081 3489 acce-

425 3500 587 3574 pisse
619 3498 696 3554 ab
730 3498 1006 3574 Eusebio.
1050 3501 1366 3574 Quomodo
1406 3498 1566 3574 enim
1616 3498 2079 3574 composuisset,

426 3569 551 3644 qui,
582 3586 703 3627 non
723 3569 1069 3644 reperiebat
1092 3572 1404 3643 quomodo
1430 3569 1763 3630 scriberet?

497 3643 605 3713 (19)
647 3638 921 3714 ’Λδελξροῶ
940 3638 1333 3699 Hanc-vocem
1351 3644 1697 3700 addidimus
1714 3661 1787 3701 ex
1807 3661 1910 3701 sex
1930 3662 2077 3701 mss.

368 3736 369 3739 η
429 3712 706 3788 Legimus
733 3712 936 3769 autem
962 3718 1351 3788 Σαγκτισσίμου
1376 3732 1515 3771 cum
1536 3715 1691 3772 Harl.
1717 3722 1771 3774 et
1790 3719 1916 3774 Vat.
1933 3718 2085 3774 Editi

427 3788 484 3841 et
509 3785 608 3841 alii
631 3802 779 3841 mss.
809 3790 1200 3858 Σαγκτησίμου.

498 3858 609 3922 (20)
648 3861 977 3931 Παρίσταταᾷ
1005 3857 1112 3931 σοι.
1128 3862 1299 3931 Deest
1317 3858 1535 3931 vocula
1554 3857 1614 3913 in
1636 3858 1911 3931 pluribus
1930 3875 2079 3916 mss.

425 3941 549 3982 non
590 3928 1031 3985 vetustissimis.
1076 3930 1304 3985 Ibidem
1346 3930 1488 3986 editi
1525 3928 1890 3993 κατᾶξιώσαις.
1945 3935 2081 3990 MSS.

428 4013 669 4053 summo
700 4014 1003 4054 consensu
1031 4006 1093 4055 ut
1122 4001 1181 4055 in
1206 4006 1387 4056 textu.

501 4072 604 4137 (21)
653 4073 759 4143 Rati
790 4070 931 4143 eti-:93
965 4072 1267 4143 συνθέσθαι,
1304 4071 1452 4143 Editi
1482 4075 1572 4123 καί
1604 4091 1687 4124 σοι
1727 4072 1865 4143 αὖτῷ
1907 4075 2082 4125 συνθέ-

430 4141 573 4203 σθαι,
601 4145 654 4195 et
689 4140 798 4195 tibi
825 4144 1125 4197 assentiri.
1152 4142 1267 4197 Sed
1295 4142 1443 4198 illud
1477 4162 1560 4195 σοι
1591 4143 1759 4199 deest
1778 4140 1845 4199 in'
1865 4161 1963 4199 sex
1991 4160 2083 4199 ve-

428 4210 653 4287 teribus
684 4210 869 4287 libris,
902 4228 973 4267 ac
1002 4212 1061 4267 in
1093 4212 1770 4287 editionellaganoensi
1802 4220 1857 4271 et
1886 4216 2081 4287 prima

428 4282 1067 4338 Basileensi.?raaterea
1082 4284 1249 4355 quod
1267 4284 1433 4355 addit
1452 4286 1701 4341 Basilius
1719 4282 2001 4342 daturum
2020 4303 2081 4343 se

427 4368 675 4425 operam
693 4358 754 4427 u_t
767 4354 2081 4427 'communic’atoribusdeferatur,argumento

429 4429 521 4504 est
535 4440 677 4504 eum
700 4425 774 4480 de
795 4426 1015 4504 scripto
1036 4425 1728 4504 log_ui,_no_n_de_l\leletio_.
1746 4425 1927 4504 Paulo
1948 4433 2084 4504 post

429 4495 565 4569 editi
594 4495 1077 4569 παρακομιοθῆναι.
1106 4495 1261 4553 Harl.
1281 4502 1338 4553 et
1358 4498 1503 4553 Med.
1524 4514 1663 4553 cum
1687 4499 1927 4556 duobus
1950 4495 2080 4556 aliis

428 4569 495 4620 ut
517 4565 579 4619 in
608 4565 809 4621 textu.
840 4567 986 4621 lllud
1016 4572 1217 4623 autem
1246 4577 1564 4631 κοινωνικοῖς
1582 4570 1891 4626 reddimus
1920 4588 2080 4628 com-

429 4638 926 4715 inunicqtoribits,
959 4638 1106 4715 quia
1132 4655 1202 4695 ea
1232 4657 1349 4715 vox_
1381 4640 1811 4715 apudeatinos
1837 4642 2083 4715 scripto-

427 4707 995 4784 gesecclesiasticos
1016 4709 1255 4784 usitata.
1284 4707 1517 4767 Hinc—in
1546 4713 1726 4784 Epist.
1749 4707 2005 4769 Eutherii
2030 4718 2085 4770 et

430 4777 679 4853 Helladii
708 4779 787 4835 ad
817 4782 1060 4853 Xystum
1095 4782 1330 4838 tertium
1372 4777 1632 4839 Joanne’s
1674 4785 2084 4842 Antiochenus

431 4849 656 4919 Cyrz'tli
674 4849 1146 4924 comni'unicdtor
1170 4856 1373 4924 factus
1403 4870 1531 4924 esse
1561 4854 1795 4912 dicitur.

504 4924 632 4996 (‘22)
657 4928 897 4996 Ταχέως,
954 4922 1103 4980 Editi
1141 4921 1374 4982 addunt
1399 4921 1504 4996 οὖν,
1539 4925 1645 4981 sed
1690 4927 1819 4983 htEC
1866 4927 2084 4985 vocula

431 4988 605 5073 deest
619 4992 679 5048 in
711 4988 995 5073 omnibus
1026 4997 1246 5073 nostris
1276 5014 1420 5053 mss.
1455 4988 1525 5053 ac
1555 4997 1617 5052 in
1644 4997 1903 5055 editione
1934 5002 2082 5071 Hag.

430 5067 488 5119 et
516 5066 713 5135 prima
744 5066 1086 5122 Basileensi.

502 5137 615 5205 (23)
655 5141 1035 5215 Tupauoua’my.
1058 5141 1153 5215 Ita
1168 5137 1349 5215 editio
1374 5142 1599 5215 Hagan.
1615 5142 1669 5197 et
1690 5157 1834 5197 mss.
1852 5145 2083 5215 septem

428 5221 540 5287 pro
563 5224 632 5287 eo
653 5208 817 5281 quod
833 5208 1035 5287 eratin
1058 5208 1190 5287 aliis
1212 5211 1573 5287 editionibus
1593 5208 1962 5287 πορευομένων.
1988 5216 2084 5269 Le-

432 5281 587 5355 gitur
610 5281 889 5355 tamenin
909 5281 1178 5337 secunda
1193 5281 1452 5355 editione
1479 5281 1792 5339 Parisiensi
1808 5298 2086 5355 πονηρευο-

430 5353 611 5426 μένῳν.
661 5352 983 5425 Scriptura,
1016 5368 1203 5426 quam
1234 5353 1293 5407 in
1343 5356 1689 5426 contextum
1720 5352 2082 5426 recepimus,

431 5422 821 5502 conﬁrmatur
858 5438 931 5479 ex
978 5422 1147 5496 epist.
1190 5427 1312 5481 226.
1364 5422 1593 5480 Ibidem
1633 5425 1793 5483 Harl.
1837 5422 1894 5485 et
1947 5428 2080 5484 Vat.

434 5498 884 5565 ἑσκαιωρημένων,

503 5562 897 5631 (24)”Ανοίσει.
933 5569 1184 5640 Uterque
1212 5564 1411 5637 Coisl.,
1442 5567 1587 5625 Med.
1622 5570 1679 5626 et
1706 5571 1848 5641 Reg.
1878 5586 2085 5629 secun-

2441 2943 2703 3021 Θεοδότῳ,
2745 2946 3012 3021 ἐπισκόπῳ
3052 2946 3380 3011 Νικοπόλεως
3406 2948 3537 3021 (29).

2263 3053 2427 3116 Πολὺς
2476 3056 2500 3106 ὁ
2555 3060 2772 3128 χειμὼν,
2833 3060 2923 3109 καὶ
2974 3053 3057 3109 ἐπὶ
3114 3056 3172 3109 τό
3226 3058 3553 3130 μακρότατον
3614 3074 3799 3132 παρα-

2192 3145 2383 3214 ταθεὶς,
2437 3146 2502 3204 ὡς
2563 3141 2704 3217 μηδὲ
2763 3145 2853 3206 τὰς
2911 3140 3004 3198 διὰ
3068 3148 3387 3220 γραμμάτων
3453 3148 3798 3219 παραμυθίας

2192 3285 2533 3362 dus_o’w6as_c.
2562 3285 2677 3344 Sed
2699 3285 2855 3344 Harl.
2879 3291 2936 3345 et
2964 3287 3064 3346 alii
3081 3286 3293 3344 ἀνοίσει.
3317 3289 3549 3362 Hagan.
3570 3292 3627 3346 et
3654 3287 3795 3345 dua:

2193 3360 2443 3416 Froben.
2478 3356 2692 3431 ἀνοίγει.

2262 3432 2373 3501 (25)
2412 3438 2522 3483 Τῶν
2551 3428 2861 3504 γένομένῳν.
2885 3432 2969 3489 Ita
2996 3428 3113 3488 hoc
3140 3429 3273 3504 loco
3305 3436 3361 3488 et
3397 3429 3551 3489 infra
3579 3432 3799 3504 optimi

2236 3504 2459 3585 uinque
2669 3501 2820 3585 Editi
2850 3502 2910 3559 in
2938 3501 3349 3585 utroqueloco
3368 3512 3467 3585 τοῖιν
3487 3501 3792 3585 γινομένων.

2190 3573 2420 3630 Ibidem
2462 3573 2604 3629 editi
2650 3578 2881 3632 ποιήσει.
2937 3577 3073 3629 Tres
3092 3573 3505 3631 'vetustissimi
3552 3573 3795 3632 codices

2191 3662 2330 3702 cum
2358 3645 2633 3702 pluribus
2670 3645 2801 3702 aliis
2826 3650 2891 3702 ut
2921 3645 2984 3701 in
3018 3650 3197 3702 textu.

2264 3714 2378 3787 (26)
2412 3722 2494 3787 Τῷ
2517 3717 2686 3788 πάπᾳ.
2712 3714 2891 3775 Coisl.
2915 3716 3217 3788 secundus
3239 3721 3295 3774 et
3315 3719 3456 3788 Reg.
3481 3716 3793 3774 secundus

2190 3774 2503 3861 τῷπάὲτπῴ.
2531 3774 2655 3861 Sed
2681 3774 2930 3861 uterque
2950 3787 3149 3861 codex
3176 3774 3469 3845 consenlit
3487 3804 3626 3845 cum
3657 3789 3797 3845 aliis

2188 3860 2251 3915 in
2274 3858 2545 3931 sequenti
2565 3858 2851 3931 epistola;
2862 3859 2964 3916 ubi
2984 3859 3057 3915 de
3079 3860 3293 3916 eodem
3315 3861 3795 3927 agiturhomine.

2192 3931 2359 3996 Quod
2378 3931 2446 4004 si
2464 3931 2574 3987 iste
2596 3946 2759 4004 papa
2789 3932 3104 4004 episcopus
3130 3932 3508 4004 fuit,videtur
3537 3935 3802 4004 Faustus

2190 4018 2347 4056 unus
2369 4001 2552 4057 fuisse
2571 4001 2643 4057 ex
2665 4001 2889 4058 clericis
2911 4003 2972 4057 in
2993 4001 3153 4058 illius
3176 4003 3360 4059 domo
3383 4002 3798 4059 manentibus.

2192 4073 2283 4128 Sic
2297 4072 2457 4128 enim
2474 4073 2775 4143 designari
2790 4072 2981 4129 solent
2996 4072 3295 4144 ejusmodi
3313 4072 3712 4130 clerici.Basili
3725 4092 3799 4129 us

2189 4145 2250 4199 in
2278 4145 2447 4216 epist.
2463 4148 2520 4216 21
2538 4149 2567 4199 8
2596 4144 2674 4216 ad
2693 4143 3177 4216 Amphilochium
3201 4144 3423 4201 salutat
3442 4145 3798 4202 universum

2189 4215 2601 4289 venerabilem
2628 4215 2853 4289 elerum
2897 4221 2987 4289 καῇ
3027 4220 3146 4289 τοὺς
3194 4222 3440 4279 συνόντας
3484 4216 3800 4289 Amphilo-

2189 4287 2341 4342 chio.
2385 4286 2745 4372 Theophilus
2785 4286 3803 4372 Castabalorum‘ep‘iscopus'_misit

2189 4303 2341 4342 cmo.
2396 4303 2745 4413 ineopniius
2785 4303 3243 4343 uasranaiorum
3273 4304 3592 4372 episcopus
3629 4303 3802 4345 misit

2188 4372 2379 4413 unum
2409 4373 2481 4412 ex
2508 4374 2537 4413 c
2565 4374 2754 4430 εει-ιρις.
2777 4374 2931 4430 quos
2953 4374 3155 4413 secum
3179 4358 3445 4430 habebat
3464 4380 3549 4412 ενα
3572 4367 3669 4411 τῶν
3703 4360 3802 4411 ar)-

2187 4438 2258 4510 τῳ
2292 4433 2567 4511 συνόντῳν,
2597 4429 2702 4511 qui
2730 4429 2941 4511 Basilio
2972 4430 3193 4510 mirum
3216 4430 3277 4486 in
3309 4429 3561 4511 modum
3589 4432 3801 4511 convi-

2190 4499 2462 4573 ciaretur.
2478 4499 2735 4556 Plurima
2759 4500 2874 4557 alia
2894 4501 3121 4573 passim
3143 4507 3464 4573 occurrunt
3484 4502 3797 4573 ejusmodi

2190 4570 2495 4645 exempla.
2512 4574 2658 4627 Cum
2684 4570 3158 4645 autem_—Ba511ius
3188 4572 3348 4629 hunc
3369 4570 3593 4645 papam
3621 4573 3797 4645 nullo

2190 4642 2438 4716 prorsus
2480 4642 2729 4716 honoris
2772 4643 2937 4716 titulo
2982 4642 3404 4716 prosequatur,
3431 4642 3535 4716 qui
3564 4644 3801 4716 episcoc

2192 4714 2340 4787 pum
2370 4714 2641 4787 designet
2666 4734 2679 4783 ;
2710 4714 2806 4787 vel
2830 4715 2879 4770 is
2905 4714 3165 4787 a‘Basilii
3183 4714 3620 4787 communione
3651 4715 3801 4773 abs-

2192 4784 2384 4858 cissus
2414 4784 2543 4858 fuit,
2576 4786 2625 4841 si
2656 4786 2839 4841 modo
2865 4784 3189 4858 cpiscopus
3225 4792 3351 4858 erat
3384 4805 3396 4839 :
3441 4785 3535 4843 vel
3562 4787 3652 4858 vir
3680 4786 3803 4847 fuit

2190 4858 2340 4913 inter
2359 4856 2544 4931 laicos
2566 4858 2785 4931 opibus
2806 4873 2875 4931 ac
2897 4856 3182 4931 dignitate
3202 4857 3801 4931 insignis,AquiFaus-

2192 4934 2320 4984 tum
2362 4927 2622 4984 honoris
2652 4932 2708 4984 et
2741 4927 3013 4984 amicitiae
3051 4945 3255 4997 causa,
3295 4927 3389 4986 vel
3419 4927 3805 4986 ad’ministe-

2191 5000 2348 5056 rium
2380 4998 2627 5071 aliquod
2652 5015 2774 5056 non
2794 4998 3056 5070 ignobile
3077 5000 3478 5058 convictorem
3502 5000 3799 5059 habebat.

2265 5070 2377 5142 (27)
2418 5070 2515 5123 καὶ
2562 5080 2634 5143 τῷ
2678 5075 2818 5143 τόπῳ
2874 5078 3322 5145 χειροτονήσας...
3366 5072 3649 5145 ἐμπλῆσαι.
3706 5076 3804 5130 Ita

2192 5158 2336 5198 mss.
2367 5143 2975 5219 summo‘consensu.
3011 5143 3163 5200 Edili
3191 5160 3332 5201 vero
3365 5143 3451 5197 aiat
3480 5163 3803 5219 καταχειρο-

2193 5219 2310 5272 τονή
2322 5232 2388 5265 σα
2398 5235 2436 5288 ς.
2449 5256 2459 5269 .
2472 5254 2483 5267 .
2520 5213 2881 5288 ἐμπληρῶσαι.

2191 5286 2371 5369 η-(28)
2410 5284 2521 5369 ξινα
2546 5284 2737 5343 τοίνυν.
2774 5291 2857 5343 tta
2885 5302 3096 5343 omnes
3126 5286 3317 5344 nostri
3347 5287 3607 5346 codices.
3640 5286 3798 5345 Editi

2214 5364 2327 5410 Οοα
2347 5362 2536 5410 τοίνυν.

2260 5376 2712 5505 ῗὲῦῗὲὶἔολόζότῳ...
2742 5428 3087 5505 Νικοπόλεως.
3106 5429 3235 5505 _Ita_
3261 5429 3433 5489 Coisl.
3472 5429 3702 5505 primus
3733 5433 3795 5489 et

2193 5486 2553 5579 κόψ’Αάάῇ
2582 5486 2739 5579 Harl.
2756 5486 3066 5579 fama“;
3093 5486 3639 5579 Co_dicesn01inulli
3672 5486 3794 5579 Ἀρξ

2192 5574 2364 5644 μενίας
2392 5578 2605 5646 μικρᾶς,
2637 5577 2695 5631 et
2723 5572 2806 5629 sic
2833 5572 3062 5631 habent
3090 5573 3249 5630 editi.
