  <div class='ocr_page' id='page_1' title='image "/cluster/home/n/w/nwhite01/storage/ocr_20150623/32/hvd.32044048207401/277.png"; bbox 0 0 4054 6204; ppageno 0'>
   <div class='ocr_carea' id='block_1_1' title="bbox 490 243 592 297">
    <p class='ocr_par' dir='ltr' id='par_1_1' title="bbox 490 243 592 297">
     <span class='ocr_line' id='line_1_1' title="bbox 490 243 592 297; baseline 0.02 -2"><span class='ocrx_word' id='word_1_1' title='bbox 490 243 592 297; x_wconf 70' lang='grc'>543</span> 
     </span>
    </p>
   </div>
   <div class='ocr_carea' id='block_1_2' title="bbox 1869 240 3793 307">
    <p class='ocr_par' dir='ltr' id='par_1_2' title="bbox 1869 240 3793 307">
     <span class='ocr_line' id='line_1_2' title="bbox 1869 240 3793 307; baseline 0.001 -12"><span class='ocrx_word' id='word_1_2' title='bbox 1869 244 1930 301; x_wconf 90' lang='lat' dir='ltr'>S.</span> <span class='ocrx_word' id='word_1_3' title='bbox 1971 240 2227 297; x_wconf 81' lang='lat' dir='ltr'>BASILII</span> <span class='ocrx_word' id='word_1_4' title='bbox 2265 240 2487 298; x_wconf 69' lang='lat' dir='ltr'>MAGNl</span> <span class='ocrx_word' id='word_1_5' title='bbox 3711 251 3793 307; x_wconf 63' lang='lat' dir='ltr'>su.</span> 
     </span>
    </p>
   </div>
   <div class='ocr_carea' id='block_1_3' title="bbox 494 365 2158 441">
    <p class='ocr_par' dir='ltr' id='par_1_3' title="bbox 494 365 2149 441">
     <span class='ocr_line' id='line_1_3' title="bbox 494 365 2149 441; baseline 0.001 -20"><span class='ocrx_word' id='word_1_6' title='bbox 494 380 555 421; x_wconf 89' lang='lat' dir='ltr'><strong><em>se</em></strong></span> <span class='ocrx_word' id='word_1_7' title='bbox 607 365 670 421; x_wconf 94' lang='lat' dir='ltr'>in</span> <span class='ocrx_word' id='word_1_8' title='bbox 702 380 839 421; x_wconf 88' lang='lat' dir='ltr'>eam</span> <span class='ocrx_word' id='word_1_9' title='bbox 869 367 1103 437; x_wconf 87' lang='lat' dir='ltr'>partem</span> <span class='ocrx_word' id='word_1_10' title='bbox 1152 365 1505 429; x_wconf 85' lang='lat' dir='ltr'>excitarunt,</span> <span class='ocrx_word' id='word_1_11' title='bbox 1548 370 1613 423; x_wconf 92' lang='lat' dir='ltr'>ut</span> <span class='ocrx_word' id='word_1_12' title='bbox 1658 382 1824 423; x_wconf 90' lang='lat' dir='ltr'>suam</span> <span class='ocrx_word' id='word_1_13' title='bbox 1875 368 2149 441; x_wconf 91' lang='lat' dir='ltr'>ipsorum</span> 
     </span>
    </p>
   </div>
   <div class='ocr_carea' id='block_1_4' title="bbox 2268 365 3802 441">
    <p class='ocr_par' dir='ltr' id='par_1_4' title="bbox 2268 365 3802 438">
     <span class='ocr_line' id='line_1_4' title="bbox 2268 365 3802 438; baseline 0.003 -21"><span class='ocrx_word' id='word_1_14' title='bbox 2268 370 2464 433; x_wconf 85' lang='grc' dir='ltr'>νωνίαν,</span> <span class='ocrx_word' id='word_1_15' title='bbox 2498 367 2643 438; x_wconf 76' lang='grc' dir='ltr'>ἡμῶν</span> <span class='ocrx_word' id='word_1_16' title='bbox 2673 369 2764 417; x_wconf 87' lang='grc' dir='ltr'>καὶ</span> <span class='ocrx_word' id='word_1_17' title='bbox 2793 374 2888 428; x_wconf 80' lang='grc' dir='ltr'>τῆς</span> <span class='ocrx_word' id='word_1_18' title='bbox 2923 365 3231 427; x_wconf 76' lang='grc' dir='ltr'>Ἐκκλησίας</span> <span class='ocrx_word' id='word_1_19' title='bbox 3258 368 3460 435; x_wconf 74' lang='grc' dir='ltr'>ταύτης,</span> <span class='ocrx_word' id='word_1_20' title='bbox 3492 367 3555 429; x_wconf 86' lang='grc' dir='ltr'>ὡς</span> <span class='ocrx_word' id='word_1_21' title='bbox 3589 368 3725 421; x_wconf 73' lang='grc' dir='ltr'>ἑώλων</span> <span class='ocrx_word' id='word_1_22' title='bbox 3752 374 3802 433; x_wconf 83' lang='grc' dir='ltr'>εἰς</span> 
     </span>
    </p>
   </div>
   <div class='ocr_carea' id='block_1_5' title="bbox 495 454 2152 525">
    <p class='ocr_par' dir='ltr' id='par_1_5' title="bbox 495 454 2152 525">
     <span class='ocr_line' id='line_1_5' title="bbox 495 454 2152 525; baseline 0.002 -16"><span class='ocrx_word' id='word_1_23' title='bbox 495 455 992 510; x_wconf 88' lang='lat' dir='ltr'>communionem</span> <span class='ocrx_word' id='word_1_24' title='bbox 1047 454 1123 510; x_wconf 88' lang='lat' dir='ltr'>ad</span> <span class='ocrx_word' id='word_1_25' title='bbox 1154 455 1501 511; x_wconf 82' lang='lat' dir='ltr'>Anthimum</span> <span class='ocrx_word' id='word_1_26' title='bbox 1536 457 1916 525; x_wconf 79' lang='lat' dir='ltr'>transferant,</span> <span class='ocrx_word' id='word_1_27' title='bbox 1976 457 2152 513; x_wconf 89' lang='lat' dir='ltr'>nobis</span> 
     </span>
    </p>
   </div>
   <div class='ocr_carea' id='block_1_6' title="bbox 495 543 2155 616">
    <p class='ocr_par' dir='ltr' id='par_1_6' title="bbox 495 543 2155 616">
     <span class='ocr_line' id='line_1_6' title="bbox 495 543 2155 616; baseline 0.002 -17"><span class='ocrx_word' id='word_1_28' title='bbox 495 548 827 616; x_wconf 88' lang='lat' dir='ltr'>nostraque</span> <span class='ocrx_word' id='word_1_29' title='bbox 860 543 1208 610; x_wconf 83' lang='lat' dir='ltr'>Ecclesia,ut</span> <span class='ocrx_word' id='word_1_30' title='bbox 1237 544 1520 601; x_wconf 82' lang='lat' dir='ltr'>obsoletis</span> <span class='ocrx_word' id='word_1_31' title='bbox 1542 546 1617 601; x_wconf 92' lang='lat' dir='ltr'>ad</span> <span class='ocrx_word' id='word_1_32' title='bbox 1638 546 1962 603; x_wconf 81' lang='lat' dir='ltr'>amicitiam</span> <span class='ocrx_word' id='word_1_33' title='bbox 1996 563 2155 603; x_wconf 90' lang='lat' dir='ltr'>com-</span> 
     </span>
    </p>
   </div>
   <div class='ocr_carea' id='block_1_7' title="bbox 496 634 755 705">
    <p class='ocr_par' dir='ltr' id='par_1_7' title="bbox 496 634 755 705">
     <span class='ocr_line' id='line_1_7' title="bbox 496 634 755 705; baseline 0 -17"><span class='ocrx_word' id='word_1_34' title='bbox 496 634 755 705; x_wconf 89' lang='lat' dir='ltr'>temptis.</span> 
     </span>
    </p>
   </div>
   <div class='ocr_carea' id='block_1_8' title="bbox 1014 742 1634 800">
    <p class='ocr_par' dir='ltr' id='par_1_8' title="bbox 1014 742 1634 800">
     <span class='ocr_line' id='line_1_8' title="bbox 1014 742 1634 800; baseline 0.006 -4"><span class='ocrx_word' id='word_1_35' title='bbox 1014 742 1345 800; x_wconf 79' lang='lat' dir='ltr'>EPISTOLA</span> <span class='ocrx_word' id='word_1_36' title='bbox 1383 742 1634 800; x_wconf 75' lang='lat' dir='ltr'>CXXIII&#39;.</span> 
     </span>
    </p>
   </div>
   <div class='ocr_carea' id='block_1_9' title="bbox 2266 455 2997 529">
    <p class='ocr_par' dir='ltr' id='par_1_9' title="bbox 2266 455 2997 529">
     <span class='ocr_line' id='line_1_9' title="bbox 2266 455 2997 529; baseline 0.007 -23"><span class='ocrx_word' id='word_1_37' title='bbox 2266 455 2459 528; x_wconf 69' lang='grc' dir='ltr'>φιλίαν,</span> <span class='ocrx_word' id='word_1_38' title='bbox 2492 460 2997 529; x_wconf 68' lang='grc' dir='ltr'>καταφρονήσαντες.</span> 
     </span>
    </p>
   </div>
   <div class='ocr_carea' id='block_1_10' title="bbox 499 866 3812 939">
    <p class='ocr_par' dir='ltr' id='par_1_10' title="bbox 499 866 3812 939">
     <span class='ocr_line' id='line_1_10' title="bbox 499 866 3812 939; baseline 0.004 -19"><span class='ocrx_word' id='word_1_39' title='bbox 499 867 773 923; x_wconf 82' lang='lat' dir='ltr'>Dolorem</span> <span class='ocrx_word' id='word_1_40' title='bbox 795 866 1103 937; x_wconf 81' lang='lat' dir='ltr'>signiﬁcat</span> <span class='ocrx_word' id='word_1_41' title='bbox 1137 868 1375 924; x_wconf 80' lang='lat' dir='ltr'>Urbicio</span> <span class='ocrx_word' id='word_1_42' title='bbox 1404 868 1563 939; x_wconf 84' lang='lat' dir='ltr'>quod</span> <span class='ocrx_word' id='word_1_43' title='bbox 1592 868 1671 925; x_wconf 82' lang='lat' dir='ltr'>ad</span> <span class='ocrx_word' id='word_1_44' title='bbox 1690 885 1749 925; x_wconf 88' lang='lat' dir='ltr'><strong><em>se</em></strong></span> <span class='ocrx_word' id='word_1_45' title='bbox 1772 870 2170 926; x_wconf 79' lang='lat' dir='ltr'>tentutionmn</span> <span class='ocrx_word' id='word_1_46' title='bbox 2203 872 2349 923; x_wconf 70' lang='lat' dir='ltr'>azstu</span> <span class='ocrx_word' id='word_1_47' title='bbox 2367 870 2727 938; x_wconf 81' lang='lat' dir='ltr'>ﬂagrantem</span> <span class='ocrx_word' id='word_1_48' title='bbox 2760 885 2874 927; x_wconf 82' lang='lat' dir='ltr'>non</span> <span class='ocrx_word' id='word_1_49' title='bbox 2903 871 3154 928; x_wconf 80' lang='lat' dir='ltr'>venerit.</span> <span class='ocrx_word' id='word_1_50' title='bbox 3209 871 3508 929; x_wconf 80' lang='lat' dir='ltr'>Hortatur</span> <span class='ocrx_word' id='word_1_51' title='bbox 3546 878 3603 929; x_wconf 82' lang='lat' dir='ltr'>ut</span> <span class='ocrx_word' id='word_1_52' title='bbox 3652 876 3812 933; x_wconf 69' lang='lat' dir='ltr'>veniat</span> 
     </span>
    </p>
   </div>
   <div class='ocr_carea' id='block_1_11' title="bbox 1634 940 2735 998">
    <p class='ocr_par' dir='ltr' id='par_1_11' title="bbox 1634 940 2735 998">
     <span class='ocr_line' id='line_1_11' title="bbox 1634 940 2735 998; baseline -0.001 0"><span class='ocrx_word' id='word_1_53' title='bbox 1634 946 1739 998; x_wconf 90' lang='lat' dir='ltr'>aut</span> <span class='ocrx_word' id='word_1_54' title='bbox 1771 943 2195 998; x_wconf 80' lang='lat' dir='ltr'>consolaturus</span> <span class='ocrx_word' id='word_1_55' title='bbox 2216 946 2320 996; x_wconf 83' lang='lat' dir='ltr'>aut</span> <span class='ocrx_word' id='word_1_56' title='bbox 2352 940 2735 997; x_wconf 80' lang='lat' dir='ltr'>deducturus.</span> 
     </span>
    </p>
   </div>
   <div class='ocr_carea' id='block_1_12' title="bbox 1038 1045 1615 1104">
    <p class='ocr_par' dir='ltr' id='par_1_12' title="bbox 1038 1045 1615 1104">
     <span class='ocr_line' id='line_1_12' title="bbox 1038 1045 1615 1104; baseline 0.003 -3"><span class='ocrx_word' id='word_1_57' title='bbox 1038 1045 1273 1103; x_wconf 85' lang='lat' dir='ltr'>Urbicio</span> <span class='ocrx_word' id='word_1_58' title='bbox 1301 1048 1615 1104; x_wconf 82' lang='lat' dir='ltr'>monacho.</span> 
     </span>
    </p>
   </div>
   <div class='ocr_carea' id='block_1_13' title="bbox 570 1152 2157 1229">
    <p class='ocr_par' dir='ltr' id='par_1_13' title="bbox 570 1152 2157 1229">
     <span class='ocr_line' id='line_1_13' title="bbox 570 1152 2157 1229; baseline 0.004 -22"><span class='ocrx_word' id='word_1_59' title='bbox 570 1153 712 1208; x_wconf 87' lang='lat' dir='ltr'>Eras</span> <span class='ocrx_word' id='word_1_60' title='bbox 752 1152 1120 1209; x_wconf 90' lang='lat' dir='ltr'>adventurus</span> <span class='ocrx_word' id='word_1_61' title='bbox 1151 1154 1229 1210; x_wconf 91' lang='lat' dir='ltr'>ad</span> <span class='ocrx_word' id='word_1_62' title='bbox 1260 1171 1371 1211; x_wconf 89' lang='lat' dir='ltr'>nos</span> <span class='ocrx_word' id='word_1_63' title='bbox 1410 1160 1483 1217; x_wconf 91' lang='lat' dir='ltr'>(et</span> <span class='ocrx_word' id='word_1_64' title='bbox 1520 1156 1578 1211; x_wconf 91' lang='lat' dir='ltr'>in</span> <span class='ocrx_word' id='word_1_65' title='bbox 1607 1157 1883 1229; x_wconf 78' lang='lat' dir='ltr'>proximo</span> <span class='ocrx_word' id='word_1_66' title='bbox 1906 1162 2032 1213; x_wconf 86' lang='lat' dir='ltr'>erat</span> <span class='ocrx_word' id='word_1_67' title='bbox 2054 1155 2157 1212; x_wconf 91' lang='lat' dir='ltr'>bo-</span> 
     </span>
    </p>
   </div>
   <div class='ocr_carea' id='block_1_14' title="bbox 497 1245 2155 1316">
    <p class='ocr_par' dir='ltr' id='par_1_14' title="bbox 497 1245 2155 1316">
     <span class='ocr_line' id='line_1_14' title="bbox 497 1245 2155 1316; baseline 0.002 -19"><span class='ocrx_word' id='word_1_68' title='bbox 497 1246 669 1305; x_wconf 82' lang='lat' dir='ltr'>num)</span> <span class='ocrx_word' id='word_1_69' title='bbox 699 1248 758 1297; x_wconf 91' lang='lat' dir='ltr'>ut</span> <span class='ocrx_word' id='word_1_70' title='bbox 787 1259 899 1298; x_wconf 87' lang='lat' dir='ltr'>nos</span> <span class='ocrx_word' id='word_1_71' title='bbox 930 1260 1170 1300; x_wconf 89' lang='lat' dir='ltr'>summo</span> <span class='ocrx_word' id='word_1_72' title='bbox 1220 1245 1435 1301; x_wconf 83' lang='lat' dir='ltr'>saltem</span> <span class='ocrx_word' id='word_1_73' title='bbox 1487 1245 1671 1316; x_wconf 80' lang='lat' dir='ltr'>digito</span> <span class='ocrx_word' id='word_1_74' title='bbox 1724 1247 2155 1303; x_wconf 81' lang='lat' dir='ltr'>tentationibus</span> 
     </span>
    </p>
   </div>
   <div class='ocr_carea' id='block_1_15' title="bbox 500 1332 2158 1402">
    <p class='ocr_par' dir='ltr' id='par_1_15' title="bbox 500 1332 2158 1402">
     <span class='ocr_line' id='line_1_15' title="bbox 500 1332 2158 1402; baseline 0.004 -17"><span class='ocrx_word' id='word_1_75' title='bbox 500 1335 820 1387; x_wconf 68' lang='lat' dir='ltr'>aestuantes</span> <span class='ocrx_word' id='word_1_76' title='bbox 854 1332 1258 1402; x_wconf 84' lang='lat' dir='ltr'>refrigerares.</span> <span class='ocrx_word' id='word_1_77' title='bbox 1293 1334 1444 1398; x_wconf 87' lang='lat' dir='ltr'>Quid</span> <span class='ocrx_word' id='word_1_78' title='bbox 1471 1334 1689 1390; x_wconf 91' lang='lat' dir='ltr'>deinde</span> <span class='ocrx_word' id='word_1_79' title='bbox 1717 1336 1744 1390; x_wconf 85' lang='lat'><strong><em>?</em></strong></span> <span class='ocrx_word' id='word_1_80' title='bbox 1793 1334 2158 1392; x_wconf 84' lang='lat' dir='ltr'>Obstiterunt</span> 
     </span>
    </p>
   </div>
   <div class='ocr_carea' id='block_1_16' title="bbox 499 1421 2157 1496">
    <p class='ocr_par' dir='ltr' id='par_1_16' title="bbox 499 1421 2157 1496">
     <span class='ocr_line' id='line_1_16' title="bbox 499 1421 2157 1496; baseline 0.004 -22"><span class='ocrx_word' id='word_1_81' title='bbox 499 1436 635 1475; x_wconf 90' lang='lat' dir='ltr'>mea</span> <span class='ocrx_word' id='word_1_82' title='bbox 682 1425 949 1492; x_wconf 88' lang='lat' dir='ltr'>peccata,</span> <span class='ocrx_word' id='word_1_83' title='bbox 984 1424 1039 1476; x_wconf 89' lang='lat' dir='ltr'>et</span> <span class='ocrx_word' id='word_1_84' title='bbox 1087 1421 1382 1494; x_wconf 86' lang='lat' dir='ltr'>impetum</span> <span class='ocrx_word' id='word_1_85' title='bbox 1434 1428 1870 1496; x_wconf 84' lang='lat' dir='ltr'>represserunt,</span> <span class='ocrx_word' id='word_1_86' title='bbox 1920 1429 1985 1480; x_wconf 90' lang='lat' dir='ltr'>ut</span> <span class='ocrx_word' id='word_1_87' title='bbox 2030 1426 2157 1481; x_wconf 90' lang='lat' dir='ltr'>sine</span> 
     </span>
    </p>
   </div>
   <div class='ocr_carea' id='block_1_17' title="bbox 500 1508 2158 1577">
    <p class='ocr_par' dir='ltr' id='par_1_17' title="bbox 500 1508 2158 1577">
     <span class='ocr_line' id='line_1_17' title="bbox 500 1508 2158 1577; baseline 0.004 -14"><span class='ocrx_word' id='word_1_88' title='bbox 500 1508 621 1564; x_wconf 88' lang='lat' dir='ltr'>ulla</span> <span class='ocrx_word' id='word_1_89' title='bbox 651 1508 878 1565; x_wconf 85' lang='lat' dir='ltr'>medela</span> <span class='ocrx_word' id='word_1_90' title='bbox 906 1508 1267 1567; x_wconf 88' lang='lat' dir='ltr'>laboremus.</span> <span class='ocrx_word' id='word_1_91' title='bbox 1322 1513 1849 1577; x_wconf 83' lang='lat' dir='ltr'>Quemadmodum</span> <span class='ocrx_word' id='word_1_92' title='bbox 1894 1514 2054 1570; x_wconf 89' lang='lat' dir='ltr'>enim</span> <span class='ocrx_word' id='word_1_93' title='bbox 2096 1513 2158 1569; x_wconf 92' lang='lat' dir='ltr'>in</span> 
     </span>
    </p>
   </div>
   <div class='ocr_carea' id='block_1_18' title="bbox 502 1596 2148 1673">
    <p class='ocr_par' dir='ltr' id='par_1_18' title="bbox 502 1596 2148 1673">
     <span class='ocr_line' id='line_1_18' title="bbox 502 1596 2148 1673; baseline 0.004 -21"><span class='ocrx_word' id='word_1_94' title='bbox 502 1596 784 1653; x_wconf 88' lang='lat' dir='ltr'>ﬂuctibus</span> <span class='ocrx_word' id='word_1_95' title='bbox 817 1598 968 1654; x_wconf 90' lang='lat' dir='ltr'>alius</span> <span class='ocrx_word' id='word_1_96' title='bbox 999 1600 1244 1672; x_wconf 88' lang='lat' dir='ltr'>quidem</span> <span class='ocrx_word' id='word_1_97' title='bbox 1274 1600 1669 1669; x_wconf 85' lang='lat' dir='ltr'>desinit,alius</span> <span class='ocrx_word' id='word_1_98' title='bbox 1713 1620 1853 1660; x_wconf 91' lang='lat' dir='ltr'>vero</span> <span class='ocrx_word' id='word_1_99' title='bbox 1874 1603 2148 1673; x_wconf 81' lang='lat' dir='ltr'>insurgit,</span> 
     </span>
    </p>
   </div>
   <div class='ocr_carea' id='block_1_19' title="bbox 500 1686 2155 1765">
    <p class='ocr_par' dir='ltr' id='par_1_19' title="bbox 500 1686 2155 1765">
     <span class='ocr_line' id='line_1_19' title="bbox 500 1686 2155 1765; baseline 0.004 -24"><span class='ocrx_word' id='word_1_100' title='bbox 500 1690 556 1741; x_wconf 91' lang='lat' dir='ltr'>et</span> <span class='ocrx_word' id='word_1_101' title='bbox 607 1686 756 1742; x_wconf 86' lang='lat' dir='ltr'>alius</span> <span class='ocrx_word' id='word_1_102' title='bbox 786 1688 1031 1743; x_wconf 90' lang='lat' dir='ltr'>horrore</span> <span class='ocrx_word' id='word_1_103' title='bbox 1080 1689 1408 1759; x_wconf 82' lang='lat' dir='ltr'>nigrescit:</span> <span class='ocrx_word' id='word_1_104' title='bbox 1458 1691 1536 1748; x_wconf 90' lang='lat' dir='ltr'>ita</span> <span class='ocrx_word' id='word_1_105' title='bbox 1566 1707 1808 1765; x_wconf 87' lang='lat' dir='ltr'>quoque</span> <span class='ocrx_word' id='word_1_106' title='bbox 1858 1691 2155 1749; x_wconf 89' lang='lat' dir='ltr'>malorum</span> 
     </span>
    </p>
   </div>
   <div class='ocr_carea' id='block_1_20' title="bbox 498 1777 2155 1853">
    <p class='ocr_par' dir='ltr' id='par_1_20' title="bbox 498 1777 2155 1853">
     <span class='ocr_line' id='line_1_20' title="bbox 498 1777 2155 1853; baseline 0.004 -22"><span class='ocrx_word' id='word_1_107' title='bbox 498 1779 842 1833; x_wconf 89' lang='lat' dir='ltr'>nostrorum</span> <span class='ocrx_word' id='word_1_108' title='bbox 889 1777 1005 1834; x_wconf 92' lang='lat' dir='ltr'>alia</span> <span class='ocrx_word' id='word_1_109' title='bbox 1062 1794 1390 1846; x_wconf 84' lang='lat' dir='ltr'>cessavere,</span> <span class='ocrx_word' id='word_1_110' title='bbox 1445 1781 1563 1838; x_wconf 88' lang='lat' dir='ltr'>alia</span> <span class='ocrx_word' id='word_1_111' title='bbox 1627 1782 1950 1853; x_wconf 70' lang='lat' dir='ltr'>przesentia</span> <span class='ocrx_word' id='word_1_112' title='bbox 1997 1785 2155 1849; x_wconf 90' lang='lat' dir='ltr'>sunt,</span> 
     </span>
    </p>
   </div>
   <div class='ocr_carea' id='block_1_21' title="bbox 498 1866 2160 1940">
    <p class='ocr_par' dir='ltr' id='par_1_21' title="bbox 498 1866 2160 1940">
     <span class='ocr_line' id='line_1_21' title="bbox 498 1866 2160 1940; baseline 0.005 -21"><span class='ocrx_word' id='word_1_113' title='bbox 498 1869 921 1937; x_wconf 82' lang='lat' dir='ltr'>exspectantur</span> <span class='ocrx_word' id='word_1_114' title='bbox 971 1866 1189 1937; x_wconf 86' lang='lat' dir='ltr'>alia,ac</span> <span class='ocrx_word' id='word_1_115' title='bbox 1241 1871 1488 1926; x_wconf 88' lang='lat' dir='ltr'>unicum</span> <span class='ocrx_word' id='word_1_116' title='bbox 1520 1871 1821 1927; x_wconf 87' lang='lat' dir='ltr'>malorum</span> <span class='ocrx_word' id='word_1_117' title='bbox 1854 1870 2053 1940; x_wconf 91' lang='lat' dir='ltr'>nobis,</span> <span class='ocrx_word' id='word_1_118' title='bbox 2093 1874 2160 1928; x_wconf 90' lang='lat' dir='ltr'>ut</span> 
     </span>
    </p>
   </div>
   <div class='ocr_carea' id='block_1_22' title="bbox 498 1953 2159 2032">
    <p class='ocr_par' dir='ltr' id='par_1_22' title="bbox 498 1953 2159 2032">
     <span class='ocr_line' id='line_1_22' title="bbox 498 1953 2159 2032; baseline 0.004 -23"><span class='ocrx_word' id='word_1_119' title='bbox 498 1953 849 2026; x_wconf 88' lang='lat' dir='ltr'>plurimum,</span> <span class='ocrx_word' id='word_1_120' title='bbox 902 1956 1260 2026; x_wconf 89' lang='lat' dir='ltr'>remedium,</span> <span class='ocrx_word' id='word_1_121' title='bbox 1310 1958 1568 2031; x_wconf 90' lang='lat' dir='ltr'>tempori</span> <span class='ocrx_word' id='word_1_122' title='bbox 1621 1959 2159 2032; x_wconf 76' lang='lat' dir='ltr'>cedere,!nosque</span> 
     </span>
    </p>
   </div>
   <div class='ocr_carea' id='block_1_23' title="bbox 499 2044 2153 2121">
    <p class='ocr_par' dir='ltr' id='par_1_23' title="bbox 499 2044 2153 2121">
     <span class='ocr_line' id='line_1_23' title="bbox 499 2044 2153 2121; baseline 0.003 -22"><span class='ocrx_word' id='word_1_123' title='bbox 499 2044 988 2114; x_wconf 88' lang='lat' dir='ltr'>persecutoribus</span> <span class='ocrx_word' id='word_1_124' title='bbox 1039 2046 1393 2104; x_wconf 89' lang='lat' dir='ltr'>subducere.</span> <span class='ocrx_word' id='word_1_125' title='bbox 1444 2052 1514 2103; x_wconf 89' lang='lat' dir='ltr'>At</span> <span class='ocrx_word' id='word_1_126' title='bbox 1559 2049 1687 2119; x_wconf 89' lang='lat' dir='ltr'>jam</span> <span class='ocrx_word' id='word_1_127' title='bbox 1737 2048 1898 2106; x_wconf 85' lang='lat' dir='ltr'>adsis</span> <span class='ocrx_word' id='word_1_128' title='bbox 1955 2048 2153 2121; x_wconf 89' lang='lat' dir='ltr'>nobis,</span> 
     </span>
    </p>
   </div>
   <div class='ocr_carea' id='block_1_24' title="bbox 501 2134 2159 2203">
    <p class='ocr_par' dir='ltr' id='par_1_24' title="bbox 501 2134 2159 2203">
     <span class='ocr_line' id='line_1_24' title="bbox 501 2134 2159 2203; baseline 0.004 -14"><span class='ocrx_word' id='word_1_129' title='bbox 501 2137 603 2189; x_wconf 88' lang='lat' dir='ltr'>aut</span> <span class='ocrx_word' id='word_1_130' title='bbox 624 2134 1068 2202; x_wconf 88' lang='lat' dir='ltr'>consolaturus,</span> <span class='ocrx_word' id='word_1_131' title='bbox 1102 2140 1206 2192; x_wconf 90' lang='lat' dir='ltr'>aut</span> <span class='ocrx_word' id='word_1_132' title='bbox 1225 2136 1476 2193; x_wconf 89' lang='lat' dir='ltr'>daturus</span> <span class='ocrx_word' id='word_1_133' title='bbox 1498 2138 1948 2203; x_wconf 88' lang='lat' dir='ltr'>consilium,aut</span> <span class='ocrx_word' id='word_1_134' title='bbox 1978 2138 2159 2196; x_wconf 88' lang='lat' dir='ltr'>etiam</span> 
     </span>
    </p>
   </div>
   <div class='ocr_carea' id='block_1_25' title="bbox 498 2220 2160 2299">
    <p class='ocr_par' dir='ltr' id='par_1_25' title="bbox 498 2220 2160 2299">
     <span class='ocr_line' id='line_1_25' title="bbox 498 2220 2160 2299; baseline 0.005 -24"><span class='ocrx_word' id='word_1_135' title='bbox 498 2220 887 2292; x_wconf 90' lang='lat' dir='ltr'>deducturus,</span> <span class='ocrx_word' id='word_1_136' title='bbox 924 2239 993 2279; x_wconf 88' lang='lat' dir='ltr'>ac</span> <span class='ocrx_word' id='word_1_137' title='bbox 1024 2230 1179 2281; x_wconf 89' lang='lat' dir='ltr'>certe</span> <span class='ocrx_word' id='word_1_138' title='bbox 1230 2225 1361 2297; x_wconf 91' lang='lat' dir='ltr'>ipso</span> <span class='ocrx_word' id='word_1_139' title='bbox 1403 2232 1733 2299; x_wconf 87' lang='lat' dir='ltr'>conspectu</span> <span class='ocrx_word' id='word_1_140' title='bbox 1779 2227 2047 2284; x_wconf 86' lang='lat' dir='ltr'>facturus</span> <span class='ocrx_word' id='word_1_141' title='bbox 2094 2231 2160 2284; x_wconf 90' lang='lat' dir='ltr'>ut</span> 
     </span>
    </p>
   </div>
   <div class='ocr_carea' id='block_1_26' title="bbox 500 2308 2159 2390">
    <p class='ocr_par' dir='ltr' id='par_1_26' title="bbox 500 2308 2159 2390">
     <span class='ocr_line' id='line_1_26' title="bbox 500 2308 2159 2390; baseline 0.006 -26"><span class='ocrx_word' id='word_1_142' title='bbox 500 2308 714 2365; x_wconf 89' lang='lat' dir='ltr'>melius</span> <span class='ocrx_word' id='word_1_143' title='bbox 737 2327 830 2366; x_wconf 91' lang='lat' dir='ltr'>me</span> <span class='ocrx_word' id='word_1_144' title='bbox 851 2311 1134 2368; x_wconf 88' lang='lat' dir='ltr'>habeam.</span> <span class='ocrx_word' id='word_1_145' title='bbox 1165 2315 1229 2369; x_wconf 84' lang='lat' dir='ltr'>Et</span> <span class='ocrx_word' id='word_1_146' title='bbox 1248 2315 1414 2387; x_wconf 90' lang='lat' dir='ltr'>quod</span> <span class='ocrx_word' id='word_1_147' title='bbox 1436 2316 1771 2373; x_wconf 83' lang='lat' dir='ltr'>maximum</span> <span class='ocrx_word' id='word_1_148' title='bbox 1798 2320 2159 2390; x_wconf 88' lang='lat' dir='ltr'>est,precare</span> 
     </span>
    </p>
   </div>
   <div class='ocr_carea' id='block_1_27' title="bbox 498 2398 2158 2477">
    <p class='ocr_par' dir='ltr' id='par_1_27' title="bbox 498 2398 2158 2477">
     <span class='ocr_line' id='line_1_27' title="bbox 498 2398 2158 2477; baseline 0.005 -24"><span class='ocrx_word' id='word_1_149' title='bbox 498 2398 679 2453; x_wconf 85' lang='lat' dir='ltr'>etiam</span> <span class='ocrx_word' id='word_1_150' title='bbox 712 2403 891 2471; x_wconf 86' lang='lat' dir='ltr'>atque</span> <span class='ocrx_word' id='word_1_151' title='bbox 932 2400 1130 2465; x_wconf 91' lang='lat' dir='ltr'>etiam,</span> <span class='ocrx_word' id='word_1_152' title='bbox 1166 2405 1231 2457; x_wconf 88' lang='lat' dir='ltr'>ut</span> <span class='ocrx_word' id='word_1_153' title='bbox 1275 2404 1427 2459; x_wconf 89' lang='lat' dir='ltr'>ratio</span> <span class='ocrx_word' id='word_1_154' title='bbox 1479 2408 1684 2461; x_wconf 90' lang='lat' dir='ltr'>nostra</span> <span class='ocrx_word' id='word_1_155' title='bbox 1714 2422 1750 2461; x_wconf 91' lang='lat' dir='ltr'>a</span> <span class='ocrx_word' id='word_1_156' title='bbox 1786 2404 1963 2477; x_wconf 68' lang='grc'>214</span> <span class='ocrx_word' id='word_1_157' title='bbox 1996 2405 2158 2463; x_wconf 92' lang='lat' dir='ltr'>malo</span> 
     </span>
    </p>
   </div>
   <div class='ocr_carea' id='block_1_28' title="bbox 496 2487 2157 2564">
    <p class='ocr_par' dir='ltr' id='par_1_28' title="bbox 496 2487 2157 2564">
     <span class='ocr_line' id='line_1_28' title="bbox 496 2487 2157 2564; baseline 0.005 -22"><span class='ocrx_word' id='word_1_158' title='bbox 496 2490 554 2542; x_wconf 91' lang='lat' dir='ltr'>et</span> <span class='ocrx_word' id='word_1_159' title='bbox 574 2503 609 2543; x_wconf 89' lang='lat' dir='ltr'>a</span> <span class='ocrx_word' id='word_1_160' title='bbox 639 2487 824 2543; x_wconf 88' lang='lat' dir='ltr'>ﬂuctu</span> <span class='ocrx_word' id='word_1_161' title='bbox 848 2504 971 2544; x_wconf 92' lang='lat' dir='ltr'>non</span> <span class='ocrx_word' id='word_1_162' title='bbox 1001 2489 1292 2546; x_wconf 86' lang='lat' dir='ltr'>obruatur</span> <span class='ocrx_word' id='word_1_163' title='bbox 1324 2510 1335 2545; x_wconf 92' lang='lat'><strong>:</strong></span> <span class='ocrx_word' id='word_1_164' title='bbox 1372 2492 1479 2548; x_wconf 88' lang='lat' dir='ltr'>sed</span> <span class='ocrx_word' id='word_1_165' title='bbox 1508 2493 1568 2548; x_wconf 90' lang='lat' dir='ltr'>in</span> <span class='ocrx_word' id='word_1_166' title='bbox 1612 2494 1898 2550; x_wconf 89' lang='lat' dir='ltr'>omnibus</span> <span class='ocrx_word' id='word_1_167' title='bbox 1920 2498 2157 2564; x_wconf 86' lang='lat' dir='ltr'>gratum</span> 
     </span>
    </p>
   </div>
   <div class='ocr_carea' id='block_1_29' title="bbox 504 2576 2157 2648">
    <p class='ocr_par' dir='ltr' id='par_1_29' title="bbox 504 2576 2157 2648">
     <span class='ocr_line' id='line_1_29' title="bbox 504 2576 2157 2648; baseline 0.005 -17"><span class='ocrx_word' id='word_1_168' title='bbox 504 2577 622 2632; x_wconf 91' lang='lat' dir='ltr'>Deo</span> <span class='ocrx_word' id='word_1_169' title='bbox 645 2576 915 2633; x_wconf 91' lang='lat' dir='ltr'>animum</span> <span class='ocrx_word' id='word_1_170' title='bbox 949 2594 1281 2648; x_wconf 84' lang='lat' dir='ltr'>servemus,</span> <span class='ocrx_word' id='word_1_171' title='bbox 1317 2597 1390 2637; x_wconf 91' lang='lat' dir='ltr'>ne</span> <span class='ocrx_word' id='word_1_172' title='bbox 1415 2581 1564 2639; x_wconf 89' lang='lat' dir='ltr'>inter</span> <span class='ocrx_word' id='word_1_173' title='bbox 1594 2583 1787 2639; x_wconf 86' lang='lat' dir='ltr'>malos</span> <span class='ocrx_word' id='word_1_174' title='bbox 1815 2599 2019 2640; x_wconf 91' lang='lat' dir='ltr'>servos</span> <span class='ocrx_word' id='word_1_175' title='bbox 2050 2598 2157 2639; x_wconf 83' lang='lat' dir='ltr'>nu-</span> 
     </span>
    </p>
   </div>
   <div class='ocr_carea' id='block_1_30' title="bbox 504 2667 2159 2745">
    <p class='ocr_par' dir='ltr' id='par_1_30' title="bbox 504 2667 2159 2745">
     <span class='ocr_line' id='line_1_30' title="bbox 504 2667 2159 2745; baseline 0.004 -25"><span class='ocrx_word' id='word_1_176' title='bbox 504 2680 824 2735; x_wconf 88' lang='lat' dir='ltr'>meremur,</span> <span class='ocrx_word' id='word_1_177' title='bbox 870 2667 1266 2725; x_wconf 85' lang='lat' dir='ltr'>benefacienti</span> <span class='ocrx_word' id='word_1_178' title='bbox 1293 2670 1536 2743; x_wconf 88' lang='lat' dir='ltr'>quidem</span> <span class='ocrx_word' id='word_1_179' title='bbox 1570 2672 1794 2745; x_wconf 81' lang='lat' dir='ltr'>gratias</span> <span class='ocrx_word' id='word_1_180' title='bbox 1827 2671 2159 2744; x_wconf 87' lang='lat' dir='ltr'>rependen—</span> 
     </span>
    </p>
   </div>
   <div class='ocr_carea' id='block_1_31' title="bbox 502 2754 2159 2833">
    <p class='ocr_par' dir='ltr' id='par_1_31' title="bbox 502 2754 2159 2833">
     <span class='ocr_line' id='line_1_31' title="bbox 502 2754 2159 2833; baseline 0.005 -23"><span class='ocrx_word' id='word_1_181' title='bbox 502 2756 609 2824; x_wconf 90' lang='lat' dir='ltr'>tes,</span> <span class='ocrx_word' id='word_1_182' title='bbox 633 2754 947 2825; x_wconf 88' lang='lat' dir='ltr'>castiganti</span> <span class='ocrx_word' id='word_1_183' title='bbox 975 2774 1117 2814; x_wconf 89' lang='lat' dir='ltr'>vero</span> <span class='ocrx_word' id='word_1_184' title='bbox 1164 2775 1270 2831; x_wconf 91' lang='lat' dir='ltr'>per</span> <span class='ocrx_word' id='word_1_185' title='bbox 1313 2760 1587 2833; x_wconf 89' lang='lat' dir='ltr'>adversa,</span> <span class='ocrx_word' id='word_1_186' title='bbox 1623 2778 1856 2818; x_wconf 91' lang='lat' dir='ltr'>morem</span> <span class='ocrx_word' id='word_1_187' title='bbox 1894 2777 2017 2817; x_wconf 93' lang='lat' dir='ltr'>non</span> <span class='ocrx_word' id='word_1_188' title='bbox 2063 2777 2159 2832; x_wconf 86' lang='lat' dir='ltr'>ge-</span> 
     </span>
    </p>
   </div>
   <div class='ocr_carea' id='block_1_32' title="bbox 499 2843 2157 2921">
    <p class='ocr_par' dir='ltr' id='par_1_32' title="bbox 499 2843 2157 2921">
     <span class='ocr_line' id='line_1_32' title="bbox 499 2843 2157 2921; baseline 0.005 -23"><span class='ocrx_word' id='word_1_189' title='bbox 499 2848 727 2912; x_wconf 84' lang='lat' dir='ltr'>rentes;</span> <span class='ocrx_word' id='word_1_190' title='bbox 774 2843 879 2901; x_wconf 92' lang='lat' dir='ltr'>sed</span> <span class='ocrx_word' id='word_1_191' title='bbox 904 2846 1102 2918; x_wconf 89' lang='lat' dir='ltr'>potius</span> <span class='ocrx_word' id='word_1_192' title='bbox 1134 2864 1205 2904; x_wconf 80' lang='lat' dir='ltr'>ex</span> <span class='ocrx_word' id='word_1_193' title='bbox 1230 2848 1377 2921; x_wconf 90' lang='lat' dir='ltr'>ipsis</span> <span class='ocrx_word' id='word_1_194' title='bbox 1404 2850 1688 2907; x_wconf 63' lang='lat' dir='ltr'>{erumnis</span> <span class='ocrx_word' id='word_1_195' title='bbox 1711 2849 2029 2907; x_wconf 88' lang='lat' dir='ltr'>utilitatem</span> <span class='ocrx_word' id='word_1_196' title='bbox 2061 2866 2157 2907; x_wconf 87' lang='lat' dir='ltr'>ca-</span> 
     </span>
    </p>
   </div>
   <div class='ocr_carea' id='block_1_33' title="bbox 498 2933 2157 3010">
    <p class='ocr_par' dir='ltr' id='par_1_33' title="bbox 498 2933 2157 3010">
     <span class='ocr_line' id='line_1_33' title="bbox 498 2933 2157 3010; baseline 0.005 -24"><span class='ocrx_word' id='word_1_197' title='bbox 498 2933 761 3006; x_wconf 86' lang='lat' dir='ltr'>piamus,</span> <span class='ocrx_word' id='word_1_198' title='bbox 791 2938 913 2991; x_wconf 91' lang='lat' dir='ltr'>tam</span> <span class='ocrx_word' id='word_1_199' title='bbox 932 2936 1191 2993; x_wconf 83' lang='lat' dir='ltr'>maxime</span> <span class='ocrx_word' id='word_1_200' title='bbox 1222 2937 1275 2993; x_wconf 91' lang='lat' dir='ltr'>ei</span> <span class='ocrx_word' id='word_1_201' title='bbox 1306 2937 1634 3010; x_wconf 90' lang='lat' dir='ltr'>credentes,</span> <span class='ocrx_word' id='word_1_202' title='bbox 1660 2956 1799 2996; x_wconf 91' lang='lat' dir='ltr'>cum</span> <span class='ocrx_word' id='word_1_203' title='bbox 1829 2955 1900 2996; x_wconf 94' lang='lat' dir='ltr'>eo</span> <span class='ocrx_word' id='word_1_204' title='bbox 1929 2938 2157 3010; x_wconf 90' lang='lat' dir='ltr'>indige-</span> 
     </span>
    </p>
   </div>
   <div class='ocr_carea' id='block_1_34' title="bbox 500 3038 957 3081">
    <p class='ocr_par' dir='ltr' id='par_1_34' title="bbox 500 3038 957 3081">
     <span class='ocr_line' id='line_1_34' title="bbox 500 3038 957 3081; baseline 0.009 -4"><span class='ocrx_word' id='word_1_205' title='bbox 500 3038 638 3078; x_wconf 88' lang='lat' dir='ltr'>mus</span> <span class='ocrx_word' id='word_1_206' title='bbox 674 3039 957 3081; x_wconf 70' lang='lat' dir='ltr'>maxrme.</span> 
     </span>
    </p>
   </div>
   <div class='ocr_carea' id='block_1_35' title="bbox 998 3133 1650 3191">
    <p class='ocr_par' dir='ltr' id='par_1_35' title="bbox 998 3133 1650 3191">
     <span class='ocr_line' id='line_1_35' title="bbox 998 3133 1650 3191; baseline 0.006 -4"><span class='ocrx_word' id='word_1_207' title='bbox 998 3133 1331 3191; x_wconf 81' lang='lat' dir='ltr'>EPISTOLA</span> <span class='ocrx_word' id='word_1_208' title='bbox 1384 3136 1650 3191; x_wconf 74' lang='lat' dir='ltr'>CXXIV&quot;.</span> 
     </span>
    </p>
   </div>
   <div class='ocr_carea' id='block_1_36' title="bbox 2798 1050 3346 1107">
    <p class='ocr_par' dir='ltr' id='par_1_36' title="bbox 2798 1050 3346 1107">
     <span class='ocr_line' id='line_1_36' title="bbox 2798 1050 3346 1107; baseline 0.009 -5"><span class='ocrx_word' id='word_1_209' title='bbox 2798 1054 3136 1103; x_wconf 82' lang='grc' dir='ltr'>ΕΠΙΣΤΟΛΗ</span> <span class='ocrx_word' id='word_1_210' title='bbox 3193 1050 3346 1107; x_wconf 71' lang='grc' dir='ltr'>ΡΚΓ.</span> 
     </span>
    </p>
   </div>
   <div class='ocr_carea' id='block_1_37' title="bbox 2770 1138 3373 1215">
    <p class='ocr_par' dir='ltr' id='par_1_37' title="bbox 2770 1138 3373 1215">
     <span class='ocr_line' id='line_1_37' title="bbox 2770 1138 3373 1215; baseline 0.007 -25"><span class='ocrx_word' id='word_1_211' title='bbox 2770 1138 3036 1215; x_wconf 76' lang='grc' dir='ltr'>Ούρϐικίῳ</span> <span class='ocrx_word' id='word_1_212' title='bbox 3075 1141 3373 1212; x_wconf 70' lang='grc' dir='ltr'>μονάζοντι.</span> 
     </span>
    </p>
   </div>
   <div class='ocr_carea' id='block_1_38' title="bbox 2340 1226 3818 1304">
    <p class='ocr_par' dir='ltr' id='par_1_38' title="bbox 2340 1226 3818 1304">
     <span class='ocr_line' id='line_1_38' title="bbox 2340 1226 3818 1304; baseline 0.003 -25"><span class='ocrx_word' id='word_1_213' title='bbox 2340 1226 2574 1300; x_wconf 76' lang='grc' dir='ltr'>Ἐμελλες</span> <span class='ocrx_word' id='word_1_214' title='bbox 2612 1231 2736 1301; x_wconf 74' lang='grc' dir='ltr'>ἡμῖν</span> <span class='ocrx_word' id='word_1_215' title='bbox 2802 1231 3126 1303; x_wconf 74' lang='grc' dir='ltr'>παρέσεσθαι</span> <span class='ocrx_word' id='word_1_216' title='bbox 3166 1229 3278 1291; x_wconf 88' lang='grc' dir='ltr'>(καὶ</span> <span class='ocrx_word' id='word_1_217' title='bbox 3329 1234 3387 1283; x_wconf 83' lang='grc' dir='ltr'>τό</span> <span class='ocrx_word' id='word_1_218' title='bbox 3446 1231 3628 1304; x_wconf 73' lang='grc' dir='ltr'>ἀγαθὸν</span> <span class='ocrx_word' id='word_1_219' title='bbox 3677 1230 3818 1304; x_wconf 72' lang='grc' dir='ltr'>ἐγγύς)</span> 
     </span>
    </p>
   </div>
   <div class='ocr_carea' id='block_1_39' title="bbox 2268 1314 3820 1393">
    <p class='ocr_par' dir='ltr' id='par_1_39' title="bbox 2268 1314 3820 1393">
     <span class='ocr_line' id='line_1_39' title="bbox 2268 1314 3820 1393; baseline 0.003 -26"><span class='ocrx_word' id='word_1_220' title='bbox 2268 1316 2411 1389; x_wconf 80' lang='grc' dir='ltr'>οἷκρῳ</span> <span class='ocrx_word' id='word_1_221' title='bbox 2449 1326 2571 1389; x_wconf 72' lang='grc' dir='ltr'>γοῦν</span> <span class='ocrx_word' id='word_1_222' title='bbox 2632 1314 2874 1389; x_wconf 80' lang='grc' dir='ltr'>δακτύλῳ</span> <span class='ocrx_word' id='word_1_223' title='bbox 2936 1318 3237 1389; x_wconf 60' lang='grc' dir='ltr'>καταψύξαι</span> <span class='ocrx_word' id='word_1_224' title='bbox 3286 1318 3399 1390; x_wconf 79' lang='grc'>(39)</span> <span class='ocrx_word' id='word_1_225' title='bbox 3466 1322 3612 1393; x_wconf 78' lang='grc' dir='ltr'>ἡμᾶς,</span> <span class='ocrx_word' id='word_1_226' title='bbox 3661 1320 3701 1372; x_wconf 79' lang='grc' dir='ltr'>ἐν</span> <span class='ocrx_word' id='word_1_227' title='bbox 3735 1330 3820 1381; x_wconf 83' lang='grc' dir='ltr'>τοῖς</span> 
     </span>
    </p>
   </div>
   <div class='ocr_carea' id='block_1_40' title="bbox 2268 1406 3819 1483">
    <p class='ocr_par' dir='ltr' id='par_1_40' title="bbox 2268 1406 3819 1483">
     <span class='ocr_line' id='line_1_40' title="bbox 2268 1406 3819 1483; baseline 0.002 -24"><span class='ocrx_word' id='word_1_228' title='bbox 2268 1415 2574 1482; x_wconf 76' lang='grc' dir='ltr'>πειρασμοῖς</span> <span class='ocrx_word' id='word_1_229' title='bbox 2655 1407 3011 1481; x_wconf 71' lang='grc' dir='ltr'>φλεγομένους.</span> <span class='ocrx_word' id='word_1_230' title='bbox 3100 1406 3229 1461; x_wconf 84' lang='grc' dir='ltr'>Εἶτα</span> <span class='ocrx_word' id='word_1_231' title='bbox 3303 1415 3399 1477; x_wconf 74' lang='grc' dir='ltr'>τίς</span> <span class='ocrx_word' id='word_1_232' title='bbox 3479 1412 3539 1463; x_wconf 84' lang='grc' dir='ltr'><strong>Αἰ</strong></span> <span class='ocrx_word' id='word_1_233' title='bbox 3608 1410 3819 1483; x_wconf 75' lang='grc' dir='ltr'>ἁμαρτίαι</span> 
     </span>
    </p>
   </div>
   <div class='ocr_carea' id='block_1_41' title="bbox 2269 1494 3819 1574">
    <p class='ocr_par' dir='ltr' id='par_1_41' title="bbox 2269 1494 3819 1574">
     <span class='ocr_line' id='line_1_41' title="bbox 2269 1494 3819 1574; baseline 0.001 -26"><span class='ocrx_word' id='word_1_234' title='bbox 2269 1497 2415 1568; x_wconf 77' lang='grc' dir='ltr'>ἡμῶν</span> <span class='ocrx_word' id='word_1_235' title='bbox 2492 1495 2798 1565; x_wconf 76' lang='grc' dir='ltr'>ἀντέϐησαν,</span> <span class='ocrx_word' id='word_1_236' title='bbox 2874 1502 2963 1550; x_wconf 86' lang='grc' dir='ltr'>καὶ</span> <span class='ocrx_word' id='word_1_237' title='bbox 3041 1494 3365 1551; x_wconf 74' lang='grc' dir='ltr'>διεκώλυσαν</span> <span class='ocrx_word' id='word_1_238' title='bbox 3431 1503 3516 1557; x_wconf 72' lang='grc' dir='ltr'>τὴν</span> <span class='ocrx_word' id='word_1_239' title='bbox 3568 1500 3730 1574; x_wconf 70' lang='grc' dir='ltr'>ὁρμὴν,</span> <span class='ocrx_word' id='word_1_240' title='bbox 3772 1500 3819 1550; x_wconf 85' lang='grc' dir='ltr'>ἶν’</span> 
     </span>
    </p>
   </div>
   <div class='ocr_carea' id='block_1_42' title="bbox 2270 1570 3821 1663">
    <p class='ocr_par' dir='ltr' id='par_1_42' title="bbox 2270 1583 3821 1663">
     <span class='ocr_line' id='line_1_42' title="bbox 2270 1583 3821 1663; baseline 0.002 -27"><span class='ocrx_word' id='word_1_241' title='bbox 2270 1583 2597 1661; x_wconf 67' lang='grc' dir='ltr'>ἀθεράπευτα</span> <span class='ocrx_word' id='word_1_242' title='bbox 2653 1589 2945 1660; x_wconf 82' lang='grc' dir='ltr'>κάμνωμεν.</span> <span class='ocrx_word' id='word_1_243' title='bbox 2984 1586 3185 1663; x_wconf 78' lang='grc' dir='ltr'>Ὠσπερ</span> <span class='ocrx_word' id='word_1_244' title='bbox 3235 1590 3335 1662; x_wconf 75' lang='grc' dir='ltr'>γὰρ</span> <span class='ocrx_word' id='word_1_245' title='bbox 3395 1586 3442 1640; x_wconf 80' lang='grc' dir='ltr'>ἐν</span> <span class='ocrx_word' id='word_1_246' title='bbox 3507 1596 3610 1649; x_wconf 88' lang='grc' dir='ltr'>τοῖς</span> <span class='ocrx_word' id='word_1_247' title='bbox 3658 1592 3821 1661; x_wconf 77' lang='grc' dir='ltr'>κύμασι</span> 
     </span>
    </p>
   </div>
   <div class='ocr_carea' id='block_1_43' title="bbox 2268 1672 3820 1752">
    <p class='ocr_par' dir='ltr' id='par_1_43' title="bbox 2268 1672 3820 1752">
     <span class='ocr_line' id='line_1_43' title="bbox 2268 1672 3820 1752; baseline 0.002 -25"><span class='ocrx_word' id='word_1_248' title='bbox 2268 1677 2326 1727; x_wconf 85' lang='grc' dir='ltr'>τὸ</span> <span class='ocrx_word' id='word_1_249' title='bbox 2374 1678 2465 1747; x_wconf 66' lang='grc' dir='ltr'>μὲν</span> <span class='ocrx_word' id='word_1_250' title='bbox 2517 1675 2683 1748; x_wconf 75' lang='grc' dir='ltr'>λήγει,</span> <span class='ocrx_word' id='word_1_251' title='bbox 2746 1679 2802 1728; x_wconf 83' lang='grc' dir='ltr'>τὸ</span> <span class='ocrx_word' id='word_1_252' title='bbox 2853 1672 2911 1729; x_wconf 73' lang='grc' dir='ltr'>δὲ</span> <span class='ocrx_word' id='word_1_253' title='bbox 2968 1675 3262 1749; x_wconf 77' lang='grc' dir='ltr'>ἀνίσταται,</span> <span class='ocrx_word' id='word_1_254' title='bbox 3324 1680 3381 1730; x_wconf 84' lang='grc' dir='ltr'>τὸ</span> <span class='ocrx_word' id='word_1_255' title='bbox 3439 1674 3496 1731; x_wconf 71' lang='grc' dir='ltr'>δε</span> <span class='ocrx_word' id='word_1_256' title='bbox 3554 1675 3651 1737; x_wconf 75' lang='grc' dir='ltr'>ἤδη</span> <span class='ocrx_word' id='word_1_257' title='bbox 3696 1684 3820 1752; x_wconf 70' lang='grc' dir='ltr'>φρίκῃ</span> 
     </span>
    </p>
   </div>
   <div class='ocr_carea' id='block_1_44' title="bbox 2268 1764 3821 1841">
    <p class='ocr_par' dir='ltr' id='par_1_44' title="bbox 2268 1764 3821 1841">
     <span class='ocr_line' id='line_1_44' title="bbox 2268 1764 3821 1841; baseline 0.002 -25"><span class='ocrx_word' id='word_1_258' title='bbox 2268 1764 2560 1838; x_wconf 77' lang='grc' dir='ltr'>μελαίνεται</span> <span class='ocrx_word' id='word_1_259' title='bbox 2592 1782 2604 1795; x_wconf 93' lang='grc'><strong>·</strong></span> <span class='ocrx_word' id='word_1_260' title='bbox 2665 1766 2798 1818; x_wconf 70' lang='grc' dir='ltr'>οὕτω</span> <span class='ocrx_word' id='word_1_261' title='bbox 2852 1770 2941 1818; x_wconf 86' lang='grc' dir='ltr'>καὶ</span> <span class='ocrx_word' id='word_1_262' title='bbox 2981 1774 3078 1818; x_wconf 87' lang='grc' dir='ltr'>τῶν</span> <span class='ocrx_word' id='word_1_263' title='bbox 3133 1767 3393 1841; x_wconf 79' lang='grc' dir='ltr'>ἡμετέρων</span> <span class='ocrx_word' id='word_1_264' title='bbox 3458 1776 3619 1819; x_wconf 86' lang='grc' dir='ltr'>κακῶν</span> <span class='ocrx_word' id='word_1_265' title='bbox 3665 1770 3721 1819; x_wconf 77' lang='grc' dir='ltr'>τὰ</span> <span class='ocrx_word' id='word_1_266' title='bbox 3752 1771 3821 1840; x_wconf 65' lang='grc' dir='ltr'>μὲν</span> 
     </span>
    </p>
   </div>
   <div class='ocr_carea' id='block_1_45' title="bbox 2269 1852 3823 1931">
    <p class='ocr_par' dir='ltr' id='par_1_45' title="bbox 2269 1852 3823 1931">
     <span class='ocr_line' id='line_1_45' title="bbox 2269 1852 3823 1931; baseline 0.001 -24"><span class='ocrx_word' id='word_1_267' title='bbox 2269 1859 2552 1919; x_wconf 82' lang='grc' dir='ltr'>πέπαυται,</span> <span class='ocrx_word' id='word_1_268' title='bbox 2585 1858 2650 1908; x_wconf 76' lang='grc' dir='ltr'>τὰ</span> <span class='ocrx_word' id='word_1_269' title='bbox 2698 1852 2757 1908; x_wconf 72' lang='grc' dir='ltr'>δὲ</span> <span class='ocrx_word' id='word_1_270' title='bbox 2821 1858 3065 1930; x_wconf 80' lang='grc' dir='ltr'>πάρεστι,</span> <span class='ocrx_word' id='word_1_271' title='bbox 3094 1859 3160 1909; x_wconf 81' lang='grc' dir='ltr'>τὰ</span> <span class='ocrx_word' id='word_1_272' title='bbox 3221 1853 3282 1909; x_wconf 64' lang='grc' dir='ltr'>δὲ</span> <span class='ocrx_word' id='word_1_273' title='bbox 3338 1853 3683 1931; x_wconf 78' lang='grc' dir='ltr'>προσδοκᾶται</span> <span class='ocrx_word' id='word_1_274' title='bbox 3708 1874 3719 1887; x_wconf 89' lang='grc'><strong>·</strong></span> <span class='ocrx_word' id='word_1_275' title='bbox 3754 1862 3823 1909; x_wconf 81' lang='grc' dir='ltr'>καὶ</span> 
     </span>
    </p>
   </div>
   <div class='ocr_carea' id='block_1_46' title="bbox 2269 1945 3825 2019">
    <p class='ocr_par' dir='ltr' id='par_1_46' title="bbox 2269 1945 3825 2019">
     <span class='ocr_line' id='line_1_46' title="bbox 2269 1945 3825 2019; baseline 0.001 -22"><span class='ocrx_word' id='word_1_276' title='bbox 2269 1949 2366 2018; x_wconf 85' lang='grc' dir='ltr'>μία</span> <span class='ocrx_word' id='word_1_277' title='bbox 2420 1954 2518 1999; x_wconf 85' lang='grc' dir='ltr'>τῶν</span> <span class='ocrx_word' id='word_1_278' title='bbox 2575 1954 2746 1997; x_wconf 80' lang='grc' dir='ltr'>κακῶν</span> <span class='ocrx_word' id='word_1_279' title='bbox 2801 1947 2946 2019; x_wconf 79' lang='grc' dir='ltr'>ἡμῖν,</span> <span class='ocrx_word' id='word_1_280' title='bbox 3003 1948 3072 2007; x_wconf 84' lang='grc' dir='ltr'>ὡς</span> <span class='ocrx_word' id='word_1_281' title='bbox 3134 1945 3218 1999; x_wconf 81' lang='grc' dir='ltr'>ἐπὶ</span> <span class='ocrx_word' id='word_1_282' title='bbox 3286 1950 3346 2000; x_wconf 87' lang='grc' dir='ltr'>τὸ</span> <span class='ocrx_word' id='word_1_283' title='bbox 3402 1947 3648 2015; x_wconf 86' lang='grc' dir='ltr'>πλεῖστον,</span> <span class='ocrx_word' id='word_1_284' title='bbox 3686 1946 3825 1999; x_wconf 80' lang='grc' dir='ltr'>ἀπαλ·</span> 
     </span>
    </p>
   </div>
   <div class='ocr_carea' id='block_1_47' title="bbox 2268 2031 3824 2110">
    <p class='ocr_par' dir='ltr' id='par_1_47' title="bbox 2268 2031 3824 2110">
     <span class='ocr_line' id='line_1_47' title="bbox 2268 2031 3824 2110; baseline 0.001 -24"><span class='ocrx_word' id='word_1_285' title='bbox 2268 2033 2425 2105; x_wconf 72' lang='grc' dir='ltr'>λαγή,</span> <span class='ocrx_word' id='word_1_286' title='bbox 2482 2031 2613 2097; x_wconf 83' lang='grc' dir='ltr'>εἶξαι</span> <span class='ocrx_word' id='word_1_287' title='bbox 2651 2042 2723 2105; x_wconf 78' lang='grc' dir='ltr'>τῷ</span> <span class='ocrx_word' id='word_1_288' title='bbox 2780 2043 2946 2110; x_wconf 79' lang='grc' dir='ltr'>καιρῷ</span> <span class='ocrx_word' id='word_1_289' title='bbox 3002 2040 3093 2088; x_wconf 84' lang='grc' dir='ltr'>καὶ</span> <span class='ocrx_word' id='word_1_290' title='bbox 3148 2036 3441 2099; x_wconf 68' lang='grc' dir='ltr'>ὑπεξελθεῖν</span> <span class='ocrx_word' id='word_1_291' title='bbox 3484 2044 3585 2099; x_wconf 86' lang='grc' dir='ltr'>τοῖς</span> <span class='ocrx_word' id='word_1_292' title='bbox 3636 2033 3824 2089; x_wconf 77' lang='grc' dir='ltr'>διώκον-</span> 
     </span>
    </p>
   </div>
   <div class='ocr_carea' id='block_1_48' title="bbox 2273 2122 3829 2200">
    <p class='ocr_par' dir='ltr' id='par_1_48' title="bbox 2273 2122 3829 2200">
     <span class='ocr_line' id='line_1_48' title="bbox 2273 2122 3829 2200; baseline 0.001 -26"><span class='ocrx_word' id='word_1_293' title='bbox 2273 2142 2375 2175; x_wconf 88' lang='grc' dir='ltr'>σιν.</span> <span class='ocrx_word' id='word_1_294' title='bbox 2418 2122 2575 2176; x_wconf 81' lang='grc' dir='ltr'>Ἀλλὰ</span> <span class='ocrx_word' id='word_1_295' title='bbox 2627 2128 2717 2176; x_wconf 84' lang='grc' dir='ltr'>καὶ</span> <span class='ocrx_word' id='word_1_296' title='bbox 2771 2126 2969 2199; x_wconf 80' lang='grc' dir='ltr'>πάρεσο</span> <span class='ocrx_word' id='word_1_297' title='bbox 3022 2127 3145 2198; x_wconf 79' lang='grc' dir='ltr'>ἡμῖν</span> <span class='ocrx_word' id='word_1_298' title='bbox 3195 2124 3345 2195; x_wconf 80' lang='grc'>(40),</span> <span class='ocrx_word' id='word_1_299' title='bbox 3392 2127 3421 2186; x_wconf 75' lang='grc' dir='ltr'><strong>ἦ</strong></span> <span class='ocrx_word' id='word_1_300' title='bbox 3481 2126 3829 2200; x_wconf 80' lang='grc' dir='ltr'>παραμυθούμε-</span> 
     </span>
    </p>
   </div>
   <div class='ocr_carea' id='block_1_49' title="bbox 2268 2210 3821 2291">
    <p class='ocr_par' dir='ltr' id='par_1_49' title="bbox 2268 2210 3821 2291">
     <span class='ocr_line' id='line_1_49' title="bbox 2268 2210 3821 2291; baseline 0.003 -26"><span class='ocrx_word' id='word_1_301' title='bbox 2268 2215 2372 2279; x_wconf 86' lang='grc' dir='ltr'>νος,</span> <span class='ocrx_word' id='word_1_302' title='bbox 2423 2212 2451 2271; x_wconf 75' lang='grc' dir='ltr'><strong><em>ἦ</em></strong></span> <span class='ocrx_word' id='word_1_303' title='bbox 2494 2216 2583 2264; x_wconf 84' lang='grc' dir='ltr'>καὶ</span> <span class='ocrx_word' id='word_1_304' title='bbox 2636 2218 2847 2287; x_wconf 75' lang='grc' dir='ltr'>γνώμην</span> <span class='ocrx_word' id='word_1_305' title='bbox 2899 2210 3102 2286; x_wconf 79' lang='grc' dir='ltr'>δώσων,</span> <span class='ocrx_word' id='word_1_306' title='bbox 3160 2215 3189 2274; x_wconf 74' lang='grc' dir='ltr'><strong><em>ἦ</em></strong></span> <span class='ocrx_word' id='word_1_307' title='bbox 3223 2220 3322 2268; x_wconf 79' lang='grc' dir='ltr'>καὶ</span> <span class='ocrx_word' id='word_1_308' title='bbox 3368 2214 3666 2291; x_wconf 66' lang='grc' dir='ltr'>προπέμψων</span> <span class='ocrx_word' id='word_1_309' title='bbox 3700 2213 3821 2279; x_wconf 75' lang='grc'><strong>(41)·</strong></span> 
     </span>
    </p>
   </div>
   <div class='ocr_carea' id='block_1_50' title="bbox 2269 2298 3825 2379">
    <p class='ocr_par' dir='ltr' id='par_1_50' title="bbox 2269 2298 3825 2379">
     <span class='ocr_line' id='line_1_50' title="bbox 2269 2298 3825 2379; baseline 0 -26"><span class='ocrx_word' id='word_1_310' title='bbox 2269 2304 2469 2362; x_wconf 70' lang='grc' dir='ltr'>πάντως</span> <span class='ocrx_word' id='word_1_311' title='bbox 2510 2298 2567 2354; x_wconf 75' lang='grc' dir='ltr'>δὲ</span> <span class='ocrx_word' id='word_1_312' title='bbox 2624 2302 2764 2373; x_wconf 66' lang='grc' dir='ltr'>αὐτῷ</span> <span class='ocrx_word' id='word_1_313' title='bbox 2794 2310 2865 2373; x_wconf 81' lang='grc' dir='ltr'>τῷ</span> <span class='ocrx_word' id='word_1_314' title='bbox 2900 2302 3117 2376; x_wconf 78' lang='grc' dir='ltr'>ὀφθῆναι</span> <span class='ocrx_word' id='word_1_315' title='bbox 3162 2305 3331 2379; x_wconf 71' lang='grc' dir='ltr'>ῥᾴους</span> <span class='ocrx_word' id='word_1_316' title='bbox 3364 2310 3609 2365; x_wconf 81' lang='grc' dir='ltr'>ποιήσων,</span> <span class='ocrx_word' id='word_1_317' title='bbox 3655 2309 3739 2357; x_wconf 79' lang='grc' dir='ltr'>Καὶ</span> <span class='ocrx_word' id='word_1_318' title='bbox 3781 2305 3825 2354; x_wconf 79' lang='grc' dir='ltr'>τὸ</span> 
     </span>
    </p>
   </div>
   <div class='ocr_carea' id='block_1_51' title="bbox 2269 2391 3829 2469">
    <p class='ocr_par' dir='ltr' id='par_1_51' title="bbox 2269 2391 3829 2469">
     <span class='ocr_line' id='line_1_51' title="bbox 2269 2391 3829 2469; baseline 0 -26"><span class='ocrx_word' id='word_1_319' title='bbox 2269 2395 2533 2463; x_wconf 72' lang='grc' dir='ltr'>μέγιστον,</span> <span class='ocrx_word' id='word_1_320' title='bbox 2596 2395 2777 2464; x_wconf 69' lang='grc' dir='ltr'>εὔχου,</span> <span class='ocrx_word' id='word_1_321' title='bbox 2845 2396 2934 2445; x_wconf 83' lang='grc' dir='ltr'>καὶ</span> <span class='ocrx_word' id='word_1_322' title='bbox 2986 2394 3312 2466; x_wconf 74' lang='grc' dir='ltr'>ύπερεύχον,</span> <span class='ocrx_word' id='word_1_323' title='bbox 3373 2400 3444 2469; x_wconf 78' lang='grc' dir='ltr'>μὴ</span> <span class='ocrx_word' id='word_1_324' title='bbox 3484 2400 3569 2448; x_wconf 85' lang='grc' dir='ltr'>καὶ</span> <span class='ocrx_word' id='word_1_325' title='bbox 3614 2398 3716 2456; x_wconf 77' lang='grc' dir='ltr'>τοὺς</span> <span class='ocrx_word' id='word_1_326' title='bbox 3761 2391 3829 2444; x_wconf 86' lang='grc' dir='ltr'>λο-</span> 
     </span>
    </p>
   </div>
   <div class='ocr_carea' id='block_1_52' title="bbox 2268 2480 3829 2555">
    <p class='ocr_par' dir='ltr' id='par_1_52' title="bbox 2268 2480 3829 2555">
     <span class='ocr_line' id='line_1_52' title="bbox 2268 2480 3829 2555; baseline -0.001 -21"><span class='ocrx_word' id='word_1_327' title='bbox 2268 2485 2493 2554; x_wconf 75' lang='grc' dir='ltr'>γισμούς</span> <span class='ocrx_word' id='word_1_328' title='bbox 2569 2484 2713 2555; x_wconf 79' lang='grc' dir='ltr'>ἡμῶν</span> <span class='ocrx_word' id='word_1_329' title='bbox 2790 2480 3153 2555; x_wconf 77' lang='grc' dir='ltr'>βαπτισθῆναι</span> <span class='ocrx_word' id='word_1_330' title='bbox 3214 2485 3324 2538; x_wconf 79' lang='grc' dir='ltr'>ύττὸ</span> <span class='ocrx_word' id='word_1_331' title='bbox 3389 2494 3480 2539; x_wconf 77' lang='grc' dir='ltr'>τοῦ</span> <span class='ocrx_word' id='word_1_332' title='bbox 3549 2492 3695 2538; x_wconf 76' lang='grc' dir='ltr'>κακοῦ</span> <span class='ocrx_word' id='word_1_333' title='bbox 3753 2486 3829 2534; x_wconf 79' lang='grc' dir='ltr'>καὶ</span> 
     </span>
    </p>
   </div>
   <div class='ocr_carea' id='block_1_53' title="bbox 2269 2568 3827 2647">
    <p class='ocr_par' dir='ltr' id='par_1_53' title="bbox 2269 2568 3827 2647">
     <span class='ocr_line' id='line_1_53' title="bbox 2269 2568 3827 2647; baseline 0.001 -24"><span class='ocrx_word' id='word_1_334' title='bbox 2269 2580 2361 2623; x_wconf 72' lang='grc' dir='ltr'>τοῦ</span> <span class='ocrx_word' id='word_1_335' title='bbox 2412 2573 2521 2642; x_wconf 78' lang='grc'>(42)</span> <span class='ocrx_word' id='word_1_336' title='bbox 2565 2568 2825 2634; x_wconf 86' lang='grc' dir='ltr'>κλύδωνος</span> <span class='ocrx_word' id='word_1_337' title='bbox 2860 2589 2872 2603; x_wconf 80' lang='grc'><strong><em>⁸</em></strong></span> <span class='ocrx_word' id='word_1_338' title='bbox 2916 2570 3023 2624; x_wconf 81' lang='grc' dir='ltr'>ἀλλ’</span> <span class='ocrx_word' id='word_1_339' title='bbox 3081 2572 3128 2625; x_wconf 83' lang='grc' dir='ltr'>ἐν</span> <span class='ocrx_word' id='word_1_340' title='bbox 3182 2580 3325 2628; x_wconf 79' lang='grc' dir='ltr'>πᾶσι</span> <span class='ocrx_word' id='word_1_341' title='bbox 3378 2572 3725 2647; x_wconf 68' lang='grc' dir='ltr'>διαφυλάσσειν</span> <span class='ocrx_word' id='word_1_342' title='bbox 3772 2582 3827 2641; x_wconf 72' lang='grc' dir='ltr'>τῲ</span> 
     </span>
    </p>
   </div>
   <div class='ocr_carea' id='block_1_54' title="bbox 2272 2660 3823 2737">
    <p class='ocr_par' dir='ltr' id='par_1_54' title="bbox 2272 2660 3823 2737">
     <span class='ocr_line' id='line_1_54' title="bbox 2272 2660 3823 2737; baseline -0.001 -23"><span class='ocrx_word' id='word_1_343' title='bbox 2272 2670 2384 2733; x_wconf 78' lang='grc' dir='ltr'>Θεῷ</span> <span class='ocrx_word' id='word_1_344' title='bbox 2414 2665 2469 2714; x_wconf 88' lang='grc' dir='ltr'>τὸ</span> <span class='ocrx_word' id='word_1_345' title='bbox 2504 2661 2839 2737; x_wconf 68' lang='grc' dir='ltr'>εὐχάριστον,</span> <span class='ocrx_word' id='word_1_346' title='bbox 2872 2664 2953 2714; x_wconf 86' lang='grc' dir='ltr'>ἱνα</span> <span class='ocrx_word' id='word_1_347' title='bbox 2982 2666 3052 2735; x_wconf 80' lang='grc' dir='ltr'>μὴ</span> <span class='ocrx_word' id='word_1_348' title='bbox 3083 2661 3130 2714; x_wconf 84' lang='grc' dir='ltr'>ἐν</span> <span class='ocrx_word' id='word_1_349' title='bbox 3160 2672 3274 2727; x_wconf 87' lang='grc' dir='ltr'>τοῖς</span> <span class='ocrx_word' id='word_1_350' title='bbox 3309 2674 3487 2727; x_wconf 85' lang='grc' dir='ltr'>κακοῖς</span> <span class='ocrx_word' id='word_1_351' title='bbox 3525 2662 3709 2725; x_wconf 83' lang='grc' dir='ltr'>δούλοις</span> <span class='ocrx_word' id='word_1_352' title='bbox 3733 2660 3823 2737; x_wconf 79' lang='grc' dir='ltr'>ἀρι-</span> 
     </span>
    </p>
   </div>
   <div class='ocr_carea' id='block_1_55' title="bbox 2272 2750 3828 2829">
    <p class='ocr_par' dir='ltr' id='par_1_55' title="bbox 2272 2750 3828 2829">
     <span class='ocr_line' id='line_1_55' title="bbox 2272 2750 3828 2829; baseline -0.002 -25"><span class='ocrx_word' id='word_1_353' title='bbox 2272 2754 2567 2824; x_wconf 72' lang='grc' dir='ltr'>θμηθῶμεν,</span> <span class='ocrx_word' id='word_1_354' title='bbox 2601 2750 2911 2824; x_wconf 78' lang='grc' dir='ltr'>ἀγαθύνοντι</span> <span class='ocrx_word' id='word_1_355' title='bbox 2939 2755 3030 2825; x_wconf 72' lang='grc' dir='ltr'>μεν</span> <span class='ocrx_word' id='word_1_356' title='bbox 3069 2750 3548 2829; x_wconf 73' lang='grc' dir='ltr'>ἐξομολογούμενοι,</span> <span class='ocrx_word' id='word_1_357' title='bbox 3576 2751 3828 2807; x_wconf 75' lang='grc' dir='ltr'>παιδεύοντι</span> 
     </span>
    </p>
   </div>
   <div class='ocr_carea' id='block_1_56' title="bbox 2270 2835 3829 2918">
    <p class='ocr_par' dir='ltr' id='par_1_56' title="bbox 2270 2835 3829 2918">
     <span class='ocr_line' id='line_1_56' title="bbox 2270 2835 3829 2918; baseline -0.001 -26"><span class='ocrx_word' id='word_1_358' title='bbox 2270 2836 2329 2892; x_wconf 67' lang='grc' dir='ltr'>δὲ</span> <span class='ocrx_word' id='word_1_359' title='bbox 2362 2836 2455 2892; x_wconf 81' lang='grc' dir='ltr'>διὰ</span> <span class='ocrx_word' id='word_1_360' title='bbox 2488 2849 2586 2891; x_wconf 85' lang='grc' dir='ltr'>τῶν</span> <span class='ocrx_word' id='word_1_361' title='bbox 2614 2837 2849 2893; x_wconf 78' lang='grc' dir='ltr'>ἐναντίων</span> <span class='ocrx_word' id='word_1_362' title='bbox 2890 2845 2960 2914; x_wconf 80' lang='grc' dir='ltr'>μὴ</span> <span class='ocrx_word' id='word_1_363' title='bbox 3013 2844 3421 2918; x_wconf 75' lang='grc' dir='ltr'>προστιθέμενοι</span> <span class='ocrx_word' id='word_1_364' title='bbox 3448 2861 3461 2875; x_wconf 86' lang='grc'><em>’</em></span> <span class='ocrx_word' id='word_1_365' title='bbox 3503 2843 3622 2896; x_wconf 80' lang='grc' dir='ltr'>ἀλλὰ</span> <span class='ocrx_word' id='word_1_366' title='bbox 3670 2846 3742 2894; x_wconf 83' lang='grc' dir='ltr'>καὶ</span> <span class='ocrx_word' id='word_1_367' title='bbox 3773 2835 3829 2893; x_wconf 84' lang='grc' dir='ltr'>δι’</span> 
     </span>
    </p>
   </div>
   <div class='ocr_carea' id='block_1_57' title="bbox 2270 2926 3822 3007">
    <p class='ocr_par' dir='ltr' id='par_1_57' title="bbox 2270 2926 3822 3007">
     <span class='ocr_line' id='line_1_57' title="bbox 2270 2926 3822 3007; baseline 0.001 -27"><span class='ocrx_word' id='word_1_368' title='bbox 2270 2928 2438 2981; x_wconf 70' lang='grc' dir='ltr'>αὐτῶν</span> <span class='ocrx_word' id='word_1_369' title='bbox 2492 2938 2590 2981; x_wconf 88' lang='grc' dir='ltr'>τῶν</span> <span class='ocrx_word' id='word_1_370' title='bbox 2648 2926 2929 3004; x_wconf 80' lang='grc' dir='ltr'>δυσχερῶν</span> <span class='ocrx_word' id='word_1_371' title='bbox 2978 2931 3318 3005; x_wconf 68' lang='grc' dir='ltr'>ὠφελὼμεθα,</span> <span class='ocrx_word' id='word_1_372' title='bbox 3359 2933 3543 3007; x_wconf 85' lang='grc' dir='ltr'>μᾶλλον</span> <span class='ocrx_word' id='word_1_373' title='bbox 3581 2932 3702 3003; x_wconf 76' lang='grc' dir='ltr'>αύτῇ</span> <span class='ocrx_word' id='word_1_374' title='bbox 3728 2946 3822 2983; x_wconf 85' lang='grc' dir='ltr'>πισ-</span> 
     </span>
    </p>
   </div>
   <div class='ocr_carea' id='block_1_58' title="bbox 2188 3019 3299 3095">
    <p class='ocr_par' dir='ltr' id='par_1_58' title="bbox 2188 3019 3299 3095">
     <span class='ocr_line' id='line_1_58' title="bbox 2188 3019 3299 3095; baseline 0.004 -23"><span class='ocrx_word' id='word_1_375' title='bbox 2188 3019 2227 3073; x_wconf 91' lang='lat' dir='ltr'>C</span> <span class='ocrx_word' id='word_1_376' title='bbox 2272 3020 2521 3089; x_wconf 86' lang='grc' dir='ltr'>τεύοντες,</span> <span class='ocrx_word' id='word_1_377' title='bbox 2554 3020 2637 3072; x_wconf 82' lang='grc' dir='ltr'>ὅτε</span> <span class='ocrx_word' id='word_1_378' title='bbox 2657 3024 2746 3072; x_wconf 86' lang='grc' dir='ltr'>καὶ</span> <span class='ocrx_word' id='word_1_379' title='bbox 2775 3019 2964 3093; x_wconf 84' lang='grc' dir='ltr'>μᾶλλον</span> <span class='ocrx_word' id='word_1_380' title='bbox 2994 3023 3299 3095; x_wconf 68' lang='grc' dir='ltr'>χρῄζομεν.</span> 
     </span>
    </p>
   </div>
   <div class='ocr_carea' id='block_1_59' title="bbox 2794 3129 3355 3186">
    <p class='ocr_par' dir='ltr' id='par_1_59' title="bbox 2794 3129 3355 3186">
     <span class='ocr_line' id='line_1_59' title="bbox 2794 3129 3355 3186; baseline 0.014 -8"><span class='ocrx_word' id='word_1_381' title='bbox 2794 3132 3133 3182; x_wconf 80' lang='grc' dir='ltr'>ΕΠΙΣΤΟΛΗ</span> <span class='ocrx_word' id='word_1_382' title='bbox 3186 3129 3355 3186; x_wconf 59' lang='grc' dir='ltr'>ΡΚΚ.</span> 
     </span>
    </p>
   </div>
   <div class='ocr_carea' id='block_1_60' title="bbox 500 3233 3831 3369">
    <p class='ocr_par' dir='ltr' id='par_1_60' title="bbox 500 3233 3831 3369">
     <span class='ocr_line' id='line_1_60' title="bbox 500 3233 3831 3369; baseline -0.002 -78"><span class='ocrx_word' id='word_1_383' title='bbox 500 3233 813 3307; x_wconf 79' lang='lat' dir='ltr'>Signiﬁcat</span> <span class='ocrx_word' id='word_1_384' title='bbox 840 3254 1013 3296; x_wconf 81' lang='lat' dir='ltr'>suum</span> <span class='ocrx_word' id='word_1_385' title='bbox 1061 3242 1390 3298; x_wconf 85' lang='lat' dir='ltr'>amicorum</span> <span class='ocrx_word' id='word_1_386' title='bbox 1422 3243 1804 3309; x_wconf 76' lang='lat' dir='ltr'>desiderium,</span> <span class='ocrx_word' id='word_1_387' title='bbox 1850 3240 2071 3368; x_wconf 46' lang='lat' dir='ltr'>guibzés</span> <span class='ocrx_word' id='word_1_388' title='bbox 2100 3253 2232 3369; x_wconf 55' lang='grc' dir='ltr'>εἴη</span> <span class='ocrx_word' id='word_1_389' title='bbox 2262 3240 2491 3361; x_wconf 56' lang='grc' dir='ltr'>σαηιῗνὲι</span> <span class='ocrx_word' id='word_1_390' title='bbox 2514 3234 2684 3362; x_wconf 56' lang='grc' dir='ltr'>ἔπιεν</span> <span class='ocrx_word' id='word_1_391' title='bbox 2709 3249 3029 3303; x_wconf 71' lang='lat' dir='ltr'>(erumnas,</span> <span class='ocrx_word' id='word_1_392' title='bbox 3067 3236 3250 3293; x_wconf 85' lang='lat' dir='ltr'>vitam</span> <span class='ocrx_word' id='word_1_393' title='bbox 3308 3236 3422 3295; x_wconf 84' lang='lat' dir='ltr'>sibi</span> <span class='ocrx_word' id='word_1_394' title='bbox 3445 3252 3678 3309; x_wconf 77' lang='lat' dir='ltr'>prorsus</span> <span class='ocrx_word' id='word_1_395' title='bbox 3711 3233 3831 3303; x_wconf 81' lang='lat' dir='ltr'>inju-</span> 
     </span>
     <span class='ocr_line' id='line_1_61' title="bbox 1729 3321 2633 3369; baseline -0.01 0"><span class='ocrx_word' id='word_1_396' title='bbox 1729 3330 1844 3369; x_wconf 87' lang='lat' dir='ltr'>cun</span> <span class='ocrx_word' id='word_1_397' title='bbox 1895 3328 1991 3369; x_wconf 88' lang='lat' dir='ltr'>am</span> <span class='ocrx_word' id='word_1_398' title='bbox 2050 3328 2121 3368; x_wconf 86' lang='lat' dir='ltr'>ra</span> <span class='ocrx_word' id='word_1_399' title='bbox 2169 3323 2266 3367; x_wconf 85' lang='lat' dir='ltr'><strong><em>ere</em></strong></span> <span class='ocrx_word' id='word_1_400' title='bbox 2297 3323 2352 3363; x_wconf 86' lang='grc' dir='ltr'>υι</span> <span class='ocrx_word' id='word_1_401' title='bbox 2402 3322 2431 3362; x_wconf 89' lang='lat' dir='ltr'><strong><em>e</em></strong></span> <span class='ocrx_word' id='word_1_402' title='bbox 2473 3321 2507 3362; x_wconf 87' lang='grc' dir='ltr'>α</span> <span class='ocrx_word' id='word_1_403' title='bbox 2540 3322 2633 3361; x_wconf 85' lang='lat' dir='ltr'>ur.</span> 
     </span>
    </p>
   </div>
   <div class='ocr_carea' id='block_1_61' title="bbox 1729 3321 2633 3369">
    <p class='ocr_par' dir='ltr' id='par_1_61' title="bbox 1729 3321 2633 3369">
     <span class='ocr_line' id='line_1_62' title="bbox 1729 3321 2633 3369; baseline -0.009 -1"><span class='ocrx_word' id='word_1_404' title='bbox 1729 3321 1991 3369; x_wconf 84' lang='lat' dir='ltr'>cundam</span> <span class='ocrx_word' id='word_1_405' title='bbox 2023 3321 2266 3369; x_wconf 83' lang='lat' dir='ltr'><strong><em>trahere</em></strong></span> <span class='ocrx_word' id='word_1_406' title='bbox 2297 3321 2633 3363; x_wconf 82' lang='lat' dir='ltr'>vzaeoatur.</span> 
     </span>
    </p>
   </div>
   <div class='ocr_carea' id='block_1_62' title="bbox 1166 3409 1491 3466">
    <p class='ocr_par' dir='ltr' id='par_1_62' title="bbox 1166 3409 1491 3466">
     <span class='ocr_line' id='line_1_63' title="bbox 1166 3409 1491 3466; baseline 0.003 -3"><span class='ocrx_word' id='word_1_407' title='bbox 1166 3409 1491 3466; x_wconf 83' lang='lat' dir='ltr'>Theodoro.</span> 
     </span>
    </p>
   </div>
   <div class='ocr_carea' id='block_1_63' title="bbox 576 3512 2162 3591">
    <p class='ocr_par' dir='ltr' id='par_1_63' title="bbox 576 3512 2162 3591">
     <span class='ocr_line' id='line_1_64' title="bbox 576 3512 2162 3591; baseline 0.003 -21"><span class='ocrx_word' id='word_1_408' title='bbox 576 3512 789 3570; x_wconf 91' lang='lat' dir='ltr'>Dicunt</span> <span class='ocrx_word' id='word_1_409' title='bbox 834 3514 1109 3571; x_wconf 89' lang='lat' dir='ltr'>nonnulli</span> <span class='ocrx_word' id='word_1_410' title='bbox 1153 3531 1255 3573; x_wconf 90' lang='lat' dir='ltr'>eos</span> <span class='ocrx_word' id='word_1_411' title='bbox 1302 3518 1406 3590; x_wconf 87' lang='lat' dir='ltr'>qui</span> <span class='ocrx_word' id='word_1_412' title='bbox 1460 3518 1685 3574; x_wconf 89' lang='lat' dir='ltr'>amoris</span> <span class='ocrx_word' id='word_1_413' title='bbox 1727 3518 1945 3575; x_wconf 88' lang='lat' dir='ltr'>morbo</span> <span class='ocrx_word' id='word_1_414' title='bbox 2001 3517 2162 3591; x_wconf 87' lang='lat' dir='ltr'>capti</span> 
     </span>
    </p>
   </div>
   <div class='ocr_carea' id='block_1_64' title="bbox 506 3604 2161 3678">
    <p class='ocr_par' dir='ltr' id='par_1_64' title="bbox 506 3604 2161 3678">
     <span class='ocr_line' id='line_1_65' title="bbox 506 3604 2161 3678; baseline 0.002 -19"><span class='ocrx_word' id='word_1_415' title='bbox 506 3607 665 3673; x_wconf 89' lang='lat' dir='ltr'>sunt,</span> <span class='ocrx_word' id='word_1_416' title='bbox 689 3620 828 3660; x_wconf 91' lang='lat' dir='ltr'>cum</span> <span class='ocrx_word' id='word_1_417' title='bbox 849 3604 1106 3662; x_wconf 88' lang='lat' dir='ltr'>violenta</span> <span class='ocrx_word' id='word_1_418' title='bbox 1147 3606 1414 3678; x_wconf 87' lang='lat' dir='ltr'>quadam</span> <span class='ocrx_word' id='word_1_419' title='bbox 1444 3608 1800 3665; x_wconf 89' lang='lat' dir='ltr'>necessitate</span> <span class='ocrx_word' id='word_1_420' title='bbox 1832 3608 1911 3664; x_wconf 91' lang='lat' dir='ltr'>ab</span> <span class='ocrx_word' id='word_1_421' title='bbox 1945 3607 2161 3664; x_wconf 85' lang='lat' dir='ltr'>amatis</span> 
     </span>
    </p>
   </div>
   <div class='ocr_carea' id='block_1_65' title="bbox 503 3692 2163 3769">
    <p class='ocr_par' dir='ltr' id='par_1_65' title="bbox 503 3692 2163 3769">
     <span class='ocr_line' id='line_1_66' title="bbox 503 3692 2163 3769; baseline 0.002 -20"><span class='ocrx_word' id='word_1_422' title='bbox 503 3692 885 3765; x_wconf 87' lang='lat' dir='ltr'>divelluntur,</span> <span class='ocrx_word' id='word_1_423' title='bbox 908 3694 959 3749; x_wconf 90' lang='lat' dir='ltr'>si</span> <span class='ocrx_word' id='word_1_424' title='bbox 974 3694 1035 3749; x_wconf 93' lang='lat' dir='ltr'>in</span> <span class='ocrx_word' id='word_1_425' title='bbox 1061 3695 1289 3752; x_wconf 73' lang='lat' dir='ltr'>dilectae</span> <span class='ocrx_word' id='word_1_426' title='bbox 1306 3695 1514 3753; x_wconf 67' lang='lat' dir='ltr'>formas</span> <span class='ocrx_word' id='word_1_427' title='bbox 1538 3697 1869 3769; x_wconf 82' lang='lat' dir='ltr'>imaginem</span> <span class='ocrx_word' id='word_1_428' title='bbox 1890 3698 2163 3754; x_wconf 88' lang='lat' dir='ltr'>intuean-</span> 
     </span>
    </p>
   </div>
   <div class='ocr_carea' id='block_1_66' title="bbox 504 3782 2162 3859">
    <p class='ocr_par' dir='ltr' id='par_1_66' title="bbox 504 3782 2162 3859">
     <span class='ocr_line' id='line_1_67' title="bbox 504 3782 2162 3859; baseline 0.004 -22"><span class='ocrx_word' id='word_1_429' title='bbox 504 3784 621 3851; x_wconf 87' lang='lat' dir='ltr'>tur,</span> <span class='ocrx_word' id='word_1_430' title='bbox 644 3782 843 3839; x_wconf 90' lang='lat' dir='ltr'>morbi</span> <span class='ocrx_word' id='word_1_431' title='bbox 880 3784 1328 3842; x_wconf 87' lang='lat' dir='ltr'>vehementiam</span> <span class='ocrx_word' id='word_1_432' title='bbox 1378 3787 1568 3842; x_wconf 91' lang='lat' dir='ltr'>oculis</span> <span class='ocrx_word' id='word_1_433' title='bbox 1601 3786 1963 3859; x_wconf 81' lang='lat' dir='ltr'>perfruendo</span> <span class='ocrx_word' id='word_1_434' title='bbox 2002 3801 2162 3843; x_wconf 89' lang='lat' dir='ltr'>com-</span> 
     </span>
    </p>
   </div>
   <div class='ocr_carea' id='block_1_67' title="bbox 500 3873 2162 3947">
    <p class='ocr_par' dir='ltr' id='par_1_67' title="bbox 500 3873 2162 3947">
     <span class='ocr_line' id='line_1_68' title="bbox 500 3873 2162 3947; baseline 0.004 -20"><span class='ocrx_word' id='word_1_435' title='bbox 500 3886 771 3943; x_wconf 88' lang='lat' dir='ltr'>pescere.</span> <span class='ocrx_word' id='word_1_436' title='bbox 813 3874 1017 3929; x_wconf 87' lang='lat' dir='ltr'>Utrum</span> <span class='ocrx_word' id='word_1_437' title='bbox 1068 3879 1269 3931; x_wconf 89' lang='lat' dir='ltr'>autem</span> <span class='ocrx_word' id='word_1_438' title='bbox 1302 3875 1431 3931; x_wconf 69' lang='lat' dir='ltr'>haec</span> <span class='ocrx_word' id='word_1_439' title='bbox 1460 3892 1602 3931; x_wconf 88' lang='lat' dir='ltr'>vera</span> <span class='ocrx_word' id='word_1_440' title='bbox 1651 3876 1787 3947; x_wconf 83' lang='lat' dir='ltr'>sint,</span> <span class='ocrx_word' id='word_1_441' title='bbox 1835 3892 2023 3933; x_wconf 89' lang='lat' dir='ltr'>necne</span> <span class='ocrx_word' id='word_1_442' title='bbox 2076 3873 2162 3932; x_wconf 77' lang='lat' dir='ltr'>di-</span> 
     </span>
    </p>
   </div>
   <div class='ocr_carea' id='block_1_68' title="bbox 503 3963 2164 4036">
    <p class='ocr_par' dir='ltr' id='par_1_68' title="bbox 503 3963 2164 4036">
     <span class='ocr_line' id='line_1_69' title="bbox 503 3963 2164 4036; baseline 0.004 -23"><span class='ocrx_word' id='word_1_443' title='bbox 503 3973 635 4014; x_wconf 90' lang='lat' dir='ltr'>cere</span> <span class='ocrx_word' id='word_1_444' title='bbox 662 3975 785 4015; x_wconf 90' lang='lat' dir='ltr'>non</span> <span class='ocrx_word' id='word_1_445' title='bbox 817 3976 1011 4032; x_wconf 90' lang='lat' dir='ltr'>queo:</span> <span class='ocrx_word' id='word_1_446' title='bbox 1048 3964 1154 4019; x_wconf 91' lang='lat' dir='ltr'>sed</span> <span class='ocrx_word' id='word_1_447' title='bbox 1180 3966 1347 4036; x_wconf 90' lang='lat' dir='ltr'>quod</span> <span class='ocrx_word' id='word_1_448' title='bbox 1398 3964 1545 4019; x_wconf 89' lang='lat' dir='ltr'>mihi</span> <span class='ocrx_word' id='word_1_449' title='bbox 1574 3979 1719 4034; x_wconf 89' lang='lat' dir='ltr'>erga</span> <span class='ocrx_word' id='word_1_450' title='bbox 1767 3968 1933 4021; x_wconf 90' lang='lat' dir='ltr'>tuam</span> <span class='ocrx_word' id='word_1_451' title='bbox 1964 3963 2164 4036; x_wconf 89' lang='lat' dir='ltr'>probi-</span> 
     </span>
    </p>
   </div>
   <div class='ocr_carea' id='block_1_69' title="bbox 503 4048 2161 4122">
    <p class='ocr_par' dir='ltr' id='par_1_69' title="bbox 503 4048 2161 4122">
     <span class='ocr_line' id='line_1_70' title="bbox 503 4048 2161 4122; baseline 0.004 -20"><span class='ocrx_word' id='word_1_452' title='bbox 503 4050 687 4103; x_wconf 88' lang='lat' dir='ltr'>tatem</span> <span class='ocrx_word' id='word_1_453' title='bbox 712 4048 947 4115; x_wconf 89' lang='lat' dir='ltr'>accidit,</span> <span class='ocrx_word' id='word_1_454' title='bbox 972 4050 1049 4106; x_wconf 92' lang='lat' dir='ltr'>ab</span> <span class='ocrx_word' id='word_1_455' title='bbox 1080 4052 1175 4106; x_wconf 90' lang='lat' dir='ltr'>his</span> <span class='ocrx_word' id='word_1_456' title='bbox 1209 4068 1333 4107; x_wconf 89' lang='lat' dir='ltr'>non</span> <span class='ocrx_word' id='word_1_457' title='bbox 1384 4052 1563 4122; x_wconf 88' lang='lat' dir='ltr'>longe</span> <span class='ocrx_word' id='word_1_458' title='bbox 1617 4052 1809 4109; x_wconf 90' lang='lat' dir='ltr'>abest.</span> <span class='ocrx_word' id='word_1_459' title='bbox 1862 4052 2161 4119; x_wconf 86' lang='lat' dir='ltr'>Quoniam</span> 
     </span>
    </p>
   </div>
   <div class='ocr_carea' id='block_1_70' title="bbox 502 4136 2160 4214">
    <p class='ocr_par' dir='ltr' id='par_1_70' title="bbox 502 4136 2160 4214">
     <span class='ocr_line' id='line_1_71' title="bbox 502 4136 2160 4214; baseline 0.005 -23"><span class='ocrx_word' id='word_1_460' title='bbox 502 4136 665 4192; x_wconf 91' lang='lat' dir='ltr'>enim</span> <span class='ocrx_word' id='word_1_461' title='bbox 695 4137 887 4194; x_wconf 85' lang='lat' dir='ltr'>evenit</span> <span class='ocrx_word' id='word_1_462' title='bbox 906 4138 1053 4194; x_wconf 90' lang='lat' dir='ltr'>mihi</span> <span class='ocrx_word' id='word_1_463' title='bbox 1078 4140 1313 4196; x_wconf 77' lang='lat' dir='ltr'>affectio</span> <span class='ocrx_word' id='word_1_464' title='bbox 1341 4141 1623 4214; x_wconf 82' lang='lat' dir='ltr'>quaedam</span> <span class='ocrx_word' id='word_1_465' title='bbox 1647 4142 1708 4197; x_wconf 93' lang='lat' dir='ltr'>in</span> <span class='ocrx_word' id='word_1_466' title='bbox 1731 4158 1966 4199; x_wconf 88' lang='lat' dir='ltr'>sacram</span> <span class='ocrx_word' id='word_1_467' title='bbox 1994 4147 2160 4199; x_wconf 88' lang='lat' dir='ltr'>tuam</span> 
     </span>
    </p>
   </div>
   <div class='ocr_carea' id='block_1_71' title="bbox 501 4226 2157 4304">
    <p class='ocr_par' dir='ltr' id='par_1_71' title="bbox 501 4226 2157 4304">
     <span class='ocr_line' id='line_1_72' title="bbox 501 4226 2157 4304; baseline 0.004 -22"><span class='ocrx_word' id='word_1_468' title='bbox 501 4240 571 4282; x_wconf 84' lang='lat' dir='ltr'>ac</span> <span class='ocrx_word' id='word_1_469' title='bbox 600 4226 719 4283; x_wconf 91' lang='lat' dir='ltr'>doli</span> <span class='ocrx_word' id='word_1_470' title='bbox 742 4234 1049 4300; x_wconf 83' lang='lat' dir='ltr'>expertem</span> <span class='ocrx_word' id='word_1_471' title='bbox 1081 4230 1369 4291; x_wconf 88' lang='lat' dir='ltr'>animam.</span> <span class='ocrx_word' id='word_1_472' title='bbox 1403 4234 1468 4287; x_wconf 91' lang='lat' dir='ltr'>ut</span> <span class='ocrx_word' id='word_1_473' title='bbox 1496 4231 1578 4287; x_wconf 88' lang='lat' dir='ltr'>ita</span> <span class='ocrx_word' id='word_1_474' title='bbox 1610 4231 2157 4304; x_wconf 87' lang='lat' dir='ltr'>dieam,amatoria,</span> 
     </span>
    </p>
   </div>
   <div class='ocr_carea' id='block_1_72' title="bbox 498 4314 2160 4394">
    <p class='ocr_par' dir='ltr' id='par_1_72' title="bbox 498 4314 2160 4394">
     <span class='ocr_line' id='line_1_73' title="bbox 498 4314 2160 4394; baseline 0.004 -23"><span class='ocrx_word' id='word_1_475' title='bbox 498 4314 850 4373; x_wconf 87' lang='lat' dir='ltr'>desideratis</span> <span class='ocrx_word' id='word_1_476' title='bbox 890 4322 1092 4375; x_wconf 88' lang='lat' dir='ltr'>autem</span> <span class='ocrx_word' id='word_1_477' title='bbox 1115 4318 1350 4375; x_wconf 85' lang='lat' dir='ltr'>fruendi</span> <span class='ocrx_word' id='word_1_478' title='bbox 1383 4320 1559 4392; x_wconf 89' lang='lat' dir='ltr'>copia</span> <span class='ocrx_word' id='word_1_479' title='bbox 1583 4336 1709 4377; x_wconf 91' lang='lat' dir='ltr'>non</span> <span class='ocrx_word' id='word_1_480' title='bbox 1740 4324 1847 4385; x_wconf 90' lang='lat' dir='ltr'>est,</span> <span class='ocrx_word' id='word_1_481' title='bbox 1869 4321 2160 4394; x_wconf 88' lang='lat' dir='ltr'>quemad-</span> 
     </span>
    </p>
   </div>
   <div class='ocr_carea' id='block_1_73' title="bbox 502 4407 2157 4483">
    <p class='ocr_par' dir='ltr' id='par_1_73' title="bbox 502 4407 2157 4483">
     <span class='ocr_line' id='line_1_74' title="bbox 502 4407 2157 4483; baseline 0.004 -22"><span class='ocrx_word' id='word_1_482' title='bbox 502 4407 757 4462; x_wconf 87' lang='lat' dir='ltr'>modum</span> <span class='ocrx_word' id='word_1_483' title='bbox 809 4422 1007 4481; x_wconf 89' lang='lat' dir='ltr'>neque</span> <span class='ocrx_word' id='word_1_484' title='bbox 1062 4408 1185 4464; x_wconf 90' lang='lat' dir='ltr'>ullo</span> <span class='ocrx_word' id='word_1_485' title='bbox 1235 4408 1349 4464; x_wconf 78' lang='lat' dir='ltr'>alio</span> <span class='ocrx_word' id='word_1_486' title='bbox 1406 4409 1589 4475; x_wconf 91' lang='lat' dir='ltr'>bono,</span> <span class='ocrx_word' id='word_1_487' title='bbox 1642 4410 1721 4465; x_wconf 92' lang='lat' dir='ltr'>ob</span> <span class='ocrx_word' id='word_1_488' title='bbox 1772 4415 2157 4483; x_wconf 89' lang='lat' dir='ltr'>peccatorum</span> 
     </span>
    </p>
   </div>
   <div class='ocr_carea' id='block_1_74' title="bbox 503 4496 2159 4570">
    <p class='ocr_par' dir='ltr' id='par_1_74' title="bbox 503 4496 2159 4570">
     <span class='ocr_line' id='line_1_75' title="bbox 503 4496 2159 4570; baseline 0.004 -21"><span class='ocrx_word' id='word_1_489' title='bbox 503 4510 780 4551; x_wconf 89' lang='lat' dir='ltr'>meorum</span> <span class='ocrx_word' id='word_1_490' title='bbox 818 4496 1342 4570; x_wconf 88' lang='lat' dir='ltr'>impedimentum,</span> <span class='ocrx_word' id='word_1_491' title='bbox 1392 4498 1541 4553; x_wconf 89' lang='lat' dir='ltr'>mihi</span> <span class='ocrx_word' id='word_1_492' title='bbox 1578 4498 1743 4555; x_wconf 89' lang='lat' dir='ltr'>visus</span> <span class='ocrx_word' id='word_1_493' title='bbox 1774 4516 1907 4555; x_wconf 90' lang='lat' dir='ltr'>sum</span> <span class='ocrx_word' id='word_1_494' title='bbox 1950 4499 2159 4570; x_wconf 85' lang='lat' dir='ltr'>imagi-</span> 
     </span>
    </p>
   </div>
   <div class='ocr_carea' id='block_1_75' title="bbox 502 4582 2159 4659">
    <p class='ocr_par' dir='ltr' id='par_1_75' title="bbox 502 4582 2159 4659">
     <span class='ocr_line' id='line_1_76' title="bbox 502 4582 2159 4659; baseline 0.004 -21"><span class='ocrx_word' id='word_1_495' title='bbox 502 4597 643 4639; x_wconf 91' lang='lat' dir='ltr'>nem</span> <span class='ocrx_word' id='word_1_496' title='bbox 680 4582 963 4641; x_wconf 89' lang='lat' dir='ltr'>bonitatis</span> <span class='ocrx_word' id='word_1_497' title='bbox 996 4591 1112 4641; x_wconf 69' lang='lat' dir='ltr'>tuae</span> <span class='ocrx_word' id='word_1_498' title='bbox 1144 4587 1667 4659; x_wconf 83' lang='lat' dir='ltr'>expressissimam</span> <span class='ocrx_word' id='word_1_499' title='bbox 1698 4588 1759 4645; x_wconf 91' lang='lat' dir='ltr'>in</span> <span class='ocrx_word' id='word_1_500' title='bbox 1788 4588 2159 4659; x_wconf 89' lang='lat' dir='ltr'>religiosissi-</span> 
     </span>
    </p>
   </div>
   <div class='ocr_carea' id='block_1_76' title="bbox 2860 3401 3293 3479">
    <p class='ocr_par' dir='ltr' id='par_1_76' title="bbox 2860 3401 3293 3479">
     <span class='ocr_line' id='line_1_77' title="bbox 2860 3401 3293 3479; baseline 0.009 -20"><span class='ocrx_word' id='word_1_501' title='bbox 2860 3401 3118 3479; x_wconf 84' lang='grc' dir='ltr'>Θεοδώρῳ</span> <span class='ocrx_word' id='word_1_502' title='bbox 3151 3407 3293 3477; x_wconf 81' lang='grc'>(43).</span> 
     </span>
    </p>
   </div>
   <div class='ocr_carea' id='block_1_77' title="bbox 2342 3512 3830 3587">
    <p class='ocr_par' dir='ltr' id='par_1_77' title="bbox 2342 3512 3830 3587">
     <span class='ocr_line' id='line_1_78' title="bbox 2342 3512 3830 3587; baseline -0.004 -20"><span class='ocrx_word' id='word_1_503' title='bbox 2342 3517 2571 3586; x_wconf 75' lang='grc' dir='ltr'>Λέγουσὶ</span> <span class='ocrx_word' id='word_1_504' title='bbox 2608 3532 2739 3576; x_wconf 88' lang='grc' dir='ltr'>τινες</span> <span class='ocrx_word' id='word_1_505' title='bbox 2785 3516 2905 3575; x_wconf 80' lang='grc' dir='ltr'>τοὺς</span> <span class='ocrx_word' id='word_1_506' title='bbox 2968 3512 3257 3577; x_wconf 74' lang='grc' dir='ltr'>ἑαλωκότας</span> <span class='ocrx_word' id='word_1_507' title='bbox 3327 3523 3401 3587; x_wconf 79' lang='grc' dir='ltr'>τῷ</span> <span class='ocrx_word' id='word_1_508' title='bbox 3440 3517 3587 3569; x_wconf 81' lang='grc' dir='ltr'>πάθει</span> <span class='ocrx_word' id='word_1_509' title='bbox 3622 3520 3702 3567; x_wconf 79' lang='grc' dir='ltr'>τοῦ</span> <span class='ocrx_word' id='word_1_510' title='bbox 3736 3513 3830 3585; x_wconf 50' lang='lat' dir='ltr'><strong><em>5.0m-</em></strong></span> 
     </span>
    </p>
   </div>
   <div class='ocr_carea' id='block_1_78' title="bbox 2268 3600 3833 3677">
    <p class='ocr_par' dir='ltr' id='par_1_78' title="bbox 2268 3600 3833 3677">
     <span class='ocr_line' id='line_1_79' title="bbox 2268 3600 3833 3677; baseline -0.006 -20"><span class='ocrx_word' id='word_1_511' title='bbox 2268 3624 2375 3671; x_wconf 88' lang='grc' dir='ltr'>τος,</span> <span class='ocrx_word' id='word_1_512' title='bbox 2405 3604 2525 3656; x_wconf 86' lang='grc' dir='ltr'>ὅταν</span> <span class='ocrx_word' id='word_1_513' title='bbox 2555 3603 2690 3655; x_wconf 79' lang='grc' dir='ltr'>κατά</span> <span class='ocrx_word' id='word_1_514' title='bbox 2744 3621 2861 3663; x_wconf 65' lang='grc' dir='ltr'>τινα</span> <span class='ocrx_word' id='word_1_515' title='bbox 2900 3600 3201 3677; x_wconf 76' lang='grc' dir='ltr'>βιαιοτέραν</span> <span class='ocrx_word' id='word_1_516' title='bbox 3254 3603 3497 3676; x_wconf 70' lang='grc' dir='ltr'>ἀνάγκην</span> <span class='ocrx_word' id='word_1_517' title='bbox 3549 3612 3640 3657; x_wconf 85' lang='grc' dir='ltr'>τῶν</span> <span class='ocrx_word' id='word_1_518' title='bbox 3676 3601 3833 3654; x_wconf 79' lang='grc' dir='ltr'>ποθου-</span> 
     </span>
    </p>
   </div>
   <div class='ocr_carea' id='block_1_79' title="bbox 2269 3689 3833 3767">
    <p class='ocr_par' dir='ltr' id='par_1_79' title="bbox 2269 3689 3833 3767">
     <span class='ocr_line' id='line_1_80' title="bbox 2269 3689 3833 3767; baseline -0.002 -22"><span class='ocrx_word' id='word_1_519' title='bbox 2269 3698 2429 3767; x_wconf 83' lang='grc' dir='ltr'>μένων</span> <span class='ocrx_word' id='word_1_520' title='bbox 2484 3691 2805 3763; x_wconf 72' lang='grc' dir='ltr'>ἁπάγωνται,</span> <span class='ocrx_word' id='word_1_521' title='bbox 2859 3690 2901 3743; x_wconf 85' lang='grc' dir='ltr'>εἰ</span> <span class='ocrx_word' id='word_1_522' title='bbox 2962 3695 3090 3764; x_wconf 78' lang='grc' dir='ltr'>πρὸς</span> <span class='ocrx_word' id='word_1_523' title='bbox 3142 3696 3234 3751; x_wconf 79' lang='grc' dir='ltr'>τὴν</span> <span class='ocrx_word' id='word_1_524' title='bbox 3298 3694 3469 3747; x_wconf 84' lang='grc' dir='ltr'>εἰκόνα</span> <span class='ocrx_word' id='word_1_525' title='bbox 3522 3702 3607 3753; x_wconf 79' lang='grc' dir='ltr'>τῆς</span> <span class='ocrx_word' id='word_1_526' title='bbox 3666 3689 3833 3761; x_wconf 68' lang='grc' dir='ltr'>ἀγαπη-</span> 
     </span>
    </p>
   </div>
   <div class='ocr_carea' id='block_1_80' title="bbox 2272 3779 3833 3858">
    <p class='ocr_par' dir='ltr' id='par_1_80' title="bbox 2272 3779 3833 3858">
     <span class='ocr_line' id='line_1_81' title="bbox 2272 3779 3833 3858; baseline -0.006 -22"><span class='ocrx_word' id='word_1_527' title='bbox 2272 3786 2447 3843; x_wconf 81' lang='grc' dir='ltr'>θείσης</span> <span class='ocrx_word' id='word_1_528' title='bbox 2506 3790 2708 3855; x_wconf 67' lang='grc' dir='ltr'>μορφῆς</span> <span class='ocrx_word' id='word_1_529' title='bbox 2771 3779 3135 3852; x_wconf 72' lang='grc' dir='ltr'>ἀποϐλέψειαν,</span> <span class='ocrx_word' id='word_1_530' title='bbox 3202 3785 3261 3835; x_wconf 86' lang='grc' dir='ltr'>τὸ</span> <span class='ocrx_word' id='word_1_531' title='bbox 3328 3780 3553 3858; x_wconf 75' lang='grc' dir='ltr'>σφοδρὸν</span> <span class='ocrx_word' id='word_1_532' title='bbox 3604 3779 3833 3834; x_wconf 77' lang='grc' dir='ltr'>ἀναπαύειν</span> 
     </span>
    </p>
   </div>
   <div class='ocr_carea' id='block_1_81' title="bbox 2266 3862 3833 3945">
    <p class='ocr_par' dir='ltr' id='par_1_81' title="bbox 2266 3862 3833 3945">
     <span class='ocr_line' id='line_1_82' title="bbox 2266 3862 3833 3945; baseline -0.003 -20"><span class='ocrx_word' id='word_1_533' title='bbox 2266 3880 2356 3926; x_wconf 76' lang='grc' dir='ltr'>τοῦ</span> <span class='ocrx_word' id='word_1_534' title='bbox 2417 3873 2617 3931; x_wconf 81' lang='grc' dir='ltr'>πάθους</span> <span class='ocrx_word' id='word_1_535' title='bbox 2665 3867 2759 3923; x_wconf 79' lang='grc' dir='ltr'>διὰ</span> <span class='ocrx_word' id='word_1_536' title='bbox 2817 3880 2908 3931; x_wconf 82' lang='grc' dir='ltr'>τῆς</span> <span class='ocrx_word' id='word_1_537' title='bbox 2974 3868 3022 3922; x_wconf 78' lang='grc' dir='ltr'>ἐν</span> <span class='ocrx_word' id='word_1_538' title='bbox 3071 3870 3363 3945; x_wconf 63' lang='grc' dir='ltr'>ὀφθαλμοῖς</span> <span class='ocrx_word' id='word_1_539' title='bbox 3413 3872 3742 3929; x_wconf 81' lang='grc' dir='ltr'>ἀπολαύσεως.</span> <span class='ocrx_word' id='word_1_540' title='bbox 3786 3862 3833 3916; x_wconf 76' lang='grc' dir='ltr'>Εἰ</span> 
     </span>
    </p>
   </div>
   <div class='ocr_carea' id='block_1_82' title="bbox 2266 3957 3830 4035">
    <p class='ocr_par' dir='ltr' id='par_1_82' title="bbox 2266 3957 3830 4035">
     <span class='ocr_line' id='line_1_83' title="bbox 2266 3957 3830 4035; baseline 0.002 -25"><span class='ocrx_word' id='word_1_541' title='bbox 2266 3962 2356 4033; x_wconf 65' lang='grc' dir='ltr'>μὲν</span> <span class='ocrx_word' id='word_1_542' title='bbox 2387 3957 2474 4012; x_wconf 74' lang='grc' dir='ltr'>οὖν</span> <span class='ocrx_word' id='word_1_543' title='bbox 2507 3958 2670 4018; x_wconf 77' lang='grc' dir='ltr'>ἀληθῆ</span> <span class='ocrx_word' id='word_1_544' title='bbox 2731 3959 2980 4027; x_wconf 78' lang='grc' dir='ltr'>ταῦτα,ἣ</span> <span class='ocrx_word' id='word_1_545' title='bbox 3028 3964 3098 4033; x_wconf 75' lang='grc' dir='ltr'>μὴ</span> <span class='ocrx_word' id='word_1_546' title='bbox 3157 3961 3295 4030; x_wconf 77' lang='grc'>(44),</span> <span class='ocrx_word' id='word_1_547' title='bbox 3362 3962 3522 4035; x_wconf 71' lang='grc' dir='ltr'>λέγειν</span> <span class='ocrx_word' id='word_1_548' title='bbox 3572 3960 3657 4013; x_wconf 84' lang='grc' dir='ltr'>ούκ</span> <span class='ocrx_word' id='word_1_549' title='bbox 3708 3959 3830 4027; x_wconf 79' lang='grc' dir='ltr'>ἔχω’</span> 
     </span>
    </p>
   </div>
   <div class='ocr_carea' id='block_1_83' title="bbox 2267 4040 3835 4124">
    <p class='ocr_par' dir='ltr' id='par_1_83' title="bbox 2267 4040 3835 4124">
     <span class='ocr_line' id='line_1_84' title="bbox 2267 4040 3835 4124; baseline -0.003 -21"><span class='ocrx_word' id='word_1_550' title='bbox 2267 4050 2293 4102; x_wconf 87' lang='grc' dir='ltr'>ὁ</span> <span class='ocrx_word' id='word_1_551' title='bbox 2334 4047 2395 4103; x_wconf 80' lang='grc' dir='ltr'>δέ</span> <span class='ocrx_word' id='word_1_552' title='bbox 2454 4069 2544 4122; x_wconf 85' lang='grc' dir='ltr'>μοι</span> <span class='ocrx_word' id='word_1_553' title='bbox 2595 4050 2725 4120; x_wconf 79' lang='grc' dir='ltr'>πρὸς</span> <span class='ocrx_word' id='word_1_554' title='bbox 2769 4052 2863 4107; x_wconf 83' lang='grc' dir='ltr'>τὴν</span> <span class='ocrx_word' id='word_1_555' title='bbox 2923 4052 3020 4108; x_wconf 85' lang='grc' dir='ltr'>σὴν</span> <span class='ocrx_word' id='word_1_556' title='bbox 3075 4049 3408 4123; x_wconf 76' lang='grc' dir='ltr'>συμϐέϐηκεν</span> <span class='ocrx_word' id='word_1_557' title='bbox 3463 4040 3835 4124; x_wconf 46' lang='lat' dir='ltr'>inuadat-1,05</span> 
     </span>
    </p>
   </div>
   <div class='ocr_carea' id='block_1_84' title="bbox 2267 4132 3829 4215">
    <p class='ocr_par' dir='ltr' id='par_1_84' title="bbox 2267 4132 3829 4215">
     <span class='ocr_line' id='line_1_85' title="bbox 2267 4132 3829 4215; baseline -0.008 -22"><span class='ocrx_word' id='word_1_558' title='bbox 2267 4139 2443 4215; x_wconf 77' lang='grc' dir='ltr'>πόῤῥω</span> <span class='ocrx_word' id='word_1_559' title='bbox 2499 4146 2595 4191; x_wconf 87' lang='grc' dir='ltr'>τῶν</span> <span class='ocrx_word' id='word_1_560' title='bbox 2662 4137 2938 4213; x_wconf 80' lang='grc' dir='ltr'>εἰρημένων</span> <span class='ocrx_word' id='word_1_561' title='bbox 3016 4137 3176 4195; x_wconf 81' lang='grc' dir='ltr'>ἐστίν.</span> <span class='ocrx_word' id='word_1_562' title='bbox 3247 4138 3464 4200; x_wconf 67' lang='grc' dir='ltr'>Ἐπειδὴ</span> <span class='ocrx_word' id='word_1_563' title='bbox 3527 4142 3623 4213; x_wconf 72' lang='grc' dir='ltr'>γὰρ</span> <span class='ocrx_word' id='word_1_564' title='bbox 3689 4132 3829 4207; x_wconf 67' lang='grc' dir='ltr'>γέγονέ</span> 
     </span>
    </p>
   </div>
   <div class='ocr_carea' id='block_1_85' title="bbox 2263 4225 3832 4303">
    <p class='ocr_par' dir='ltr' id='par_1_85' title="bbox 2263 4225 3832 4303">
     <span class='ocr_line' id='line_1_86' title="bbox 2263 4225 3832 4303; baseline -0.007 -22"><span class='ocrx_word' id='word_1_565' title='bbox 2263 4249 2339 4290; x_wconf 89' lang='grc' dir='ltr'>τις</span> <span class='ocrx_word' id='word_1_566' title='bbox 2398 4225 2641 4290; x_wconf 75' lang='grc' dir='ltr'>διάθεσις</span> <span class='ocrx_word' id='word_1_567' title='bbox 2693 4226 2809 4299; x_wconf 76' lang='grc' dir='ltr'>ἐμοὶ</span> <span class='ocrx_word' id='word_1_568' title='bbox 2873 4230 2997 4303; x_wconf 84' lang='grc' dir='ltr'>πρὸς</span> <span class='ocrx_word' id='word_1_569' title='bbox 3058 4232 3152 4286; x_wconf 74' lang='grc' dir='ltr'>τὴν</span> <span class='ocrx_word' id='word_1_570' title='bbox 3206 4230 3347 4303; x_wconf 74' lang='grc' dir='ltr'>ἱερὰν</span> <span class='ocrx_word' id='word_1_571' title='bbox 3405 4236 3495 4283; x_wconf 79' lang='grc' dir='ltr'>καὶ</span> <span class='ocrx_word' id='word_1_572' title='bbox 3556 4225 3728 4281; x_wconf 78' lang='grc' dir='ltr'>ἄδολον</span> <span class='ocrx_word' id='word_1_573' title='bbox 3762 4239 3832 4273; x_wconf 83' lang='grc' dir='ltr'>σον</span> 
     </span>
    </p>
   </div>
   <div class='ocr_carea' id='block_1_86' title="bbox 2264 4313 3829 4391">
    <p class='ocr_par' dir='ltr' id='par_1_86' title="bbox 2264 4313 3829 4391">
     <span class='ocr_line' id='line_1_87' title="bbox 2264 4313 3829 4391; baseline -0.006 -22"><span class='ocrx_word' id='word_1_574' title='bbox 2264 4318 2472 4390; x_wconf 70' lang='grc' dir='ltr'>ψυχὴν,</span> <span class='ocrx_word' id='word_1_575' title='bbox 2532 4318 2593 4368; x_wconf 82' lang='grc' dir='ltr'>ἵν’</span> <span class='ocrx_word' id='word_1_576' title='bbox 2648 4317 2811 4378; x_wconf 77' lang='grc' dir='ltr'>οὕτως</span> <span class='ocrx_word' id='word_1_577' title='bbox 2868 4320 3012 4388; x_wconf 83' lang='grc' dir='ltr'>εἰπω,</span> <span class='ocrx_word' id='word_1_578' title='bbox 3073 4316 3319 4391; x_wconf 77' lang='grc' dir='ltr'>ἐρωτικὴ,</span> <span class='ocrx_word' id='word_1_579' title='bbox 3381 4322 3439 4371; x_wconf 84' lang='grc' dir='ltr'>τὸ</span> <span class='ocrx_word' id='word_1_580' title='bbox 3494 4316 3552 4371; x_wconf 68' lang='grc' dir='ltr'>δε</span> <span class='ocrx_word' id='word_1_581' title='bbox 3603 4313 3829 4367; x_wconf 76' lang='grc' dir='ltr'>ἀπολαύειν</span> 
     </span>
    </p>
   </div>
   <div class='ocr_carea' id='block_1_87' title="bbox 2263 4396 3834 4478">
    <p class='ocr_par' dir='ltr' id='par_1_87' title="bbox 2263 4396 3834 4478">
     <span class='ocr_line' id='line_1_88' title="bbox 2263 4396 3834 4478; baseline -0.003 -18"><span class='ocrx_word' id='word_1_582' title='bbox 2263 4416 2362 4460; x_wconf 86' lang='grc' dir='ltr'>τῶν</span> <span class='ocrx_word' id='word_1_583' title='bbox 2400 4407 2752 4477; x_wconf 86' lang='grc' dir='ltr'>ποθουμένων,</span> <span class='ocrx_word' id='word_1_584' title='bbox 2804 4408 2867 4467; x_wconf 82' lang='grc' dir='ltr'>ὡς</span> <span class='ocrx_word' id='word_1_585' title='bbox 2915 4402 3038 4459; x_wconf 65' lang='grc' dir='ltr'>οὐδὲ</span> <span class='ocrx_word' id='word_1_586' title='bbox 3091 4406 3215 4460; x_wconf 74' lang='grc' dir='ltr'>ἄλλο</span> <span class='ocrx_word' id='word_1_587' title='bbox 3280 4428 3333 4460; x_wconf 89' lang='grc' dir='ltr'>τι</span> <span class='ocrx_word' id='word_1_588' title='bbox 3386 4417 3485 4461; x_wconf 87' lang='grc' dir='ltr'>τῶν</span> <span class='ocrx_word' id='word_1_589' title='bbox 3546 4406 3752 4478; x_wconf 69' lang='grc' dir='ltr'>ἀγαθῶν,</span> <span class='ocrx_word' id='word_1_590' title='bbox 3797 4396 3834 4448; x_wconf 56' lang='grc' dir='ltr'>ἐι</span> 
     </span>
    </p>
   </div>
   <div class='ocr_carea' id='block_1_88' title="bbox 2263 4488 3838 4572">
    <p class='ocr_par' dir='ltr' id='par_1_88' title="bbox 2263 4488 3838 4572">
     <span class='ocr_line' id='line_1_89' title="bbox 2263 4488 3838 4572; baseline -0.007 -24"><span class='ocrx_word' id='word_1_591' title='bbox 2263 4495 2472 4567; x_wconf 80' lang='grc' dir='ltr'>εύκολίᾳ</span> <span class='ocrx_word' id='word_1_592' title='bbox 2527 4496 2652 4567; x_wconf 74' lang='grc' dir='ltr'>ἡμῖν</span> <span class='ocrx_word' id='word_1_593' title='bbox 2710 4494 2825 4547; x_wconf 74' lang='grc' dir='ltr'>ἐστι</span> <span class='ocrx_word' id='word_1_594' title='bbox 2863 4491 2957 4547; x_wconf 81' lang='grc' dir='ltr'>διὰ</span> <span class='ocrx_word' id='word_1_595' title='bbox 3020 4499 3113 4555; x_wconf 78' lang='grc' dir='ltr'>τὴν</span> <span class='ocrx_word' id='word_1_596' title='bbox 3166 4495 3221 4548; x_wconf 83' lang='grc' dir='ltr'>ἐκ</span> <span class='ocrx_word' id='word_1_597' title='bbox 3259 4506 3362 4549; x_wconf 83' lang='grc' dir='ltr'>τῶν</span> <span class='ocrx_word' id='word_1_598' title='bbox 3422 4498 3681 4572; x_wconf 72' lang='grc' dir='ltr'>ἡμαρτιῶν</span> <span class='ocrx_word' id='word_1_599' title='bbox 3727 4488 3838 4540; x_wconf 71' lang='grc' dir='ltr'>έναι·</span> 
     </span>
    </p>
   </div>
   <div class='ocr_carea' id='block_1_89' title="bbox 2262 4577 3833 4657">
    <p class='ocr_par' dir='ltr' id='par_1_89' title="bbox 2262 4577 3833 4657">
     <span class='ocr_line' id='line_1_90' title="bbox 2262 4577 3833 4657; baseline -0.006 -20"><span class='ocrx_word' id='word_1_600' title='bbox 2262 4588 2480 4637; x_wconf 82' lang='grc' dir='ltr'>τίωσιν’</span> <span class='ocrx_word' id='word_1_601' title='bbox 2525 4582 2743 4657; x_wconf 76' lang='grc' dir='ltr'>ἐνόμισα</span> <span class='ocrx_word' id='word_1_602' title='bbox 2808 4584 2980 4636; x_wconf 87' lang='grc' dir='ltr'>εἰκόνα</span> <span class='ocrx_word' id='word_1_603' title='bbox 3034 4592 3129 4646; x_wconf 85' lang='grc' dir='ltr'>τῆς</span> <span class='ocrx_word' id='word_1_604' title='bbox 3186 4582 3520 4656; x_wconf 74' lang='grc' dir='ltr'>ἁγαθότητός</span> <span class='ocrx_word' id='word_1_605' title='bbox 3583 4603 3670 4636; x_wconf 82' lang='grc' dir='ltr'>σου</span> <span class='ocrx_word' id='word_1_606' title='bbox 3718 4577 3833 4647; x_wconf 78' lang='grc' dir='ltr'>ἐναρ-</span> 
     </span>
    </p>
   </div>
   <div class='ocr_carea' id='block_1_90' title="bbox 502 4667 2158 4748">
    <p class='ocr_par' dir='ltr' id='par_1_90' title="bbox 502 4673 2157 4748">
     <span class='ocr_line' id='line_1_91' title="bbox 502 4673 2157 4748; baseline 0.005 -22"><span class='ocrx_word' id='word_1_607' title='bbox 502 4680 743 4728; x_wconf 84' lang='lat' dir='ltr'>morum</span> <span class='ocrx_word' id='word_1_608' title='bbox 768 4673 1017 4730; x_wconf 78' lang='lat' dir='ltr'>fratrum</span> <span class='ocrx_word' id='word_1_609' title='bbox 1070 4680 1415 4732; x_wconf 90' lang='lat' dir='ltr'>nostrorum</span> <span class='ocrx_word' id='word_1_610' title='bbox 1457 4677 1774 4748; x_wconf 68' lang='lat' dir='ltr'>prmsentia</span> <span class='ocrx_word' id='word_1_611' title='bbox 1818 4677 2042 4734; x_wconf 80' lang='lat' dir='ltr'>videre.</span> <span class='ocrx_word' id='word_1_612' title='bbox 2076 4682 2157 4735; x_wconf 83' lang='lat' dir='ltr'>Ac</span> 
     </span>
    </p>
   </div>
   <div class='ocr_carea' id='block_1_91' title="bbox 2268 4667 3829 4748">
    <p class='ocr_par' dir='ltr' id='par_1_91' title="bbox 2268 4667 3829 4748">
     <span class='ocr_line' id='line_1_92' title="bbox 2268 4667 3829 4748; baseline -0.004 -21"><span class='ocrx_word' id='word_1_613' title='bbox 2268 4674 2516 4747; x_wconf 74' lang='grc' dir='ltr'>γεστάτην</span> <span class='ocrx_word' id='word_1_614' title='bbox 2589 4672 2637 4725; x_wconf 74' lang='grc' dir='ltr'>ἐν</span> <span class='ocrx_word' id='word_1_615' title='bbox 2694 4680 2756 4747; x_wconf 73' lang='grc' dir='ltr'>τῇ</span> <span class='ocrx_word' id='word_1_616' title='bbox 2824 4682 2924 4725; x_wconf 87' lang='grc' dir='ltr'>τῶν</span> <span class='ocrx_word' id='word_1_617' title='bbox 2985 4673 3375 4727; x_wconf 75' lang='grc' dir='ltr'>εύλαϐεστάτων</span> <span class='ocrx_word' id='word_1_618' title='bbox 3430 4678 3575 4748; x_wconf 75' lang='grc' dir='ltr'>ἡμῶν</span> <span class='ocrx_word' id='word_1_619' title='bbox 3634 4667 3829 4748; x_wconf 53' lang='grc' dir='ltr'>ἁδελῖρὼγ</span> 
     </span>
    </p>
   </div>
   <div class='ocr_carea' id='block_1_92' title="bbox 504 4759 2159 4840">
    <p class='ocr_par' dir='ltr' id='par_1_92' title="bbox 504 4759 2159 4840">
     <span class='ocr_line' id='line_1_93' title="bbox 504 4759 2159 4840; baseline 0.005 -26"><span class='ocrx_word' id='word_1_620' title='bbox 504 4759 652 4816; x_wconf 89' lang='lat' dir='ltr'>mihi</span> <span class='ocrx_word' id='word_1_621' title='bbox 682 4760 731 4816; x_wconf 90' lang='lat' dir='ltr'>si</span> <span class='ocrx_word' id='word_1_622' title='bbox 760 4763 1103 4835; x_wconf 87' lang='lat' dir='ltr'>contigisset</span> <span class='ocrx_word' id='word_1_623' title='bbox 1123 4780 1262 4821; x_wconf 91' lang='lat' dir='ltr'>cum</span> <span class='ocrx_word' id='word_1_624' title='bbox 1280 4769 1375 4823; x_wconf 85' lang='lat' dir='ltr'>tua</span> <span class='ocrx_word' id='word_1_625' title='bbox 1409 4766 1776 4836; x_wconf 84' lang='lat' dir='ltr'>ingenuitate</span> <span class='ocrx_word' id='word_1_626' title='bbox 1797 4767 2029 4840; x_wconf 89' lang='lat' dir='ltr'>absque</span> <span class='ocrx_word' id='word_1_627' title='bbox 2045 4766 2159 4823; x_wconf 90' lang='lat' dir='ltr'>illis</span> 
     </span>
    </p>
   </div>
   <div class='ocr_carea' id='block_1_93' title="bbox 575 4956 1730 5034">
    <p class='ocr_par' dir='ltr' id='par_1_93' title="bbox 575 4956 1730 5034">
     <span class='ocr_line' id='line_1_94' title="bbox 575 4956 1730 5034; baseline -0.004 -15"><span class='ocrx_word' id='word_1_628' title='bbox 575 4956 784 5034; x_wconf 44' lang='lat' dir='ltr'>:Aljas</span> <span class='ocrx_word' id='word_1_629' title='bbox 816 4959 1129 5034; x_wconf 71' lang='lat' dir='ltr'>C_C_CXLIII.</span> <span class='ocrx_word' id='word_1_630' title='bbox 1159 4962 1389 5034; x_wconf 89' lang='lat' dir='ltr'>Scripta</span> <span class='ocrx_word' id='word_1_631' title='bbox 1418 4977 1580 5019; x_wconf 90' lang='lat' dir='ltr'>anno</span> <span class='ocrx_word' id='word_1_632' title='bbox 1607 4964 1730 5016; x_wconf 80' lang='lat'>373.</span> 
     </span>
    </p>
   </div>
   <div class='ocr_carea' id='block_1_94' title="bbox 571 5028 1797 5106">
    <p class='ocr_par' dir='ltr' id='par_1_94' title="bbox 571 5028 1797 5106">
     <span class='ocr_line' id='line_1_95' title="bbox 571 5028 1797 5106; baseline 0.004 -22"><span class='ocrx_word' id='word_1_633' title='bbox 571 5030 617 5106; x_wconf 52' lang='grc' dir='ltr'>’δέ</span> <span class='ocrx_word' id='word_1_634' title='bbox 646 5028 804 5106; x_wconf 61' lang='lat' dir='ltr'>_Alias</span> <span class='ocrx_word' id='word_1_635' title='bbox 830 5030 1196 5106; x_wconf 55' lang='lat' dir='ltr'>CCQXXVIII.</span> <span class='ocrx_word' id='word_1_636' title='bbox 1230 5028 1459 5106; x_wconf 80' lang='lat' dir='ltr'>Scripta</span> <span class='ocrx_word' id='word_1_637' title='bbox 1485 5048 1646 5106; x_wconf 85' lang='lat' dir='ltr'>anno</span> <span class='ocrx_word' id='word_1_638' title='bbox 1669 5037 1797 5106; x_wconf 74' lang='lat'>373.</span> 
     </span>
    </p>
   </div>
   <div class='ocr_carea' id='block_1_95' title="bbox 574 5100 2163 5183">
    <p class='ocr_par' dir='ltr' id='par_1_95' title="bbox 574 5100 2163 5183">
     <span class='ocr_line' id='line_1_96' title="bbox 574 5100 2163 5183; baseline 0.003 -27"><span class='ocrx_word' id='word_1_639' title='bbox 574 5101 687 5171; x_wconf 81' lang='lat'>(89)</span> <span class='ocrx_word' id='word_1_640' title='bbox 722 5100 1054 5183; x_wconf 41' lang='lat' dir='ltr'>Rogantes“</span> <span class='ocrx_word' id='word_1_641' title='bbox 1092 5100 1380 5183; x_wconf 54' lang='lat' dir='ltr'>Itaﬁarlf,</span> <span class='ocrx_word' id='word_1_642' title='bbox 1415 5105 1559 5162; x_wconf 85' lang='lat' dir='ltr'>Med.</span> <span class='ocrx_word' id='word_1_643' title='bbox 1619 5105 1790 5161; x_wconf 80' lang='lat' dir='ltr'>Coisl.</span> <span class='ocrx_word' id='word_1_644' title='bbox 1818 5105 2049 5178; x_wconf 86' lang='lat' dir='ltr'>primus</span> <span class='ocrx_word' id='word_1_645' title='bbox 2104 5107 2163 5161; x_wconf 89' lang='lat' dir='ltr'>et</span> 
     </span>
    </p>
   </div>
   <div class='ocr_carea' id='block_1_96' title="bbox 502 5171 1307 5244">
    <p class='ocr_par' dir='ltr' id='par_1_96' title="bbox 502 5171 1307 5244">
     <span class='ocr_line' id='line_1_97' title="bbox 502 5171 1307 5244; baseline 0.001 -17"><span class='ocrx_word' id='word_1_646' title='bbox 502 5171 758 5229; x_wconf 87' lang='lat' dir='ltr'>Clarom.</span> <span class='ocrx_word' id='word_1_647' title='bbox 792 5171 941 5229; x_wconf 88' lang='lat' dir='ltr'>Editi</span> <span class='ocrx_word' id='word_1_648' title='bbox 972 5172 1307 5244; x_wconf 69' lang='grc' dir='ltr'>καταψύξων.</span> 
     </span>
    </p>
   </div>
   <div class='ocr_carea' id='block_1_97' title="bbox 574 5244 2162 5319">
    <p class='ocr_par' dir='ltr' id='par_1_97' title="bbox 574 5244 2162 5319">
     <span class='ocr_line' id='line_1_98' title="bbox 574 5244 2162 5319; baseline 0.003 -20"><span class='ocrx_word' id='word_1_649' title='bbox 574 5244 683 5315; x_wconf 81' lang='grc'>(40)</span> <span class='ocrx_word' id='word_1_650' title='bbox 714 5244 869 5319; x_wconf 45' lang='lat' dir='ltr'>{ape</span> <span class='ocrx_word' id='word_1_651' title='bbox 897 5249 1001 5319; x_wconf 52' lang='lat' dir='ltr'>aut</span> <span class='ocrx_word' id='word_1_652' title='bbox 1032 5248 1229 5319; x_wconf 74' lang='grc' dir='ltr'>πάρεσο</span> <span class='ocrx_word' id='word_1_653' title='bbox 1256 5248 1401 5317; x_wconf 80' lang='grc' dir='ltr'>ἡμῖν.</span> <span class='ocrx_word' id='word_1_654' title='bbox 1436 5249 1519 5301; x_wconf 84' lang='lat' dir='ltr'>Ita</span> <span class='ocrx_word' id='word_1_655' title='bbox 1540 5252 1812 5319; x_wconf 82' lang='lat' dir='ltr'>quatuor</span> <span class='ocrx_word' id='word_1_656' title='bbox 1837 5248 2019 5305; x_wconf 90' lang='lat' dir='ltr'>iidem</span> <span class='ocrx_word' id='word_1_657' title='bbox 2062 5263 2162 5303; x_wconf 89' lang='lat' dir='ltr'>co-</span> 
     </span>
    </p>
   </div>
   <div class='ocr_carea' id='block_1_98' title="bbox 504 5316 1632 5389">
    <p class='ocr_par' dir='ltr' id='par_1_98' title="bbox 504 5316 1632 5389">
     <span class='ocr_line' id='line_1_99' title="bbox 504 5316 1632 5389; baseline -0.002 -18"><span class='ocrx_word' id='word_1_658' title='bbox 504 5316 685 5389; x_wconf 91' lang='lat' dir='ltr'>dices.</span> <span class='ocrx_word' id='word_1_659' title='bbox 717 5316 871 5373; x_wconf 76' lang='lat' dir='ltr'>Edili</span> <span class='ocrx_word' id='word_1_660' title='bbox 904 5316 1055 5389; x_wconf 73' lang='grc' dir='ltr'>Ἀλλὰ</span> <span class='ocrx_word' id='word_1_661' title='bbox 1083 5316 1172 5368; x_wconf 78' lang='grc' dir='ltr'>καὶ</span> <span class='ocrx_word' id='word_1_662' title='bbox 1202 5316 1325 5389; x_wconf 78' lang='grc' dir='ltr'>ἡμῖν</span> <span class='ocrx_word' id='word_1_663' title='bbox 1352 5318 1444 5374; x_wconf 80' lang='grc' dir='ltr'>ἧκε</span> <span class='ocrx_word' id='word_1_664' title='bbox 1471 5316 1632 5379; x_wconf 68' lang='grc' dir='ltr'>μόλις,</span> 
     </span>
    </p>
   </div>
   <div class='ocr_carea' id='block_1_99' title="bbox 529 5388 2165 5495">
    <p class='ocr_par' dir='ltr' id='par_1_99' title="bbox 529 5388 2165 5495">
     <span class='ocr_line' id='line_1_100' title="bbox 529 5388 2165 5495; baseline 0.001 -54"><span class='ocrx_word' id='word_1_665' title='bbox 529 5458 540 5495; x_wconf 38' lang='grc' dir='ltr'><strong><em>γ</em></strong></span> <span class='ocrx_word' id='word_1_666' title='bbox 574 5388 685 5457; x_wconf 76' lang='grc'>(41)</span> <span class='ocrx_word' id='word_1_667' title='bbox 713 5388 1057 5463; x_wconf 62' lang='grc' dir='ltr'>Προπέμψων.</span> <span class='ocrx_word' id='word_1_668' title='bbox 1098 5391 1181 5443; x_wconf 86' lang='lat' dir='ltr'>Ita</span> <span class='ocrx_word' id='word_1_669' title='bbox 1221 5404 1375 5445; x_wconf 83' lang='lat' dir='ltr'>mss.</span> <span class='ocrx_word' id='word_1_670' title='bbox 1404 5389 1689 5460; x_wconf 81' lang='lat' dir='ltr'>plerique.</span> <span class='ocrx_word' id='word_1_671' title='bbox 1720 5388 1869 5443; x_wconf 83' lang='lat' dir='ltr'>Editi</span> <span class='ocrx_word' id='word_1_672' title='bbox 1898 5393 2165 5463; x_wconf 83' lang='grc' dir='ltr'>προσπέμ-</span> 
     </span>
    </p>
   </div>
   <div class='ocr_carea' id='block_1_100' title="bbox 512 5480 643 5510">
    <p class='ocr_par' dir='ltr' id='par_1_100' title="bbox 512 5480 643 5510">
     <span class='ocr_line' id='line_1_101' title="bbox 512 5480 643 5510; baseline -0.015 0"><span class='ocrx_word' id='word_1_673' title='bbox 512 5480 622 5510; x_wconf 69' lang='grc' dir='ltr'>-υων</span> <span class='ocrx_word' id='word_1_674' title='bbox 631 5497 643 5508; x_wconf 87' lang='grc'><strong><em>.</em></strong></span> 
     </span>
    </p>
   </div>
   <div class='ocr_carea' id='block_1_101' title="bbox 519 5481 2170 5603">
    <p class='ocr_par' dir='ltr' id='par_1_101' title="bbox 519 5481 2170 5603">
     <span class='ocr_line' id='line_1_102' title="bbox 519 5481 643 5510; baseline -0.016 0"><span class='ocrx_word' id='word_1_675' title='bbox 519 5481 535 5495; x_wconf 89' lang='lat'><em>&quot;</em></span> <span class='ocrx_word' id='word_1_676' title='bbox 556 5481 643 5510; x_wconf 91' lang='grc' dir='ltr'>ων.</span> 
     </span>
     <span class='ocr_line' id='line_1_103' title="bbox 519 5481 2170 5603; baseline 0.004 -20"><span class='ocrx_word' id='word_1_677' title='bbox 519 5481 550 5529; x_wconf 37' lang='grc' dir='ltr'><strong><em>Υ</em></strong></span> <span class='ocrx_word' id='word_1_678' title='bbox 577 5530 693 5603; x_wconf 64' lang='grc'>(42)</span> <span class='ocrx_word' id='word_1_679' title='bbox 724 5539 897 5584; x_wconf 76' lang='grc' dir='ltr'>Κακού</span> <span class='ocrx_word' id='word_1_680' title='bbox 942 5537 1031 5584; x_wconf 87' lang='grc' dir='ltr'>καὶ</span> <span class='ocrx_word' id='word_1_681' title='bbox 1071 5540 1182 5603; x_wconf 61' lang='grc' dir='ltr'>τού.</span> <span class='ocrx_word' id='word_1_682' title='bbox 1208 5530 1480 5603; x_wconf 88' lang='lat' dir='ltr'>Quinque</span> <span class='ocrx_word' id='word_1_683' title='bbox 1509 5547 1655 5586; x_wconf 90' lang='lat' dir='ltr'>mss.</span> <span class='ocrx_word' id='word_1_684' title='bbox 1688 5535 2034 5589; x_wconf 88' lang='lat' dir='ltr'>nontamen</span> <span class='ocrx_word' id='word_1_685' title='bbox 2070 5547 2170 5589; x_wconf 88' lang='lat' dir='ltr'>ve-</span> 
     </span>
    </p>
   </div>
   <div class='ocr_carea' id='block_1_102' title="bbox 535 5600 1809 5677">
    <p class='ocr_par' dir='ltr' id='par_1_102' title="bbox 535 5600 1809 5677">
     <span class='ocr_line' id='line_1_104' title="bbox 535 5600 1809 5677; baseline 0.004 -24"><span class='ocrx_word' id='word_1_686' title='bbox 535 5600 823 5658; x_wconf 89' lang='lat' dir='ltr'>ustissimi</span> <span class='ocrx_word' id='word_1_687' title='bbox 849 5612 1011 5656; x_wconf 70' lang='lat' dir='ltr'>mon</span> <span class='ocrx_word' id='word_1_688' title='bbox 1034 5602 1315 5677; x_wconf 81' lang='grc' dir='ltr'>κλύδωνος,</span> <span class='ocrx_word' id='word_1_689' title='bbox 1352 5600 1574 5661; x_wconf 76' lang='grc' dir='ltr'>αήιαιο</span> <span class='ocrx_word' id='word_1_690' title='bbox 1595 5606 1809 5673; x_wconf 81' lang='lat' dir='ltr'>ﬂuctu.</span> 
     </span>
    </p>
   </div>
   <div class='ocr_carea' id='block_1_103' title="bbox 2263 4746 3832 4839">
    <p class='ocr_par' dir='ltr' id='par_1_103' title="bbox 2263 4746 3832 4839">
     <span class='ocr_line' id='line_1_105' title="bbox 2263 4746 3832 4839; baseline -0.001 -22"><span class='ocrx_word' id='word_1_691' title='bbox 2263 4746 2532 4838; x_wconf 78' lang='grc' dir='ltr'>παρουσίᾳ</span> <span class='ocrx_word' id='word_1_692' title='bbox 2580 4762 2877 4839; x_wconf 75' lang='grc' dir='ltr'>ἑωρακέναι.</span> <span class='ocrx_word' id='word_1_693' title='bbox 2912 4768 3013 4817; x_wconf 80' lang='grc' dir='ltr'>Καὶ</span> <span class='ocrx_word' id='word_1_694' title='bbox 3044 4762 3087 4816; x_wconf 84' lang='grc' dir='ltr'>εἰ</span> <span class='ocrx_word' id='word_1_695' title='bbox 3118 4760 3257 4836; x_wconf 82' lang='grc' dir='ltr'>δίχα</span> <span class='ocrx_word' id='word_1_696' title='bbox 3303 4766 3500 4818; x_wconf 87' lang='grc' dir='ltr'>τούτων</span> <span class='ocrx_word' id='word_1_697' title='bbox 3539 4758 3712 4817; x_wconf 75' lang='grc' dir='ltr'>συνέϐη</span> 
     </span>
    </p>
   </div>
   <div class='ocr_carea' id='block_1_104' title="bbox 2337 4953 3834 5033">
    <p class='ocr_par' dir='ltr' id='par_1_104' title="bbox 2337 4953 3834 5033">
     <span class='ocr_line' id='line_1_106' title="bbox 2337 4953 3834 5033; baseline -0.014 -6"><span class='ocrx_word' id='word_1_698' title='bbox 2337 4961 2450 5033; x_wconf 64' lang='grc'>(43)</span> <span class='ocrx_word' id='word_1_699' title='bbox 2480 4956 2754 5033; x_wconf 60' lang='grc' dir='ltr'>Θεοὸξῴρῳ.</span> <span class='ocrx_word' id='word_1_700' title='bbox 2782 4958 2958 5033; x_wconf 75' lang='lat' dir='ltr'>Editi,</span> <span class='ocrx_word' id='word_1_701' title='bbox 2982 4962 3123 5029; x_wconf 79' lang='lat' dir='ltr'>Reg.</span> <span class='ocrx_word' id='word_1_702' title='bbox 3159 4961 3466 5033; x_wconf 87' lang='lat' dir='ltr'>secundus</span> <span class='ocrx_word' id='word_1_703' title='bbox 3495 4964 3553 5016; x_wconf 93' lang='lat' dir='ltr'>et</span> <span class='ocrx_word' id='word_1_704' title='bbox 3571 4953 3834 5033; x_wconf 45' lang='lat' dir='ltr'>Coisl.}?-</span> 
     </span>
    </p>
   </div>
   <div class='ocr_carea' id='block_1_105' title="bbox 2269 5022 3835 5104">
    <p class='ocr_par' dir='ltr' id='par_1_105' title="bbox 2269 5022 3835 5104">
     <span class='ocr_line' id='line_1_107' title="bbox 2269 5022 3835 5104; baseline -0.01 -15"><span class='ocrx_word' id='word_1_705' title='bbox 2269 5022 2507 5089; x_wconf 44' lang='lat' dir='ltr'>cu‘nd&#39;us</span> <span class='ocrx_word' id='word_1_706' title='bbox 2526 5022 3140 5104; x_wconf 40' lang='lat' dir='ltr'>pedamenti-7.7.5,</span> <span class='ocrx_word' id='word_1_707' title='bbox 3173 5032 3345 5104; x_wconf 89' lang='lat' dir='ltr'>quod</span> <span class='ocrx_word' id='word_1_708' title='bbox 3367 5032 3541 5104; x_wconf 86' lang='lat' dir='ltr'>deest</span> <span class='ocrx_word' id='word_1_709' title='bbox 3568 5030 3625 5085; x_wconf 90' lang='lat' dir='ltr'>in</span> <span class='ocrx_word' id='word_1_710' title='bbox 3649 5022 3835 5104; x_wconf 70' lang='lat' dir='ltr'>codici-</span> 
     </span>
    </p>
   </div>
   <div class='ocr_carea' id='block_1_106' title="bbox 2268 5097 3833 5185">
    <p class='ocr_par' dir='ltr' id='par_1_106' title="bbox 2268 5097 3833 5185">
     <span class='ocr_line' id='line_1_108' title="bbox 2268 5097 3833 5185; baseline 0 -25"><span class='ocrx_word' id='word_1_711' title='bbox 2268 5104 2385 5185; x_wconf 72' lang='lat' dir='ltr'>bus</span> <span class='ocrx_word' id='word_1_712' title='bbox 2418 5103 2590 5171; x_wconf 88' lang='lat' dir='ltr'>Med.,</span> <span class='ocrx_word' id='word_1_713' title='bbox 2638 5102 2812 5161; x_wconf 89' lang='lat' dir='ltr'>Coisl.</span> <span class='ocrx_word' id='word_1_714' title='bbox 2852 5103 3070 5175; x_wconf 89' lang='lat' dir='ltr'>primo,</span> <span class='ocrx_word' id='word_1_715' title='bbox 3099 5097 3256 5173; x_wconf 53' lang='lat' dir='ltr'>Val,</span> <span class='ocrx_word' id='word_1_716' title='bbox 3318 5103 3575 5160; x_wconf 90' lang='lat' dir='ltr'>Clarom.</span> <span class='ocrx_word' id='word_1_717' title='bbox 3626 5103 3680 5156; x_wconf 86' lang='lat' dir='ltr'>et</span> <span class='ocrx_word' id='word_1_718' title='bbox 3718 5097 3833 5160; x_wconf 69' lang='lat' dir='ltr'>Reg-</span> 
     </span>
    </p>
   </div>
   <div class='ocr_carea' id='block_1_107' title="bbox 2271 5191 3833 5332">
    <p class='ocr_par' dir='ltr' id='par_1_107' title="bbox 2271 5191 3833 5332">
     <span class='ocr_line' id='line_1_109' title="bbox 2271 5191 3833 5332; baseline -0.022 -13"><span class='ocrx_word' id='word_1_719' title='bbox 2271 5191 2544 5332; x_wconf 34' lang='lat' dir='ltr'>i???“</span> <span class='ocrx_word' id='word_1_720' title='bbox 2566 5249 2659 5332; x_wconf 58' lang='grc' dir='ltr'>μῇ.</span> <span class='ocrx_word' id='word_1_721' title='bbox 2694 5248 2779 5301; x_wconf 84' lang='lat' dir='ltr'>lta</span> <span class='ocrx_word' id='word_1_722' title='bbox 2800 5244 2978 5303; x_wconf 89' lang='lat' dir='ltr'>Coisl.</span> <span class='ocrx_word' id='word_1_723' title='bbox 3011 5246 3241 5318; x_wconf 84' lang='lat' dir='ltr'>primus</span> <span class='ocrx_word' id='word_1_724' title='bbox 3272 5261 3413 5301; x_wconf 88' lang='lat' dir='ltr'>cum</span> <span class='ocrx_word' id='word_1_725' title='bbox 3437 5245 3568 5302; x_wconf 89' lang='lat' dir='ltr'>aliis</span> <span class='ocrx_word' id='word_1_726' title='bbox 3589 5241 3833 5315; x_wconf 89' lang='lat' dir='ltr'>quatuor.</span> 
     </span>
    </p>
   </div>
   <div class='ocr_carea' id='block_1_108' title="bbox 2274 5318 3830 5459">
    <p class='ocr_par' dir='ltr' id='par_1_108' title="bbox 2274 5318 3830 5459">
     <span class='ocr_line' id='line_1_110' title="bbox 2274 5318 3830 5459; baseline -0.003 -15"><span class='ocrx_word' id='word_1_727' title='bbox 2274 5318 2872 5459; x_wconf 41' lang='grc' dir='ltr'>Εῆῗέὶῖὲυῗέϐηᾘαηο</span> <span class='ocrx_word' id='word_1_728' title='bbox 2892 5404 3104 5445; x_wconf 89' lang='lat' dir='ltr'>vocem</span> <span class='ocrx_word' id='word_1_729' title='bbox 3126 5387 3473 5446; x_wconf 91' lang='lat' dir='ltr'>addidimus</span> <span class='ocrx_word' id='word_1_730' title='bbox 3499 5403 3567 5443; x_wconf 83' lang='lat' dir='ltr'>ex</span> <span class='ocrx_word' id='word_1_731' title='bbox 3593 5399 3688 5441; x_wconf 81' lang='lat' dir='ltr'>sex</span> <span class='ocrx_word' id='word_1_732' title='bbox 3710 5392 3830 5459; x_wconf 65' lang='lat' dir='ltr'>m_§5;</span> 
     </span>
    </p>
   </div>
   <div class='ocr_carea' id='block_1_109' title="bbox 2273 5454 3834 5535">
    <p class='ocr_par' dir='ltr' id='par_1_109' title="bbox 2273 5454 3834 5535">
     <span class='ocr_line' id='line_1_111' title="bbox 2273 5454 3834 5535; baseline -0.004 -21"><span class='ocrx_word' id='word_1_733' title='bbox 2273 5454 2673 5535; x_wconf 17' lang='lat' dir='ltr'>Ibidejmiediti</span> <span class='ocrx_word' id='word_1_734' title='bbox 2699 5466 2797 5535; x_wconf 74' lang='grc' dir='ltr'>Και</span> <span class='ocrx_word' id='word_1_735' title='bbox 2820 5459 3313 5535; x_wconf 44' lang='grc' dir='ltr'>εἰργάρηΝοηῐιυιιρ</span> <span class='ocrx_word' id='word_1_736' title='bbox 3327 5459 3571 5535; x_wconf 90' lang='lat' dir='ltr'>_co_dices</span> <span class='ocrx_word' id='word_1_737' title='bbox 3599 5470 3729 5512; x_wconf 89' lang='lat' dir='ltr'>mss.</span> 
     </span>
    </p>
   </div>
   <div class='ocr_carea' id='block_1_110' title="bbox 2273 5520 3834 5605">
    <p class='ocr_par' dir='ltr' id='par_1_110' title="bbox 2273 5520 3834 5605">
     <span class='ocr_line' id='line_1_112' title="bbox 2273 5520 3834 5605; baseline -0.01 -19"><span class='ocrx_word' id='word_1_738' title='bbox 2273 5535 2375 5604; x_wconf 74' lang='grc' dir='ltr'>γὰρ</span> <span class='ocrx_word' id='word_1_739' title='bbox 2409 5532 2470 5586; x_wconf 83' lang='grc' dir='ltr'>εἰ.</span> <span class='ocrx_word' id='word_1_740' title='bbox 2509 5531 2709 5586; x_wconf 83' lang='lat' dir='ltr'>Melius</span> <span class='ocrx_word' id='word_1_741' title='bbox 2746 5520 2916 5587; x_wconf 71' lang='lat' dir='ltr'>Coisl.</span> <span class='ocrx_word' id='word_1_742' title='bbox 2944 5520 3176 5605; x_wconf 77' lang='lat' dir='ltr'>primus</span> <span class='ocrx_word' id='word_1_743' title='bbox 3205 5535 3261 5587; x_wconf 89' lang='lat' dir='ltr'>et</span> <span class='ocrx_word' id='word_1_744' title='bbox 3286 5530 3472 5593; x_wconf 90' lang='lat' dir='ltr'>Med.,</span> <span class='ocrx_word' id='word_1_745' title='bbox 3503 5544 3651 5602; x_wconf 91' lang='lat' dir='ltr'>quos</span> <span class='ocrx_word' id='word_1_746' title='bbox 3675 5520 3834 5579; x_wconf 78' lang='lat' dir='ltr'>secuti</span> 
     </span>
    </p>
   </div>
   <div class='ocr_carea' id='block_1_111' title="bbox 2280 5618 2513 5661">
    <p class='ocr_par' dir='ltr' id='par_1_111' title="bbox 2280 5618 2513 5661">
     <span class='ocr_line' id='line_1_113' title="bbox 2280 5618 2513 5661; baseline 0 -2"><span class='ocrx_word' id='word_1_747' title='bbox 2280 5618 2513 5661; x_wconf 88' lang='lat' dir='ltr'>sumus.</span> 
     </span>
    </p>
   </div>
  </div>
