4054 6200
222 266 337 321 545
1206 261 1688 319 EPISTOLARUM
1726 259 2010 318 CLASSIS
2060 260 2127 316 ΙΙ.
2169 259 2391 320 EPIST.
2446 264 2643 320 CXXV.
3504 273 3607 327 546

223 399 292 463 τῇ
333 398 401 461 σῇ
437 408 502 463 με
530 395 834 465 περιτυχεῖν
872 392 1201 461 γνησιότητι,
1230 388 1547 461 ἐλογισάμην
1577 386 1637 439 ἂν
1665 385 1712 439 ἓν
1761 405 1821 439 σο

2007 386 2264 457 ingredi,
2306 387 2465 444 visus
2513 403 2706 444 essem
2746 388 2893 444 mihi
2931 391 2988 445 et
3022 388 3154 446 illos
3183 390 3244 448 in
3277 396 3331 449 te
3375 394 3608 467 conspi-

224 477 508 539 κάκείνους
550 478 846 553 ἑωρακέναι·
873 474 1013 531 διότι
1043 486 1135 539 τῆς
1164 477 1342 550 ἀγάπη
1356 498 1394 548 ς,
1419 477 1574 549 λέγω,
1597 483 1825 529 τοσοῦτο·

2011 491 2131 531 ere:
2186 477 2675 549 proptereaquod
2713 476 3044 533 dilectionis
3091 481 3315 537 modus
3353 483 3416 539 in
3466 499 3612 540 uno-

230 570 282 623 ἒν
570 571 715 641 ὑμῶν
756 572 813 621 τὸ
860 573 1047 644 μέτρον
1090 568 1247 637 ἐστὶν,
1282 571 1345 630 ὡς
1376 566 1562 630 ἐπίσης
1592 570 1681 626 τὴν
1727 570 1831 642 περ

2009 580 2200 638 uoque
2231 571 2499 622 vestrum
2532 570 2731 622 tantus
2760 570 2871 631 est,
2905 571 2970 623 ut
2999 583 3167 641 aeque
3213 571 3475 645 quisque
3516 588 3610 628 su-

227 668 329 713 τοῦ
354 659 589 719 πλείονος
618 658 817 731 ἑκάς-τῳ
850 658 1156 731 φιλονεικίαν
1188 656 1544 731 ἐμφαίνεσθαι.
1580 656 1697 710 Ἐπὶ
1727 658 1828 709 τού·

2009 656 2212 712 erandi
2242 656 2506 712 studium
2536 672 2653 729 pra:
2694 673 2756 712 se
2785 656 2952 713 ferat.
3005 660 3231 716 Gratias
3271 662 3346 719 de
3387 664 3459 719 iis
3492 667 3610 720 Deo

233 771 352 811 τοις
390 748 782 820 ηὑχαρίστησα
820 756 892 819 τῷ
937 746 1071 820 ἁγίῳ
1113 755 1249 820 Θεῷ,
1288 751 1379 800 καὶ
1420 750 1669 820 εὔχομαι,
1708 749 1834 819 εἴπερ

2009 750 2165 802 mcto
2195 746 2328 818 egi:
2375 762 2705 820 precorque
2732 750 2817 815 ut,
2860 748 2907 803 si
2950 749 3118 820 quod
3148 751 3346 809 adhuc
3372 757 3610 827 tempus

238 843 317 892 ἔτι
344 837 681 890 ὑπολείπεταί
710 856 786 897 τις
814 840 1005 910 χρόνος
1040 837 1193 904 ζωῆς,
1234 837 1476 908 γενέσθαι
1509 855 1599 909 μοι
1630 831 1723 887 διὰ
1753 841 1839 887 σοί

2010 835 2034 890 1
2060 835 2381 891 vivendum
2406 835 2683 907 supersit,
2715 835 2819 892 ﬁat
2846 837 2991 892 mibi
3028 853 3135 910 per
3162 842 3218 895 te
3254 840 3372 898 vita
3397 843 3611 914 jucun-

239 933 342 987 τὴν
371 928 505 988 ζωήν
546 922 754 995 ἡδεῖαν,
785 928 853 988 ὡς
891 930 950 978 τό
978 945 1035 997 γε
1071 934 1159 978 νῦν
1198 925 1374 979 ἄθλιον
1418 930 1636 998 πρᾶγμα
1664 927 1722 976 τὸ
1753 923 1840 997 ζῇν

2010 941 2077 981 a:
2126 925 2648 997 quemadmodum
2688 941 2850 981 nunc
2880 926 3126 997 quidem
3166 928 3451 987 miseram
3482 948 3611 988 rem

239 1022 338 1069 καὶ
368 1018 582 1087 φευκτὸν
610 1015 723 1087 (46)
759 1010 887 1067 εἶναι
930 1017 1183 1089 ἠγοῦμαι,
1214 1023 1309 1077 τῆς
1333 1022 1431 1067 τῶν
1462 1013 1716 1086 φιλτάτων
1750 1032 1840 1065 συ-

2013 1030 2086 1069 ise
2124 1014 2313 1070 vitam
2344 1030 2413 1071 ac
2444 1014 2799 1085 fugiendam
2826 1014 3122 1085 existimo,
3157 1032 3193 1072 a
3235 1018 3614 1076 charissimo-

236 1106 454 1163 νουσίας
498 1107 889 1175 κεχωρισμένον
931 1105 1064 1175 (47).
1122 1104 1197 1155 Ού
1244 1107 1342 1176 γάρ
1397 1102 1530 1169 ἐστι,
1575 1104 1711 1155 κατά
1754 1104 1837 1159 riui

2015 1119 2093 1159 Im
2124 1103 2559 1159 consuetudine
2605 1108 2969 1177 separatam.
3001 1108 3131 1161 Non
3157 1110 3245 1163 est
3268 1109 3451 1178 enim,
3479 1125 3616 1167 mea

234 1192 369 1265 ἐμὴν
391 1196 595 1265 κρίσιν,
622 1190 698 1265 ἐφ’
796 1212 872 1253 τις
902 1191 961 1244 ἂν
994 1192 1321 1266 εὐθυμήσειε,
1356 1201 1455 1246 τῶν
1489 1190 1689 1253 ἀληθῶς
1723 1189 1835 1263 ἀγα¹

2015 1192 2273 1263 εηῐθηιίθ,
2306 1192 2367 1248 in
2393 1209 2516 1264 quo
2552 1193 2688 1265 quis
2718 1193 2880 1249 bono
2929 1194 3134 1250 animo
3171 1212 3304 1253 esse
3328 1198 3535 1271 possit,
3567 1197 3616 1254 si

234 1287 455 1335 πὼντων
486 1278 521 1334 δ
526 1284 820 1354 ιεζενγμένο
830 1302 869 1344 ς.

1962 1280 2041 1337 ab
2070 1281 2161 1350 iis,
2188 1282 2295 1354 qui
2319 1298 2457 1338 vere
2482 1282 2759 1352 diligunt,
2781 1282 3186 1354 disjungatur.

782 1394 1118 1443 ΕΠΙΣΤΟΛΙΙ
1159 1389 1313 1445 ΡΚΗ.

2487 1390 2826 1446 EPISTULA
2868 1392 3083 1447 CXXV'.

234 1496 653 1554 Redeuntibus
684 1496 765 1552 ad
794 1498 1102 1552 veritatem
1128 1503 1233 1552 aut
1264 1497 1548 1565 suspectis
1577 1495 1827 1567 Nicaena
1844 1494 1994 1567 ﬁdes
2015 1495 2461 1567 prescribenda,
2487 1497 2807 1553 secundum
2829 1512 3039 1553 sanam
3065 1498 3618 1567 interpretationem

309 1568 831 1641 NamMarcettus
858 1567 1376 1641 consubstantiali,
1410 1574 1463 1623 et
1482 1566 1737 1641 quidam
1759 1581 1797 1622 a
1826 1566 2092 1641 Sabeltio
2123 1569 2253 1641 orti
2271 1567 2361 1622 his
2392 1566 2625 1641 vocibus
2652 1584 2721 1624 ex
2753 1567 2870 1624 alia
2898 1569 3158 1641 essentia
3182 1566 3274 1625 vel
3304 1571 3619 1641 hypostasi

312 1640 496 1696 abusi
515 1644 676 1704 sunt,
711 1640 981 1710 quamvis
1016 1640 1278 1708 synodus
1316 1654 1437 1695 non
1466 1637 1621 1694 idem
1653 1652 1775 1694 esse
1800 1637 2010 1710 doceat
2040 1639 2350 1695 essentiam
2386 1646 2441 1694 et
2469 1640 2859 1708 hypostasim.
2891 1639 3066 1695 Fides
3096 1637 3620 1699 Nicama'tbtidem

314 1710 516 1782 verbis
538 1708 841 1782 refertur;
870 1710 975 1766 sed
993 1712 1138 1782 quia
1166 1711 1239 1766 de
1266 1711 1502 1780 Spiritu
1533 1708 1976 1782 sanctoobiter,
2002 1714 2239 1765 tantum
2267 1710 2352 1782 ibi
2376 1716 2576 1767 actum
2598 1716 2702 1779 est,
2735 1711 2895 1765 illud
2919 1726 3082 1767 nunc
3111 1716 3442 1769 necessario
3467 1729 3619 1782 prae-

312 1780 725 1848 scribendum,
754 1787 817 1853 ut
844 1780 1573 1852 anathematizentur,qui
1590 1781 1884 1853 Spiritum
1916 1786 2263 1853 creaturam
2290 1781 2499 1837 dicunt
2522 1788 2628 1837 aut
2652 1782 2937 1851 sentiunt,
2965 1788 3069 1837 aut
3093 1788 3317 1839 natura
3343 1780 3617 1842 sanctum

314 1868 442 1928 esse
471 1868 592 1928 non
613 1852 992 1921 conﬁtentur.
1018 1853 1464 1928 Gloriﬁca‘ndus
1487 1858 1569 1928 est
1598 1852 1730 1910 cum
1758 1852 1932 1928 Patre
1952 1854 2005 1906 et
2027 1852 2186 1928 Filio
2205 1867 2227 1907 .·
2252 1857 2308 1908 et
2324 1853 2398 1908 ab
2421 1868 2622 1928 eorum
2649 1854 3058 1928 communione
3078 1855 3625 1928 recedendum,,qui

313 1924 733 1995 ittumrdicunt
775 1928 1137 1981 creaturam.
1170 1924 1442 1979 Additur
1487 1924 1774 1981 adversus
1817 1922 2281 1995 calumniantes,
2322 1939 2430 1979 nec
2466 1925 2733 1994 genitum
2759 1925 2953 1985 illum,
2990 1940 3094 1981 nec
3115 1926 3447 1995 ingenitum
3477 1922 3617 1984 dici.

312 1994 941 2051 Anathematizantur
967 1997 1074 2066 qui
1095 2011 1226 2052 eum
1259 1996 1849 2053 administratorium
1877 1992 2085 2050 dicunt
2119 2000 2225 2051 aut
2249 1995 2410 2052 Filio
2437 1992 2821 2065 praeponam,
2856 2001 2909 2051 et
2935 1996 3159 2051 Filium
3186 1992 3385 2053 Patri.

239 2083 593 2177 Ἀντίγραφον
624 2106 850 2163 Πίστεως
874 2103 1320 2177 ὑπαγόρευθείσης
1350 2105 1493 2177 ποιρά
1522 2110 1613 2156 τοῦ
1636 2102 1838 2175 ἀγιωτά

2025 2103 2303 2171 remplar
2322 2102 2467 2171 ﬁdei
2493 2117 2530 2157 a
2561 2102 2930 2158 sanctissimo
2961 2103 3190 2159 Basilio
3220 2104 3481 2177 dictata,
3528 2108 3626 2163 cui

317 2210 414 2243 τον
446 2192 563 2261 (48)
604 2190 899 2260 Βασιλείου,
930 2182 1294 2265 ἵὺπίγραψεν
1333 2190 1625 2253 Εύστάθιος
1655 2191 1681 2243 ὁ
1712 2189 1864 2243 Σεϐα-

2089 2191 2441 2262 subscripsit
2470 2191 2831 2248 Eustathius
2858 2190 3142 2249 Sebastiz
3170 2194 3496 2265 episcopus.

322 2283 501 2341 στείας
529 2278 830 2340 ἐπίσκοπος.

326 2374 378 2426 1.
410 2372 542 2430 Τοὺς
571 2373 602 2428 ἤ
633 2368 1023 2445 προληφθέντας
1055 2368 1201 2443 ἑτέρᾳ
1230 2373 1455 2433 πίστεως
1484 2369 1735 2442 ὁμολογίᾳ
1772 2372 1863 2421 καὶ

2047 2374 2094 2425 1.
2139 2369 2249 2436 Qui
2280 2373 2483 2426 autem
2512 2369 2630 2425 alia
2656 2368 2795 2425 ﬁdei
2826 2369 3202 2427 confessione
3222 2374 3633 2446 praeoccupati

247 2460 632 2533 μετατίθεσθαι
662 2461 791 2531 πρὸς
825 2462 921 2517 τὴν
951 2467 1050 2511 τῶν
1090 2458 1254 2533 ὀρθῶν
1287 2461 1564 2532 συνάφειαν
1605 2458 1848 2531 βουλομέ-

2032 2461 2131 2529 Int,
2173 2462 2231 2537 et
2272 2459 2352 2515 ad
2387 2458 2865 2515 orthodoxorum
2904 2458 3195 2516 unitatem
3235 2461 3489 2519 transire
3532 2478 3633 2520 vo-

250 2568 389 2612 νους,
423 2552 455 2606 ἦ
489 2552 580 2599 καὶ
609 2554 697 2599 νῦν
727 2555 931 2621 πρῶτον
962 2546 1011 2600 ἐν
1041 2556 1103 2620 τῇ
1147 2552 1447 2620 κατηχήσει
1476 2555 1567 2601 τοῦ
1591 2547 1743 2620 λόγου
1773 2556 1851 2607 τῆς

2030 2550 2120 2615 nt,
2173 2552 2279 2604 aut
2317 2547 2499 2604 etiam
2534 2564 2699 2604 nunc
2745 2548 3011 2620 primum
3064 2548 3143 2605 ad
3193 2549 3631 2609 institutionem

255 2637 501 2698 ἀληθείας
530 2634 913 2709 ἐπιθυμοῦντας
935 2638 1201 2710 μενέσθαι,
1232 2633 1589 2690 διδάσκεσθαι
1617 2641 1728 2712 χρὴ
1770 2640 1856 2695 την

2030 2636 2254 2692 )ctrinae
2304 2637 2569 2693 veritatis
2619 2636 2867 2710 cupiunt
2901 2639 3076 2710 215
3109 2639 3435 2708 ‘accedere,
3462 2640 3503 2696 ii
3529 2640 3631 2698 do-

254 2730 358 2780 ὑπὸ
394 2736 497 2779 τῶν
526 2730 797 2801 μακαρίων
829 2730 1069 2801 Πατέρων
1120 2724 1169 2779 ἐν
1198 2734 1260 2799 τῇ
1308 2728 1444 2779 κατὰ
1489 2728 1713 2779 Νίκαιάν
1742 2744 1855 2779 ποτε

2032 2725 2146 2780 andi
2165 2729 2305 2780 sunt
2326 2725 2611 2797 scriptam
2632 2741 2667 2781 a
2690 2724 2881 2781 beatis
2908 2726 3179 2782 Patribus
3204 2727 3389 2783 ﬁdem
3412 2728 3471 2784 in
3494 2745 3633 2786 con-

258 2816 683 2889 συγκροτηθείσῃ
734 2812 940 2887 συνόδῳ
978 2822 1266 2890 γραφεῖσαν
1299 2820 1508 2872 Πίστιν.
1540 2818 1610 2868 Τὸ
1652 2811 1710 2868 δὲ
1739 2814 1859 2867 αὑτὸ

2034 2814 2107 2870 lio
2139 2812 2283 2869 olim
2328 2813 2535 2869 Nicaeze
2575 2818 2803 2870 coacto.
2836 2817 2958 2871 Hoc
2992 2814 3195 2887 ipsum
3228 2820 3429 2872 autem
3458 2817 3635 2874 fuerit

255 2912 409 2959 τοῦτο
437 2908 715 2978 χρήσιμον
754 2902 814 2955 ἂν
855 2907 930 2962 εἴη
982 2908 1072 2956 καὶ
1115 2907 1247 2977 πρὸς
1292 2907 1412 2967 τοὺς
1466 2905 1856 2976 ὑπόνοονμένους

2034 2904 2113 2962 :ile
2143 2905 2321 2961 etiam
2346 2904 2636 2961 adversus
2666 2920 2792 2974 eos,
2826 2921 2980 2977 quos
3011 2906 3276 2977 suspicio
3306 2911 3394 2963 est
3423 2907 3635 2964 doctri-

258 2994 498 3053 έναντίως
529 2996 671 3064 ἔχειν
698 3000 759 3065 τῇ
793 2993 1103 3066 ὑγιαινούσῃ
1139 2988 1486 3065 διδασκαλίᾳ,
1518 2996 1607 3045 καὶ
1640 2993 1859 3045 συσκιά-

2036 3014 2066 3048 e
2100 3009 2261 3050 sanae
2294 2993 2624 3061 adversari,
2652 2994 2876 3066 quique
2917 2994 3209 3066 speciosis
3250 2995 3373 3050 suis
3403 2994 3637 3067 effugiis

259 3086 448 3145 ζοντας
480 3082 675 3134 ἑαυτῶν
721 3080 1013 3155 ἀποφυγαῖς
1046 3082 1403 3154 εὐπροσώποις
1434 3085 1492 3134 τὸ
1524 3090 1618 3143 τῆς
1648 3078 1860 3134 κακοδο-

2046 3098 2227 3138 nsum
2257 3081 2558 3154 opinionis
2590 3097 2792 3154 pravae
2824 3086 3173 3152 contegunt.
3202 3086 3349 3138 Nam
3370 3082 3465 3138 his
3491 3099 3642 3157 quo-

261 3174 376 3236 ξίας
404 3175 667 3245 φρόνημα.
712 3175 813 3225 Καὶ
843 3173 945 3245 γὰρ
976 3176 1066 3224 καὶ
1110 3173 1309 3232 τούτοις
1338 3173 1605 3246 αὑτάρκης
1634 3172 1663 3230 ἡ
1702 3170 1862 3243 ἐγκει-

2042 3189 2097 3228 ie
2130 3170 2346 3227 sufﬁcit
2372 3171 2502 3227 haec
2531 3171 2667 3243 ipsa
2695 3170 2867 3229 ﬁdes.
2899 3171 3001 3227 Vel
3031 3172 3191 3227 enim
3222 3174 3643 3231 emendabunt

264 3267 389 3335 μένη
422 3266 630 3321 Πίστις.
666 3258 729 3313 Ἦ
768 3262 870 3334 γὰρ
925 3256 1307 3334 διορθώσαιντο
1346 3259 1539 3313 ἑαυτῶν
1584 3264 1677 3318 τὴν
1712 3258 1760 3311 ἐν
1799 3266 1865 3331 τῷ

2039 3277 2159 3316 tum
2182 3260 2453 3332 ipsorum
2481 3260 2782 3316 occultum
2805 3260 3119 3317 morbum:
3145 3267 3248 3319 aut
3278 3278 3416 3319 eum
3436 3264 3497 3319 in
3518 3264 3640 3320 imo

266 3358 479 3425 κρυπτῷ
522 3354 697 3401 νόσον·
746 3349 775 3408 ἦ
814 3348 1266 3421 συγκαλύπτοντες
1297 3349 1460 3407 αὐτὴν
1500 3347 1547 3400 ἄν
1578 3357 1650 3420 τῷ
1696 3348 1867 3421 βρίθει¹

2039 3350 2371 3420 :cultantes,
2406 3349 2521 3421 ipsi
2553 3349 2800 3422 quidem
2832 3350 3064 3406 fraudis
3090 3351 3387 3422 judicium
3428 3352 3640 3423 ferent,

265 3440 414 3492 αὐτοὶ
442 3441 533 3511 μὲν
557 3442 616 3491 τὸ
644 3444 808 3512 κρῖμα
838 3447 929 3499 τῆς
960 3437 1166 3501 ἀπάτης
1193 3438 1564 3513 βαστάσουσιν
1591 3440 1724 3508 (49),
1748 3440 1866 3510 ἡμῖν

2039 3439 2156 3495 )bis
2186 3454 2331 3494 vero
2363 3437 2601 3494 facilem
2630 3438 2693 3494 in
2724 3438 2820 3494 die
2846 3439 3057 3510 judicii
3088 3440 3501 3499 defensionem
3533 3458 3640 3514 pa-

270 3525 330 3581 3':
357 3533 449 3586 τὴν
476 3526 755 3600 ἀπολογίαν
785 3530 982 3601 κούφην
1013 3529 1061 3580 ἐν
1092 3536 1153 3601 τῇ
1187 3530 1357 3604 ἡμέρᾳ
1400 3535 1495 3589 τῆς
1534 3531 1757 3603 κρίσεως
1779 3548 1871 3580 πα-

2039 3528 2225 3599 ὼιιῐιῐ,
2266 3544 2404 3583 cum
2435 3526 2725 3583 revelabit
2756 3528 3050 3584 Dominus
3084 3529 3446 3587 abscondita
3475 3535 3640 3588 tene-

271 3620 708 3691 ρασκενάσουσιν,
742 3618 826 3670 ὅτε
873 3616 1197 3689 ἀποκαλύψει
1245 3619 1271 3670 ὁ
1312 3620 1502 3693 Κύριος
1550 3620 1616 3670 τὰ
1669 3619 1872 3691 κρυπτά

2038 3634 2232 3674 rarum
2262 3622 2319 3674 et
2347 3616 2664 3690 patefaciet
2694 3618 2947 3674 consilia
2998 3619 3272 3675 cordium
3300 3621 3365 3675 ¹³.
3405 3621 3495 3676 Sic
3533 3620 3639 3677 ita-

272 3714 366 3759 τοῦ
398 3710 633 3773 σκότους,
670 3710 761 3760 καὶ
800 3712 1085 3782 φανερώσει
1122 3709 1213 3769 τὰς
1248 3705 1444 3780 βουλὰς
1474 3707 1573 3759 τῶν
1617 3703 1873 3781 καρδιῶν,

2043 3722 2101 3763 .ie
2134 3705 2502 3779 suscipiendi
2543 3710 2702 3776 sunt,
2746 3710 2813 3762 ut
2856 3707 3096 3764 credere
3145 3724 3208 3764 se
3246 3708 3644 3766 conﬁteantur

268 3794 563 3869 Λαμϐοίνειν
604 3800 775 3848 τοίνυν
800 3795 1011 3865 ,αὐτοὺς
1061 3795 1436 3869 ὁμολογοῦντας
1478 3801 1754 3868 προσήκει,
1796 3797 1869 3848 ὅτι

2045 3795 2323 3851 :cundum
2348 3794 2533 3851 verba
2563 3811 2599 3851 a
2624 3795 2893 3851 Patribus
2911 3797 3132 3853 nostris
3154 3796 3314 3853 edita
3336 3797 3568 3867 Nicaeae,
3591 3801 3646 3855 et

262 3889 579 3939 πιστεύουσι
606 3888 743 3938 κατά
765 3887 830 3937 τὰ
867 3886 1076 3960 ῥήματα
1104 3887 1171 3938 τὰ
1200 3886 1299 3938 ὑπὸ
1330 3894 1429 3938 τῶν
1461 3888 1699 3959 Πατίρων
1730 3887 1863 3957 ημῶι

2045 3885 2321 3942 :cundum
2362 3902 2575 3941 sanam
2606 3885 2697 3941 his
2736 3886 2930 3942 verbis
2972 3887 3373 3957 signiﬁcatam
3413 3893 3646 3944 senten-

267 3974 530 4027 ὲιτεθέντα
560 3973 610 4026 ἓν
755 3979 953 4047 Νικαίᾳ
996 3978 1085 4027 καὶ
1124 3976 1261 4028 κατά
1298 3979 1392 4033 τὴν
1423 3975 1582 4047 ὑγιῶς
1628 3976 1727 4027 ὑπὸ
1777 3982 1868 4026 τῶν

2045 3992 2152 4031 1m.
2202 3977 2349 4032 Sunt
2399 3975 2558 4030 enim
2614 3975 2906 4045 nonnulli,
2940 3976 3045 4049 qui
3073 3976 3136 4031 in
3174 3977 3289 4032 hac
3321 3977 3503 4033 etiam
3528 3976 3646 4033 ﬁde

262 4066 509 4139 ῥημάτων
539 4065 733 4117 τούτων
763 4062 1137 4137 ἐμφαινομένην
1183 4058 1453 4120 διάνοιαν.)
1483 4064 1603 4117 Εἰσὶ
1624 4067 1723 4140 γὰρ
1750 4083 1863 4116 τινε‹

2044 4064 2327 4120 )ctrinam
2358 4063 2622 4119 veritatis
2653 4063 3005 4137 depravent,
3047 4070 3103 4121 et
3132 4065 3289 4121 illius
3319 4066 3645 4122 verborum

263 4157 311 4207 οἱ
354 4158 444 4206 καὶ
491 4152 539 4205 ἐν
591 4156 754 4226 ταύτῃ
806 4161 868 4227 τῇ
917 4158 1101 4207 Πίστει
1147 4150 1419 4215 δολοῦντες
1457 4156 1543 4206 τὸν
1595 4153 1745 4225 λόγον
1783 4161 1864 4212 τῆ‹

2044 4169 2238 4208 ensum
2266 4152 2341 4207 ad
2368 4168 2547 4207 suum
2579 4152 2849 4225 ipsorum
2885 4152 3201 4209 arbitrium
3228 4153 3645 4226 detorqueant.

266 4242 533 4308 ἀληθείας,
567 4247 658 4295 καὶ
686 4245 818 4318 πρὸς
844 4246 899 4295 τὸ
933 4242 1125 4296 ἑαυτῶν
1158 4241 1406 4316 βούλημα
1432 4245 1519 4295 τόν
1548 4250 1664 4295 νοῦν
1694 4250 1794 4295 τῶν
1828 4241 1867 4294 ἐν

2052 4241 2299 4315 quidem
2333 4257 2520 4297 ausus
2562 4245 2649 4297 est
2690 4246 2747 4297 et
2777 4241 3105 4311 Marcellus,
3155 4259 3291 4298 cum
3323 4242 3385 4298 in
3417 4243 3652 4299 Domini

266 4332 395 4405 αὐτῇ
423 4332 677 4405 ῥημάτων
706 4332 952 4394 ἕλκοντες.
998 4332 1167 4384 Ὀπου
1200 4352 1259 4404 γε
1288 4337 1377 4385 καὶ
1406 4331 1702 4406 Μάρκελλος
1735 4330 1867 4384 ἐτόλ-

2047 4331 2179 4387 )stri
2233 4332 2375 4387 Jesu
2436 4330 2647 4387 Christi
2710 4330 3096 4403 hypostasim
3161 4336 3319 4387 esset
3384 4331 3648 4409 impius,

265 4442 431 4495 μησεν
462 4420 666 4474 ἀσεϐῶν
693 4421 760 4483 εἰς
797 4426 893 4480 τὴν
931 4424 1225 4475 ὑπόστασιν
1251 4430 1342 4474 τοῦ
1372 4424 1567 4497 Κυρίού
1599 4423 1748 4494 ἡμῶν
1770 4420 1866 4480 Ἰη·

2135 4436 2313 4493 mque
2340 4419 2575 4476 nudum
2604 4419 2861 4475 verbum
2889 4435 3021 4476 esse
3049 4424 3351 4486 statueret,
3380 4419 3520 4475 inde
3552 4436 3654 4476 an-

270 4519 366 4563 σοῦ
399 4518 663 4583 Χριστοῦ,
695 4515 783 4563 καὶ
812 4510 965 4582 ψιλὸν
999 4511 1154 4564 αὑτὸν
1193 4510 1531 4584 ἐξηγούμενος
1560 4510 1728 4583 λόγον,
1757 4509 1871 4563 ἐκεῖ·

2052 4526 2124 4566 .m
2154 4509 2587 4583 principiorum
2622 4508 2905 4581 arripere,
2955 4510 3486 4565 consubstantialis
3538 4524 3653 4565 no—

270 4602 352 4653 θεν
403 4601 850 4674 προφασίσασθαι
895 4600 1003 4672 (50)
1059 4602 1149 4661 τὰς
1216 4599 1386 4675 ἀρχὰς
1448 4599 1725 4672 εἰληφέναι,
1789 4608 1871 4652 τοι]

2052 4615 2216 4655 )nem
2250 4599 2408 4655 male
2436 4614 2776 4671 exponens.
2816 4601 2881 4654 Et
2916 4597 3191 4654 nonnulli
3219 4597 3298 4654 ab
3329 4597 3519 4671 impia
3545 4597 3653 4654 Sa-

267 4690 557 4763 ὀμοουσίου
590 4694 686 4747 τὴν
734 4686 969 4743 διάνοιαν
1016 4697 1187 4752 κακῶς
1227 4689 1584 4763 ἐξηγούμενος.
1620 4694 1721 4743 Καὶ
1750 4708 1868 4742 τινες

2057 4688 2151 4745 :llii
2187 4688 2495 4762 Libyensis
2527 4688 2791 4759 haeresis,
2822 4688 3196 4761 hypostasim
3242 4692 3300 4745 et
3337 4688 3658 4745 essentiam

341 4816 387 4850 ‘3
428 4816 451 4869 Ι
492 4816 635 4871 Cor.
667 4830 745 4882 xv,
780 4820 829 4871 5.

337 4938 457 5010 (46)
497 4942 569 5012 Τὸ
600 4942 693 5011 ζῇν
722 4943 811 4992 καὶ
841 4942 1075 5012 φευκτόν.
1112 4938 1263 5012 satis
1295 4941 1469 5012 acute
1502 4937 1564 5012 in
1596 4936 1875 5012 eamdem

2062 4938 2172 5010 (48)
2208 4937 2551 5012 ξΛγιωτιὶτου.
2580 4941 2666 4993 Ita
2691 4936 2843 5012 _Med.
2888 4940 2952 5012 et
2983 4936 3163 5012 Cois].
3213 4941 3489 5012 uterque,
3522 4936 3654 5012 Yat.

265 5007 644 5067 sententiam"
665 5007 984 5080 Gregorius
1007 5013 1141 5082 Naz.
1166 5010 1226 5065 in
1259 5010 1431 5082 epist.
1453 5014 1519 5082 7.3
1537 5009 1603 5082 in
1627 5009 1881 5065 manda-
1994 5014 2051 5064 et
2073 5007 2296 5082 Regius
2328 5009 2652 5082 secundus.
2690 5010 2815 5082 Duo
2857 5007 2955 5082 alii
3000 5007 3387 5082 aytou.__Editi‘
3409 5007 3658 5081 μεγάλου.

265 5083 338 5137 tis
357 5082 469 5137 dat
488 5079 841 5149 Amazonio,
866 5086 929 5137 ut
953 5081 1153 5153 siquis
1180 5079 1549 5153 qutérat,ubi
1572 5082 1884 5153 nunc_Gre_-
1996 5082 2165 5137 Deest
2197 5081 2476 5141 ἑπισκοπος
2510 5081 2569 5135 in
2598 5080 2756 5136 Harl.
2788 5083 2845 5135 et
2870 5079 3114 5136 duobus
3146 5080 3299 5136 aliis.

266 5154 500 5232 gorius,
523 5157 583 5208 et
602 5153 751 5232 quid
772 5147 973 5232 rerum
996 5147 1158 5232 agat,
1179 5147 1545 5232 respondere
1569 5166 1690 5232 non
1714 5150 1885 5232 dubi:
2000 5228 2009 5232 _
2063 5153 2176 5232 (ﬁt?)
2212 5153 2598 5232 Βαστάσουσιν.
2634 5156 2718 5206 Ita
2749 5167 2899 5232 mss.
2932 5157 3186 5222 septem,
3220 5167 3289 5232 ac
3312 5147 3495 5232 paulo
3515 5151 3662 5232 post

264 5219 345 5280 fet
369 5219 742 5296 eumiquiete
763 5228 821 5278 et
841 5219 1617 5296 tranquillephilosophari.
1639 5224 1810 5296 Quod
1835 5223 1884 5277 si
1996 5219 2241 5279 totidem
2262 5224 2777 5296 παρασκευάσουσιν.
2810 5219 3068 5295 Utraque
3085 5238 3199 5277 vox
3221 5221 3281 5276 in
3312 5219 3483 5276 editis
3512 5219 3661 5273 tem-

261 5311 478 5367 rursus
509 5293 676 5350 idem
704 5298 893 5366 roget,
917 5293 1229 5367 quomodo
1251 5293 1717 5367 disjunctionem
1736 5294 1889 5367 ferat
1995 5310 2139 5367 pore
2171 5293 2446 5367 priesenti
2479 5310 2788 5365 expressa.

265 5361 913 5440 amicorum,no_njam
931 5361 1561 5440 fidenterrespondeat
1582 5365 1885 5440 e_un_1__phi-
1995 5361 2011 5367 ’
2064 5361 2674 5440 (ὄῼῘΠροφαο-ίσασθαι.
2712 5364 2889 5422 Coisl.
2944 5361 3247 5420 secundus
3292 5364 3345 5416 et
3392 5362 3536 5431 Reg.
3574 5376 3662 5417 se-

268 5437 608 5512 losophari,
637 5436 744 5492 sed
772 5436 978 5512 animo
1004 5452 1134 5493 esse
1165 5435 1502 5512 admodum
1527 5435 1798 5512 imbelli:

1110 5452 1134 5493 e
1165 5435 1502 5512 admodum
1527 5435 1798 5512 imbelli;
1996 5437 2231 5512 cundus
2260 5435 2711 5512 προφασίζεσθαι.

310 5507 451 5586 ⁸(4⁸η
495 5512 921 5586 Κεχωρισμένον.
956 5511 1041 5565 Ita
1069 5524 1220 5564 mss.
1255 5507 1444 5564 Editio
1476 5507 1744 5564 secunda
1775 5511 1886 5564 Pa-

1588 5507 1744 5564 unda
1775 5511 1886 5564 Pa-
2066 5508 2083 5529 ‘
2121 5508 2281 5566 Alias
2301 5507 2578 5565 LXXVIII.
2612 5508 2842 5581 Scripta
2872 5521 3032 5565 anno
3064 5508 3189 5561 373.

276 5583 367 5633 ris.
390 5583 818 5653 κεχωρισμένος.
