4054 6204
412 237 515 293 547

1761 225 1796 281 8
1811 267 1825 282 .
1870 219 2124 278 BASILII
2171 217 2417 277 MAGNI.

3664 223 3766 278 548

411 357 575 416 idem
596 371 725 414 esse
749 352 881 421 rati,
905 367 1120 409 ansam
1146 350 1285 408 inde
1307 350 1550 408 trahunt
1567 350 1646 408 ad
1669 346 2061 421 blasphemiae

2182 352 2269 397 τῶν
2301 343 2400 398 ἀπὸ
2426 354 2520 408 τῆς
2553 343 2864 407 δυσσεϐείας
2909 351 3000 398 τοῦ
3051 343 3244 405 Λίϐυος
3275 343 3566 416 Σαϐελλίου,
3599 346 3775 398 ὑπόσ-

413 466 539 506 suee
571 444 1006 512 defensionem,
1037 441 1203 514 quod
1241 443 1324 498 ita
1354 441 1416 498 in
1459 442 1580 497 ﬁde
1619 442 1906 513 scriptum
1949 437 2059 492 sit:

411 539 480 595 Si
502 553 640 594 vero
661 535 959 607 quispiam
981 532 1204 588 dixerit
1228 538 1282 588 et
1306 532 1432 588 alia
1450 534 1733 588 esssentia
1753 535 1857 586 aut
1881 528 2063 598 hypo—

413 629 564 684 slasi
581 626 800 682 Filium
832 638 970 690 esse,
1003 638 1132 678 eum
1164 621 1548 677 anathemate
1572 621 1718 691 ferit
1751 618 2064 676 Catholica

415 723 470 775 et
500 716 846 786 Apostolica
870 712 1163 769 Ecclesia.
1205 713 1331 767 Non
1377 710 1533 765 enim
1580 710 1742 765 idem
1789 709 2067 764 dixerunt

413 805 531 863 illic
571 802 896 860 essentiam
935 804 991 856 et
1035 799 1436 872 hypostasim.
1487 800 1717 854 Etenim
1752 799 1804 854 si
1850 813 1972 852 una
2010 799 2068 852 et

415 894 628 951 eadem
682 891 844 947 notio
901 889 1173 958 subjecta
1215 888 1490 956 vocibus,
1542 888 1688 960 quid
1737 904 1892 960 opus
1941 889 2068 943 erat

415 983 718 1054 utraque?
769 978 882 1036 Sed
913 978 1300 1050 perspicuum
1349 982 1456 1044 est,
1499 978 1630 1034 aliis
1670 978 1917 1050 quidem
1963 976 2066 1047 (Fi-

414 1073 578 1134 lium)
605 1087 676 1127 ex
696 1069 882 1127 Patris
911 1069 1169 1125 essentia
1197 1083 1328 1124 esse
1357 1067 1739 1138 negantibus,
1768 1067 1898 1124 aliis
1925 1083 2066 1123 vero

412 1177 608 1234 neque
638 1176 711 1216 ex
739 1159 1003 1215 essentia
1031 1172 1184 1226 esse,
1215 1156 1322 1212 sed
1352 1172 1425 1212 ex
1469 1157 1673 1229 aliqua
1719 1157 1837 1213 alia
1878 1158 2069 1229 hypo-

415 1249 561 1304 stasi
591 1246 955 1313 dicentibus,
985 1244 1120 1300 illos
1168 1244 1250 1300 ita
1293 1243 1542 1299 demum
1587 1249 1906 1317 utramque
1945 1243 2070 1315 opi-

413 1339 658 1395 nionem
685 1342 976 1408 tanquam
1003 1351 1040 1390 a
1069 1333 1364 1389 sententia
1389 1333 1788 1390 ecclesiastica
1809 1334 2068 1390 alienam

415 1429 712 1501 rejecisse.
769 1429 917 1481 Nam
971 1424 1074 1480 ubi
1127 1439 1300 1478 suam
1358 1424 1630 1496 ipsorum
1679 1425 2071 1482 declarabant

417 1515 796 1582 sententiam,
821 1514 1100 1570 dixerunt
1120 1529 1192 1570 ex
1213 1513 1469 1570 essentia
1488 1514 1672 1570 Patris
1697 1514 1926 1581 Filium,
1946 1530 2070 1572 non

417 1606 677 1679 amplius
707 1603 1056 1675 adjicientes
1095 1602 1259 1672 illud,
1305 1618 1380 1659 ex
1409 1604 1736 1673 hypostasi.
1784 1605 1978 1670 Quare
2007 1604 2069 1660 il-

2169 453 2323 486 τασιν
2348 440 2438 488 καὶ
2468 435 2650 488 οὐσίαν
2686 439 2872 488 ταυτὸν
2902 436 3031 488 εἶναι
3077 433 3540 506 ὑπολαμϐάνοντες,
3584 433 3778 486 ἐκεῖθεν

2171 522 2378 576 ἕλκουσι
2410 527 2503 587 τάς
2532 525 2770 598 ἀφορμὰς
2811 529 2942 600 πρὸς
2970 529 3064 583 τὴν
3093 527 3413 581 κατασκευὴν
3453 532 3547 584 τῆς
3578 523 3776 576 ἑαυτῶν

2175 610 2535 686 βλασφημίας,
2570 613 2625 666 ἐκ
2670 622 2762 666 τοῦ
2793 613 3143 687 ἐγγεγράφθαι
3190 622 3250 686 τῇ
3305 617 3506 675 Πίστει,
3543 614 3623 665 ὅτι
3655 613 3776 666 Ἐὰν

2174 697 2234 755 δέ
2270 721 2351 764 τις
2388 702 2509 776 λέγη
2535 704 2648 770 (51)
2698 703 2752 767 ἐξ
2790 703 2960 778 ἐτέρας
3007 703 3191 764 οὐσίας
3234 704 3263 762 ἦ
3305 704 3641 762 ὑποστάσεως
3684 706 3776 754 τόν

2173 793 2310 862 Υἱὸν,
2355 791 2722 866 ἀναθεματίζει
2764 795 2793 851 ἡ
2841 792 3100 850 Καθολική
3147 796 3237 844 καὶ
3270 791 3616 849 Ἀποστολικὴ
3653 791 3778 845 Ἐκ-

2173 879 2390 940 κλησία.
2444 883 2519 934 Οὐ
2575 885 2677 957 γὰρ
2726 886 2912 936 ταυτὸν
2966 883 3102 934 εἶπον
3157 880 3261 936 ἐκεῖ
3287 883 3398 952 (5'2)
3451 881 3635 934 οῦσίαν
3684 887 3812 944 καὶ]

2174 973 2486 1027 ὑπόστασιν.
2521 973 2580 1026 Εἰ
2607 975 2706 1046 γὰρ
2739 978 2862 1045 μίαν
2903 977 2990 1024 καὶ
3017 977 3109 1030 τὴν
3141 972 3301 1030 αὐτὴν
3331 968 3548 1030 ἐδήλουν
3579 975 3778 1024 ἔννοιαν

2175 1063 2232 1113 αἱ
2262 1067 2442 1133 φωναὶ,
2476 1067 2552 1123 τίς
2581 1069 2740 1137 χρεία
2769 1060 2830 1120 ἦν
2862 1063 3111 1136 ἑκατέρων
3135 1079 3147 1128 ;
3194 1061 3350 1114 Ἀλλά
3374 1059 3552 1127 δῆλον,
3583 1065 3681 1130 ὅτι,
3708 1065 3780 1124 ὡς

2175 1158 2276 1202 τῶν
2301 1155 2390 1223 μὲν
2421 1150 2740 1226 ἀρνουμένων
2770 1155 2827 1204 τό
2859 1151 2913 1203 ἐκ
2944 1160 3032 1212 τῆς
3063 1152 3243 1212 οὐσίας
3273 1153 3399 1204 εἶναι
3424 1159 3515 1203 τοῦ
3546 1156 3776 1227 Πατρός,

2176 1249 2275 1291 τῶν
2309 1236 2366 1292 δὲ
2395 1240 2664 1312 λεγόντων,
2698 1245 2814 1294 οὔτε
2843 1240 2897 1292 ἐκ
2928 1251 3023 1302 τῆς
3051 1241 3234 1300 οὐσίας
3266 1241 3376 1306 (53)
3403 1239 3506 1291 ἀλλ’
3536 1239 3588 1304 ἐξ
3617 1241 3781 1302 ᾱῦςλης

2177 1333 2318 1390 τινός
2356 1332 2710 1400 ὑποστάσεως,
2765 1331 2930 1393 οὕτως
2961 1329 3246 1405 ἀμφότερα,
3287 1334 3356 1391 ὡς
3395 1329 3638 1403 ἀλλότρια
3683 1337 3778 1382 τοῦ

2179 1418 2619 1478 ἐκκλησιαστικοῦ
2652 1425 2993 1494 φρονήματος,
3038 1419 3423 1494 ἀπηγόρευσαν.
3463 1419 3604 1473 Ἐπεὶ
3646 1422 3778 1473 ὅπου

2177 1528 2237 1581 γε
2266 1513 2323 1562 τὸ
2361 1509 2552 1580 ἑαυτῶν
2593 1507 2810 1568 ἐδηλουν
2859 1507 3310 1583 φρόνημα,,εἷπον
3359 1508 3413 1562 ἐκ
3457 1517 3552 1570 τῆς
3593 1509 3782 1570 οὐσίας

2177 1606 2270 1651 τοῦ
2305 1603 2506 1674 Πατρός
2532 1603 2615 1651 τόν
2641 1601 2777 1652 Υίόν·
2812 1599 2982 1651 οῦκέτι
3024 1601 3328 1674 προσθέντες
3357 1603 3445 1650 καὶ
3476 1602 3555 1664 τὸ,
3589 1598 3644 1650 ἐκ
3684 1608 3781 1660 τῆς

413 1696 521 1754 Iud
550 1694 800 1768 quidem
839 1693 917 1750 ad
950 1693 1321 1749 eversionem
1353 1693 1616 1765 positum
1649 1698 1736 1750 est
1764 1694 2065 1767 nequioris

2182 1689 2536 1749 ὑποστάσεως.
2578 1687 2738 1740 Ὠστε
2778 1687 2935 1740 ἐκεῖνο
2983 1691 3072 1761 μὲν
3112 1687 3187 1739 ἐπ’
3217 1686 3459 1746 ἀθετήσει
3487 1695 3656 1740 κεῖται
3686 1696 3780 1739 τοῦ

417 1785 723 1842 sententiae
744 1802 757 1854 ;
781 1782 894 1838 hoc
925 1798 1067 1838 vero
1093 1781 1562 1838 declarationem
1585 1782 1767 1839 habet
1793 1783 2069 1841 salutaris

417 1872 744 1945 dogmatis.
799 1871 1216 1927 Conﬁtendum
1251 1871 1429 1943 igitur
1459 1877 1547 1928 est
1589 1872 2069 1931 consubstantia-

415 1963 534 2019 lem
565 1977 695 2018 esse
738 1961 900 2018 Patri
938 1960 1170 2030 Filium,
1219 1961 1743 2032 quemadmodum
1783 1962 2070 2034 scriptum

416 2057 522 2110 est.
557 2051 981 2109 Conﬁtendum
1015 2050 1215 2118 etiam,
1247 2050 1303 2105 in
1341 2051 1587 2123 propria
1615 2050 1929 2124 hypostasi
1969 2056 2071 2110 Pa-

415 2145 567 2198 trem
597 2157 751 2209 esse,
781 2140 845 2197 in
873 2139 1118 2212 propria
1149 2138 1378 2207 Filium,
1406 2139 1467 2194 in
1498 2140 1744 2212 propria
1789 2141 2069 2214 Spiritum

418 2235 716 2299 sanctum,
747 2227 1268 2301 quemadmodum
1299 2231 1355 2283 et
1382 2228 1500 2300 ipsi
1540 2229 1851 2286 manifeste
1891 2247 2070 2304 expo-

419 2323 687 2375 suerunt.
721 2317 896 2373 Plene
921 2316 1081 2373 enim
1108 2322 1165 2373 et
1193 2317 1352 2374 clare
1381 2317 1794 2385 ostenderunt,
1812 2320 2069 2378 dicendo

420 2410 620 2466 lumen
650 2408 724 2463 de
748 2408 994 2473 lumine,
1028 2405 1191 2463 aliud
1221 2407 1467 2478 quidem
1498 2424 1634 2464 esse
1672 2408 1879 2466 lumen
1904 2411 2071 2484 quod

415 2497 643 2569 genuit,
667 2496 833 2554 aliud
861 2511 1003 2553 vero
1033 2495 1201 2569 quod
1227 2498 1494 2567 genitum
1513 2501 1622 2566 est,
1644 2489 1850 2556 lumen
1868 2505 2070 2557 tamen

412 2593 470 2646 et
497 2587 724 2656 lumen,
757 2587 840 2645 ita
894 2590 960 2642 ut
991 2602 1115 2643 una
1153 2591 1210 2642 et
1245 2586 1460 2643 eadem
1494 2587 1568 2644 sit
1596 2589 1865 2645 essentiae
1894 2591 2068 2651 ratio.

411 2681 806 2752 Apponamus
828 2679 1028 2733 autem
1049 2676 1180 2747 jam
1201 2680 1259 2733 et
1287 2675 1506 2749 ipsam,
1535 2692 1671 2750 quas
1696 2678 1904 2736 Nicaea:
1928 2695 2068 2736 con-

410 2767 635 2841 scripta
661 2770 769 2836 est,
795 2765 1002 2823 ﬁdem.

475 2931 531 2982 2.
575 2927 890 2986 Credimus
941 2927 1004 2983 in
1061 2943 1246 2983 unum
1286 2928 1471 2983 Deum
1521 2928 1749 2984 Patrem
1799 2931 2064 2999 omnipo-

2179 1785 2407 1852 πονηροῦ
2438 1782 2786 1852 φρονήματος·
2829 1786 2982 1830 τοῦτο
3014 1774 3072 1830 δὲ
3101 1782 3384 1851 φανέρωσιν
3411 1780 3522 1850 ἔχει
3550 1785 3640 1830 τοῦ
3668 1797 3781 1830 σω-

2179 1873 2363 1942 τηρίου
2409 1863 2692 1939 δόγματος.
2738 1873 2822 1920 Δεῖ
2857 1872 3030 1919 τοίνυν
3076 1867 3339 1939 ὁμολογεῖν
3382 1869 3659 1939 ὁμοοῦσιον
3692 1871 3778 1919 τόν

2180 1959 2298 2010 Υίόν
2327 1965 2397 2027 τῷ
2430 1962 2618 2030 Πατρὶ,
2644 1959 2817 2019 καθὼς
2845 1962 3154 2030 γέγραπται·
3189 1957 3453 2030 ὁμολογεῖν
3494 1953 3552 2009 δε
3579 1957 3629 2008 ἐν
3662 1953 3782 2030 ἰδίᾳ

2179 2049 2267 2120 μὲν
2307 2048 2596 2100 ὑποστάσει
2626 2051 2711 2099 τόν
2746 2052 2970 2120 Πατέρα,
3004 2045 3052 2098 ἓν
3085 2043 3199 2118 ἰδία
3229 2043 3288 2099 δε
3317 2051 3402 2100 τὸν
3435 2050 3576 2116 Υὶὸν,
3606 2052 3698 2098 καὶ
3731 2048 3779 2099 ἐν

2181 2133 2296 2208 ἰδία
2324 2139 2381 2188 τό
2415 2143 2622 2208 Πνεῦμα
2658 2140 2716 2189 τὸ
2760 2137 2930 2208 ἅγιον,
2970 2137 3108 2188 καθὰ
3153 2141 3242 2189 καὶ
3273 2136 3422 2189 αὐτοὶ
3464 2143 3636 2208 σαφῶς

2180 2220 2556 2279 ἐκδεδωκασιν.
2587 2225 2865 2298 Αὖτάρκως
2884 2228 2985 2299 γάρ
3012 2230 3100 2277 καὶ
3127 2234 3300 2298 σαφῶς
3461 2221 3779 2287 ἐνεδείξαντο

2180 2312 2424 2382 εἰπόντες,
2475 2321 2580 2385 φῶς
2623 2313 2679 2366 ἐκ
2727 2317 2912 2386 φωτὸς,
2965 2316 3044 2367 ὅτι
3083 2315 3251 2387 ἕτερον
3299 2318 3388 2387 μεν
3426 2319 3484 2367 τό
3525 2323 3779 2386 γεννῆσαν

2179 2411 2302 2474 φῶς,
2337 2403 2503 2478 ἕτερον
2535 2399 2593 2456 δὲ
2631 2406 2687 2457 τό
2725 2406 2982 2476 γεννηθὲν,
3017 2412 3119 2475 φῶς
3152 2409 3326 2475 μέντοι
3368 2408 3458 2456 καὶ
3486 2413 3609 2477 φῶς·
3643 2408 3782 2458 ὥστε

2177 2492 2264 2544 ἕνα
2292 2496 2487 2545 καὶτὸν
2517 2492 2672 2546 αὐτὸν
2704 2489 2830 2546 εἶναι
2857 2497 2942 2546 τόν
2965 2501 3055 2554 τῆς
3085 2494 3268 2556 οὐσίας
3292 2493 3463 2564 λόγον.
3491 2494 3782 2565 Ἐγκείσθω

2179 2576 2246 2640 δὴ
2289 2584 2412 2654 ἡμῖν
2443 2586 2532 2636 καὶ
2562 2582 2691 2641 αὐτὴ
2738 2585 2768 2640 ἡ
2812 2587 2995 2644 Πίστις
3036 2584 3065 2642 ἡ
3098 2585 3235 2636 κατά
3275 2588 3499 2637 Νίκαιαν
3545 2603 3785 2660 συγγρα-

2177 2689 2348 2742 φεισα.

2244 2930 2297 2983 2.
2340 2928 2655 2999 Πιστεῦόμεν
2700 2926 2770 2990 εἰς
2809 2928 2896 2981 ἕνα
2941 2929 3069 2982 Θεὸν
3110 2931 3315 3001 Πατέρα
3355 2929 3777 3002 παντοκράτορα,

409 3024 648 3086 tentem,
674 3019 936 3073 omnium
973 3023 1094 3074 tam
1122 3017 1447 3074 visibilium
1473 3033 1650 3089 quam
1677 3020 2064 3078 invisibilium

2182 3017 2373 3069 πάντων
2407 3016 2602 3089 ὁρατῶν
2651 3035 2704 3069 τε
2751 3022 2841 3069 καὶ
2884 3016 3115 3092 ἀοράτων
3161 3022 3407 3076 ποιητήν,
3453 3023 3554 3070 Καὶ
3595 3017 3661 3078 εἰς
3693 3018 3781 3071 ἕνα

405 3109 726 3180 factorem.
757 3107 836 3162 Et
870 3107 930 3162 in
958 3123 1141 3163 unum
1174 3107 1493 3162 Dominum
1524 3110 1724 3164 Jesum
1759 3108 2064 3166 Christum

407 3197 636 3253 Filium
657 3196 780 3266 Dei,
800 3196 1069 3266 genitum
1099 3211 1174 3250 ex
1195 3196 1382 3252 Patre
1414 3197 1930 3266 Unigenitum,hoc
1961 3202 2063 3268 est,

412 3302 486 3342 ea:
517 3287 767 3341 essentia
794 3286 1020 3340 Patris.
1053 3287 1242 3340 Deum
1274 3285 1346 3340 de
1375 3286 1514 3348 Deo,
1547 3286 1747 3342 lumen
1783 3288 1855 3343 de
1888 3289 2064 3361 216

414 3376 661 3443 lumine,
694 3375 881 3429 Deum
915 3389 1119 3429 verum
1152 3375 1224 3429 de
1253 3375 1372 3430 Deo
1399 3389 1570 3430 vero:
1618 3377 1910 3447 genitum,
1945 3394 2066 3435 non

408 3465 643 3533 factum
669 3479 682 3529 ;
717 3461 1289 3517 consubstantialem
1316 3462 1513 3531 Patri,
1542 3477 1652 3531 per
1671 3480 1842 3536 quem
1869 3469 2066 3525 omnia

410 3553 582 3622 facta
609 3555 770 3618 sunt,
823 3555 946 3605 tum
977 3565 1111 3622 quea
1141 3551 1202 3604 in
1237 3551 1404 3619 caelo,
1447 3557 1571 3606 tum
1598 3568 1733 3623 qum
1771 3554 1834 3609 in
1866 3559 2058 3612 terra.

415 3641 531 3711 Qui
551 3645 805 3712 propter
833 3656 935 3696 nos
965 3640 1229 3696 homines
1261 3645 1314 3696 et
1344 3646 1588 3712 propter
1617 3648 1878 3700 nostram
1907 3645 2066 3700 salu-

411 3736 524 3788 tem
554 3729 872 3798 descendit,
899 3735 953 3787 et
983 3731 1338 3785 incarnatus
1362 3731 1682 3800 est,factus
1711 3732 1908 3790 homo:
1926 3749 2066 3803 pas-

407 3835 505 3875 sus
533 3825 638 3884 est,
669 3825 724 3876 et
753 3821 1082 3876 resurrexit
1112 3821 1292 3876 tertia
1316 3819 1430 3886 die,
1461 3822 1728 3876 ascendit
1761 3823 1842 3878 ad
1866 3825 2064 3896 certos,

407 3914 694 3964 venturus
725 3908 806 3963 ad
823 3909 1229 3977 judicandum
1279 3910 1433 3965 vivos
1479 3914 1531 3964 et
1567 3916 1848 3967 mortuos.
1893 3913 1970 3968 Et
2002 3915 2065 3970 in

405 3998 700 4066 Spiritum
740 4003 1036 4052 sanctum.
1072 3998 1184 4064 Qui
1214 4003 1411 4053 autem
1464 3997 1696 4064 dicunt,
1749 4002 1905 4058 Erat
1953 4005 2065 4058 ali-

406 4085 668 4156 quando,
705 4085 946 4156 quando
968 4100 1087 4140 non
1104 4091 1256 4154 erat,
1277 4091 1330 4140 et
1362 4090 1683 4156 antequam
1716 4098 2067 4148 nasceretur

405 4190 524 4228 non
549 4179 699 4240 erat,
728 4178 782 4229 et
814 4173 973 4244 quod
1000 4188 1073 4229 ea:
1097 4189 1217 4229 non
1250 4175 1692 4243 exsistentibus,
1721 4177 1924 4246 factus
1957 4187 2060 4246 est,

405 4269 512 4320 aut
544 4263 752 4319 dicunt
776 4278 904 4319 eum
929 4278 1002 4319 ea:
1026 4263 1148 4318 alia
1175 4261 1486 4332 hypostasi
1511 4270 1616 4320 aut
1639 4269 1890 4323 essentia
1921 4285 2058 4342 esse,

407 4358 512 4408 aut
545 4352 911 4423 mutabilem,
955 4357 1062 4408 aut
1112 4349 1489 4407 alterabilem
1526 4353 1637 4408 Dei
1680 4355 1926 4429 Filium,
1971 4374 2064 4414 eos

410 4442 797 4500 anathemate
813 4442 1074 4514 percutit
1115 4440 1434 4498 Catholica
1475 4448 1530 4498 et
1573 4443 1918 4512 Apostolica
1949 4447 2063 4505 Ec-

411 4531 609 4588 clesia.

483 4734 603 4804 (5t),
635 4737 798 4804 Λέγῃ.
833 4732 922 4804 Sic
951 4731 1262 4804 Medicmus
1307 4731 1496 4788 codex
1528 4750 1667 4792 cum
1698 4737 1888 4794 tribus
1911 4740 2060 4798 aliis.

409 4804 563 4861 Harl.
598 4803 762 4871 λέγειέ
792 4803 940 4858 Editi
971 4803 1109 4876 λέξῃ.

476 4876 589 4946 (52)
630 4875 810 4946 Ἐκεῑς,
843 4875 926 4931 lta
953 4875 1182 4946 septem
1215 4892 1357 4932 mss.
1391 4877 1540 4932 Editi
1572 4878 1774 4938 ἐκεῖνοι.

471 4945 584 5019 (53)
622 4951 760 5024 pii-:5
787 4945 840 4998 ἐκ
869 4954 964 5008 τῆς
996 4945 1194 5024 cbo-tas.
1222 4950 1400 5003 Totus
1429 4949 1525 5004 hic
1544 4947 1724 5024 locus
1747 4954 2064 5024 perdifﬁci-

400 5017 511 5080 lis;
535 5017 642 5072 sed
665 5022 1026 5090 tamencum
1042 5018 1364 5090 explanare
1386 5017 1827 5080 conabimur'in
1851 5027 2064 5082 Praefa-

399 5090 581 5169 tione,
621 5087 1138 5169 ubi‘septen‘tiam_
1159 5089 1358 5169 Basilii
1390 5090 1464 5146 de
1493 5092 2066 5169 hypostasicxpen-

400 5158 636 5216 demus.
665 5158 906 5216 Interim
927 5158 1266 5215 observabo
1292 5160 1352 5216 in
1377 5177 1500 5218 uno
1528 5158 1599 5218 ei
1621 5158 1942 5225 codicibus.
1963 5171 2065 5224 Re-

404 5232 536 5302 giis,
587 5247 770 5308 quem
823 5231 965 5308 citat
1021 5229 1438 5308 Qombeﬁsius,
1468 5233 1599 5308 legi
1639 5238 1719 5308 ᾷτι
1759 5238 1811 5303 ἐξ
1861 5240 2060 5308 οὐσίας,

406 5301 541 5375 quae
573 5301 868 5375 scriptura
897 5301 1226 5375 plurimum
1256 5302 1480 5375 arridet
1510 5301 1893 5368 Combeﬁsio.

479 5377 592 5450 (5})
632 5371 832 5450 Σαῖςξνῶς1
854 5371 987 5450 Non
1003 5372 1162 5450 male
1195 5371 1349 5450 Harl.
1385 5378 1442 5428 et
1469 5390 1628 5450 unus
1653 5393 1724 5450 ex
1757 5382 1949 5450 Regiis
1971 5398 2066 5438 co-

411 5445 649 5516 dicibus
683 5442 920 5507 εὖσεϐὡς.
972 5448 1120 5503 Nam
1171 5442 1436 5516 primum
1474 5442 2065 5510 adverbiumvstatim

413 5515 631 5573 iterum
655 5519 911 5575 occurrit
940 5517 1140 5574 minus
1171 5514 1494 5586 Eleganter.

2179 3109 2366 3180 Κύριον
2390 3106 2502 3177 (56)
2537 3106 2740 3165 Ἰησοῦν
2771 3111 3000 3181 Χριστόν
3031 3111 3114 3161 τὸν
3145 3111 3262 3160 Υίὸν
3292 3114 3380 3161 τοῦ
3415 3115 3569 3169 Θεοῦ,
3601 3127 3781 3178 γεννη-

2178 3197 2326 3249 θέντα
2350 3195 2404 3248 ἐκ
2441 3205 2532 3249 τοῦ
2581 3200 2783 3271 Πατρός
2813 3205 3094 3270 Μονογενῆ,
3143 3203 3432 3268 τουτέστιν,
3463 3196 3518 3250 ἐκ
3555 3207 3649 3258 τῆς
3691 3198 3778 3250 οῦ-

2180 3291 2293 3347 σίας
2331 3294 2422 3340 τοῦ
2454 3291 2676 3359 Πατρός·
2718 3292 2846 3342 Θεὸν
2894 3287 2948 3341 ἐκ
2989 3297 3142 3354 Θεοῦ,
3169 3296 3276 3360 φῶς
3322 3287 3378 3340 ἐκ
3427 3291 3607 3359 φωτός,
3646 3290 3781 3341 Θεὸν

2177 3373 2416 3434 ἀληθινόν
2448 3375 2502 3428 ἐκ
2543 3385 2673 3430 Θεοῦ
2714 3376 2978 3436 ἀληθινοῦο
3020 3380 3348 3450 γεννηθέντα,
3381 3377 3440 3431 οῦ
3470 3379 3779 3436 ποιηθέντα·

2177 3468 2453 3539 ὁμοούσιον
2483 3475 2555 3536 τῷ
2588 3472 2778 3542 Πατρὶ,
2813 3464 2886 3521 δι’
2916 3469 2975 3520 οὗ
3007 3470 3073 3521 τά
3096 3469 3266 3521 πάντα
3292 3467 3506 3540 ἐγένετο,
3538 3470 3605 3520 τά
3644 3487 3701 3520 τε
3732 3467 3781 3521 ἓν

2175 3564 2248 3627 τῷ
2287 3556 2486 3630 οὐρανῷ
2514 3561 2603 3609 καὶ
2639 3559 2704 3608 τὰ
2734 3555 2782 3608 ἐν
2977 3565 3037 3629 τῇ
3071 3565 3168 3630 γῇ.
3229 3560 3325 3611 Τὸν
3373 3553 3441 3610 δι’
3485 3558 3620 3628 ἡμᾶς
3660 3560 3780 3618 τοῦ,

2176 3643 2477 3719 ἀνθρώπους
2515 3650 2604 3697 καὶ
2632 3641 2724 3698 διὰ
2751 3650 2843 3704 τὴν
2873 3648 3124 3720 ἡμετέραν
3160 3651 3422 3720 σωτηρίαν
3463 3644 3784 3698 κατελθόντα

2176 3738 2313 3804 (58),
2345 3739 2434 3787 καὶ
2475 3737 2825 3807 σαρκωθέντα,
2871 3734 3360 3809 ἐνανθρωπήσαντα,
3402 3736 3653 3801 παθόντα,
3688 3739 3780 3787 καὶ

2175 3823 2472 3877 ἀναστάντα
2508 3833 2569 3897 τῇ
2613 3830 2761 3900 τρίτη
2804 3827 2992 3897 ἡμέρᾳ,
3041 3823 3314 3878 ἀνελθόντα
3362 3825 3428 3885 εἰς
3466 3828 3584 3884 τοὺς
3622 3825 3780 3899 ούρα-

2171 3918 2304 3977 νοῦς,
2339 3914 2617 3988 ἐρχόμενον
2647 3923 2821 3989 κρῖναι
2854 3919 3044 3979 ζῶντας
3088 3920 3178 3968 καὶ
3221 3919 3449 3990 νεκροὺς,
3491 3919 3592 3968 Καὶ
3622 3915 3694 3975 εἰς
3723 3919 3781 3968 τὸ

2173 4005 2319 4076 ἅγιον
2353 4012 2579 4077 Πνεῦμα.
2611 4009 2744 4067 Τοὺς
2773 4002 2831 4058 δὲ
2855 4005 3114 4076 λέγοντας·
3147 4007 3244 4059 Ἤν
3273 4025 3416 4076 ποτε,
3450 4007 3531 4058 ὅτε
3560 4004 3655 4057 οὐκ
3693 4001 3780 4069 ἦν,

2173 4101 2263 4147 καὶ
2291 4099 2410 4168 πρὶν
2441 4097 2751 4166 γεννηθῆναι
2790 4095 2884 4147 οῦκ
2915 4092 2996 4161 ἦν,
3027 4099 3116 4148 καὶ
3156 4096 3234 4147 ὅτι
3266 4094 3317 4157 ἐξ
3354 4095 3449 4147 οῦκ
3479 4098 3635 4146 ὄντων
3668 4093 3784 4166 ἐγέ-

2171 4203 2300 4250 νετο,
2334 4186 2362 4244 ἦ
2396 4184 2446 4248 ἐξ
2476 4185 2644 4258 ἐτέρας
2674 4187 3006 4246 ὑποστάσεως
3026 4186 3054 4244 ἡ
3091 4185 3275 4247 οὐσίας
3306 4186 3596 4255 φάσκοντας
3623 4184 3779 4251 εἶναι,

2175 4275 2202 4334 ἦ
2239 4278 2452 4348 τρεπτόν
2484 4275 2513 4334 ᾖ
2551 4274 2824 4327 ἀλλοιωτὸν
2855 4278 2942 4327 τὸν
2993 4277 3109 4328 Υὶόν
3139 4283 3228 4327 τοῦ
3260 4282 3417 4341 Θεοῦ,
3449 4278 3573 4334 τοῦς
3599 4276 3784 4326 τοιοῦ-

2175 4383 2295 4425 τους
2329 4362 2695 4436 ἀναθεματίζει
2742 4367 2771 4424 ἡ
2818 4364 3078 4424 Καθολικὴ
3126 4369 3216 4417 καὶ
3271 4362 3617 4420 Ἀποστολική
3666 4362 3785 4416 Ἐκ-

2173 4451 2266 4511 κλη
2277 4457 2386 4508 σία.

2245 4748 2354 4808 (55)
2385 4751 2493 4818 ,Καὶ
2525 4755 2724 4818 σαφῶς.
2761 4748 2847 4802 Ita
2886 4763 3035 4801 mss.
3067 4750 3315 4818 septem.
3351 4749 3499 4805 Editi
3528 4754 3586 4806 et
3615 4751 3779 4809 Harl.

2173 4817 2442 4890 secunda
2483 4817 2668 4873 manu
2707 4824 2814 4890 xa‘t
2845 4827 3029 4890 σοφῶς.
3081 4817 3270 4875 Editio
3311 4822 3660 4876 Parisiensis
3694 4839 3783 4878 se-

2171 4889 2373 4964 cunda
2403 4889 2463 4944 in
2494 4889 3124 4964 priore_habet_'aoqc:ig,
3158 4892 3218 4946 in
3249 4892 3434 4946 altero
3468 4900 3667 4964 σαφῶς.

2244 4959 2348 5031 (56)
2393 4959 2600 5035 Κύριον.
2632 4961 2779 5016 Editi
2809 4959 3044 5016 addunt
3071 4964 3235 5034 ἡμῶν,
3297 4964 3462 5035 quod
3503 4959 3676 5021 deest
3717 4965 3780 5021 in

2173 5036 2400 5102 septem
2432 5048 2579 5088 mss.

2243 5107 2346 5160 (57)
2387 5108 2487 5154 Καὶ
2512 5107 2576 5154 τὰ
2606 5103 2676 5158 ἐν.
2716 5102 3074 5159 Addidimus
3102 5104 3248 5160 illud
3286 5107 3350 5158 τά
3389 5121 3462 5161 ex
3489 5122 3595 5163 sex
3625 5124 3778 5163 mss.

2243 5176 2350 5234 t58)
2393 5174 2732 5227 Κατελθόντα.
2767 5174 3066 5230 Editiones
3091 5177 3450 5232 Parisienses
3477 5183 3532 5234 et
3557 5195 3782 5235 secun-

2173 5242 2450 5328 daBasil.
2483 5245 2814 5328 addunt-ix
2838 5254 2942 5328 raw
2973 5247 3222 5328 obesitas,
3266 5249 3672 5328 quie_desunt
3719 5255 3780 5308 in

2173 5320 2335 5398 qcto‘
2365 5332 2508 5397 mss.
2559 5321 2617 5372 et
2661 5317 2907 5398 vetustis
2956 5317 3343 5398 editionibu's.
3400 5321 3584 5377 Paulo
3642 5329 3784 5398 post

2174 5385 2343 5470 deest
2372 5387 2431 5470 in
2471 5404 2750 5470 s_ex‘mss.
2797 5389 3083 5470 articulus
3123 5396 3260 5448 ante
3290 5391 3553 5468 οὐρανούς,
3590 5385 3778 5470 quem

2175 5461 2378 5515 tamen
2408 5459 2717 5516 habebant
2743 5459 2905 5518 editi.
