  <div class='ocr_page' id='page_1' title='image "/cluster/home/n/w/nwhite01/storage/ocr_20150623/32/hvd.32044048207401/280.png"; bbox 0 0 4054 6200; ppageno 0'>
   <div class='ocr_carea' id='block_1_1' title="bbox 216 215 2553 323">
    <p class='ocr_par' dir='ltr' id='par_1_1' title="bbox 216 215 2553 323">
     <span class='ocr_line' id='line_1_1' title="bbox 216 215 2553 323; baseline 0 -12"><span class='ocrx_word' id='word_1_1' title='bbox 216 262 301 323; x_wconf 70' lang='grc' dir='ltr'>διο</span> <span class='ocrx_word' id='word_1_2' title='bbox 1123 246 1607 306; x_wconf 77' lang='lat' dir='ltr'>EPISTOLARUM</span> <span class='ocrx_word' id='word_1_3' title='bbox 1644 244 1925 304; x_wconf 78' lang='lat' dir='ltr'>CLASSIS</span> <span class='ocrx_word' id='word_1_4' title='bbox 1963 248 2031 307; x_wconf 79' lang='grc' dir='ltr'>ιι.</span> <span class='ocrx_word' id='word_1_5' title='bbox 2071 215 2285 307; x_wconf 86' lang='lat' dir='ltr'>EPIST.</span> <span class='ocrx_word' id='word_1_6' title='bbox 2358 252 2553 311; x_wconf 86' lang='lat' dir='ltr'><strong>cxxv.</strong></span> 
     </span>
    </p>
   </div>
   <div class='ocr_carea' id='block_1_2' title="bbox 271 368 1839 448">
    <p class='ocr_par' dir='ltr' id='par_1_2' title="bbox 271 368 1839 448">
     <span class='ocr_line' id='line_1_2' title="bbox 271 368 1839 448; baseline -0.007 -15"><span class='ocrx_word' id='word_1_7' title='bbox 271 390 320 443; x_wconf 77' lang='lat'>3,</span> <span class='ocrx_word' id='word_1_8' title='bbox 374 380 498 432; x_wconf 81' lang='grc' dir='ltr'>Ἐπεὶ</span> <span class='ocrx_word' id='word_1_9' title='bbox 545 372 632 430; x_wconf 76' lang='grc' dir='ltr'>οὖν</span> <span class='ocrx_word' id='word_1_10' title='bbox 688 375 911 429; x_wconf 68' lang='grc' dir='ltr'>ἐνταῦθα</span> <span class='ocrx_word' id='word_1_11' title='bbox 963 375 1031 427; x_wconf 77' lang='grc' dir='ltr'>τὰ</span> <span class='ocrx_word' id='word_1_12' title='bbox 1073 376 1162 448; x_wconf 72' lang='grc' dir='ltr'>μὲν</span> <span class='ocrx_word' id='word_1_13' title='bbox 1192 372 1322 427; x_wconf 78' lang='grc' dir='ltr'>ἄλλα</span> <span class='ocrx_word' id='word_1_14' title='bbox 1348 371 1639 446; x_wconf 84' lang='grc' dir='ltr'>ἀρκούντως</span> <span class='ocrx_word' id='word_1_15' title='bbox 1669 374 1758 423; x_wconf 80' lang='grc' dir='ltr'>καὶ</span> <span class='ocrx_word' id='word_1_16' title='bbox 1788 368 1839 423; x_wconf 86' lang='grc' dir='ltr'><strong>Α</strong></span> 
     </span>
    </p>
   </div>
   <div class='ocr_carea' id='block_1_3' title="bbox 216 460 1761 549">
    <p class='ocr_par' dir='ltr' id='par_1_3' title="bbox 216 460 1761 549">
     <span class='ocr_line' id='line_1_3' title="bbox 216 460 1761 549; baseline -0.007 -25"><span class='ocrx_word' id='word_1_17' title='bbox 216 472 403 549; x_wconf 79' lang='grc' dir='ltr'>ἀκριϐῶς</span> <span class='ocrx_word' id='word_1_18' title='bbox 450 464 749 539; x_wconf 80' lang='grc' dir='ltr'>δίώρισται,</span> <span class='ocrx_word' id='word_1_19' title='bbox 806 468 871 518; x_wconf 79' lang='grc' dir='ltr'>τὰ</span> <span class='ocrx_word' id='word_1_20' title='bbox 934 468 1024 538; x_wconf 71' lang='grc' dir='ltr'>μεν</span> <span class='ocrx_word' id='word_1_21' title='bbox 1056 464 1139 517; x_wconf 74' lang='grc' dir='ltr'>ἐπὶ</span> <span class='ocrx_word' id='word_1_22' title='bbox 1170 461 1451 539; x_wconf 76' lang='grc' dir='ltr'>διορθώσει</span> <span class='ocrx_word' id='word_1_23' title='bbox 1493 472 1591 516; x_wconf 82' lang='grc' dir='ltr'>τῶν</span> <span class='ocrx_word' id='word_1_24' title='bbox 1626 460 1761 534; x_wconf 81' lang='grc' dir='ltr'>βλα-</span> 
     </span>
    </p>
   </div>
   <div class='ocr_carea' id='block_1_4' title="bbox 219 549 1764 629">
    <p class='ocr_par' dir='ltr' id='par_1_4' title="bbox 219 549 1764 629">
     <span class='ocr_line' id='line_1_4' title="bbox 219 549 1764 629; baseline -0.01 -11"><span class='ocrx_word' id='word_1_25' title='bbox 219 566 385 627; x_wconf 73' lang='grc' dir='ltr'>ϐέντων,</span> <span class='ocrx_word' id='word_1_26' title='bbox 440 559 501 611; x_wconf 81' lang='grc' dir='ltr'>τὰ</span> <span class='ocrx_word' id='word_1_27' title='bbox 559 553 618 608; x_wconf 76' lang='grc' dir='ltr'>δὲ</span> <span class='ocrx_word' id='word_1_28' title='bbox 670 556 739 617; x_wconf 83' lang='grc' dir='ltr'>εἰς</span> <span class='ocrx_word' id='word_1_29' title='bbox 804 554 1139 629; x_wconf 66' lang='grc' dir='ltr'>προφυλακὴν</span> <span class='ocrx_word' id='word_1_30' title='bbox 1197 564 1293 606; x_wconf 84' lang='grc' dir='ltr'>τῶν</span> <span class='ocrx_word' id='word_1_31' title='bbox 1318 549 1764 627; x_wconf 70' lang='grc' dir='ltr'>προσδοκωμένων</span> 
     </span>
    </p>
   </div>
   <div class='ocr_carea' id='block_1_5' title="bbox 222 639 1766 723">
    <p class='ocr_par' dir='ltr' id='par_1_5' title="bbox 222 639 1766 723">
     <span class='ocr_line' id='line_1_5' title="bbox 222 639 1766 723; baseline -0.009 -18"><span class='ocrx_word' id='word_1_32' title='bbox 222 648 551 723; x_wconf 62' lang='grc' dir='ltr'>ὐπορνλήσεθαι·</span> <span class='ocrx_word' id='word_1_33' title='bbox 603 646 629 697; x_wconf 88' lang='grc' dir='ltr'><strong><em>ὁ</em></strong></span> <span class='ocrx_word' id='word_1_34' title='bbox 674 640 733 697; x_wconf 69' lang='grc' dir='ltr'>δὲ</span> <span class='ocrx_word' id='word_1_35' title='bbox 778 648 895 717; x_wconf 84' lang='grc' dir='ltr'>περὶ</span> <span class='ocrx_word' id='word_1_36' title='bbox 966 650 1055 697; x_wconf 89' lang='grc' dir='ltr'>τοῦ</span> <span class='ocrx_word' id='word_1_37' title='bbox 1137 646 1432 715; x_wconf 76' lang='grc' dir='ltr'>Πνεῦματος</span> <span class='ocrx_word' id='word_1_38' title='bbox 1513 641 1657 712; x_wconf 88' lang='grc' dir='ltr'>λόγος</span> <span class='ocrx_word' id='word_1_39' title='bbox 1720 639 1766 691; x_wconf 87' lang='grc' dir='ltr'>ἐν</span> 
     </span>
    </p>
   </div>
   <div class='ocr_carea' id='block_1_6' title="bbox 219 730 1770 815">
    <p class='ocr_par' dir='ltr' id='par_1_6' title="bbox 219 730 1770 815">
     <span class='ocr_line' id='line_1_6' title="bbox 219 730 1770 815; baseline -0.007 -22"><span class='ocrx_word' id='word_1_40' title='bbox 219 736 488 815; x_wconf 73' lang='grc' dir='ltr'>παραδρομῇ</span> <span class='ocrx_word' id='word_1_41' title='bbox 572 741 740 788; x_wconf 84' lang='grc' dir='ltr'>κεῖται</span> <span class='ocrx_word' id='word_1_42' title='bbox 853 730 1101 805; x_wconf 67' lang='grc' dir='ltr'>οὐδεμιᾶς</span> <span class='ocrx_word' id='word_1_43' title='bbox 1168 731 1469 807; x_wconf 82' lang='grc' dir='ltr'>ἐξεργασίας</span> <span class='ocrx_word' id='word_1_44' title='bbox 1532 730 1770 794; x_wconf 83' lang='grc' dir='ltr'>ἀξιωθεὶς</span> 
     </span>
    </p>
   </div>
   <div class='ocr_carea' id='block_1_7' title="bbox 224 821 1765 895">
    <p class='ocr_par' dir='ltr' id='par_1_7' title="bbox 224 821 1765 895">
     <span class='ocr_line' id='line_1_7' title="bbox 224 821 1765 895; baseline -0.008 -9"><span class='ocrx_word' id='word_1_45' title='bbox 224 830 298 886; x_wconf 74' lang='grc' dir='ltr'>διὰ</span> <span class='ocrx_word' id='word_1_46' title='bbox 339 832 387 881; x_wconf 86' lang='grc' dir='ltr'>τό</span> <span class='ocrx_word' id='word_1_47' title='bbox 431 821 649 895; x_wconf 75' lang='grc' dir='ltr'>μηδέπω</span> <span class='ocrx_word' id='word_1_48' title='bbox 704 828 820 877; x_wconf 86' lang='grc' dir='ltr'>τότε</span> <span class='ocrx_word' id='word_1_49' title='bbox 884 832 1038 878; x_wconf 86' lang='grc' dir='ltr'>τοῦτο</span> <span class='ocrx_word' id='word_1_50' title='bbox 1090 825 1399 883; x_wconf 76' lang='grc' dir='ltr'>κεκινῆσθαι</span> <span class='ocrx_word' id='word_1_51' title='bbox 1445 825 1503 875; x_wconf 87' lang='grc' dir='ltr'>τό</span> <span class='ocrx_word' id='word_1_52' title='bbox 1536 825 1765 893; x_wconf 82' lang='grc' dir='ltr'>ζήτημα,</span> 
     </span>
    </p>
   </div>
   <div class='ocr_carea' id='block_1_8' title="bbox 224 912 1771 987">
    <p class='ocr_par' dir='ltr' id='par_1_8' title="bbox 224 912 1771 987">
     <span class='ocr_line' id='line_1_8' title="bbox 224 912 1771 987; baseline -0.007 -15"><span class='ocrx_word' id='word_1_53' title='bbox 224 922 308 976; x_wconf 73' lang='grc' dir='ltr'>ἀλλ’</span> <span class='ocrx_word' id='word_1_54' title='bbox 348 914 750 970; x_wconf 71' lang='grc' dir='ltr'>ἀνεπιϐούλευτον</span> <span class='ocrx_word' id='word_1_55' title='bbox 813 912 1123 987; x_wconf 75' lang='grc' dir='ltr'>ἐνυπάρχειν</span> <span class='ocrx_word' id='word_1_56' title='bbox 1189 920 1305 975; x_wconf 87' lang='grc' dir='ltr'>ταῖς</span> <span class='ocrx_word' id='word_1_57' title='bbox 1348 920 1446 968; x_wconf 87' lang='grc' dir='ltr'>τῶν</span> <span class='ocrx_word' id='word_1_58' title='bbox 1503 914 1771 965; x_wconf 86' lang='grc' dir='ltr'>πιστευόν-</span> 
     </span>
    </p>
   </div>
   <div class='ocr_carea' id='block_1_9' title="bbox 224 1000 1770 1079">
    <p class='ocr_par' dir='ltr' id='par_1_9' title="bbox 224 1000 1770 1079">
     <span class='ocr_line' id='line_1_9' title="bbox 224 1000 1770 1079; baseline -0.006 -17"><span class='ocrx_word' id='word_1_59' title='bbox 224 1021 304 1067; x_wconf 82' lang='grc' dir='ltr'>τῶν</span> <span class='ocrx_word' id='word_1_60' title='bbox 348 1009 535 1079; x_wconf 60' lang='grc' dir='ltr'>ψυχαῖς</span> <span class='ocrx_word' id='word_1_61' title='bbox 589 1010 684 1064; x_wconf 73' lang='grc' dir='ltr'>τὴν</span> <span class='ocrx_word' id='word_1_62' title='bbox 738 1010 857 1077; x_wconf 79' lang='grc' dir='ltr'>περὶ</span> <span class='ocrx_word' id='word_1_63' title='bbox 909 1004 1069 1057; x_wconf 67' lang='grc' dir='ltr'>αὐτοῦ</span> <span class='ocrx_word' id='word_1_64' title='bbox 1132 1000 1385 1057; x_wconf 67' lang='grc' dir='ltr'>διάνοιαν⁸</span> <span class='ocrx_word' id='word_1_65' title='bbox 1421 1005 1555 1056; x_wconf 83' lang='grc' dir='ltr'>κατά</span> <span class='ocrx_word' id='word_1_66' title='bbox 1584 1004 1770 1074; x_wconf 86' lang='grc' dir='ltr'>μικρὸν</span> 
     </span>
    </p>
   </div>
   <div class='ocr_carea' id='block_1_10' title="bbox 222 1090 1773 1171">
    <p class='ocr_par' dir='ltr' id='par_1_10' title="bbox 222 1090 1773 1171">
     <span class='ocr_line' id='line_1_10' title="bbox 222 1090 1773 1171; baseline -0.004 -21"><span class='ocrx_word' id='word_1_67' title='bbox 222 1099 269 1154; x_wconf 75' lang='grc' dir='ltr'>δὲ</span> <span class='ocrx_word' id='word_1_68' title='bbox 322 1102 546 1171; x_wconf 76' lang='grc' dir='ltr'>προιόντα</span> <span class='ocrx_word' id='word_1_69' title='bbox 602 1096 667 1147; x_wconf 82' lang='grc' dir='ltr'>τὰ</span> <span class='ocrx_word' id='word_1_70' title='bbox 718 1095 919 1166; x_wconf 85' lang='grc' dir='ltr'>πονηρά</span> <span class='ocrx_word' id='word_1_71' title='bbox 969 1102 1065 1155; x_wconf 83' lang='grc' dir='ltr'>τῆς</span> <span class='ocrx_word' id='word_1_72' title='bbox 1117 1092 1356 1154; x_wconf 80' lang='grc' dir='ltr'>ἀσεϐείας</span> <span class='ocrx_word' id='word_1_73' title='bbox 1409 1097 1701 1166; x_wconf 78' lang='grc' dir='ltr'>σπέρματα,</span> <span class='ocrx_word' id='word_1_74' title='bbox 1737 1090 1773 1144; x_wconf 82' lang='grc' dir='ltr'><em>ἃ</em></span> 
     </span>
    </p>
   </div>
   <div class='ocr_carea' id='block_1_11' title="bbox 218 1183 1772 1261">
    <p class='ocr_par' dir='ltr' id='par_1_11' title="bbox 218 1183 1772 1261">
     <span class='ocr_line' id='line_1_11' title="bbox 218 1183 1772 1261; baseline -0.006 -20"><span class='ocrx_word' id='word_1_75' title='bbox 218 1194 422 1261; x_wconf 76' lang='grc' dir='ltr'>πρότερον</span> <span class='ocrx_word' id='word_1_76' title='bbox 495 1188 583 1257; x_wconf 69' lang='grc' dir='ltr'>μὲν</span> <span class='ocrx_word' id='word_1_77' title='bbox 637 1186 737 1237; x_wconf 78' lang='grc' dir='ltr'>ὑπὸ</span> <span class='ocrx_word' id='word_1_78' title='bbox 805 1184 1005 1258; x_wconf 84' lang='grc' dir='ltr'>Ἀρείου</span> <span class='ocrx_word' id='word_1_79' title='bbox 1059 1190 1150 1238; x_wconf 89' lang='grc' dir='ltr'>τοῦ</span> <span class='ocrx_word' id='word_1_80' title='bbox 1180 1184 1478 1258; x_wconf 78' lang='grc' dir='ltr'>προστάτου</span> <span class='ocrx_word' id='word_1_81' title='bbox 1512 1190 1602 1241; x_wconf 82' lang='grc' dir='ltr'>τῆς</span> <span class='ocrx_word' id='word_1_82' title='bbox 1634 1183 1772 1253; x_wconf 78' lang='grc' dir='ltr'>αἱρέ-</span> 
     </span>
    </p>
   </div>
   <div class='ocr_carea' id='block_1_12' title="bbox 218 1269 1771 1346">
    <p class='ocr_par' dir='ltr' id='par_1_12' title="bbox 218 1269 1771 1346">
     <span class='ocr_line' id='line_1_12' title="bbox 218 1269 1771 1346; baseline -0.005 -17"><span class='ocrx_word' id='word_1_83' title='bbox 218 1298 318 1337; x_wconf 84' lang='grc' dir='ltr'>σεως</span> <span class='ocrx_word' id='word_1_84' title='bbox 363 1274 665 1342; x_wconf 70' lang='grc' dir='ltr'>κατεϐλήθη,</span> <span class='ocrx_word' id='word_1_85' title='bbox 727 1273 941 1346; x_wconf 74' lang='grc' dir='ltr'>ὕστερον</span> <span class='ocrx_word' id='word_1_86' title='bbox 996 1269 1054 1325; x_wconf 72' lang='grc' dir='ltr'>δὲ</span> <span class='ocrx_word' id='word_1_87' title='bbox 1124 1273 1221 1325; x_wconf 79' lang='grc' dir='ltr'>ὑπό</span> <span class='ocrx_word' id='word_1_88' title='bbox 1288 1280 1386 1325; x_wconf 83' lang='grc' dir='ltr'>τῶν</span> <span class='ocrx_word' id='word_1_89' title='bbox 1448 1273 1515 1325; x_wconf 79' lang='grc' dir='ltr'>τὰ</span> <span class='ocrx_word' id='word_1_90' title='bbox 1580 1269 1771 1322; x_wconf 79' lang='grc' dir='ltr'>ἐκείνου</span> 
     </span>
    </p>
   </div>
   <div class='ocr_carea' id='block_1_13' title="bbox 214 1357 1773 1437">
    <p class='ocr_par' dir='ltr' id='par_1_13' title="bbox 214 1357 1773 1437">
     <span class='ocr_line' id='line_1_13' title="bbox 214 1357 1773 1437; baseline -0.006 -16"><span class='ocrx_word' id='word_1_91' title='bbox 214 1375 351 1426; x_wconf 81' lang='grc' dir='ltr'>κακῶς</span> <span class='ocrx_word' id='word_1_92' title='bbox 405 1360 810 1437; x_wconf 68' lang='grc' dir='ltr'>διαδεξαμένων,</span> <span class='ocrx_word' id='word_1_93' title='bbox 861 1364 944 1415; x_wconf 72' lang='grc' dir='ltr'>ἐπὶ</span> <span class='ocrx_word' id='word_1_94' title='bbox 998 1361 1134 1436; x_wconf 73' lang='grc' dir='ltr'>λύμη</span> <span class='ocrx_word' id='word_1_95' title='bbox 1195 1370 1292 1415; x_wconf 86' lang='grc' dir='ltr'>τῶν</span> <span class='ocrx_word' id='word_1_96' title='bbox 1325 1360 1641 1419; x_wconf 84' lang='grc' dir='ltr'>Ἐκκλησιῶν</span> <span class='ocrx_word' id='word_1_97' title='bbox 1693 1357 1773 1421; x_wconf 79' lang='grc' dir='ltr'>ἐξ-</span> 
     </span>
    </p>
   </div>
   <div class='ocr_carea' id='block_1_14' title="bbox 214 1448 1775 1529">
    <p class='ocr_par' dir='ltr' id='par_1_14' title="bbox 214 1448 1775 1529">
     <span class='ocr_line' id='line_1_14' title="bbox 214 1448 1775 1529; baseline -0.004 -23"><span class='ocrx_word' id='word_1_98' title='bbox 214 1458 395 1529; x_wconf 64' lang='grc' dir='ltr'>ετράφη,</span> <span class='ocrx_word' id='word_1_99' title='bbox 442 1456 534 1503; x_wconf 87' lang='grc' dir='ltr'>καὶ</span> <span class='ocrx_word' id='word_1_100' title='bbox 591 1453 619 1509; x_wconf 78' lang='grc' dir='ltr'>ἡ</span> <span class='ocrx_word' id='word_1_101' title='bbox 676 1450 959 1502; x_wconf 80' lang='grc' dir='ltr'>ἀκολουθία</span> <span class='ocrx_word' id='word_1_102' title='bbox 1010 1459 1104 1511; x_wconf 78' lang='grc' dir='ltr'>τῆς</span> <span class='ocrx_word' id='word_1_103' title='bbox 1160 1448 1397 1511; x_wconf 74' lang='grc' dir='ltr'>ἀσεϐείας</span> <span class='ocrx_word' id='word_1_104' title='bbox 1430 1449 1500 1510; x_wconf 86' lang='grc' dir='ltr'>εἰς</span> <span class='ocrx_word' id='word_1_105' title='bbox 1526 1453 1618 1507; x_wconf 75' lang='grc' dir='ltr'>τὴν</span> <span class='ocrx_word' id='word_1_106' title='bbox 1639 1449 1775 1499; x_wconf 85' lang='grc' dir='ltr'>κατά</span> 
     </span>
    </p>
   </div>
   <div class='ocr_carea' id='block_1_15' title="bbox 212 1536 1775 1614">
    <p class='ocr_par' dir='ltr' id='par_1_15' title="bbox 212 1536 1775 1614">
     <span class='ocr_line' id='line_1_15' title="bbox 212 1536 1775 1614; baseline -0.006 -18"><span class='ocrx_word' id='word_1_107' title='bbox 212 1552 285 1596; x_wconf 82' lang='grc' dir='ltr'>τοῦ</span> <span class='ocrx_word' id='word_1_108' title='bbox 336 1545 619 1614; x_wconf 70' lang='grc' dir='ltr'>Πνεῦματος</span> <span class='ocrx_word' id='word_1_109' title='bbox 679 1538 1019 1612; x_wconf 67' lang='grc' dir='ltr'>βλασφημίαν</span> <span class='ocrx_word' id='word_1_110' title='bbox 1078 1537 1376 1608; x_wconf 65' lang='grc' dir='ltr'>ἀπέσκηψεν</span> <span class='ocrx_word' id='word_1_111' title='bbox 1429 1540 1561 1609; x_wconf 77' lang='grc'>(59)’</span> <span class='ocrx_word' id='word_1_112' title='bbox 1620 1536 1775 1608; x_wconf 85' lang='grc' dir='ltr'>ἀναγ-</span> 
     </span>
    </p>
   </div>
   <div class='ocr_carea' id='block_1_16' title="bbox 212 1624 1774 1704">
    <p class='ocr_par' dir='ltr' id='par_1_16' title="bbox 212 1624 1774 1704">
     <span class='ocr_line' id='line_1_16' title="bbox 212 1624 1774 1704; baseline -0.003 -20"><span class='ocrx_word' id='word_1_113' title='bbox 212 1639 333 1685; x_wconf 81' lang='grc' dir='ltr'>καῖον</span> <span class='ocrx_word' id='word_1_114' title='bbox 410 1633 540 1704; x_wconf 87' lang='grc' dir='ltr'>πρός</span> <span class='ocrx_word' id='word_1_115' title='bbox 605 1633 727 1689; x_wconf 79' lang='grc' dir='ltr'>τοὺς</span> <span class='ocrx_word' id='word_1_116' title='bbox 791 1633 861 1702; x_wconf 77' lang='grc' dir='ltr'>μὴ</span> <span class='ocrx_word' id='word_1_117' title='bbox 931 1625 1264 1701; x_wconf 72' lang='grc' dir='ltr'>φειδομένους</span> <span class='ocrx_word' id='word_1_118' title='bbox 1330 1628 1539 1697; x_wconf 80' lang='grc' dir='ltr'>ἑαυτῶν,</span> <span class='ocrx_word' id='word_1_119' title='bbox 1636 1624 1774 1699; x_wconf 74' lang='grc' dir='ltr'>μηδὲ</span> 
     </span>
    </p>
   </div>
   <div class='ocr_carea' id='block_1_17' title="bbox 3420 258 3524 314">
    <p class='ocr_par' dir='ltr' id='par_1_17' title="bbox 3420 258 3524 314">
     <span class='ocr_line' id='line_1_17' title="bbox 3420 258 3524 314; baseline -0.01 0"><span class='ocrx_word' id='word_1_120' title='bbox 3420 258 3524 314; x_wconf 78' lang='lat'><strong>550</strong></span> 
     </span>
    </p>
   </div>
   <div class='ocr_carea' id='block_1_18' title="bbox 1946 374 3527 453">
    <p class='ocr_par' dir='ltr' id='par_1_18' title="bbox 1946 374 3527 453">
     <span class='ocr_line' id='line_1_18' title="bbox 1946 374 3527 453; baseline 0.006 -26"><span class='ocrx_word' id='word_1_121' title='bbox 1946 375 1999 428; x_wconf 91' lang='lat'>3.</span> <span class='ocrx_word' id='word_1_122' title='bbox 2055 374 2354 439; x_wconf 83' lang='lat' dir='ltr'>Quoniam</span> <span class='ocrx_word' id='word_1_123' title='bbox 2401 376 2581 445; x_wconf 82' lang='lat' dir='ltr'>igitur</span> <span class='ocrx_word' id='word_1_124' title='bbox 2626 376 2722 433; x_wconf 91' lang='lat' dir='ltr'>hic</span> <span class='ocrx_word' id='word_1_125' title='bbox 2752 380 2965 435; x_wconf 73' lang='lat' dir='ltr'>caetera</span> <span class='ocrx_word' id='word_1_126' title='bbox 2992 378 3239 452; x_wconf 89' lang='lat' dir='ltr'>quidem</span> <span class='ocrx_word' id='word_1_127' title='bbox 3270 379 3445 453; x_wconf 87' lang='lat' dir='ltr'><strong>plene</strong></span> <span class='ocrx_word' id='word_1_128' title='bbox 3470 383 3527 437; x_wconf 89' lang='lat' dir='ltr'>et</span> 
     </span>
    </p>
   </div>
   <div class='ocr_carea' id='block_1_19' title="bbox 1876 465 3525 544">
    <p class='ocr_par' dir='ltr' id='par_1_19' title="bbox 1876 465 3525 544">
     <span class='ocr_line' id='line_1_19' title="bbox 1876 465 3525 544; baseline 0.006 -27"><span class='ocrx_word' id='word_1_129' title='bbox 1876 468 2152 519; x_wconf 84' lang='lat' dir='ltr'>accurate</span> <span class='ocrx_word' id='word_1_130' title='bbox 2174 465 2422 523; x_wconf 84' lang='lat' dir='ltr'>definita</span> <span class='ocrx_word' id='word_1_131' title='bbox 2451 471 2607 532; x_wconf 90' lang='lat' dir='ltr'>sunt,</span> <span class='ocrx_word' id='word_1_132' title='bbox 2632 468 2851 540; x_wconf 85' lang='lat' dir='ltr'>partim</span> <span class='ocrx_word' id='word_1_133' title='bbox 2878 469 2955 524; x_wconf 90' lang='lat' dir='ltr'>ad</span> <span class='ocrx_word' id='word_1_134' title='bbox 2978 471 3369 527; x_wconf 88' lang='lat' dir='ltr'>emandanda</span> <span class='ocrx_word' id='word_1_135' title='bbox 3388 488 3525 544; x_wconf 71' lang='lat' dir='ltr'>qua)</span> 
     </span>
    </p>
   </div>
   <div class='ocr_carea' id='block_1_20' title="bbox 1874 551 3527 633">
    <p class='ocr_par' dir='ltr' id='par_1_20' title="bbox 1874 551 3527 633">
     <span class='ocr_line' id='line_1_20' title="bbox 1874 551 3527 633; baseline 0.006 -26"><span class='ocrx_word' id='word_1_136' title='bbox 1874 551 2019 609; x_wconf 74' lang='lat' dir='ltr'>lsesa</span> <span class='ocrx_word' id='word_1_137' title='bbox 2044 554 2301 621; x_wconf 79' lang='lat' dir='ltr'>fuerant,</span> <span class='ocrx_word' id='word_1_138' title='bbox 2333 556 2550 628; x_wconf 83' lang='lat' dir='ltr'>partim</span> <span class='ocrx_word' id='word_1_139' title='bbox 2580 557 2656 612; x_wconf 89' lang='lat' dir='ltr'>ad</span> <span class='ocrx_word' id='word_1_140' title='bbox 2679 560 3071 629; x_wconf 78' lang='lat' dir='ltr'>praecavenda</span> <span class='ocrx_word' id='word_1_141' title='bbox 3110 578 3244 633; x_wconf 66' lang='lat' dir='ltr'>quae</span> <span class='ocrx_word' id='word_1_142' title='bbox 3295 561 3527 617; x_wconf 90' lang='lat' dir='ltr'>subori-</span> 
     </span>
    </p>
   </div>
   <div class='ocr_carea' id='block_1_21' title="bbox 1878 645 3527 723">
    <p class='ocr_par' dir='ltr' id='par_1_21' title="bbox 1878 645 3527 723">
     <span class='ocr_line' id='line_1_21' title="bbox 1878 645 3527 723; baseline 0.005 -26"><span class='ocrx_word' id='word_1_143' title='bbox 1878 646 2012 699; x_wconf 88' lang='lat' dir='ltr'>tura</span> <span class='ocrx_word' id='word_1_144' title='bbox 2058 645 2545 715; x_wconf 88' lang='lat' dir='ltr'>praevidebantur</span> <span class='ocrx_word' id='word_1_145' title='bbox 2578 662 2590 711; x_wconf 95' lang='lat'><strong>;</strong></span> <span class='ocrx_word' id='word_1_146' title='bbox 2622 646 2895 704; x_wconf 77' lang='lat' dir='ltr'>doctrina</span> <span class='ocrx_word' id='word_1_147' title='bbox 2955 654 3157 705; x_wconf 86' lang='lat' dir='ltr'>autem</span> <span class='ocrx_word' id='word_1_148' title='bbox 3202 651 3276 706; x_wconf 94' lang='lat' dir='ltr'>de</span> <span class='ocrx_word' id='word_1_149' title='bbox 3308 651 3527 723; x_wconf 83' lang='lat' dir='ltr'>Spiritu</span> 
     </span>
    </p>
   </div>
   <div class='ocr_carea' id='block_1_22' title="bbox 1880 734 3525 811">
    <p class='ocr_par' dir='ltr' id='par_1_22' title="bbox 1880 734 3525 811">
     <span class='ocr_line' id='line_1_22' title="bbox 1880 734 3525 811; baseline 0.004 -23"><span class='ocrx_word' id='word_1_150' title='bbox 1880 736 2089 789; x_wconf 86' lang='lat' dir='ltr'>sancto</span> <span class='ocrx_word' id='word_1_151' title='bbox 2116 734 2363 790; x_wconf 85' lang='lat' dir='ltr'>strictim</span> <span class='ocrx_word' id='word_1_152' title='bbox 2416 736 2632 807; x_wconf 91' lang='lat' dir='ltr'>posita,</span> <span class='ocrx_word' id='word_1_153' title='bbox 2665 751 2775 791; x_wconf 93' lang='lat' dir='ltr'>nec</span> <span class='ocrx_word' id='word_1_154' title='bbox 2808 736 2994 793; x_wconf 85' lang='lat' dir='ltr'>ullam</span> <span class='ocrx_word' id='word_1_155' title='bbox 3046 739 3525 811; x_wconf 87' lang='lat' dir='ltr'>disquisitionem</span> 
     </span>
    </p>
   </div>
   <div class='ocr_carea' id='block_1_23' title="bbox 1878 822 3528 897">
    <p class='ocr_par' dir='ltr' id='par_1_23' title="bbox 1878 822 3528 897">
     <span class='ocr_line' id='line_1_23' title="bbox 1878 822 3528 897; baseline 0.005 -20"><span class='ocrx_word' id='word_1_156' title='bbox 1878 822 2007 878; x_wconf 86' lang='lat' dir='ltr'>visa</span> <span class='ocrx_word' id='word_1_157' title='bbox 2036 824 2357 895; x_wconf 82' lang='lat' dir='ltr'><strong>requirere,</strong></span> <span class='ocrx_word' id='word_1_158' title='bbox 2413 840 2483 880; x_wconf 92' lang='lat' dir='ltr'>eo</span> <span class='ocrx_word' id='word_1_159' title='bbox 2513 825 2680 897; x_wconf 90' lang='lat' dir='ltr'>quod</span> <span class='ocrx_word' id='word_1_160' title='bbox 2731 826 3007 881; x_wconf 88' lang='lat' dir='ltr'>nondum</span> <span class='ocrx_word' id='word_1_161' title='bbox 3044 832 3188 884; x_wconf 90' lang='lat' dir='ltr'>tunc</span> <span class='ocrx_word' id='word_1_162' title='bbox 3218 830 3528 885; x_wconf 72' lang='lat' dir='ltr'>essethaec</span> 
     </span>
    </p>
   </div>
   <div class='ocr_carea' id='block_1_24' title="bbox 1878 914 3529 987">
    <p class='ocr_par' dir='ltr' id='par_1_24' title="bbox 1878 914 3529 987">
     <span class='ocr_line' id='line_1_24' title="bbox 1878 914 3529 987; baseline 0.003 -18"><span class='ocrx_word' id='word_1_163' title='bbox 1878 918 2046 969; x_wconf 89' lang='lat' dir='ltr'>mota</span> <span class='ocrx_word' id='word_1_164' title='bbox 2100 915 2378 987; x_wconf 68' lang='lat' dir='ltr'>qumstio,</span> <span class='ocrx_word' id='word_1_165' title='bbox 2419 914 2526 970; x_wconf 92' lang='lat' dir='ltr'>sed</span> <span class='ocrx_word' id='word_1_166' title='bbox 2575 916 2703 971; x_wconf 89' lang='lat' dir='ltr'>sine</span> <span class='ocrx_word' id='word_1_167' title='bbox 2733 916 2966 971; x_wconf 86' lang='lat' dir='ltr'>insidiis</span> <span class='ocrx_word' id='word_1_168' title='bbox 3014 917 3193 973; x_wconf 89' lang='lat' dir='ltr'>insita</span> <span class='ocrx_word' id='word_1_169' title='bbox 3223 923 3377 974; x_wconf 88' lang='lat' dir='ltr'><strong>esset</strong></span> <span class='ocrx_word' id='word_1_170' title='bbox 3404 935 3529 975; x_wconf 85' lang='lat' dir='ltr'>cre-</span> 
     </span>
    </p>
   </div>
   <div class='ocr_carea' id='block_1_25' title="bbox 1879 1001 3530 1077">
    <p class='ocr_par' dir='ltr' id='par_1_25' title="bbox 1879 1001 3530 1077">
     <span class='ocr_line' id='line_1_25' title="bbox 1879 1001 3530 1077; baseline 0.003 -20"><span class='ocrx_word' id='word_1_171' title='bbox 1879 1001 2149 1058; x_wconf 88' lang='lat' dir='ltr'>dentium</span> <span class='ocrx_word' id='word_1_172' title='bbox 2182 1004 2401 1059; x_wconf 89' lang='lat' dir='ltr'>animis</span> <span class='ocrx_word' id='word_1_173' title='bbox 2432 1004 2505 1058; x_wconf 93' lang='lat' dir='ltr'>de</span> <span class='ocrx_word' id='word_1_174' title='bbox 2526 1003 2625 1059; x_wconf 89' lang='lat' dir='ltr'>illo</span> <span class='ocrx_word' id='word_1_175' title='bbox 2653 1006 2946 1061; x_wconf 88' lang='lat' dir='ltr'>sententia</span> <span class='ocrx_word' id='word_1_176' title='bbox 2974 1005 3298 1077; x_wconf 89' lang='lat' dir='ltr'>:paulatim</span> <span class='ocrx_word' id='word_1_177' title='bbox 3326 1012 3530 1063; x_wconf 87' lang='lat' dir='ltr'>autem</span> 
     </span>
    </p>
   </div>
   <div class='ocr_carea' id='block_1_26' title="bbox 1881 1094 3532 1168">
    <p class='ocr_par' dir='ltr' id='par_1_26' title="bbox 1881 1094 3532 1168">
     <span class='ocr_line' id='line_1_26' title="bbox 1881 1094 3532 1168; baseline 0.002 -20"><span class='ocrx_word' id='word_1_178' title='bbox 1881 1094 2210 1149; x_wconf 88' lang='lat' dir='ltr'><strong>crescentia</strong></span> <span class='ocrx_word' id='word_1_179' title='bbox 2239 1094 2561 1166; x_wconf 86' lang='lat' dir='ltr'>impietatis</span> <span class='ocrx_word' id='word_1_180' title='bbox 2597 1095 2850 1158; x_wconf 88' lang='lat' dir='ltr'>semina,</span> <span class='ocrx_word' id='word_1_181' title='bbox 2883 1110 3019 1167; x_wconf 71' lang='lat' dir='ltr'>quae</span> <span class='ocrx_word' id='word_1_182' title='bbox 3068 1096 3234 1168; x_wconf 91' lang='lat' dir='ltr'>prius</span> <span class='ocrx_word' id='word_1_183' title='bbox 3284 1096 3532 1168; x_wconf 87' lang='lat' dir='ltr'>quidem</span> 
     </span>
    </p>
   </div>
   <div class='ocr_carea' id='block_1_27' title="bbox 1882 1182 3533 1256">
    <p class='ocr_par' dir='ltr' id='par_1_27' title="bbox 1882 1182 3533 1256">
     <span class='ocr_line' id='line_1_27' title="bbox 1882 1182 3533 1256; baseline 0.001 -18"><span class='ocrx_word' id='word_1_184' title='bbox 1882 1183 1959 1239; x_wconf 92' lang='lat' dir='ltr'>ab</span> <span class='ocrx_word' id='word_1_185' title='bbox 1988 1182 2125 1238; x_wconf 87' lang='lat' dir='ltr'>Ario</span> <span class='ocrx_word' id='word_1_186' title='bbox 2142 1184 2382 1239; x_wconf 74' lang='lat' dir='ltr'>haeresis</span> <span class='ocrx_word' id='word_1_187' title='bbox 2414 1188 2653 1240; x_wconf 88' lang='lat' dir='ltr'>auctore</span> <span class='ocrx_word' id='word_1_188' title='bbox 2681 1184 2863 1255; x_wconf 88' lang='lat' dir='ltr'>jacta,</span> <span class='ocrx_word' id='word_1_189' title='bbox 2892 1188 3103 1256; x_wconf 92' lang='lat' dir='ltr'>postea</span> <span class='ocrx_word' id='word_1_190' title='bbox 3155 1200 3297 1241; x_wconf 84' lang='lat' dir='ltr'>vero</span> <span class='ocrx_word' id='word_1_191' title='bbox 3354 1185 3432 1240; x_wconf 91' lang='lat' dir='ltr'>ab</span> <span class='ocrx_word' id='word_1_192' title='bbox 3462 1184 3533 1240; x_wconf 91' lang='lat' dir='ltr'>iis</span> 
     </span>
    </p>
   </div>
   <div class='ocr_carea' id='block_1_28' title="bbox 1882 1272 3535 1346">
    <p class='ocr_par' dir='ltr' id='par_1_28' title="bbox 1882 1272 3535 1346">
     <span class='ocr_line' id='line_1_28' title="bbox 1882 1272 3535 1346; baseline 0.002 -19"><span class='ocrx_word' id='word_1_193' title='bbox 1882 1272 1985 1345; x_wconf 91' lang='lat' dir='ltr'>qui</span> <span class='ocrx_word' id='word_1_194' title='bbox 2006 1272 2162 1329; x_wconf 87' lang='lat' dir='ltr'>illius</span> <span class='ocrx_word' id='word_1_195' title='bbox 2193 1288 2422 1328; x_wconf 85' lang='lat' dir='ltr'>errores</span> <span class='ocrx_word' id='word_1_196' title='bbox 2451 1273 2728 1346; x_wconf 90' lang='lat' dir='ltr'>improbe</span> <span class='ocrx_word' id='word_1_197' title='bbox 2785 1278 3167 1346; x_wconf 86' lang='lat' dir='ltr'>exceperunt,</span> <span class='ocrx_word' id='word_1_198' title='bbox 3217 1274 3296 1331; x_wconf 90' lang='lat' dir='ltr'>ad</span> <span class='ocrx_word' id='word_1_199' title='bbox 3344 1274 3535 1330; x_wconf 88' lang='lat' dir='ltr'>Eccle-</span> 
     </span>
    </p>
   </div>
   <div class='ocr_carea' id='block_1_29' title="bbox 1884 1361 3534 1435">
    <p class='ocr_par' dir='ltr' id='par_1_29' title="bbox 1884 1361 3534 1435">
     <span class='ocr_line' id='line_1_29' title="bbox 1884 1361 3534 1435; baseline 0.002 -19"><span class='ocrx_word' id='word_1_200' title='bbox 1884 1361 2109 1418; x_wconf 89' lang='lat' dir='ltr'>siarum</span> <span class='ocrx_word' id='word_1_201' title='bbox 2161 1362 2487 1433; x_wconf 83' lang='lat' dir='ltr'>perniciem</span> <span class='ocrx_word' id='word_1_202' title='bbox 2540 1362 2796 1419; x_wconf 89' lang='lat' dir='ltr'>enutrita</span> <span class='ocrx_word' id='word_1_203' title='bbox 2850 1367 3007 1427; x_wconf 90' lang='lat' dir='ltr'>sunt,</span> <span class='ocrx_word' id='word_1_204' title='bbox 3036 1363 3291 1435; x_wconf 89' lang='lat' dir='ltr'>ipsaque</span> <span class='ocrx_word' id='word_1_205' title='bbox 3319 1362 3534 1435; x_wconf 87' lang='lat' dir='ltr'>impie-</span> 
     </span>
    </p>
   </div>
   <div class='ocr_carea' id='block_1_30' title="bbox 1883 1449 3536 1523">
    <p class='ocr_par' dir='ltr' id='par_1_30' title="bbox 1883 1449 3536 1523">
     <span class='ocr_line' id='line_1_30' title="bbox 1883 1449 3536 1523; baseline 0.001 -17"><span class='ocrx_word' id='word_1_206' title='bbox 1883 1449 2017 1506; x_wconf 90' lang='lat' dir='ltr'>tatis</span> <span class='ocrx_word' id='word_1_207' title='bbox 2044 1452 2223 1505; x_wconf 90' lang='lat' dir='ltr'>series</span> <span class='ocrx_word' id='word_1_208' title='bbox 2248 1451 2309 1505; x_wconf 92' lang='lat' dir='ltr'>in</span> <span class='ocrx_word' id='word_1_209' title='bbox 2336 1449 2779 1523; x_wconf 87' lang='lat' dir='ltr'>blasphemiam</span> <span class='ocrx_word' id='word_1_210' title='bbox 2828 1455 3036 1506; x_wconf 90' lang='lat' dir='ltr'>contra</span> <span class='ocrx_word' id='word_1_211' title='bbox 3092 1452 3374 1523; x_wconf 87' lang='lat' dir='ltr'>Spiritum</span> <span class='ocrx_word' id='word_1_212' title='bbox 3405 1469 3536 1508; x_wconf 83' lang='lat' dir='ltr'>eru-</span> 
     </span>
    </p>
   </div>
   <div class='ocr_carea' id='block_1_31' title="bbox 1882 1539 3533 1613">
    <p class='ocr_par' dir='ltr' id='par_1_31' title="bbox 1882 1539 3533 1613">
     <span class='ocr_line' id='line_1_31' title="bbox 1882 1539 3533 1613; baseline 0.002 -20"><span class='ocrx_word' id='word_1_213' title='bbox 1882 1539 2012 1612; x_wconf 91' lang='lat' dir='ltr'>pit:</span> <span class='ocrx_word' id='word_1_214' title='bbox 2062 1543 2380 1611; x_wconf 89' lang='lat' dir='ltr'>propterea</span> <span class='ocrx_word' id='word_1_215' title='bbox 2428 1539 2722 1595; x_wconf 89' lang='lat' dir='ltr'>adversus</span> <span class='ocrx_word' id='word_1_216' title='bbox 2767 1555 2890 1606; x_wconf 93' lang='lat' dir='ltr'>eos,</span> <span class='ocrx_word' id='word_1_217' title='bbox 2936 1540 3042 1612; x_wconf 92' lang='lat' dir='ltr'>qui</span> <span class='ocrx_word' id='word_1_218' title='bbox 3092 1540 3351 1613; x_wconf 91' lang='lat' dir='ltr'>sibiipsis</span> <span class='ocrx_word' id='word_1_219' title='bbox 3411 1556 3533 1597; x_wconf 92' lang='lat' dir='ltr'>non</span> 
     </span>
    </p>
   </div>
   <div class='ocr_carea' id='block_1_32' title="bbox 1883 1626 3534 1699">
    <p class='ocr_par' dir='ltr' id='par_1_32' title="bbox 1883 1626 3534 1699">
     <span class='ocr_line' id='line_1_32' title="bbox 1883 1626 3534 1699; baseline 0.001 -18"><span class='ocrx_word' id='word_1_220' title='bbox 1883 1631 2159 1699; x_wconf 88' lang='lat' dir='ltr'>parcunt,</span> <span class='ocrx_word' id='word_1_221' title='bbox 2191 1641 2388 1698; x_wconf 92' lang='lat' dir='ltr'>neque</span> <span class='ocrx_word' id='word_1_222' title='bbox 2411 1626 2782 1682; x_wconf 87' lang='lat' dir='ltr'>inevitabiles</span> <span class='ocrx_word' id='word_1_223' title='bbox 2808 1627 3002 1682; x_wconf 87' lang='lat' dir='ltr'>minas</span> <span class='ocrx_word' id='word_1_224' title='bbox 3047 1643 3083 1683; x_wconf 92' lang='lat' dir='ltr'>a</span> <span class='ocrx_word' id='word_1_225' title='bbox 3133 1628 3383 1683; x_wconf 90' lang='lat' dir='ltr'>Domino</span> <span class='ocrx_word' id='word_1_226' title='bbox 3430 1643 3534 1683; x_wconf 89' lang='lat' dir='ltr'>no-</span> 
     </span>
    </p>
   </div>
   <div class='ocr_carea' id='block_1_33' title="bbox 209 1715 1786 1795">
    <p class='ocr_par' dir='ltr' id='par_1_33' title="bbox 209 1715 1774 1795">
     <span class='ocr_line' id='line_1_33' title="bbox 209 1715 1774 1795; baseline -0.004 -21"><span class='ocrx_word' id='word_1_227' title='bbox 209 1725 569 1795; x_wconf 81' lang='grc' dir='ltr'>προορωμένους</span> <span class='ocrx_word' id='word_1_228' title='bbox 622 1723 715 1777; x_wconf 78' lang='grc' dir='ltr'>τὴν</span> <span class='ocrx_word' id='word_1_229' title='bbox 765 1720 987 1792; x_wconf 68' lang='grc' dir='ltr'>ἄφυκτον</span> <span class='ocrx_word' id='word_1_230' title='bbox 1037 1716 1270 1783; x_wconf 79' lang='grc' dir='ltr'>ἀπειλὴν,</span> <span class='ocrx_word' id='word_1_231' title='bbox 1309 1718 1369 1776; x_wconf 76' lang='grc' dir='ltr'>ἣν</span> <span class='ocrx_word' id='word_1_232' title='bbox 1399 1726 1504 1777; x_wconf 84' lang='grc' dir='ltr'>τοῖς</span> <span class='ocrx_word' id='word_1_233' title='bbox 1537 1715 1774 1789; x_wconf 79' lang='grc' dir='ltr'>βλασφη-</span> 
     </span>
    </p>
   </div>
   <div class='ocr_carea' id='block_1_34' title="bbox 1896 1715 3533 1795">
    <p class='ocr_par' dir='ltr' id='par_1_34' title="bbox 1896 1715 3533 1788">
     <span class='ocr_line' id='line_1_34' title="bbox 1896 1715 3533 1788; baseline 0 -18"><span class='ocrx_word' id='word_1_234' title='bbox 1896 1719 2011 1771; x_wconf 79' lang='lat' dir='ltr'>stro</span> <span class='ocrx_word' id='word_1_235' title='bbox 2072 1715 2321 1786; x_wconf 87' lang='lat' dir='ltr'>Spiritus</span> <span class='ocrx_word' id='word_1_236' title='bbox 2366 1716 2555 1771; x_wconf 91' lang='lat' dir='ltr'>sancti</span> <span class='ocrx_word' id='word_1_237' title='bbox 2586 1715 3179 1788; x_wconf 84' lang='lat' dir='ltr'>blasphematoribus</span> <span class='ocrx_word' id='word_1_238' title='bbox 3210 1717 3533 1773; x_wconf 86' lang='lat' dir='ltr'>intentatas</span> 
     </span>
    </p>
   </div>
   <div class='ocr_carea' id='block_1_35' title="bbox 211 1806 1777 1882">
    <p class='ocr_par' dir='ltr' id='par_1_35' title="bbox 211 1806 1777 1882">
     <span class='ocr_line' id='line_1_35' title="bbox 211 1806 1777 1882; baseline -0.004 -19"><span class='ocrx_word' id='word_1_239' title='bbox 211 1820 371 1882; x_wconf 82' lang='grc' dir='ltr'>μοῦσιν</span> <span class='ocrx_word' id='word_1_240' title='bbox 398 1810 461 1873; x_wconf 87' lang='grc' dir='ltr'>εἰς</span> <span class='ocrx_word' id='word_1_241' title='bbox 502 1813 563 1861; x_wconf 86' lang='grc' dir='ltr'>τό</span> <span class='ocrx_word' id='word_1_242' title='bbox 596 1816 807 1882; x_wconf 89' lang='grc' dir='ltr'>Πνεῦμα</span> <span class='ocrx_word' id='word_1_243' title='bbox 833 1811 890 1860; x_wconf 89' lang='grc' dir='ltr'>τό</span> <span class='ocrx_word' id='word_1_244' title='bbox 920 1808 1067 1880; x_wconf 81' lang='grc' dir='ltr'>οἶγιον</span> <span class='ocrx_word' id='word_1_245' title='bbox 1094 1809 1119 1859; x_wconf 91' lang='lat'>6</span> <span class='ocrx_word' id='word_1_246' title='bbox 1183 1810 1373 1881; x_wconf 81' lang='grc' dir='ltr'>Κύριος</span> <span class='ocrx_word' id='word_1_247' title='bbox 1428 1809 1455 1865; x_wconf 78' lang='grc' dir='ltr'><strong>ἡ</strong></span> <span class='ocrx_word' id='word_1_248' title='bbox 1465 1815 1572 1880; x_wconf 84' lang='grc' dir='ltr'>μῶν</span> <span class='ocrx_word' id='word_1_249' title='bbox 1630 1806 1777 1858; x_wconf 79' lang='grc' dir='ltr'>ἐπαν-</span> 
     </span>
    </p>
   </div>
   <div class='ocr_carea' id='block_1_36' title="bbox 212 1896 1779 1972">
    <p class='ocr_par' dir='ltr' id='par_1_36' title="bbox 212 1896 1779 1972">
     <span class='ocr_line' id='line_1_36' title="bbox 212 1896 1779 1972; baseline -0.004 -19"><span class='ocrx_word' id='word_1_250' title='bbox 212 1906 403 1953; x_wconf 84' lang='grc' dir='ltr'>ετείνατο</span> <span class='ocrx_word' id='word_1_251' title='bbox 476 1899 616 1966; x_wconf 71' lang='grc'>(60),</span> <span class='ocrx_word' id='word_1_252' title='bbox 687 1896 843 1949; x_wconf 77' lang='grc' dir='ltr'>ἐκεῖνο</span> <span class='ocrx_word' id='word_1_253' title='bbox 909 1902 1210 1972; x_wconf 75' lang='grc' dir='ltr'>προτείνειν,</span> <span class='ocrx_word' id='word_1_254' title='bbox 1278 1899 1355 1949; x_wconf 86' lang='grc' dir='ltr'>ὅτι</span> <span class='ocrx_word' id='word_1_255' title='bbox 1430 1900 1538 1969; x_wconf 76' lang='grc' dir='ltr'>χρὴ</span> <span class='ocrx_word' id='word_1_256' title='bbox 1591 1896 1779 1958; x_wconf 68' lang='grc' dir='ltr'>αὐτοὺς</span> 
     </span>
    </p>
   </div>
   <div class='ocr_carea' id='block_1_37' title="bbox 213 1985 1777 2061">
    <p class='ocr_par' dir='ltr' id='par_1_37' title="bbox 213 1985 1777 2061">
     <span class='ocr_line' id='line_1_37' title="bbox 213 1985 1777 2061; baseline -0.003 -21"><span class='ocrx_word' id='word_1_257' title='bbox 213 1988 577 2061; x_wconf 73' lang='grc' dir='ltr'>ἀναθεματίζειν</span> <span class='ocrx_word' id='word_1_258' title='bbox 629 1990 747 2050; x_wconf 70' lang='grc' dir='ltr'>τοὺς</span> <span class='ocrx_word' id='word_1_259' title='bbox 797 1985 1035 2058; x_wconf 72' lang='grc' dir='ltr'>λέγοντας</span> <span class='ocrx_word' id='word_1_260' title='bbox 1100 1988 1301 2060; x_wconf 84' lang='grc' dir='ltr'>κτίσμα</span> <span class='ocrx_word' id='word_1_261' title='bbox 1363 1989 1421 2038; x_wconf 86' lang='grc' dir='ltr'>τό</span> <span class='ocrx_word' id='word_1_262' title='bbox 1462 1992 1668 2058; x_wconf 80' lang='grc' dir='ltr'>Πνεῦμα</span> <span class='ocrx_word' id='word_1_263' title='bbox 1719 1988 1777 2037; x_wconf 89' lang='grc' dir='ltr'>τό</span> 
     </span>
    </p>
   </div>
   <div class='ocr_carea' id='block_1_38' title="bbox 209 2074 1780 2151">
    <p class='ocr_par' dir='ltr' id='par_1_38' title="bbox 209 2074 1780 2151">
     <span class='ocr_line' id='line_1_38' title="bbox 209 2074 1780 2151; baseline -0.002 -22"><span class='ocrx_word' id='word_1_264' title='bbox 209 2078 351 2151; x_wconf 74' lang='grc' dir='ltr'>ἅγιον,</span> <span class='ocrx_word' id='word_1_265' title='bbox 402 2081 490 2130; x_wconf 81' lang='grc' dir='ltr'>καὶ</span> <span class='ocrx_word' id='word_1_266' title='bbox 539 2080 655 2137; x_wconf 76' lang='grc' dir='ltr'>τοὺς</span> <span class='ocrx_word' id='word_1_267' title='bbox 704 2083 946 2144; x_wconf 75' lang='grc' dir='ltr'>νοοῦντας</span> <span class='ocrx_word' id='word_1_268' title='bbox 1002 2076 1158 2143; x_wconf 73' lang='grc' dir='ltr'>οὕτω,</span> <span class='ocrx_word' id='word_1_269' title='bbox 1215 2080 1305 2129; x_wconf 87' lang='grc' dir='ltr'>καὶ</span> <span class='ocrx_word' id='word_1_270' title='bbox 1346 2079 1465 2139; x_wconf 83' lang='grc' dir='ltr'>τοὺς</span> <span class='ocrx_word' id='word_1_271' title='bbox 1496 2079 1566 2146; x_wconf 73' lang='grc' dir='ltr'>μὴ</span> <span class='ocrx_word' id='word_1_272' title='bbox 1602 2074 1780 2148; x_wconf 75' lang='grc' dir='ltr'>ὁμολοο</span> 
     </span>
    </p>
   </div>
   <div class='ocr_carea' id='block_1_39' title="bbox 209 2162 1780 2239">
    <p class='ocr_par' dir='ltr' id='par_1_39' title="bbox 209 2162 1780 2239">
     <span class='ocr_line' id='line_1_39' title="bbox 209 2162 1780 2239; baseline -0.003 -20"><span class='ocrx_word' id='word_1_273' title='bbox 209 2176 398 2239; x_wconf 78' lang='grc' dir='ltr'>γοῦντας</span> <span class='ocrx_word' id='word_1_274' title='bbox 442 2166 574 2219; x_wconf 70' lang='grc' dir='ltr'>αὐτὸ</span> <span class='ocrx_word' id='word_1_275' title='bbox 642 2169 794 2239; x_wconf 70' lang='grc' dir='ltr'>φύσει</span> <span class='ocrx_word' id='word_1_276' title='bbox 840 2166 989 2237; x_wconf 76' lang='grc' dir='ltr'>ἅγιον</span> <span class='ocrx_word' id='word_1_277' title='bbox 1021 2162 1169 2229; x_wconf 79' lang='grc' dir='ltr'>εἶναι,</span> <span class='ocrx_word' id='word_1_278' title='bbox 1222 2168 1285 2226; x_wconf 88' lang='grc' dir='ltr'>ὡς</span> <span class='ocrx_word' id='word_1_279' title='bbox 1316 2167 1427 2217; x_wconf 79' lang='grc' dir='ltr'>ἔστι</span> <span class='ocrx_word' id='word_1_280' title='bbox 1452 2167 1602 2238; x_wconf 75' lang='grc' dir='ltr'>φύσει</span> <span class='ocrx_word' id='word_1_281' title='bbox 1636 2166 1780 2236; x_wconf 71' lang='grc' dir='ltr'>ἅγιος</span> 
     </span>
    </p>
   </div>
   <div class='ocr_carea' id='block_1_40' title="bbox 207 2253 1781 2331">
    <p class='ocr_par' dir='ltr' id='par_1_40' title="bbox 207 2253 1781 2331">
     <span class='ocr_line' id='line_1_40' title="bbox 207 2253 1781 2331; baseline -0.002 -22"><span class='ocrx_word' id='word_1_282' title='bbox 207 2259 226 2309; x_wconf 83' lang='grc' dir='ltr'><strong><em>ὁ</em></strong></span> <span class='ocrx_word' id='word_1_283' title='bbox 274 2261 459 2331; x_wconf 72' lang='grc' dir='ltr'>Πατὴρ,</span> <span class='ocrx_word' id='word_1_284' title='bbox 522 2261 612 2308; x_wconf 61' lang='grc' dir='ltr'>καὶ</span> <span class='ocrx_word' id='word_1_285' title='bbox 674 2257 825 2327; x_wconf 78' lang='grc' dir='ltr'>φύσει</span> <span class='ocrx_word' id='word_1_286' title='bbox 872 2256 1022 2326; x_wconf 80' lang='grc' dir='ltr'>ἅγιος</span> <span class='ocrx_word' id='word_1_287' title='bbox 1054 2256 1080 2307; x_wconf 85' lang='grc' dir='ltr'>ὁ</span> <span class='ocrx_word' id='word_1_288' title='bbox 1111 2257 1245 2320; x_wconf 80' lang='grc' dir='ltr'>Υἱός,</span> <span class='ocrx_word' id='word_1_289' title='bbox 1281 2253 1383 2305; x_wconf 85' lang='grc' dir='ltr'>ἀλλ’</span> <span class='ocrx_word' id='word_1_290' title='bbox 1414 2254 1781 2316; x_wconf 80' lang='grc' dir='ltr'>ἁποξενοῦντας</span> 
     </span>
    </p>
   </div>
   <div class='ocr_carea' id='block_1_41' title="bbox 210 2338 1781 2416">
    <p class='ocr_par' dir='ltr' id='par_1_41' title="bbox 210 2338 1781 2416">
     <span class='ocr_line' id='line_1_41' title="bbox 210 2338 1781 2416; baseline -0.001 -19"><span class='ocrx_word' id='word_1_291' title='bbox 210 2346 313 2398; x_wconf 66' lang='grc' dir='ltr'>αὐτὸ</span> <span class='ocrx_word' id='word_1_292' title='bbox 336 2354 425 2405; x_wconf 79' lang='grc' dir='ltr'>τῆς</span> <span class='ocrx_word' id='word_1_293' title='bbox 472 2347 619 2407; x_wconf 83' lang='grc' dir='ltr'>θείας</span> <span class='ocrx_word' id='word_1_294' title='bbox 658 2349 747 2396; x_wconf 84' lang='grc' dir='ltr'>καὶ</span> <span class='ocrx_word' id='word_1_295' title='bbox 803 2348 1064 2416; x_wconf 79' lang='grc' dir='ltr'>μακαρίας</span> <span class='ocrx_word' id='word_1_296' title='bbox 1117 2346 1338 2416; x_wconf 76' lang='grc' dir='ltr'>φύσεως.</span> <span class='ocrx_word' id='word_1_297' title='bbox 1394 2339 1689 2405; x_wconf 70' lang='grc' dir='ltr'>Ἀπόδειξις</span> <span class='ocrx_word' id='word_1_298' title='bbox 1724 2338 1781 2395; x_wconf 74' lang='grc' dir='ltr'>δὲ</span> 
     </span>
    </p>
   </div>
   <div class='ocr_carea' id='block_1_42' title="bbox 207 2433 1782 2511">
    <p class='ocr_par' dir='ltr' id='par_1_42' title="bbox 207 2433 1782 2511">
     <span class='ocr_line' id='line_1_42' title="bbox 207 2433 1782 2511; baseline -0.003 -24"><span class='ocrx_word' id='word_1_299' title='bbox 207 2442 282 2487; x_wconf 84' lang='grc' dir='ltr'>τοῦ</span> <span class='ocrx_word' id='word_1_300' title='bbox 330 2435 477 2511; x_wconf 82' lang='grc' dir='ltr'>ὀρθοῦ</span> <span class='ocrx_word' id='word_1_301' title='bbox 546 2439 871 2507; x_wconf 74' lang='grc' dir='ltr'>φρονήματος</span> <span class='ocrx_word' id='word_1_302' title='bbox 918 2437 978 2485; x_wconf 86' lang='grc' dir='ltr'>τό</span> <span class='ocrx_word' id='word_1_303' title='bbox 1010 2435 1099 2506; x_wconf 81' lang='grc' dir='ltr'>’μὴ</span> <span class='ocrx_word' id='word_1_304' title='bbox 1132 2433 1384 2506; x_wconf 80' lang='grc' dir='ltr'>χωρίζειν</span> <span class='ocrx_word' id='word_1_305' title='bbox 1424 2433 1547 2484; x_wconf 71' lang='grc' dir='ltr'>αὐτὸ</span> <span class='ocrx_word' id='word_1_306' title='bbox 1579 2434 1782 2505; x_wconf 91' lang='grc' dir='ltr'>Πατρός</span> 
     </span>
    </p>
   </div>
   <div class='ocr_carea' id='block_1_43' title="bbox 207 2519 1783 2607">
    <p class='ocr_par' dir='ltr' id='par_1_43' title="bbox 207 2519 1783 2607">
     <span class='ocr_line' id='line_1_43' title="bbox 207 2519 1783 2607; baseline -0.001 -33"><span class='ocrx_word' id='word_1_307' title='bbox 207 2529 282 2576; x_wconf 73' lang='grc' dir='ltr'>καί</span> <span class='ocrx_word' id='word_1_308' title='bbox 325 2527 442 2577; x_wconf 88' lang='grc' dir='ltr'>Υἱοῦ</span> <span class='ocrx_word' id='word_1_309' title='bbox 491 2519 613 2607; x_wconf 73' lang='grc' dir='ltr'>(δεῖ</span> <span class='ocrx_word' id='word_1_310' title='bbox 646 2526 763 2607; x_wconf 72' lang='grc' dir='ltr'>Δγόιρ</span> <span class='ocrx_word' id='word_1_311' title='bbox 822 2524 961 2595; x_wconf 81' lang='grc' dir='ltr'>ἡμᾶς</span> <span class='ocrx_word' id='word_1_312' title='bbox 1018 2521 1375 2595; x_wconf 76' lang='grc' dir='ltr'>βαπτίζεσθαι</span> <span class='ocrx_word' id='word_1_313' title='bbox 1409 2524 1519 2592; x_wconf 75' lang='grc' dir='ltr'>μὲν,</span> <span class='ocrx_word' id='word_1_314' title='bbox 1560 2524 1624 2581; x_wconf 82' lang='grc' dir='ltr'>ὡς</span> <span class='ocrx_word' id='word_1_315' title='bbox 1654 2541 1783 2596; x_wconf 86' lang='grc' dir='ltr'>παρ-</span> 
     </span>
    </p>
   </div>
   <div class='ocr_carea' id='block_1_44' title="bbox 213 2603 1781 2686">
    <p class='ocr_par' dir='ltr' id='par_1_44' title="bbox 213 2603 1781 2686">
     <span class='ocr_line' id='line_1_44' title="bbox 213 2603 1781 2686; baseline -0.003 -20"><span class='ocrx_word' id='word_1_316' title='bbox 213 2612 440 2686; x_wconf 64' lang='grc' dir='ltr'>ελάϐομεν</span> <span class='ocrx_word' id='word_1_317' title='bbox 498 2603 773 2666; x_wconf 55' lang='grc' dir='ltr'>Δεἶνιινττῖύειν</span> <span class='ocrx_word' id='word_1_318' title='bbox 833 2608 909 2681; x_wconf 80' lang='grc' dir='ltr'>δέ,</span> <span class='ocrx_word' id='word_1_319' title='bbox 969 2614 1033 2672; x_wconf 87' lang='grc' dir='ltr'>ὡς</span> <span class='ocrx_word' id='word_1_320' title='bbox 1094 2610 1480 2684; x_wconf 69' lang='grc' dir='ltr'>βαπτιζόμεθω</span> <span class='ocrx_word' id='word_1_321' title='bbox 1544 2607 1781 2674; x_wconf 77' lang='grc' dir='ltr'>δοξάζειν</span> 
     </span>
    </p>
   </div>
   <div class='ocr_carea' id='block_1_45' title="bbox 212 2698 1783 2777">
    <p class='ocr_par' dir='ltr' id='par_1_45' title="bbox 212 2698 1783 2777">
     <span class='ocr_line' id='line_1_45' title="bbox 212 2698 1783 2777; baseline -0.002 -24"><span class='ocrx_word' id='word_1_322' title='bbox 212 2698 277 2771; x_wconf 79' lang='grc' dir='ltr'>δί,</span> <span class='ocrx_word' id='word_1_323' title='bbox 320 2705 380 2763; x_wconf 79' lang='grc' dir='ltr'>ὡς</span> <span class='ocrx_word' id='word_1_324' title='bbox 431 2703 879 2775; x_wconf 78' lang='grc' dir='ltr'>πεπιστεύκαμεν,</span> <span class='ocrx_word' id='word_1_325' title='bbox 940 2703 1147 2777; x_wconf 78' lang='grc' dir='ltr'>Πατέρα</span> <span class='ocrx_word' id='word_1_326' title='bbox 1193 2704 1282 2751; x_wconf 87' lang='grc' dir='ltr'>καὶ</span> <span class='ocrx_word' id='word_1_327' title='bbox 1342 2702 1460 2753; x_wconf 82' lang='grc' dir='ltr'>Υἰόν</span> <span class='ocrx_word' id='word_1_328' title='bbox 1517 2704 1605 2751; x_wconf 85' lang='grc' dir='ltr'>καὶ</span> <span class='ocrx_word' id='word_1_329' title='bbox 1636 2700 1783 2771; x_wconf 81' lang='grc' dir='ltr'>ἅγιον</span> 
     </span>
    </p>
   </div>
   <div class='ocr_carea' id='block_1_46' title="bbox 212 2786 1787 2863">
    <p class='ocr_par' dir='ltr' id='par_1_46' title="bbox 212 2786 1787 2863">
     <span class='ocr_line' id='line_1_46' title="bbox 212 2786 1787 2863; baseline -0.003 -20"><span class='ocrx_word' id='word_1_330' title='bbox 212 2793 432 2863; x_wconf 81' lang='grc' dir='ltr'>Πνεῦμα),</span> <span class='ocrx_word' id='word_1_331' title='bbox 491 2790 828 2863; x_wconf 78' lang='grc' dir='ltr'>ἀφίστασθαι</span> <span class='ocrx_word' id='word_1_332' title='bbox 875 2786 934 2842; x_wconf 64' lang='grc' dir='ltr'>δι</span> <span class='ocrx_word' id='word_1_333' title='bbox 989 2798 1080 2850; x_wconf 80' lang='grc' dir='ltr'>τῆς</span> <span class='ocrx_word' id='word_1_334' title='bbox 1127 2793 1393 2850; x_wconf 84' lang='grc' dir='ltr'>κοινωνίας</span> <span class='ocrx_word' id='word_1_335' title='bbox 1446 2797 1544 2841; x_wconf 87' lang='grc' dir='ltr'>τῶν</span> <span class='ocrx_word' id='word_1_336' title='bbox 1585 2793 1787 2863; x_wconf 84' lang='grc' dir='ltr'>κτίσμα</span> 
     </span>
    </p>
   </div>
   <div class='ocr_carea' id='block_1_47' title="bbox 207 2880 609 2951">
    <p class='ocr_par' dir='ltr' id='par_1_47' title="bbox 207 2880 609 2951">
     <span class='ocr_line' id='line_1_47' title="bbox 207 2880 609 2951; baseline 0.002 -20"><span class='ocrx_word' id='word_1_337' title='bbox 207 2880 445 2951; x_wconf 67' lang='grc' dir='ltr'>λεγόντων,</span> <span class='ocrx_word' id='word_1_338' title='bbox 532 2884 609 2944; x_wconf 82' lang='grc' dir='ltr'>ὡς</span> 
     </span>
    </p>
   </div>
   <div class='ocr_carea' id='block_1_48' title="bbox 703 2877 1783 2954">
    <p class='ocr_par' dir='ltr' id='par_1_48' title="bbox 703 2877 1783 2954">
     <span class='ocr_line' id='line_1_48' title="bbox 703 2877 1783 2954; baseline -0.002 -22"><span class='ocrx_word' id='word_1_339' title='bbox 703 2888 929 2953; x_wconf 75' lang='grc' dir='ltr'>φανερῶς</span> <span class='ocrx_word' id='word_1_340' title='bbox 1028 2878 1498 2954; x_wconf 73' lang='grc' dir='ltr'>βλασφημούντων*</span> <span class='ocrx_word' id='word_1_341' title='bbox 1592 2877 1783 2932; x_wconf 79' lang='grc' dir='ltr'>ἐκείνου</span> 
     </span>
    </p>
   </div>
   <div class='ocr_carea' id='block_1_49' title="bbox 212 2965 1788 3044">
    <p class='ocr_par' dir='ltr' id='par_1_49' title="bbox 212 2965 1788 3044">
     <span class='ocr_line' id='line_1_49' title="bbox 212 2965 1788 3044; baseline -0.001 -24"><span class='ocrx_word' id='word_1_342' title='bbox 212 2966 651 3043; x_wconf 79' lang='grc' dir='ltr'>διωμολαγημένου</span> <span class='ocrx_word' id='word_1_343' title='bbox 711 2969 994 3044; x_wconf 83' lang='grc' dir='ltr'>(ἀναγκαία</span> <span class='ocrx_word' id='word_1_344' title='bbox 1048 2971 1149 3043; x_wconf 78' lang='grc' dir='ltr'>γὰρ</span> <span class='ocrx_word' id='word_1_345' title='bbox 1202 2972 1231 3027; x_wconf 83' lang='grc' dir='ltr'>ἡ</span> <span class='ocrx_word' id='word_1_346' title='bbox 1292 2968 1665 3042; x_wconf 84' lang='grc' dir='ltr'>ἐπισημείωσις</span> <span class='ocrx_word' id='word_1_347' title='bbox 1696 2965 1788 3019; x_wconf 77' lang='grc' dir='ltr'>διὰ</span> 
     </span>
    </p>
   </div>
   <div class='ocr_carea' id='block_1_50' title="bbox 1885 1804 3534 1878">
    <p class='ocr_par' dir='ltr' id='par_1_50' title="bbox 1885 1804 3534 1878">
     <span class='ocr_line' id='line_1_50' title="bbox 1885 1804 3534 1878; baseline 0.002 -19"><span class='ocrx_word' id='word_1_348' title='bbox 1885 1804 2281 1877; x_wconf 89' lang='lat' dir='ltr'>prospiciunt,</span> <span class='ocrx_word' id='word_1_349' title='bbox 2334 1804 2483 1859; x_wconf 92' lang='lat' dir='ltr'>illud</span> <span class='ocrx_word' id='word_1_350' title='bbox 2534 1805 2877 1862; x_wconf 85' lang='lat' dir='ltr'>necessario</span> <span class='ocrx_word' id='word_1_351' title='bbox 2903 1805 3369 1878; x_wconf 90' lang='lat' dir='ltr'>proponendum</span> <span class='ocrx_word' id='word_1_352' title='bbox 3402 1809 3490 1862; x_wconf 90' lang='lat' dir='ltr'>cst</span> <span class='ocrx_word' id='word_1_353' title='bbox 3520 1822 3534 1862; x_wconf 89' lang='lat'><strong>:</strong></span> 
     </span>
    </p>
   </div>
   <div class='ocr_carea' id='block_1_51' title="bbox 1887 1894 3537 1968">
    <p class='ocr_par' dir='ltr' id='par_1_51' title="bbox 1887 1894 3537 1968">
     <span class='ocr_line' id='line_1_51' title="bbox 1887 1894 3537 1968; baseline 0.001 -19"><span class='ocrx_word' id='word_1_354' title='bbox 1887 1899 2160 1966; x_wconf 88' lang='lat' dir='ltr'>oportere</span> <span class='ocrx_word' id='word_1_355' title='bbox 2219 1898 2281 1949; x_wconf 93' lang='lat' dir='ltr'>ut</span> <span class='ocrx_word' id='word_1_356' title='bbox 2319 1894 2701 1950; x_wconf 86' lang='lat' dir='ltr'>anathemate</span> <span class='ocrx_word' id='word_1_357' title='bbox 2750 1894 2962 1951; x_wconf 88' lang='lat' dir='ltr'>feriant</span> <span class='ocrx_word' id='word_1_358' title='bbox 2986 1910 3089 1951; x_wconf 91' lang='lat' dir='ltr'>eos</span> <span class='ocrx_word' id='word_1_359' title='bbox 3121 1895 3225 1968; x_wconf 92' lang='lat' dir='ltr'>qui</span> <span class='ocrx_word' id='word_1_360' title='bbox 3254 1894 3537 1968; x_wconf 87' lang='lat' dir='ltr'>Spiritum</span> 
     </span>
    </p>
   </div>
   <div class='ocr_carea' id='block_1_52' title="bbox 1888 1983 3537 2059">
    <p class='ocr_par' dir='ltr' id='par_1_52' title="bbox 1888 1983 3537 2059">
     <span class='ocr_line' id='line_1_52' title="bbox 1888 1983 3537 2059; baseline 0.002 -22"><span class='ocrx_word' id='word_1_361' title='bbox 1888 1989 2168 2039; x_wconf 89' lang='lat' dir='ltr'>sanctum</span> <span class='ocrx_word' id='word_1_362' title='bbox 2221 1983 2428 2039; x_wconf 88' lang='lat' dir='ltr'>dicunt</span> <span class='ocrx_word' id='word_1_363' title='bbox 2475 2000 2609 2039; x_wconf 89' lang='lat' dir='ltr'>esse</span> <span class='ocrx_word' id='word_1_364' title='bbox 2658 1989 3018 2054; x_wconf 88' lang='lat' dir='ltr'>creaturam,</span> <span class='ocrx_word' id='word_1_365' title='bbox 3070 1989 3128 2041; x_wconf 92' lang='lat' dir='ltr'>et</span> <span class='ocrx_word' id='word_1_366' title='bbox 3180 2001 3283 2041; x_wconf 90' lang='lat' dir='ltr'>eos</span> <span class='ocrx_word' id='word_1_367' title='bbox 3310 1986 3415 2059; x_wconf 83' lang='lat' dir='ltr'>qui</span> <span class='ocrx_word' id='word_1_368' title='bbox 3452 1985 3537 2040; x_wconf 80' lang='lat' dir='ltr'>sic</span> 
     </span>
    </p>
   </div>
   <div class='ocr_carea' id='block_1_53' title="bbox 1890 2073 3539 2145">
    <p class='ocr_par' dir='ltr' id='par_1_53' title="bbox 1890 2073 3539 2145">
     <span class='ocr_line' id='line_1_53' title="bbox 1890 2073 3539 2145; baseline 0.002 -18"><span class='ocrx_word' id='word_1_369' title='bbox 1890 2073 2169 2140; x_wconf 90' lang='lat' dir='ltr'>sentiunt,</span> <span class='ocrx_word' id='word_1_370' title='bbox 2202 2076 2257 2129; x_wconf 91' lang='lat' dir='ltr'>et</span> <span class='ocrx_word' id='word_1_371' title='bbox 2290 2088 2391 2129; x_wconf 90' lang='lat' dir='ltr'>eos</span> <span class='ocrx_word' id='word_1_372' title='bbox 2423 2073 2528 2145; x_wconf 92' lang='lat' dir='ltr'>qui</span> <span class='ocrx_word' id='word_1_373' title='bbox 2558 2088 2680 2127; x_wconf 93' lang='lat' dir='ltr'>non</span> <span class='ocrx_word' id='word_1_374' title='bbox 2728 2073 3086 2129; x_wconf 85' lang='lat' dir='ltr'>confitentur</span> <span class='ocrx_word' id='word_1_375' title='bbox 3130 2090 3269 2130; x_wconf 92' lang='lat' dir='ltr'>eum</span> <span class='ocrx_word' id='word_1_376' title='bbox 3322 2077 3539 2131; x_wconf 88' lang='lat' dir='ltr'>natura</span> 
     </span>
    </p>
   </div>
   <div class='ocr_carea' id='block_1_54' title="bbox 1889 2162 3541 2231">
    <p class='ocr_par' dir='ltr' id='par_1_54' title="bbox 1889 2162 3541 2231">
     <span class='ocr_line' id='line_1_54' title="bbox 1889 2162 3541 2231; baseline 0.002 -15"><span class='ocrx_word' id='word_1_377' title='bbox 1889 2167 2165 2218; x_wconf 89' lang='lat' dir='ltr'>sanctum</span> <span class='ocrx_word' id='word_1_378' title='bbox 2198 2178 2350 2229; x_wconf 92' lang='lat' dir='ltr'>esse,</span> <span class='ocrx_word' id='word_1_379' title='bbox 2386 2162 2542 2218; x_wconf 85' lang='lat' dir='ltr'>sicut</span> <span class='ocrx_word' id='word_1_380' title='bbox 2569 2166 2785 2219; x_wconf 89' lang='lat' dir='ltr'>natura</span> <span class='ocrx_word' id='word_1_381' title='bbox 2815 2166 3057 2219; x_wconf 91' lang='lat' dir='ltr'>sanctus</span> <span class='ocrx_word' id='word_1_382' title='bbox 3110 2168 3198 2219; x_wconf 92' lang='lat' dir='ltr'>est</span> <span class='ocrx_word' id='word_1_383' title='bbox 3252 2167 3440 2231; x_wconf 89' lang='lat' dir='ltr'>Pater,</span> <span class='ocrx_word' id='word_1_384' title='bbox 3483 2167 3541 2220; x_wconf 91' lang='lat' dir='ltr'>et</span> 
     </span>
    </p>
   </div>
   <div class='ocr_carea' id='block_1_55' title="bbox 1887 2251 3540 2325">
    <p class='ocr_par' dir='ltr' id='par_1_55' title="bbox 1887 2251 3540 2325">
     <span class='ocr_line' id='line_1_55' title="bbox 1887 2251 3540 2325; baseline 0 -18"><span class='ocrx_word' id='word_1_385' title='bbox 1887 2255 2104 2307; x_wconf 88' lang='lat' dir='ltr'>natura</span> <span class='ocrx_word' id='word_1_386' title='bbox 2126 2257 2368 2307; x_wconf 89' lang='lat' dir='ltr'>sanctus</span> <span class='ocrx_word' id='word_1_387' title='bbox 2393 2257 2479 2308; x_wconf 92' lang='lat' dir='ltr'>est</span> <span class='ocrx_word' id='word_1_388' title='bbox 2518 2251 2715 2321; x_wconf 85' lang='lat' dir='ltr'>Filius,</span> <span class='ocrx_word' id='word_1_389' title='bbox 2767 2251 2874 2307; x_wconf 93' lang='lat' dir='ltr'>sed</span> <span class='ocrx_word' id='word_1_390' title='bbox 2904 2252 3104 2325; x_wconf 91' lang='lat' dir='ltr'>ipsum</span> <span class='ocrx_word' id='word_1_391' title='bbox 3134 2269 3169 2308; x_wconf 90' lang='lat' dir='ltr'>a</span> <span class='ocrx_word' id='word_1_392' title='bbox 3212 2252 3413 2307; x_wconf 90' lang='lat' dir='ltr'>divina</span> <span class='ocrx_word' id='word_1_393' title='bbox 3469 2267 3540 2308; x_wconf 87' lang='lat' dir='ltr'>ac</span> 
     </span>
    </p>
   </div>
   <div class='ocr_carea' id='block_1_56' title="bbox 1888 2340 3541 2399">
    <p class='ocr_par' dir='ltr' id='par_1_56' title="bbox 1888 2340 3541 2399">
     <span class='ocr_line' id='line_1_56' title="bbox 1888 2340 3541 2399; baseline 0.002 -3"><span class='ocrx_word' id='word_1_394' title='bbox 1888 2340 2067 2397; x_wconf 88' lang='lat' dir='ltr'>beata</span> <span class='ocrx_word' id='word_1_395' title='bbox 2091 2347 2305 2397; x_wconf 90' lang='lat' dir='ltr'>natura</span> <span class='ocrx_word' id='word_1_396' title='bbox 2334 2341 2701 2398; x_wconf 83' lang='lat' dir='ltr'>abalienant.</span> <span class='ocrx_word' id='word_1_397' title='bbox 2758 2345 2949 2399; x_wconf 58' lang='lat' dir='ltr'>[tectae</span> <span class='ocrx_word' id='word_1_398' title='bbox 2981 2347 3181 2398; x_wconf 91' lang='lat' dir='ltr'>autem</span> <span class='ocrx_word' id='word_1_399' title='bbox 3234 2342 3541 2399; x_wconf 66' lang='lat' dir='ltr'>sententias</span> 
     </span>
    </p>
   </div>
   <div class='ocr_carea' id='block_1_57' title="bbox 1890 2432 3545 2505">
    <p class='ocr_par' dir='ltr' id='par_1_57' title="bbox 1890 2432 3545 2505">
     <span class='ocr_line' id='line_1_57' title="bbox 1890 2432 3545 2505; baseline 0 -18"><span class='ocrx_word' id='word_1_400' title='bbox 1890 2437 2316 2500; x_wconf 85' lang='lat' dir='ltr'>argumentum</span> <span class='ocrx_word' id='word_1_401' title='bbox 2359 2436 2464 2501; x_wconf 88' lang='lat' dir='ltr'>est,</span> <span class='ocrx_word' id='word_1_402' title='bbox 2496 2432 2664 2487; x_wconf 90' lang='lat' dir='ltr'>illum</span> <span class='ocrx_word' id='word_1_403' title='bbox 2695 2448 2818 2488; x_wconf 94' lang='lat' dir='ltr'>non</span> <span class='ocrx_word' id='word_1_404' title='bbox 2849 2448 3129 2505; x_wconf 89' lang='lat' dir='ltr'>separare</span> <span class='ocrx_word' id='word_1_405' title='bbox 3177 2448 3213 2487; x_wconf 88' lang='lat' dir='ltr'>a</span> <span class='ocrx_word' id='word_1_406' title='bbox 3266 2432 3436 2487; x_wconf 88' lang='lat' dir='ltr'>Patre</span> <span class='ocrx_word' id='word_1_407' title='bbox 3490 2432 3545 2487; x_wconf 90' lang='lat' dir='ltr'>et</span> 
     </span>
    </p>
   </div>
   <div class='ocr_carea' id='block_1_58' title="bbox 1892 2520 3543 2595">
    <p class='ocr_par' dir='ltr' id='par_1_58' title="bbox 1892 2520 3543 2595">
     <span class='ocr_line' id='line_1_58' title="bbox 1892 2520 3543 2595; baseline 0.001 -18"><span class='ocrx_word' id='word_1_408' title='bbox 1892 2521 2033 2577; x_wconf 87' lang='lat' dir='ltr'>Filio</span> <span class='ocrx_word' id='word_1_409' title='bbox 2057 2521 2488 2594; x_wconf 89' lang='lat' dir='ltr'>(oportetenim</span> <span class='ocrx_word' id='word_1_410' title='bbox 2524 2536 2636 2577; x_wconf 92' lang='lat' dir='ltr'>nos</span> <span class='ocrx_word' id='word_1_411' title='bbox 2689 2520 2981 2594; x_wconf 87' lang='lat' dir='ltr'>baptizari</span> <span class='ocrx_word' id='word_1_412' title='bbox 3018 2521 3543 2595; x_wconf 85' lang='lat' dir='ltr'>quemadmodum</span> 
     </span>
    </p>
   </div>
   <div class='ocr_carea' id='block_1_59' title="bbox 1892 2610 3546 2685">
    <p class='ocr_par' dir='ltr' id='par_1_59' title="bbox 1892 2610 3546 2685">
     <span class='ocr_line' id='line_1_59' title="bbox 1892 2610 3546 2685; baseline 0.001 -20"><span class='ocrx_word' id='word_1_413' title='bbox 1892 2612 2257 2682; x_wconf 90' lang='lat' dir='ltr'>accepimus,</span> <span class='ocrx_word' id='word_1_414' title='bbox 2308 2616 2363 2666; x_wconf 86' lang='lat' dir='ltr'>et</span> <span class='ocrx_word' id='word_1_415' title='bbox 2413 2611 2653 2666; x_wconf 92' lang='lat' dir='ltr'>credere</span> <span class='ocrx_word' id='word_1_416' title='bbox 2702 2610 3226 2685; x_wconf 88' lang='lat' dir='ltr'>quemadmodum</span> <span class='ocrx_word' id='word_1_417' title='bbox 3279 2611 3546 2684; x_wconf 89' lang='lat' dir='ltr'>baptiza-</span> 
     </span>
    </p>
   </div>
   <div class='ocr_carea' id='block_1_60' title="bbox 1892 2699 3547 2769">
    <p class='ocr_par' dir='ltr' id='par_1_60' title="bbox 1892 2699 3547 2769">
     <span class='ocr_line' id='line_1_60' title="bbox 1892 2699 3547 2769; baseline 0.001 -14"><span class='ocrx_word' id='word_1_418' title='bbox 1892 2716 2049 2767; x_wconf 90' lang='lat' dir='ltr'>mur,</span> <span class='ocrx_word' id='word_1_419' title='bbox 2079 2699 2412 2769; x_wconf 83' lang='lat' dir='ltr'>gloriﬁcare</span> <span class='ocrx_word' id='word_1_420' title='bbox 2436 2715 2575 2754; x_wconf 84' lang='lat' dir='ltr'>vero</span> <span class='ocrx_word' id='word_1_421' title='bbox 2605 2700 2706 2766; x_wconf 88' lang='lat' dir='ltr'>ita,</span> <span class='ocrx_word' id='word_1_422' title='bbox 2735 2704 2799 2755; x_wconf 92' lang='lat' dir='ltr'>ut</span> <span class='ocrx_word' id='word_1_423' title='bbox 2829 2699 3151 2767; x_wconf 91' lang='lat' dir='ltr'>credimus,</span> <span class='ocrx_word' id='word_1_424' title='bbox 3213 2703 3446 2757; x_wconf 86' lang='lat' dir='ltr'>Patrem</span> <span class='ocrx_word' id='word_1_425' title='bbox 3491 2702 3547 2756; x_wconf 89' lang='lat' dir='ltr'>et</span> 
     </span>
    </p>
   </div>
   <div class='ocr_carea' id='block_1_61' title="bbox 1894 2788 3546 2861">
    <p class='ocr_par' dir='ltr' id='par_1_61' title="bbox 1894 2788 3546 2861">
     <span class='ocr_line' id='line_1_61' title="bbox 1894 2788 3546 2861; baseline 0.001 -18"><span class='ocrx_word' id='word_1_426' title='bbox 1894 2788 2103 2844; x_wconf 81' lang='lat' dir='ltr'>Filium</span> <span class='ocrx_word' id='word_1_427' title='bbox 2134 2793 2190 2845; x_wconf 92' lang='lat' dir='ltr'>et</span> <span class='ocrx_word' id='word_1_428' title='bbox 2218 2788 2501 2861; x_wconf 91' lang='lat' dir='ltr'>Spiritum</span> <span class='ocrx_word' id='word_1_429' title='bbox 2527 2791 2826 2854; x_wconf 91' lang='lat' dir='ltr'>sanctum)</span> <span class='ocrx_word' id='word_1_430' title='bbox 2872 2792 3051 2861; x_wconf 90' lang='lat' dir='ltr'>atque</span> <span class='ocrx_word' id='word_1_431' title='bbox 3082 2788 3263 2845; x_wconf 91' lang='lat' dir='ltr'>etiam</span> <span class='ocrx_word' id='word_1_432' title='bbox 3316 2789 3395 2845; x_wconf 90' lang='lat' dir='ltr'>ab</span> <span class='ocrx_word' id='word_1_433' title='bbox 3444 2805 3546 2845; x_wconf 90' lang='lat' dir='ltr'>eo-</span> 
     </span>
    </p>
   </div>
   <div class='ocr_carea' id='block_1_62' title="bbox 1894 2876 3546 2949">
    <p class='ocr_par' dir='ltr' id='par_1_62' title="bbox 1894 2876 3546 2949">
     <span class='ocr_line' id='line_1_62' title="bbox 1894 2876 3546 2949; baseline -0.001 -17"><span class='ocrx_word' id='word_1_434' title='bbox 1894 2892 2029 2932; x_wconf 93' lang='lat' dir='ltr'>rum</span> <span class='ocrx_word' id='word_1_435' title='bbox 2084 2876 2189 2949; x_wconf 91' lang='lat' dir='ltr'>qui</span> <span class='ocrx_word' id='word_1_436' title='bbox 2242 2876 2525 2948; x_wconf 91' lang='lat' dir='ltr'>Spiritum</span> <span class='ocrx_word' id='word_1_437' title='bbox 2579 2882 2917 2932; x_wconf 91' lang='lat' dir='ltr'>creaturam</span> <span class='ocrx_word' id='word_1_438' title='bbox 2965 2877 3193 2943; x_wconf 89' lang='lat' dir='ltr'>dicunt,</span> <span class='ocrx_word' id='word_1_439' title='bbox 3251 2881 3315 2933; x_wconf 91' lang='lat' dir='ltr'>ut</span> <span class='ocrx_word' id='word_1_440' title='bbox 3343 2880 3546 2947; x_wconf 88' lang='lat' dir='ltr'>aperte</span> 
     </span>
    </p>
   </div>
   <div class='ocr_carea' id='block_1_63' title="bbox 1894 2964 3550 3039">
    <p class='ocr_par' dir='ltr' id='par_1_63' title="bbox 1894 2964 3550 3039">
     <span class='ocr_line' id='line_1_63' title="bbox 1894 2964 3550 3039; baseline -0.002 -17"><span class='ocrx_word' id='word_1_441' title='bbox 1894 2966 2472 3039; x_wconf 89' lang='lat' dir='ltr'>blasphemantium,</span> <span class='ocrx_word' id='word_1_442' title='bbox 2505 2966 2932 3021; x_wconf 90' lang='lat' dir='ltr'>communione</span> <span class='ocrx_word' id='word_1_443' title='bbox 2961 2964 3237 3021; x_wconf 90' lang='lat' dir='ltr'>recedere</span> <span class='ocrx_word' id='word_1_444' title='bbox 3262 2982 3274 3020; x_wconf 89' lang='lat'><strong>:</strong></span> <span class='ocrx_word' id='word_1_445' title='bbox 3308 2965 3423 3021; x_wconf 92' lang='lat' dir='ltr'>hoc</span> <span class='ocrx_word' id='word_1_446' title='bbox 3451 2980 3550 3020; x_wconf 83' lang='lat' dir='ltr'>ex-</span> 
     </span>
    </p>
   </div>
   <div class='ocr_carea' id='block_1_64' title="bbox 206 3047 1786 3132">
    <p class='ocr_par' dir='ltr' id='par_1_64' title="bbox 206 3056 1786 3132">
     <span class='ocr_line' id='line_1_64' title="bbox 206 3056 1786 3132; baseline 0 -23"><span class='ocrx_word' id='word_1_447' title='bbox 206 3064 307 3121; x_wconf 76' lang='grc' dir='ltr'>τοὺς</span> <span class='ocrx_word' id='word_1_448' title='bbox 362 3060 741 3132; x_wconf 76' lang='grc' dir='ltr'>συκοφάντας),</span> <span class='ocrx_word' id='word_1_449' title='bbox 800 3060 880 3111; x_wconf 85' lang='grc' dir='ltr'>ὅτι</span> <span class='ocrx_word' id='word_1_450' title='bbox 944 3062 1058 3111; x_wconf 75' lang='grc' dir='ltr'>οὔτε</span> <span class='ocrx_word' id='word_1_451' title='bbox 1126 3056 1397 3129; x_wconf 77' lang='grc' dir='ltr'>ἀγέννητον</span> <span class='ocrx_word' id='word_1_452' title='bbox 1461 3057 1668 3131; x_wconf 80' lang='grc' dir='ltr'>λέγομεν</span> <span class='ocrx_word' id='word_1_453' title='bbox 1731 3060 1786 3109; x_wconf 87' lang='grc' dir='ltr'>τό</span> 
     </span>
    </p>
   </div>
   <div class='ocr_carea' id='block_1_65' title="bbox 1896 3047 3548 3132">
    <p class='ocr_par' dir='ltr' id='par_1_65' title="bbox 1899 3053 3548 3127">
     <span class='ocr_line' id='line_1_65' title="bbox 1899 3053 3548 3127; baseline 0 -18"><span class='ocrx_word' id='word_1_454' title='bbox 1899 3054 2131 3127; x_wconf 92' lang='lat' dir='ltr'>plorato</span> <span class='ocrx_word' id='word_1_455' title='bbox 2187 3058 2243 3111; x_wconf 91' lang='lat' dir='ltr'>et</span> <span class='ocrx_word' id='word_1_456' title='bbox 2298 3054 2443 3110; x_wconf 90' lang='lat' dir='ltr'>citra</span> <span class='ocrx_word' id='word_1_457' title='bbox 2491 3055 2963 3111; x_wconf 83' lang='lat' dir='ltr'>controversiam</span> <span class='ocrx_word' id='word_1_458' title='bbox 3022 3056 3301 3109; x_wconf 91' lang='lat' dir='ltr'>manente</span> <span class='ocrx_word' id='word_1_459' title='bbox 3380 3053 3548 3124; x_wconf 90' lang='lat' dir='ltr'>(nam</span> 
     </span>
    </p>
   </div>
   <div class='ocr_carea' id='block_1_66' title="bbox 208 3144 1788 3221">
    <p class='ocr_par' dir='ltr' id='par_1_66' title="bbox 208 3144 1788 3221">
     <span class='ocr_line' id='line_1_66' title="bbox 208 3144 1788 3221; baseline -0.001 -22"><span class='ocrx_word' id='word_1_460' title='bbox 208 3154 390 3221; x_wconf 79' lang='grc' dir='ltr'>Πνεῦμα</span> <span class='ocrx_word' id='word_1_461' title='bbox 444 3153 502 3202; x_wconf 90' lang='grc' dir='ltr'>τό</span> <span class='ocrx_word' id='word_1_462' title='bbox 556 3149 726 3219; x_wconf 81' lang='grc' dir='ltr'>ᾶγιον·</span> <span class='ocrx_word' id='word_1_463' title='bbox 794 3150 879 3201; x_wconf 79' lang='grc' dir='ltr'>ἕνα</span> <span class='ocrx_word' id='word_1_464' title='bbox 928 3151 1029 3221; x_wconf 83' lang='grc' dir='ltr'>γὰρ</span> <span class='ocrx_word' id='word_1_465' title='bbox 1084 3144 1299 3221; x_wconf 79' lang='grc' dir='ltr'>οἴδαμεν</span> <span class='ocrx_word' id='word_1_466' title='bbox 1364 3146 1634 3219; x_wconf 79' lang='grc' dir='ltr'>ἀγέννητον</span> <span class='ocrx_word' id='word_1_467' title='bbox 1700 3151 1788 3198; x_wconf 82' lang='grc' dir='ltr'>καὶ</span> 
     </span>
    </p>
   </div>
   <div class='ocr_carea' id='block_1_67' title="bbox 208 3236 1787 3311">
    <p class='ocr_par' dir='ltr' id='par_1_67' title="bbox 208 3236 1787 3311">
     <span class='ocr_line' id='line_1_67' title="bbox 208 3236 1787 3311; baseline 0 -24"><span class='ocrx_word' id='word_1_468' title='bbox 208 3243 310 3307; x_wconf 83' lang='grc' dir='ltr'>μίαν</span> <span class='ocrx_word' id='word_1_469' title='bbox 368 3247 463 3290; x_wconf 82' lang='grc' dir='ltr'>τῶν</span> <span class='ocrx_word' id='word_1_470' title='bbox 537 3241 702 3291; x_wconf 76' lang='grc' dir='ltr'>ὄντων</span> <span class='ocrx_word' id='word_1_471' title='bbox 771 3236 965 3310; x_wconf 74' lang='grc' dir='ltr'>ἀρχὴν,</span> <span class='ocrx_word' id='word_1_472' title='bbox 1036 3240 1122 3289; x_wconf 89' lang='grc' dir='ltr'>τόν</span> <span class='ocrx_word' id='word_1_473' title='bbox 1189 3241 1393 3311; x_wconf 82' lang='grc' dir='ltr'>Πατέρα</span> <span class='ocrx_word' id='word_1_474' title='bbox 1449 3244 1540 3289; x_wconf 90' lang='grc' dir='ltr'>τοῦ</span> <span class='ocrx_word' id='word_1_475' title='bbox 1592 3241 1787 3311; x_wconf 83' lang='grc' dir='ltr'>Κυρίου</span> 
     </span>
    </p>
   </div>
   <div class='ocr_carea' id='block_1_68' title="bbox 210 3326 1791 3399">
    <p class='ocr_par' dir='ltr' id='par_1_68' title="bbox 210 3326 1791 3399">
     <span class='ocr_line' id='line_1_68' title="bbox 210 3326 1791 3399; baseline 0.001 -24"><span class='ocrx_word' id='word_1_476' title='bbox 210 3328 333 3396; x_wconf 75' lang='grc' dir='ltr'>ἡμῶν</span> <span class='ocrx_word' id='word_1_477' title='bbox 384 3328 567 3385; x_wconf 75' lang='grc' dir='ltr'>Ἰησοῦ</span> <span class='ocrx_word' id='word_1_478' title='bbox 628 3333 885 3399; x_wconf 78' lang='grc' dir='ltr'>Χριστοῦ·</span> <span class='ocrx_word' id='word_1_479' title='bbox 942 3329 1059 3378; x_wconf 72' lang='grc' dir='ltr'>οὔτε</span> <span class='ocrx_word' id='word_1_480' title='bbox 1111 3330 1371 3397; x_wconf 59' lang='grc' dir='ltr'>γεννητόν</span> <span class='ocrx_word' id='word_1_481' title='bbox 1429 3326 1514 3378; x_wconf 84' lang='grc' dir='ltr'>ἕνα</span> <span class='ocrx_word' id='word_1_482' title='bbox 1569 3329 1667 3398; x_wconf 76' lang='grc' dir='ltr'>γὰρ</span> <span class='ocrx_word' id='word_1_483' title='bbox 1698 3344 1791 3397; x_wconf 88' lang='grc' dir='ltr'>μο-</span> 
     </span>
    </p>
   </div>
   <div class='ocr_carea' id='block_1_69' title="bbox 208 3411 1787 3489">
    <p class='ocr_par' dir='ltr' id='par_1_69' title="bbox 208 3411 1787 3489">
     <span class='ocr_line' id='line_1_69' title="bbox 208 3411 1787 3489; baseline 0.001 -24"><span class='ocrx_word' id='word_1_484' title='bbox 208 3426 359 3487; x_wconf 78' lang='grc' dir='ltr'>νογενῆ</span> <span class='ocrx_word' id='word_1_485' title='bbox 406 3416 455 3469; x_wconf 75' lang='grc' dir='ltr'>ἐν</span> <span class='ocrx_word' id='word_1_486' title='bbox 640 3413 936 3489; x_wconf 77' lang='grc' dir='ltr'>παραδόσει</span> <span class='ocrx_word' id='word_1_487' title='bbox 988 3424 1078 3475; x_wconf 84' lang='grc' dir='ltr'>τῆς</span> <span class='ocrx_word' id='word_1_488' title='bbox 1130 3420 1361 3477; x_wconf 77' lang='grc' dir='ltr'>Πίστεως</span> <span class='ocrx_word' id='word_1_489' title='bbox 1404 3411 1787 3488; x_wconf 77' lang='grc' dir='ltr'>δεδιδάγμεθαο</span> 
     </span>
    </p>
   </div>
   <div class='ocr_carea' id='block_1_70' title="bbox 207 3502 1791 3580">
    <p class='ocr_par' dir='ltr' id='par_1_70' title="bbox 207 3502 1791 3580">
     <span class='ocr_line' id='line_1_70' title="bbox 207 3502 1791 3580; baseline 0 -25"><span class='ocrx_word' id='word_1_490' title='bbox 207 3508 259 3556; x_wconf 87' lang='grc' dir='ltr'>τό</span> <span class='ocrx_word' id='word_1_491' title='bbox 315 3502 369 3558; x_wconf 85' lang='grc' dir='ltr'>δε</span> <span class='ocrx_word' id='word_1_492' title='bbox 418 3514 641 3579; x_wconf 82' lang='grc' dir='ltr'>Πνεῦμα</span> <span class='ocrx_word' id='word_1_493' title='bbox 690 3514 781 3565; x_wconf 79' lang='grc' dir='ltr'>τῆς</span> <span class='ocrx_word' id='word_1_494' title='bbox 834 3503 1077 3566; x_wconf 80' lang='grc' dir='ltr'>ἀληθείας</span> <span class='ocrx_word' id='word_1_495' title='bbox 1129 3503 1183 3556; x_wconf 79' lang='grc' dir='ltr'>ἐκ</span> <span class='ocrx_word' id='word_1_496' title='bbox 1238 3512 1329 3556; x_wconf 89' lang='grc' dir='ltr'>τοῦ</span> <span class='ocrx_word' id='word_1_497' title='bbox 1378 3508 1581 3580; x_wconf 90' lang='grc' dir='ltr'>Πατρός</span> <span class='ocrx_word' id='word_1_498' title='bbox 1640 3502 1791 3556; x_wconf 83' lang='grc' dir='ltr'>ἐκπο-</span> 
     </span>
    </p>
   </div>
   <div class='ocr_carea' id='block_1_71' title="bbox 210 3590 1794 3666">
    <p class='ocr_par' dir='ltr' id='par_1_71' title="bbox 210 3590 1794 3666">
     <span class='ocr_line' id='line_1_71' title="bbox 210 3590 1794 3666; baseline -0.001 -21"><span class='ocrx_word' id='word_1_499' title='bbox 210 3596 427 3665; x_wconf 70' lang='grc' dir='ltr'>ρεύεσθαι</span> <span class='ocrx_word' id='word_1_500' title='bbox 484 3592 859 3666; x_wconf 81' lang='grc' dir='ltr'>διδαχθέντες,</span> <span class='ocrx_word' id='word_1_501' title='bbox 920 3593 975 3645; x_wconf 87' lang='grc' dir='ltr'>ἐκ</span> <span class='ocrx_word' id='word_1_502' title='bbox 1032 3600 1123 3645; x_wconf 89' lang='grc' dir='ltr'>τοῦ</span> <span class='ocrx_word' id='word_1_503' title='bbox 1176 3600 1308 3646; x_wconf 83' lang='grc' dir='ltr'>Θεοῦ</span> <span class='ocrx_word' id='word_1_504' title='bbox 1364 3590 1794 3666; x_wconf 84' lang='grc' dir='ltr'>εἷναιόμολογοῦ-</span> 
     </span>
    </p>
   </div>
   <div class='ocr_carea' id='block_1_72' title="bbox 215 3679 1794 3756">
    <p class='ocr_par' dir='ltr' id='par_1_72' title="bbox 215 3679 1794 3756">
     <span class='ocr_line' id='line_1_72' title="bbox 215 3679 1794 3756; baseline 0.001 -23"><span class='ocrx_word' id='word_1_505' title='bbox 215 3702 293 3753; x_wconf 84' lang='grc' dir='ltr'>μεν</span> <span class='ocrx_word' id='word_1_506' title='bbox 352 3682 627 3745; x_wconf 79' lang='grc' dir='ltr'>ἆκτίστως.</span> <span class='ocrx_word' id='word_1_507' title='bbox 689 3684 1111 3755; x_wconf 78' lang='grc' dir='ltr'>Ἀναθεματίζειν</span> <span class='ocrx_word' id='word_1_508' title='bbox 1171 3679 1229 3735; x_wconf 74' lang='grc' dir='ltr'>δὲ</span> <span class='ocrx_word' id='word_1_509' title='bbox 1294 3688 1383 3735; x_wconf 91' lang='grc' dir='ltr'>καί</span> <span class='ocrx_word' id='word_1_510' title='bbox 1420 3688 1542 3745; x_wconf 75' lang='grc' dir='ltr'>τοὺς</span> <span class='ocrx_word' id='word_1_511' title='bbox 1569 3683 1794 3756; x_wconf 83' lang='grc' dir='ltr'>λειτουρ-</span> 
     </span>
    </p>
   </div>
   <div class='ocr_carea' id='block_1_73' title="bbox 184 3770 1796 3847">
    <p class='ocr_par' dir='ltr' id='par_1_73' title="bbox 184 3770 1796 3847">
     <span class='ocr_line' id='line_1_73' title="bbox 184 3770 1796 3847; baseline 0.001 -24"><span class='ocrx_word' id='word_1_512' title='bbox 184 3776 344 3847; x_wconf 52' lang='grc' dir='ltr'>4γικὸν</span> <span class='ocrx_word' id='word_1_513' title='bbox 401 3774 647 3847; x_wconf 82' lang='grc' dir='ltr'>λέγοντας</span> <span class='ocrx_word' id='word_1_514' title='bbox 712 3776 769 3826; x_wconf 89' lang='grc' dir='ltr'>τό</span> <span class='ocrx_word' id='word_1_515' title='bbox 838 3780 1047 3846; x_wconf 82' lang='grc' dir='ltr'>Πνεῦμα</span> <span class='ocrx_word' id='word_1_516' title='bbox 1097 3777 1151 3827; x_wconf 87' lang='grc' dir='ltr'>τό</span> <span class='ocrx_word' id='word_1_517' title='bbox 1206 3773 1372 3846; x_wconf 81' lang='grc' dir='ltr'>οἱγιόν,</span> <span class='ocrx_word' id='word_1_518' title='bbox 1428 3777 1497 3834; x_wconf 86' lang='grc' dir='ltr'>ὡς</span> <span class='ocrx_word' id='word_1_519' title='bbox 1552 3770 1644 3825; x_wconf 77' lang='grc' dir='ltr'>διὰ</span> <span class='ocrx_word' id='word_1_520' title='bbox 1706 3782 1796 3834; x_wconf 81' lang='grc' dir='ltr'>τῆς</span> 
     </span>
    </p>
   </div>
   <div class='ocr_carea' id='block_1_74' title="bbox 188 3844 1796 3935">
    <p class='ocr_par' dir='ltr' id='par_1_74' title="bbox 188 3844 1796 3935">
     <span class='ocr_line' id='line_1_74' title="bbox 188 3844 1796 3935; baseline 0.001 -24"><span class='ocrx_word' id='word_1_521' title='bbox 188 3844 361 3932; x_wconf 60' lang='grc' dir='ltr'>Ιφωνῆς</span> <span class='ocrx_word' id='word_1_522' title='bbox 421 3867 622 3924; x_wconf 71' lang='grc' dir='ltr'>ταύτης</span> <span class='ocrx_word' id='word_1_523' title='bbox 672 3862 742 3925; x_wconf 83' lang='grc' dir='ltr'>εἰς</span> <span class='ocrx_word' id='word_1_524' title='bbox 784 3866 876 3921; x_wconf 78' lang='grc' dir='ltr'>την</span> <span class='ocrx_word' id='word_1_525' title='bbox 941 3869 1032 3913; x_wconf 86' lang='grc' dir='ltr'>τοῦ</span> <span class='ocrx_word' id='word_1_526' title='bbox 1105 3866 1392 3935; x_wconf 79' lang='grc' dir='ltr'>κτίσματος</span> <span class='ocrx_word' id='word_1_527' title='bbox 1480 3864 1796 3933; x_wconf 79' lang='grc' dir='ltr'>κατάγοντας</span> 
     </span>
    </p>
   </div>
   <div class='ocr_carea' id='block_1_75' title="bbox 211 3950 1796 4028">
    <p class='ocr_par' dir='ltr' id='par_1_75' title="bbox 211 3950 1796 4028">
     <span class='ocr_line' id='line_1_75' title="bbox 211 3950 1796 4028; baseline 0.001 -27"><span class='ocrx_word' id='word_1_528' title='bbox 211 3950 356 4013; x_wconf 77' lang='grc' dir='ltr'>τάξιν.</span> <span class='ocrx_word' id='word_1_529' title='bbox 410 3956 487 4007; x_wconf 87' lang='grc' dir='ltr'>Τά</span> <span class='ocrx_word' id='word_1_530' title='bbox 534 3955 643 4028; x_wconf 74' lang='grc' dir='ltr'>γὰρ</span> <span class='ocrx_word' id='word_1_531' title='bbox 692 3951 1027 4026; x_wconf 82' lang='grc' dir='ltr'>λειτουργικὰ</span> <span class='ocrx_word' id='word_1_532' title='bbox 1080 3954 1349 4023; x_wconf 78' lang='grc' dir='ltr'>πνεύματα</span> <span class='ocrx_word' id='word_1_533' title='bbox 1378 3956 1642 4023; x_wconf 85' lang='grc' dir='ltr'>κτίσματα</span> <span class='ocrx_word' id='word_1_534' title='bbox 1672 3953 1796 4023; x_wconf 84' lang='grc' dir='ltr'>ἡμῖν</span> 
     </span>
    </p>
   </div>
   <div class='ocr_carea' id='block_1_76' title="bbox 208 4037 1796 4115">
    <p class='ocr_par' dir='ltr' id='par_1_76' title="bbox 208 4037 1796 4115">
     <span class='ocr_line' id='line_1_76' title="bbox 208 4037 1796 4115; baseline -0.003 -20"><span class='ocrx_word' id='word_1_535' title='bbox 208 4041 437 4114; x_wconf 63' lang='grc' dir='ltr'>ἡΓραφὴ</span> <span class='ocrx_word' id='word_1_536' title='bbox 496 4037 828 4115; x_wconf 78' lang='grc' dir='ltr'>παρέδωκεν,</span> <span class='ocrx_word' id='word_1_537' title='bbox 887 4041 1126 4107; x_wconf 82' lang='grc' dir='ltr'>εἰποῦσα,</span> <span class='ocrx_word' id='word_1_538' title='bbox 1186 4042 1267 4094; x_wconf 84' lang='grc' dir='ltr'>ὅτι</span> <span class='ocrx_word' id='word_1_539' title='bbox 1325 4042 1518 4101; x_wconf 77' lang='grc' dir='ltr'>Πάντες</span> <span class='ocrx_word' id='word_1_540' title='bbox 1556 4041 1659 4093; x_wconf 82' lang='grc' dir='ltr'>εἰσὶ</span> <span class='ocrx_word' id='word_1_541' title='bbox 1694 4038 1796 4093; x_wconf 86' lang='grc' dir='ltr'>λει-</span> 
     </span>
    </p>
   </div>
   <div class='ocr_carea' id='block_1_77' title="bbox 210 4126 1798 4205">
    <p class='ocr_par' dir='ltr' id='par_1_77' title="bbox 210 4126 1798 4205">
     <span class='ocr_line' id='line_1_77' title="bbox 210 4126 1798 4205; baseline 0.002 -27"><span class='ocrx_word' id='word_1_542' title='bbox 210 4134 441 4202; x_wconf 78' lang='grc' dir='ltr'>τουργικὰ</span> <span class='ocrx_word' id='word_1_543' title='bbox 561 4133 837 4205; x_wconf 77' lang='grc' dir='ltr'>πνεύματα</span> <span class='ocrx_word' id='word_1_544' title='bbox 939 4130 1008 4193; x_wconf 81' lang='grc' dir='ltr'>εἰς</span> <span class='ocrx_word' id='word_1_545' title='bbox 1113 4126 1381 4183; x_wconf 86' lang='grc' dir='ltr'>διακονίαν</span> <span class='ocrx_word' id='word_1_546' title='bbox 1482 4128 1798 4182; x_wconf 85' lang='grc' dir='ltr'>ἀποστελλό-</span> 
     </span>
    </p>
   </div>
   <div class='ocr_carea' id='block_1_78' title="bbox 207 4218 1801 4295">
    <p class='ocr_par' dir='ltr' id='par_1_78' title="bbox 207 4218 1801 4295">
     <span class='ocr_line' id='line_1_78' title="bbox 207 4218 1801 4295; baseline 0.001 -25"><span class='ocrx_word' id='word_1_547' title='bbox 207 4238 335 4289; x_wconf 77' lang='grc' dir='ltr'>μενα,</span> <span class='ocrx_word' id='word_1_548' title='bbox 410 4223 508 4274; x_wconf 66' lang='lat' dir='ltr'>Atat</span> <span class='ocrx_word' id='word_1_549' title='bbox 569 4224 631 4273; x_wconf 70' lang='grc' dir='ltr'>σε</span> <span class='ocrx_word' id='word_1_550' title='bbox 696 4224 815 4281; x_wconf 74' lang='grc' dir='ltr'>τοὺς</span> <span class='ocrx_word' id='word_1_551' title='bbox 852 4221 1023 4273; x_wconf 68' lang='grc' dir='ltr'>πάντα</span> <span class='ocrx_word' id='word_1_552' title='bbox 1076 4222 1346 4295; x_wconf 76' lang='grc' dir='ltr'>φύροντας,</span> <span class='ocrx_word' id='word_1_553' title='bbox 1380 4223 1468 4271; x_wconf 83' lang='grc' dir='ltr'>καὶ</span> <span class='ocrx_word' id='word_1_554' title='bbox 1508 4223 1578 4292; x_wconf 79' lang='grc' dir='ltr'>μὴ</span> <span class='ocrx_word' id='word_1_555' title='bbox 1610 4218 1801 4292; x_wconf 71' lang='grc' dir='ltr'>φυλάσσ</span> 
     </span>
    </p>
   </div>
   <div class='ocr_carea' id='block_1_79' title="bbox 213 4305 1799 4381">
    <p class='ocr_par' dir='ltr' id='par_1_79' title="bbox 213 4305 1799 4381">
     <span class='ocr_line' id='line_1_79' title="bbox 213 4305 1799 4381; baseline 0.001 -23"><span class='ocrx_word' id='word_1_556' title='bbox 213 4325 374 4371; x_wconf 65' lang='grc' dir='ltr'>νοντας</span> <span class='ocrx_word' id='word_1_557' title='bbox 421 4314 520 4370; x_wconf 81' lang='grc' dir='ltr'>την</span> <span class='ocrx_word' id='word_1_558' title='bbox 574 4309 627 4364; x_wconf 77' lang='grc' dir='ltr'>ἐν</span> <span class='ocrx_word' id='word_1_559' title='bbox 666 4318 776 4373; x_wconf 89' lang='grc' dir='ltr'>τοῖς</span> <span class='ocrx_word' id='word_1_560' title='bbox 827 4308 1162 4381; x_wconf 69' lang='grc' dir='ltr'>Εὐαγγελίοις</span> <span class='ocrx_word' id='word_1_561' title='bbox 1218 4305 1590 4378; x_wconf 78' lang='grc' dir='ltr'>διδασκαλίαν,</span> <span class='ocrx_word' id='word_1_562' title='bbox 1644 4310 1799 4381; x_wconf 81' lang='grc' dir='ltr'>ἄναγ-</span> 
     </span>
    </p>
   </div>
   <div class='ocr_carea' id='block_1_80' title="bbox 1896 3140 3551 3216">
    <p class='ocr_par' dir='ltr' id='par_1_80' title="bbox 1896 3140 3551 3216">
     <span class='ocr_line' id='line_1_80' title="bbox 1896 3140 3551 3216; baseline -0.001 -17"><span class='ocrx_word' id='word_1_563' title='bbox 1896 3144 2237 3200; x_wconf 86' lang='lat' dir='ltr'>necessaria</span> <span class='ocrx_word' id='word_1_564' title='bbox 2265 3148 2354 3199; x_wconf 87' lang='lat' dir='ltr'>est</span> <span class='ocrx_word' id='word_1_565' title='bbox 2381 3143 2460 3199; x_wconf 89' lang='lat' dir='ltr'>ob</span> <span class='ocrx_word' id='word_1_566' title='bbox 2492 3144 2903 3216; x_wconf 88' lang='lat' dir='ltr'>sycophantas</span> <span class='ocrx_word' id='word_1_567' title='bbox 2934 3140 3299 3206; x_wconf 82' lang='lat' dir='ltr'>observatio)</span> <span class='ocrx_word' id='word_1_568' title='bbox 3354 3156 3551 3213; x_wconf 89' lang='lat' dir='ltr'>neque</span> 
     </span>
    </p>
   </div>
   <div class='ocr_carea' id='block_1_81' title="bbox 1897 3232 3550 3304">
    <p class='ocr_par' dir='ltr' id='par_1_81' title="bbox 1897 3232 3550 3304">
     <span class='ocr_line' id='line_1_81' title="bbox 1897 3232 3550 3304; baseline -0.001 -15"><span class='ocrx_word' id='word_1_569' title='bbox 1897 3234 2229 3304; x_wconf 85' lang='lat' dir='ltr'>ingenitum</span> <span class='ocrx_word' id='word_1_570' title='bbox 2260 3233 2377 3288; x_wconf 91' lang='lat' dir='ltr'>dici</span> <span class='ocrx_word' id='word_1_571' title='bbox 2417 3250 2453 3289; x_wconf 91' lang='lat' dir='ltr'>a</span> <span class='ocrx_word' id='word_1_572' title='bbox 2482 3233 2659 3289; x_wconf 89' lang='lat' dir='ltr'>nobis</span> <span class='ocrx_word' id='word_1_573' title='bbox 2690 3232 2972 3303; x_wconf 88' lang='lat' dir='ltr'>Spiritum</span> <span class='ocrx_word' id='word_1_574' title='bbox 3001 3236 3275 3287; x_wconf 91' lang='lat' dir='ltr'>sanctum</span> <span class='ocrx_word' id='word_1_575' title='bbox 3311 3247 3325 3296; x_wconf 86' lang='lat'><strong>;</strong></span> <span class='ocrx_word' id='word_1_576' title='bbox 3358 3246 3550 3287; x_wconf 90' lang='lat' dir='ltr'>unum</span> 
     </span>
    </p>
   </div>
   <div class='ocr_carea' id='block_1_82' title="bbox 1900 3320 3552 3393">
    <p class='ocr_par' dir='ltr' id='par_1_82' title="bbox 1900 3320 3552 3393">
     <span class='ocr_line' id='line_1_82' title="bbox 1900 3320 3552 3393; baseline -0.002 -14"><span class='ocrx_word' id='word_1_577' title='bbox 1900 3323 2058 3379; x_wconf 90' lang='lat' dir='ltr'>enim</span> <span class='ocrx_word' id='word_1_578' title='bbox 2112 3323 2389 3379; x_wconf 85' lang='lat' dir='ltr'>novimus</span> <span class='ocrx_word' id='word_1_579' title='bbox 2437 3321 2795 3392; x_wconf 83' lang='lat' dir='ltr'>ingenitum,</span> <span class='ocrx_word' id='word_1_580' title='bbox 2828 3325 2883 3376; x_wconf 94' lang='lat' dir='ltr'>et</span> <span class='ocrx_word' id='word_1_581' title='bbox 2914 3336 3105 3376; x_wconf 90' lang='lat' dir='ltr'>unum</span> <span class='ocrx_word' id='word_1_582' title='bbox 3148 3335 3349 3376; x_wconf 86' lang='lat' dir='ltr'>rerum</span> <span class='ocrx_word' id='word_1_583' title='bbox 3381 3320 3552 3393; x_wconf 90' lang='lat' dir='ltr'>prin-</span> 
     </span>
    </p>
   </div>
   <div class='ocr_carea' id='block_1_83' title="bbox 1901 3409 3554 3484">
    <p class='ocr_par' dir='ltr' id='par_1_83' title="bbox 1901 3409 3554 3484">
     <span class='ocr_line' id='line_1_83' title="bbox 1901 3409 3554 3484; baseline -0.002 -17"><span class='ocrx_word' id='word_1_584' title='bbox 1901 3411 2143 3484; x_wconf 86' lang='lat' dir='ltr'>cipium,</span> <span class='ocrx_word' id='word_1_585' title='bbox 2190 3412 2425 3467; x_wconf 88' lang='lat' dir='ltr'>Patrem</span> <span class='ocrx_word' id='word_1_586' title='bbox 2480 3410 2716 3467; x_wconf 91' lang='lat' dir='ltr'>Domini</span> <span class='ocrx_word' id='word_1_587' title='bbox 2769 3413 2954 3465; x_wconf 85' lang='lat' dir='ltr'>nostri</span> <span class='ocrx_word' id='word_1_588' title='bbox 2985 3412 3125 3466; x_wconf 86' lang='lat' dir='ltr'>Jesu</span> <span class='ocrx_word' id='word_1_589' title='bbox 3159 3409 3413 3466; x_wconf 83' lang='lat' dir='ltr'>Christi:</span> <span class='ocrx_word' id='word_1_590' title='bbox 3454 3425 3554 3465; x_wconf 90' lang='lat' dir='ltr'><strong>ne-</strong></span> 
     </span>
    </p>
   </div>
   <div class='ocr_carea' id='block_1_84' title="bbox 1902 3499 3556 3574">
    <p class='ocr_par' dir='ltr' id='par_1_84' title="bbox 1902 3499 3556 3574">
     <span class='ocr_line' id='line_1_84' title="bbox 1902 3499 3556 3574; baseline -0.001 -17"><span class='ocrx_word' id='word_1_591' title='bbox 1902 3518 2019 3574; x_wconf 90' lang='lat' dir='ltr'>que</span> <span class='ocrx_word' id='word_1_592' title='bbox 2067 3502 2333 3571; x_wconf 86' lang='lat' dir='ltr'>genitum</span> <span class='ocrx_word' id='word_1_593' title='bbox 2368 3517 2597 3569; x_wconf 88' lang='lat' dir='ltr'>;unum</span> <span class='ocrx_word' id='word_1_594' title='bbox 2649 3501 2811 3555; x_wconf 91' lang='lat' dir='ltr'>enim</span> <span class='ocrx_word' id='word_1_595' title='bbox 2863 3515 2994 3555; x_wconf 88' lang='lat' dir='ltr'>esse</span> <span class='ocrx_word' id='word_1_596' title='bbox 3046 3499 3444 3570; x_wconf 87' lang='lat' dir='ltr'>unigenitum,</span> <span class='ocrx_word' id='word_1_597' title='bbox 3494 3499 3556 3555; x_wconf 91' lang='lat' dir='ltr'>in</span> 
     </span>
    </p>
   </div>
   <div class='ocr_carea' id='block_1_85' title="bbox 1902 3588 3557 3661">
    <p class='ocr_par' dir='ltr' id='par_1_85' title="bbox 1902 3588 3557 3661">
     <span class='ocr_line' id='line_1_85' title="bbox 1902 3588 3557 3661; baseline -0.002 -15"><span class='ocrx_word' id='word_1_598' title='bbox 1902 3591 2041 3646; x_wconf 80' lang='lat' dir='ltr'>fidei</span> <span class='ocrx_word' id='word_1_599' title='bbox 2072 3591 2387 3646; x_wconf 87' lang='lat' dir='ltr'>traditione</span> <span class='ocrx_word' id='word_1_600' title='bbox 2418 3590 2741 3645; x_wconf 85' lang='lat' dir='ltr'>didicimus</span> <span class='ocrx_word' id='word_1_601' title='bbox 2778 3607 2789 3644; x_wconf 91' lang='lat'>:</span> <span class='ocrx_word' id='word_1_602' title='bbox 2825 3589 3106 3661; x_wconf 89' lang='lat' dir='ltr'>Spiritum</span> <span class='ocrx_word' id='word_1_603' title='bbox 3163 3594 3365 3645; x_wconf 91' lang='lat' dir='ltr'>autem</span> <span class='ocrx_word' id='word_1_604' title='bbox 3409 3588 3557 3644; x_wconf 80' lang='lat' dir='ltr'>veri-</span> 
     </span>
    </p>
   </div>
   <div class='ocr_carea' id='block_1_86' title="bbox 1902 3678 3558 3751">
    <p class='ocr_par' dir='ltr' id='par_1_86' title="bbox 1902 3678 3558 3751">
     <span class='ocr_line' id='line_1_86' title="bbox 1902 3678 3558 3751; baseline -0.002 -16"><span class='ocrx_word' id='word_1_605' title='bbox 1902 3680 2039 3735; x_wconf 90' lang='lat' dir='ltr'>tatis</span> <span class='ocrx_word' id='word_1_606' title='bbox 2070 3696 2141 3735; x_wconf 82' lang='lat' dir='ltr'><strong>ex</strong></span> <span class='ocrx_word' id='word_1_607' title='bbox 2186 3683 2353 3735; x_wconf 88' lang='lat' dir='ltr'>Patre</span> <span class='ocrx_word' id='word_1_608' title='bbox 2385 3680 2707 3751; x_wconf 88' lang='lat' dir='ltr'>procedere</span> <span class='ocrx_word' id='word_1_609' title='bbox 2739 3678 2955 3745; x_wconf 91' lang='lat' dir='ltr'>edocti,</span> <span class='ocrx_word' id='word_1_610' title='bbox 2984 3694 3056 3733; x_wconf 83' lang='lat' dir='ltr'>ex</span> <span class='ocrx_word' id='word_1_611' title='bbox 3089 3680 3207 3733; x_wconf 90' lang='lat' dir='ltr'>Deo</span> <span class='ocrx_word' id='word_1_612' title='bbox 3235 3693 3366 3733; x_wconf 90' lang='lat' dir='ltr'>esse</span> <span class='ocrx_word' id='word_1_613' title='bbox 3420 3692 3558 3733; x_wconf 92' lang='lat' dir='ltr'>con-</span> 
     </span>
    </p>
   </div>
   <div class='ocr_carea' id='block_1_87' title="bbox 1902 3766 3557 3826">
    <p class='ocr_par' dir='ltr' id='par_1_87' title="bbox 1902 3766 3557 3826">
     <span class='ocr_line' id='line_1_87' title="bbox 1902 3766 3557 3826; baseline -0.001 -3"><span class='ocrx_word' id='word_1_614' title='bbox 1902 3768 2142 3826; x_wconf 77' lang='lat' dir='ltr'>fitemur</span> <span class='ocrx_word' id='word_1_615' title='bbox 2192 3769 2338 3825; x_wconf 87' lang='lat' dir='ltr'>citra</span> <span class='ocrx_word' id='word_1_616' title='bbox 2392 3768 2777 3824; x_wconf 89' lang='lat' dir='ltr'>creationem.</span> <span class='ocrx_word' id='word_1_617' title='bbox 2827 3770 3115 3822; x_wconf 72' lang='lat' dir='ltr'>Praeterea</span> <span class='ocrx_word' id='word_1_618' title='bbox 3175 3766 3557 3822; x_wconf 88' lang='lat' dir='ltr'>anathemate</span> 
     </span>
    </p>
   </div>
   <div class='ocr_carea' id='block_1_88' title="bbox 1903 3855 3557 3932">
    <p class='ocr_par' dir='ltr' id='par_1_88' title="bbox 1903 3855 3557 3932">
     <span class='ocr_line' id='line_1_88' title="bbox 1903 3855 3557 3932; baseline -0.002 -19"><span class='ocrx_word' id='word_1_619' title='bbox 1903 3857 2171 3926; x_wconf 84' lang='lat' dir='ltr'>feriendi,</span> <span class='ocrx_word' id='word_1_620' title='bbox 2228 3858 2332 3932; x_wconf 90' lang='lat' dir='ltr'>qui</span> <span class='ocrx_word' id='word_1_621' title='bbox 2386 3856 2963 3913; x_wconf 88' lang='lat' dir='ltr'>administratorium</span> <span class='ocrx_word' id='word_1_622' title='bbox 3019 3855 3224 3911; x_wconf 89' lang='lat' dir='ltr'>dicunt</span> <span class='ocrx_word' id='word_1_623' title='bbox 3272 3855 3557 3926; x_wconf 88' lang='lat' dir='ltr'>Spiritum</span> 
     </span>
    </p>
   </div>
   <div class='ocr_carea' id='block_1_89' title="bbox 1908 3942 3559 4019">
    <p class='ocr_par' dir='ltr' id='par_1_89' title="bbox 1908 3942 3559 4019">
     <span class='ocr_line' id='line_1_89' title="bbox 1908 3942 3559 4019; baseline -0.002 -17"><span class='ocrx_word' id='word_1_624' title='bbox 1908 3951 2204 4017; x_wconf 86' lang='lat' dir='ltr'>sanctum,</span> <span class='ocrx_word' id='word_1_625' title='bbox 2236 3951 2300 4003; x_wconf 91' lang='lat' dir='ltr'>ut</span> <span class='ocrx_word' id='word_1_626' title='bbox 2330 3946 2435 4019; x_wconf 92' lang='lat' dir='ltr'>qui</span> <span class='ocrx_word' id='word_1_627' title='bbox 2466 3945 2637 4001; x_wconf 89' lang='lat' dir='ltr'>illum</span> <span class='ocrx_word' id='word_1_628' title='bbox 2694 3945 2755 4001; x_wconf 90' lang='lat' dir='ltr'>in</span> <span class='ocrx_word' id='word_1_629' title='bbox 2813 3947 3229 4000; x_wconf 87' lang='lat' dir='ltr'>creaturarum</span> <span class='ocrx_word' id='word_1_630' title='bbox 3283 3942 3559 4000; x_wconf 90' lang='lat' dir='ltr'>ordinem</span> 
     </span>
    </p>
   </div>
   <div class='ocr_carea' id='block_1_90' title="bbox 1906 4032 3559 4105">
    <p class='ocr_par' dir='ltr' id='par_1_90' title="bbox 1906 4032 3559 4105">
     <span class='ocr_line' id='line_1_90' title="bbox 1906 4032 3559 4105; baseline -0.001 -14"><span class='ocrx_word' id='word_1_631' title='bbox 1906 4037 2022 4091; x_wconf 90' lang='lat' dir='ltr'>hac</span> <span class='ocrx_word' id='word_1_632' title='bbox 2050 4051 2195 4091; x_wconf 89' lang='lat' dir='ltr'>voce</span> <span class='ocrx_word' id='word_1_633' title='bbox 2226 4035 2569 4091; x_wconf 89' lang='lat' dir='ltr'>detrudant.</span> <span class='ocrx_word' id='word_1_634' title='bbox 2598 4037 2746 4090; x_wconf 89' lang='lat' dir='ltr'>Nam</span> <span class='ocrx_word' id='word_1_635' title='bbox 2792 4032 3337 4089; x_wconf 88' lang='lat' dir='ltr'>administratorios</span> <span class='ocrx_word' id='word_1_636' title='bbox 3385 4032 3559 4105; x_wconf 86' lang='lat' dir='ltr'>spiri-</span> 
     </span>
    </p>
   </div>
   <div class='ocr_carea' id='block_1_91' title="bbox 1908 4121 3561 4194">
    <p class='ocr_par' dir='ltr' id='par_1_91' title="bbox 1908 4121 3561 4194">
     <span class='ocr_line' id='line_1_91' title="bbox 1908 4121 3561 4194; baseline -0.004 -12"><span class='ocrx_word' id='word_1_637' title='bbox 1908 4130 2003 4183; x_wconf 88' lang='lat' dir='ltr'>tus</span> <span class='ocrx_word' id='word_1_638' title='bbox 2062 4129 2367 4181; x_wconf 89' lang='lat' dir='ltr'>creaturas</span> <span class='ocrx_word' id='word_1_639' title='bbox 2430 4140 2558 4180; x_wconf 91' lang='lat' dir='ltr'>esse</span> <span class='ocrx_word' id='word_1_640' title='bbox 2613 4123 2790 4180; x_wconf 90' lang='lat' dir='ltr'>nobis</span> <span class='ocrx_word' id='word_1_641' title='bbox 2820 4122 3066 4178; x_wconf 88' lang='lat' dir='ltr'>tradidit</span> <span class='ocrx_word' id='word_1_642' title='bbox 3099 4122 3422 4194; x_wconf 88' lang='lat' dir='ltr'>Scriptura,</span> <span class='ocrx_word' id='word_1_643' title='bbox 3455 4121 3561 4177; x_wconf 90' lang='lat' dir='ltr'>ubi</span> 
     </span>
    </p>
   </div>
   <div class='ocr_carea' id='block_1_92' title="bbox 1910 4212 3561 4282">
    <p class='ocr_par' dir='ltr' id='par_1_92' title="bbox 1910 4212 3561 4282">
     <span class='ocr_line' id='line_1_92' title="bbox 1910 4212 3561 4282; baseline -0.004 -11"><span class='ocrx_word' id='word_1_644' title='bbox 1910 4215 2050 4271; x_wconf 89' lang='lat' dir='ltr'>dicit</span> <span class='ocrx_word' id='word_1_645' title='bbox 2088 4232 2100 4270; x_wconf 91' lang='lat'>:</span> <span class='ocrx_word' id='word_1_646' title='bbox 2151 4216 2363 4271; x_wconf 85' lang='lat' dir='ltr'>Omnes</span> <span class='ocrx_word' id='word_1_647' title='bbox 2406 4220 2567 4271; x_wconf 80' lang='lat' dir='ltr'>sunt&#39;</span> <span class='ocrx_word' id='word_1_648' title='bbox 2603 4212 3116 4270; x_wconf 79' lang='lat' dir='ltr'>administratorii</span> <span class='ocrx_word' id='word_1_649' title='bbox 3171 4212 3438 4282; x_wconf 77' lang='lat' dir='ltr'>spiritus,</span> <span class='ocrx_word' id='word_1_650' title='bbox 3498 4212 3561 4266; x_wconf 87' lang='lat' dir='ltr'>in</span> 
     </span>
    </p>
   </div>
   <div class='ocr_carea' id='block_1_93' title="bbox 1911 4300 3566 4373">
    <p class='ocr_par' dir='ltr' id='par_1_93' title="bbox 1911 4300 3566 4373">
     <span class='ocr_line' id='line_1_93' title="bbox 1911 4300 3566 4373; baseline -0.004 -12"><span class='ocrx_word' id='word_1_651' title='bbox 1911 4306 2305 4361; x_wconf 78' lang='lat' dir='ltr'>ministerium</span> <span class='ocrx_word' id='word_1_652' title='bbox 2327 4304 2492 4359; x_wconf 88' lang='lat' dir='ltr'>missi</span> <span class='ocrx_word' id='word_1_653' title='bbox 2506 4305 2517 4337; x_wconf 96' lang='grc'>¹</span> <span class='ocrx_word' id='word_1_654' title='bbox 2530 4301 2922 4373; x_wconf 63' lang='grc' dir='ltr'>⁴·¹⁵.Ι)θηίῳιθ</span> <span class='ocrx_word' id='word_1_655' title='bbox 2936 4304 3181 4372; x_wconf 87' lang='lat' dir='ltr'>propter</span> <span class='ocrx_word' id='word_1_656' title='bbox 3198 4315 3298 4355; x_wconf 91' lang='lat' dir='ltr'>eos</span> <span class='ocrx_word' id='word_1_657' title='bbox 3317 4300 3420 4371; x_wconf 90' lang='lat' dir='ltr'>qui</span> <span class='ocrx_word' id='word_1_658' title='bbox 3441 4314 3566 4354; x_wconf 90' lang='lat' dir='ltr'>om-</span> 
     </span>
    </p>
   </div>
   <div class='ocr_carea' id='block_1_94' title="bbox 207 4386 1786 4471">
    <p class='ocr_par' dir='ltr' id='par_1_94' title="bbox 207 4395 1786 4471">
     <span class='ocr_line' id='line_1_94' title="bbox 207 4395 1786 4471; baseline 0.001 -24"><span class='ocrx_word' id='word_1_659' title='bbox 207 4404 333 4449; x_wconf 78' lang='grc' dir='ltr'>καίόν</span> <span class='ocrx_word' id='word_1_660' title='bbox 384 4398 502 4452; x_wconf 78' lang='grc' dir='ltr'>ἐστι</span> <span class='ocrx_word' id='word_1_661' title='bbox 560 4403 657 4453; x_wconf 84' lang='grc' dir='ltr'>καὶ</span> <span class='ocrx_word' id='word_1_662' title='bbox 708 4406 862 4451; x_wconf 87' lang='grc' dir='ltr'>τοῦτο</span> <span class='ocrx_word' id='word_1_663' title='bbox 891 4395 1459 4471; x_wconf 72' lang='grc' dir='ltr'>προσδιαστείλασθαιο</span> <span class='ocrx_word' id='word_1_664' title='bbox 1494 4399 1570 4451; x_wconf 85' lang='grc' dir='ltr'>ὅτι</span> <span class='ocrx_word' id='word_1_665' title='bbox 1600 4400 1786 4470; x_wconf 59' lang='grc' dir='ltr'>φεύγειπ</span> 
     </span>
    </p>
   </div>
   <div class='ocr_carea' id='block_1_95' title="bbox 1896 4386 3563 4471">
    <p class='ocr_par' dir='ltr' id='par_1_95' title="bbox 1910 4386 3563 4467">
     <span class='ocr_line' id='line_1_95' title="bbox 1910 4386 3563 4467; baseline -0.006 -16"><span class='ocrx_word' id='word_1_666' title='bbox 1910 4395 2011 4451; x_wconf 91' lang='lat' dir='ltr'>nia</span> <span class='ocrx_word' id='word_1_667' title='bbox 2040 4394 2423 4467; x_wconf 89' lang='lat' dir='ltr'>permiscent,</span> <span class='ocrx_word' id='word_1_668' title='bbox 2450 4408 2561 4448; x_wconf 92' lang='lat' dir='ltr'>nec</span> <span class='ocrx_word' id='word_1_669' title='bbox 2587 4391 2921 4447; x_wconf 88' lang='lat' dir='ltr'>doctrinam</span> <span class='ocrx_word' id='word_1_670' title='bbox 2952 4390 3013 4444; x_wconf 91' lang='lat' dir='ltr'>in</span> <span class='ocrx_word' id='word_1_671' title='bbox 3068 4386 3403 4457; x_wconf 86' lang='lat' dir='ltr'>Evangeliis</span> <span class='ocrx_word' id='word_1_672' title='bbox 3433 4386 3563 4442; x_wconf 87' lang='lat' dir='ltr'>reli-</span> 
     </span>
    </p>
   </div>
   <div class='ocr_carea' id='block_1_96' title="bbox 212 4482 1800 4561">
    <p class='ocr_par' dir='ltr' id='par_1_96' title="bbox 212 4482 1800 4561">
     <span class='ocr_line' id='line_1_96' title="bbox 212 4482 1800 4561; baseline 0.002 -26"><span class='ocrx_word' id='word_1_673' title='bbox 212 4482 279 4537; x_wconf 84' lang='grc' dir='ltr'>δεῖ</span> <span class='ocrx_word' id='word_1_674' title='bbox 318 4494 402 4541; x_wconf 86' lang='grc' dir='ltr'>καὶ</span> <span class='ocrx_word' id='word_1_675' title='bbox 468 4493 605 4551; x_wconf 83' lang='grc' dir='ltr'>τοὺς</span> <span class='ocrx_word' id='word_1_676' title='bbox 659 4492 752 4546; x_wconf 70' lang='grc' dir='ltr'>τὴν</span> <span class='ocrx_word' id='word_1_677' title='bbox 814 4487 1124 4541; x_wconf 81' lang='grc' dir='ltr'>ἀκολουθίαν</span> <span class='ocrx_word' id='word_1_678' title='bbox 1190 4489 1251 4547; x_wconf 78' lang='grc' dir='ltr'>ἣν</span> <span class='ocrx_word' id='word_1_679' title='bbox 1290 4484 1588 4561; x_wconf 79' lang='grc' dir='ltr'>παρέδωκεν</span> <span class='ocrx_word' id='word_1_680' title='bbox 1620 4490 1744 4561; x_wconf 86' lang='grc' dir='ltr'>ἡμῖν</span> <span class='ocrx_word' id='word_1_681' title='bbox 1775 4488 1800 4539; x_wconf 90' lang='grc' dir='ltr'>ό</span> 
     </span>
    </p>
   </div>
   <div class='ocr_carea' id='block_1_97' title="bbox 212 4577 1797 4654">
    <p class='ocr_par' dir='ltr' id='par_1_97' title="bbox 212 4577 1797 4654">
     <span class='ocr_line' id='line_1_97' title="bbox 212 4577 1797 4654; baseline 0 -26"><span class='ocrx_word' id='word_1_682' title='bbox 212 4577 378 4649; x_wconf 78' lang='grc' dir='ltr'>Κύριος</span> <span class='ocrx_word' id='word_1_683' title='bbox 451 4577 849 4652; x_wconf 73' lang='grc' dir='ltr'>ἐναμείϐοντας,</span> <span class='ocrx_word' id='word_1_684' title='bbox 932 4580 998 4641; x_wconf 86' lang='grc' dir='ltr'>ὡς</span> <span class='ocrx_word' id='word_1_685' title='bbox 1059 4585 1283 4654; x_wconf 72' lang='grc' dir='ltr'>φανερῶς</span> <span class='ocrx_word' id='word_1_686' title='bbox 1345 4581 1672 4650; x_wconf 82' lang='grc' dir='ltr'>μαχομένους</span> <span class='ocrx_word' id='word_1_687' title='bbox 1736 4585 1797 4651; x_wconf 78' lang='grc' dir='ltr'>τῇ</span> 
     </span>
    </p>
   </div>
   <div class='ocr_carea' id='block_1_98' title="bbox 208 4664 1804 4741">
    <p class='ocr_par' dir='ltr' id='par_1_98' title="bbox 208 4664 1804 4741">
     <span class='ocr_line' id='line_1_98' title="bbox 208 4664 1804 4741; baseline 0.003 -27"><span class='ocrx_word' id='word_1_688' title='bbox 208 4664 420 4740; x_wconf 65' lang='grc' dir='ltr'>εὐσεϐείᾳ</span> <span class='ocrx_word' id='word_1_689' title='bbox 480 4668 625 4739; x_wconf 82' lang='grc'>(61)·</span> <span class='ocrx_word' id='word_1_690' title='bbox 686 4672 775 4720; x_wconf 85' lang='grc' dir='ltr'>καὶ</span> <span class='ocrx_word' id='word_1_691' title='bbox 836 4669 953 4721; x_wconf 82' lang='grc' dir='ltr'>Υίόν</span> <span class='ocrx_word' id='word_1_692' title='bbox 1019 4670 1109 4741; x_wconf 75' lang='grc' dir='ltr'>μεν</span> <span class='ocrx_word' id='word_1_693' title='bbox 1155 4669 1549 4741; x_wconf 77' lang='grc' dir='ltr'>προτάσσοντας</span> <span class='ocrx_word' id='word_1_694' title='bbox 1576 4674 1668 4719; x_wconf 89' lang='grc' dir='ltr'>τοῦ</span> <span class='ocrx_word' id='word_1_695' title='bbox 1700 4673 1804 4719; x_wconf 88' lang='grc' dir='ltr'>Πα-</span> 
     </span>
    </p>
   </div>
   <div class='ocr_carea' id='block_1_99' title="bbox 210 4753 1792 4831">
    <p class='ocr_par' dir='ltr' id='par_1_99' title="bbox 210 4753 1792 4831">
     <span class='ocr_line' id='line_1_99' title="bbox 210 4753 1792 4831; baseline 0.004 -27"><span class='ocrx_word' id='word_1_696' title='bbox 210 4756 327 4827; x_wconf 76' lang='grc' dir='ltr'>τρός,</span> <span class='ocrx_word' id='word_1_697' title='bbox 386 4758 515 4811; x_wconf 80' lang='grc' dir='ltr'>Υὶοῦ</span> <span class='ocrx_word' id='word_1_698' title='bbox 588 4753 647 4810; x_wconf 74' lang='grc' dir='ltr'>δε</span> <span class='ocrx_word' id='word_1_699' title='bbox 702 4760 760 4809; x_wconf 85' lang='grc' dir='ltr'>τὸ</span> <span class='ocrx_word' id='word_1_700' title='bbox 806 4764 1017 4829; x_wconf 89' lang='grc' dir='ltr'>Πνεῦμα</span> <span class='ocrx_word' id='word_1_701' title='bbox 1071 4760 1129 4809; x_wconf 89' lang='grc' dir='ltr'>τό</span> <span class='ocrx_word' id='word_1_702' title='bbox 1195 4757 1342 4827; x_wconf 84' lang='grc' dir='ltr'>οἰγιον</span> <span class='ocrx_word' id='word_1_703' title='bbox 1426 4758 1792 4831; x_wconf 82' lang='grc' dir='ltr'>προτιθέντας.</span> 
     </span>
    </p>
   </div>
   <div class='ocr_carea' id='block_1_100' title="bbox 208 4842 1804 4922">
    <p class='ocr_par' dir='ltr' id='par_1_100' title="bbox 208 4842 1804 4922">
     <span class='ocr_line' id='line_1_100' title="bbox 208 4842 1804 4922; baseline 0.002 -28"><span class='ocrx_word' id='word_1_704' title='bbox 208 4842 456 4901; x_wconf 73' lang='grc' dir='ltr'>Ἀκὶνητον</span> <span class='ocrx_word' id='word_1_705' title='bbox 517 4848 630 4918; x_wconf 73' lang='grc' dir='ltr'>γὰρ</span> <span class='ocrx_word' id='word_1_706' title='bbox 686 4851 775 4897; x_wconf 85' lang='grc' dir='ltr'>καὶ</span> <span class='ocrx_word' id='word_1_707' title='bbox 837 4844 1287 4922; x_wconf 83' lang='grc' dir='ltr'>ἀπαρεγχείρητον</span> <span class='ocrx_word' id='word_1_708' title='bbox 1327 4844 1609 4919; x_wconf 70' lang='grc' dir='ltr'>φυλάσσειν</span> <span class='ocrx_word' id='word_1_709' title='bbox 1638 4864 1804 4919; x_wconf 88' lang='grc' dir='ltr'>προσ-</span> 
     </span>
    </p>
   </div>
   <div class='ocr_carea' id='block_1_101' title="bbox 212 4934 1804 5009">
    <p class='ocr_par' dir='ltr' id='par_1_101' title="bbox 212 4934 1804 5009">
     <span class='ocr_line' id='line_1_101' title="bbox 212 4934 1804 5009; baseline 0 -23"><span class='ocrx_word' id='word_1_710' title='bbox 212 4934 305 4986; x_wconf 62' lang='grc' dir='ltr'>ήκει</span> <span class='ocrx_word' id='word_1_711' title='bbox 348 4940 441 4993; x_wconf 67' lang='grc' dir='ltr'>τὴν</span> <span class='ocrx_word' id='word_1_712' title='bbox 506 4934 849 5003; x_wconf 76' lang='grc' dir='ltr'>ἀκολουθίαν,</span> <span class='ocrx_word' id='word_1_713' title='bbox 916 4935 975 4993; x_wconf 80' lang='grc' dir='ltr'>ἢν</span> <span class='ocrx_word' id='word_1_714' title='bbox 1026 4935 1078 4999; x_wconf 86' lang='grc' dir='ltr'>ἐξ</span> <span class='ocrx_word' id='word_1_715' title='bbox 1129 4935 1291 4997; x_wconf 69' lang='grc' dir='ltr'>αὐτῆς</span> <span class='ocrx_word' id='word_1_716' title='bbox 1342 4942 1433 4987; x_wconf 86' lang='grc' dir='ltr'>τοῦ</span> <span class='ocrx_word' id='word_1_717' title='bbox 1476 4939 1669 5009; x_wconf 84' lang='grc' dir='ltr'>Κυρίου</span> <span class='ocrx_word' id='word_1_718' title='bbox 1714 4942 1804 4995; x_wconf 80' lang='grc' dir='ltr'>τῆς</span> 
     </span>
    </p>
   </div>
   <div class='ocr_carea' id='block_1_102' title="bbox 214 5024 1803 5097">
    <p class='ocr_par' dir='ltr' id='par_1_102' title="bbox 214 5024 1803 5097">
     <span class='ocr_line' id='line_1_102' title="bbox 214 5024 1803 5097; baseline -0.004 -15"><span class='ocrx_word' id='word_1_719' title='bbox 214 5033 357 5088; x_wconf 62' lang='grc' dir='ltr'>φωνῆς</span> <span class='ocrx_word' id='word_1_720' title='bbox 436 5024 829 5097; x_wconf 75' lang='grc' dir='ltr'>παρελάϐομεν,</span> <span class='ocrx_word' id='word_1_721' title='bbox 925 5024 1168 5088; x_wconf 86' lang='grc' dir='ltr'>εἰπόντος·</span> <span class='ocrx_word' id='word_1_722' title='bbox 1264 5025 1619 5097; x_wconf 84' lang='grc' dir='ltr'>Πορευθέντες,</span> <span class='ocrx_word' id='word_1_723' title='bbox 1697 5044 1803 5097; x_wconf 87' lang='grc' dir='ltr'>μα-</span> 
     </span>
    </p>
   </div>
   <div class='ocr_carea' id='block_1_103' title="bbox 925 5024 1619 5097">
    <p class='ocr_par' dir='ltr' id='par_1_103' title="bbox 925 5024 1619 5097">
     <span class='ocr_line' id='line_1_103' title="bbox 925 5024 1619 5097; baseline -0.001 -19"><span class='ocrx_word' id='word_1_724' title='bbox 925 5024 1168 5088; x_wconf 85' lang='grc' dir='ltr'>εἰπόντος·</span> <span class='ocrx_word' id='word_1_725' title='bbox 1264 5025 1619 5097; x_wconf 84' lang='grc' dir='ltr'>Πορευθέντες,</span> 
     </span>
    </p>
   </div>
   <div class='ocr_carea' id='block_1_104' title="bbox 277 5237 819 5311">
    <p class='ocr_par' dir='ltr' id='par_1_104' title="bbox 277 5237 819 5311">
     <span class='ocr_line' id='line_1_104' title="bbox 277 5237 819 5311; baseline 0.002 -14"><span class='ocrx_word' id='word_1_726' title='bbox 277 5237 386 5274; x_wconf 77' lang='grc' dir='ltr'>¹¹⁰ἰ⁵</span> <span class='ocrx_word' id='word_1_727' title='bbox 442 5238 636 5297; x_wconf 85' lang='lat' dir='ltr'>Hebr.</span> <span class='ocrx_word' id='word_1_728' title='bbox 670 5254 707 5311; x_wconf 82' lang='grc' dir='ltr'>ι,</span> <span class='ocrx_word' id='word_1_729' title='bbox 738 5242 819 5299; x_wconf 80' lang='grc'>14.</span> 
     </span>
    </p>
   </div>
   <div class='ocr_carea' id='block_1_105' title="bbox 266 5435 1806 5510">
    <p class='ocr_par' dir='ltr' id='par_1_105' title="bbox 266 5435 1806 5510">
     <span class='ocr_line' id='line_1_105' title="bbox 266 5435 1806 5510; baseline 0.004 -23"><span class='ocrx_word' id='word_1_730' title='bbox 266 5435 771 5510; x_wconf 36' lang='grc' dir='ltr'>,ςδθγΑπέσκηψει</span> <span class='ocrx_word' id='word_1_731' title='bbox 801 5435 973 5493; x_wconf 91' lang='lat' dir='ltr'>Coisl.</span> <span class='ocrx_word' id='word_1_732' title='bbox 1009 5440 1258 5510; x_wconf 81' lang='lat' dir='ltr'>uterque</span> <span class='ocrx_word' id='word_1_733' title='bbox 1276 5440 1334 5495; x_wconf 79' lang='lat' dir='ltr'>et</span> <span class='ocrx_word' id='word_1_734' title='bbox 1362 5452 1517 5496; x_wconf 86' lang='lat' dir='ltr'>unus</span> <span class='ocrx_word' id='word_1_735' title='bbox 1564 5452 1638 5494; x_wconf 85' lang='lat' dir='ltr'>ex</span> <span class='ocrx_word' id='word_1_736' title='bbox 1694 5439 1806 5493; x_wconf 79' lang='lat' dir='ltr'>Be-</span> 
     </span>
    </p>
   </div>
   <div class='ocr_carea' id='block_1_106' title="bbox 239 5508 671 5579">
    <p class='ocr_par' dir='ltr' id='par_1_106' title="bbox 239 5508 671 5579">
     <span class='ocr_line' id='line_1_106' title="bbox 239 5508 671 5579; baseline 0.002 -23"><span class='ocrx_word' id='word_1_737' title='bbox 239 5508 321 5569; x_wconf 68' lang='lat' dir='ltr'>gtls</span> <span class='ocrx_word' id='word_1_738' title='bbox 348 5508 671 5579; x_wconf 65' lang='grc' dir='ltr'>ἐπέσκηψεν.</span> 
     </span>
    </p>
   </div>
   <div class='ocr_carea' id='block_1_107' title="bbox 296 5576 1800 5654">
    <p class='ocr_par' dir='ltr' id='par_1_107' title="bbox 296 5576 1800 5654">
     <span class='ocr_line' id='line_1_107' title="bbox 296 5576 1800 5654; baseline -0.001 -13"><span class='ocrx_word' id='word_1_739' title='bbox 296 5580 381 5641; x_wconf 56' lang='lat' dir='ltr'>im)</span> <span class='ocrx_word' id='word_1_740' title='bbox 446 5576 867 5637; x_wconf 68' lang='grc' dir='ltr'>Ἐπὰνετεινάτοο</span> <span class='ocrx_word' id='word_1_741' title='bbox 927 5580 1103 5638; x_wconf 90' lang='lat' dir='ltr'>Coisl.</span> <span class='ocrx_word' id='word_1_742' title='bbox 1155 5581 1389 5654; x_wconf 86' lang='lat' dir='ltr'>primus</span> <span class='ocrx_word' id='word_1_743' title='bbox 1434 5581 1800 5639; x_wconf 85' lang='grc' dir='ltr'>ἑπανετιίνετο.</span> 
     </span>
    </p>
   </div>
   <div class='ocr_carea' id='block_1_108' title="bbox 1911 4477 3563 4554">
    <p class='ocr_par' dir='ltr' id='par_1_108' title="bbox 1911 4477 3563 4554">
     <span class='ocr_line' id='line_1_108' title="bbox 1911 4477 3563 4554; baseline -0.006 -14"><span class='ocrx_word' id='word_1_744' title='bbox 1911 4488 2068 4540; x_wconf 89' lang='lat' dir='ltr'>ctam</span> <span class='ocrx_word' id='word_1_745' title='bbox 2095 4484 2264 4554; x_wconf 81' lang='lat'>217</span> <span class='ocrx_word' id='word_1_746' title='bbox 2303 4482 2670 4549; x_wconf 89' lang='lat' dir='ltr'>custodiunt,</span> <span class='ocrx_word' id='word_1_747' title='bbox 2730 4494 2974 4535; x_wconf 91' lang='lat' dir='ltr'>necesse</span> <span class='ocrx_word' id='word_1_748' title='bbox 3014 4481 3103 4533; x_wconf 88' lang='lat' dir='ltr'>est</span> <span class='ocrx_word' id='word_1_749' title='bbox 3150 4477 3265 4532; x_wconf 87' lang='lat' dir='ltr'>hoc</span> <span class='ocrx_word' id='word_1_750' title='bbox 3318 4492 3563 4549; x_wconf 88' lang='lat' dir='ltr'>quoque</span> 
     </span>
    </p>
   </div>
   <div class='ocr_carea' id='block_1_109' title="bbox 1913 4565 3565 4644">
    <p class='ocr_par' dir='ltr' id='par_1_109' title="bbox 1913 4565 3565 4644">
     <span class='ocr_line' id='line_1_109' title="bbox 1913 4565 3565 4644; baseline -0.004 -15"><span class='ocrx_word' id='word_1_751' title='bbox 1913 4573 2240 4640; x_wconf 89' lang='lat' dir='ltr'>declarare,</span> <span class='ocrx_word' id='word_1_752' title='bbox 2275 4588 2377 4628; x_wconf 93' lang='lat' dir='ltr'>eos</span> <span class='ocrx_word' id='word_1_753' title='bbox 2402 4572 2579 4627; x_wconf 90' lang='lat' dir='ltr'>etiam</span> <span class='ocrx_word' id='word_1_754' title='bbox 2603 4570 2708 4644; x_wconf 91' lang='lat' dir='ltr'>qui</span> <span class='ocrx_word' id='word_1_755' title='bbox 2729 4568 3005 4625; x_wconf 91' lang='lat' dir='ltr'>ordinem</span> <span class='ocrx_word' id='word_1_756' title='bbox 3030 4566 3207 4623; x_wconf 91' lang='lat' dir='ltr'>nobis</span> <span class='ocrx_word' id='word_1_757' title='bbox 3241 4582 3276 4622; x_wconf 93' lang='lat' dir='ltr'>a</span> <span class='ocrx_word' id='word_1_758' title='bbox 3308 4565 3565 4622; x_wconf 93' lang='lat' dir='ltr'>Domino</span> 
     </span>
    </p>
   </div>
   <div class='ocr_carea' id='block_1_110' title="bbox 1913 4656 3567 4728">
    <p class='ocr_par' dir='ltr' id='par_1_110' title="bbox 1913 4656 3567 4728">
     <span class='ocr_line' id='line_1_110' title="bbox 1913 4656 3567 4728; baseline -0.005 -8"><span class='ocrx_word' id='word_1_759' title='bbox 1913 4663 2198 4720; x_wconf 91' lang='lat' dir='ltr'>traditum</span> <span class='ocrx_word' id='word_1_760' title='bbox 2262 4661 2588 4728; x_wconf 83' lang='lat' dir='ltr'>invertunt,</span> <span class='ocrx_word' id='word_1_761' title='bbox 2639 4663 2695 4715; x_wconf 92' lang='lat' dir='ltr'><strong>et</strong></span> <span class='ocrx_word' id='word_1_762' title='bbox 2751 4657 2962 4714; x_wconf 87' lang='lat' dir='ltr'>Filium</span> <span class='ocrx_word' id='word_1_763' title='bbox 3016 4659 3154 4712; x_wconf 89' lang='lat' dir='ltr'>ante</span> <span class='ocrx_word' id='word_1_764' title='bbox 3213 4658 3469 4721; x_wconf 90' lang='lat' dir='ltr'>Patrem,</span> <span class='ocrx_word' id='word_1_765' title='bbox 3511 4656 3567 4711; x_wconf 87' lang='lat' dir='ltr'>et</span> 
     </span>
    </p>
   </div>
   <div class='ocr_carea' id='block_1_111' title="bbox 1917 4743 3565 4824">
    <p class='ocr_par' dir='ltr' id='par_1_111' title="bbox 1917 4743 3565 4824">
     <span class='ocr_line' id='line_1_111' title="bbox 1917 4743 3565 4824; baseline -0.007 -15"><span class='ocrx_word' id='word_1_766' title='bbox 1917 4752 2199 4824; x_wconf 89' lang='lat' dir='ltr'>Spiritum</span> <span class='ocrx_word' id='word_1_767' title='bbox 2248 4753 2526 4806; x_wconf 88' lang='lat' dir='ltr'>sanctum</span> <span class='ocrx_word' id='word_1_768' title='bbox 2575 4752 2712 4805; x_wconf 91' lang='lat' dir='ltr'>ante</span> <span class='ocrx_word' id='word_1_769' title='bbox 2740 4747 2948 4803; x_wconf 82' lang='lat' dir='ltr'>Filium</span> <span class='ocrx_word' id='word_1_770' title='bbox 2980 4745 3297 4810; x_wconf 88' lang='lat' dir='ltr'>collocant,</span> <span class='ocrx_word' id='word_1_771' title='bbox 3330 4743 3565 4812; x_wconf 86' lang='lat' dir='ltr'>fugien-</span> 
     </span>
    </p>
   </div>
   <div class='ocr_carea' id='block_1_112' title="bbox 1914 4835 3561 4911">
    <p class='ocr_par' dir='ltr' id='par_1_112' title="bbox 1914 4835 3561 4911">
     <span class='ocr_line' id='line_1_112' title="bbox 1914 4835 3561 4911; baseline -0.007 -13"><span class='ocrx_word' id='word_1_772' title='bbox 1914 4843 2027 4899; x_wconf 90' lang='lat' dir='ltr'>dos</span> <span class='ocrx_word' id='word_1_773' title='bbox 2085 4856 2239 4907; x_wconf 83' lang='lat' dir='ltr'>esse,</span> <span class='ocrx_word' id='word_1_774' title='bbox 2290 4844 2355 4895; x_wconf 93' lang='lat' dir='ltr'>ut</span> <span class='ocrx_word' id='word_1_775' title='bbox 2418 4838 2526 4911; x_wconf 92' lang='lat' dir='ltr'>qui</span> <span class='ocrx_word' id='word_1_776' title='bbox 2581 4842 2783 4911; x_wconf 90' lang='lat' dir='ltr'>aperte</span> <span class='ocrx_word' id='word_1_777' title='bbox 2838 4852 2977 4891; x_wconf 90' lang='lat' dir='ltr'>cum</span> <span class='ocrx_word' id='word_1_778' title='bbox 3028 4835 3245 4908; x_wconf 90' lang='lat' dir='ltr'>pietate</span> <span class='ocrx_word' id='word_1_779' title='bbox 3277 4836 3561 4904; x_wconf 85' lang='lat' dir='ltr'>pugnent.</span> 
     </span>
    </p>
   </div>
   <div class='ocr_carea' id='block_1_113' title="bbox 1916 4923 3564 4989">
    <p class='ocr_par' dir='ltr' id='par_1_113' title="bbox 1916 4923 3564 4989">
     <span class='ocr_line' id='line_1_113' title="bbox 1916 4923 3564 4989; baseline -0.005 -3"><span class='ocrx_word' id='word_1_780' title='bbox 1916 4934 2206 4988; x_wconf 90' lang='lat' dir='ltr'>Immotus</span> <span class='ocrx_word' id='word_1_781' title='bbox 2239 4931 2398 4986; x_wconf 89' lang='lat' dir='ltr'>enim</span> <span class='ocrx_word' id='word_1_782' title='bbox 2429 4934 2486 4985; x_wconf 91' lang='lat' dir='ltr'>et</span> <span class='ocrx_word' id='word_1_783' title='bbox 2510 4926 2875 4984; x_wconf 87' lang='lat' dir='ltr'>inviolabilis</span> <span class='ocrx_word' id='word_1_784' title='bbox 2920 4924 3355 4981; x_wconf 92' lang='lat' dir='ltr'>custodiendus</span> <span class='ocrx_word' id='word_1_785' title='bbox 3394 4923 3564 4989; x_wconf 91' lang='lat' dir='ltr'>ordo,</span> 
     </span>
    </p>
   </div>
   <div class='ocr_carea' id='block_1_114' title="bbox 1915 5012 3565 5096">
    <p class='ocr_par' dir='ltr' id='par_1_114' title="bbox 1915 5012 3565 5096">
     <span class='ocr_line' id='line_1_114' title="bbox 1915 5012 3565 5096; baseline -0.007 -19"><span class='ocrx_word' id='word_1_786' title='bbox 1915 5037 2098 5096; x_wconf 90' lang='lat' dir='ltr'>quem</span> <span class='ocrx_word' id='word_1_787' title='bbox 2127 5036 2199 5077; x_wconf 80' lang='lat' dir='ltr'>ex</span> <span class='ocrx_word' id='word_1_788' title='bbox 2229 5019 2361 5092; x_wconf 86' lang='lat' dir='ltr'>ipsa</span> <span class='ocrx_word' id='word_1_789' title='bbox 2384 5016 2619 5076; x_wconf 88' lang='lat' dir='ltr'>Domini</span> <span class='ocrx_word' id='word_1_790' title='bbox 2649 5032 2797 5073; x_wconf 91' lang='lat' dir='ltr'>voce</span> <span class='ocrx_word' id='word_1_791' title='bbox 2849 5013 3133 5074; x_wconf 82' lang='lat' dir='ltr'>traditum</span> <span class='ocrx_word' id='word_1_792' title='bbox 3193 5012 3565 5085; x_wconf 87' lang='lat' dir='ltr'>accepimus,</span> 
     </span>
    </p>
   </div>
   <div class='ocr_carea' id='block_1_115' title="bbox 1923 5416 3569 5563">
    <p class='ocr_par' dir='ltr' id='par_1_115' title="bbox 1923 5416 3569 5563">
     <span class='ocr_line' id='line_1_115' title="bbox 1923 5416 3569 5563; baseline -0.024 -56"><span class='ocrx_word' id='word_1_793' title='bbox 1923 5511 1949 5563; x_wconf 69' lang='grc' dir='ltr'><strong><em>ο</em></strong></span> <span class='ocrx_word' id='word_1_794' title='bbox 1990 5440 2103 5505; x_wconf 66' lang='grc'>(61)</span> <span class='ocrx_word' id='word_1_795' title='bbox 2154 5442 2225 5509; x_wconf 69' lang='grc' dir='ltr'>Τῇ</span> <span class='ocrx_word' id='word_1_796' title='bbox 2288 5430 2535 5505; x_wconf 73' lang='grc' dir='ltr'>ευσεϐείᾳ.</span> <span class='ocrx_word' id='word_1_797' title='bbox 2586 5432 2670 5487; x_wconf 87' lang='lat' dir='ltr'>Ita</span> <span class='ocrx_word' id='word_1_798' title='bbox 2700 5442 2919 5486; x_wconf 89' lang='lat' dir='ltr'>novem</span> <span class='ocrx_word' id='word_1_799' title='bbox 2949 5440 3098 5481; x_wconf 88' lang='lat' dir='ltr'>mss.</span> <span class='ocrx_word' id='word_1_800' title='bbox 3139 5418 3288 5477; x_wconf 84' lang='lat' dir='ltr'>Editi</span> <span class='ocrx_word' id='word_1_801' title='bbox 3344 5424 3402 5491; x_wconf 76' lang='grc' dir='ltr'>τῇ</span> <span class='ocrx_word' id='word_1_802' title='bbox 3439 5416 3569 5478; x_wconf 82' lang='grc' dir='ltr'>ἀλη-</span> 
     </span>
     <span class='ocr_line' id='line_1_116' title="bbox 1958 5528 2056 5563; baseline 0 0"><span class='ocrx_word' id='word_1_803' title='bbox 1958 5528 2056 5563; x_wconf 87' lang='grc' dir='ltr'>εια.</span> 
     </span>
    </p>
   </div>
   <div class='ocr_carea' id='block_1_116' title="bbox 1958 5528 2056 5579">
    <p class='ocr_par' dir='ltr' id='par_1_116' title="bbox 1958 5528 2056 5579">
     <span class='ocr_line' id='line_1_117' title="bbox 1958 5528 2056 5579; baseline 0 -16"><span class='ocrx_word' id='word_1_804' title='bbox 1958 5528 2056 5579; x_wconf 80' lang='grc' dir='ltr'>ειᾳ.</span> 
     </span>
    </p>
   </div>
  </div>
