4054 6204
552 250 650 305 551

546 370 1084 430 dicentiszEuntes
1114 369 1318 426 docete
1359 384 1560 426 omnes
1610 375 1834 440 gentes,
1890 367 2197 437 baptizan-

547 466 630 518 tes
660 479 754 519 eos
783 463 844 518 in
877 461 1114 517 nomine
1135 459 1356 529 Patris,
1387 464 1440 514 et
1467 459 1608 528 Fili,
1645 465 1700 514 et
1729 459 1994 528 Spiritus
2020 471 2197 512 sanc-

549 554 632 608 cti
656 553 698 589 ¹⁶

861 641 1231 710 Subscriptio
1248 638 1561 694 Eustathii
1599 639 1879 707 episcopi.

618 729 958 787 Eustathius
991 729 1312 802 episcopus
1343 727 1470 783 haac
1498 743 1534 784 a
1563 743 1659 782 me
1682 727 1786 782 tibi
1821 725 2031 782 Basilio
2050 723 2205 780 lecta

545 819 766 888 agnovi
796 836 808 886 ;
837 824 1129 890 eteaquaa
1162 832 1350 888 supra
1367 816 1588 888 scripta
1605 821 1762 878 sunt,
1791 813 2202 887 eomprobavi.

544 908 890 980 Subscripsi
920 912 1122 964 autem
1156 921 1277 962 una
1307 921 1547 961 mecum
1576 904 1974 978 praesentibus
2019 902 2208 958 fratri-

544 996 683 1064 bus,
713 1001 1006 1056 Frontone
1035 1001 1263 1059 nostro,
1308 1002 1366 1053 et
1394 996 1828 1069 chorepiscopo
1875 997 2115 1061 Severo,
2150 995 2207 1048 et

547 1088 678 1146 aliis
706 1087 1083 1160 quibusdam
1116 1086 1368 1142 clericis.

1067 1175 1408 1232 EPISTOLA
1449 1176 1698 1231 CXXVI'.

1901 241 1965 301 S.
2000 241 2250 299 BASILII
2288 240 2528 298 MAGNI.
3749 260 3828 316 552

2313 367 2598 424 θητεύσατε
2702 369 2870 420 πάντα
2951 370 3017 420 τὰ
3099 369 3240 436 ἔθνη,
3312 367 3632 441 βαπτίζοντες
3695 378 3839 442 αὐτοὺς

2311 455 2377 515 εἰς
2434 458 2492 508 τὸ
2548 459 2708 528 ὄνομα
2761 464 2852 510 τοῦ
2913 460 3136 530 Πατρός,
3198 461 3286 510 καὶ
3349 467 3435 510 τοῦ
3490 463 3622 534 Υἱοῦ,
3663 471 3840 522 καὶτοῦ

2311 543 2464 616 ἁγίου
2498 548 2815 618 Πνεύματος.

2539 641 2822 711 Ὑπογραφὴ
2866 635 2980 707 (62)
3023 637 3311 689 Εὐσταοίου
3373 636 3663 699 ἐπισκόπου,

2381 723 2667 786 Εὖστάοιος
2735 727 2849 796 (63)
2909 724 3187 787 ἐπίσκοπος
3255 731 3336 778 σοὶ
3369 725 3607 800 βασιλείῳ
3645 729 3845 805 ἀναγνοὺς

2312 811 2590 888 ἐγνώρισα,
2621 819 2712 866 καὶ
2767 821 3048 887 σννῄνεσαι
3099 822 3207 877 τοῖς
3254 824 3718 891 προγεγραμμένοις·
3757 823 3845 876 '1':-

2312 903 2518 976 ἔγραψα
2540 899 2599 956 δε
2628 909 3004 977 συμπαρόντων
3034 925 3125 977 μοι
3164 913 3261 956 τῶν
3311 902 3556 978 ἀδελφῶν,
3607 918 3688 960 τοῦ
3746 915 3845 983 ἠμε-

2311 996 2458 1066 τέρου
2491 997 2804 1068 Φρόντωνος,
2856 998 2945 1046 καὶ
2983 1001 3071 1046 τοῦ
3124 998 3525 1070 χωρεπισκόπον
3575 1000 3677 1069 (64)
3725 1000 3845 1059 Σεεὴ-

2311 1101 2426 1154 ρου,
2457 1086 2548 1134 καὶ
2577 1081 2740 1134 οἴλλων
2771 1091 2919 1134 τινῶν
2953 1082 3233 1156 κληρικῶν.

2837 1178 3174 1225 ΕΠΙΣΤΟΑΗ
3229 1172 3384 1237 ΡΚςί.

542 1303 882 1364 Atarbium,
916 1301 1021 1371 qui
1039 1299 1396 1356 adveniente
1422 1299 1762 1368 Nicopolim
1787 1299 2016 1371 Basilio
2037 1297 2382 1371 aufugerat,
2415 1297 3062 1371 commonet__Basilius,
3085 1303 3152 1353 ut
3184 1298 3265 1354 ad
3282 1313 3342 1354 se
3371 1299 3581 1365 veniat,
3608 1303 3849 1358 rationem

585 1391 786 1432 eorum
801 1367 1169 1439 redditurus,
1185 1385 1316 1442 qua:
1329 1376 1540 1426 contra
1559 1367 1850 1426 Basitiuvn
1867 1371 1931 1424 in
1949 1369 2229 1439 Ecclesia,
2246 1370 2300 1423 et
2314 1372 2525 1423 contra
2534 1367 2710 1436 ﬁdem
2727 1368 2948 1426 dixisse
2963 1384 3094 1425 eum
3109 1371 3226 1425 viri
3234 1385 3447 1440 graves
3463 1374 3847 1429 asseverabant.

1219 1495 1501 1552 Atarbio.

623 1590 772 1644 Cum
803 1584 1132 1658 Nicopolim
1163 1600 1353 1657 usque
1385 1585 1710 1653 venissem,
1746 1599 1998 1657 sperans
2031 1599 2126 1640 me
2149 1587 2204 1639 et
2233 1602 2276 1654 Β

550 1676 846 1736 tumultus
897 1675 1177 1730 excitatos
1237 1673 1586 1729 sedaturum
1647 1679 1702 1730 et
1747 1678 2048 1747 quantum
2077 1672 2204 1729 ﬁeri

550 1769 776 1840 posset,
827 1763 1162 1820 remedium
1220 1762 1313 1818 his
1365 1779 1500 1835 quin
1550 1768 1766 1834 prmter
1816 1763 2091 1820 ordinem
2135 1778 2204 1819 ac

549 1857 746 1926 legem
765 1853 1229 1910 ecclesiasticam
1264 1857 1399 1909 acta
1427 1852 1681 1919 fuerant,
1714 1853 2011 1920 laturum;
2039 1852 2205 1908 dolui

546 1944 953 2011 vehementer,
997 1943 1097 1998 ubi
1148 1942 1506 2015 probitatem
1558 1946 1722 1997 tuam
1772 1959 1895 1998 non
1957 1941 2202 2010 offendi,

543 2035 650 2092 sed
678 2039 732 2091 te
764 2033 930 2090 omni
953 2032 1247 2090 celeritate
1295 2031 1477 2088 didici
1531 2032 1879 2101 excessisse,
1935 2032 2118 2104 idque
2173 2048 2204 2088 e

546 2124 745 2181 medio
778 2123 897 2180 fere
920 2126 1243 2190 conventu,
1275 2121 1379 2194 qui
1409 2136 1444 2176 a
1475 2120 1646 2177 vobis
1678 2121 2205 2188 habebatur.Qua-

549 2217 794 2286 propter
823 2210 1162 2267 necessario
1186 2210 1263 2265 ad
1295 2209 1678 2266 scribendam
1703 2209 2021 2282 epistolam
2046 2211 2202 2281 veni,

543 2316 667 2374 qua
697 2304 750 2356 te
803 2304 867 2356 ut
916 2299 996 2356 ad
1035 2315 1146 2354 nos
1173 2297 1429 2354 accedas
1462 2314 1822 2355 commoneo
1854 2304 1919 2355 ut
1950 2299 2076 2372 ipse
2098 2315 2206 2373 per

543 2393 601 2446 te
658 2404 982 2445 maerorem
1027 2391 1302 2443 nostrum
1361 2387 1567 2460 lenias,
1627 2403 1752 2460 quo
1810 2388 1889 2444 ad
1945 2393 2201 2446 mortem

545 2493 736 2551 usque
765 2475 1019 2550 perculsi
1049 2493 1282 2546 sumus,
1316 2481 1642 2550 postquam
1665 2477 2203 2534 audivimusteme-

544 2567 647 2624 dia
675 2567 736 2622 in
767 2565 1020 2622 ecclesia
1046 2581 1266 2621 ausum
1289 2581 1362 2622 ea
1399 2581 1551 2632 esse,
1585 2581 1722 2638 quae
1770 2566 2062 2622 hactenus
2093 2583 2202 2623 au-

543 2659 713 2715 ribus
744 2657 963 2713 nostris
995 2655 1265 2712 inaudita
1296 2660 1482 2712 erant.
1544 2660 1736 2729 Atque
1779 2657 1905 2713 hinc
1955 2657 2202 2730 quidem

544 2747 654 2803 etsi
692 2745 945 2802 molesta
974 2761 1044 2802 ac
1066 2745 1296 2816 gravia,
1353 2743 1553 2801 adhuc
1617 2751 1818 2802 tamen
1867 2745 2204 2804 tolerabilia

543 2839 698 2906 sunt,
734 2838 938 2909 utpote
965 2834 1023 2890 in
1043 2833 1355 2890 hominem
1387 2837 1578 2904 gesta,
1603 2835 1702 2907 qui
1737 2834 2066 2892 vindictam
2096 2852 2200 2893 eo-

2885 1492 3142 1567 Ἀταρϐίῳ
3211 1494 3344 1562 (65).

2388 1588 2800 1657 Παραγενόμενοι
2855 1586 3020 1656 μέχρι
3071 1591 3166 1644 τῆς
3225 1581 3548 1645 Νικοπόλεως
3600 1583 3669 1635 ἐπ’
3714 1583 3852 1637 ἐλπιδι

2315 1679 2405 1724 τοῦ
2458 1677 2547 1725 καὶ
2604 1675 2696 1735 τὰς
2746 1674 3049 1734 κινηθείσας
3111 1674 3356 1746 ταραχὰς
3422 1670 3852 1745 ἐπανορθώσασθαι,

2313 1767 2403 1813 καὶ
2465 1765 2559 1820 τὴν
2627 1759 2970 1835 ἐνδεχομένην
3033 1762 3310 1833 ἐπαγαγεῖν
3377 1764 3692 1834 παραμυθίαν
3766 1767 3852 1828 (66)

2312 1858 2415 1911 τοῖς
2468 1849 2701 1913 ἀτάκτως
2752 1857 2841 1902 καὶ
2907 1854 3050 1925 παρά
3101 1854 3186 1904 τόν
3237 1849 3657 1909 ἐκκλησιαστικὸν
3706 1853 3854 1924 Θεσμόν

2313 1945 2602 2013 γενομένοις
2638 1942 2766 2011 (67),
2803 1937 3010 2013 σφόδρα
3041 1942 3383 2013 ηϋυμησαμεν
3423 1946 3491 2013 μὴ
3540 1941 3855 2001 καταλαϐοντες

2317 2049 2410 2082 σου
2481 2033 2574 2088 την
2644 2032 3013 2102 χρηστότητα,
3068 2028 3195 2082 ἀλλὰ
3250 2031 3500 2103 μαθόντες
3559 2029 3858 2093 ἐζεληλακέιαι

2317 2138 2373 2171 σε
2428 2121 2558 2191 πρὸς
2603 2124 2777 2171 πᾶσαν
2835 2118 3044 2187 ἔπειξιν,
3088 2124 3382 2172 καὶταῦτα
3415 2122 3664 2193 μεσούσης
3701 2117 3856 2191 σχεδὸν

2312 2215 2404 2267 τῆς
2464 2204 2709 2274 συνόδου,
2761 2215 2850 2268 τῆς
2903 2207 3026 2282 παρ’
3081 2209 3222 2280 ὑμῶν
3282 2207 3709 2281 τελουμένης.Διό
3738 2207 3858 2276 away.

2313 2300 2473 2358 καίως
2541 2293 2624 2347 ἐπὶ
2679 2298 2735 2348 τὸ
2783 2298 3004 2370 γράμμα
3043 2295 3286 2368 ἤλθομεν,
3325 2293 3399 2350 δι’
3429 2294 3485 2349 οὖ
3524 2299 3857 2370 ὑπομιμνήσκο-

2312 2403 2402 2458 μεν
2454 2383 2754 2444 ἀπαντῆσαι
2798 2388 2923 2460 πρὸς
2980 2387 3134 2458 ἡμᾶς,
3191 2386 3279 2437 ivx
3329 2385 3482 2448 αὐτὸς
3557 2383 3643 2438 διὰ
3701 2392 3856 2438 σαυτοῦ

2311 2474 2669 2545 παραμυῦὴσῃ
2735 2475 2880 2545 ἡμῶν
2955 2478 3048 2532 τὴν
3101 2473 3300 2542 λύπην,
3356 2474 3415 2533 ἣν
3470 2478 3623 2549 μέχρι
3680 2472 3856 2525 Θανάτου

2310 2560 2657 2634 λελυπημεθα,
2730 2562 3040 2623 ἀκούσαντες
3128 2562 3213 2615 ἐπὶ
3269 2569 3439 2635 μέσης
3487 2573 3573 2625 τῆς
3633 2560 3856 2617 ἐκκλησίας

2312 2651 2660 2724 τετολμῆσθαι
2749 2654 3035 2726 πράγματα
3111 2655 3253 2704 οὔπω
3338 2657 3500 2726 μέχρι
3562 2659 3644 2712 τῆς
3704 2652 3857 2723 ἡμέρας

2311 2743 2501 2802 ταύτης
2563 2740 2636 2803 εἰς
2695 2739 2856 2800 ἀκοὴν
2922 2743 3174 2815 ἡμετέραν
3243 2741 3488 2797 ἐλθόντα.
3562 2745 3654 2794 Καὶ
3729 2745 3856 2790 ταῦτα

2309 2832 2422 2903 μὲν,
2479 2829 2524 2882 εἰ
2578 2834 2668 2882 καὶ
2719 2829 2928 2903 λυπηρὰ
2955 2835 3044 2882 καὶ
3075 2828 3265 2904 βαρέα,
3307 2829 3415 2882 ἀλλ’
3453 2833 3527 2882 ἔτι
3553 2829 3746 2902 φορητὰ,
3788 2821 3856 2876 διὰ

539 2941 676 2982 rum
706 2941 841 2998 quae
871 2940 1090 2998 passus
1128 2928 1186 2980 et
1217 2926 1334 2980 Deo
1377 2923 1979 3002 committens,_totus
2029 2927 2089 2981 in
2129 2942 2199 2982 eo

2309 2922 2367 2972 τὸ
2445 2918 2515 2981 εἰς
2584 2917 2851 2992 ἄνθρωπον
2903 2921 3237 2991 γεγενῆσθαι.
3310 2919 3386 2987 ὃς,
3439 2923 3531 2978 τὴν
3576 2920 3688 2993 ὑπὲρ
3715 2917 3769 2966 ὧν
3791 2917 3856 2966 πί·

542 3017 633 3071 est
657 3019 718 3070 ut
749 3013 1025 3070 conciliet
1051 3028 1288 3086 pacem,
1320 3028 1431 3068 nec
1459 3029 1570 3068 sua
1597 3013 1775 3086 culpa
1817 3013 1982 3069 noxii
2027 3014 2199 3087 quid~

543 3119 733 3175 quam
782 3102 1011 3175 populo
1053 3101 1153 3158 Dei
1209 3102 1464 3160 eveniat.
1505 3101 1616 3158 Sed
1648 3102 1792 3175 quia
1822 3103 2094 3159 nonnulli
2127 3120 2199 3160 ex

543 3190 918 3248 honorandis
948 3196 1006 3247 et
1034 3189 1152 3247 ﬁde
1180 3191 1346 3246 omni
1381 3191 1580 3261 dignis
1621 3191 1904 3246 fratribus
1959 3192 2199 3248 nuntia-

539 3284 755 3335 verunt
780 3279 959 3336 nobis
982 3279 1265 3352 quazdam
1293 3279 1352 3335 in
1384 3279 1501 3335 ﬁde
1527 3295 1563 3336 a
1596 3284 1646 3336 te
1679 3280 2201 3350 novari,etcontra

540 3384 750 3425 sanam
773 3368 1108 3425 doctrinam
1136 3369 1511 3441 pronuntiari
1529 3389 1540 3438 ;
1558 3369 1648 3425 his
1670 3371 1865 3440 magis
1889 3373 2197 3444 commoti,

541 3461 722 3528 atque
769 3473 996 3527 magno
1049 3463 1195 3513 testu
1251 3458 1476 3527 agitati,
1537 3475 1610 3514 ne
1633 3464 1846 3531 praeter
1876 3459 2199 3517 innumera

539 3544 790 3603 vulnera
843 3545 920 3602 ab
974 3545 1066 3602 his
1097 3546 1199 3618 qui
1229 3545 1291 3601 in
1323 3546 1622 3617 Evangelii
1651 3548 1960 3605 veritatem
1991 3565 2198 3622 pecca-

615 3678 661 3714 ¹⁶
688 3673 888 3732 Matth.
921 3689 1116 3740 xxvm,
1157 3677 1241 3728 l9.

611 3821 631 3842 ‘
663 3819 822 3876 Alias
855 3818 1208 3874 CCCCLXIV.
1241 3816 1470 3888 Scripta
1511 3831 1672 3872 anno
1703 3821 1830 3874 373.

611 3893 718 3962 (62)
768 3891 1087 3962 Ὑπογραφὴ.
1159 3887 1338 3962 ῌξιιιι.Δ
1371 3887 1424 3942 et
1452 3903 1711 3962 unus_ex
1743 3889 1935 3960 Regiis
1983 3895 2071 3942 καὶ
2101 3892 2196 3942 ὑπ-

541 3957 759 4036 έγραψεν
812 3957 1098 4036 eueniet};
1165 3961 1190 4009 ὁ
1249 3957 1911 4036 ξεϐαστείαςιέπίσκοπος,
1971 3967 2024 4017 et
2064 3963 2196 4017 sub-

537 4029 778 4100 scripsit
803 4029 1164 4084 Eustathius
1185 4029 1471 4100 Sebastiae
1499 4029 1822 4100 episcOpus.

613 4098 727 4171 (63)
784 4100 1099 4171 Εὐστάθιος,
1135 4098 1435 4171 Editiones
1478 4098 1844 4171 Parisienses
1908 4119 2048 4158 cum
2106 4120 2194 4159 se-

545 4168 745 4230 cunda
770 4168 1091 4241 Basileensi
1121 4169 1349 4241 addunt
1374 4168 1472 4240 ἐγω
1499 4175 1635 4241 ante
1667 4170 1823 4226 hanc
1849 4175 2195 4241 voeem,sed

539 4245 710 4301 deest
764 4243 825 4298 in
877 4240 1096 4297 nostris
1143 4240 1451 4297 codicibus
1484 4240 1622 4296 etin
1657 4241 2018 4299 editionibus
2045 4240 2191 4300 anti-

540 4315 878 4390 quioribus.

607 4390 720 4459 (64)
763 4387 1198 4459 Χωρεπισκόπου.
1261 4381 1438 4438 Coisl.
1500 4381 1732 4454 primus
1789 4388 1846 4440 et
1894 4387 2038 4456 Reg.
2107 4403 2192 4442 se-

541 4458 778 4515 cundus
807 4458 1115 4510 ἐπισκόπου.

607 4531 719 4602 (οὸ)
752 4528 1018 4602 Αταρϐίῳ.
1047 4526 1244 4602 Codex
1277 4525 1795 4602 Claromontanus,
1836 4525 1939 4602 qui
1993 4543 2193 4602 recen-

539 4600 807 4672 tissimus
845 4596 1262 4672 est,'_'_Ara..o‘3ie9
1310 4597 1656 4665 Νικοπόλεως,
1716 4596 1964 4672 Αίαιίριὀ
2015 4600 2193 4672 Nico-

532 4671 832 4740 potitano.
883 4674 954 4724 At
982 4669 1041 4724 id
1072 4669 1319 4794 Erorsus
1349 4675 1646 4740 repugnat
1694 4684 1830 4723 cum
1891 4669 2190 4742 Nicopolis

537 4755 661 4794 non
687 4741 874 4794 alium
897 4745 1036 4794 tunc
1121 4738 1353 4794 abuerit
1383 4739 1759 4794 enisconum.
1790 4755 1977 4794 quam
2007 4744 2190 4794 Theo-

537 4738 661 4797 hon
687 4741 874 4796 alium
897 4745 1036 4811 tunc
1075 4738 1353 4811 habuerit
1383 4738 1759 4811 episcopum,
1790 4755 1977 4811 quam
2007 4738 2190 4798 Theo-

538 4813 769 4868 dotum.
794 4810 991 4868 Codex
1015 4809 1192 4866 Coisl.
1214 4809 1668 4881 antiquissimus
1689 4815 1746 4866 et
1767 4809 1912 4866 Med.
1931 4811 2010 4868 ita
2031 4813 2191 4870 hunc

539 4883 776 4957 titulum
799 4881 1085 4957 exhibent
1110 4900 1122 4937 :
1147 4879 1406 4957 Ἀταρϐἶῳ
1455 4886 1885 4957 Νεοκαισμρείας,
1934 4883 2191 4957 Ala/fato

537 4955 948 5011 Neoca’sarece.
977 4956 1136 5008 Hanc
1160 4951 1520 5024 scripturam
1546 4951 1908 5024 conﬁrmant
1933 4969 2056 5009 non
2079 4956 2190 5010 im-

537 5023 1306 5098 probabiliumhrationum
1364 5028 1693 5092 momenta,
1752 5023 1827 5079 de
1880 5025 2192 5098 quibusin

551 5096 679 5154 Vita
704 5099 765 5155 S.
801 5096 1043 5153 Basilii.

606 5171 714 5240 (66)
756 5168 1117 5243 Παραμυρίαν.
1152 5165 1272 5243 Hac
1303 5181 1446 5220 voce
1512 5167 1862 5243 designatur
1900 5172 2194 5243 tempera-

536 5237 807 5296 mentum
837 5237 1226 5312 quoddam_et
1246 5239 1811 5312 accommodatioin
1837 5239 2015 5294 rebus
2030 5237 2188 5294 diffi-

539 5307 878 5368 cilioribus:
927 5309 1074 5364 Hinc
1131 5307 1380 5363 Basilius
1434 5323 1558 5375 eos,
1596 5309 2073 5380 quijuraverant
2130 5327 2191 5367 se

535 5383 975 5440 ordinationem
993 5395 1114 5436 non
1130 5383 1501 5451 accepturos,
1522 5385 1577 5434 et
1593 5385 2189 5451 posteaacceperant,

535 5459 716 5522 negat
738 5451 1064 5510 ministerio
1095 5449 1373 5522 perfungi
1401 5449 1715 5522 de_bere,_si
1741 5453 1916 5522 nulla
1936 5449 2191 5520 prorsus

533 5517 728 5581 sit—rei
755 5525 1048 5583 lenienda?
1072 5517 1230 5594 ratio
1268 5517 1350 5574 ἐὰν
1380 5517 1618 5593 μηδεμία
1731 5517 2037 5594 μηδαμόθεν
2091 5544 2192 5576 πα-

533 5597 790 5667 ραμυθία,
822 5612 937 5654 can
965 5600 1018 5653 1.
1059 5592 1288 5651 Ibidem
1332 5592 1528 5650 νοσοῖ
1555 5592 1893 5664 παραμυθίᾶν
1934 5595 2193 5666 pruden-

2308 3010 2490 3062 πονοεν
2534 3003 2808 3066 ἐκδίκησιν
2865 3017 2937 3080 τῷ
2997 3015 3109 3080 Θεῷ
3164 3007 3476 3084 ἐπιτρέψας,
3527 3007 3629 3068 ὅλος
3665 3005 3760 3058 ἐστὶ
3784 3011 3856 3063 τῆς

2310 3098 2518 3173 εἰρήνης
2570 3102 2660 3150 καὶ
2706 3105 2798 3150 τοῦ
2851 3095 3016 3170 μηδὲν
3083 3099 3228 3170 παρὰ
3285 3103 3374 3157 τὴν
3408 3099 3561 3151 αὐτοῦ
3601 3097 3701 3168 (68)
3728 3094 3858 3146 αἰτίαν

2310 3187 2561 3264 βλαϐερὸν
2585 3189 2824 3258 γίνεσθαι
2847 3196 2919 3258 τῷ
2952 3186 3059 3257 λαῷ
3089 3194 3181 3239 τοῦ
3213 3195 3379 3243 Θεοῦ.
3415 3183 3616 3244 Ἐπειδὴ
3672 3181 3724 3237 δέ
3758 3200 3856 3241 τινες

2308 3287 2406 3330 τῶν
2437 3283 2621 3351 τιμίων
2651 3282 2740 3329 καὶ
2770 3279 2944 3338 πάσης
2973 3282 3199 3340 πίστεως
3235 3275 3406 3342 ἀξίων
3461 3275 3677 3350 ἀδελφῶν
3728 3273 3856 3341 ἀπήγ-

2306 3367 2478 3440 γειλαν
2543 3370 2689 3440 ἡμῖν,
2754 3369 2818 3427 ὡς
2869 3371 2987 3440 περὶ
3039 3370 3132 3426 τὴν
3193 3371 3387 3420 πίστιν
3447 3366 3854 3437 καινοτομουμένων

2306 3466 2477 3523 τινῶν,
2547 3461 2636 3508 καὶ
2710 3455 3029 3528 λαλουμένων
3100 3457 3241 3530 παρὰ
3321 3465 3418 3510 σοῦ
3484 3458 3759 3512 ὑπεναντίως

2307 3549 2615 3619 ὑγιαινούσῃ
2641 3541 2988 3617 διδασκαλίᾳ”
3020 3544 3103 3598 ἐπὶ
3134 3547 3348 3608 τούτοις
3370 3547 3478 3619 (69)
3499 3545 3638 3598 πλέον
3660 3557 3856 3612 συγκινῑσ

2304 3819 2421 3870 tem
2443 3813 2607 3869 illam
2627 3810 3288 3885 accommodationem,
3305 3828 3432 3885 qua
3451 3827 3592 3870 usus
3621 3812 3704 3866 est
3724 3806 3772 3885 i_n
3797 3803 3859 3885 in-

2304 3884 2684 3958 terpretando
2698 3883 3116 3958 jurejurando,
3133 3899 3262 3958 quo
3274 3878 3594 3958 'C:yriacum
3610 3878 3860 3958 presbyte-

2300 3952 2427 4012 rum
2443 3952 3022 4026 Severusepiseopus
3037 3952 3464 4026 obstrinxerat.
3475 3952 3739 4026 Sperabat
3751 3959 3856 4014 ergo

2303 4027 2558 4083 Basilius
2588 4024 3359 4098 Nicopolim'proﬁciseens,
3397 4043 3462 4082 se
3490 4024 3699 4091 motus,
3740 4032 3857 4098 quos

2302 4099 2505 4154 Fausti
2534 4086 2752 4170 praeter
2770 4086 3366 4170 canonesordinatio
3388 4086 3857 4170 concitaverat—ﬁli;

2301 4187 2424 4243 quo
2447 4159 2921 4243 temperamento
2949 4167 3329 4243 sedaturum,
3347 4173 3538 4243 Atque
3563 4159 3857 4243 indeﬁcolligi

2300 4238 2919 4314 potesthonoritjc‘um
2947 4238 3613 4314 Fausto_testi_mohium
3633 4252 3664 4314 a
3684 4238 3857 4314 Ραξιξιιξο

2224 4317 2266 4370 D
2299 4301 2401 4368 nio
2430 4301 2719 4368 tributum
2739 4310 3414 4382 fuisse,quemiBasilius
3436 4323 3616 4382 supra
3642 4307 3696 4361 in
3723 4301 3853 4374 epist:

2307 4389 2405 4438 122
2426 4388 2614 4452 rogat,
2640 4387 2705 4455 ut
2722 4381 3113 4455 certioremse
3133 4381 3327 4455 faciat
3363 4381 3565 4455 utrum
3593 4394 3683 4455 res
3701 4383 3857 4455 sanan

2301 4449 2724 4526 necne'po'ssit,
2747 4468 3018 4526 numque
3039 4451 3366 4508 laudabilis
3393 4453 3468 4526 sit
3492 4449 3857 4526 [:austh-‘ita‘sx-

2303 4512 2563 4604 gnitice‘t:
2583 4512 3037 4604 Quo'modorem
3055 4524 3485 4604 temperaverit
3501 4512 3858 4604 Basiliusplff:

2301 4593 2376 4652 ne
2397 4596 2624 4652 nescio.
2645 4595 2755 4651 Sed
2792 4600 2993 4650 tamen
3016 4593 3244 4666 aliquid
3279 4593 3856 4666 communiconsensu

2301 4669 2606 4724 decretum
2628 4671 2683 4722 et
2705 4666 3091 4722 constitutum
3114 4661 3321 4732 fuisse,
3349 4665 3604 4791 perspici
3623 4661 3793 4740 potest
3808 4666 3856 4706 ex

2301 4738 2552 4791 epistola
2596 4737 2892 4791 sequenti.
2955 4737 3017 4791 in
3063 4750 3186 4791 aua
3211 4738 3345 4791 Basi
3376 4737 3470 4791 ius
3496 4734 3856 4791 plurimumse

2301 4738 2552 4812 epistola
2596 4737 2892 4812 sequenti,
2955 4737 3017 4812 in
3063 4750 3186 4812 qua
3211 4734 3470 4812 Basilius
3494 4734 3797 4812 plurimum
3815 4736 3856 4812 se

2302 4803 2567 4887 utilitatis
2593 4803 2890 4887 ex_'.lovini
2911 4803 3176 4887 episcopi
3192 4803 3566 4887 adventu,ac
3582 4805 3766 4887 ipsum

2301 4881 2674 4954 thimumqui
2698 4873 2979 4935 Faustum
3002 4873 3409 4941 ordinaverat,
3447 4879 3577 4950 jam
3605 4873 3715 4929 'sibi
3750 4880 3860 4924 anu-

2301 4969 2438 5008 cum
2465 4953 2688 5008 factum
2710 4967 2842 5005 esse
2867 4954 3130 5005 testatur.

2372 5025 2482 5095 (67)
2536 5031 2571 5076 Γ
2576 5028 2844 5096 ενομένοις.
2901 5020 3048 5077 Med.
3110 5024 3166 5077 et
3225 5020 3407 5077 Coisl.
3441 5020 3671 5093 primus
3696 5026 3861 5086 757m-

2303 5115 2486 5159 μενοις.
3733 5157 3750 5159 _
3793 5151 3802 5159 .

2300 5151 2310 5168 ⁸
2348 5147 2489 5233 (δέ)
2535 5168 2684 5238 Παρὰ
2738 5169 2831 5222 την
2861 5163 3059 5238 αυτοῦ.
3111 5163 3352 5238 Legitur
3399 5163 3593 5238 eorum?
3638 5160 3692 5215 in
3720 5147 3859 5238 (Ξοὶεξς

2299 5239 2518 5311 primo.
2561 5234 2785 5311 Ibidem
2807 5235 2947 5311 editi
2975 5237 3235 5311 γενέσθαι.
3275 5235 3454 5311 ﬂarl._
3487 5234 3678 5311 prima
3714 5235 3863 5282 manu

2301 5303 2357 5366 ét
2386 5309 2588 5382 plures
2622 5308 2717 5364 alii
2745 5303 3002 5379 γίνεσθαι.
3029 5309 3155 5363 Mox
3179 5304 3374 5361 codex
3408 5303 3569 5360 Harl.
3601 5311 3693 5354 τῶν
3718 5313 3862 5348 τιαιω-

2301 5402 2487 5435 τατων.

2371 5453 2478 5523 (69)
2511 5452 2630 5503 Ἐπὶ
2677 5453 2904 5511 τούτοις.
2947 5447 3122 5505 Coisl.
3155 5447 3393 5523 primus
3444 5447 3526 5500 ἐπὶ
3557 5447 3730 5513 τούτῳ.
3759 5438 3863 5492 Mox

2301 5522 2444 5580 editi
2468 5528 2538 5597 μή
2570 5528 2668 5575 που
2700 5541 2772 5575 τε.
2805 5523 2918 5578 Sex
2942 5537 3093 5577 mss.
3131 5525 3199 5595 μή
3227 5522 3332 5572 πού
3358 5540 3432 5577 τι.
