  <div class='ocr_page' id='page_1' title='image "/cluster/home/n/w/nwhite01/storage/ocr_20150623/32/hvd.32044048207401/283.png"; bbox 0 0 4054 6204; ppageno 0'>
   <div class='ocr_carea' id='block_1_1' title="bbox 565 281 670 338">
    <p class='ocr_par' dir='ltr' id='par_1_1' title="bbox 565 281 670 338">
     <span class='ocr_line' id='line_1_1' title="bbox 565 281 670 338; baseline -0.019 0"><span class='ocrx_word' id='word_1_1' title='bbox 565 281 670 338; x_wconf 70' lang='lat'>555</span> 
     </span>
    </p>
   </div>
   <div class='ocr_carea' id='block_1_2' title="bbox 1945 246 3821 313">
    <p class='ocr_par' dir='ltr' id='par_1_2' title="bbox 1945 246 3821 313">
     <span class='ocr_line' id='line_1_2' title="bbox 1945 246 3821 313; baseline -0.01 -1"><span class='ocrx_word' id='word_1_2' title='bbox 1945 255 2004 313; x_wconf 94' lang='lat' dir='ltr'>s.</span> <span class='ocrx_word' id='word_1_3' title='bbox 2034 246 2289 309; x_wconf 75' lang='lat' dir='ltr'>BASILII</span> <span class='ocrx_word' id='word_1_4' title='bbox 2320 248 2544 306; x_wconf 78' lang='lat' dir='ltr'><strong>MAGNI</strong></span> <span class='ocrx_word' id='word_1_5' title='bbox 3740 256 3821 313; x_wconf 53' lang='grc' dir='ltr'>εδδ</span> 
     </span>
    </p>
   </div>
   <div class='ocr_carea' id='block_1_3' title="bbox 565 367 2244 472">
    <p class='ocr_par' dir='ltr' id='par_1_3' title="bbox 565 378 2215 472">
     <span class='ocr_line' id='line_1_3' title="bbox 565 378 2215 472; baseline -0.018 -10"><span class='ocrx_word' id='word_1_6' title='bbox 565 405 652 463; x_wconf 87' lang='lat' dir='ltr'>tui</span> <span class='ocrx_word' id='word_1_7' title='bbox 677 421 691 472; x_wconf 84' lang='lat'><strong>;</strong></span> <span class='ocrx_word' id='word_1_8' title='bbox 724 400 827 459; x_wconf 88' lang='lat' dir='ltr'>sed</span> <span class='ocrx_word' id='word_1_9' title='bbox 868 396 1036 456; x_wconf 82' lang='lat' dir='ltr'>cordi</span> <span class='ocrx_word' id='word_1_10' title='bbox 1064 409 1203 453; x_wconf 92' lang='lat' dir='ltr'>meo</span> <span class='ocrx_word' id='word_1_11' title='bbox 1231 394 1463 449; x_wconf 81' lang='lat' dir='ltr'>tantam</span> <span class='ocrx_word' id='word_1_12' title='bbox 1500 390 1695 445; x_wconf 89' lang='lat' dir='ltr'>inesse</span> <span class='ocrx_word' id='word_1_13' title='bbox 1722 386 1907 457; x_wconf 86' lang='lat' dir='ltr'>hujus</span> <span class='ocrx_word' id='word_1_14' title='bbox 1937 381 2023 439; x_wconf 86' lang='lat' dir='ltr'>rei</span> <span class='ocrx_word' id='word_1_15' title='bbox 2052 378 2215 450; x_wconf 88' lang='lat' dir='ltr'>cupi-</span> 
     </span>
    </p>
   </div>
   <div class='ocr_carea' id='block_1_4' title="bbox 2363 367 3825 472">
    <p class='ocr_par' dir='ltr' id='par_1_4' title="bbox 2363 367 3825 447">
     <span class='ocr_line' id='line_1_4' title="bbox 2363 367 3825 447; baseline 0.003 -22"><span class='ocrx_word' id='word_1_16' title='bbox 2363 376 2466 425; x_wconf 67' lang='grc' dir='ltr'>Ξπω</span> <span class='ocrx_word' id='word_1_17' title='bbox 2488 369 2804 446; x_wconf 73' lang='grc' dir='ltr'>δεδύνημαι·</span> <span class='ocrx_word' id='word_1_18' title='bbox 2839 372 2886 425; x_wconf 71' lang='grc' dir='ltr'>ἄν</span> <span class='ocrx_word' id='word_1_19' title='bbox 2916 368 2977 425; x_wconf 66' lang='grc' dir='ltr'>δε</span> <span class='ocrx_word' id='word_1_20' title='bbox 3000 379 3063 445; x_wconf 75' lang='grc' dir='ltr'>τῇ</span> <span class='ocrx_word' id='word_1_21' title='bbox 3092 367 3289 445; x_wconf 84' lang='grc' dir='ltr'>καρδίᾳ</span> <span class='ocrx_word' id='word_1_22' title='bbox 3333 376 3428 443; x_wconf 76' lang='grc' dir='ltr'>μου</span> <span class='ocrx_word' id='word_1_23' title='bbox 3470 390 3697 433; x_wconf 83' lang='grc' dir='ltr'>τοσαυτην</span> <span class='ocrx_word' id='word_1_24' title='bbox 3718 378 3825 447; x_wconf 80' lang='grc' dir='ltr'>ἔχειν</span> 
     </span>
    </p>
   </div>
   <div class='ocr_carea' id='block_1_5' title="bbox 567 473 2217 554">
    <p class='ocr_par' dir='ltr' id='par_1_5' title="bbox 567 473 2217 554">
     <span class='ocr_line' id='line_1_5' title="bbox 567 473 2217 554; baseline -0.017 -2"><span class='ocrx_word' id='word_1_25' title='bbox 567 496 816 551; x_wconf 81' lang='lat' dir='ltr'>ditatem</span> <span class='ocrx_word' id='word_1_26' title='bbox 844 489 1002 554; x_wconf 89' lang='lat' dir='ltr'>dico,</span> <span class='ocrx_word' id='word_1_27' title='bbox 1034 490 1099 542; x_wconf 92' lang='lat' dir='ltr'>ut</span> <span class='ocrx_word' id='word_1_28' title='bbox 1127 499 1328 540; x_wconf 84' lang='lat' dir='ltr'>meam</span> <span class='ocrx_word' id='word_1_29' title='bbox 1359 481 1539 538; x_wconf 91' lang='lat' dir='ltr'>etiam</span> <span class='ocrx_word' id='word_1_30' title='bbox 1568 478 1823 534; x_wconf 82' lang='lat' dir='ltr'>libenter</span> <span class='ocrx_word' id='word_1_31' title='bbox 1846 473 2033 530; x_wconf 89' lang='lat' dir='ltr'>vitam</span> <span class='ocrx_word' id='word_1_32' title='bbox 2070 484 2217 542; x_wconf 90' lang='lat' dir='ltr'>pro-</span> 
     </span>
    </p>
   </div>
   <div class='ocr_carea' id='block_1_6' title="bbox 568 558 2219 651">
    <p class='ocr_par' dir='ltr' id='par_1_6' title="bbox 568 558 2219 651">
     <span class='ocr_line' id='line_1_6' title="bbox 568 558 2219 651; baseline -0.016 -11"><span class='ocrx_word' id='word_1_33' title='bbox 568 583 848 651; x_wconf 80' lang='lat' dir='ltr'>fundam,</span> <span class='ocrx_word' id='word_1_34' title='bbox 876 583 941 635; x_wconf 92' lang='lat' dir='ltr'>ut</span> <span class='ocrx_word' id='word_1_35' title='bbox 960 576 1081 633; x_wconf 92' lang='lat' dir='ltr'>odii</span> <span class='ocrx_word' id='word_1_36' title='bbox 1098 575 1345 630; x_wconf 90' lang='lat' dir='ltr'>ﬂamma</span> <span class='ocrx_word' id='word_1_37' title='bbox 1365 587 1401 626; x_wconf 90' lang='lat' dir='ltr'>a</span> <span class='ocrx_word' id='word_1_38' title='bbox 1431 568 1697 636; x_wconf 87' lang='lat' dir='ltr'>maligno</span> <span class='ocrx_word' id='word_1_39' title='bbox 1724 578 1981 621; x_wconf 89' lang='lat' dir='ltr'>accensa</span> <span class='ocrx_word' id='word_1_40' title='bbox 2002 558 2219 617; x_wconf 81' lang='lat' dir='ltr'>exstin-</span> 
     </span>
    </p>
   </div>
   <div class='ocr_carea' id='block_1_7' title="bbox 572 653 2221 745">
    <p class='ocr_par' dir='ltr' id='par_1_7' title="bbox 572 653 2221 745">
     <span class='ocr_line' id='line_1_7' title="bbox 572 653 2221 745; baseline -0.016 -14"><span class='ocrx_word' id='word_1_41' title='bbox 572 676 808 745; x_wconf 87' lang='lat' dir='ltr'>guatur.</span> <span class='ocrx_word' id='word_1_42' title='bbox 843 676 923 726; x_wconf 87' lang='lat' dir='ltr'>Ac</span> <span class='ocrx_word' id='word_1_43' title='bbox 954 667 1068 724; x_wconf 89' lang='lat' dir='ltr'>nisi</span> <span class='ocrx_word' id='word_1_44' title='bbox 1096 664 1263 738; x_wconf 87' lang='lat' dir='ltr'>pacis</span> <span class='ocrx_word' id='word_1_45' title='bbox 1286 661 1485 718; x_wconf 88' lang='lat' dir='ltr'>studio</span> <span class='ocrx_word' id='word_1_46' title='bbox 1514 674 1639 715; x_wconf 91' lang='lat' dir='ltr'>non</span> <span class='ocrx_word' id='word_1_47' title='bbox 1667 653 2096 723; x_wconf 82' lang='lat' dir='ltr'>abnegaverim</span> <span class='ocrx_word' id='word_1_48' title='bbox 2126 664 2221 705; x_wconf 87' lang='lat' dir='ltr'>ve-</span> 
     </span>
    </p>
   </div>
   <div class='ocr_carea' id='block_1_8' title="bbox 569 741 2217 827">
    <p class='ocr_par' dir='ltr' id='par_1_8' title="bbox 569 741 2217 827">
     <span class='ocr_line' id='line_1_8' title="bbox 569 741 2217 827; baseline -0.015 -7"><span class='ocrx_word' id='word_1_49' title='bbox 569 764 699 821; x_wconf 90' lang='lat' dir='ltr'>nire</span> <span class='ocrx_word' id='word_1_50' title='bbox 747 759 1077 827; x_wconf 90' lang='lat' dir='ltr'>Coloniam,</span> <span class='ocrx_word' id='word_1_51' title='bbox 1123 770 1245 810; x_wconf 89' lang='lat' dir='ltr'>non</span> <span class='ocrx_word' id='word_1_52' title='bbox 1286 752 1636 825; x_wconf 85' lang='lat' dir='ltr'>paciﬁcetur</span> <span class='ocrx_word' id='word_1_53' title='bbox 1682 748 1859 818; x_wconf 79' lang='lat'>219</span> <span class='ocrx_word' id='word_1_54' title='bbox 1901 742 2047 800; x_wconf 91' lang='lat' dir='ltr'>mihi</span> <span class='ocrx_word' id='word_1_55' title='bbox 2076 741 2217 796; x_wconf 90' lang='lat' dir='ltr'>vita.</span> 
     </span>
    </p>
   </div>
   <div class='ocr_carea' id='block_1_9' title="bbox 568 832 2222 921">
    <p class='ocr_par' dir='ltr' id='par_1_9' title="bbox 568 832 2222 921">
     <span class='ocr_line' id='line_1_9' title="bbox 568 832 2222 921; baseline -0.015 -12"><span class='ocrx_word' id='word_1_56' title='bbox 568 856 783 909; x_wconf 85' lang='lat' dir='ltr'>Veram</span> <span class='ocrx_word' id='word_1_57' title='bbox 810 848 1093 921; x_wconf 88' lang='lat' dir='ltr'>equidem</span> <span class='ocrx_word' id='word_1_58' title='bbox 1121 844 1288 901; x_wconf 86' lang='lat' dir='ltr'>illam</span> <span class='ocrx_word' id='word_1_59' title='bbox 1317 857 1554 914; x_wconf 90' lang='lat' dir='ltr'>pacem,</span> <span class='ocrx_word' id='word_1_60' title='bbox 1581 854 1718 911; x_wconf 79' lang='lat' dir='ltr'>quae</span> <span class='ocrx_word' id='word_1_61' title='bbox 1759 835 1938 892; x_wconf 91' lang='lat' dir='ltr'>nobis</span> <span class='ocrx_word' id='word_1_62' title='bbox 1970 833 2047 889; x_wconf 90' lang='lat' dir='ltr'>ab</span> <span class='ocrx_word' id='word_1_63' title='bbox 2086 832 2222 903; x_wconf 90' lang='lat' dir='ltr'>ipso</span> 
     </span>
    </p>
   </div>
   <div class='ocr_carea' id='block_1_10' title="bbox 572 919 2225 1005">
    <p class='ocr_par' dir='ltr' id='par_1_10' title="bbox 572 919 2225 1005">
     <span class='ocr_line' id='line_1_10' title="bbox 572 919 2225 1005; baseline -0.015 -6"><span class='ocrx_word' id='word_1_64' title='bbox 572 940 830 1000; x_wconf 91' lang='lat' dir='ltr'>Domino</span> <span class='ocrx_word' id='word_1_65' title='bbox 865 919 1084 995; x_wconf 67' lang='lat' dir='ltr'>relicta</span> <span class='ocrx_word' id='word_1_66' title='bbox 1131 938 1243 999; x_wconf 91' lang='lat' dir='ltr'>est,</span> <span class='ocrx_word' id='word_1_67' title='bbox 1278 932 1563 1005; x_wconf 83' lang='lat' dir='ltr'>exquiro:</span> <span class='ocrx_word' id='word_1_68' title='bbox 1597 935 1654 985; x_wconf 92' lang='lat' dir='ltr'>et</span> <span class='ocrx_word' id='word_1_69' title='bbox 1683 926 1852 1001; x_wconf 90' lang='lat' dir='ltr'>quod</span> <span class='ocrx_word' id='word_1_70' title='bbox 1876 923 2038 980; x_wconf 89' lang='lat' dir='ltr'>volui</span> <span class='ocrx_word' id='word_1_71' title='bbox 2076 919 2225 976; x_wconf 91' lang='lat' dir='ltr'>mihi</span> 
     </span>
    </p>
   </div>
   <div class='ocr_carea' id='block_1_11' title="bbox 574 1008 2227 1103">
    <p class='ocr_par' dir='ltr' id='par_1_11' title="bbox 574 1008 2227 1103">
     <span class='ocr_line' id='line_1_11' title="bbox 574 1008 2227 1103; baseline -0.014 -16"><span class='ocrx_word' id='word_1_72' title='bbox 574 1032 649 1088; x_wconf 90' lang='lat' dir='ltr'>ad</span> <span class='ocrx_word' id='word_1_73' title='bbox 704 1027 1163 1103; x_wconf 83' lang='lat' dir='ltr'>persuasionem</span> <span class='ocrx_word' id='word_1_74' title='bbox 1223 1022 1376 1090; x_wconf 90' lang='lat' dir='ltr'>dari,</span> <span class='ocrx_word' id='word_1_75' title='bbox 1425 1018 1691 1076; x_wconf 86' lang='lat' dir='ltr'>hominis</span> <span class='ocrx_word' id='word_1_76' title='bbox 1747 1019 1835 1071; x_wconf 89' lang='lat' dir='ltr'>est</span> <span class='ocrx_word' id='word_1_77' title='bbox 1880 1012 2028 1070; x_wconf 90' lang='lat' dir='ltr'><strong>nihil</strong></span> <span class='ocrx_word' id='word_1_78' title='bbox 2061 1008 2227 1067; x_wconf 91' lang='lat' dir='ltr'>aliud</span> 
     </span>
    </p>
   </div>
   <div class='ocr_carea' id='block_1_12' title="bbox 572 1100 2229 1193">
    <p class='ocr_par' dir='ltr' id='par_1_12' title="bbox 572 1100 2229 1193">
     <span class='ocr_line' id='line_1_12' title="bbox 572 1100 2229 1193; baseline -0.014 -15"><span class='ocrx_word' id='word_1_79' title='bbox 572 1137 761 1193; x_wconf 88' lang='lat' dir='ltr'>quam</span> <span class='ocrx_word' id='word_1_80' title='bbox 790 1131 999 1175; x_wconf 83' lang='lat' dir='ltr'>veram</span> <span class='ocrx_word' id='word_1_81' title='bbox 1030 1130 1246 1187; x_wconf 89' lang='lat' dir='ltr'>pacem</span> <span class='ocrx_word' id='word_1_82' title='bbox 1292 1108 1707 1171; x_wconf 80' lang='lat' dir='ltr'>desiderantis,</span> <span class='ocrx_word' id='word_1_83' title='bbox 1733 1103 2011 1178; x_wconf 88' lang='lat' dir='ltr'>quamvis</span> <span class='ocrx_word' id='word_1_84' title='bbox 2061 1100 2229 1157; x_wconf 88' lang='lat' dir='ltr'>aliter</span> 
     </span>
    </p>
   </div>
   <div class='ocr_carea' id='block_1_13' title="bbox 572 1193 2228 1272">
    <p class='ocr_par' dir='ltr' id='par_1_13' title="bbox 572 1193 2228 1272">
     <span class='ocr_line' id='line_1_13' title="bbox 572 1193 2228 1272; baseline -0.014 -5"><span class='ocrx_word' id='word_1_85' title='bbox 572 1209 847 1267; x_wconf 88' lang='lat' dir='ltr'>nonnulli</span> <span class='ocrx_word' id='word_1_86' title='bbox 898 1205 1210 1261; x_wconf 83' lang='lat' dir='ltr'>veritatem</span> <span class='ocrx_word' id='word_1_87' title='bbox 1268 1202 1673 1272; x_wconf 87' lang='lat' dir='ltr'>pervertentes</span> <span class='ocrx_word' id='word_1_88' title='bbox 1744 1193 2228 1264; x_wconf 86' lang='lat' dir='ltr'>interpretentur.</span> 
     </span>
    </p>
   </div>
   <div class='ocr_carea' id='block_1_14' title="bbox 575 1282 2231 1364">
    <p class='ocr_par' dir='ltr' id='par_1_14' title="bbox 575 1282 2231 1364">
     <span class='ocr_line' id='line_1_14' title="bbox 575 1282 2231 1364; baseline -0.014 -8"><span class='ocrx_word' id='word_1_89' title='bbox 575 1302 827 1356; x_wconf 86' lang='lat' dir='ltr'>Utantur</span> <span class='ocrx_word' id='word_1_90' title='bbox 873 1294 1053 1364; x_wconf 86' lang='lat' dir='ltr'>igitur</span> <span class='ocrx_word' id='word_1_91' title='bbox 1106 1290 1187 1346; x_wconf 91' lang='lat' dir='ltr'><strong>illi</strong></span> <span class='ocrx_word' id='word_1_92' title='bbox 1247 1289 1371 1344; x_wconf 89' lang='lat' dir='ltr'>suis</span> <span class='ocrx_word' id='word_1_93' title='bbox 1419 1286 1660 1357; x_wconf 85' lang='lat' dir='ltr'>linguis,</span> <span class='ocrx_word' id='word_1_94' title='bbox 1694 1288 1759 1339; x_wconf 92' lang='lat' dir='ltr'>ut</span> <span class='ocrx_word' id='word_1_95' title='bbox 1804 1282 2053 1345; x_wconf 87' lang='lat' dir='ltr'>volunt;</span> <span class='ocrx_word' id='word_1_96' title='bbox 2086 1293 2231 1334; x_wconf 92' lang='lat' dir='ltr'>nam</span> 
     </span>
    </p>
   </div>
   <div class='ocr_carea' id='block_1_15' title="bbox 573 1367 2229 1462">
    <p class='ocr_par' dir='ltr' id='par_1_15' title="bbox 573 1367 2229 1462">
     <span class='ocr_line' id='line_1_15' title="bbox 573 1367 2229 1462; baseline -0.014 -17"><span class='ocrx_word' id='word_1_97' title='bbox 573 1389 843 1462; x_wconf 87' lang='lat' dir='ltr'>profecto</span> <span class='ocrx_word' id='word_1_98' title='bbox 873 1384 1007 1441; x_wconf 90' lang='lat' dir='ltr'>illos</span> <span class='ocrx_word' id='word_1_99' title='bbox 1056 1379 1386 1453; x_wconf 87' lang='lat' dir='ltr'>aliquando</span> <span class='ocrx_word' id='word_1_100' title='bbox 1416 1378 1636 1433; x_wconf 91' lang='lat' dir='ltr'>horum</span> <span class='ocrx_word' id='word_1_101' title='bbox 1675 1372 2001 1431; x_wconf 84' lang='lat' dir='ltr'>verborum</span> <span class='ocrx_word' id='word_1_102' title='bbox 2030 1367 2229 1443; x_wconf 73' lang='lat' dir='ltr'>pmni-</span> 
     </span>
    </p>
   </div>
   <div class='ocr_carea' id='block_1_16' title="bbox 576 1478 745 1536">
    <p class='ocr_par' dir='ltr' id='par_1_16' title="bbox 576 1478 745 1536">
     <span class='ocr_line' id='line_1_16' title="bbox 576 1478 745 1536; baseline -0.024 0"><span class='ocrx_word' id='word_1_103' title='bbox 576 1478 745 1536; x_wconf 88' lang='lat' dir='ltr'>tebit.</span> 
     </span>
    </p>
   </div>
   <div class='ocr_carea' id='block_1_17' title="bbox 650 1646 2235 1716">
    <p class='ocr_par' dir='ltr' id='par_1_17' title="bbox 650 1646 2235 1716">
     <span class='ocr_line' id='line_1_17' title="bbox 650 1646 2235 1716; baseline -0.013 -2"><span class='ocrx_word' id='word_1_104' title='bbox 650 1664 705 1716; x_wconf 86' lang='lat'>2.</span> <span class='ocrx_word' id='word_1_105' title='bbox 728 1658 1015 1713; x_wconf 83' lang='lat' dir='ltr'>Caeterum</span> <span class='ocrx_word' id='word_1_106' title='bbox 1040 1650 1419 1708; x_wconf 89' lang='lat' dir='ltr'>sanctitatem</span> <span class='ocrx_word' id='word_1_107' title='bbox 1446 1650 1614 1703; x_wconf 88' lang='lat' dir='ltr'>tuam</span> <span class='ocrx_word' id='word_1_108' title='bbox 1636 1659 1763 1711; x_wconf 90' lang='lat' dir='ltr'>oro,</span> <span class='ocrx_word' id='word_1_109' title='bbox 1782 1646 1847 1699; x_wconf 86' lang='lat' dir='ltr'>ut</span> <span class='ocrx_word' id='word_1_110' title='bbox 1866 1656 2075 1697; x_wconf 90' lang='lat' dir='ltr'>eorum</span> <span class='ocrx_word' id='word_1_111' title='bbox 2097 1654 2235 1711; x_wconf 61' lang='lat' dir='ltr'>quas</span> 
     </span>
    </p>
   </div>
   <div class='ocr_carea' id='block_1_18' title="bbox 2326 458 3828 536">
    <p class='ocr_par' dir='ltr' id='par_1_18' title="bbox 2326 458 3828 536">
     <span class='ocr_line' id='line_1_18' title="bbox 2326 458 3828 536; baseline 0.001 -21"><span class='ocrx_word' id='word_1_112' title='bbox 2326 463 2603 535; x_wconf 77' lang='grc' dir='ltr'>ἐπιθυμίαν</span> <span class='ocrx_word' id='word_1_113' title='bbox 2656 468 2810 536; x_wconf 72' lang='grc' dir='ltr'>φημὶ,</span> <span class='ocrx_word' id='word_1_114' title='bbox 2866 464 2999 515; x_wconf 81' lang='grc' dir='ltr'>ὥστε</span> <span class='ocrx_word' id='word_1_115' title='bbox 3049 458 3219 523; x_wconf 77' lang='grc' dir='ltr'>ἡδέως</span> <span class='ocrx_word' id='word_1_116' title='bbox 3270 459 3327 512; x_wconf 81' lang='grc' dir='ltr'>ἂν</span> <span class='ocrx_word' id='word_1_117' title='bbox 3380 465 3463 513; x_wconf 81' lang='grc' dir='ltr'>καὶ</span> <span class='ocrx_word' id='word_1_118' title='bbox 3512 466 3594 520; x_wconf 72' lang='grc' dir='ltr'>τὴν</span> <span class='ocrx_word' id='word_1_119' title='bbox 3622 464 3737 524; x_wconf 75' lang='grc' dir='ltr'>ζωὴν</span> <span class='ocrx_word' id='word_1_120' title='bbox 3757 471 3828 523; x_wconf 69' lang='grc' dir='ltr'>τὴν</span> 
     </span>
    </p>
   </div>
   <div class='ocr_carea' id='block_1_19' title="bbox 2327 552 3829 626">
    <p class='ocr_par' dir='ltr' id='par_1_19' title="bbox 2327 552 3829 626">
     <span class='ocr_line' id='line_1_19' title="bbox 2327 552 3829 626; baseline -0.001 -21"><span class='ocrx_word' id='word_1_121' title='bbox 2327 552 2553 625; x_wconf 69' lang='grc' dir='ltr'>ἐμαυτοῦ</span> <span class='ocrx_word' id='word_1_122' title='bbox 2598 554 2856 626; x_wconf 73' lang='grc' dir='ltr'>προέσθαι</span> <span class='ocrx_word' id='word_1_123' title='bbox 2906 553 3032 625; x_wconf 73' lang='grc' dir='ltr'>ὑπὲρ</span> <span class='ocrx_word' id='word_1_124' title='bbox 3091 558 3181 603; x_wconf 78' lang='grc' dir='ltr'>τοῦ</span> <span class='ocrx_word' id='word_1_125' title='bbox 3246 554 3329 608; x_wconf 80' lang='grc' dir='ltr'>τὴν</span> <span class='ocrx_word' id='word_1_126' title='bbox 3384 552 3477 603; x_wconf 80' lang='grc' dir='ltr'>ὑπὸ</span> <span class='ocrx_word' id='word_1_127' title='bbox 3524 558 3605 603; x_wconf 81' lang='grc' dir='ltr'>τοῦ</span> <span class='ocrx_word' id='word_1_128' title='bbox 3650 563 3829 626; x_wconf 77' lang='grc' dir='ltr'>πονηροῦ</span> 
     </span>
    </p>
   </div>
   <div class='ocr_carea' id='block_1_20' title="bbox 2328 637 3830 715">
    <p class='ocr_par' dir='ltr' id='par_1_20' title="bbox 2328 637 3830 715">
     <span class='ocr_line' id='line_1_20' title="bbox 2328 637 3830 715; baseline 0.001 -20"><span class='ocrx_word' id='word_1_129' title='bbox 2328 642 2632 715; x_wconf 77' lang='grc' dir='ltr'>ἑξαφθείσαν</span> <span class='ocrx_word' id='word_1_130' title='bbox 2682 641 2848 714; x_wconf 79' lang='grc' dir='ltr'>φλόγα</span> <span class='ocrx_word' id='word_1_131' title='bbox 2889 649 2981 693; x_wconf 80' lang='grc' dir='ltr'>τοῦ</span> <span class='ocrx_word' id='word_1_132' title='bbox 3036 645 3225 712; x_wconf 83' lang='grc' dir='ltr'>μίσους</span> <span class='ocrx_word' id='word_1_133' title='bbox 3270 637 3677 699; x_wconf 78' lang='grc' dir='ltr'>κατασϐεσθῆναι.</span> <span class='ocrx_word' id='word_1_134' title='bbox 3705 645 3830 696; x_wconf 76' lang='grc' dir='ltr'><strong>Καὶιὶ</strong></span> 
     </span>
    </p>
   </div>
   <div class='ocr_carea' id='block_1_21' title="bbox 2329 729 3831 804">
    <p class='ocr_par' dir='ltr' id='par_1_21' title="bbox 2329 729 3831 804">
     <span class='ocr_line' id='line_1_21' title="bbox 2329 729 3831 804; baseline -0.003 -20"><span class='ocrx_word' id='word_1_135' title='bbox 2329 736 2400 804; x_wconf 80' lang='grc' dir='ltr'>μὴ</span> <span class='ocrx_word' id='word_1_136' title='bbox 2461 740 2552 791; x_wconf 86' lang='grc' dir='ltr'>τῆς</span> <span class='ocrx_word' id='word_1_137' title='bbox 2600 729 2874 802; x_wconf 74' lang='grc' dir='ltr'>ἐπιθυμίας</span> <span class='ocrx_word' id='word_1_138' title='bbox 2924 731 3083 782; x_wconf 82' lang='grc' dir='ltr'>ἕνεκεν</span> <span class='ocrx_word' id='word_1_139' title='bbox 3138 737 3235 790; x_wconf 84' lang='grc' dir='ltr'>τῆς</span> <span class='ocrx_word' id='word_1_140' title='bbox 3274 731 3404 781; x_wconf 86' lang='grc' dir='ltr'>κατὰ</span> <span class='ocrx_word' id='word_1_141' title='bbox 3446 733 3532 786; x_wconf 81' lang='grc' dir='ltr'>τὴν</span> <span class='ocrx_word' id='word_1_142' title='bbox 3574 730 3746 803; x_wconf 80' lang='grc' dir='ltr'>εἰρήνην</span> <span class='ocrx_word' id='word_1_143' title='bbox 3766 732 3831 789; x_wconf 74' lang='grc' dir='ltr'>ἦν.</span> 
     </span>
    </p>
   </div>
   <div class='ocr_carea' id='block_1_22' title="bbox 2332 816 3833 894">
    <p class='ocr_par' dir='ltr' id='par_1_22' title="bbox 2332 816 3833 894">
     <span class='ocr_line' id='line_1_22' title="bbox 2332 816 3833 894; baseline -0.002 -20"><span class='ocrx_word' id='word_1_144' title='bbox 2332 825 2569 894; x_wconf 81' lang='grc' dir='ltr'>εσχόμην</span> <span class='ocrx_word' id='word_1_145' title='bbox 2600 820 2812 892; x_wconf 76' lang='grc' dir='ltr'>ἐγγίσαι</span> <span class='ocrx_word' id='word_1_146' title='bbox 2832 828 2937 880; x_wconf 85' lang='grc' dir='ltr'>τοῖς</span> <span class='ocrx_word' id='word_1_147' title='bbox 2965 822 3097 872; x_wconf 80' lang='grc' dir='ltr'>κατὰ</span> <span class='ocrx_word' id='word_1_148' title='bbox 3128 819 3403 872; x_wconf 82' lang='grc' dir='ltr'>Κολώνειαν</span> <span class='ocrx_word' id='word_1_149' title='bbox 3437 816 3620 886; x_wconf 78' lang='grc' dir='ltr'>τόποις,</span> <span class='ocrx_word' id='word_1_150' title='bbox 3649 825 3707 891; x_wconf 82' lang='grc' dir='ltr'>μὴ</span> <span class='ocrx_word' id='word_1_151' title='bbox 3736 820 3833 893; x_wconf 76' lang='grc' dir='ltr'>εἰρη-</span> 
     </span>
    </p>
   </div>
   <div class='ocr_carea' id='block_1_23' title="bbox 2330 906 3835 983">
    <p class='ocr_par' dir='ltr' id='par_1_23' title="bbox 2330 906 3835 983">
     <span class='ocr_line' id='line_1_23' title="bbox 2330 906 3835 983; baseline -0.001 -21"><span class='ocrx_word' id='word_1_152' title='bbox 2330 913 2530 968; x_wconf 86' lang='grc' dir='ltr'>νευθείη</span> <span class='ocrx_word' id='word_1_153' title='bbox 2577 929 2666 983; x_wconf 88' lang='grc' dir='ltr'>μοι</span> <span class='ocrx_word' id='word_1_154' title='bbox 2697 912 2810 980; x_wconf 76' lang='grc'>(76)</span> <span class='ocrx_word' id='word_1_155' title='bbox 2854 912 2883 967; x_wconf 84' lang='grc' dir='ltr'><strong>ἠ</strong></span> <span class='ocrx_word' id='word_1_156' title='bbox 2920 912 3049 973; x_wconf 80' lang='grc' dir='ltr'>ζωή.</span> <span class='ocrx_word' id='word_1_157' title='bbox 3084 909 3297 983; x_wconf 71' lang='grc' dir='ltr'>Εἰρήνην</span> <span class='ocrx_word' id='word_1_158' title='bbox 3326 912 3490 981; x_wconf 83' lang='grc' dir='ltr'>μέντοι</span> <span class='ocrx_word' id='word_1_159' title='bbox 3528 912 3613 967; x_wconf 72' lang='grc' dir='ltr'>τὴν</span> <span class='ocrx_word' id='word_1_160' title='bbox 3645 906 3835 966; x_wconf 71' lang='grc' dir='ltr'>ἀληθινὴν</span> 
     </span>
    </p>
   </div>
   <div class='ocr_carea' id='block_1_24' title="bbox 2334 997 3837 1073">
    <p class='ocr_par' dir='ltr' id='par_1_24' title="bbox 2334 997 3837 1073">
     <span class='ocr_line' id='line_1_24' title="bbox 2334 997 3837 1073; baseline -0.003 -20"><span class='ocrx_word' id='word_1_161' title='bbox 2334 1006 2428 1059; x_wconf 76' lang='grc' dir='ltr'>τήν</span> <span class='ocrx_word' id='word_1_162' title='bbox 2467 1000 2557 1052; x_wconf 79' lang='grc' dir='ltr'>ὑπ’</span> <span class='ocrx_word' id='word_1_163' title='bbox 2587 999 2746 1052; x_wconf 74' lang='grc' dir='ltr'>αὐτοῦ</span> <span class='ocrx_word' id='word_1_164' title='bbox 2797 1005 2889 1051; x_wconf 80' lang='grc' dir='ltr'>τοῦ</span> <span class='ocrx_word' id='word_1_165' title='bbox 2949 1004 3143 1073; x_wconf 78' lang='grc' dir='ltr'>Κυρίου</span> <span class='ocrx_word' id='word_1_166' title='bbox 3181 997 3586 1070; x_wconf 70' lang='grc' dir='ltr'>καταλειφθεῖσαν</span> <span class='ocrx_word' id='word_1_167' title='bbox 3612 1000 3719 1069; x_wconf 80' lang='grc' dir='ltr'>ἡμῖν</span> <span class='ocrx_word' id='word_1_168' title='bbox 3760 997 3837 1049; x_wconf 80' lang='grc' dir='ltr'>ἐπι·</span> 
     </span>
    </p>
   </div>
   <div class='ocr_carea' id='block_1_25' title="bbox 2341 1086 3841 1163">
    <p class='ocr_par' dir='ltr' id='par_1_25' title="bbox 2341 1086 3841 1163">
     <span class='ocr_line' id='line_1_25' title="bbox 2341 1086 3841 1163; baseline -0.003 -22"><span class='ocrx_word' id='word_1_169' title='bbox 2341 1094 2501 1152; x_wconf 82' lang='grc' dir='ltr'>ζητῶ·</span> <span class='ocrx_word' id='word_1_170' title='bbox 2556 1093 2644 1141; x_wconf 84' lang='grc' dir='ltr'>καὶ</span> <span class='ocrx_word' id='word_1_171' title='bbox 2687 1088 2713 1140; x_wconf 81' lang='grc' dir='ltr'><em>ὃ</em></span> <span class='ocrx_word' id='word_1_172' title='bbox 2760 1087 3088 1163; x_wconf 84' lang='grc' dir='ltr'>παρεκάλεσά</span> <span class='ocrx_word' id='word_1_173' title='bbox 3131 1089 3244 1155; x_wconf 89' lang='lat'>(77)</span> <span class='ocrx_word' id='word_1_174' title='bbox 3300 1106 3388 1159; x_wconf 87' lang='grc' dir='ltr'>μοι</span> <span class='ocrx_word' id='word_1_175' title='bbox 3441 1087 3510 1147; x_wconf 85' lang='grc' dir='ltr'>εἰς</span> <span class='ocrx_word' id='word_1_176' title='bbox 3562 1086 3841 1161; x_wconf 65' lang='grc' dir='ltr'>πληροφορίαν</span> 
     </span>
    </p>
   </div>
   <div class='ocr_carea' id='block_1_26' title="bbox 2339 1174 3843 1252">
    <p class='ocr_par' dir='ltr' id='par_1_26' title="bbox 2339 1174 3843 1252">
     <span class='ocr_line' id='line_1_26' title="bbox 2339 1174 3843 1252; baseline -0.003 -22"><span class='ocrx_word' id='word_1_177' title='bbox 2339 1178 2587 1252; x_wconf 80' lang='grc' dir='ltr'>ὑπάρξαι,</span> <span class='ocrx_word' id='word_1_178' title='bbox 2629 1178 2722 1231; x_wconf 72' lang='grc' dir='ltr'>οὐκ</span> <span class='ocrx_word' id='word_1_179' title='bbox 2760 1177 2880 1230; x_wconf 77' lang='grc' dir='ltr'>ἄλλο</span> <span class='ocrx_word' id='word_1_180' title='bbox 2925 1198 2974 1229; x_wconf 88' lang='grc' dir='ltr'>τι</span> <span class='ocrx_word' id='word_1_181' title='bbox 3019 1176 3389 1249; x_wconf 86' lang='grc' dir='ltr'>ἐπιθυμοῦντός</span> <span class='ocrx_word' id='word_1_182' title='bbox 3421 1174 3552 1228; x_wconf 75' lang='grc' dir='ltr'>ἑστιν</span> <span class='ocrx_word' id='word_1_183' title='bbox 3588 1176 3613 1234; x_wconf 75' lang='grc' dir='ltr'><em>ἦ</em></span> <span class='ocrx_word' id='word_1_184' title='bbox 3650 1184 3725 1235; x_wconf 76' lang='grc' dir='ltr'>τῆς</span> <span class='ocrx_word' id='word_1_185' title='bbox 3758 1174 3843 1233; x_wconf 77' lang='grc' dir='ltr'>ἁλη-</span> 
     </span>
    </p>
   </div>
   <div class='ocr_carea' id='block_1_27' title="bbox 2343 1262 3847 1341">
    <p class='ocr_par' dir='ltr' id='par_1_27' title="bbox 2343 1262 3847 1341">
     <span class='ocr_line' id='line_1_27' title="bbox 2343 1262 3847 1341; baseline -0.004 -21"><span class='ocrx_word' id='word_1_186' title='bbox 2343 1270 2489 1329; x_wconf 84' lang='grc' dir='ltr'>θινῆς</span> <span class='ocrx_word' id='word_1_187' title='bbox 2545 1267 2772 1341; x_wconf 80' lang='grc' dir='ltr'>εἰρήνης,</span> <span class='ocrx_word' id='word_1_188' title='bbox 2825 1266 2919 1318; x_wconf 80' lang='grc' dir='ltr'>κᾶν</span> <span class='ocrx_word' id='word_1_189' title='bbox 2971 1267 3137 1327; x_wconf 77' lang='grc' dir='ltr'>ἄλλως</span> <span class='ocrx_word' id='word_1_190' title='bbox 3201 1270 3332 1326; x_wconf 66' lang='grc' dir='ltr'>τινες</span> <span class='ocrx_word' id='word_1_191' title='bbox 3388 1262 3742 1339; x_wconf 75' lang='grc' dir='ltr'>διαστρέφοντες</span> <span class='ocrx_word' id='word_1_192' title='bbox 3780 1268 3847 1321; x_wconf 71' lang='grc' dir='ltr'>τὴν</span> 
     </span>
    </p>
   </div>
   <div class='ocr_carea' id='block_1_28' title="bbox 2342 1351 3847 1428">
    <p class='ocr_par' dir='ltr' id='par_1_28' title="bbox 2342 1351 3847 1428">
     <span class='ocr_line' id='line_1_28' title="bbox 2342 1351 3847 1428; baseline -0.005 -18"><span class='ocrx_word' id='word_1_193' title='bbox 2342 1356 2585 1415; x_wconf 77' lang='grc' dir='ltr'>ἀληθειαν</span> <span class='ocrx_word' id='word_1_194' title='bbox 2643 1356 2954 1428; x_wconf 75' lang='grc' dir='ltr'>ἕξηγῶνται.</span> <span class='ocrx_word' id='word_1_195' title='bbox 3019 1357 3231 1408; x_wconf 76' lang='grc' dir='ltr'>Ἐκεῖνοι</span> <span class='ocrx_word' id='word_1_196' title='bbox 3285 1358 3374 1428; x_wconf 69' lang='grc' dir='ltr'>μεν</span> <span class='ocrx_word' id='word_1_197' title='bbox 3418 1351 3501 1407; x_wconf 76' lang='grc' dir='ltr'>οὖν</span> <span class='ocrx_word' id='word_1_198' title='bbox 3535 1354 3847 1426; x_wconf 76' lang='grc' dir='ltr'>κεχρήσθωσαν</span> 
     </span>
    </p>
   </div>
   <div class='ocr_carea' id='block_1_29' title="bbox 2339 1444 3849 1519">
    <p class='ocr_par' dir='ltr' id='par_1_29' title="bbox 2339 1444 3849 1519">
     <span class='ocr_line' id='line_1_29' title="bbox 2339 1444 3849 1519; baseline -0.005 -20"><span class='ocrx_word' id='word_1_199' title='bbox 2339 1454 2456 1509; x_wconf 82' lang='grc' dir='ltr'>ταῖς</span> <span class='ocrx_word' id='word_1_200' title='bbox 2492 1446 2760 1517; x_wconf 76' lang='grc' dir='ltr'>γλώσσαις</span> <span class='ocrx_word' id='word_1_201' title='bbox 2812 1446 2976 1499; x_wconf 76' lang='grc' dir='ltr'>αὐτῶν</span> <span class='ocrx_word' id='word_1_202' title='bbox 3025 1445 3102 1519; x_wconf 67' lang='grc' dir='ltr'>ἐφ’</span> <span class='ocrx_word' id='word_1_203' title='bbox 3155 1446 3190 1497; x_wconf 83' lang='grc' dir='ltr'>οἱ</span> <span class='ocrx_word' id='word_1_204' title='bbox 3235 1444 3533 1518; x_wconf 78' lang='grc' dir='ltr'>βούλονται’</span> <span class='ocrx_word' id='word_1_205' title='bbox 3571 1446 3741 1503; x_wconf 86' lang='grc' dir='ltr'>πάντως</span> <span class='ocrx_word' id='word_1_206' title='bbox 3779 1444 3849 1516; x_wconf 71' lang='grc' dir='ltr'>γὰρ</span> 
     </span>
    </p>
   </div>
   <div class='ocr_carea' id='block_1_30' title="bbox 2345 1533 3661 1610">
    <p class='ocr_par' dir='ltr' id='par_1_30' title="bbox 2345 1533 3661 1610">
     <span class='ocr_line' id='line_1_30' title="bbox 2345 1533 3661 1610; baseline -0.002 -22"><span class='ocrx_word' id='word_1_207' title='bbox 2345 1537 2522 1597; x_wconf 85' lang='grc' dir='ltr'>αύτοίς</span> <span class='ocrx_word' id='word_1_208' title='bbox 2546 1554 2668 1588; x_wconf 84' lang='grc' dir='ltr'>ποτε</span> <span class='ocrx_word' id='word_1_209' title='bbox 2697 1543 2796 1587; x_wconf 87' lang='grc' dir='ltr'>τῶν</span> <span class='ocrx_word' id='word_1_210' title='bbox 2825 1536 3071 1610; x_wconf 76' lang='grc' dir='ltr'>ῥημάτων</span> <span class='ocrx_word' id='word_1_211' title='bbox 3102 1538 3297 1587; x_wconf 85' lang='grc' dir='ltr'>τούτων</span> <span class='ocrx_word' id='word_1_212' title='bbox 3323 1533 3661 1607; x_wconf 75' lang='grc' dir='ltr'>μεταμελήσει.</span> 
     </span>
    </p>
   </div>
   <div class='ocr_carea' id='block_1_31' title="bbox 2415 1619 3856 1696">
    <p class='ocr_par' dir='ltr' id='par_1_31' title="bbox 2415 1619 3856 1696">
     <span class='ocr_line' id='line_1_31' title="bbox 2415 1619 3856 1696; baseline -0.006 -19"><span class='ocrx_word' id='word_1_213' title='bbox 2415 1627 2470 1679; x_wconf 75' lang='grc'><strong>2.</strong></span> <span class='ocrx_word' id='word_1_214' title='bbox 2499 1628 2603 1682; x_wconf 80' lang='grc' dir='ltr'>Τὴν</span> <span class='ocrx_word' id='word_1_215' title='bbox 2653 1619 2711 1676; x_wconf 68' lang='grc' dir='ltr'>δὲ</span> <span class='ocrx_word' id='word_1_216' title='bbox 2760 1628 2856 1682; x_wconf 73' lang='grc' dir='ltr'>σὴν</span> <span class='ocrx_word' id='word_1_217' title='bbox 2901 1626 3151 1682; x_wconf 81' lang='grc' dir='ltr'>ὁσιότητα</span> <span class='ocrx_word' id='word_1_218' title='bbox 3178 1621 3456 1696; x_wconf 76' lang='grc' dir='ltr'>παρακαλῶ</span> <span class='ocrx_word' id='word_1_219' title='bbox 3494 1622 3753 1695; x_wconf 74' lang='grc' dir='ltr'>μεμνῆσθαι</span> <span class='ocrx_word' id='word_1_220' title='bbox 3786 1626 3856 1670; x_wconf 82' lang='grc' dir='ltr'>τῶν</span> 
     </span>
    </p>
   </div>
   <div class='ocr_carea' id='block_1_32' title="bbox 577 1707 2244 1817">
    <p class='ocr_par' dir='ltr' id='par_1_32' title="bbox 577 1729 2238 1817">
     <span class='ocr_line' id='line_1_32' title="bbox 577 1729 2238 1817; baseline -0.014 -12"><span class='ocrx_word' id='word_1_221' title='bbox 577 1748 746 1805; x_wconf 92' lang='lat' dir='ltr'>initio</span> <span class='ocrx_word' id='word_1_222' title='bbox 777 1743 1092 1817; x_wconf 90' lang='lat' dir='ltr'>proposita</span> <span class='ocrx_word' id='word_1_223' title='bbox 1142 1740 1307 1795; x_wconf 90' lang='lat' dir='ltr'>fuere</span> <span class='ocrx_word' id='word_1_224' title='bbox 1356 1734 1717 1794; x_wconf 87' lang='lat' dir='ltr'>meminerit.</span> <span class='ocrx_word' id='word_1_225' title='bbox 1750 1748 1860 1787; x_wconf 91' lang='lat' dir='ltr'>nec</span> <span class='ocrx_word' id='word_1_226' title='bbox 1901 1729 2238 1801; x_wconf 85' lang='lat' dir='ltr'>decipiatur</span> 
     </span>
    </p>
   </div>
   <div class='ocr_carea' id='block_1_33' title="bbox 2363 1707 3858 1817">
    <p class='ocr_par' dir='ltr' id='par_1_33' title="bbox 2363 1707 3858 1817">
     <span class='ocr_line' id='line_1_33' title="bbox 2363 1707 3858 1788; baseline -0.013 -11"><span class='ocrx_word' id='word_1_227' title='bbox 2363 1714 2398 1777; x_wconf 67' lang='grc' dir='ltr'>ἑξ</span> <span class='ocrx_word' id='word_1_228' title='bbox 2443 1716 2621 1788; x_wconf 80' lang='grc' dir='ltr'>ἀρχῆς</span> <span class='ocrx_word' id='word_1_229' title='bbox 2651 1715 2975 1788; x_wconf 80' lang='grc' dir='ltr'>προτάσεων,</span> <span class='ocrx_word' id='word_1_230' title='bbox 3006 1718 3095 1765; x_wconf 83' lang='grc' dir='ltr'>καὶ</span> <span class='ocrx_word' id='word_1_231' title='bbox 3126 1718 3195 1786; x_wconf 80' lang='grc' dir='ltr'>μὴ</span> <span class='ocrx_word' id='word_1_232' title='bbox 3248 1713 3568 1786; x_wconf 67' lang='grc' dir='ltr'>παράγεσθαι</span> <span class='ocrx_word' id='word_1_233' title='bbox 3603 1710 3737 1769; x_wconf 81' lang='grc' dir='ltr'>ἄλλας</span> <span class='ocrx_word' id='word_1_234' title='bbox 3760 1707 3858 1758; x_wconf 76' lang='grc' dir='ltr'>ἁπο-</span> 
     </span>
     <span class='ocr_line' id='line_1_34' title="bbox 2424 1793 3850 1817; baseline -0.001 0"><span class='ocrx_word' id='word_1_235' title='bbox 2424 1810 2433 1817; x_wconf 85' lang='lat'><strong><em>.</em></strong></span> <span class='ocrx_word' id='word_1_236' title='bbox 2582 1803 2593 1817; x_wconf 76' lang='lat'><strong>9</strong></span> <span class='ocrx_word' id='word_1_237' title='bbox 2670 1803 2681 1817; x_wconf 73' lang='grc' dir='ltr'>ο</span> <span class='ocrx_word' id='word_1_238' title='bbox 2734 1803 2801 1817; x_wconf 56' lang='lat' dir='ltr'>ms</span> <span class='ocrx_word' id='word_1_239' title='bbox 2942 1801 2953 1816; x_wconf 75' lang='grc' dir='ltr'>ν</span> <span class='ocrx_word' id='word_1_240' title='bbox 3166 1806 3174 1817; x_wconf 76' lang='grc' dir='ltr'><em>ι</em></span> <span class='ocrx_word' id='word_1_241' title='bbox 3338 1797 3360 1817; x_wconf 54' lang='grc' dir='ltr'><strong>Α</strong></span> <span class='ocrx_word' id='word_1_242' title='bbox 3441 1807 3448 1815; x_wconf 75' lang='grc' dir='ltr'>ι</span> <span class='ocrx_word' id='word_1_243' title='bbox 3620 1800 3709 1817; x_wconf 70' lang='lat' dir='ltr'>1-n\</span> <span class='ocrx_word' id='word_1_244' title='bbox 3826 1793 3850 1815; x_wconf 37' lang='grc' dir='ltr'><em>ᾧ</em></span> 
     </span>
    </p>
   </div>
   <div class='ocr_carea' id='block_1_34' title="bbox 578 1818 2234 1908">
    <p class='ocr_par' dir='ltr' id='par_1_34' title="bbox 578 1818 2234 1908">
     <span class='ocr_line' id='line_1_35' title="bbox 578 1818 2234 1908; baseline -0.013 -14"><span class='ocrx_word' id='word_1_245' title='bbox 578 1838 730 1895; x_wconf 88' lang='lat' dir='ltr'>alias</span> <span class='ocrx_word' id='word_1_246' title='bbox 748 1850 858 1908; x_wconf 91' lang='lat' dir='ltr'>pro</span> <span class='ocrx_word' id='word_1_247' title='bbox 872 1832 1001 1889; x_wconf 89' lang='lat' dir='ltr'>aliis</span> <span class='ocrx_word' id='word_1_248' title='bbox 1019 1827 1458 1904; x_wconf 75' lang='lat' dir='ltr'>quaestionibus</span> <span class='ocrx_word' id='word_1_249' title='bbox 1468 1822 1894 1895; x_wconf 89' lang='lat' dir='ltr'>responsiones</span> <span class='ocrx_word' id='word_1_250' title='bbox 1909 1818 2234 1891; x_wconf 80' lang='lat' dir='ltr'>excipiens,</span> 
     </span>
    </p>
   </div>
   <div class='ocr_carea' id='block_1_35' title="bbox 576 1910 2239 2001">
    <p class='ocr_par' dir='ltr' id='par_1_35' title="bbox 576 1910 2239 2001">
     <span class='ocr_line' id='line_1_36' title="bbox 576 1910 2239 2001; baseline -0.012 -15"><span class='ocrx_word' id='word_1_251' title='bbox 576 1943 775 2001; x_wconf 89' lang='lat' dir='ltr'>neque</span> <span class='ocrx_word' id='word_1_252' title='bbox 795 1925 920 1982; x_wconf 88' lang='lat' dir='ltr'>vim</span> <span class='ocrx_word' id='word_1_253' title='bbox 941 1926 997 1979; x_wconf 91' lang='lat' dir='ltr'>et</span> <span class='ocrx_word' id='word_1_254' title='bbox 1018 1920 1260 1994; x_wconf 91' lang='lat' dir='ltr'>pondus</span> <span class='ocrx_word' id='word_1_255' title='bbox 1286 1916 1473 1974; x_wconf 88' lang='lat' dir='ltr'>addat</span> <span class='ocrx_word' id='word_1_256' title='bbox 1499 1930 1709 1971; x_wconf 90' lang='lat' dir='ltr'>eorum</span> <span class='ocrx_word' id='word_1_257' title='bbox 1731 1910 2239 1978; x_wconf 84' lang='lat' dir='ltr'>cavillationibus,</span> 
     </span>
    </p>
   </div>
   <div class='ocr_carea' id='block_1_36' title="bbox 578 2000 2241 2091">
    <p class='ocr_par' dir='ltr' id='par_1_36' title="bbox 578 2000 2241 2091">
     <span class='ocr_line' id='line_1_37' title="bbox 578 2000 2241 2091; baseline -0.012 -17"><span class='ocrx_word' id='word_1_258' title='bbox 578 2000 831 2091; x_wconf 10' lang='lat' dir='ltr'>qui’sine</span> <span class='ocrx_word' id='word_1_259' title='bbox 848 2011 1087 2069; x_wconf 87' lang='lat' dir='ltr'>dicendi</span> <span class='ocrx_word' id='word_1_260' title='bbox 1108 2007 1409 2077; x_wconf 82' lang='lat' dir='ltr'>facultate,</span> <span class='ocrx_word' id='word_1_261' title='bbox 1429 2021 1502 2061; x_wconf 84' lang='lat' dir='ltr'>ex</span> <span class='ocrx_word' id='word_1_262' title='bbox 1530 2003 1660 2059; x_wconf 91' lang='lat' dir='ltr'>solo</span> <span class='ocrx_word' id='word_1_263' title='bbox 1683 2000 1871 2057; x_wconf 90' lang='lat' dir='ltr'>animi</span> <span class='ocrx_word' id='word_1_264' title='bbox 1901 2000 1993 2056; x_wconf 91' lang='lat' dir='ltr'>sui</span> <span class='ocrx_word' id='word_1_265' title='bbox 2023 2016 2241 2073; x_wconf 88' lang='lat' dir='ltr'>propo-</span> 
     </span>
    </p>
   </div>
   <div class='ocr_carea' id='block_1_37' title="bbox 582 2092 2243 2170">
    <p class='ocr_par' dir='ltr' id='par_1_37' title="bbox 582 2092 2243 2170">
     <span class='ocr_line' id='line_1_38' title="bbox 582 2092 2243 2170; baseline -0.011 -6"><span class='ocrx_word' id='word_1_266' title='bbox 582 2108 693 2163; x_wconf 89' lang='lat' dir='ltr'>sito</span> <span class='ocrx_word' id='word_1_267' title='bbox 711 2103 985 2161; x_wconf 89' lang='lat' dir='ltr'>omnium</span> <span class='ocrx_word' id='word_1_268' title='bbox 1006 2096 1375 2170; x_wconf 85' lang='lat' dir='ltr'>nequissime</span> <span class='ocrx_word' id='word_1_269' title='bbox 1398 2093 1707 2149; x_wconf 89' lang='lat' dir='ltr'>veritatem</span> <span class='ocrx_word' id='word_1_270' title='bbox 1730 2092 2083 2164; x_wconf 83' lang='lat' dir='ltr'>depravant.</span> <span class='ocrx_word' id='word_1_271' title='bbox 2106 2092 2243 2145; x_wconf 92' lang='lat' dir='ltr'>Pro-</span> 
     </span>
    </p>
   </div>
   <div class='ocr_carea' id='block_1_38' title="bbox 580 2179 2242 2269">
    <p class='ocr_par' dir='ltr' id='par_1_38' title="bbox 580 2179 2242 2269">
     <span class='ocr_line' id='line_1_39' title="bbox 580 2179 2242 2269; baseline -0.011 -18"><span class='ocrx_word' id='word_1_272' title='bbox 580 2194 763 2269; x_wconf 90' lang='lat' dir='ltr'>posui</span> <span class='ocrx_word' id='word_1_273' title='bbox 790 2192 953 2249; x_wconf 89' lang='lat' dir='ltr'>enim</span> <span class='ocrx_word' id='word_1_274' title='bbox 983 2185 1278 2259; x_wconf 86' lang='lat' dir='ltr'>simplicia</span> <span class='ocrx_word' id='word_1_275' title='bbox 1310 2186 1368 2240; x_wconf 92' lang='lat' dir='ltr'>et</span> <span class='ocrx_word' id='word_1_276' title='bbox 1400 2183 1562 2239; x_wconf 89' lang='lat' dir='ltr'>clara</span> <span class='ocrx_word' id='word_1_277' title='bbox 1592 2186 1647 2237; x_wconf 91' lang='lat' dir='ltr'>et</span> <span class='ocrx_word' id='word_1_278' title='bbox 1689 2180 1887 2236; x_wconf 86' lang='lat' dir='ltr'>facilia</span> <span class='ocrx_word' id='word_1_279' title='bbox 1916 2179 1997 2235; x_wconf 91' lang='lat' dir='ltr'>ad</span> <span class='ocrx_word' id='word_1_280' title='bbox 2048 2195 2242 2234; x_wconf 82' lang='lat' dir='ltr'>recor-</span> 
     </span>
    </p>
   </div>
   <div class='ocr_carea' id='block_1_39' title="bbox 582 2269 2243 2348">
    <p class='ocr_par' dir='ltr' id='par_1_39' title="bbox 582 2269 2243 2348">
     <span class='ocr_line' id='line_1_40' title="bbox 582 2269 2243 2348; baseline -0.011 -7"><span class='ocrx_word' id='word_1_281' title='bbox 582 2283 858 2341; x_wconf 88' lang='lat' dir='ltr'>dandum</span> <span class='ocrx_word' id='word_1_282' title='bbox 903 2277 1109 2348; x_wconf 91' lang='lat' dir='ltr'>verba,</span> <span class='ocrx_word' id='word_1_283' title='bbox 1137 2280 1343 2331; x_wconf 91' lang='lat' dir='ltr'>utrum</span> <span class='ocrx_word' id='word_1_284' title='bbox 1373 2289 1476 2329; x_wconf 90' lang='lat' dir='ltr'>eos</span> <span class='ocrx_word' id='word_1_285' title='bbox 1530 2272 1635 2345; x_wconf 88' lang='lat' dir='ltr'>qui</span> <span class='ocrx_word' id='word_1_286' title='bbox 1662 2287 1786 2327; x_wconf 92' lang='lat' dir='ltr'>non</span> <span class='ocrx_word' id='word_1_287' title='bbox 1825 2269 2123 2342; x_wconf 91' lang='lat' dir='ltr'>recipiunt</span> <span class='ocrx_word' id='word_1_288' title='bbox 2152 2269 2243 2325; x_wconf 84' lang='lat' dir='ltr'>Ni-</span> 
     </span>
    </p>
   </div>
   <div class='ocr_carea' id='block_1_40' title="bbox 583 2361 2241 2436">
    <p class='ocr_par' dir='ltr' id='par_1_40' title="bbox 583 2361 2241 2436">
     <span class='ocr_line' id='line_1_41' title="bbox 583 2361 2241 2436; baseline -0.01 -5"><span class='ocrx_word' id='word_1_289' title='bbox 583 2389 819 2431; x_wconf 75' lang='lat' dir='ltr'>caenam</span> <span class='ocrx_word' id='word_1_290' title='bbox 847 2370 1054 2436; x_wconf 92' lang='lat' dir='ltr'>ﬁdem,</span> <span class='ocrx_word' id='word_1_291' title='bbox 1080 2381 1396 2423; x_wconf 89' lang='lat' dir='ltr'>arceamus</span> <span class='ocrx_word' id='word_1_292' title='bbox 1426 2380 1463 2419; x_wconf 91' lang='lat' dir='ltr'>a</span> <span class='ocrx_word' id='word_1_293' title='bbox 1491 2361 1939 2424; x_wconf 89' lang='lat' dir='ltr'>communione,</span> <span class='ocrx_word' id='word_1_294' title='bbox 1957 2366 2014 2416; x_wconf 93' lang='lat' dir='ltr'>et</span> <span class='ocrx_word' id='word_1_295' title='bbox 2039 2365 2241 2415; x_wconf 86' lang='lat' dir='ltr'>utrum</span> 
     </span>
    </p>
   </div>
   <div class='ocr_carea' id='block_1_41' title="bbox 585 2451 2243 2531">
    <p class='ocr_par' dir='ltr' id='par_1_41' title="bbox 585 2451 2243 2531">
     <span class='ocr_line' id='line_1_42' title="bbox 585 2451 2243 2531; baseline -0.01 -11"><span class='ocrx_word' id='word_1_296' title='bbox 585 2479 727 2520; x_wconf 91' lang='lat' dir='ltr'>cum</span> <span class='ocrx_word' id='word_1_297' title='bbox 758 2462 828 2517; x_wconf 92' lang='lat' dir='ltr'>iis</span> <span class='ocrx_word' id='word_1_298' title='bbox 883 2458 988 2531; x_wconf 87' lang='lat' dir='ltr'>qui</span> <span class='ocrx_word' id='word_1_299' title='bbox 1032 2459 1371 2513; x_wconf 88' lang='lat' dir='ltr'>creaturam</span> <span class='ocrx_word' id='word_1_300' title='bbox 1401 2453 1598 2509; x_wconf 90' lang='lat' dir='ltr'>dicere</span> <span class='ocrx_word' id='word_1_301' title='bbox 1640 2451 1925 2523; x_wconf 90' lang='lat' dir='ltr'>Spiritum</span> <span class='ocrx_word' id='word_1_302' title='bbox 1966 2454 2243 2505; x_wconf 90' lang='lat' dir='ltr'>sanctum</span> 
     </span>
    </p>
   </div>
   <div class='ocr_carea' id='block_1_42' title="bbox 587 2540 2243 2620">
    <p class='ocr_par' dir='ltr' id='par_1_42' title="bbox 587 2540 2243 2620">
     <span class='ocr_line' id='line_1_43' title="bbox 587 2540 2243 2620; baseline -0.01 -10"><span class='ocrx_word' id='word_1_303' title='bbox 587 2552 833 2617; x_wconf 88' lang='lat' dir='ltr'>audent,</span> <span class='ocrx_word' id='word_1_304' title='bbox 861 2550 1098 2620; x_wconf 89' lang='lat' dir='ltr'>partem</span> <span class='ocrx_word' id='word_1_305' title='bbox 1126 2544 1352 2601; x_wconf 91' lang='lat' dir='ltr'>habere</span> <span class='ocrx_word' id='word_1_306' title='bbox 1392 2542 1677 2598; x_wconf 80' lang='lat' dir='ltr'>nolimus.</span> <span class='ocrx_word' id='word_1_307' title='bbox 1719 2540 1817 2596; x_wconf 88' lang='lat' dir='ltr'>Ille</span> <span class='ocrx_word' id='word_1_308' title='bbox 1852 2544 2076 2609; x_wconf 88' lang='lat' dir='ltr'>autem,</span> <span class='ocrx_word' id='word_1_309' title='bbox 2103 2555 2243 2594; x_wconf 92' lang='lat' dir='ltr'>cum</span> 
     </span>
    </p>
   </div>
   <div class='ocr_carea' id='block_1_43' title="bbox 586 2628 2247 2708">
    <p class='ocr_par' dir='ltr' id='par_1_43' title="bbox 586 2628 2247 2708">
     <span class='ocr_line' id='line_1_44' title="bbox 586 2628 2247 2708; baseline -0.009 -9"><span class='ocrx_word' id='word_1_310' title='bbox 586 2641 668 2699; x_wconf 90' lang='lat' dir='ltr'>ad</span> <span class='ocrx_word' id='word_1_311' title='bbox 688 2638 938 2697; x_wconf 86' lang='lat' dir='ltr'>verbum</span> <span class='ocrx_word' id='word_1_312' title='bbox 964 2632 1405 2708; x_wconf 78' lang='lat' dir='ltr'>quaestionibus</span> <span class='ocrx_word' id='word_1_313' title='bbox 1429 2629 1797 2702; x_wconf 88' lang='lat' dir='ltr'>respondere</span> <span class='ocrx_word' id='word_1_314' title='bbox 1827 2628 2151 2697; x_wconf 89' lang='lat' dir='ltr'>debuisset,</span> <span class='ocrx_word' id='word_1_315' title='bbox 2172 2643 2247 2684; x_wconf 87' lang='lat' dir='ltr'>ea</span> 
     </span>
    </p>
   </div>
   <div class='ocr_carea' id='block_1_44' title="bbox 585 2718 2245 2800">
    <p class='ocr_par' dir='ltr' id='par_1_44' title="bbox 585 2718 2245 2800">
     <span class='ocr_line' id='line_1_45' title="bbox 585 2718 2245 2800; baseline -0.01 -13"><span class='ocrx_word' id='word_1_316' title='bbox 585 2729 765 2788; x_wconf 88' lang='lat' dir='ltr'>nobis</span> <span class='ocrx_word' id='word_1_317' title='bbox 786 2744 925 2800; x_wconf 72' lang='lat' dir='ltr'>quae</span> <span class='ocrx_word' id='word_1_318' title='bbox 963 2724 1176 2781; x_wconf 88' lang='lat' dir='ltr'>misisti</span> <span class='ocrx_word' id='word_1_319' title='bbox 1206 2719 1669 2786; x_wconf 89' lang='lat' dir='ltr'>consarcinavit,</span> <span class='ocrx_word' id='word_1_320' title='bbox 1702 2718 1884 2790; x_wconf 89' lang='lat' dir='ltr'>idque</span> <span class='ocrx_word' id='word_1_321' title='bbox 1926 2732 2049 2773; x_wconf 93' lang='lat' dir='ltr'>non</span> <span class='ocrx_word' id='word_1_322' title='bbox 2074 2732 2245 2772; x_wconf 88' lang='lat' dir='ltr'>men-</span> 
     </span>
    </p>
   </div>
   <div class='ocr_carea' id='block_1_45' title="bbox 588 2804 2246 2888">
    <p class='ocr_par' dir='ltr' id='par_1_45' title="bbox 588 2804 2246 2888">
     <span class='ocr_line' id='line_1_46' title="bbox 588 2804 2246 2888; baseline -0.01 -14"><span class='ocrx_word' id='word_1_323' title='bbox 588 2820 664 2876; x_wconf 87' lang='lat' dir='ltr'>tis</span> <span class='ocrx_word' id='word_1_324' title='bbox 709 2813 1198 2888; x_wconf 88' lang='lat' dir='ltr'>simplicitate,ut</span> <span class='ocrx_word' id='word_1_325' title='bbox 1248 2808 1466 2882; x_wconf 90' lang='lat' dir='ltr'>aliquis</span> <span class='ocrx_word' id='word_1_326' title='bbox 1526 2807 1884 2878; x_wconf 87' lang='lat' dir='ltr'>suspicetur,</span> <span class='ocrx_word' id='word_1_327' title='bbox 1918 2821 2115 2877; x_wconf 89' lang='lat' dir='ltr'>neque</span> <span class='ocrx_word' id='word_1_328' title='bbox 2167 2804 2246 2860; x_wconf 92' lang='lat' dir='ltr'>ob</span> 
     </span>
    </p>
   </div>
   <div class='ocr_carea' id='block_1_46' title="bbox 594 2894 2248 2972">
    <p class='ocr_par' dir='ltr' id='par_1_46' title="bbox 594 2894 2248 2972">
     <span class='ocr_line' id='line_1_47' title="bbox 594 2894 2248 2972; baseline -0.01 -8"><span class='ocrx_word' id='word_1_329' title='bbox 594 2908 754 2965; x_wconf 90' lang='lat' dir='ltr'>hanc</span> <span class='ocrx_word' id='word_1_330' title='bbox 786 2919 1057 2969; x_wconf 89' lang='lat' dir='ltr'>causam,</span> <span class='ocrx_word' id='word_1_331' title='bbox 1088 2899 1256 2972; x_wconf 91' lang='lat' dir='ltr'>quod</span> <span class='ocrx_word' id='word_1_332' title='bbox 1299 2897 1733 2969; x_wconf 88' lang='lat' dir='ltr'>consequentia</span> <span class='ocrx_word' id='word_1_333' title='bbox 1770 2894 2248 2952; x_wconf 87' lang='lat' dir='ltr'>animadvertere</span> 
     </span>
    </p>
   </div>
   <div class='ocr_carea' id='block_1_47' title="bbox 589 2983 2250 3068">
    <p class='ocr_par' dir='ltr' id='par_1_47' title="bbox 589 2983 2250 3068">
     <span class='ocr_line' id='line_1_48' title="bbox 589 2983 2250 3068; baseline -0.011 -14"><span class='ocrx_word' id='word_1_334' title='bbox 589 3011 715 3054; x_wconf 91' lang='lat' dir='ltr'>non</span> <span class='ocrx_word' id='word_1_335' title='bbox 743 2996 968 3068; x_wconf 87' lang='lat' dir='ltr'>posset.</span> <span class='ocrx_word' id='word_1_336' title='bbox 998 2990 1114 3047; x_wconf 87' lang='lat' dir='ltr'>Sed</span> <span class='ocrx_word' id='word_1_337' title='bbox 1142 2988 1291 3045; x_wconf 90' lang='lat' dir='ltr'>illud</span> <span class='ocrx_word' id='word_1_338' title='bbox 1321 2988 1373 3043; x_wconf 93' lang='lat' dir='ltr'>ei</span> <span class='ocrx_word' id='word_1_339' title='bbox 1397 2988 1459 3042; x_wconf 92' lang='lat' dir='ltr'>in</span> <span class='ocrx_word' id='word_1_340' title='bbox 1487 2990 1753 3041; x_wconf 86' lang='lat' dir='ltr'>mentem</span> <span class='ocrx_word' id='word_1_341' title='bbox 1782 2984 1966 3051; x_wconf 87' lang='lat' dir='ltr'>venit,</span> <span class='ocrx_word' id='word_1_342' title='bbox 1998 2983 2048 3038; x_wconf 92' lang='lat' dir='ltr'>si</span> <span class='ocrx_word' id='word_1_343' title='bbox 2071 2985 2250 3051; x_wconf 80' lang='lat' dir='ltr'>neget</span> 
     </span>
    </p>
   </div>
   <div class='ocr_carea' id='block_1_48' title="bbox 589 3071 2328 3159">
    <p class='ocr_par' dir='ltr' id='par_1_48' title="bbox 589 3071 2328 3159">
     <span class='ocr_line' id='line_1_49' title="bbox 589 3071 2328 3159; baseline -0.01 -17"><span class='ocrx_word' id='word_1_344' title='bbox 589 3101 727 3159; x_wconf 78' lang='lat' dir='ltr'>quae</span> <span class='ocrx_word' id='word_1_345' title='bbox 748 3080 1170 3156; x_wconf 90' lang='lat' dir='ltr'>proponimus,</span> <span class='ocrx_word' id='word_1_346' title='bbox 1198 3078 1323 3133; x_wconf 87' lang='lat' dir='ltr'>fore</span> <span class='ocrx_word' id='word_1_347' title='bbox 1347 3080 1414 3132; x_wconf 89' lang='lat' dir='ltr'>ut</span> <span class='ocrx_word' id='word_1_348' title='bbox 1431 3091 1493 3130; x_wconf 91' lang='lat' dir='ltr'>se</span> <span class='ocrx_word' id='word_1_349' title='bbox 1513 3073 1641 3146; x_wconf 89' lang='lat' dir='ltr'>ipse</span> <span class='ocrx_word' id='word_1_350' title='bbox 1670 3073 1912 3146; x_wconf 90' lang='lat' dir='ltr'>populis</span> <span class='ocrx_word' id='word_1_351' title='bbox 1944 3071 2173 3144; x_wconf 88' lang='lat' dir='ltr'>aperiat</span> <span class='ocrx_word' id='word_1_352' title='bbox 2192 3074 2249 3127; x_wconf 89' lang='lat' dir='ltr'>et</span> <span class='ocrx_word' id='word_1_353' title='bbox 2288 3086 2328 3141; x_wconf 71' lang='grc' dir='ltr'>ο</span> 
     </span>
    </p>
   </div>
   <div class='ocr_carea' id='block_1_49' title="bbox 590 3162 2248 3241">
    <p class='ocr_par' dir='ltr' id='par_1_49' title="bbox 590 3162 2248 3241">
     <span class='ocr_line' id='line_1_50' title="bbox 590 3162 2248 3241; baseline -0.009 -11"><span class='ocrx_word' id='word_1_354' title='bbox 590 3174 778 3230; x_wconf 90' lang='lat' dir='ltr'>nudet</span> <span class='ocrx_word' id='word_1_355' title='bbox 802 3192 815 3241; x_wconf 89' lang='lat'><strong>;</strong></span> <span class='ocrx_word' id='word_1_356' title='bbox 846 3170 937 3226; x_wconf 91' lang='lat' dir='ltr'>sin</span> <span class='ocrx_word' id='word_1_357' title='bbox 964 3174 1164 3225; x_wconf 91' lang='lat' dir='ltr'>autem</span> <span class='ocrx_word' id='word_1_358' title='bbox 1187 3165 1364 3223; x_wconf 90' lang='lat' dir='ltr'>nobis</span> <span class='ocrx_word' id='word_1_359' title='bbox 1389 3165 1731 3231; x_wconf 88' lang='lat' dir='ltr'>assentitur,</span> <span class='ocrx_word' id='word_1_360' title='bbox 1751 3162 2164 3217; x_wconf 85' lang='lat' dir='ltr'>discessurum</span> <span class='ocrx_word' id='word_1_361' title='bbox 2187 3175 2248 3215; x_wconf 91' lang='lat' dir='ltr'>se</span> 
     </span>
    </p>
   </div>
   <div class='ocr_carea' id='block_1_50' title="bbox 594 3251 2250 3325">
    <p class='ocr_par' dir='ltr' id='par_1_50' title="bbox 594 3251 2250 3325">
     <span class='ocr_line' id='line_1_51' title="bbox 594 3251 2250 3325; baseline -0.008 -7"><span class='ocrx_word' id='word_1_362' title='bbox 594 3263 673 3320; x_wconf 90' lang='lat' dir='ltr'>ab</span> <span class='ocrx_word' id='word_1_363' title='bbox 705 3262 806 3317; x_wconf 92' lang='lat' dir='ltr'>illo</span> <span class='ocrx_word' id='word_1_364' title='bbox 836 3259 1020 3315; x_wconf 89' lang='lat' dir='ltr'>medii</span> <span class='ocrx_word' id='word_1_365' title='bbox 1048 3256 1313 3313; x_wconf 89' lang='lat' dir='ltr'>hominis</span> <span class='ocrx_word' id='word_1_366' title='bbox 1344 3253 1613 3323; x_wconf 89' lang='lat' dir='ltr'>consilio,</span> <span class='ocrx_word' id='word_1_367' title='bbox 1639 3268 1762 3325; x_wconf 92' lang='lat' dir='ltr'>quo</span> <span class='ocrx_word' id='word_1_368' title='bbox 1792 3251 1938 3307; x_wconf 91' lang='lat' dir='ltr'>nihil</span> <span class='ocrx_word' id='word_1_369' title='bbox 1959 3252 2250 3306; x_wconf 90' lang='lat' dir='ltr'>hactenus</span> 
     </span>
    </p>
   </div>
   <div class='ocr_carea' id='block_1_51' title="bbox 596 3339 2248 3421">
    <p class='ocr_par' dir='ltr' id='par_1_51' title="bbox 596 3339 2248 3421">
     <span class='ocr_line' id='line_1_52' title="bbox 596 3339 2248 3421; baseline -0.008 -15"><span class='ocrx_word' id='word_1_370' title='bbox 596 3348 903 3421; x_wconf 87' lang='lat' dir='ltr'>antiquius</span> <span class='ocrx_word' id='word_1_371' title='bbox 942 3345 1175 3401; x_wconf 90' lang='lat' dir='ltr'>habuit.</span> <span class='ocrx_word' id='word_1_372' title='bbox 1226 3346 1457 3399; x_wconf 89' lang='lat' dir='ltr'>Fucum</span> <span class='ocrx_word' id='word_1_373' title='bbox 1500 3358 1643 3411; x_wconf 86' lang='lat' dir='ltr'>ergo</span> <span class='ocrx_word' id='word_1_374' title='bbox 1681 3341 1859 3397; x_wconf 89' lang='lat' dir='ltr'>nobis</span> <span class='ocrx_word' id='word_1_375' title='bbox 1896 3356 2021 3395; x_wconf 88' lang='lat' dir='ltr'>non</span> <span class='ocrx_word' id='word_1_376' title='bbox 2050 3339 2248 3406; x_wconf 87' lang='lat' dir='ltr'>faciat,</span> 
     </span>
    </p>
   </div>
   <div class='ocr_carea' id='block_1_52' title="bbox 594 3428 2254 3510">
    <p class='ocr_par' dir='ltr' id='par_1_52' title="bbox 594 3428 2254 3510">
     <span class='ocr_line' id='line_1_53' title="bbox 594 3428 2254 3510; baseline -0.008 -15"><span class='ocrx_word' id='word_1_377' title='bbox 594 3453 793 3510; x_wconf 89' lang='lat' dir='ltr'>neque</span> <span class='ocrx_word' id='word_1_378' title='bbox 824 3452 964 3491; x_wconf 91' lang='lat' dir='ltr'>cum</span> <span class='ocrx_word' id='word_1_379' title='bbox 992 3434 1123 3490; x_wconf 88' lang='lat' dir='ltr'>aliis</span> <span class='ocrx_word' id='word_1_380' title='bbox 1145 3438 1312 3489; x_wconf 91' lang='lat' dir='ltr'>tuam</span> <span class='ocrx_word' id='word_1_381' title='bbox 1339 3432 1519 3487; x_wconf 90' lang='lat' dir='ltr'>etiam</span> <span class='ocrx_word' id='word_1_382' title='bbox 1540 3429 1972 3487; x_wconf 88' lang='lat' dir='ltr'>circumveniat</span> <span class='ocrx_word' id='word_1_383' title='bbox 1992 3428 2254 3500; x_wconf 89' lang='lat' dir='ltr'>pruden-</span> 
     </span>
    </p>
   </div>
   <div class='ocr_carea' id='block_1_53' title="bbox 595 3517 2253 3595">
    <p class='ocr_par' dir='ltr' id='par_1_53' title="bbox 595 3517 2253 3595">
     <span class='ocr_line' id='line_1_54' title="bbox 595 3517 2253 3595; baseline -0.008 -9"><span class='ocrx_word' id='word_1_384' title='bbox 595 3528 766 3595; x_wconf 87' lang='lat' dir='ltr'>tiam,</span> <span class='ocrx_word' id='word_1_385' title='bbox 798 3524 906 3581; x_wconf 89' lang='lat' dir='ltr'>sed</span> <span class='ocrx_word' id='word_1_386' title='bbox 944 3523 1126 3579; x_wconf 87' lang='lat' dir='ltr'>breve</span> <span class='ocrx_word' id='word_1_387' title='bbox 1158 3520 1334 3578; x_wconf 90' lang='lat' dir='ltr'>nobis</span> <span class='ocrx_word' id='word_1_388' title='bbox 1363 3534 1723 3592; x_wconf 90' lang='lat' dir='ltr'>responsum</span> <span class='ocrx_word' id='word_1_389' title='bbox 1753 3518 1947 3574; x_wconf 87' lang='lat' dir='ltr'>mittat</span> <span class='ocrx_word' id='word_1_390' title='bbox 1976 3517 2057 3573; x_wconf 92' lang='lat' dir='ltr'>ad</span> <span class='ocrx_word' id='word_1_391' title='bbox 2088 3533 2253 3589; x_wconf 74' lang='lat' dir='ltr'>quee-</span> 
     </span>
    </p>
   </div>
   <div class='ocr_carea' id='block_1_54' title="bbox 599 3606 2255 3684">
    <p class='ocr_par' dir='ltr' id='par_1_54' title="bbox 599 3606 2255 3684">
     <span class='ocr_line' id='line_1_55' title="bbox 599 3606 2255 3684; baseline -0.008 -10"><span class='ocrx_word' id='word_1_392' title='bbox 599 3617 879 3684; x_wconf 91' lang='lat' dir='ltr'>stionem,</span> <span class='ocrx_word' id='word_1_393' title='bbox 929 3618 1033 3670; x_wconf 87' lang='lat' dir='ltr'>aut</span> <span class='ocrx_word' id='word_1_394' title='bbox 1072 3610 1368 3668; x_wconf 87' lang='lat' dir='ltr'>conﬁtens</span> <span class='ocrx_word' id='word_1_395' title='bbox 1407 3608 1901 3665; x_wconf 90' lang='lat' dir='ltr'>communionem</span> <span class='ocrx_word' id='word_1_396' title='bbox 1931 3622 2071 3663; x_wconf 89' lang='lat' dir='ltr'>cum</span> <span class='ocrx_word' id='word_1_397' title='bbox 2114 3606 2255 3663; x_wconf 88' lang='lat' dir='ltr'>ﬁdei</span> 
     </span>
    </p>
   </div>
   <div class='ocr_carea' id='block_1_55' title="bbox 595 3697 2257 3775">
    <p class='ocr_par' dir='ltr' id='par_1_55' title="bbox 595 3697 2257 3775">
     <span class='ocr_line' id='line_1_56' title="bbox 595 3697 2257 3775; baseline -0.008 -11"><span class='ocrx_word' id='word_1_398' title='bbox 595 3706 891 3775; x_wconf 87' lang='lat' dir='ltr'>hostibus,</span> <span class='ocrx_word' id='word_1_399' title='bbox 954 3706 1057 3759; x_wconf 87' lang='lat' dir='ltr'>aut</span> <span class='ocrx_word' id='word_1_400' title='bbox 1103 3715 1355 3771; x_wconf 89' lang='lat' dir='ltr'>negans.</span> <span class='ocrx_word' id='word_1_401' title='bbox 1416 3699 1551 3754; x_wconf 60' lang='lat' dir='ltr'>Ha&#39;c</span> <span class='ocrx_word' id='word_1_402' title='bbox 1581 3698 1633 3753; x_wconf 91' lang='lat' dir='ltr'>ei</span> <span class='ocrx_word' id='word_1_403' title='bbox 1689 3697 1737 3752; x_wconf 91' lang='lat' dir='ltr'>si</span> <span class='ocrx_word' id='word_1_404' title='bbox 1775 3697 2168 3769; x_wconf 88' lang='lat' dir='ltr'>persuaseris,</span> <span class='ocrx_word' id='word_1_405' title='bbox 2200 3698 2257 3752; x_wconf 91' lang='lat' dir='ltr'>et</span> 
     </span>
    </p>
   </div>
   <div class='ocr_carea' id='block_1_56' title="bbox 597 3786 2255 3861">
    <p class='ocr_par' dir='ltr' id='par_1_56' title="bbox 597 3786 2255 3861">
     <span class='ocr_line' id='line_1_57' title="bbox 597 3786 2255 3861; baseline -0.007 -8"><span class='ocrx_word' id='word_1_406' title='bbox 597 3794 833 3854; x_wconf 90' lang='lat' dir='ltr'>miseris</span> <span class='ocrx_word' id='word_1_407' title='bbox 874 3791 1025 3849; x_wconf 89' lang='lat' dir='ltr'>mihi</span> <span class='ocrx_word' id='word_1_408' title='bbox 1062 3795 1275 3859; x_wconf 90' lang='lat' dir='ltr'>rectas,</span> <span class='ocrx_word' id='word_1_409' title='bbox 1303 3793 1360 3846; x_wconf 89' lang='lat' dir='ltr'>et</span> <span class='ocrx_word' id='word_1_410' title='bbox 1406 3788 1620 3861; x_wconf 90' lang='lat' dir='ltr'>quales</span> <span class='ocrx_word' id='word_1_411' title='bbox 1649 3802 1882 3860; x_wconf 89' lang='lat' dir='ltr'>precor,</span> <span class='ocrx_word' id='word_1_412' title='bbox 1917 3786 2255 3858; x_wconf 84' lang='lat' dir='ltr'>responsio-</span> 
     </span>
    </p>
   </div>
   <div class='ocr_carea' id='block_1_57' title="bbox 602 3874 2258 3954">
    <p class='ocr_par' dir='ltr' id='par_1_57' title="bbox 602 3874 2258 3954">
     <span class='ocr_line' id='line_1_58' title="bbox 602 3874 2258 3954; baseline -0.007 -13"><span class='ocrx_word' id='word_1_413' title='bbox 602 3902 711 3942; x_wconf 90' lang='lat' dir='ltr'>nes</span> <span class='ocrx_word' id='word_1_414' title='bbox 737 3904 750 3953; x_wconf 93' lang='lat'><strong>;</strong></span> <span class='ocrx_word' id='word_1_415' title='bbox 774 3899 888 3954; x_wconf 89' lang='lat' dir='ltr'>ego</span> <span class='ocrx_word' id='word_1_416' title='bbox 920 3899 1058 3938; x_wconf 90' lang='lat' dir='ltr'>sum</span> <span class='ocrx_word' id='word_1_417' title='bbox 1080 3882 1185 3954; x_wconf 88' lang='lat' dir='ltr'>qui</span> <span class='ocrx_word' id='word_1_418' title='bbox 1204 3880 1498 3936; x_wconf 89' lang='lat' dir='ltr'>hactenus</span> <span class='ocrx_word' id='word_1_419' title='bbox 1520 3877 1726 3933; x_wconf 88' lang='lat' dir='ltr'>omnia</span> <span class='ocrx_word' id='word_1_420' title='bbox 1750 3876 1993 3948; x_wconf 89' lang='lat' dir='ltr'>peccavi</span> <span class='ocrx_word' id='word_1_421' title='bbox 2019 3892 2031 3941; x_wconf 90' lang='lat'><strong>;</strong></span> <span class='ocrx_word' id='word_1_422' title='bbox 2064 3890 2176 3945; x_wconf 85' lang='lat' dir='ltr'>ego</span> <span class='ocrx_word' id='word_1_423' title='bbox 2196 3874 2258 3929; x_wconf 91' lang='lat' dir='ltr'>i1-</span> 
     </span>
    </p>
   </div>
   <div class='ocr_carea' id='block_1_58' title="bbox 599 3966 2259 4043">
    <p class='ocr_par' dir='ltr' id='par_1_58' title="bbox 599 3966 2259 4043">
     <span class='ocr_line' id='line_1_59' title="bbox 599 3966 2259 4043; baseline -0.007 -12"><span class='ocrx_word' id='word_1_424' title='bbox 599 3974 727 4032; x_wconf 89' lang='lat' dir='ltr'>lam</span> <span class='ocrx_word' id='word_1_425' title='bbox 749 3987 993 4029; x_wconf 90' lang='lat' dir='ltr'>omnem</span> <span class='ocrx_word' id='word_1_426' title='bbox 1019 3971 1264 4043; x_wconf 90' lang='lat' dir='ltr'>culpam</span> <span class='ocrx_word' id='word_1_427' title='bbox 1289 3970 1352 4025; x_wconf 93' lang='lat' dir='ltr'><strong>in</strong></span> <span class='ocrx_word' id='word_1_428' title='bbox 1395 3983 1492 4024; x_wconf 93' lang='lat' dir='ltr'>me</span> <span class='ocrx_word' id='word_1_429' title='bbox 1520 3966 1768 4038; x_wconf 87' lang='lat' dir='ltr'>recipio,</span> <span class='ocrx_word' id='word_1_430' title='bbox 1801 3970 1942 4021; x_wconf 89' lang='lat' dir='ltr'>tunc</span> <span class='ocrx_word' id='word_1_431' title='bbox 1968 3982 2005 4022; x_wconf 91' lang='lat' dir='ltr'>a</span> <span class='ocrx_word' id='word_1_432' title='bbox 2029 3983 2125 4021; x_wconf 93' lang='lat' dir='ltr'>me</span> <span class='ocrx_word' id='word_1_433' title='bbox 2149 3966 2259 4022; x_wconf 89' lang='lat' dir='ltr'>hu-</span> 
     </span>
    </p>
   </div>
   <div class='ocr_carea' id='block_1_59' title="bbox 600 4054 2258 4128">
    <p class='ocr_par' dir='ltr' id='par_1_59' title="bbox 600 4054 2258 4128">
     <span class='ocr_line' id='line_1_60' title="bbox 600 4054 2258 4128; baseline -0.005 -9"><span class='ocrx_word' id='word_1_434' title='bbox 600 4060 869 4119; x_wconf 87' lang='lat' dir='ltr'>militatis</span> <span class='ocrx_word' id='word_1_435' title='bbox 903 4058 1408 4128; x_wconf 89' lang='lat' dir='ltr'>signiﬁcationem</span> <span class='ocrx_word' id='word_1_436' title='bbox 1446 4070 1714 4127; x_wconf 87' lang='lat' dir='ltr'>reposce.</span> <span class='ocrx_word' id='word_1_437' title='bbox 1744 4054 2023 4120; x_wconf 87' lang='lat' dir='ltr'>Quandiu</span> <span class='ocrx_word' id='word_1_438' title='bbox 2055 4060 2258 4111; x_wconf 91' lang='lat' dir='ltr'>autem</span> 
     </span>
    </p>
   </div>
   <div class='ocr_carea' id='block_1_60' title="bbox 599 4142 2259 4214">
    <p class='ocr_par' dir='ltr' id='par_1_60' title="bbox 599 4142 2259 4214">
     <span class='ocr_line' id='line_1_61' title="bbox 599 4142 2259 4214; baseline -0.005 -7"><span class='ocrx_word' id='word_1_439' title='bbox 599 4151 821 4208; x_wconf 91' lang='lat' dir='ltr'>horum</span> <span class='ocrx_word' id='word_1_440' title='bbox 859 4146 1007 4202; x_wconf 91' lang='lat' dir='ltr'>nihil</span> <span class='ocrx_word' id='word_1_441' title='bbox 1036 4146 1157 4213; x_wconf 90' lang='lat' dir='ltr'>ﬁet,</span> <span class='ocrx_word' id='word_1_442' title='bbox 1190 4146 1461 4213; x_wconf 90' lang='lat' dir='ltr'>ignosce,</span> <span class='ocrx_word' id='word_1_443' title='bbox 1492 4142 1944 4212; x_wconf 83' lang='lat' dir='ltr'>religiosissime</span> <span class='ocrx_word' id='word_1_444' title='bbox 1993 4145 2182 4214; x_wconf 89' lang='lat' dir='ltr'>Pater,</span> <span class='ocrx_word' id='word_1_445' title='bbox 2210 4143 2259 4199; x_wconf 88' lang='lat' dir='ltr'>si</span> 
     </span>
    </p>
   </div>
   <div class='ocr_carea' id='block_1_61' title="bbox 600 4230 2258 4309">
    <p class='ocr_par' dir='ltr' id='par_1_61' title="bbox 600 4230 2258 4309">
     <span class='ocr_line' id='line_1_62' title="bbox 600 4230 2258 4309; baseline -0.004 -14"><span class='ocrx_word' id='word_1_446' title='bbox 600 4253 726 4296; x_wconf 93' lang='lat' dir='ltr'>non</span> <span class='ocrx_word' id='word_1_447' title='bbox 740 4234 973 4309; x_wconf 91' lang='lat' dir='ltr'>possim</span> <span class='ocrx_word' id='word_1_448' title='bbox 988 4249 1127 4289; x_wconf 93' lang='lat' dir='ltr'>cum</span> <span class='ocrx_word' id='word_1_449' title='bbox 1150 4231 1534 4288; x_wconf 89' lang='lat' dir='ltr'>simulatione</span> <span class='ocrx_word' id='word_1_450' title='bbox 1549 4230 1626 4286; x_wconf 90' lang='lat' dir='ltr'>ad</span> <span class='ocrx_word' id='word_1_451' title='bbox 1642 4231 1741 4286; x_wconf 88' lang='lat' dir='ltr'>Dei</span> <span class='ocrx_word' id='word_1_452' title='bbox 1758 4246 1927 4286; x_wconf 87' lang='lat' dir='ltr'>aram</span> <span class='ocrx_word' id='word_1_453' title='bbox 1951 4232 2258 4290; x_wconf 86' lang='lat' dir='ltr'>accedere.</span> 
     </span>
    </p>
   </div>
   <div class='ocr_carea' id='block_1_62' title="bbox 603 4319 2262 4392">
    <p class='ocr_par' dir='ltr' id='par_1_62' title="bbox 603 4319 2262 4392">
     <span class='ocr_line' id='line_1_63' title="bbox 603 4319 2262 4392; baseline -0.005 -8"><span class='ocrx_word' id='word_1_454' title='bbox 603 4328 722 4386; x_wconf 86' lang='lat' dir='ltr'>Nisi</span> <span class='ocrx_word' id='word_1_455' title='bbox 748 4325 908 4382; x_wconf 91' lang='lat' dir='ltr'>enim</span> <span class='ocrx_word' id='word_1_456' title='bbox 940 4324 1056 4382; x_wconf 91' lang='lat' dir='ltr'>hoc</span> <span class='ocrx_word' id='word_1_457' title='bbox 1106 4326 1461 4391; x_wconf 88' lang='lat' dir='ltr'>metuerem,</span> <span class='ocrx_word' id='word_1_458' title='bbox 1494 4336 1601 4376; x_wconf 90' lang='lat' dir='ltr'>cur</span> <span class='ocrx_word' id='word_1_459' title='bbox 1647 4335 1744 4375; x_wconf 89' lang='lat' dir='ltr'>me</span> <span class='ocrx_word' id='word_1_460' title='bbox 1787 4319 1914 4391; x_wconf 90' lang='lat' dir='ltr'>ipse</span> <span class='ocrx_word' id='word_1_461' title='bbox 1942 4319 2020 4375; x_wconf 90' lang='lat' dir='ltr'>ab</span> <span class='ocrx_word' id='word_1_462' title='bbox 2048 4320 2262 4392; x_wconf 86' lang='lat' dir='ltr'>Euppii</span> 
     </span>
    </p>
   </div>
   <div class='ocr_carea' id='block_1_63' title="bbox 618 4408 2259 4484">
    <p class='ocr_par' dir='ltr' id='par_1_63' title="bbox 618 4408 2259 4484">
     <span class='ocr_line' id='line_1_64' title="bbox 618 4408 2259 4484; baseline -0.007 -9"><span class='ocrx_word' id='word_1_463' title='bbox 618 4416 1047 4475; x_wconf 91' lang='lat' dir='ltr'>communione</span> <span class='ocrx_word' id='word_1_464' title='bbox 1103 4411 1525 4484; x_wconf 85' lang='lat' dir='ltr'>sejunxissem,</span> <span class='ocrx_word' id='word_1_465' title='bbox 1574 4409 1686 4466; x_wconf 92' lang='lat' dir='ltr'>viri</span> <span class='ocrx_word' id='word_1_466' title='bbox 1745 4408 1899 4464; x_wconf 89' lang='lat' dir='ltr'>adeo</span> <span class='ocrx_word' id='word_1_467' title='bbox 1945 4411 2007 4464; x_wconf 93' lang='lat' dir='ltr'><strong>in</strong></span> <span class='ocrx_word' id='word_1_468' title='bbox 2054 4409 2259 4464; x_wconf 89' lang='lat' dir='ltr'>litteris</span> 
     </span>
    </p>
   </div>
   <div class='ocr_carea' id='block_1_64' title="bbox 607 4499 2263 4572">
    <p class='ocr_par' dir='ltr' id='par_1_64' title="bbox 607 4499 2263 4572">
     <span class='ocr_line' id='line_1_65' title="bbox 607 4499 2263 4572; baseline -0.005 -9"><span class='ocrx_word' id='word_1_469' title='bbox 607 4505 970 4571; x_wconf 84' lang='lat' dir='ltr'>excellentis,</span> <span class='ocrx_word' id='word_1_470' title='bbox 1020 4503 1174 4561; x_wconf 89' lang='lat' dir='ltr'>adeo</span> <span class='ocrx_word' id='word_1_471' title='bbox 1231 4505 1403 4557; x_wconf 82' lang='lat' dir='ltr'>aetate</span> <span class='ocrx_word' id='word_1_472' title='bbox 1462 4499 1745 4572; x_wconf 91' lang='lat' dir='ltr'>provecti,</span> <span class='ocrx_word' id='word_1_473' title='bbox 1779 4514 1850 4554; x_wconf 89' lang='lat' dir='ltr'>ac</span> <span class='ocrx_word' id='word_1_474' title='bbox 1897 4502 1982 4555; x_wconf 85' lang='lat' dir='ltr'>tot</span> <span class='ocrx_word' id='word_1_475' title='bbox 2009 4502 2067 4554; x_wconf 89' lang='lat' dir='ltr'>et</span> <span class='ocrx_word' id='word_1_476' title='bbox 2096 4502 2263 4555; x_wconf 85' lang='lat' dir='ltr'>tanta</span> 
     </span>
    </p>
   </div>
   <div class='ocr_carea' id='block_1_65' title="bbox 619 4586 2263 4667">
    <p class='ocr_par' dir='ltr' id='par_1_65' title="bbox 619 4586 2263 4667">
     <span class='ocr_line' id='line_1_66' title="bbox 619 4586 2263 4667; baseline -0.007 -14"><span class='ocrx_word' id='word_1_477' title='bbox 619 4594 896 4654; x_wconf 59' lang='lat' dir='ltr'>amicitia</span> <span class='ocrx_word' id='word_1_478' title='bbox 912 4595 1051 4667; x_wconf 90' lang='lat' dir='ltr'>jura</span> <span class='ocrx_word' id='word_1_479' title='bbox 1068 4606 1311 4648; x_wconf 92' lang='lat' dir='ltr'>mecum</span> <span class='ocrx_word' id='word_1_480' title='bbox 1334 4588 1613 4646; x_wconf 90' lang='lat' dir='ltr'>habentis</span> <span class='ocrx_word' id='word_1_481' title='bbox 1634 4588 1662 4644; x_wconf 69' lang='grc' dir='ltr'><strong><em>Ἰ</em></strong></span> <span class='ocrx_word' id='word_1_482' title='bbox 1684 4586 1857 4653; x_wconf 90' lang='lat' dir='ltr'>Quod</span> <span class='ocrx_word' id='word_1_483' title='bbox 1887 4586 1937 4643; x_wconf 90' lang='lat' dir='ltr'>si</span> <span class='ocrx_word' id='word_1_484' title='bbox 1954 4587 2083 4644; x_wconf 69' lang='lat' dir='ltr'>haec</span> <span class='ocrx_word' id='word_1_485' title='bbox 2106 4591 2263 4643; x_wconf 90' lang='lat' dir='ltr'>recte</span> 
     </span>
    </p>
   </div>
   <div class='ocr_carea' id='block_1_66' title="bbox 676 4763 2248 4862">
    <p class='ocr_par' dir='ltr' id='par_1_66' title="bbox 676 4763 2248 4862">
     <span class='ocr_line' id='line_1_67' title="bbox 676 4763 2248 4862; baseline -0.005 -35"><span class='ocrx_word' id='word_1_486' title='bbox 676 4777 786 4862; x_wconf 70' lang='grc'>(76)</span> <span class='ocrx_word' id='word_1_487' title='bbox 825 4778 911 4833; x_wconf 77' lang='grc' dir='ltr'>Μὴ</span> <span class='ocrx_word' id='word_1_488' title='bbox 973 4769 1284 4844; x_wconf 84' lang='grc' dir='ltr'>εἰρηνευθείη</span> <span class='ocrx_word' id='word_1_489' title='bbox 1346 4785 1456 4841; x_wconf 84' lang='grc' dir='ltr'>μοι.</span> <span class='ocrx_word' id='word_1_490' title='bbox 1522 4764 1758 4836; x_wconf 81' lang='lat' dir='ltr'>Legitur</span> <span class='ocrx_word' id='word_1_491' title='bbox 1814 4784 1913 4838; x_wconf 86' lang='grc' dir='ltr'>μου</span> <span class='ocrx_word' id='word_1_492' title='bbox 1947 4763 2029 4820; x_wconf 88' lang='lat' dir='ltr'>in.</span> <span class='ocrx_word' id='word_1_493' title='bbox 2072 4763 2248 4821; x_wconf 90' lang='lat' dir='ltr'>Coisl.</span> 
     </span>
    </p>
   </div>
   <div class='ocr_carea' id='block_1_67' title="bbox 651 4864 826 4905">
    <p class='ocr_par' dir='ltr' id='par_1_67' title="bbox 651 4864 826 4905">
     <span class='ocr_line' id='line_1_68' title="bbox 651 4864 826 4905; baseline -0.006 0"><span class='ocrx_word' id='word_1_494' title='bbox 651 4864 826 4905; x_wconf 81' lang='lat' dir='ltr'>I‘lmO.</span> 
     </span>
    </p>
   </div>
   <div class='ocr_carea' id='block_1_68' title="bbox 606 4865 2249 5044">
    <p class='ocr_par' dir='ltr' id='par_1_68' title="bbox 606 4865 2249 5044">
     <span class='ocr_line' id='line_1_69' title="bbox 606 4865 2249 5044; baseline -0.032 -35"><span class='ocrx_word' id='word_1_495' title='bbox 606 4865 903 5044; x_wconf 46' lang='lat' dir='ltr'>?r€??.&#39;0</span> <span class='ocrx_word' id='word_1_496' title='bbox 957 4913 1303 4987; x_wconf 68' lang='grc' dir='ltr'>παρεκάλεσαν</span> <span class='ocrx_word' id='word_1_497' title='bbox 1370 4911 1454 4967; x_wconf 66' lang='lat' dir='ltr'>Ita</span> <span class='ocrx_word' id='word_1_498' title='bbox 1509 4924 1654 4964; x_wconf 77' lang='lat'>11188.</span> <span class='ocrx_word' id='word_1_499' title='bbox 1720 4924 1849 4964; x_wconf 82' lang='lat' dir='ltr'>sex.</span> <span class='ocrx_word' id='word_1_500' title='bbox 1916 4907 2067 4963; x_wconf 79' lang='lat' dir='ltr'>Editi</span> <span class='ocrx_word' id='word_1_501' title='bbox 2126 4909 2249 4980; x_wconf 84' lang='grc' dir='ltr'>ὅπερ</span> 
     </span>
     <span class='ocr_line' id='line_1_70' title="bbox 610 5010 1001 5044; baseline -0.013 0"><span class='ocrx_word' id='word_1_502' title='bbox 610 5012 701 5044; x_wconf 86' lang='grc' dir='ltr'>εκα</span> <span class='ocrx_word' id='word_1_503' title='bbox 738 5010 850 5044; x_wconf 87' lang='grc' dir='ltr'>εσα.</span> <span class='ocrx_word' id='word_1_504' title='bbox 999 5036 1001 5039; x_wconf 87' lang='grc'>.</span> 
     </span>
    </p>
   </div>
   <div class='ocr_carea' id='block_1_69' title="bbox 610 5010 1001 5046">
    <p class='ocr_par' dir='ltr' id='par_1_69' title="bbox 610 5010 1001 5046">
     <span class='ocr_line' id='line_1_71' title="bbox 610 5010 1001 5046; baseline -0.015 -1"><span class='ocrx_word' id='word_1_505' title='bbox 610 5010 850 5046; x_wconf 74' lang='grc' dir='ltr'>εκαλεσα.</span> <span class='ocrx_word' id='word_1_506' title='bbox 999 5036 1001 5039; x_wconf 91' lang='grc'>.</span> 
     </span>
    </p>
   </div>
   <div class='ocr_carea' id='block_1_70' title="bbox 683 5049 2248 5131">
    <p class='ocr_par' dir='ltr' id='par_1_70' title="bbox 683 5049 2248 5131">
     <span class='ocr_line' id='line_1_72' title="bbox 683 5049 2248 5131; baseline -0.008 -13"><span class='ocrx_word' id='word_1_507' title='bbox 683 5063 795 5131; x_wconf 88' lang='lat'>(78)</span> <span class='ocrx_word' id='word_1_508' title='bbox 826 5063 1134 5131; x_wconf 80' lang='grc' dir='ltr'>Δεχόμενον.</span> <span class='ocrx_word' id='word_1_509' title='bbox 1154 5060 1256 5131; x_wconf 60' lang='lat' dir='ltr'>ita</span> <span class='ocrx_word' id='word_1_510' title='bbox 1283 5053 1465 5131; x_wconf 65' lang='lat' dir='ltr'>Harl,</span> <span class='ocrx_word' id='word_1_511' title='bbox 1501 5051 1649 5131; x_wconf 82' lang='lat' dir='ltr'>Med.</span> <span class='ocrx_word' id='word_1_512' title='bbox 1681 5054 1740 5107; x_wconf 91' lang='lat' dir='ltr'>et</span> <span class='ocrx_word' id='word_1_513' title='bbox 1776 5049 2248 5131; x_wconf 40' lang='lat' dir='ltr'>‘Coisl..pi&#39;imus.</span> 
     </span>
    </p>
   </div>
   <div class='ocr_carea' id='block_1_71' title="bbox 610 5121 2253 5205">
    <p class='ocr_par' dir='ltr' id='par_1_71' title="bbox 610 5121 2253 5205">
     <span class='ocr_line' id='line_1_73' title="bbox 610 5121 2253 5205; baseline -0.01 -13"><span class='ocrx_word' id='word_1_514' title='bbox 610 5121 1093 5205; x_wconf 62' lang='grc' dir='ltr'>Εάὶῐίδεχομὲνην.</span> <span class='ocrx_word' id='word_1_515' title='bbox 1130 5127 1357 5205; x_wconf 80' lang='lat' dir='ltr'>Ibidem</span> <span class='ocrx_word' id='word_1_516' title='bbox 1383 5124 1725 5205; x_wconf 72' lang='grc' dir='ltr'>ἐρωτημάτων</span> <span class='ocrx_word' id='word_1_517' title='bbox 1756 5123 1927 5205; x_wconf 71' lang='lat' dir='ltr'>deest</span> <span class='ocrx_word' id='word_1_518' title='bbox 1964 5121 2031 5205; x_wconf 53' lang='lat' dir='ltr'>in</span> <span class='ocrx_word' id='word_1_519' title='bbox 2073 5121 2253 5205; x_wconf 47' lang='lat' dir='ltr'>R‘egio</span> 
     </span>
    </p>
   </div>
   <div class='ocr_carea' id='block_1_72' title="bbox 654 5192 2249 5267">
    <p class='ocr_par' dir='ltr' id='par_1_72' title="bbox 654 5192 2249 5267">
     <span class='ocr_line' id='line_1_74' title="bbox 654 5192 2249 5267; baseline -0.01 -3"><span class='ocrx_word' id='word_1_520' title='bbox 654 5192 929 5263; x_wconf 41' lang='lat' dir='ltr'>rimo.&#39;l&#39;n‘</span> <span class='ocrx_word' id='word_1_521' title='bbox 950 5216 1073 5257; x_wconf 92' lang='lat' dir='ltr'>uno</span> <span class='ocrx_word' id='word_1_522' title='bbox 1099 5204 1301 5255; x_wconf 87' lang='lat' dir='ltr'>autem</span> <span class='ocrx_word' id='word_1_523' title='bbox 1324 5192 1763 5267; x_wconf 9' lang='lat' dir='ltr'>codice,&#39;rque_m</span> <span class='ocrx_word' id='word_1_524' title='bbox 1788 5195 1929 5250; x_wconf 88' lang='lat' dir='ltr'>citat</span> <span class='ocrx_word' id='word_1_525' title='bbox 1958 5192 2249 5267; x_wconf 82' lang='lat' dir='ltr'>Combef.,</span> 
     </span>
    </p>
   </div>
   <div class='ocr_carea' id='block_1_73' title="bbox 634 5265 2253 5348">
    <p class='ocr_par' dir='ltr' id='par_1_73' title="bbox 634 5265 2253 5348">
     <span class='ocr_line' id='line_1_75' title="bbox 634 5265 2253 5348; baseline -0.014 -12"><span class='ocrx_word' id='word_1_526' title='bbox 634 5280 826 5348; x_wconf 87' lang='lat' dir='ltr'>egitur</span> <span class='ocrx_word' id='word_1_527' title='bbox 855 5274 1011 5334; x_wconf 78' lang='grc' dir='ltr'>ἄλλας</span> <span class='ocrx_word' id='word_1_528' title='bbox 1040 5272 1319 5348; x_wconf 81' lang='grc' dir='ltr'>ἐρωτήσεις</span> <span class='ocrx_word' id='word_1_529' title='bbox 1345 5267 1452 5320; x_wconf 82' lang='grc' dir='ltr'>ἀντ’</span> <span class='ocrx_word' id='word_1_530' title='bbox 1496 5265 1657 5318; x_wconf 77' lang='grc' dir='ltr'>ἄλλων</span> <span class='ocrx_word' id='word_1_531' title='bbox 1690 5265 2055 5340; x_wconf 66' lang='grc' dir='ltr'>ἐρωτημάτων,</span> <span class='ocrx_word' id='word_1_532' title='bbox 2098 5266 2253 5320; x_wconf 82' lang='lat' dir='ltr'>alias</span> 
     </span>
    </p>
   </div>
   <div class='ocr_carea' id='block_1_74' title="bbox 607 5344 1283 5421">
    <p class='ocr_par' dir='ltr' id='par_1_74' title="bbox 607 5344 1283 5421">
     <span class='ocr_line' id='line_1_76' title="bbox 607 5344 1283 5421; baseline -0.016 -14"><span class='ocrx_word' id='word_1_533' title='bbox 607 5344 723 5421; x_wconf 73' lang='lat' dir='ltr'>pro</span> <span class='ocrx_word' id='word_1_534' title='bbox 753 5349 890 5421; x_wconf 74' lang='lat' dir='ltr'>aliis</span> <span class='ocrx_word' id='word_1_535' title='bbox 912 5344 1283 5421; x_wconf 56' lang='lat' dir='ltr'>quaestiones:</span> 
     </span>
    </p>
   </div>
   <div class='ocr_carea' id='block_1_75' title="bbox 686 5406 2250 5491">
    <p class='ocr_par' dir='ltr' id='par_1_75' title="bbox 686 5406 2250 5491">
     <span class='ocr_line' id='line_1_77' title="bbox 686 5406 2250 5491; baseline 0.031 -76"><span class='ocrx_word' id='word_1_536' title='bbox 686 5425 794 5491; x_wconf 63' lang='lat'>(79)</span> <span class='ocrx_word' id='word_1_537' title='bbox 827 5420 885 5473; x_wconf 64' lang='grc' dir='ltr'>Εἰ</span> <span class='ocrx_word' id='word_1_538' title='bbox 920 5406 1052 5491; x_wconf 36' lang='grc' dir='ltr'>,τοὺς</span> <span class='ocrx_word' id='word_1_539' title='bbox 1094 5420 1188 5491; x_wconf 54' lang='grc' dir='ltr'>μή,</span> <span class='ocrx_word' id='word_1_540' title='bbox 1226 5412 1317 5468; x_wconf 88' lang='lat' dir='ltr'>Sic</span> <span class='ocrx_word' id='word_1_541' title='bbox 1352 5425 1466 5480; x_wconf 90' lang='lat' dir='ltr'>Ope</span> <span class='ocrx_word' id='word_1_542' title='bbox 1515 5407 1794 5491; x_wconf 73' lang='lat' dir='ltr'>codicum</span> <span class='ocrx_word' id='word_1_543' title='bbox 1846 5406 2042 5491; x_wconf 60' lang='lat' dir='ltr'>Coisl.,</span> <span class='ocrx_word' id='word_1_544' title='bbox 2076 5407 2250 5476; x_wconf 78' lang='lat' dir='ltr'>Med.,</span> 
     </span>
    </p>
   </div>
   <div class='ocr_carea' id='block_1_76' title="bbox 612 5477 2251 5559">
    <p class='ocr_par' dir='ltr' id='par_1_76' title="bbox 612 5477 2251 5559">
     <span class='ocr_line' id='line_1_78' title="bbox 612 5477 2251 5559; baseline -0.008 -13"><span class='ocrx_word' id='word_1_545' title='bbox 612 5477 851 5549; x_wconf 39' lang='lat' dir='ltr'>Harlfet</span> <span class='ocrx_word' id='word_1_546' title='bbox 865 5490 1027 5559; x_wconf 84' lang='lat' dir='ltr'>Regii</span> <span class='ocrx_word' id='word_1_547' title='bbox 1039 5477 1367 5559; x_wconf 75' lang='lat' dir='ltr'>utriusque</span> <span class='ocrx_word' id='word_1_548' title='bbox 1388 5477 1864 5559; x_wconf 26' lang='lat' dir='ltr'>emen‘davimus,</span> <span class='ocrx_word' id='word_1_549' title='bbox 1879 5478 2045 5552; x_wconf 89' lang='lat' dir='ltr'>quod</span> <span class='ocrx_word' id='word_1_550' title='bbox 2066 5495 2251 5551; x_wconf 86' lang='lat' dir='ltr'>prave</span> 
     </span>
    </p>
   </div>
   <div class='ocr_carea' id='block_1_77' title="bbox 615 5498 1597 5633">
    <p class='ocr_par' dir='ltr' id='par_1_77' title="bbox 615 5498 1597 5633">
     <span class='ocr_line' id='line_1_79' title="bbox 615 5498 1597 5608; baseline -0.018 -58"><span class='ocrx_word' id='word_1_551' title='bbox 615 5498 771 5573; x_wconf 60' lang='lat' dir='ltr'>tiarl.</span> <span class='ocrx_word' id='word_1_552' title='bbox 788 5498 851 5573; x_wconf 34' lang='lat' dir='ltr'>oet</span> <span class='ocrx_word' id='word_1_553' title='bbox 866 5498 1027 5559; x_wconf 79' lang='lat' dir='ltr'>Regii</span> <span class='ocrx_word' id='word_1_554' title='bbox 1056 5498 1367 5608; x_wconf 47' lang='lat' dir='ltr'>utriusque</span> <span class='ocrx_word' id='word_1_555' title='bbox 1388 5498 1597 5569; x_wconf 79' lang='lat' dir='ltr'>emend</span> 
     </span>
     <span class='ocr_line' id='line_1_80' title="bbox 615 5554 1597 5633; baseline -0.012 -14"><span class='ocrx_word' id='word_1_556' title='bbox 615 5578 679 5619; x_wconf 88' lang='lat' dir='ltr'>1n</span> <span class='ocrx_word' id='word_1_557' title='bbox 708 5563 879 5619; x_wconf 78' lang='lat' dir='ltr'>editis</span> <span class='ocrx_word' id='word_1_558' title='bbox 908 5559 1223 5633; x_wconf 84' lang='lat' dir='ltr'>legebatur</span> <span class='ocrx_word' id='word_1_559' title='bbox 1251 5574 1273 5609; x_wconf 85' lang='grc' dir='ltr'>ε</span> <span class='ocrx_word' id='word_1_560' title='bbox 1302 5575 1323 5619; x_wconf 92' lang='grc' dir='ltr'><strong>ς</strong></span> <span class='ocrx_word' id='word_1_561' title='bbox 1350 5572 1471 5616; x_wconf 84' lang='grc' dir='ltr'>τους</span> <span class='ocrx_word' id='word_1_562' title='bbox 1501 5554 1597 5625; x_wconf 79' lang='grc' dir='ltr'>μή.</span> 
     </span>
    </p>
   </div>
   <div class='ocr_carea' id='block_1_78' title="bbox 2346 1793 3861 1879">
    <p class='ocr_par' dir='ltr' id='par_1_78' title="bbox 2346 1793 3861 1879">
     <span class='ocr_line' id='line_1_81' title="bbox 2346 1793 3861 1879; baseline -0.002 -22"><span class='ocrx_word' id='word_1_563' title='bbox 2346 1810 2543 1879; x_wconf 84' lang='grc' dir='ltr'>κρίσεις</span> <span class='ocrx_word' id='word_1_564' title='bbox 2573 1803 2681 1857; x_wconf 81' lang='grc' dir='ltr'>ἀντ’</span> <span class='ocrx_word' id='word_1_565' title='bbox 2720 1803 2881 1855; x_wconf 76' lang='grc' dir='ltr'>ἄλλων</span> <span class='ocrx_word' id='word_1_566' title='bbox 2934 1801 3278 1877; x_wconf 78' lang='grc' dir='ltr'>ἐρωτημάτων</span> <span class='ocrx_word' id='word_1_567' title='bbox 3326 1797 3593 1874; x_wconf 78' lang='grc' dir='ltr'>δεχόμενον</span> <span class='ocrx_word' id='word_1_568' title='bbox 3618 1800 3732 1871; x_wconf 77' lang='grc'>(78),</span> <span class='ocrx_word' id='word_1_569' title='bbox 3760 1793 3861 1871; x_wconf 64' lang='grc' dir='ltr'>μηδὲ</span> 
     </span>
    </p>
   </div>
   <div class='ocr_carea' id='block_1_79' title="bbox 2348 1887 3859 1967">
    <p class='ocr_par' dir='ltr' id='par_1_79' title="bbox 2348 1887 3859 1967">
     <span class='ocr_line' id='line_1_82' title="bbox 2348 1887 3859 1967; baseline -0.009 -19"><span class='ocrx_word' id='word_1_570' title='bbox 2348 1902 2511 1948; x_wconf 87' lang='grc' dir='ltr'>ποιεῖν</span> <span class='ocrx_word' id='word_1_571' title='bbox 2570 1895 2749 1967; x_wconf 84' lang='grc' dir='ltr'>ἐνεργὰ</span> <span class='ocrx_word' id='word_1_572' title='bbox 2799 1896 2867 1945; x_wconf 83' lang='grc' dir='ltr'>τὰ</span> <span class='ocrx_word' id='word_1_573' title='bbox 2915 1897 3217 1965; x_wconf 67' lang='grc' dir='ltr'>σοφίσματα</span> <span class='ocrx_word' id='word_1_574' title='bbox 3270 1900 3369 1944; x_wconf 84' lang='grc' dir='ltr'>τῶν</span> <span class='ocrx_word' id='word_1_575' title='bbox 3422 1893 3534 1943; x_wconf 79' lang='grc' dir='ltr'>ἄνευ</span> <span class='ocrx_word' id='word_1_576' title='bbox 3570 1898 3650 1949; x_wconf 77' lang='grc' dir='ltr'>τῆς</span> <span class='ocrx_word' id='word_1_577' title='bbox 3690 1892 3784 1961; x_wconf 80' lang='grc' dir='ltr'>περὶ</span> <span class='ocrx_word' id='word_1_578' title='bbox 3818 1887 3859 1936; x_wconf 86' lang='grc' dir='ltr'>τὸ</span> 
     </span>
    </p>
   </div>
   <div class='ocr_carea' id='block_1_80' title="bbox 2346 1973 3863 2055">
    <p class='ocr_par' dir='ltr' id='par_1_80' title="bbox 2346 1973 3863 2055">
     <span class='ocr_line' id='line_1_83' title="bbox 2346 1973 3863 2055; baseline -0.008 -18"><span class='ocrx_word' id='word_1_579' title='bbox 2346 1983 2508 2055; x_wconf 85' lang='grc' dir='ltr'>λέγειν</span> <span class='ocrx_word' id='word_1_580' title='bbox 2550 1979 2815 2055; x_wconf 70' lang='grc' dir='ltr'>δυνάμεως</span> <span class='ocrx_word' id='word_1_581' title='bbox 2854 1981 2941 2035; x_wconf 80' lang='grc' dir='ltr'>ἀπ’</span> <span class='ocrx_word' id='word_1_582' title='bbox 2991 1982 3152 2045; x_wconf 70' lang='grc' dir='ltr'>αὐτῆς</span> <span class='ocrx_word' id='word_1_583' title='bbox 3183 1986 3346 2054; x_wconf 87' lang='grc' dir='ltr'>μόνης</span> <span class='ocrx_word' id='word_1_584' title='bbox 3390 1989 3481 2043; x_wconf 83' lang='grc' dir='ltr'>τῆς</span> <span class='ocrx_word' id='word_1_585' title='bbox 3507 1985 3694 2053; x_wconf 83' lang='grc' dir='ltr'>γνώμης</span> <span class='ocrx_word' id='word_1_586' title='bbox 3733 1973 3863 2028; x_wconf 70' lang='grc' dir='ltr'>δεινό-</span> 
     </span>
    </p>
   </div>
   <div class='ocr_carea' id='block_1_81' title="bbox 2349 2070 3866 2144">
    <p class='ocr_par' dir='ltr' id='par_1_81' title="bbox 2349 2070 3866 2144">
     <span class='ocr_line' id='line_1_84' title="bbox 2349 2070 3866 2144; baseline -0.007 -19"><span class='ocrx_word' id='word_1_587' title='bbox 2349 2093 2483 2126; x_wconf 88' lang='grc' dir='ltr'>τατα</span> <span class='ocrx_word' id='word_1_588' title='bbox 2532 2075 2734 2125; x_wconf 86' lang='grc' dir='ltr'>πάντων</span> <span class='ocrx_word' id='word_1_589' title='bbox 2807 2076 2898 2131; x_wconf 79' lang='grc' dir='ltr'>την</span> <span class='ocrx_word' id='word_1_590' title='bbox 2974 2070 3215 2131; x_wconf 76' lang='grc' dir='ltr'>ἀλήθειαν</span> <span class='ocrx_word' id='word_1_591' title='bbox 3297 2072 3713 2144; x_wconf 74' lang='grc' dir='ltr'>κακουργούντων.</span> <span class='ocrx_word' id='word_1_592' title='bbox 3764 2072 3866 2137; x_wconf 86' lang='grc' dir='ltr'>Προ-</span> 
     </span>
    </p>
   </div>
   <div class='ocr_carea' id='block_1_82' title="bbox 2350 2158 3863 2239">
    <p class='ocr_par' dir='ltr' id='par_1_82' title="bbox 2350 2158 3863 2239">
     <span class='ocr_line' id='line_1_85' title="bbox 2350 2158 3863 2239; baseline -0.002 -24"><span class='ocrx_word' id='word_1_593' title='bbox 2350 2168 2515 2216; x_wconf 88' lang='grc' dir='ltr'>ἐτεινα</span> <span class='ocrx_word' id='word_1_594' title='bbox 2550 2166 2651 2239; x_wconf 82' lang='grc' dir='ltr'>γὰρ</span> <span class='ocrx_word' id='word_1_595' title='bbox 2684 2161 2822 2214; x_wconf 84' lang='grc' dir='ltr'>ἁπλᾶ</span> <span class='ocrx_word' id='word_1_596' title='bbox 2863 2166 2953 2214; x_wconf 82' lang='grc' dir='ltr'>καὶ</span> <span class='ocrx_word' id='word_1_597' title='bbox 2988 2171 3123 2234; x_wconf 75' lang='grc' dir='ltr'>σαφῆ</span> <span class='ocrx_word' id='word_1_598' title='bbox 3172 2166 3264 2214; x_wconf 84' lang='grc' dir='ltr'>καὶ</span> <span class='ocrx_word' id='word_1_599' title='bbox 3293 2161 3656 2234; x_wconf 70' lang='grc' dir='ltr'>εὐμνημόνευτα</span> <span class='ocrx_word' id='word_1_600' title='bbox 3684 2158 3863 2231; x_wconf 64' lang='grc' dir='ltr'>ῥήματω</span> 
     </span>
    </p>
   </div>
   <div class='ocr_carea' id='block_1_83' title="bbox 2352 2247 3869 2324">
    <p class='ocr_par' dir='ltr' id='par_1_83' title="bbox 2352 2247 3869 2324">
     <span class='ocr_line' id='line_1_86' title="bbox 2352 2247 3869 2324; baseline -0.013 -11"><span class='ocrx_word' id='word_1_601' title='bbox 2352 2253 2394 2306; x_wconf 82' lang='grc' dir='ltr'>εἰ</span> <span class='ocrx_word' id='word_1_602' title='bbox 2450 2257 2572 2314; x_wconf 76' lang='grc' dir='ltr'>τοὺς</span> <span class='ocrx_word' id='word_1_603' title='bbox 2610 2256 2679 2324; x_wconf 77' lang='grc' dir='ltr'>μὴ</span> <span class='ocrx_word' id='word_1_604' title='bbox 2729 2252 2841 2322; x_wconf 82' lang='grc'>(79)</span> <span class='ocrx_word' id='word_1_605' title='bbox 2882 2247 3201 2323; x_wconf 79' lang='grc' dir='ltr'>δεχομένους</span> <span class='ocrx_word' id='word_1_606' title='bbox 3257 2256 3353 2311; x_wconf 78' lang='grc' dir='ltr'>τὴν</span> <span class='ocrx_word' id='word_1_607' title='bbox 3420 2249 3466 2303; x_wconf 77' lang='grc' dir='ltr'>ἐν</span> <span class='ocrx_word' id='word_1_608' title='bbox 3515 2253 3694 2319; x_wconf 79' lang='grc' dir='ltr'>Νικαίᾳ</span> <span class='ocrx_word' id='word_1_609' title='bbox 3733 2250 3869 2297; x_wconf 74' lang='grc' dir='ltr'>πίστιν</span> 
     </span>
    </p>
   </div>
   <div class='ocr_carea' id='block_1_84' title="bbox 2350 2336 3869 2416">
    <p class='ocr_par' dir='ltr' id='par_1_84' title="bbox 2350 2336 3869 2416">
     <span class='ocr_line' id='line_1_87' title="bbox 2350 2336 3869 2416; baseline -0.009 -21"><span class='ocrx_word' id='word_1_610' title='bbox 2350 2344 2747 2416; x_wconf 81' lang='grc' dir='ltr'>παραιτούμεθα</span> <span class='ocrx_word' id='word_1_611' title='bbox 2804 2341 2874 2404; x_wconf 84' lang='grc' dir='ltr'>εἰς</span> <span class='ocrx_word' id='word_1_612' title='bbox 2930 2345 3214 2408; x_wconf 78' lang='grc' dir='ltr'>κοινωνίαν,</span> <span class='ocrx_word' id='word_1_613' title='bbox 3255 2347 3346 2393; x_wconf 84' lang='grc' dir='ltr'>καὶ</span> <span class='ocrx_word' id='word_1_614' title='bbox 3404 2340 3446 2393; x_wconf 89' lang='grc' dir='ltr'>εἰ</span> <span class='ocrx_word' id='word_1_615' title='bbox 3494 2340 3615 2412; x_wconf 79' lang='grc' dir='ltr'>μετὰ</span> <span class='ocrx_word' id='word_1_616' title='bbox 3658 2343 3739 2388; x_wconf 85' lang='grc' dir='ltr'>τῶν</span> <span class='ocrx_word' id='word_1_617' title='bbox 3784 2336 3869 2383; x_wconf 78' lang='grc' dir='ltr'>κτί-</span> 
     </span>
    </p>
   </div>
   <div class='ocr_carea' id='block_1_85' title="bbox 2354 2424 3871 2505">
    <p class='ocr_par' dir='ltr' id='par_1_85' title="bbox 2354 2424 3871 2505">
     <span class='ocr_line' id='line_1_88' title="bbox 2354 2424 3871 2505; baseline -0.009 -20"><span class='ocrx_word' id='word_1_618' title='bbox 2354 2452 2465 2505; x_wconf 87' lang='grc' dir='ltr'>σμα</span> <span class='ocrx_word' id='word_1_619' title='bbox 2513 2432 2675 2502; x_wconf 83' lang='grc' dir='ltr'>λέγειν</span> <span class='ocrx_word' id='word_1_620' title='bbox 2736 2434 2793 2483; x_wconf 90' lang='grc' dir='ltr'>τὸ</span> <span class='ocrx_word' id='word_1_621' title='bbox 2858 2438 3066 2502; x_wconf 75' lang='grc' dir='ltr'>Πνεῦμα</span> <span class='ocrx_word' id='word_1_622' title='bbox 3119 2434 3177 2482; x_wconf 86' lang='grc' dir='ltr'>τὸ</span> <span class='ocrx_word' id='word_1_623' title='bbox 3233 2430 3382 2503; x_wconf 80' lang='grc' dir='ltr'>ἅγιον</span> <span class='ocrx_word' id='word_1_624' title='bbox 3436 2427 3791 2500; x_wconf 78' lang='grc' dir='ltr'>ἁποτολμὼντων</span> <span class='ocrx_word' id='word_1_625' title='bbox 3831 2424 3871 2473; x_wconf 80' lang='grc' dir='ltr'>τὸ</span> 
     </span>
    </p>
   </div>
   <div class='ocr_carea' id='block_1_86' title="bbox 2353 2513 3873 2596">
    <p class='ocr_par' dir='ltr' id='par_1_86' title="bbox 2353 2513 3873 2596">
     <span class='ocr_line' id='line_1_89' title="bbox 2353 2513 3873 2596; baseline -0.011 -20"><span class='ocrx_word' id='word_1_626' title='bbox 2353 2527 2508 2596; x_wconf 83' lang='grc' dir='ltr'>μέρος</span> <span class='ocrx_word' id='word_1_627' title='bbox 2569 2524 2709 2592; x_wconf 81' lang='grc' dir='ltr'>ἔχειν</span> <span class='ocrx_word' id='word_1_628' title='bbox 2760 2520 2854 2572; x_wconf 82' lang='grc' dir='ltr'>ούκ</span> <span class='ocrx_word' id='word_1_629' title='bbox 2909 2517 3220 2592; x_wconf 81' lang='grc' dir='ltr'>ἀνεχόμεθα.</span> <span class='ocrx_word' id='word_1_630' title='bbox 3263 2519 3323 2571; x_wconf 76' lang='grc' dir='ltr'>Ὀ</span> <span class='ocrx_word' id='word_1_631' title='bbox 3374 2516 3451 2585; x_wconf 72' lang='grc' dir='ltr'>δὲ,</span> <span class='ocrx_word' id='word_1_632' title='bbox 3510 2517 3614 2569; x_wconf 73' lang='grc' dir='ltr'>ἀντὶ</span> <span class='ocrx_word' id='word_1_633' title='bbox 3659 2522 3736 2566; x_wconf 79' lang='grc' dir='ltr'>τοῦ</span> <span class='ocrx_word' id='word_1_634' title='bbox 3780 2513 3873 2585; x_wconf 82' lang='grc' dir='ltr'>πρὸς</span> 
     </span>
    </p>
   </div>
   <div class='ocr_carea' id='block_1_87' title="bbox 2353 2601 3871 2684">
    <p class='ocr_par' dir='ltr' id='par_1_87' title="bbox 2353 2601 3871 2684">
     <span class='ocr_line' id='line_1_90' title="bbox 2353 2601 3871 2684; baseline -0.01 -19"><span class='ocrx_word' id='word_1_635' title='bbox 2353 2615 2473 2672; x_wconf 79' lang='grc' dir='ltr'>ἔπος</span> <span class='ocrx_word' id='word_1_636' title='bbox 2538 2618 2653 2671; x_wconf 86' lang='grc' dir='ltr'>ταῖς</span> <span class='ocrx_word' id='word_1_637' title='bbox 2729 2608 3041 2684; x_wconf 74' lang='grc' dir='ltr'>ἐρωτήσεσιν</span> <span class='ocrx_word' id='word_1_638' title='bbox 3117 2607 3523 2682; x_wconf 79' lang='grc' dir='ltr'>ἀποκρίνασθαι,</span> <span class='ocrx_word' id='word_1_639' title='bbox 3592 2604 3735 2658; x_wconf 84' lang='grc' dir='ltr'>ἐκεῖνα</span> <span class='ocrx_word' id='word_1_640' title='bbox 3783 2601 3871 2671; x_wconf 62' lang='grc' dir='ltr'>ἡμῖν</span> 
     </span>
    </p>
   </div>
   <div class='ocr_carea' id='block_1_88' title="bbox 2356 2688 3872 2776">
    <p class='ocr_par' dir='ltr' id='par_1_88' title="bbox 2356 2688 3872 2776">
     <span class='ocr_line' id='line_1_91' title="bbox 2356 2688 3872 2776; baseline -0.015 -19"><span class='ocrx_word' id='word_1_641' title='bbox 2356 2696 2728 2776; x_wconf 67' lang='grc' dir='ltr'>ἐρραψῴδησεν</span> <span class='ocrx_word' id='word_1_642' title='bbox 2781 2699 2908 2772; x_wconf 75' lang='grc' dir='ltr'>οἷπερ</span> <span class='ocrx_word' id='word_1_643' title='bbox 2955 2696 3262 2761; x_wconf 79' lang='grc' dir='ltr'>ἀπέστειλας</span> <span class='ocrx_word' id='word_1_644' title='bbox 3323 2700 3438 2768; x_wconf 88' lang='grc'>(80)</span> <span class='ocrx_word' id='word_1_645' title='bbox 3473 2719 3484 2730; x_wconf 88' lang='grc'><strong>·</strong></span> <span class='ocrx_word' id='word_1_646' title='bbox 3525 2698 3607 2749; x_wconf 76' lang='grc' dir='ltr'>καὶ</span> <span class='ocrx_word' id='word_1_647' title='bbox 3641 2700 3771 2745; x_wconf 72' lang='grc' dir='ltr'>τοῦτο</span> <span class='ocrx_word' id='word_1_648' title='bbox 3807 2688 3872 2739; x_wconf 62' lang='grc' dir='ltr'>οὐκ</span> 
     </span>
    </p>
   </div>
   <div class='ocr_carea' id='block_1_89' title="bbox 2356 2778 3871 2862">
    <p class='ocr_par' dir='ltr' id='par_1_89' title="bbox 2356 2778 3871 2862">
     <span class='ocr_line' id='line_1_92' title="bbox 2356 2778 3871 2862; baseline -0.007 -20"><span class='ocrx_word' id='word_1_649' title='bbox 2356 2789 2569 2862; x_wconf 72' lang='grc' dir='ltr'>ὠφελείᾳ</span> <span class='ocrx_word' id='word_1_650' title='bbox 2618 2794 2850 2860; x_wconf 79' lang='grc' dir='ltr'>γνώμης,</span> <span class='ocrx_word' id='word_1_651' title='bbox 2905 2790 2969 2847; x_wconf 80' lang='grc' dir='ltr'>ὡς</span> <span class='ocrx_word' id='word_1_652' title='bbox 3020 2788 3080 2838; x_wconf 81' lang='grc' dir='ltr'>οἶν</span> <span class='ocrx_word' id='word_1_653' title='bbox 3120 2807 3190 2858; x_wconf 85' lang='grc' dir='ltr'>τῳ</span> <span class='ocrx_word' id='word_1_654' title='bbox 3252 2784 3407 2851; x_wconf 73' lang='grc' dir='ltr'>δόξαι</span> <span class='ocrx_word' id='word_1_655' title='bbox 3449 2786 3578 2855; x_wconf 73' lang='lat'>(81),</span> <span class='ocrx_word' id='word_1_656' title='bbox 3608 2778 3716 2835; x_wconf 74' lang='grc' dir='ltr'>οὐδὲ</span> <span class='ocrx_word' id='word_1_657' title='bbox 3748 2786 3803 2849; x_wconf 74' lang='grc' dir='ltr'>τῷ</span> <span class='ocrx_word' id='word_1_658' title='bbox 3824 2779 3871 2849; x_wconf 67' lang='grc' dir='ltr'>μή</span> 
     </span>
    </p>
   </div>
   <div class='ocr_carea' id='block_1_90' title="bbox 2359 2867 3873 2951">
    <p class='ocr_par' dir='ltr' id='par_1_90' title="bbox 2359 2867 3873 2951">
     <span class='ocr_line' id='line_1_93' title="bbox 2359 2867 3873 2951; baseline -0.01 -21"><span class='ocrx_word' id='word_1_659' title='bbox 2359 2874 2621 2930; x_wconf 73' lang='grc' dir='ltr'>δύνασθαι</span> <span class='ocrx_word' id='word_1_660' title='bbox 2672 2882 2891 2951; x_wconf 77' lang='grc' dir='ltr'>συνορᾲν</span> <span class='ocrx_word' id='word_1_661' title='bbox 2935 2878 2991 2927; x_wconf 84' lang='grc' dir='ltr'>τὸ</span> <span class='ocrx_word' id='word_1_662' title='bbox 3033 2874 3339 2929; x_wconf 76' lang='grc' dir='ltr'>ἀκόλουθον.</span> <span class='ocrx_word' id='word_1_663' title='bbox 3399 2872 3532 2927; x_wconf 79' lang='grc' dir='ltr'>Ἀλλ’</span> <span class='ocrx_word' id='word_1_664' title='bbox 3587 2873 3727 2925; x_wconf 84' lang='grc' dir='ltr'>ἐκεῖνο</span> <span class='ocrx_word' id='word_1_665' title='bbox 3768 2867 3873 2936; x_wconf 63' lang='grc' dir='ltr'>λογί-</span> 
     </span>
    </p>
   </div>
   <div class='ocr_carea' id='block_1_91' title="bbox 2358 2956 3877 3039">
    <p class='ocr_par' dir='ltr' id='par_1_91' title="bbox 2358 2956 3877 3039">
     <span class='ocr_line' id='line_1_94' title="bbox 2358 2956 3877 3039; baseline -0.011 -19"><span class='ocrx_word' id='word_1_666' title='bbox 2358 2969 2522 3035; x_wconf 77' lang='grc' dir='ltr'>ζεται,</span> <span class='ocrx_word' id='word_1_667' title='bbox 2571 2969 2671 3033; x_wconf 82' lang='grc' dir='ltr'>ὅτι,</span> <span class='ocrx_word' id='word_1_668' title='bbox 2715 2965 3019 3039; x_wconf 80' lang='grc' dir='ltr'>ἀρνούμενος</span> <span class='ocrx_word' id='word_1_669' title='bbox 3068 2967 3156 3037; x_wconf 70' lang='grc' dir='ltr'>μὲν</span> <span class='ocrx_word' id='word_1_670' title='bbox 3206 2968 3357 3037; x_wconf 75' lang='grc' dir='ltr'>ἡμῶν</span> <span class='ocrx_word' id='word_1_671' title='bbox 3401 2968 3492 3023; x_wconf 72' lang='grc' dir='ltr'>τὴν</span> <span class='ocrx_word' id='word_1_672' title='bbox 3534 2966 3774 3038; x_wconf 79' lang='grc' dir='ltr'>πρότασιν,</span> <span class='ocrx_word' id='word_1_673' title='bbox 3799 2956 3877 3013; x_wconf 79' lang='grc' dir='ltr'>τοῖς</span> 
     </span>
    </p>
   </div>
   <div class='ocr_carea' id='block_1_92' title="bbox 2356 3039 3879 3119">
    <p class='ocr_par' dir='ltr' id='par_1_92' title="bbox 2356 3039 3879 3119">
     <span class='ocr_line' id='line_1_95' title="bbox 2356 3039 3879 3119; baseline -0.011 -8"><span class='ocrx_word' id='word_1_674' title='bbox 2356 3058 2495 3118; x_wconf 88' lang='grc' dir='ltr'>λαοῖς</span> <span class='ocrx_word' id='word_1_675' title='bbox 2562 3056 2740 3109; x_wconf 79' lang='grc' dir='ltr'>ἑαυτὸν</span> <span class='ocrx_word' id='word_1_676' title='bbox 2796 3053 3093 3113; x_wconf 77' lang='grc' dir='ltr'>κατάδηλον</span> <span class='ocrx_word' id='word_1_677' title='bbox 3152 3061 3369 3114; x_wconf 78' lang='grc' dir='ltr'>ποιήσει</span> <span class='ocrx_word' id='word_1_678' title='bbox 3416 3076 3429 3088; x_wconf 87' lang='grc'><strong>·</strong></span> <span class='ocrx_word' id='word_1_679' title='bbox 3486 3054 3798 3119; x_wconf 66' lang='grc' dir='ltr'>συντιθέμενος</span> <span class='ocrx_word' id='word_1_680' title='bbox 3839 3039 3879 3095; x_wconf 74' lang='grc' dir='ltr'>δὲ</span> 
     </span>
    </p>
   </div>
   <div class='ocr_carea' id='block_1_93' title="bbox 2358 3134 3877 3222">
    <p class='ocr_par' dir='ltr' id='par_1_93' title="bbox 2358 3134 3877 3222">
     <span class='ocr_line' id='line_1_96' title="bbox 2358 3134 3877 3222; baseline -0.011 -22"><span class='ocrx_word' id='word_1_681' title='bbox 2358 3151 2502 3222; x_wconf 75' lang='grc' dir='ltr'>ἡμῖν,</span> <span class='ocrx_word' id='word_1_682' title='bbox 2555 3156 2649 3207; x_wconf 78' lang='grc' dir='ltr'>τῆς</span> <span class='ocrx_word' id='word_1_683' title='bbox 2706 3165 2995 3219; x_wconf 83' lang='grc' dir='ltr'>μεσότητος</span> <span class='ocrx_word' id='word_1_684' title='bbox 3065 3144 3450 3215; x_wconf 75' lang='grc' dir='ltr'>ἀποστήσεται,</span> <span class='ocrx_word' id='word_1_685' title='bbox 3498 3145 3558 3204; x_wconf 77' lang='grc' dir='ltr'>ἧς</span> <span class='ocrx_word' id='word_1_686' title='bbox 3611 3137 3739 3194; x_wconf 62' lang='grc' dir='ltr'>οὐδὲν</span> <span class='ocrx_word' id='word_1_687' title='bbox 3778 3134 3877 3200; x_wconf 63' lang='grc' dir='ltr'>αὐτῷ</span> 
     </span>
    </p>
   </div>
   <div class='ocr_carea' id='block_1_94' title="bbox 2358 3226 3881 3313">
    <p class='ocr_par' dir='ltr' id='par_1_94' title="bbox 2358 3226 3881 3313">
     <span class='ocr_line' id='line_1_97' title="bbox 2358 3226 3881 3313; baseline -0.006 -23"><span class='ocrx_word' id='word_1_688' title='bbox 2358 3241 2523 3313; x_wconf 82' lang='grc' dir='ltr'>μέχρι</span> <span class='ocrx_word' id='word_1_689' title='bbox 2561 3244 2652 3288; x_wconf 81' lang='grc' dir='ltr'>τοῦ</span> <span class='ocrx_word' id='word_1_690' title='bbox 2692 3244 2779 3287; x_wconf 77' lang='grc' dir='ltr'>νῦν</span> <span class='ocrx_word' id='word_1_691' title='bbox 2831 3238 3003 3307; x_wconf 80' lang='grc' dir='ltr'>γέγονε</span> <span class='ocrx_word' id='word_1_692' title='bbox 3050 3240 3448 3311; x_wconf 87' lang='grc' dir='ltr'>προτιμότερον,</span> <span class='ocrx_word' id='word_1_693' title='bbox 3481 3238 3562 3292; x_wconf 78' lang='grc' dir='ltr'>Μὴ</span> <span class='ocrx_word' id='word_1_694' title='bbox 3606 3235 3753 3284; x_wconf 81' lang='grc' dir='ltr'>τοίνυν</span> <span class='ocrx_word' id='word_1_695' title='bbox 3782 3226 3881 3296; x_wconf 69' lang='grc' dir='ltr'>ἡμᾶς</span> 
     </span>
    </p>
   </div>
   <div class='ocr_carea' id='block_1_95' title="bbox 2360 3316 3877 3400">
    <p class='ocr_par' dir='ltr' id='par_1_95' title="bbox 2360 3316 3877 3400">
     <span class='ocr_line' id='line_1_98' title="bbox 2360 3316 3877 3400; baseline -0.005 -19"><span class='ocrx_word' id='word_1_696' title='bbox 2360 3328 2815 3400; x_wconf 68' lang='grc' dir='ltr'>κατασοφιζέσθω,</span> <span class='ocrx_word' id='word_1_697' title='bbox 2868 3322 3007 3398; x_wconf 69' lang='grc' dir='ltr'>μηδὲ</span> <span class='ocrx_word' id='word_1_698' title='bbox 3058 3328 3191 3397; x_wconf 82' lang='grc' dir='ltr'>μετὰ</span> <span class='ocrx_word' id='word_1_699' title='bbox 3251 3335 3351 3378; x_wconf 85' lang='grc' dir='ltr'>τῶν</span> <span class='ocrx_word' id='word_1_700' title='bbox 3413 3324 3569 3377; x_wconf 80' lang='grc' dir='ltr'>ἄλλων</span> <span class='ocrx_word' id='word_1_701' title='bbox 3599 3325 3678 3373; x_wconf 86' lang='grc' dir='ltr'>καὶ</span> <span class='ocrx_word' id='word_1_702' title='bbox 3719 3316 3877 3373; x_wconf 67' lang='grc' dir='ltr'>τὴνσίῖν</span> 
     </span>
    </p>
   </div>
   <div class='ocr_carea' id='block_1_96' title="bbox 2361 3405 3879 3492">
    <p class='ocr_par' dir='ltr' id='par_1_96' title="bbox 2361 3405 3879 3492">
     <span class='ocr_line' id='line_1_99' title="bbox 2361 3405 3879 3492; baseline -0.024 -2"><span class='ocrx_word' id='word_1_703' title='bbox 2361 3419 2772 3492; x_wconf 80' lang='grc' dir='ltr'>παρακρουέσθω</span> <span class='ocrx_word' id='word_1_704' title='bbox 2812 3422 3059 3489; x_wconf 72' lang='grc' dir='ltr'>φρόνησιν</span> <span class='ocrx_word' id='word_1_705' title='bbox 3094 3437 3107 3449; x_wconf 88' lang='grc'><strong>·</strong></span> <span class='ocrx_word' id='word_1_706' title='bbox 3168 3414 3301 3469; x_wconf 78' lang='grc' dir='ltr'>ἀλλὰ</span> <span class='ocrx_word' id='word_1_707' title='bbox 3342 3419 3586 3487; x_wconf 81' lang='grc' dir='ltr'>σύντομον</span> <span class='ocrx_word' id='word_1_708' title='bbox 3630 3413 3737 3483; x_wconf 69' lang='grc' dir='ltr'>ἡμῖν</span> <span class='ocrx_word' id='word_1_709' title='bbox 3776 3405 3879 3473; x_wconf 68' lang='grc' dir='ltr'>λόγον</span> 
     </span>
    </p>
   </div>
   <div class='ocr_carea' id='block_1_97' title="bbox 2364 3502 3881 3579">
    <p class='ocr_par' dir='ltr' id='par_1_97' title="bbox 2364 3502 3881 3579">
     <span class='ocr_line' id='line_1_100' title="bbox 2364 3502 3881 3579; baseline -0.014 -18"><span class='ocrx_word' id='word_1_710' title='bbox 2364 3506 2719 3562; x_wconf 81' lang='grc' dir='ltr'>ἀποστειλάτω</span> <span class='ocrx_word' id='word_1_711' title='bbox 2762 3510 2891 3579; x_wconf 81' lang='grc' dir='ltr'>πρὸς</span> <span class='ocrx_word' id='word_1_712' title='bbox 2919 3509 2975 3558; x_wconf 85' lang='grc' dir='ltr'>τὸ</span> <span class='ocrx_word' id='word_1_713' title='bbox 3017 3504 3284 3579; x_wconf 80' lang='grc' dir='ltr'>ἐρώτημα,</span> <span class='ocrx_word' id='word_1_714' title='bbox 3328 3507 3358 3565; x_wconf 72' lang='grc' dir='ltr'><strong><em>ἦ</em></strong></span> <span class='ocrx_word' id='word_1_715' title='bbox 3412 3504 3661 3578; x_wconf 84' lang='grc' dir='ltr'>ὁμολογῶν</span> <span class='ocrx_word' id='word_1_716' title='bbox 3703 3502 3781 3554; x_wconf 75' lang='grc' dir='ltr'>τήν</span> <span class='ocrx_word' id='word_1_717' title='bbox 3804 3510 3881 3543; x_wconf 79' lang='grc' dir='ltr'>κοι-</span> 
     </span>
    </p>
   </div>
   <div class='ocr_carea' id='block_1_98' title="bbox 2361 3587 3879 3671">
    <p class='ocr_par' dir='ltr' id='par_1_98' title="bbox 2361 3587 3879 3671">
     <span class='ocr_line' id='line_1_101' title="bbox 2361 3587 3879 3671; baseline -0.012 -20"><span class='ocrx_word' id='word_1_718' title='bbox 2361 3604 2540 3651; x_wconf 89' lang='grc' dir='ltr'>νωνίαν</span> <span class='ocrx_word' id='word_1_719' title='bbox 2584 3600 2709 3671; x_wconf 87' lang='grc' dir='ltr'>πρὸς</span> <span class='ocrx_word' id='word_1_720' title='bbox 2752 3600 2874 3657; x_wconf 80' lang='grc' dir='ltr'>τοὺς</span> <span class='ocrx_word' id='word_1_721' title='bbox 2922 3594 3147 3668; x_wconf 79' lang='grc' dir='ltr'>ἐχθροὺς</span> <span class='ocrx_word' id='word_1_722' title='bbox 3192 3604 3291 3659; x_wconf 81' lang='grc' dir='ltr'>τῆς</span> <span class='ocrx_word' id='word_1_723' title='bbox 3345 3601 3584 3660; x_wconf 87' lang='grc' dir='ltr'>πίστεως,</span> <span class='ocrx_word' id='word_1_724' title='bbox 3628 3593 3653 3651; x_wconf 78' lang='grc' dir='ltr'>ἡ</span> <span class='ocrx_word' id='word_1_725' title='bbox 3694 3587 3879 3663; x_wconf 69' lang='grc' dir='ltr'>ἀρνούμε-</span> 
     </span>
    </p>
   </div>
   <div class='ocr_carea' id='block_1_99' title="bbox 2361 3678 3885 3758">
    <p class='ocr_par' dir='ltr' id='par_1_99' title="bbox 2361 3678 3885 3758">
     <span class='ocr_line' id='line_1_102' title="bbox 2361 3678 3885 3758; baseline -0.014 -17"><span class='ocrx_word' id='word_1_726' title='bbox 2361 3710 2470 3751; x_wconf 88' lang='grc' dir='ltr'>νος.</span> <span class='ocrx_word' id='word_1_727' title='bbox 2540 3688 2654 3739; x_wconf 80' lang='grc' dir='ltr'>Ἐὰν</span> <span class='ocrx_word' id='word_1_728' title='bbox 2711 3694 2878 3739; x_wconf 79' lang='grc' dir='ltr'>ταῦτα</span> <span class='ocrx_word' id='word_1_729' title='bbox 2930 3691 3224 3758; x_wconf 72' lang='grc' dir='ltr'>συμπείσῃς</span> <span class='ocrx_word' id='word_1_730' title='bbox 3270 3686 3450 3753; x_wconf 59' lang='grc' dir='ltr'>αὐτὸν,</span> <span class='ocrx_word' id='word_1_731' title='bbox 3482 3688 3569 3736; x_wconf 75' lang='grc' dir='ltr'>καὶ</span> <span class='ocrx_word' id='word_1_732' title='bbox 3617 3678 3797 3752; x_wconf 60' lang='grc' dir='ltr'>πέμψῃς</span> <span class='ocrx_word' id='word_1_733' title='bbox 3825 3689 3885 3743; x_wconf 72' lang='grc' dir='ltr'>μοι</span> 
     </span>
    </p>
   </div>
   <div class='ocr_carea' id='block_1_100' title="bbox 2364 3761 3888 3851">
    <p class='ocr_par' dir='ltr' id='par_1_100' title="bbox 2364 3761 3888 3851">
     <span class='ocr_line' id='line_1_103' title="bbox 2364 3761 3888 3851; baseline -0.013 -21"><span class='ocrx_word' id='word_1_734' title='bbox 2364 3778 2542 3851; x_wconf 80' lang='grc' dir='ltr'>ὀρθὰς,</span> <span class='ocrx_word' id='word_1_735' title='bbox 2576 3782 2665 3829; x_wconf 82' lang='grc' dir='ltr'>καὶ</span> <span class='ocrx_word' id='word_1_736' title='bbox 2722 3776 2835 3836; x_wconf 82' lang='grc' dir='ltr'>οἵας</span> <span class='ocrx_word' id='word_1_737' title='bbox 2884 3778 3131 3846; x_wconf 73' lang='grc' dir='ltr'>εὔχομαι,</span> <span class='ocrx_word' id='word_1_738' title='bbox 3188 3778 3281 3836; x_wconf 81' lang='grc' dir='ltr'>τὰς</span> <span class='ocrx_word' id='word_1_739' title='bbox 3342 3774 3657 3847; x_wconf 80' lang='grc' dir='ltr'>ἀποκρίσεις·</span> <span class='ocrx_word' id='word_1_740' title='bbox 3688 3767 3769 3839; x_wconf 77' lang='grc' dir='ltr'>ἐγὼ</span> <span class='ocrx_word' id='word_1_741' title='bbox 3815 3761 3888 3832; x_wconf 67' lang='grc' dir='ltr'>εἰμι</span> 
     </span>
    </p>
   </div>
   <div class='ocr_carea' id='block_1_101' title="bbox 2365 3860 3889 3939">
    <p class='ocr_par' dir='ltr' id='par_1_101' title="bbox 2365 3860 3889 3939">
     <span class='ocr_line' id='line_1_104' title="bbox 2365 3860 3889 3939; baseline -0.014 -17"><span class='ocrx_word' id='word_1_742' title='bbox 2365 3872 2390 3922; x_wconf 87' lang='grc' dir='ltr'><strong>ὁ</strong></span> <span class='ocrx_word' id='word_1_743' title='bbox 2434 3872 2501 3921; x_wconf 82' lang='grc' dir='ltr'>τὰ</span> <span class='ocrx_word' id='word_1_744' title='bbox 2541 3872 2758 3920; x_wconf 85' lang='grc' dir='ltr'>κατόπιν</span> <span class='ocrx_word' id='word_1_745' title='bbox 2788 3868 2958 3918; x_wconf 87' lang='grc' dir='ltr'>πάντα</span> <span class='ocrx_word' id='word_1_746' title='bbox 2996 3867 3335 3939; x_wconf 75' lang='grc' dir='ltr'>ἡμαρτηκὼς·</span> <span class='ocrx_word' id='word_1_747' title='bbox 3368 3864 3468 3937; x_wconf 84' lang='grc' dir='ltr'>ἑγώ</span> <span class='ocrx_word' id='word_1_748' title='bbox 3510 3861 3723 3936; x_wconf 77' lang='grc' dir='ltr'>δέχομαι</span> <span class='ocrx_word' id='word_1_749' title='bbox 3760 3860 3889 3906; x_wconf 76' lang='grc' dir='ltr'>πᾶσαν</span> 
     </span>
    </p>
   </div>
   <div class='ocr_carea' id='block_1_102' title="bbox 2364 3946 3892 4027">
    <p class='ocr_par' dir='ltr' id='par_1_102' title="bbox 2364 3946 3892 4027">
     <span class='ocr_line' id='line_1_105' title="bbox 2364 3946 3892 4027; baseline -0.014 -16"><span class='ocrx_word' id='word_1_750' title='bbox 2364 3963 2458 4018; x_wconf 72' lang='grc' dir='ltr'>τήν</span> <span class='ocrx_word' id='word_1_751' title='bbox 2531 3957 2698 4010; x_wconf 83' lang='grc' dir='ltr'>αἰτίαν</span> <span class='ocrx_word' id='word_1_752' title='bbox 2774 3955 2965 4013; x_wconf 73' lang='grc' dir='ltr'>ἐκείνην</span> <span class='ocrx_word' id='word_1_753' title='bbox 3018 3953 3093 4007; x_wconf 74' lang='grc' dir='ltr'>ἐπ’</span> <span class='ocrx_word' id='word_1_754' title='bbox 3149 3955 3397 4027; x_wconf 79' lang='grc' dir='ltr'>ἐμαυτόν·</span> <span class='ocrx_word' id='word_1_755' title='bbox 3454 3956 3566 4007; x_wconf 85' lang='grc' dir='ltr'>τότε</span> <span class='ocrx_word' id='word_1_756' title='bbox 3635 3967 3691 4024; x_wconf 82' lang='grc' dir='ltr'>με</span> <span class='ocrx_word' id='word_1_757' title='bbox 3736 3946 3892 3997; x_wconf 77' lang='grc' dir='ltr'>ἀπαίτει</span> 
     </span>
    </p>
   </div>
   <div class='ocr_carea' id='block_1_103' title="bbox 2365 4034 3893 4120">
    <p class='ocr_par' dir='ltr' id='par_1_103' title="bbox 2365 4034 3893 4120">
     <span class='ocr_line' id='line_1_106' title="bbox 2365 4034 3893 4120; baseline -0.012 -18"><span class='ocrx_word' id='word_1_758' title='bbox 2365 4048 2841 4120; x_wconf 81' lang='grc' dir='ltr'>ταπεινοφροσύνης</span> <span class='ocrx_word' id='word_1_759' title='bbox 2893 4040 3166 4107; x_wconf 78' lang='grc' dir='ltr'>ἐπίδειξιν.</span> <span class='ocrx_word' id='word_1_760' title='bbox 3224 4044 3360 4105; x_wconf 78' lang='grc' dir='ltr'>Ἐως</span> <span class='ocrx_word' id='word_1_761' title='bbox 3408 4040 3459 4096; x_wconf 73' lang='grc' dir='ltr'>δ’</span> <span class='ocrx_word' id='word_1_762' title='bbox 3514 4042 3572 4094; x_wconf 77' lang='grc' dir='ltr'>ἂν</span> <span class='ocrx_word' id='word_1_763' title='bbox 3613 4034 3760 4113; x_wconf 68' lang='grc' dir='ltr'>μηδὲν</span> <span class='ocrx_word' id='word_1_764' title='bbox 3783 4035 3893 4103; x_wconf 72' lang='grc' dir='ltr'>γένη·</span> 
     </span>
    </p>
   </div>
   <div class='ocr_carea' id='block_1_104' title="bbox 2368 4118 3892 4207">
    <p class='ocr_par' dir='ltr' id='par_1_104' title="bbox 2368 4118 3892 4207">
     <span class='ocr_line' id='line_1_107' title="bbox 2368 4118 3892 4207; baseline -0.005 -16"><span class='ocrx_word' id='word_1_765' title='bbox 2368 4158 2454 4191; x_wconf 89' lang='grc' dir='ltr'>ται</span> <span class='ocrx_word' id='word_1_766' title='bbox 2498 4140 2711 4203; x_wconf 87' lang='grc' dir='ltr'>τούτων,</span> <span class='ocrx_word' id='word_1_767' title='bbox 2746 4136 3026 4207; x_wconf 71' lang='grc' dir='ltr'>σύγγνωθι,</span> <span class='ocrx_word' id='word_1_768' title='bbox 3076 4133 3441 4205; x_wconf 76' lang='grc' dir='ltr'>θεοφιλέστατε</span> <span class='ocrx_word' id='word_1_769' title='bbox 3478 4133 3658 4205; x_wconf 83' lang='grc' dir='ltr'>Πάτερ,</span> <span class='ocrx_word' id='word_1_770' title='bbox 3689 4129 3749 4200; x_wconf 69' lang='grc' dir='ltr'>μή</span> <span class='ocrx_word' id='word_1_771' title='bbox 3778 4118 3892 4173; x_wconf 68' lang='grc' dir='ltr'>δυνα·</span> 
     </span>
    </p>
   </div>
   <div class='ocr_carea' id='block_1_105' title="bbox 2368 4210 3895 4302">
    <p class='ocr_par' dir='ltr' id='par_1_105' title="bbox 2368 4210 3895 4302">
     <span class='ocr_line' id='line_1_108' title="bbox 2368 4210 3895 4302; baseline -0.012 -20"><span class='ocrx_word' id='word_1_772' title='bbox 2368 4233 2500 4302; x_wconf 78' lang='grc' dir='ltr'>μένῳ</span> <span class='ocrx_word' id='word_1_773' title='bbox 2558 4228 2684 4299; x_wconf 84' lang='grc' dir='ltr'>μετὰ</span> <span class='ocrx_word' id='word_1_774' title='bbox 2720 4225 3043 4299; x_wconf 76' lang='grc' dir='ltr'>ὑποκρίσεως</span> <span class='ocrx_word' id='word_1_775' title='bbox 3096 4224 3469 4296; x_wconf 80' lang='grc' dir='ltr'>θυσιαστηρίῳ</span> <span class='ocrx_word' id='word_1_776' title='bbox 3519 4226 3646 4275; x_wconf 74' lang='grc' dir='ltr'>Θεοῦ</span> <span class='ocrx_word' id='word_1_777' title='bbox 3690 4210 3895 4288; x_wconf 73' lang='grc' dir='ltr'>παρεστά-</span> 
     </span>
    </p>
   </div>
   <div class='ocr_carea' id='block_1_106' title="bbox 2367 4304 3891 4387">
    <p class='ocr_par' dir='ltr' id='par_1_106' title="bbox 2367 4304 3891 4387">
     <span class='ocr_line' id='line_1_109' title="bbox 2367 4304 3891 4387; baseline -0.025 3"><span class='ocrx_word' id='word_1_778' title='bbox 2367 4338 2453 4369; x_wconf 75' lang='grc' dir='ltr'>ναι</span> <span class='ocrx_word' id='word_1_779' title='bbox 2498 4316 2631 4387; x_wconf 65' lang='grc'>(82)’</span> <span class='ocrx_word' id='word_1_780' title='bbox 2676 4315 2734 4367; x_wconf 70' lang='grc' dir='ltr'>Εἰ</span> <span class='ocrx_word' id='word_1_781' title='bbox 2779 4316 2881 4387; x_wconf 73' lang='grc' dir='ltr'>’γὰρ</span> <span class='ocrx_word' id='word_1_782' title='bbox 2935 4317 3006 4386; x_wconf 78' lang='grc' dir='ltr'>μὴ</span> <span class='ocrx_word' id='word_1_783' title='bbox 3061 4320 3211 4365; x_wconf 72' lang='grc' dir='ltr'>τοῦτο</span> <span class='ocrx_word' id='word_1_784' title='bbox 3256 4311 3569 4385; x_wconf 67' lang='grc' dir='ltr'>ἕφοϐούμην,</span> <span class='ocrx_word' id='word_1_785' title='bbox 3615 4313 3737 4367; x_wconf 84' lang='grc' dir='ltr'>τίνος</span> <span class='ocrx_word' id='word_1_786' title='bbox 3780 4304 3891 4355; x_wconf 66' lang='grc' dir='ltr'>ἕηκεν</span> 
     </span>
    </p>
   </div>
   <div class='ocr_carea' id='block_1_107' title="bbox 2370 4387 3894 4479">
    <p class='ocr_par' dir='ltr' id='par_1_107' title="bbox 2370 4387 3894 4479">
     <span class='ocr_line' id='line_1_110' title="bbox 2370 4387 3894 4479; baseline -0.006 -20"><span class='ocrx_word' id='word_1_787' title='bbox 2370 4406 2588 4479; x_wconf 83' lang='grc' dir='ltr'>ἐμαυτόν</span> <span class='ocrx_word' id='word_1_788' title='bbox 2642 4403 2898 4479; x_wconf 77' lang='grc' dir='ltr'>ἓχωριζον</span> <span class='ocrx_word' id='word_1_789' title='bbox 2948 4402 3228 4468; x_wconf 84' lang='grc' dir='ltr'>Εύίππίου,</span> <span class='ocrx_word' id='word_1_790' title='bbox 3285 4405 3525 4455; x_wconf 87' lang='grc' dir='ltr'>τοιούτου</span> <span class='ocrx_word' id='word_1_791' title='bbox 3582 4402 3665 4472; x_wconf 72' lang='grc' dir='ltr'>μὲν</span> <span class='ocrx_word' id='word_1_792' title='bbox 3720 4396 3775 4447; x_wconf 80' lang='grc' dir='ltr'>τὰ</span> <span class='ocrx_word' id='word_1_793' title='bbox 3816 4387 3894 4457; x_wconf 68' lang='grc' dir='ltr'>περὶ</span> 
     </span>
    </p>
   </div>
   <div class='ocr_carea' id='block_1_108' title="bbox 2370 4485 3895 4568">
    <p class='ocr_par' dir='ltr' id='par_1_108' title="bbox 2370 4485 3895 4568">
     <span class='ocr_line' id='line_1_111' title="bbox 2370 4485 3895 4568; baseline -0.013 -19"><span class='ocrx_word' id='word_1_794' title='bbox 2370 4496 2569 4568; x_wconf 87' lang='grc' dir='ltr'>λόγους,</span> <span class='ocrx_word' id='word_1_795' title='bbox 2597 4496 2843 4546; x_wconf 72' lang='grc' dir='ltr'>τοσοῦτον</span> <span class='ocrx_word' id='word_1_796' title='bbox 2897 4489 2956 4545; x_wconf 67' lang='grc' dir='ltr'>δὲ</span> <span class='ocrx_word' id='word_1_797' title='bbox 3006 4496 3181 4565; x_wconf 82' lang='grc' dir='ltr'>χρόνῳ</span> <span class='ocrx_word' id='word_1_798' title='bbox 3216 4495 3326 4557; x_wconf 82' lang='lat'>(83)</span> <span class='ocrx_word' id='word_1_799' title='bbox 3356 4496 3685 4564; x_wconf 75' lang='grc' dir='ltr'>προήκοντας,</span> <span class='ocrx_word' id='word_1_800' title='bbox 3722 4485 3895 4534; x_wconf 73' lang='grc' dir='ltr'>τοσαῦτα</span> 
     </span>
    </p>
   </div>
   <div class='ocr_carea' id='block_1_109' title="bbox 2374 4559 3896 4659">
    <p class='ocr_par' dir='ltr' id='par_1_109' title="bbox 2374 4559 3896 4659">
     <span class='ocr_line' id='line_1_112' title="bbox 2374 4559 3896 4659; baseline -0.01 -20"><span class='ocrx_word' id='word_1_801' title='bbox 2374 4582 2433 4639; x_wconf 78' lang='grc' dir='ltr'>δὲ</span> <span class='ocrx_word' id='word_1_802' title='bbox 2497 4592 2593 4647; x_wconf 82' lang='grc' dir='ltr'>τῆς</span> <span class='ocrx_word' id='word_1_803' title='bbox 2646 4586 2777 4659; x_wconf 85' lang='grc' dir='ltr'>πρὸς</span> <span class='ocrx_word' id='word_1_804' title='bbox 2826 4585 2960 4655; x_wconf 78' lang='grc' dir='ltr'>ἡμᾶς</span> <span class='ocrx_word' id='word_1_805' title='bbox 2992 4580 3163 4653; x_wconf 81' lang='grc' dir='ltr'>φιλίας</span> <span class='ocrx_word' id='word_1_806' title='bbox 3203 4577 3395 4633; x_wconf 75' lang='grc' dir='ltr'>δίκαια</span> <span class='ocrx_word' id='word_1_807' title='bbox 3433 4582 3731 4651; x_wconf 81' lang='grc' dir='ltr'>κεκτημένου</span> <span class='ocrx_word' id='word_1_808' title='bbox 3757 4589 3769 4640; x_wconf 85' lang='grc'>;</span> <span class='ocrx_word' id='word_1_809' title='bbox 3795 4559 3896 4622; x_wconf 39' lang='lat' dir='ltr'>Elii</span> 
     </span>
    </p>
   </div>
   <div class='ocr_carea' id='block_1_110' title="bbox 2420 4738 3901 4833">
    <p class='ocr_par' dir='ltr' id='par_1_110' title="bbox 2420 4738 3901 4833">
     <span class='ocr_line' id='line_1_113' title="bbox 2420 4738 3901 4833; baseline -0.02 0"><span class='ocrx_word' id='word_1_810' title='bbox 2420 4763 2531 4833; x_wconf 67' lang='grc'>(80)</span> <span class='ocrx_word' id='word_1_811' title='bbox 2546 4762 2706 4832; x_wconf 82' lang='grc' dir='ltr'>Ἀπερ</span> <span class='ocrx_word' id='word_1_812' title='bbox 2735 4759 3060 4833; x_wconf 59' lang='grc' dir='ltr'>ἀπέστειλαςτ</span> <span class='ocrx_word' id='word_1_813' title='bbox 3078 4758 3371 4823; x_wconf 81' lang='lat' dir='ltr'>Quamvis</span> <span class='ocrx_word' id='word_1_814' title='bbox 3388 4758 3520 4814; x_wconf 82' lang='lat' dir='ltr'>haec</span> <span class='ocrx_word' id='word_1_815' title='bbox 3534 4755 3802 4826; x_wconf 86' lang='lat' dir='ltr'>scriptura</span> <span class='ocrx_word' id='word_1_816' title='bbox 3813 4738 3901 4833; x_wconf 52' lang='grc' dir='ltr'>θρὶξ)</span> 
     </span>
    </p>
   </div>
   <div class='ocr_carea' id='block_1_111' title="bbox 2362 4826 3904 4903">
    <p class='ocr_par' dir='ltr' id='par_1_111' title="bbox 2362 4826 3904 4903">
     <span class='ocr_line' id='line_1_114' title="bbox 2362 4826 3904 4903; baseline -0.008 -13"><span class='ocrx_word' id='word_1_817' title='bbox 2362 4826 2729 4890; x_wconf 82' lang='lat' dir='ltr'>Coisliniano</span> <span class='ocrx_word' id='word_1_818' title='bbox 2761 4830 2956 4903; x_wconf 89' lang='lat' dir='ltr'>primo</span> <span class='ocrx_word' id='word_1_819' title='bbox 3005 4830 3246 4892; x_wconf 89' lang='lat' dir='ltr'>nitatur,</span> <span class='ocrx_word' id='word_1_820' title='bbox 3276 4843 3393 4885; x_wconf 89' lang='lat' dir='ltr'>nec</span> <span class='ocrx_word' id='word_1_821' title='bbox 3440 4834 3692 4903; x_wconf 82' lang='lat' dir='ltr'>statuere</span> <span class='ocrx_word' id='word_1_822' title='bbox 3711 4826 3904 4903; x_wconf 41' lang='lat' dir='ltr'>.posslm</span> 
     </span>
    </p>
   </div>
   <div class='ocr_carea' id='block_1_112' title="bbox 2362 4895 3907 4971">
    <p class='ocr_par' dir='ltr' id='par_1_112' title="bbox 2362 4895 3907 4971">
     <span class='ocr_line' id='line_1_115' title="bbox 2362 4895 3907 4971; baseline -0.01 -10"><span class='ocrx_word' id='word_1_823' title='bbox 2362 4920 2441 4961; x_wconf 92' lang='lat' dir='ltr'>an</span> <span class='ocrx_word' id='word_1_824' title='bbox 2473 4906 2532 4960; x_wconf 92' lang='lat' dir='ltr'>in</span> <span class='ocrx_word' id='word_1_825' title='bbox 2564 4905 2696 4960; x_wconf 89' lang='lat' dir='ltr'>aliis</span> <span class='ocrx_word' id='word_1_826' title='bbox 2718 4895 3011 4971; x_wconf 75' lang='lat' dir='ltr'>occurrat,</span> <span class='ocrx_word' id='word_1_827' title='bbox 3033 4917 3168 4957; x_wconf 86' lang='lat' dir='ltr'>eam</span> <span class='ocrx_word' id='word_1_828' title='bbox 3194 4906 3401 4956; x_wconf 88' lang='lat' dir='ltr'>tamen</span> <span class='ocrx_word' id='word_1_829' title='bbox 3428 4916 3551 4956; x_wconf 91' lang='lat' dir='ltr'>non</span> <span class='ocrx_word' id='word_1_830' title='bbox 3587 4895 3776 4971; x_wconf 81' lang='lat' dir='ltr'>dubito</span> <span class='ocrx_word' id='word_1_831' title='bbox 3797 4898 3907 4971; x_wconf 43' lang='lat' dir='ltr'>pri?-</span> 
     </span>
    </p>
   </div>
   <div class='ocr_carea' id='block_1_113' title="bbox 2361 4960 3906 5043">
    <p class='ocr_par' dir='ltr' id='par_1_113' title="bbox 2361 4960 3906 5043">
     <span class='ocr_line' id='line_1_116' title="bbox 2361 4960 3906 5043; baseline -0.013 -10"><span class='ocrx_word' id='word_1_832' title='bbox 2361 4977 2678 5033; x_wconf 90' lang='lat' dir='ltr'>ferendam</span> <span class='ocrx_word' id='word_1_833' title='bbox 2700 4990 2835 5030; x_wconf 90' lang='lat' dir='ltr'>esse</span> <span class='ocrx_word' id='word_1_834' title='bbox 2856 4960 3116 5037; x_wconf 62' lang='lat' dir='ltr'>vulgata</span> <span class='ocrx_word' id='word_1_835' title='bbox 3148 4972 3489 5033; x_wconf 69' lang='grc' dir='ltr'>ἓπειστετλας,</span> <span class='ocrx_word' id='word_1_836' title='bbox 3507 4985 3637 5043; x_wconf 64' lang='lat' dir='ltr'>qua?</span> <span class='ocrx_word' id='word_1_837' title='bbox 3658 4960 3906 5043; x_wconf 53' lang='lat' dir='ltr'>scﬁpsisti.</span> 
     </span>
    </p>
   </div>
   <div class='ocr_carea' id='block_1_114' title="bbox 2433 5036 3903 5118">
    <p class='ocr_par' dir='ltr' id='par_1_114' title="bbox 2433 5036 3903 5118">
     <span class='ocr_line' id='line_1_117' title="bbox 2433 5036 3903 5118; baseline -0.015 -14"><span class='ocrx_word' id='word_1_838' title='bbox 2433 5050 2544 5118; x_wconf 76' lang='grc'>(81)</span> <span class='ocrx_word' id='word_1_839' title='bbox 2585 5047 2666 5107; x_wconf 77' lang='grc' dir='ltr'>Ὠς</span> <span class='ocrx_word' id='word_1_840' title='bbox 2698 5048 2758 5098; x_wconf 81' lang='grc' dir='ltr'>οἷν</span> <span class='ocrx_word' id='word_1_841' title='bbox 2785 5065 2856 5117; x_wconf 81' lang='grc' dir='ltr'>τῳ</span> <span class='ocrx_word' id='word_1_842' title='bbox 2887 5036 3082 5118; x_wconf 39' lang='grc' dir='ltr'>δόξαιη</span> <span class='ocrx_word' id='word_1_843' title='bbox 3118 5047 3201 5118; x_wconf 64' lang='lat' dir='ltr'>lla</span> <span class='ocrx_word' id='word_1_844' title='bbox 3240 5043 3427 5118; x_wconf 33' lang='lat' dir='ltr'>Harl?</span> <span class='ocrx_word' id='word_1_845' title='bbox 3458 5036 3650 5118; x_wconf 12' lang='lat' dir='ltr'>Vni-ecl”</span> <span class='ocrx_word' id='word_1_846' title='bbox 3702 5036 3903 5118; x_wconf 63' lang='lat' dir='ltr'>glarom.</span> 
     </span>
    </p>
   </div>
   <div class='ocr_carea' id='block_1_115' title="bbox 2361 5105 3842 5182">
    <p class='ocr_par' dir='ltr' id='par_1_115' title="bbox 2361 5105 3842 5182">
     <span class='ocr_line' id='line_1_118' title="bbox 2361 5105 3842 5182; baseline -0.01 -7"><span class='ocrx_word' id='word_1_847' title='bbox 2361 5124 2418 5175; x_wconf 89' lang='lat' dir='ltr'>et</span> <span class='ocrx_word' id='word_1_848' title='bbox 2437 5105 2546 5174; x_wconf 47' lang='lat' dir='ltr'>‘alii</span> <span class='ocrx_word' id='word_1_849' title='bbox 2579 5135 2615 5175; x_wconf 90' lang='lat' dir='ltr'>a</span> <span class='ocrx_word' id='word_1_850' title='bbox 2645 5105 3005 5173; x_wconf 75' lang='lat' dir='ltr'>Combeﬁsio</span> <span class='ocrx_word' id='word_1_851' title='bbox 3036 5115 3215 5171; x_wconf 85' lang='lat' dir='ltr'>citati.</span> <span class='ocrx_word' id='word_1_852' title='bbox 3252 5105 3510 5175; x_wconf 28' lang='lat' dir='ltr'>Editi’a&#39;n;</span> <span class='ocrx_word' id='word_1_853' title='bbox 3537 5112 3671 5182; x_wconf 79' lang='grc' dir='ltr'>αύτῷ</span> <span class='ocrx_word' id='word_1_854' title='bbox 3699 5105 3842 5182; x_wconf 57' lang='grc' dir='ltr'>δρξαι.</span> 
     </span>
    </p>
   </div>
   <div class='ocr_carea' id='block_1_116' title="bbox 2434 5178 3907 5262">
    <p class='ocr_par' dir='ltr' id='par_1_116' title="bbox 2434 5178 3907 5262">
     <span class='ocr_line' id='line_1_119' title="bbox 2434 5178 3907 5262; baseline -0.017 -9"><span class='ocrx_word' id='word_1_855' title='bbox 2434 5194 2541 5259; x_wconf 80' lang='grc'>(82)</span> <span class='ocrx_word' id='word_1_856' title='bbox 2584 5191 2931 5262; x_wconf 71' lang='grc' dir='ltr'>Παρεστάναι.</span> <span class='ocrx_word' id='word_1_857' title='bbox 2958 5192 3054 5262; x_wconf 62' lang='grc' dir='ltr'>Διῐίλ</span> <span class='ocrx_word' id='word_1_858' title='bbox 3084 5185 3257 5262; x_wconf 62' lang='lat' dir='ltr'>Coislf</span> <span class='ocrx_word' id='word_1_859' title='bbox 3294 5186 3544 5262; x_wconf 77' lang='lat' dir='ltr'>primus</span> <span class='ocrx_word' id='word_1_860' title='bbox 3565 5190 3618 5239; x_wconf 91' lang='lat' dir='ltr'>et</span> <span class='ocrx_word' id='word_1_861' title='bbox 3643 5178 3780 5237; x_wconf 86' lang='lat' dir='ltr'>Harl.</span> <span class='ocrx_word' id='word_1_862' title='bbox 3804 5181 3907 5262; x_wconf 44' lang='lat' dir='ltr'>c931}</span> 
     </span>
    </p>
   </div>
   <div class='ocr_carea' id='block_1_117' title="bbox 2361 5242 3906 5331">
    <p class='ocr_par' dir='ltr' id='par_1_117' title="bbox 2361 5242 3906 5331">
     <span class='ocr_line' id='line_1_120' title="bbox 2361 5242 3906 5331; baseline -0.015 -14"><span class='ocrx_word' id='word_1_863' title='bbox 2361 5242 2604 5318; x_wconf 52' lang='lat' dir='ltr'>duob&#39;us</span> <span class='ocrx_word' id='word_1_864' title='bbox 2637 5242 2788 5317; x_wconf 73' lang='lat' dir='ltr'>aliis.</span> <span class='ocrx_word' id='word_1_865' title='bbox 2822 5242 2983 5315; x_wconf 83' lang='lat' dir='ltr'>Editi</span> <span class='ocrx_word' id='word_1_866' title='bbox 3004 5242 3367 5331; x_wconf 68' lang='grc' dir='ltr'>παριστάναι.</span> <span class='ocrx_word' id='word_1_867' title='bbox 3403 5255 3621 5327; x_wconf 80' lang='lat' dir='ltr'>Regius</span> <span class='ocrx_word' id='word_1_868' title='bbox 3654 5242 3906 5308; x_wconf 85' lang='lat' dir='ltr'>secundus</span> 
     </span>
    </p>
   </div>
   <div class='ocr_carea' id='block_1_118' title="bbox 2361 5330 3362 5405">
    <p class='ocr_par' dir='ltr' id='par_1_118' title="bbox 2361 5330 3362 5405">
     <span class='ocr_line' id='line_1_121' title="bbox 2361 5330 3362 5405; baseline -0.008 -15"><span class='ocrx_word' id='word_1_869' title='bbox 2361 5338 2419 5389; x_wconf 87' lang='lat' dir='ltr'>et</span> <span class='ocrx_word' id='word_1_870' title='bbox 2439 5334 2611 5390; x_wconf 88' lang='lat' dir='ltr'>Coisl.</span> <span class='ocrx_word' id='word_1_871' title='bbox 2646 5332 2948 5388; x_wconf 87' lang='lat' dir='ltr'>secundus</span> <span class='ocrx_word' id='word_1_872' title='bbox 2979 5330 3362 5405; x_wconf 38' lang='lat' dir='ltr'>taeter-adﬂat.</span> 
     </span>
    </p>
   </div>
   <div class='ocr_carea' id='block_1_119' title="bbox 2432 5385 3911 5475">
    <p class='ocr_par' dir='ltr' id='par_1_119' title="bbox 2432 5385 3911 5475">
     <span class='ocr_line' id='line_1_122' title="bbox 2432 5385 3911 5475; baseline -0.015 -11"><span class='ocrx_word' id='word_1_873' title='bbox 2432 5385 2891 5475; x_wconf 55' lang='lat' dir='ltr'>(§§)&quot;X,o}s$2,.;&quot;ita</span> <span class='ocrx_word' id='word_1_874' title='bbox 2911 5385 3029 5475; x_wconf 85' lang='lat' dir='ltr'>tres</span> <span class='ocrx_word' id='word_1_875' title='bbox 3049 5385 3443 5475; x_wconf 65' lang='lat' dir='ltr'>vetustissimi</span> <span class='ocrx_word' id='word_1_876' title='bbox 3466 5398 3717 5475; x_wconf 82' lang='lat' dir='ltr'>codices.</span> <span class='ocrx_word' id='word_1_877' title='bbox 3731 5385 3911 5475; x_wconf 46' lang='lat' dir='ltr'>mellitis</span> 
     </span>
    </p>
   </div>
   <div class='ocr_carea' id='block_1_120' title="bbox 2362 5458 3913 5558">
    <p class='ocr_par' dir='ltr' id='par_1_120' title="bbox 2362 5458 3913 5558">
     <span class='ocr_line' id='line_1_123' title="bbox 2362 5458 3913 5558; baseline -0.012 -27"><span class='ocrx_word' id='word_1_878' title='bbox 2580 5458 2718 5558; x_wconf 66' lang='lat' dir='ltr'>editi</span> <span class='ocrx_word' id='word_1_879' title='bbox 2736 5461 2951 5558; x_wconf 49' lang='grc' dir='ltr'>χρόνον.</span> <span class='ocrx_word' id='word_1_880' title='bbox 2977 5474 3208 5531; x_wconf 82' lang='lat' dir='ltr'>Ibidem</span> <span class='ocrx_word' id='word_1_881' title='bbox 3232 5471 3379 5529; x_wconf 80' lang='lat' dir='ltr'>editi</span> <span class='ocrx_word' id='word_1_882' title='bbox 3399 5479 3496 5532; x_wconf 81' lang='grc' dir='ltr'>τῆς</span> <span class='ocrx_word' id='word_1_883' title='bbox 3513 5472 3628 5544; x_wconf 83' lang='grc' dir='ltr'>περὶ</span> <span class='ocrx_word' id='word_1_884' title='bbox 3648 5469 3790 5537; x_wconf 76' lang='grc' dir='ltr'>ἡμᾶς.</span> <span class='ocrx_word' id='word_1_885' title='bbox 3811 5459 3913 5514; x_wconf 71' lang='lat' dir='ltr'>MSS-</span> 
     </span>
    </p>
   </div>
   <div class='ocr_carea' id='block_1_121' title="bbox 2363 5551 2860 5606">
    <p class='ocr_par' dir='ltr' id='par_1_121' title="bbox 2363 5551 2860 5606">
     <span class='ocr_line' id='line_1_124' title="bbox 2363 5551 2860 5606; baseline 0.002 -2"><span class='ocrx_word' id='word_1_886' title='bbox 2363 5562 2467 5605; x_wconf 79' lang='lat' dir='ltr'>sex</span> <span class='ocrx_word' id='word_1_887' title='bbox 2496 5551 2561 5606; x_wconf 89' lang='lat' dir='ltr'>ut</span> <span class='ocrx_word' id='word_1_888' title='bbox 2588 5551 2652 5605; x_wconf 89' lang='lat' dir='ltr'>in</span> <span class='ocrx_word' id='word_1_889' title='bbox 2674 5551 2860 5606; x_wconf 83' lang='lat' dir='ltr'>textu.</span> 
     </span>
    </p>
   </div>
  </div>
