4054 6204
180 274 258 333 551

1096 272 1584 331 EPISTOLARUM
1619 268 1904 330 CLASSIS
1940 268 2011 325 II.
2050 270 2267 329 EPIST.
2302 272 2526 333 CXXIX.

3400 277 3504 337 558

179 399 319 451 ἐκεῖνα
342 395 501 456 καλῶς
528 399 619 447 καὶ
644 398 1019 469 προσηκόντως
1042 397 1170 472 ὑπὲρ
1198 406 1260 457 τῆ
1275 418 1295 459 ς
1316 396 1560 459 ἀληθείας
1586 396 1741 471 ἐπρά-

1852 397 1929 463 et,
1961 397 2027 450 ut
2056 410 2167 467 par
2196 401 2341 464 erat,
2375 412 2485 470 pro
2534 398 2783 456 veritate
2833 399 3154 470 gessimus,
3180 400 3504 461 ridiculum

178 490 327 560 ξαμεν,
351 485 538 557 γελοῖον
568 481 745 543 δήπου
775 494 886 549 τοῖς
912 489 978 539 τὰ
1020 487 1149 540 αὐτὰ
1195 486 1368 560 ἐκείνῳ
1405 487 1618 559 λέγουσι
1648 483 1743 539 διὰ

177 588 256 638 τῆς
278 585 367 630 τῶν
394 575 587 648 εὐφυῶν
620 578 813 628 τούτων
842 582 932 629 καὶ
980 582 1266 652 χαριέντων
1307 583 1597 651 μεσότητος
1626 578 1740 649 (84)

179 672 521 739 συναπτόμενον
551 668 847 738 φαίνεσθαι.

234 762 283 812 3.
312 756 379 807 Οὐ
402 759 500 827 μὴν
522 751 647 807 οὐδε
664 756 921 817 παντελῶς
942 775 1029 826 μοι
1059 753 1207 810 δοκεῖ
1223 765 1322 809 τῶν
1344 761 1415 830 μὴ
1441 753 1738 829 δεχομένων

174 850 256 903 τὴν
275 850 433 897 πίστιν
460 843 760 917 ἀλλοτριοῦν
790 845 1023 917 ἑαυτοὺς,
1076 845 1203 899 ἀλλὰ
1250 847 1583 905 ποιήσασθαί
1622 865 1741 897 τινα

173 944 262 987 τῶν
282 932 465 1006 ἀνδρῶν
493 932 782 1006 ἐπιμέλειαν
952 938 1085 989 κατὰ
1112 941 1228 997 τοὺς
1248 936 1503 997 παλαιοὺς
1520 937 1740 1007 θεσμοὺς

175 1032 261 1085 τῆς
289 1022 494 1095 ἀγάπης,
538 1028 630 1076 καὶ
661 1022 947 1076 ἐπιστεῖλαι
976 1025 1153 1087 αὐτοῖς
1202 1024 1302 1079 ἀπὸ
1347 1031 1467 1098 μιᾶς
1504 1030 1732 1097 γνώμης,

168 1119 323 1165 πᾶσαν
349 1112 672 1187 παράκλησιν
703 1114 810 1186 μετ’
837 1113 1223 1186 εὐσπλαγχνίας
1240 1118 1625 1190 προσάγοντας,
1650 1118 1737 1166 καὶ

168 1208 246 1259 τὴν
270 1212 360 1255 τῶν
385 1208 623 1276 Πατέρων
667 1207 848 1254 πίστιν
892 1210 1329 1278 προτεινομένους,
1361 1204 1735 1277 προκαλεῖσθαι

166 1291 330 1352 αὐτοὺς
356 1291 419 1351 εἰς
453 1294 733 1363 συνάφειαν
762 1312 776 1327 ο
805 1291 901 1343 κᾶν
927 1296 1017 1365 μεν
1045 1298 1323 1367 πείσωμεν,
1352 1303 1536 1355 κοινῶς
1557 1293 1733 1354 αὐτοῖς

166 1381 382 1439 ἑδωθῆναι
401 1403 413 1415 ·
434 1380 522 1432 ἐὰν
545 1378 581 1433 δ
584 1384 606 1433 ε
626 1380 995 1455 ἀποτύχωμεν,
1016 1381 1293 1456 ἀρκεῖσθαι
1310 1386 1449 1457 ἡμᾶς
1470 1382 1727 1448 ἀλλήλοις,

164 1471 233 1519 τόν
261 1464 315 1520 οη
333 1467 788 1543 ἐπαμφοτερισμὸν
817 1478 997 1522 τοῦτον
1025 1469 1257 1544 ἐξορίσαι
1281 1480 1373 1523 τον
1404 1473 1583 1537 ἤθους,
1608 1470 1729 1522 ἀνα-

160 1556 373 1617 λαϐόντας
401 1563 499 1616 τήν
531 1558 871 1630 ὠαγγελικήν
898 1565 989 1613 καὶ
1018 1557 1206 1614 ἄδολον
1226 1561 1507 1627 πολιτείαν,
1589 1565 1729 1615 συνὲ-

163 1648 245 1706 ζων
269 1650 314 1699 οι
335 1648 388 1709 ἐξ
414 1656 595 1718 αρχῆς
620 1649 989 1723 προσελθόντες
1015 1660 1088 1722 τῷ
1117 1650 1270 1723 λόγῳ.
1303 1652 1399 1703 Ἦν
1427 1653 1551 1723 γὰρ,
1576 1656 1726 1724 φησι,

1851 485 2060 557 utique
2091 484 2267 542 fuerit
2290 502 2431 543 cum
2465 486 2559 557 iis,
2620 488 2724 559 qui
2772 490 2987 547 eadem
3028 506 3101 547 ac
3148 490 3243 549 ille
3271 491 3499 563 dicunt,

1849 589 1957 646 per
1984 573 2173 629 hosce
2204 575 2531 647 perpolitos
2561 591 2630 632 ac
2649 574 2885 649 lepidos
2915 579 3213 651 homines,
3236 581 3343 654 qui
3370 597 3501 641 me-

1848 663 1933 719 dii
1961 663 2261 735 videntur,
2299 664 2693 735 conjunctum
2728 666 2931 723 videri.

1920 758 1971 809 3.
2005 756 2133 810 Non
2166 758 2370 810 tamen
2401 754 2549 812 mihi
2577 755 2828 813 omnino
2870 756 3215 817 faciendum
3240 760 3497 832 videtur,

1848 847 1915 899 ut
1940 858 2051 899 nos
2082 843 2159 898 ab
2188 842 2303 911 his,
2328 843 2434 915 qui
2462 843 2647 901 ﬁdem
2665 860 2790 901 non
2811 846 3122 918 recipiunt,
3145 848 3496 921 alienemus,

1849 932 1959 988 sed
1979 937 2043 988 ut
2070 932 2337 1004 aliquam
2358 932 2601 989 illorum
2624 949 2833 991 curam
2855 935 3190 992 secundum
3217 937 3497 1011 antiquas

1848 1021 2152 1078 charitatis
2180 1021 2343 1090 leges
2370 1022 2798 1093 suscipiamus,
2829 1024 3008 1096 220
3038 1023 3312 1097 ipsisque
3355 1028 3495 1088 sori-

1843 1110 2063 1167 bamus
2088 1110 2361 1167 unanimi
2388 1126 2713 1179 consensu,
2747 1127 2993 1169 omnem
3017 1113 3495 1175 consolationem

1844 1217 1982 1256 cum
2012 1199 2437 1256 misericordiae
2465 1200 2797 1257 visceribus
2839 1201 3222 1269 adhibentes,
3260 1219 3331 1262 ac
3381 1206 3495 1264 Pa-

1844 1296 2001 1347 trum
2028 1288 2337 1361 proposita
2354 1288 2475 1344 fide
2501 1290 2577 1345 ad
2602 1290 3096 1348 communionem
3123 1292 3257 1350 illos
3278 1309 3497 1366 provo-

1843 1396 2085 1449 cemus;
2118 1395 2189 1435 ac
2220 1379 2269 1434 si
2312 1394 2415 1434 eos
2446 1378 2693 1450 quidem
2720 1378 2798 1435 ad
2828 1380 3282 1439 assentiendum
3302 1384 3496 1442 addu-

1840 1470 2127 1537 xerimus,
2150 1484 2261 1524 nos
2287 1467 2688 1524 communiter
2705 1484 2841 1524 cum
2864 1467 2978 1524 illis
2999 1470 3134 1540 conj
3146 1486 3449 1541 ungamus
3472 1492 3485 1543 ;

1841 1560 1931 1616 sin
1961 1563 2165 1615 autem
2211 1556 2273 1613 id
2318 1572 2441 1612 non
2472 1572 2893 1628 assequamur,
2953 1558 3132 1614 nobis
3172 1560 3324 1617 inter
3375 1577 3488 1619 nos

1839 1647 2101 1706 contenti
2143 1647 2350 1712 simus,
2391 1650 2449 1701 et
2495 1645 2893 1703 alternantem
2931 1646 3102 1704 illum
3141 1648 3414 1707 animum
3452 1666 3486 1710 θ

158 1744 240 1787 τῶν
268 1738 656 1789 πιστευσάντων
687 1736 886 1813 καρδία
914 1744 1003 1791 καὶ
1032 1739 1187 1811 ψυχὴ
1220 1744 1334 1812 μία.
1371 1740 1485 1793 Ἐὰν
1515 1745 1605 1814 μὲν
1642 1737 1728 1792 οὖν

1852 1738 2057 1796 nostris
2086 1735 2357 1792 moribus
2390 1750 2805 1805 amoveamus,
2841 1742 3192 1794 revocantes
3239 1753 3491 1812 evange-

160 1827 384 1877 πεισῡὼσί
418 1845 527 1893 σοι,
562 1834 731 1879 ταῦτα
761 1830 986 1900 ἄρισται
1018 1829 1059 1881 εἰ
1090 1826 1149 1881 de
1178 1834 1275 1901 μὴ,
1300 1836 1590 1905 γνωρίσατε
1610 1834 1730 1891 τοὺς

158 1915 524 1987 mimorum-9g,
550 1922 639 1968 καὶ
666 1920 943 1972 παύσασθε
972 1921 1096 1991 ἡμῖν
1127 1926 1217 1971 τοῦ
1237 1918 1419 1972 λοιποῦ
1441 1926 1557 1995 περὶ
1589 1917 1732 1973 διαλ-

154 2003 299 2077 λαγῶν
324 2004 722 2069 ἑπιστελλοντεςο

662 2399 999 2447 ΕΠΙΣΤΟΛΠ
1031 2399 1157 2448 PKQ
1181 2437 1195 2452 .

1838 1830 2017 1885 licam
2063 1832 2119 1882 et
2148 1825 2267 1881 doli
2302 1830 2607 1896 expertem
2644 1823 3051 1896 disciplinam,
3078 1826 3140 1883 in
3178 1842 3305 1899 qua
3332 1829 3490 1886 vive-

1838 1918 1989 1974 bant
2008 1915 2111 1988 qui
2134 1914 2212 1971 ab
2237 1912 2402 1969 initio
2425 1912 2797 1969 accedebant
2816 1913 2895 1970 ad
2915 1913 3123 1973 ﬁdem.
3137 1917 3286 1975 Erat
3309 1919 3487 1986 enim,

1839 2007 2053 2079 inquit,
2084 2004 2453 2061 credentium
2483 2017 2590 2059 cor
2614 2017 2801 2060 unum
2825 2010 2878 2059 et
2906 2005 3113 2062 anima
3133 2020 3257 2065 una
3285 2007 3351 2062 ιτ.
3379 2009 3489 2066 lta-

1841 2112 1958 2169 que
1989 2094 2095 2151 tibi
2139 2092 2189 2148 si
2225 2090 2713 2163 auscultaverint,
2756 2091 2821 2149 id
2867 2092 3167 2164 optimum
3216 2099 3338 2164 est;
3394 2095 3491 2153 sin

1842 2186 2065 2251 minus,
2098 2181 2410 2253 agnoscite
2453 2179 2597 2237 belli
2644 2184 2944 2247 auctores,
2984 2197 3055 2239 ac
3095 2183 3384 2257 deinceps
3414 2184 3491 2245 de

1842 2273 2329 2334 reconciliatione
2356 2270 2437 2328 ad
2465 2286 2579 2327 nos
2612 2270 2841 2329 litteras
2869 2271 3016 2330 dare
3040 2272 3322 2334 desinite.

2370 2387 2699 2443 EPISTOLA
2722 2388 2968 2442 CXXIX'.

155 2480 329 2549 Ite/ert
357 2483 633 2556 Basilius
660 2483 989 2538 absurdum
1019 2484 1322 2555 quoddam
1353 2486 1706 2556 Apolinarii
1733 2484 2154 2546 testimonium,
2185 2482 2361 2556 cujus
2385 2483 2450 2533 ut
2483 2482 2697 2556 auctor
2722 2477 2850 2556 ipse
2894 2478 3167 2535 Basilius
3192 2480 3497 2537 existima-

216 2559 379 2617 retur,
410 2554 732 2609 Sebasteni
755 2556 1001 2624 fuerant
1028 2554 1384 2613 machinati.
1408 2554 1685 2615 Nuntiat

1715 2576 1851 2633 qua:
1874 2559 1947 2614 de
1975 2551 2460 2633 seapudnautam
2484 2555 2728 2633 statuta
2741 2550 3020 2633 fuerant,
3060 2557 3115 2606 et
3143 2559 3348 2620 postea
3376 2568 3496 2633 res-

221 2625 351 2679 cissa
379 2626 466 2681 vel
496 2626 725 2681 ditata.
755 2621 805 2681 Α
816 2629 900 2695 git
926 2627 1101 2681 etiam
1142 2628 1215 2683 de
1233 2628 1621 2686 Sanctissimo
1652 2621 1740 2687 ac'
1753 2632 1826 2688 de
1856 2630 2068 2687 litteris
2098 2621 2181 2682 ad
2212 2621 2618 2681 Occidentales
2643 2621 2971 2691 mittendis,
3000 2637 3147 2696 quos
3192 2625 3495 2695 rogandos

216 2702 371 2763 putat
395 2703 455 2753 ut
477 2699 970 2753 communionem
997 2714 1169 2755 suam
1198 2716 1318 2755 non
1344 2703 1473 2758 sine
1499 2702 1733 2759 delectu
1763 2700 2110 2761 concedant.

440 2822 699 2893 Μελετίῳ,
743 2821 1008 2895 ἐπισκόπῳ
1050 2824 1397 2896 ’Λντιοχείας.

221 2914 259 2963 l.
289 2906 479 2981 'Ho‘sw,
514 2913 607 2963 ὅτι
630 2910 819 2973 Eminet
857 2916 950 2970 τὴν
983 2911 1142 2971 ἀκοὴν
1170 2920 1259 2974 τῆς
1288 2914 1605 2978 τελειότητος
1638 2934 1732 2968 σου

159 3002 203 3047 τό
230 3006 305 3049 νῦν
330 2998 531 3073 impura
572 3000 808 3072 ἔγκλημα
838 3008 907 3071 τῷ
933 3002 1102 3053 πάντα
1127 3002 1283 3055 εἰπεῖν
1314 3003 1504 3076 εὐκόλῳ
1527 3004 1733 3059 Ἀπολι-

154 3092 310 3161 ναρίῳ,
338 3094 433 3141 Καὶ
463 3092 574 3165 γὰρ
608 3085 731 3141 οὐδὲ
763 3089 919 3151 αὐτὸς
948 3094 1033 3143 τὸν
1054 3094 1154 3167 πρὸ
1180 3094 1362 3143 τούτου
1384 3097 1574 3169 χρόνον
1593 3097 1731 3167 ἤμην

156 3174 458 3250 ἐπιστάμενος
489 3182 642 3251 ἔχειν
672 3200 684 3211 ο
720 3176 848 3229 ἀλλὰ
867 3186 953 3231 νῦν
985 3182 1032 3231 οἱ
1052 3179 1363 3240 Σεϐαστηνοὶ
1398 3178 1732 3259 ὃιερευνησά-
1760 3220 1801 3275 C

151 3272 278 3337 μενοι
306 3270 445 3320 ποθεν
476 3269 620 3321 αὐτὰ
648 3268 761 3338 (87)
792 3268 861 3331 εἱς
898 3272 955 3320 τό
995 3273 1151 3341 μέσον
1184 3274 1419 3343 ἤνεγκαν,
1454 3277 1542 3323 καὶ
1591 3292 1732 3347 περι-

158 3360 354 3426 φέρουσι
384 3360 675 3431 σύνταγμα,
707 3354 760 3420 ἐξ
783 3357 845 3409 οὗ
874 3357 1105 3430 μάλιστα
1142 3363 1229 3411 καὶ
1260 3361 1395 3432 ἡμᾶς
1441 3358 1732 3413 καταδικά-

164 3447 350 3509 ζουσιν,
381 3447 443 3507 ὡς
468 3450 529 3499 τὰ
557 3447 697 3498 αὐτὰ
725 3454 1052 3519 φρονοῦντας,
1087 3450 1210 3520 ἔχον
1234 3450 1411 3524 ῥήσεις
1440 3452 1686 3513 τοιαύτας
1716 3472 1727 3484 ·

156 3530 310 3583 ’Ὥστε
339 3545 563 3607 πανταχῆ
602 3537 1039 3609 σννεζευγμένως,
1069 3537 1258 3610 μᾶλλον
1291 3535 1350 3590 δὲ
1378 3541 1647 3612 ἡνωμένους
1668 3546 1728 3612 τῇ

162 3621 413 3694 ἑτερότητι
438 3632 561 3676 νοεῖν
588 3628 870 3697 ἀναγκαῖον
901 3630 989 3684 τὴν
1024 3633 1235 3699 πρώτην
1276 3632 1571 3687 ταυτότητα
1604 3651 1615 3662 ·
1645 3633 1734 3681 καὶ

162 3704 393 3786 δευτέραν
420 3718 502 3765 καὶ
525 3719 701 3791 τρίτην
724 3714 966 3785 λέγοντας
995 3720 1088 3773 τὴν
1115 3715 1295 3775 αὐτὴν.
1314 3716 1476 3791 Ὀπερ
1501 3721 1601 3791 γὰρ
1626 3716 1736 3770 ἔστι

161 3804 357 3871 πρώτως
384 3802 407 3853 ὁ
440 3809 640 3877 Πατήρ,
671 3808 825 3856 τοῦτό
854 3802 962 3857 ἐστι
995 3800 1246 3878 δευτέρως
1278 3808 1302 3857 ό
1333 3805 1473 3873 Υἱὸς,
1507 3812 1590 3859 καὶ
1629 3811 1738 3883 τρί-

156 3908 245 3950 τως
275 3896 328 3941 τό
360 3898 577 3965 Πνεῦμα,
615 3889 778 3953 Αὖθις
802 3890 881 3959 δε,
914 3898 1033 3968 ὅπερ
1058 3892 1170 3946 ἐστὶ
1190 3900 1402 3967 πρώτως
1428 3899 1484 3947 τὸ
1507 3902 1736 3968 Πνεῦμα,

157 3984 298 4030 τοῦτο
322 3975 569 4056 δευτέρως
592 3984 686 4035 τὸν
711 3984 853 4052 Υἱόν²
881 3983 1010 4034 καθὸ
1042 3980 1109 4041 δὴ
1142 3988 1231 4035 καὶ
1262 3982 1287 4035 ὁ
1320 3987 1507 4060 Κύριός
1542 3983 1653 4037 ἔστι
1678 3987 1737 4036 τὸ

160 4073 349 4141 Πνεῦμα
374 4073 480 4144 (87)
518 4094 531 4107 ·
568 4076 666 4124 καὶ
687 4077 873 4147 τρίτως
900 4075 984 4125 τόν
1018 4076 1246 4148 Πατέρα,
1278 4075 1406 4126 καθό
1439 4069 1505 4134 δὴ
1533 4081 1740 4148 Πνεῦμα

158 4159 181 4207 ὁ
210 4165 344 4221 Θεὸς.
378 4168 475 4216 Καὶ
503 4166 571 4225 ὡς
597 4161 893 4238 βιαιοτερον
923 4169 1153 4235 σημᾶναι
1183 4167 1299 4233 (88)
1321 4167 1379 4217 τὸ
1401 4163 1630 4240 ὀίρῥετον,
1652 4169 1737 4218 τόν

160 4254 342 4325 Πατέρα
366 4262 633 4329 πατρικῶς
656 4255 772 4305 Υἱὸν
794 4250 944 4316 εἶναι,
964 4256 1051 4305 τὸν
1079 4250 1139 4306 δὲ
1160 4256 1279 4307 Υὶόν
1305 4256 1484 4318 υἱικῶς
1512 4258 1735 4329 Πατέρα.

222 4377 259 4409 ‘7
298 4379 417 4433 Act.
452 4394 531 4445 iv,
562 4381 659 4434 32.

220 4504 317 4587 (Si)
346 4506 438 4587 Διῄ
482 4511 659 4562 τῆς...
691 4506 1001 4582 μεσότητος.
1049 4502 1259 4587 Mirum
1302 4503 1489 4587 videri
1532 4506 1739 4587 possit,

2184 2818 2443 2885 Meletio,
2471 2817 2743 2887 episcopo
2780 2817 3137 2874 Antiochiae.

1918 2918 1967 2968 1.
1999 2909 2266 2968 Sciebam
2293 2921 2524 2962 novum
2568 2904 2818 2960 auribus
2847 2904 3208 2978 praestantia
3256 2910 3373 2963 tuae
3410 2907 3494 2963 vi-

1844 3017 1980 3057 sum
2010 2999 2101 3068 iri,
2127 2995 2294 3070 quod
2342 3003 2505 3051 nunc
2557 2992 2811 3050 infertur
2858 2993 3085 3048 crimen
3135 2994 3387 3065 proclivi
3413 2995 3494 3052 ad

1842 3089 2048 3147 omnia
2072 3087 2329 3144 dicenda
2359 3082 2724 3157 Apolinario.
2748 3086 2897 3140 Nam
2917 3097 3028 3139 nec
3050 3083 3180 3155 ipse
3211 3088 3348 3139 ante
3376 3084 3494 3142 hoc

1842 3184 2081 3253 tempus
2112 3192 2251 3233 eum
2278 3172 2554 3231 accusari
2583 3187 2869 3229 noveram
2903 3189 2916 3227 :
2951 3171 3059 3228 sed
3103 3187 3267 3228 nunc
3311 3172 3496 3230 Seba-

1842 3269 1991 3326 steni
2013 3265 2289 3324 alicunde
2320 3264 2422 3319 illa
2443 3261 2818 3335 perscrutati,
2844 3261 2905 3317 in
2934 3261 3207 3318 medium
3234 3262 3496 3335 protule-

1840 3362 1997 3427 runt,
2044 3372 2115 3413 ac
2142 3354 2453 3426 scriptum,
2487 3368 2559 3409 ex
2587 3366 2713 3424 quo
2742 3351 3005 3407 maxime
3036 3367 3149 3407 nos
3200 3352 3381 3409 etiam
3430 3355 3497 3411 ut

1840 3446 2053 3504 eadem
2085 3444 2406 3501 sentientes
2432 3440 2857 3506 condemnant,
2884 3438 3028 3496 talia
3050 3440 3283 3500 habens
3306 3441 3497 3500 verba

1840 3536 2304 3595 circumferunt:
2334 3518 2541 3601 ‘Quare
2570 3530 2787 3602 ubique
2816 3532 3156 3603 conjuncte,
3183 3534 3379 3603 magis
3406 3548 3498 3591 ve-

1841 3643 1908 3684 ro
1952 3627 2121 3681 unite
2173 3624 2414 3680 alietati
2454 3620 2795 3691 intelligere
2842 3634 3075 3677 necesse
3116 3627 3201 3677 est
3233 3623 3494 3691 primum

1840 3717 2211 3774 identitatem
2238 3731 2251 3781 ;
2296 3711 2622 3769 secundum
2653 3715 2710 3766 et
2741 3712 2977 3766 tertiam
3007 3710 3269 3767 eamdem
3296 3711 3496 3768 dicen-

1844 3814 1946 3865 tes.
1973 3806 2139 3875 Quod
2163 3804 2319 3861 enim
2339 3815 2534 3872 primo
2589 3806 2674 3855 est
2698 3800 2897 3870 Pater,
2955 3800 3066 3856 hoc
3103 3806 3187 3857 est
3232 3801 3496 3858 secundo

1842 3897 2055 3965 Filius,
2090 3899 2144 3950 et
2175 3893 2349 3949 tertio
2379 3890 2647 3960 Spiritus
2700 3893 2969 3945 sanctus.
3013 3890 3245 3945 Rursus
3272 3894 3495 3961 autem,

1844 3986 1999 4058 quod
2016 3985 2213 4055 primo
2243 3986 2328 4038 est
2346 3981 2636 4051 Spiritus,
2665 3979 2774 4037 hoc
2796 3978 3059 4037 secundo
3083 3979 3298 4049 Filius,
3352 3995 3498 4052 qua-

1846 4080 2015 4132 tenus
2045 4073 2224 4130 etiam
2246 4070 2535 4125 Dominus
2563 4074 2647 4123 est
2677 4068 2974 4138 Spiritus:
3003 4072 3059 4124 et
3086 4068 3263 4124 tertio
3287 4067 3497 4136 Pater,

1845 4168 2140 4238 quatenus
2172 4159 2445 4217 videlicet
2476 4157 2742 4229 Spiritus
2769 4162 2851 4214 est
2874 4156 3049 4213 Deus.
3080 4156 3159 4212 Et
3180 4163 3247 4212 ut
3277 4158 3499 4215 violen-

1847 4256 1965 4311 tius
1988 4250 2360 4324 signiﬁcetur
2378 4263 2473 4306 res
2498 4262 2619 4304 non
2641 4246 3228 4316 enarrabitis,Pater
3243 4253 3500 4319 paterne

1850 4503 2008 4561 thius
2038 4516 2180 4557 vero
2211 4497 2565 4554 Arianorum
2615 4509 2881 4551 errorem
2922 4495 3239 4563 damnare,
3296 4498 3356 4552 et
3405 4510 3502 4555 ca-

159 4585 251 4645 c_ur
279 4574 520 4629 Basilius
549 4566 1011 4630 communicare
1061 4591 1199 4631 cum
1232 4577 1467 4633 Arianis
1502 4566 1611 4633 sibi
1651 4566 1741 4633 vi;
1778 4590 1820 4645 1)
1851 4574 2138 4633 tholicam
2192 4569 2380 4645 ﬁdem
2436 4567 2700 4645 proﬁteri
2757 4566 2958 4645 nollet.
2988 4566 3420 4645 _Ql18m_9bl_‘0!n
3451 4567 3502 4624 Ii

158 4640 390 4705 deretur.
422 4645 469 4700 si
503 4662 656 4701 cum
692 4645 997 4701 Eustathio
1047 4649 1546 4706 communicaret.
1596 4651 1744 4705 Nam

159 4714 473 4789 Eustathius
499 4715 789 4789 nondum
812 4733 945 4771 cum
979 4717 1213 4774 Arianis
1234 4719 1741 4789 communicabat,

164 4798 333 4856 neque
363 4787 477 4843 hoc
519 4788 766 4843 facinus
806 4802 1086 4856 agressus
1116 4795 1225 4857 est,
1282 4790 1396 4845 nisi
1449 4806 1610 4847 anno
1643 4787 1746 4849 375

159 4868 406 4932 exeunte.
431 4860 451 4913 Ι
463 4876 574 4932 pse
609 4858 877 4932 Basilius,
906 4865 1228 4931 postquam
1258 4862 1748 4918 communionem

168 4927 442 5001 Eustathio
463 4927 865 5001 renuntiavit,
893 4927 1013 4986 non
1045 4927 1108 4985 se
1134 4932 1212 4987 ab
1241 4932 1523 4988 omnibus
1545 4935 1746 4989 Eusta-

167 4996 253 5077 thn
286 5000 982 5077 communicationib_us_
1010 5001 1315 5077 disjunxit,
1379 5010 1639 5077 ut_patet
1664 5020 1751 5077 ex

166 5070 399 5149 epistolis
430 5078 537 5129 255
574 5080 638 5128 et
666 5076 795 5149 250,
821 5072 898 5149 ad
924 5070 1319 5149 Ibeophilum
1354 5080 1409 5131 ct
1438 5070 1751 5149 P'atrophi-

166 5136 292 5220 iam.
319 5144 426 5220 Cur
450 5160 604 5214 ergo
635 5144 797 5220 visus
829 5144 940 5220 sibi
968 5136 1173 5220 fuisset
1203 5162 1341 5202 cum
1381 5136 1754 5220 Arianis‘per

170 5210 553 5272 Eustathium'
572 5215 895 5287 conjungi,
944 5215 1051 5287 qui
1100 5220 1297 5272 tamen
1348 5234 1485 5273 cum
1520 5210 1755 5274 Arianis

170 5295 271 5337 non
299 5286 833 5359 communicabat;
853 5286 1009 5359 cum
1046 5286 1189 5359 ipso
1220 5294 1422 5344 autem
1452 5290 1755 5347 Eustathio

175 5358 423 5432 geniuugi
456 5375 565 5429 per
598 5373 709 5412 eos
756 5355 867 5432 sibi
909 5373 1049 5432 _non
1071 5355 1432 5432 'videbatur,
1464 5361 1567 5432 qui
1617 5377 1757 5417 cum

184 5421 474 5485 Eustatliio'
505 5428 1057 5485 communicabant
1087 5433 1111 5483 ?
1159 5430 1335 5485 Aliud
1392 5421 1592 5488 Causae
1625 5447 1757 5487 esse

191 5504 439 5577 non‘puto
466 5517 579 5555 cur
621 5500 707 5554 ita
738 5515 798 5577 se
839 5500 1092 5568 gesserit
1124 5501 1391 5569 Basilius,
1434 5503 1545 5577 nisi
1594 5502 1760 5577 quod

200 5559 433 5646 Eus‘t'a'hii
462 5559 1024 5646 communicatores
1051 5559 1438 5646 nequaquam
1460 5559 1763 5630 illius‘sen-

204 5636 363 5693 tentis:
388 5644 750 5716 ascriptores
774 5646 833 5700 et
858 5636 1536 5715 astipulatores'essent:
1563 5648 1767 5704 Eusta-

1852 4662 1991 4704 cum
2046 4641 2351 4700 Eustathio
2391 4638 2914 4705 communicasset,
2943 4638 3109 4693 visus
3158 4638 3271 4694 sibi
3295 4639 3506 4695 fuisset

1853 4720 2137 4775 Arianam
2167 4711 2436 4768 haeresim
2464 4711 2684 4780 fovere,
2715 4709 2809 4765 vel
2840 4709 3055 4766 saltem
3104 4709 3392 4767 tolerare:
3443 4716 3507 4767 at

1853 4789 2015 4847 idem
2055 4787 2114 4842 in
2153 4781 2613 4840 incommodum
2651 4795 2774 4837 non
2822 4780 3186 4844 incurrebat.
3240 4798 3379 4837 cum
3432 4781 3504 4837 iis

1856 4858 2333 4921 communicans,
2363 4855 2467 4927 qui
2506 4869 2567 4909 se
2598 4852 2677 4909 ab
2723 4852 3027 4910 Eustathio
3067 4852 3344 4910 nondum
3382 4851 3507 4910 dis-

1859 4933 2198 4988 iunxerant.

1851 4949 2416 5072 Jugsﬁrfigipam.
2461 4996 2691 5072 Eadem
2721 4995 2890 5072 pacis
2911 4995 3368 5072 constituendas
3414 5010 3511 5072 ra-

1859 5075 1939 5133 tio
1970 5068 2326 5147 proponitur
2360 5086 2397 5126 a
2452 5068 2739 5139 Gregorio
2787 5068 3177 5140 Nazianzeno,
3215 5072 3369 5127 orat.
3422 5070 3508 5138 t2,

1911 5188 1924 5202 .
1954 5150 2079 5201 205.

1862 5162 2366 5289 Ρηὲιέῗᾏῄτὰκεὶο
2388 5226 2663 5289 mss._sex
2688 5214 2746 5289 et
2770 5212 3041 5289 antiquas
3063 5212 3373 5270 editiones.
3406 5208 3510 5266 Le-

1866 5282 2110 5361 gitur'in
2138 5283 2313 5361 Frob.
2343 5282 2612 5361 secunda
2632 5288 2688 5361 et
2714 5282 3068 5361 Earisﬁﬁni.

1940 5361 2053 5430 (87)
2084 5360 2226 5411 Καθὸ
2260 5352 2318 5408 δὲ
2342 5360 2431 5409 καὶ
2453 5356 2477 5408 ὀ
2512 5358 2703 5430 Κύριός
2724 5355 2838 5409 ἐστι
2858 5348 2917 5409 τὸ
2944 5362 3172 5429 Πνεῦμα.
3196 5356 3328 5410 Haec
3347 5348 3516 5409 addi-

1868 5431 2072 5506 dimus
2105 5445 2177 5484 ex
2209 5432 2436 5506 septem
2466 5443 2613 5506 mss.
2741 5498 2753 5506 _
3123 5500 3133 5506 _
3184 5495 3220 5506 __

1941 5503 2036 5573 (88
2069 5495 2331 5573 inparia}.
2355 5503 2443 5573 lta
2466 5498 2625 5554 Harl.
2659 5498 2833 5573 cujus
2862 5514 2976 5571 ope
3007 5495 3365 5573 sustulimus
3394 5509 3520 5554 cor-

1871 5568 2292 5666 τυΡίὲξξὲωξιξξι,
2317 5568 2973 5666 uenientum

1996 5643 2158 5701 Alias
2186 5645 2314 5711 LIX,
2349 5642 2583 5714 Scripta
2612 5653 2776 5698 anno
2795 5642 2921 5697 373.
