4054 6200
527 227 631 280 559

1901 220 1937 277 S
1950 262 1963 275 .
2014 220 2097 277 BA
2107 219 2263 277 SILI!
2298 222 2517 284 MAGNI

3778 245 3883 299 560

524 349 722 405 Filius
746 354 851 417 est,
874 346 1065 403 Filius
1093 360 1229 403 vero
1253 346 1532 414 ﬁlialiter
1559 348 1767 404 Pater.
1790 345 1987 418 Atque
2015 345 2163 401 simi-

2295 354 2394 402 Καὶ
2423 352 2673 414 ὡσαύτως
2703 351 2783 407 ἰπὶ
2815 362 2907 408 τοῦ
2938 358 3254 428 Πνεύματος,
3283 359 3413 411 καθό
3445 355 3513 419 δὴ
3548 362 3622 424 εἷς
3679 368 3808 425 Θεὸς
3850 369 3883 425 ἠ

528 440 668 496 liter
696 439 769 494 de
786 438 1018 508 Spiritu
1044 455 1057 505 ;
1091 443 1381 509 quatenus
1409 452 1556 493 sane
1593 453 1748 493 unus
1779 437 1932 493 Deus
1980 436 2175 492 Trini-

528 535 619 587 tas
659 534 769 585 est.
796 528 932 584 Haec
961 532 1100 584 sunt
1150 543 1287 599 quae
1315 526 1728 597 divulgantur,
1763 542 1900 599 quae
1928 525 2177 598 quidem

526 634 845 691 nunquam
872 634 1121 690 possum
1144 616 1384 673 credere
1403 620 1749 673 commenta
1771 631 1899 673 esse
1926 615 2177 671 circum-

527 707 863 777 ferentium,
895 706 1172 778 quamvis
1203 721 1272 761 ex
1324 721 1533 761 eorum
1584 706 1648 761 in
1702 721 1815 761 nos
1870 702 2177 760 calumnia

526 796 675 853 nihil
702 796 835 853 illos
864 795 1200 851 existimem
1232 810 1356 850 non
1406 795 1655 852 audere.
1702 796 1849 851 Cum
1906 792 2068 849 enim
2097 791 2176 849 ad

526 885 828 958 quosdam
851 902 921 941 ex
945 884 1069 939 suis
1089 884 1435 949 scriberent,
1461 889 1783 957 postquam
1805 882 2176 939 calumniam

524 973 587 1029 in
617 988 729 1029 nos
787 971 1069 1039 effudere,
1128 972 1259 1029 haec
1316 972 1704 1040 addiderunt,
1754 971 2176 1027 haereticorum

526 1060 774 1135 quidem
811 1061 999 1117 verba
1045 1076 1183 1116 esse
1240 1066 1683 1131 asseverantes,
1728 1060 1933 1132 scripti
1973 1063 2176 1115 autem

524 1155 836 1225 parentem
869 1154 1149 1219 tacentes,
1171 1154 1238 1205 ut
1276 1150 1442 1222 apud
1472 1150 1689 1220 vulgus
1739 1165 1850 1205 nos
1882 1149 2177 1205 existime-

525 1256 663 1297 mur
688 1246 963 1297 auctores
994 1254 1146 1293 esse.
1191 1238 1305 1295 Sed
1338 1242 1536 1293 tamen
1588 1254 1711 1294 non
1766 1254 1838 1294 eo
1865 1253 2082 1311 usque,
2112 1241 2178 1295 ut

523 1329 710 1386 verba
722 1327 1738 1399 comminiscerentur,processisset
1755 1342 1966 1384 eorum
1980 1332 2172 1392 astus,

524 1422 591 1475 ut
620 1416 766 1473 mihi
793 1416 1040 1489 quidem
1092 1414 1219 1488 ipse
1248 1416 1607 1489 persuadeo.
1662 1416 1845 1486 Unde,
1898 1418 2068 1487 221
2110 1420 2177 1473 ut

525 1510 582 1562 et
619 1505 1099 1561 criminationem
1146 1505 1208 1560 in
1254 1520 1368 1560 nos
1423 1504 1891 1562 invalescentem
1928 1505 2172 1579 propul-

523 1610 821 1663 saremus,
875 1599 933 1651 et
977 1594 1261 1651 omnibus
1308 1594 1762 1651 ostenderemus
1810 1594 1958 1651 nihil
1995 1595 2172 1652 nobis

2287 441 2462 513 Τριάς.
2494 445 2670 494 Ταῦτά
2700 442 2813 497 ἐστι
2836 447 2902 496 τὰ
2924 444 3293 519 θρυλλούμενα,
3316 447 3351 500 ἀ
3378 446 3627 504 οὐδέποτε
3656 450 3896 527 δύναμαι

2286 538 2568 583 πιστεῦσαι
2598 532 2884 606 πλάσματα
2904 533 3034 587 εἶναι
3058 543 3158 587 τῶν
3179 542 3551 611 περιφερόντων
3572 542 3707 611 (89),
3733 544 3779 595 εὶ
3799 550 3891 597 καὶ

2287 619 2366 669 ὅτι
2396 617 2451 670 ἐκ
2480 629 2575 682 τῆς
2596 624 2713 675 καθ’
2739 626 2883 696 ἡμῶν
2912 628 3020 696 (90)
3056 632 3404 699 συκοφαντίας
3422 626 3572 683 οὐδὲν
3602 631 3891 706 λογίζομαι

2286 707 2461 770 αὐτοῖς
2492 709 2780 784 ἀτόλμητον
2828 711 2975 771 εἶναι,
3018 717 3298 791 Γράφοντες
3340 720 3443 793 γάρ
3486 739 3598 773 τισι
3626 730 3725 774 τῶν
3768 725 3890 776 καθ’

2288 796 2519 867 ἑαυτοὺς,
2550 805 2640 853 καὶ
2664 804 2968 874 προσθέντες
2998 805 3111 875 (91)
3148 810 3239 863 τὴν
3265 808 3384 860 καθ’
3419 810 3565 881 ἡμῶν
3607 807 3889 880 διαϐολὴν,

2286 884 2545 960 ἐπήγαγον
2563 898 2744 961 ταῦτα,
2751 892 2814 966 ρή
2822 913 2964 963 ματα
2983 896 3071 966 μὲν
3095 894 3365 969 αἰρετικῶν
3378 898 3726 971 ὀνομάσαντες
3744 902 3889 971 (92),

2287 979 2372 1028 τόν
2404 973 2463 1029 δε
2492 984 2691 1054 πατέρα
2720 989 2810 1041 τῆς
2841 991 3152 1055 συγγραφῆς
3182 982 3631 1060 ἀποκρυψάμενοι,
3667 991 3751 1042 ἶνα
3781 998 3891 1052 τοῖς

2285 1065 2485 1127 πολλοῖς
2516 1069 2664 1140 ἡμεῖς
2710 1073 3036 1144 νομισθώμεν
3092 1070 3221 1125 εἶναι
3272 1076 3320 1126 οἱ
3372 1075 3709 1151 λογογράφοι.
3744 1079 3891 1139 Πλῆν

2287 1154 2391 1207 ἀλλ’
2422 1156 2517 1208 οὐκ
2545 1156 2605 1209 ἆν
2635 1163 2800 1233 μέχρι
2824 1168 2916 1212 τοῦ
2946 1166 3034 1213 καὶ
3070 1162 3282 1236 ῥήματα
3325 1166 3586 1218 συνθεῖναι
3628 1168 3889 1241 προῆλθεν

2285 1243 2452 1297 αὐτῶν
2480 1247 2509 1303 ἠ
2544 1244 2763 1316 ἐπίνοια,
2796 1250 2866 1309 ὦς
2888 1268 2947 1320 γε
2969 1248 3188 1321 ἐμαυτὸν
3219 1254 3404 1308 πείθω.
3438 1252 3609 1320 Ὀθεν,
3639 1257 3769 1331 ὑπὲρ
3793 1266 3890 1310 τοῦ

2283 1337 2373 1385 καὶ
2398 1338 2493 1391 τὴν
2518 1335 2637 1387 καθ’
2667 1338 2811 1407 ἡμῶν
2842 1335 3138 1410 κρατοῦσαν
3168 1338 3506 1415 βλασφημίαν
3539 1342 3884 1415 ἀπώσασθαι,

2284 1426 2373 1474 καὶ
2404 1419 2574 1486 δεῖξαι
2599 1431 2781 1495 πᾶσιν,
2809 1429 2878 1489 ὡς
2903 1424 3055 1480 οὐδὲν
3082 1430 3206 1501 ἡμῖν
3237 1432 3349 1483 ἐστι
3375 1436 3546 1485 κοινόν
3587 1437 3719 1508 πρὸς
3760 1440 3888 1499 τοὺς

2284 1509 2442 1564 ἐκεῖνο
2471 1512 2728 1585 λέγοντας,
2760 1515 3164 1589 ἠναγκάσθημεν
3203 1522 3503 1591 μνησθῆναι
3548 1530 3639 1575 τοῦ
3670 1521 3883 1598 ἀνδρὸς,

2284 1602 2353 1662 ὡς
2380 1604 2817 1676 προσεγγίζοντος
2838 1602 2900 1679 τῇ
2927 1604 3137 1680 ἀσεϐείᾳ
3156 1616 3244 1662 τοῦ
3275 1608 3569 1669 Σαϐελλίου.
3596 1615 3694 1665 Καὶ
3718 1620 3887 1667 ταῦτα

522 1700 664 1740 cum
695 1682 790 1739 his
816 1682 920 1754 qui
945 1682 1062 1738 hoc
1082 1682 1290 1738 dicunt
1320 1698 1644 1739 commune
1683 1698 1837 1751 esse,
1861 1683 2050 1740 coacti
2078 1699 2163 1738 su-

2289 1692 2371 1762 μεν
2402 1691 2469 1752 εἰς
2497 1700 2765 1749 τοσοῦτον.

521 1789 660 1830 mus
688 1771 801 1828 viri
820 1770 1079 1840 illius,ut
1099 1771 1179 1827 ad
1202 1770 1442 1828 Sabellii
1474 1772 1844 1844 impietatem
1877 1771 2171 1828 acceden-

520 1862 620 1929 tis,
651 1861 1020 1918 mentionem
1067 1859 1287 1917 facere.
1329 1863 1396 1917 Et
1415 1861 1540 1917 haec
1584 1859 1833 1933 quidem
1856 1861 2168 1918 hactenus.

592 1954 644 2005 2.
678 1949 842 2006 Venit
873 1954 1074 2005 autem
1104 1965 1177 2006 ex
1207 1948 1349 2006 aula
1384 1949 1641 2022 quidam
1671 1950 1979 2021 nuntians,
2032 1954 2173 2021 post

518 2039 783 2113 primam
821 2038 1201 2112 imperatoris
1254 2039 1607 2105 motionem,
1664 2038 1743 2094 ad
1791 2056 1979 2111 quam
2030 2056 2170 2096 eum

518 2129 890 2201 impulerunt
924 2128 1032 2200 qui
1070 2127 1408 2184 calumnias
1447 2127 1623 2183 nobis
1660 2127 1944 2197 inferunt,
1984 2129 2172 2185 latam

520 2234 652 2274 esse
677 2217 928 2274 alteram
958 2217 1295 2290 quamdam
1327 2216 1704 2281 sententiam,
1736 2222 1894 2274 utne
1925 2217 2173 2274 dedere-

517 2324 658 2364 mur
685 2307 1165 2377 accusatoribus,
1196 2323 1394 2380 neque
1416 2307 1654 2364 illorum
1672 2308 2049 2364 traderemur
2068 2325 2172 2364 vo-

514 2395 770 2455 luntati:
802 2395 866 2452 id
899 2395 1067 2469 quod
1090 2396 1257 2453 initio
1284 2396 1481 2453 fuerat
1508 2397 1817 2452 decretum
1843 2415 1856 2463 ;
1890 2397 1995 2453 sed
2026 2397 2171 2452 inte-

516 2484 632 2541 rim
660 2484 830 2540 ﬁeret
848 2482 1053 2556 aliqua
1081 2482 1310 2541 dilatio.
1355 2483 1412 2541 Si
1442 2484 1621 2553 igitur
1663 2488 1768 2541 aut
1794 2486 1906 2541 ista
1936 2485 2017 2541 ita
2049 2502 2171 2543 ma-

518 2578 720 2641 neant,
752 2577 857 2630 aut
885 2571 1113 2645 aliquid
1143 2572 1307 2629 aliud
1335 2573 1668 2630 humanius
1700 2576 2014 2643 statuatur,
2043 2576 2169 2646 pie-

517 2664 623 2721 tati
648 2667 764 2720 tuas
786 2661 1282 2732 signiﬁcabimus.
1319 2662 1421 2720 Sin
1446 2665 1649 2719 autem
1677 2661 1879 2735 priora
1904 2663 2167 2732 vincent,

518 2769 594 2811 ne
621 2753 738 2810 hoc
766 2751 1013 2825 quidem
1038 2755 1093 2808 te
1112 2751 1345 2809 latebit.

589 2846 641 2899 3.
674 2844 966 2897 Caeterum
1007 2840 1187 2896 frater
1231 2841 1663 2897 Sanctissimus
1713 2857 1749 2897 a
1794 2841 1986 2898 multo
2022 2859 2166 2900 sane

517 2935 786 3004 tempore
816 2929 980 3003 apud
1010 2946 1115 2986 vos
1145 2934 1251 3001 est,
1285 2935 1341 2986 et
1369 2929 1520 3003 quid
1544 2930 1832 3003 requirat,
1874 2937 2165 3003 praestan-

2354 1944 2406 1995 2.
2443 1940 2570 1993 Ἀπὸ
2604 1937 2662 1993 δὲ
2691 1949 2782 1995 τοῦ
2807 1941 3164 2017 στρατοπέδου
3192 1947 3286 2005 ἧκέ
3304 1967 3379 2008 τις
3406 1946 3681 2021 ἀγγέλλων,
3706 1953 3790 2003 ἐπὶ
3812 1961 3880 2025 τῇ

2281 2034 2458 2103 πρωτη
2506 2035 2711 2089 κινήσει
2753 2040 2844 2084 τοῦ
2892 2041 3223 2105 κρατοῦντος,
3272 2036 3331 2094 ἢν
3372 2039 3614 2096 ἐκίνησαν
3645 2040 3803 2092 αὐτόν
3829 2042 3887 2093 οἱ

2278 2120 2371 2180 τὰς
2400 2116 2651 2182 διαϐολὰς
2680 2123 2825 2193 ἡμῶν
2876 2123 2987 2194 (93)
3019 2129 3381 2197 καταχέοντες,
3420 2131 3732 2199 γεγενῆσθαί
3762 2149 3890 2183 τινα

2281 2207 2370 2259 καί
2400 2205 2644 2284 δευτέραν
2670 2216 2897 2283 γνώμην,
2928 2214 3061 2265 ὥστε
3108 2218 3179 2286 μὴ
3216 2211 3436 2275 δοθῆναι
3466 2218 3601 2289 ἡμᾶς
3630 2215 3890 2284 ἐκδότους

2280 2304 2389 2358 τοῖς
2412 2302 2743 2373 κατηγόροις,
2791 2304 2922 2373 μήτε
2978 2299 3346 2376 παραδοθῆναι
3397 2307 3537 2377 ἡμᾶς
3564 2315 3636 2377 τῷ
3675 2306 3889 2361 ἐκείνων

2284 2385 2553 2459 θελήματι,
2579 2389 2699 2460 ὅπερ
2724 2385 2784 2447 ἦν
2807 2388 2859 2452 ἐξ
2882 2388 3054 2463 ἀρχῆς
3076 2393 3280 2466 ὁρισθὲν
3306 2413 3319 2426 ·
3344 2392 3471 2446 ἀλλά
3492 2415 3605 2448 τινα
3634 2400 3891 2467 γενέσθαι

2279 2480 2400 2537 τέως
2431 2475 2703 2535 ἀναϐολήν.
2728 2478 2844 2531 Ἐὰν
2868 2476 2955 2531 οὖν
2982 2480 3010 2539 ἦ
3040 2489 3206 2533 ταῦτα
3224 2486 3374 2557 μένῃ,
3397 2485 3425 2543 ῆ
3458 2487 3648 2537 τούτων
3669 2506 3719 2539 τι
3743 2482 3883 2560 δόξῃ

2280 2564 2773 2641 φιλανθρωπότερον,
2826 2575 3154 2642 σημανοῦμεν
3203 2591 3297 2624 σου
3346 2581 3407 2645 τῇ
3448 2573 3730 2648 θεοσεϐείᾳ.
3758 2575 3889 2630 Ἐὰν

2280 2651 2339 2708 δε
2366 2665 2529 2729 κρατῇ
2563 2660 2629 2710 τὰ
2658 2662 2903 2734 πρότερα,
2935 2656 3061 2713 οὐδε
3090 2665 3242 2715 τοῦτό
3265 2681 3323 2715 σε
3350 2662 3586 2721 λήσεται.

2347 2837 2398 2889 3.
2447 2833 2505 2886 Ὀ
2556 2838 2731 2907 μέντοι
2780 2832 3002 2911 ἁδελφός
3063 2844 3451 2912 Σαγκτίσσιμος
3502 2843 3701 2903 πάντως
3760 2843 3890 2896 ἐστὶ

2275 2923 2400 2996 παρ’
2452 2925 2571 2995 ὑμῖν
2628 2924 2807 2997 πάλαι,
2850 2933 2940 2979 καὶ
2999 2925 3033 2980 ἃ
3089 2927 3341 3003 ἐπιζητεῖ,
3404 2927 3543 2989 δῆλα
3592 2934 3767 3004 γέγονε
3807 2942 3883 3007 τῇ

519 3021 614 3079 tia).
634 3024 750 3076 tua
778 3018 1055 3075 innotuit.
1088 3020 1316 3091 Itaque,
1351 3018 1401 3075 si
1446 3018 1594 3092 quid
1624 3021 2030 3076 necessarium
2058 3022 2162 3079 ha-

2289 3010 2557 3070 πελειότητί
2618 3033 2731 3069 σου.
2776 3016 2833 3068 Εἰ
2894 3012 2981 3068 οὖν
3041 3022 3271 3090 φαίνεται
3324 3017 3603 3091 ἀναγκαῖόν
3642 3040 3692 3072 τι
3733 3024 3890 3093 ἔχειν

516 3109 659 3167 bere
688 3106 961 3164 videatur
989 3106 1242 3179 epistola
1280 3106 1360 3163 ad
1400 3106 1829 3173 Occidentales,
1868 3122 2003 3163 eam
2034 3123 2071 3162 a
2109 3111 2164 3163 te

517 3200 829 3255 exaratam
858 3195 937 3251 ad
966 3211 1080 3252 nos
1109 3196 1341 3252 mittere
1365 3195 1652 3265 digneris,
1677 3200 1740 3251 ut
1760 3195 1837 3251 ab
1860 3195 2165 3251 unanimi-

516 3287 635 3345 bus
683 3285 987 3342 subscribi
1024 3302 1327 3351 curemus,
1379 3301 1450 3342 ac
1502 3290 1779 3358 paratam
1826 3285 2167 3341 habeamus

518 3374 1023 3448 subscriptionem
1043 3374 1105 3431 in
1125 3374 1332 3432 charta
1351 3378 1843 3446 separata,quam
1860 3374 2167 3447 possimus

519 3468 873 3523 connectere
901 3478 1042 3520 cum
1080 3463 1288 3520 charta
1311 3479 1449 3535 quin
1481 3479 1519 3521 a
1546 3462 1724 3519 fratre
1754 3467 1960 3520 nostro
2006 3480 2165 3519 com-

517 3553 870 3629 presbytero
900 3552 1337 3611 circumfertur.
1368 3554 1493 3623 Ego
1530 3551 1692 3609 enim
1724 3568 1862 3608 cum
1913 3554 1975 3609 in
2004 3569 2167 3610 com-

517 3644 813 3703 mentario
840 3642 989 3701 nihil
1022 3642 1355 3700 invenirem
1401 3641 1570 3716 quod
1615 3658 1744 3699 rem
1794 3658 2166 3716 causamque

517 3734 867 3804 contineret,
892 3748 1015 3791 non
1044 3731 1235 3790 habui
1262 3747 1387 3805 qua
1427 3731 1503 3788 de
1533 3747 1595 3788 re
1636 3730 1959 3788 scriberem
2006 3732 2167 3789 Occi-

590 3931 703 4002 (89)
740 3932 1139 4002 Περιφερόντων.
1173 3931 1270 4002 118Δ
1290 3942 1395 3983 sex
1421 3943 1571 3983 mss.
1603 3926 1765 4002 ΕάἱιίΔ
1785 3947 2159 4002 προφεροντων.

518 3997 796 4058 εὶὼϋίιθι-
811 3997 1071 4056 Basilius
1090 3999 1151 4055 in
1178 3998 1349 4058 epist.
1373 4002 1476 4054 265
1502 4013 1625 4054 non
1649 3997 1832 4055 audet
1854 3997 2163 4057 E’ustathio

516 4076 754 4131 tantum
797 4069 1027 4126 facinus
1081 4068 1403 4125 attribuere
1437 4086 1449 4124 :
1484 4073 1545 4125 at
1574 4068 1625 4123 si
1656 4069 1784 4124 haec
1826 4070 2012 4126 verba
2044 4072 2163 4128 sint

514 4140 861 4215 Apolinarii,
892 4156 1128 4196 merum
1161 4138 1691 4215 Sabellianismum
1714 4156 1846 4195 esse
1895 4156 2163 4215 pronun-

514 4210 643 4271 tiat.
668 4213 955 4281 Citantur,
977 4216 1041 4284 ut
1054 4210 1400 4284 Apolinarii,
1430 4226 1466 4266 a
1481 4210 1790 4284 Timotheo
1808 4210 2160 4283 presbytero

515 4281 1176 4355 Constantinopolitano
1206 4282 1267 4337 in
1287 4281 1440 4337 libro
1464 4283 1551 4337 De
1574 4281 1908 4355 receptione
1928 4281 2161 4341 haereti-

515 4353 1279 4428 corum,ap_ud_Cotelerium
1290 4356 1550 4428 ,_t_om._lll_
1561 4354 1704 4428 _Mon
1714 4360 1931 4428 ument.
1941 4356 2129 4428 Graec.
2140 4400 2155 4425 ,

563 4470 576 4484 .
592 4432 715 4484 395.
737 4423 851 4484 Séd
871 4431 1072 4496 tamen
1092 4423 1511 4496 inAApolinario
1535 4423 1773 4480 licentia
1790 4426 1984 4496 magis
2006 4423 2155 4483 scrié

559 4498 721 4560 endi,
750 4513 937 4568 quam
970 4494 1309 4568 sabelliana
1338 4494 1614 4568 impietas
1642 4494 2065 4568 vituperanda.
2093 4498 2155 4554 ld

513 4569 674 4625 enim
699 4566 982 4640 rvidentur
1031 4567 1300 4623 indicare
1331 4566 1949 4640 Qrientales,__dumiin
1980 4570 2151 4640 epist.

511 4639 710 4697 Basilii
720 4643 821 4695 263
842 4642 1194 4710 queruntur,
1210 4637 1376 4710 quod
1385 4637 1715 4710 Apolinarii
1737 4638 1807 4695 de
1829 4637 2150 4709 theologia,

510 4711 699 4783 idest,
726 4710 801 4766 de
820 4708 1092 4783 personis
1104 4708 1792 4783 divinis,disputationes
1814 4726 1933 4765 non
1957 4708 2153 4779 petitis

510 4798 542 4839 e
553 4779 873 4851 Scriptura
885 4780 1355 4852 probationibus,
1372 4780 1473 4852 sed
1489 4779 1766 4837 humanis
1779 4785 2152 4852 argumentis

508 4850 809 4910 nitantur.
838 4850 1167 4907 Plurimum
1194 4868 1255 4923 se
1302 4850 1587 4923 amabant
1608 4921 1616 4923 _
1639 4850 2050 4923 Apolinaristae
2077 4854 2152 4910 de

508 4924 803 4981 catholica
829 4924 1125 4995 Trinitatis
1150 4921 1293 4990 ﬁde,
1312 4938 1383 4977 ac
1408 4922 1487 4995 de
1516 4921 1706 4991 hujus
1720 4922 2023 4995 dogmatis
2053 4925 2151 4981 de-

506 4994 800 5060 fensione,
830 4999 895 5050 ut
918 4994 1117 5050 videre
1148 4999 1234 5049 est
1264 4992 1429 5064 apud
1455 4994 1694 5064 Gregor.
1724 4992 1884 5061 Nai,
1908 5000 2057 5051 orat.
2085 5000 2145 5051 51

504 5069 709 5146 Neque
736 5066 895 5121 hanc
938 5065 1186 5146 laudem
1232 5063 1584 5146 apolinario‘
1611 5063 1869 5146 denegat
1899 5066 2151 5146 Epipha-

502 5134 663 5207 niu's,
694 5138 906 5194 haeres.
938 5142 1026 5207 77,
1060 5136 1167 5209 sed
1222 5134 1382 5192 dolet
1422 5134 1589 5209 quod
1623 5151 1757 5209 eam
1778 5134 1793 5135 ί
1814 5134 2019 5207 impiis
2072 5138 2147 5193 de

502 5209 920 5266 lncarnatione
932 5208 1234 5264 erroribus
1246 5207 1609 5278 perverterit.
1624 5207 1787 5278 Adeo
1800 5214 2003 5264 autem
2024 5224 2147 5265 non

496 5280 819 5339 laborabat
838 5278 1076 5336 Sabellii
1095 5276 1310 5333 morbo
1335 5276 1738 5348 Apolinarius,
1757 5284 1819 5335 ut
1843 5279 2147 5336 interdum

498 5352 561 5407 in
619 5352 908 5408 Arianam
964 5350 1239 5406 haeresim
1284 5347 1421 5403 ferri
1470 5347 1787 5419 videretur,
1822 5351 2047 5419 gradus
2084 5351 2146 5407 in

497 5423 774 5479 Trinitate
816 5422 1073 5491 ﬁngens,
1103 5425 1159 5476 et
1195 5434 1511 5491 magnum,
1544 5418 1841 5488 majorem
1876 5426 1933 5477 et
1961 5422 2148 5478 maxi-

497 5489 1069 5564 muminducensmt
1077 5491 1126 5547 ei
1141 5489 1507 5564 exprobrant
1518 5492 1568 5564 G_
1566 5491 1832 5564 regorius
1848 5494 2142 5564 Nazianz.,

496 5567 648 5621 orat.
677 5567 764 5635 51,
790 5568 849 5622 et
874 5560 1302 5631 Theodoretus,
1332 5560 1435 5618 lib.
1469 5577 1502 5615 ν
1535 5561 1716 5632 Hist,
1750 5579 1801 5620 c.
1834 5566 1887 5621 3.

2275 3103 2303 3160 ἠ
2368 3105 2498 3177 πρός
2567 3107 2683 3165 τοὺς
2746 3102 2990 3168 δυτικούς
3050 3105 3320 3176 ἐπιστολὴ,
3386 3109 3707 3173 καταξίωσον
3776 3132 3889 3164 τυ-

2274 3196 2457 3253 πώσας
2496 3191 2658 3251 αὐτὴν
2708 3190 3115 3267 διαπέμψασθαι
3146 3198 3257 3267 (94)
3288 3200 3437 3270 ἡμὶν,
3469 3200 3602 3252 ὥστε
3647 3209 3892 3259 ποιῆσαι

2276 3281 2641 3355 ὑπογραφῆναι
2692 3286 2836 3355 παρὰ
2883 3282 2981 3336 τῶν
3013 3285 3323 3359 όμοψύχων,
3354 3292 3443 3339 καὶ
3494 3288 3699 3361 ἑτοίμην
3730 3292 3892 3361 ἔχειν

2275 3372 2368 3427 τὴν
2417 3370 2742 3443 ὑπογραφὴν,
2793 3371 2840 3423 ἐν
2882 3376 3060 3448 χάρτη
3102 3380 3476 3449 κεχωρισμένῳ
3504 3377 3617 3447 (95)
3672 3377 3890 3431 ἐντετυ-

2276 3462 2533 3531 πωμένην,
2586 3461 2639 3512 ὄν
2688 3457 2956 3534 δυνάμεθα
2996 3463 3227 3534 συνάψαι
3274 3472 3346 3535 τῷ
3395 3468 3539 3539 παρὰ
3582 3473 3673 3518 τοῦ
3725 3464 3891 3521 ἀδελ-

2277 3556 2372 3622 φοῦ
2420 3551 2564 3622 ἡμῶν
2615 3551 2720 3622 (96)
2753 3560 2843 3604 τοῦ
2894 3553 3354 3629 συμπρεσϐυτέρου
3386 3556 3877 3630 περικομιζομένῳ,

2276 3638 2411 3711 Ἐγὼ
2457 3642 2547 3712 μεν
2589 3642 2712 3715 γὰρ,
2768 3638 2920 3694 οὐδὲν
2982 3646 3139 3719 εὑρὼν
3185 3646 3297 3715 (97)
3348 3648 3647 3697 συνεκτικόν
3699 3646 3753 3698 ἐν
3799 3658 3890 3720 τῷ

2275 3730 2672 3801 ὑπομνηστικῷ,
2727 3730 2820 3783 οὐκ
2868 3734 3028 3805 ἔσχον
3083 3734 3208 3808 ὑπὲρ
3240 3733 3301 3785 οὗ
3346 3733 3617 3787 ἐπιστείλω
3664 3743 3773 3797 τοῖς
3827 3737 3890 3790 ἐν

2343 3926 2457 4006 (90)
2488 3926 2799 4009 Καθξῄρῶν.
2822 3929 2960 4009 Tres
2987 3928 3368 4009 vetustissimi
3389 3929 3626 4009 codices
3645 3935 3703 3987 et
3724 3933 3891 4009 Reg.

2316 3997 2505 4071 rimus
2528 3997 2641 4071 καθ’
2666 3997 2823 4069 ἡμᾶς.
2870 3997 2966 4071 Sic
2986 4000 3176 4071 etiam
3224 3999 3405 4057 editio
3435 4004 3665 4071 Hagen.
3728 4008 3788 4060 et
3819 3997 3882 4063 ’1

2318 4068 2448 4123 asil.
2484 4068 2597 4125 Sed
2629 4068 2831 4124 tamen
2856 4070 3001 4125 nihil
3032 4072 3392 4128 mutandum
3420 4068 3670 4129 videtur.

2340 4139 2454 4211 (91)
2488 4141 2820 4214 Προσθέντες.
2849 4141 3022 4197 Coisl.
3062 4142 3364 4199 secundus
3388 4148 3447 4199 et
3483 4146 3622 4214 Reg.
3655 4159 3898 4202 secun-

2267 4208 2382 4265 dus
2402 4208 2688 4285 προθέντες.

2268 4351 2300 4412 ζ
2338 4281 2450 4354 (92)
2484 4281 2881 4355 Ὀνομάσαντες.
2946 4287 3033 4340 lta
3086 4300 3184 4340 sex
3256 4300 3403 4341 mss.
3471 4285 3625 4342 Editi
3677 4287 3893 4361 ὄνομά·-

2302 4372 2456 4412 οντες.

2302 4372 2456 4413 οντες.

2336 4424 2355 4487 (
2361 4424 2673 4502 93ε)ί11μῶν.
2689 4425 2788 4502 _Ita
2816 4430 3045 4502 veteres
3074 4425 3209 4482 libri
3234 4442 3345 4499 pro
3370 4442 3441 4485 eo
3462 4429 3628 4502 quod
3650 4429 3887 4489 vitiose

2261 4493 2322 4550 in
2356 4493 2865 4569 editis'legebatur
2890 4499 3035 4569 ἡμῖν.

2334 4568 2445 4640 (9-4)
2509 4565 2936 4640 Καταξίωσονῷ
2992 4565 3417 4640 διαπέμψασθαι.
3485 4574 3569 4627 Ita
3628 4576 3888 4629 veteres

2260 4635 2397 4714 libri
2426 4639 2896 4714 quinque._Ec_liti
2924 4635 3239 4714 xaragiar...
3292 4639 3611 4714 διαπέμψαι.
3662 4643 3887 4702 Editio

2262 4710 2674 4778 Haganoensis
2724 4710 2906 4768 habet
2952 4710 3301 4774 καταξίωσαν.
3352 4710 3537 4770 Paris.
3588 4715 3893 4774 secunda

2262 4780 2609 4842 καταξίωσον.

2331 4852 2443 4923 (95)
2478 4856 2884 4928 Κεχωρισμένῳ.
2914 4851 3274 4910 Addidimus
3321 4853 3479 4910 hanc
3526 4870 3748 4913 vocem
3795 4876 3897 4917 ex

2260 4939 2364 4978 SCX
2394 4940 2545 4979 mss.

2331 4997 2444 5067 (96)
2474 5002 2576 5047 Τοῦ
2608 4991 2831 5067 ἀδελφοῦ
2865 4997 3029 5067 ἡμῶν.
3074 4995 3217 5053 Male
3264 4996 3325 5053 in
3371 4996 3629 5053 editione
3669 5001 3897 5061 Paris.

2259 5065 2502 5137 additur
2529 5065 2812 5137 Δωροθέου,
2839 5065 3006 5137 quod
3055 5066 3115 5121 in
3138 5067 3397 5123 editione
3429 5070 3654 5137 Hagen.
3714 5077 3778 5127 et
3810 5074 3903 5132 in

2259 5083 2502 5121 auauur
2529 5083 2812 5147 Δωρουεου,
2830 5083 3006 5192 (quoa
3055 5083 3115 5121 1n
3138 5083 3397 5123 euiuone
3429 5083 3654 5137 uagan.
3714 5083 3778 5127 et
3810 5090 3903 5132 ιιι

2257 5136 2454 5209 prima
2483 5138 2804 5193 Basrleensi
2872 5143 3014 5204 eest,
3047 5144 3105 5193 et
3133 5138 3193 5194 in
3224 5138 3508 5194 omnibus
3537 5156 3714 5209 mss.,
3749 5158 3907 5203 nec

2258 5208 2559 5287 conciliari
2613 5213 2805 5281 potest
2836 5224 3010 5287 cum
3040 5209 3243 5287 Basilii
3280 5210 3591 5287 sententia,
3642 5208 3705 5267 a'
3740 5230 3913 5287 quo

2257 5279 2681 5351 Sanctissimus
2711 5279 2893 5351 paulo
2914 5284 3051 5335 ante
3083 5280 3427 5336 nominatus
3457 5286 3565 5336 est.

2328 5349 2440 5423 (97)
2468 5348 2634 5423 Οὐδὲν
2665 5348 2855 5423 εὑρών(
2876 5355 2959 5407 lta
2980 5351 3158 5423 ,Qoisl.
3188 5352 3417 5423 primus
3450 5357 3506 5408 et
3534 5351 3681 5408 Med.
3715 5371 3917 5419 cum

2254 5418 2496 5499 duobus
2527 5422 2689 5499 aliis.
2723 5418 2881 5479 Harl.
2936 5418 3086 5476 οὐδὲν
3126 5418 3362 5498 stipam",
3395 5429 3483 5476 καὶ
3522 5424 3615 5476 οὐκ
3663 5418 3917 5499 ἔσχονξ

2254 5491 2407 5549 Editi
2437 5492 2542 5564 οὐχ
2571 5495 2752 5567 εὑρών.
