4054 6200
198 324 300 377 561

1200 324 1685 381 EPISTOLARUM
1712 321 1992 380 CLASSIS
2016 326 2083 380 ll.
2117 326 2329 385 EPIST.
2372 331 2561 386 CXXX.

3464 340 3568 394 562

198 454 261 518 τῇ
296 442 477 503 δύσει.
507 447 585 499 Τὰ
640 447 729 518 μεν
756 447 856 521 γὰρ
913 443 1171 517 ἀναγκαῖα
1199 448 1545 521 προείληπται
1574 465 1587 479 ·
1623 450 1690 501 τὰ
1748 443 1795 499 δί

1918 447 2281 507 dentalibus.
2315 453 2661 510 Necessaria
2699 454 2862 510 enim
2908 462 3331 531 praeoccupatis
3378 464 3518 517 sunt
3551 477 3565 517 :

199 540 421 611 περιττά
499 538 712 608 γράφειν
774 534 1031 595 παντελῶς
1080 539 1318 609 μάταιον.
1388 544 1513 611 Περὶ
1584 533 1642 591 δὲ
1708 545 1807 589 τῶν

199 624 370 676 αὐτῶν
428 624 660 695 ἐνοχλεῖν
699 628 770 696 μὴ
822 628 910 676 καὶ
958 625 1154 697 γελοῖον
1194 630 1313 694 ein;
1361 629 1557 685 Ἐκείνη
1609 624 1669 679 δέ
1716 646 1807 699 μοι

200 710 377 777 ἔδοξεν
409 716 586 786 ὥσπερ
636 711 973 785 ἀγύμναστος
1004 713 1131 767 εἶναι
1178 717 1206 773 ἡ
1256 718 1517 783 ὑπόθεσις,
1568 722 1657 768 καὶ
1686 721 1805 787 χώ-

199 823 296 877 ραν
343 808 601 876 παρέχειν
645 805 928 876 γράμμασι
952 805 1082 876 (98),
1107 807 1163 857 τὸ
1192 805 1555 880 παρακαλέσαι
1598 805 1803 873 αὐτοὺς,

200 897 273 966 μή
306 891 529 965 ἀκρίτως
557 888 816 964 δέχεσθαι
862 896 952 954 τὰς
999 898 1266 956 κοινωνίας
1296 904 1395 947 τῶν
1444 893 1497 947 ἐκ
1535 904 1626 956 τῆς
1675 893 1803 947 ἀνα-

199 982 326 1041 τολῆ
342 1003 362 1044 ς
419 980 797 1055 ἀφικνουμένων
830 1001 843 1014 '
903 981 1014 1034 ἀλλ’
1045 982 1186 1047 ἅπαξ
1236 989 1360 1057 μίαν
1417 982 1610 1057 μερίδα
1661 983 1803 1036 ἐκλε-

199 1072 475 1143 ξαμένους,
541 1075 663 1133 τοὺς
708 1070 923 1133 λοιποὺς
975 1074 1029 1124 ἑκ
1067 1082 1162 1133 τῆς
1200 1093 1491 1147 μαρτυρίας
1542 1082 1641 1126 τῶν
1689 1094 1802 1125 κοι-

193 1169 423 1211 νωνικῶν
472 1159 973 1233 προσλαμϐάνεσθαι
1006 1178 1018 1190 '
1073 1166 1164 1214 καὶ
1210 1167 1281 1235 μὴ
1324 1182 1479 1215 παντι
1508 1170 1580 1233 τῷ
1621 1167 1801 1215 πίστιν

190 1252 451 1324 γράφοντι
503 1250 588 1301 ἐπὶ
650 1252 907 1323 προφάσει
966 1247 1033 1308 δὴ
1080 1260 1168 1311 τῆς
1225 1248 1535 1324 όρθοδοξίας
1584 1255 1802 1326 προστί-

192 1339 399 1391 θεσθαι.
436 1338 589 1390 Οὗτω
635 1340 736 1413 γὰρ
784 1340 1154 1411 εὑρεθήσονται
1207 1348 1313 1401 τοῖς
1341 1345 1661 1413 μαχομένοις
1692 1360 1800 1393 κοιο

186 1436 489 1493 νωνοῦντες,
560 1427 609 1480 οἱ
682 1430 751 1480 τὰ
813 1431 904 1500 μὲν
967 1429 1175 1503 ῥήματά
1220 1429 1463 1491 πολλάκις
1527 1433 1592 1483 τὰ
1666 1430 1800 1483 αὐτά

186 1516 594 1591 προϐάλλονται,
641 1519 909 1590 μάχονται
962 1513 1022 1570 δε
1085 1516 1343 1587 ἀλλήλοις,
1377 1521 1499 1572 ὅσον
1554 1522 1604 1572 οἱ
1649 1519 1797 1572 πλεῖ-

187 1625 312 1658 στον
370 1603 730 1667 διεστηκότες.
762 1606 849 1661 Ἱν’
899 1603 985 1660 οὖν
1038 1612 1109 1680 μὴ
1152 1609 1238 1661 ἐπὶ
1288 1608 1459 1662 πλεῖον
1506 1611 1537 1668 ἡ
1598 1610 1799 1683 αἵρεσις

184 1694 484 1758 ἱξάπτηται
519 1700 631 1760 (99)
680 1704 779 1750 τῶν
827 1699 956 1772 πρὸς
1009 1695 1258 1758 ἀλλήλους
1312 1694 1796 1759 διαστασιαζόντων

184 1783 734 1858 ἁντιπροϐαλλομένων
759 1787 826 1837 τὰ
862 1785 977 1860 παρ’
1006 1785 1173 1838 αὐτῶν
1198 1788 1488 1861 γράμματα
1507 1789 1605 1859 (1),
1628 1807 1796 1861 παρα·
1829 1814 1867 1867 Β

183 1873 452 1932 κληθῆναι
478 1874 668 1936 αὐτοὺς
693 1870 753 1927 εδ
757 1894 819 1939 ει,
848 1879 1150 1950 κεχριμένας
1176 1877 1441 1928 ποιεῖσθαι
1470 1880 1559 1928 καὶ
1588 1879 1676 1937 τὰς
1697 1884 1795 1928 τῶν

188 1962 623 2035 ἐντυγχανόντων
655 1963 835 2025 αὐτοῖς
858 1969 1123 2025 κοινωνίας
1150 1968 1252 2033 (2),
1284 1970 1373 2019 καὶ
1401 1969 1490 2027 τὰς
1526 1964 1796 2039 ἐγγράφως

182 2058 468 2126 γινομένας
504 2056 639 2106 κατὰ
666 2057 753 2106 τόν
782 2055 943 2106 τύπον
981 2062 1077 2114 τῆς
1109 2053 1435 2116 Ἐκκλησίας.

748 2184 1085 2232 ΕΠΙΣΤΟΛΗ
1125 2178 1245 2233 ΡΛ’.

1918 539 2227 611 superﬂua
2269 558 2413 598 vero
2461 543 2719 599 scribere
2766 559 3013 615 prorsus
3042 562 3269 604 vanum
3321 554 3432 606 est.
3485 552 3566 606 De

1915 626 2130 682 iisdem
2163 633 2361 685 autem
2386 630 2722 687 molestiam
2754 631 3262 699 exhibere,nonnc
3290 637 3468 693 etiam
3491 636 3566 693 ri-

1915 714 2183 772 diculum
2214 716 2434 774 fuerit?
2459 718 2559 774 illa
2584 724 2785 774 autem
2808 720 2953 775 mihi
2973 721 3104 778 visa
3130 730 3216 779 est
3238 724 3396 781 velut
3415 726 3564 781 inta-

1915 808 2011 860 cta
2039 821 2171 860 esse
2201 807 2469 876 materia,
2505 807 2828 880 locumque
2875 808 3081 865 litteris
3106 810 3269 883 dare,
3303 813 3351 869 si
3396 814 3565 886 ipsos

1913 894 2324 967 adhortemur,
2357 913 2430 952 ne
2452 897 2579 953 sine
2604 898 2831 968 judicio
2865 899 3160 970 recipiant
3188 904 3563 960 communio-

1913 999 2020 1039 nes
2045 1000 2116 1040 ex
2177 986 2410 1043 Oriente
2458 987 2848 1055 venientium,
2883 988 2989 1043 sed
3028 988 3215 1045 semel
3242 1006 3367 1047 una
3396 996 3563 1064 parte

1912 1072 2119 1139 electa,
2146 1074 2409 1148 reliquos
2441 1076 3028 1133 communicatorum
3053 1078 3396 1137 testimonio
3454 1080 3562 1136 ad—

1908 1161 2167 1234 mittant,
2188 1180 2298 1219 nec
2322 1165 2560 1222 cuilibet
2584 1166 2725 1221 ﬁdei
2754 1166 3079 1222 formulam
3108 1167 3409 1239 scribenti,
3446 1172 3561 1225 sub

1908 1249 2193 1308 doctrinae
2223 1254 2572 1310 orthodoxae
2589 1255 2840 1311 obtentu
2870 1256 3385 1314 assentiantur.lta
3401 1258 3562 1315 enim

1906 1341 2276 1411 reperientur
2305 1358 2444 1398 cum
2475 1343 2826 1399 hominibus
2855 1344 3006 1399 inter
3035 1360 3097 1400 se
3144 1345 3561 1416 pugnantibus

1909 1430 2374 1486 communicare:
2394 1431 2499 1503 qui
2527 1431 2714 1487 verba
2737 1432 2984 1504 quidem
3003 1448 3167 1505 saepe
3195 1433 3410 1490 eadem
3426 1450 3563 1507 pro-

1905 1515 2232 1581 ferunt,sed
2264 1525 2542 1592 pugnant
2570 1520 2721 1577 inter
2753 1526 3138 1594 se,quantum
3166 1522 3274 1593 qui
3295 1524 3558 1581 maxime

1905 1605 2283 1665 dissentiunt.
2317 1612 2544 1682 Itaque,
2583 1626 2658 1665 ne
2676 1610 2872 1680 magis
2902 1611 3148 1667 haeresis
3172 1611 3558 1671 accendatur:

1906 1696 2053 1751 dum
2100 1698 2205 1769 qui
2246 1698 2398 1754 inter
2446 1715 2509 1754 se
2539 1698 2917 1767 dissentiunt,
2960 1705 3240 1773 acceptas
3280 1700 3358 1757 ab
3409 1702 3559 1774 ipsis

1904 1785 2131 1841 litteras
2182 1786 2296 1842 sibi
2348 1793 2559 1844 mutuo
2612 1788 2924 1859 objiciunt,
2977 1790 3238 1860 rogandi
3280 1798 3435 1855 sunt,
3493 1796 3560 1849 ut

1906 1890 2042 1930 cum
2069 1874 2298 1945 judicio
2329 1877 2791 1934 communiones
2824 1884 3136 1950 peragant,
3181 1884 3238 1936 et
3271 1896 3372 1936 eas
3419 1896 3557 1954 quas

1904 1980 2046 2020 cum
2071 1964 2496 2021 accedentibus
2524 1967 2603 2023 ad
2624 1967 2808 2038 ipsos,
2841 1972 2899 2023 et
2921 1983 3024 2024 eas
3052 1984 3190 2041 quae
3217 1969 3437 2041 scripto
3467 1985 3559 2026 se-

1903 2053 2174 2111 cundum
2212 2054 2483 2111 Ecclesiae
2512 2072 2795 2112 normam
2822 2056 2995 2113 ﬁunt.

2329 2180 2503 2251 222
2546 2180 2887 2238 EPISTOLA
2927 2183 3140 2239 CXXX'.

185 2302 608 2376 Reprehensus
632 2317 668 2358 a
700 2302 995 2376 Theodoto
1016 2303 1285 2360 Basilius
1310 2303 1467 2375 quod
1496 2303 1654 2376 nihil
1680 2303 2011 2372 scripsisset
2043 2305 2115 2361 de
2143 2304 2489 2370 Eustathio,
2523 2306 2840 2376 respondet
2871 2322 2931 2362 se
2956 2306 3181 2362 idcirco
3210 2322 3331 2363 non
3368 2307 3557 2376 scrip-

248 2377 417 2443 sisse,
448 2373 609 2445 quod
634 2388 726 2429 res
747 2375 1017 2430 omnibus
1045 2380 1189 2431 nota
1214 2373 1439 2444 sit,hon
1468 2375 1628 2446 quod
1647 2389 1823 2445 parvi
1849 2376 2155 2445 facienda.
2186 2378 2391 2446 Neque
2418 2377 2573 2433 enim
2604 2373 2911 2434 Eustathii
2935 2379 3209 2434 discessio
3237 2394 3275 2434 a
3302 2373 3558 2434 commu-

255 2448 442 2501 nione
489 2446 716 2516 Basilii,
749 2448 1017 2502 convicia
1047 2448 1110 2501 in
1146 2448 1439 2503 Basiliam
1485 2448 1818 2514 adiuvante
1850 2448 2175 2516 Theophila
2208 2446 2414 2517 Cilice,
2447 2448 2593 2517 ﬁdes
2622 2450 2859 2505 Ariona
2882 2449 3117 2505 Gelasio
3148 2450 3293 2506 data
3322 2452 3385 2505 in
3409 2450 3557 2505 Cili-

256 2520 377 2583 cia,
402 2518 635 2586 scripta
668 2518 731 2572 in
760 2517 1058 2573 Basiliam
1106 2519 1425 2574 calumniis
1469 2519 1720 2588 referta,
1750 2519 2141 2587 rcordinalio,
2172 2534 2393 2575 novum
2411 2520 2674 2588 facimus
2712 2520 2783 2576 de
2822 2521 3140 2576 Eustathio
3183 2524 3552 2586 nuntiatum,

258 2590 461 2644 videri
487 2589 641 2661 levia
683 2589 939 2658 possint,
986 2594 1053 2645 ut
1090 2590 1336 2661 quidam
1385 2590 1614 2645 Basilio
1660 2590 1853 2647 videri
1880 2590 2213 2648 dictabam.
2269 2593 2434 2647 Duas
2478 2605 2690 2647 causas
2720 2593 2899 2661 affert
2930 2608 3039 2648 cur
3068 2592 3391 2649 Eustathio
3434 2608 3555 2649 non

258 2659 642 2730 responderit
656 2704 667 2716 .

504 2763 766 2839 Θεοδότῳ,
812 2765 1079 2840 ἕπισκόπῳ
1108 2767 1462 2829 Νικοπόλεως.

262 2880 310 2931 1.
369 2873 545 2935 Καλῶς
587 2879 676 2927 καὶ
713 2878 1083 2950 προσηκόντως
1138 2876 1285 2948 ἡμῶν
1324 2874 1568 2947 καθήψω,
1613 2881 1794 2949 τιμιώο

180 2984 308 3017 τατε
366 2967 435 3025 ὡς
486 2962 687 3024 ἀληθῶς
743 2968 832 3015 καὶ
880 2966 1203 3017 ποθεινότατε
1257 2961 1461 3037 ἁδελφέ,
1497 2966 1577 3017 ὃτι
1632 2964 1684 3027 ἐξ
1730 2965 1792 3017 οὗ

180 3054 602 3129 ἀνεχωρήσαμεν
650 3057 766 3105 τότε
807 3062 901 3115 τῆς
954 3061 1048 3114 σῆς
1087 3052 1350 3116 εὐλαϐείας
1400 3057 1489 3115 τὰς
1540 3058 1658 3128 περὶ
1696 3063 1792 3116 τῆς

176 3149 409 3205 πίστεως
477 3141 673 3203 ἐκείνας
738 3144 1017 3215 προτάσεις
1068 3151 1141 3213 τῷ
1200 3142 1471 3215 Εὐσταθίῳ
1543 3146 1788 3217 φέροντες,
1821 3183 1862 3236 C

174 3230 338 3286 οὐδέν
393 3252 479 3285 σοι
519 3235 636 3285 οὔτε
677 3236 863 3307 μικρὸν
921 3236 1037 3286 οὔτε
1093 3233 1271 3306 μεῖζον
1310 3242 1409 3285 τῶν
1461 3234 1575 3284 κατ’
1635 3234 1789 3285 αὐτὸν

174 3319 545 3395 ἐδηλώσαμεν.
587 3321 718 3393 Ἐγὼ
795 3318 855 3374 δε
915 3321 1021 3394 οὐχ
1077 3324 1142 3383 ὡς
1200 3322 1662 3397 εὐκαταφρονήτων
1711 3324 1792 3393 (3)

176 3419 289 3464 τῶν
364 3409 486 3485 παρ’
562 3410 723 3462 αὐτοῦ
792 3415 1067 3483 γενομένων
1128 3411 1197 3473 εἰς
1259 3413 1400 3485 ἡμᾶς
1463 3407 1731 3484 ὑπερεῖδον
1775 3432 1789 3448 ο

175 3501 295 3553 ἀλλ’
328 3503 400 3562 ὡς
445 3500 508 3561 εἰς
559 3502 757 3563 πάντας
806 3500 984 3554 λοιπόν
1036 3503 1156 3562 τοὺς
1214 3498 1515 3573 ἀνθρώπους
1572 3496 1790 3559 διαϐοη-

178 3593 376 3649 θείσης
411 3597 498 3649 τῆς
527 3595 714 3663 φήμης,
746 3594 837 3642 καί
876 3587 1083 3651 οὐδενὸς
1138 3598 1233 3652 τῆς
1278 3588 1402 3665 παρ’
1447 3591 1593 3663 ἡμῶν
1634 3586 1791 3642 διδα-

180 3678 423 3739 σκαλίας
448 3679 515 3741 εἰς
536 3684 590 3731 τό
618 3684 712 3739 τὴν
749 3684 1051 3755 προαίρεσιν
1076 3688 1169 3733 τοῦ
1223 3676 1413 3754 ἀνδρὸς
1455 3676 1790 3751 διδαχθῆναι

175 3765 596 3843 προσδεομένου.

174 3861 367 3933 ὧσπερ
425 3858 732 3931 φοϐούμενος
759 3864 832 3933 μὴ
886 3859 1093 3931 ὀλίγους
1126 3866 1236 3931 σχῇ
1286 3867 1381 3921 τῆς
1439 3858 1623 3911 ἑαυτοῦ
1651 3863 1790 3929 γνώ-

174 3968 290 4022 μης
333 3950 624 4023 μάρτυρας,
693 3948 759 4009 εἰς
804 3953 980 4001 πᾶσαν
1047 3948 1307 4020 ἐσχατιὰν
1373 3949 1465 4010 τὰς
1518 3946 1792 4008 ἐπιστολὰς

683 3776 849 3823 Τοῦτο
920 3769 1022 3845 γὰρ
1096 3774 1187 3821 καὶ
1270 3769 1421 3829 αὐτὸς
1496 3772 1786 3836 ἐπενόησεν,

258 4088 379 4162 (98)
400 4092 707 4165 ΑΓράμμασι.
738 4093 825 4147 tta
846 4090 1314 4165 mss.{'_quinque,
1330 4089 1479 4165 Editi
1498 4092 1789 4164 γράμματι.

251 4161 377 4232 (⁷99)
400 4161 737 4235 ’Έξξάπτητῖαμ
770 4166 858 4235 ita
887 4161 1064 4218 Harl:
1080 4166 1137 4219 et
1166 4161 1336 4219 Coisl.
1369 4161 1611 4235 primus
1643 4161 1792 4218 cum

174 4235 384 4291 tribus
410 4233 559 4290 aliis.
590 4234 741 4289 Editi
763 4232 1101 4297 ἐξαπατῆται.

257 4308 334 4376 (ι)
366 4305 1252 4385 rpdggara:_Ha;c_Tillemontius
1271 4304 1693 4376 interpretatur
1717 4304 1792 4385 de

172 4376 443 4448 diversis
475 4376 699 4433 ’Meletii
726 4381 785 4432 et
813 4376 1040 4448 Paulini
1069 4376 1363 4448 partibus,
1402 4392 1523 4448 nec
1566 4392 1689 4432 non
1718 4376 1793 4448 de

173 4447 582 4529 Marcellianis
611 4446 1256 4529 etﬂApolinaristi‘sSed
1276 4447 1458 4529 iidem
1489 4446 1795 4529 designari

172 4521 472 4594 videntur
496 4512 856 4594 haeretici,de
877 4519 1099 4592 quibus
1124 4519 1246 4594 agit
1276 4517 1522 4594 Basilius
1552 4512 1795 4594 in:epis-
1830 4541 1876 4594 D

170 4592 309 4648 tola
332 4590 719 4663 praecedenti:
752 4589 933 4663 idque
964 4590 1298 4647 accuratius
1328 4592 1391 4645 in
1434 4590 1566 4645 Vita
1595 4589 1653 4645 S.
1678 4589 1798 4645 Ba-

172 4664 309 4719 silii
337 4661 734 4734 expendetur.

257 4735 339 4804 (2)
374 4731 673 4805 Κόινωνίᾳς.
717 4732 1024 4805 Duplicem
1075 4731 1573 4805 communicandi
1620 4731 1797 4805 ratio.

174 4803 326 4862 nem
350 4820 491 4859 esse
523 4820 593 4859 ex
610 4804 724 4877 hoc
752 4803 886 4877 loco
908 4810 965 4860 et
983 4820 1055 4860 ex
1076 4804 1359 4877 epist.224
1380 4803 1794 4877 perspicimus,

176 4878 441 4933 alteram
470 4891 609 4948 cum
627 4875 699 4930 iis
726 4876 1065 4948 quiicoram
1087 4874 1403 4948 accedunt,
1424 4874 1674 4948 alteram
1693 4890 1799 4948 per

176 4946 637 5005 litteras.Prima
659 4944 766 5003 aut
781 4947 1113 5017 adlsacram
1135 4944 1709 5017 Eucharistiam,aut’
1719 4944 1797 5001 ad

178 5016 1231 5093 precesadmittendo‘ﬁebatJratus
1249 5016 1683 5093 TheodotuSLut
1699 5032 1794 5093 su-

180 5087 293 5164 pra
319 5091 593 5146 vidimus
615 5090 685 5164 in
716 5088 885 5162 epist.
913 5087 1175 5164 9_9,quod
1202 5088 1448 5144 Basilius
1480 5087 1799 5164 ab__Eusta-

180 5158 285 5220 thii
308 5178 516 5219 comm
528 5158 893 5217 unione—non
913 5158 1697 5226 discederet,contumeliam
1725 5174 1795 5215 eo

181 5234 487 5307 perduxit,
522 5236 588 5288 ut
612 5231 782 5287 illum
812 5247 922 5288 nec
966 5232 1045 5287 ad
1074 5231 1567 5307 matutinas,__nec
1591 5229 1671 5307 ad
1694 5246 1795 5286 ve-

185 5299 488 5381 spertinas
516 5319 730 5381 preces
761 5302 1274 5381 assumeretzlpse
1296 5301 1553 5381 Basilius
1579 5299 1789 5357 adver-

186 5373 378 5459 sarios
420 5373 821 5459 provocatum
867 5374 1040 5459 epist.
1090 5377 1216 5441 224,
1248 5377 1312 5429 ut
1337 5373 1599 5455 aliquem
1651 5388 1689 5459 ξι
1731 5387 1794 5459 se

192 5464 260 5505 ex
293 5442 527 5505 clericis
577 5442 921 5519 Apolinari'
947 5446 1035 5519 ad_
1049 5442 1539 5519 communionem
1571 5447 1675 5519 aut
1715 5442 1795 5499 ad

194 5536 396 5592 preces
422 5514 772 5577 admissum
794 5514 1611 5592 fuisse_demonstrent.0uod
1633 5530 1791 5587 spec-

199 5587 285 5645 tat
306 5590 377 5647 ad
397 5592 658 5649 alterum
683 5587 1132 5646 communionis
1176 5602 1385 5659 genus,
1425 5602 1549 5659 non
1579 5601 1792 5642 omnes

193 5659 391 5720 litteras
414 5664 669 5735 signum
694 5665 866 5719 erant
908 5658 1376 5729 communionis,
1403 5658 1509 5716 sed
1537 5673 1693 5730 quae,
1728 5660 1793 5713 ut

2184 2769 2499 2834 Theodoto,
2533 2768 2804 2837 episcopo
2834 2767 3279 2838 Nicopolitano.

1975 2877 2024 2937 l,
2053 2875 2224 2930 Recte
2255 2879 2435 2947 atque
2473 2874 2893 2930 convenienter
2920 2890 3031 2930 nos
3068 2875 3331 2945 tetigisti,
3377 2875 3559 2932 frater

1900 2962 2317 3020 colendissime
2355 2980 2602 3037 prorsus
2627 2979 2696 3019 ac
2727 2962 3255 3033 desideratissime,
3276 2965 3440 3036 quod
3481 2980 3555 3021 ex

1899 3068 2022 3124 quo
2045 3069 2080 3108 a
2110 3058 2213 3108 tua
2238 3054 2453 3126 pietate
2478 3059 2619 3109 tunc
2645 3051 3055 3120 discessimus,
3069 3052 3321 3109 ferentes
3350 3056 3553 3110 Eusta—

1902 3141 2024 3197 thio
2068 3141 2198 3197 illas
2232 3142 2307 3198 de
2352 3142 2471 3198 ﬁde
2528 3142 2989 3215 propositiones,
3019 3141 3167 3197 nihil
3215 3142 3319 3199 tibi
3357 3158 3555 3216 neque

1900 3246 2157 3303 parvum
2188 3248 2381 3304 neque
2411 3247 2705 3301 magnum
2736 3232 2810 3287 de
2848 3231 3004 3287 illius
3043 3232 3226 3288 rebus
3256 3232 3553 3303 signiﬁca-

1900 3320 2311 3391 verimus.Ego
2342 3325 2544 3377 autem
2573 3336 2697 3377 non
2721 3322 2889 3394 quod
2913 3320 3083 3377 facile
3112 3321 3557 3379 contemnenda

1901 3410 2037 3479 sint,
2064 3426 2199 3481 quae
2239 3409 2317 3465 ab
2365 3425 2435 3466 eo
2465 3410 2525 3465 in
2555 3426 2653 3466 me
2699 3410 3025 3466 commissa
3074 3415 3233 3478 sunt,
3269 3411 3505 3481 neglexi
3537 3428 3551 3465 :

1902 3498 2008 3553 sed
2021 3499 2184 3571 quod
2199 3499 2361 3555 fama
2373 3499 2537 3571 apud
2550 3515 2761 3555 omnes
2769 3500 2896 3571 jam
2909 3500 3188 3556 homines
3200 3500 3557 3573 pervulgata

1900 3587 2108 3655 sit,nec
2145 3603 2520 3660 quemquam
2542 3604 2578 3644 a
2608 3604 2703 3644 me
2734 3589 2932 3644 doceri
2964 3605 3119 3661 opus
3151 3589 3241 3660 sit,
3277 3598 3342 3644 ut
3363 3588 3554 3645 homi-

1902 3678 1995 3733 nis
2024 3678 2397 3750 propositum
2429 3683 2775 3748 cognoscat.
2833 3680 2976 3735 Huic
3026 3678 3188 3734 enim
3223 3677 3310 3733 rei
3338 3682 3397 3733 et
3424 3678 3551 3750 ipse

1897 3766 2176 3839 providit,
2208 3767 2381 3839 quasi
2410 3772 2702 3822 metueret
2751 3783 2827 3823 ne
2857 3784 3086 3840 paucos
3132 3766 3383 3823 haberet
3424 3782 3549 3823 sua:

1898 3855 2199 3912 sententia
2233 3855 2713 3928 testes,epistolas
2740 3861 2948 3911 contra
2968 3872 3064 3911 me
3085 3855 3458 3928 conscriptas
3487 3855 3549 3913 in

1898 3944 2306 4001 remotissima
2332 3961 2590 4018 quaeque
2618 3944 2754 4001 loca
2777 3946 3210 4002 transmittens.
3242 3948 3446 4017 itaque
3485 3959 3548 4000 se

1902 4086 1984 4143 ait
2022 4085 2291 4154 Basilius,
2319 4087 2641 4143 secundum
2673 4087 2957 4143 Ecclesiae
2996 4101 3267 4143 normam
3296 4085 3544 4156 ﬁebant,

1903 4158 2023 4239 sive
2053 4158 2261 4240 litterae
2310 4160 2650 4240 canop_icze._
2680 4158 2786 4240 .Sic
2810 4159 2971 4214 enim
3002 4158 3264 4240 appellat
3294 4157 3545 4240 Basilius

1902 4230 1965 4301 in
1990 4231 2201 4285 eadem
2229 4229 2399 4301 epist.
2423 4233 2548 4298 224,
2592 4229 2713 4299 ubi,
2757 4229 3202 4285 communionis
3223 4245 3361 4285 cum
3390 4232 3545 4301 Apo-

1902 4300 2132 4373 linario~
2164 4300 2323 4356 initae
2350 4302 2760 4373 suspicionem
2788 4301 3115 4373 repellens,
3132 4306 3311 4373 negat
3341 4300 3542 4373 seiun-

1903 4388 2087 4444 quam
2120 4371 2343 4444 litteras
2390 4369 2721 4444 canonicas
2770 4369 2870 4427 ad'
2900 4388 3041 4426 eum
3073 4371 3348 4444 dedisse.
3376 4369 3541 4425 Unde

1906 4442 2247 4515 conﬁrmari
2270 4448 2482 4515 potest,
2514 4443 2680 4515 quod
2710 4443 2787 4515 in_
2810 4443 2941 4498 Vita
2961 4444 3025 4498 S.
3050 4442 3349 4515 Cypriani
3366 4456 3540 4515 novre

1906 4515 2048 4569 edit.
2092 4511 2417 4586 probatum
2443 4511 2553 4579 est,
2579 4513 2895 4585 epistolam
2930 4511 3215 4585 Stephani
3246 4528 3421 4586 papae
3461 4511 3540 4586 ad

1904 4584 2293 4658 Cyprianum,
2344 4601 2467 4641 non
2499 4584 2631 4640 esse
2659 4584 3062 4658 certissimum
3096 4584 3540 4658 communionis

1906 4655 2352 4726 argumentum,
2386 4661 2445 4711 et
2489 4662 2698 4728 contra
2727 4672 2909 4728 quam
2954 4656 3187 4728 videtur
3219 4655 3537 4728 Tillemon-

1906 4728 2149 4798 tio,post
2174 4733 2454 4797 negatam
2487 4727 2699 4796 legatis
2721 4727 3018 4798 episcopis
3045 4727 3539 4783 communionem

1907 4798 2083 4854 scribi
2108 4800 2401 4870 potuisse.
2419 4800 2553 4870 Una
2592 4804 2793 4870 autem
2823 4814 2893 4853 ex
2935 4798 3110 4865 notis,
3138 4798 3361 4870 quibus
3384 4798 3540 4869 ejus-

1905 4868 2353 4942 modize'pistolze
2370 4868 2428 4923 di
2436 4868 2882 4942 gnoscebantur
2898 4868 3537 4942 earvideturexstitiSSe,

1906 4946 1972 5022 ut
2003 4942 2052 4995 is
2084 4940 2177 5022 ad
2214 4956 2397 5022 quem
2422 4940 2837 5022 scribebatur,
2890 4941 3210 5022 episcopus
3258 4940 3541 5021 salutare-

1905 5017 2023 5077 tur,
2051 5012 2098 5067 si
2129 5012 2243 5067 hac
2270 5012 2559 5083 dignitate
2587 5017 2835 5067 ornatus
2856 5017 3028 5068 esset.
3054 5012 3348 5068 Discimus
3377 5012 3538 5067 enim

1906 5099 1981 5139 ex
2017 5084 2191 5155 epist.
2226 5086 2352 5139 240.
2383 5082 2777 5153 Theophilum
2827 5083 3283 5155 castabalorum
3312 5083 3539 5155 episco-

1904 5151 2072 5228 pum,
2088 5170 2228 5209 cum
2254 5151 2587 5228 necaper‘t—e
2618 5154 2905 5228 conjungi
2935 5171 3073 5228 cum
3104 5154 3315 5228 Basilio
3341 5151 3536 5219 uellet,

1903 5224 2013 5306 nec
2048 5230 2250 5306 aperte
2275 5224 2561 5306 disjungi.
2591 5225 2850 5281 scribere
2884 5226 2961 5306 ad
2985 5243 3125 5306 eum
3149 5224 3431 5306 noluisse,
3462 5238 3539 5306 ne

1904 5302 1969 5353 ut
2012 5295 2369 5374 episcopum
2395 5295 3046 5374 salutare__cogeretur,_
3069 5296 3342 5374 Basilius
3380 5298 3541 5374 post-

1903 5366 2088 5440 quam
2144 5366 2350 5440 se—ab
2399 5368 2689 5424 Eustathii
2742 5366 3167 5425 communione
3228 5366 3540 5434 disjunxit,

1901 5439 2223 5513 nunquam
2250 5439 2418 5495 illum
2444 5440 2801 5513 episcopum
2830 5445 3025 5513 vocat,

1972 5504 2073 5587 t3)-
2094 5504 2589 5587 Εὗκαταφρονὴπῖων.
2623 5504 2709 5568 Ita
2738 5510 2927 5580 Harl.,
2976 5508 3123 5564 Med.
3155 5510 3212 5565 et
3240 5511 3358 5563 tres
3408 5504 3534 5562 alii.

1898 5581 2051 5637 Editi
2068 5581 2486 5656 καταφρονῆτων.

1969 5657 1989 5677 ”
2019 5654 2178 5712 Alias
2209 5654 2426 5713 CXCVI.
2456 5654 2686 5728 Scripta
2713 5668 2873 5711 anno
2903 5656 3028 5710 373.
