4054 6200
510 311 612 369 563

1904 300 1960 359 S.
2003 292 2253 353 BASILII
2288 292 2507 353 MAGN!

3770 302 3879 358 564

510 435 642 508 ipse
668 450 705 493 ο.
740 434 946 491 nostra
974 428 1399 490 communione
1430 424 1912 499 abscidit,neque
1933 422 1992 479 in
2024 435 2168 477 con-

2285 415 2339 479 Ξς
2398 420 2518 473 καθ’
2567 422 2714 494 ἡμῶν
2782 419 3075 495 συνέγραψε
3131 415 3582 493 διαπεμψάμενος.
3640 428 3750 484 Τῆς
3787 428 3884 496 μὲν

510 524 783 581 stitutum
829 522 1031 579 locum
1086 521 1404 578 convenire
1456 519 1774 575 nobiscum
1802 517 1863 571 in
1894 513 2168 569 animum

508 613 821 679 inducens,
856 627 1050 684 neque
1084 609 1411 683 discipulos
1437 625 1581 664 suos
1606 606 2013 665 adducens,ut
2033 615 2167 672 pro-

509 702 757 759 miserat
789 717 801 754 :
853 700 958 755 sed
990 715 1086 755 me
1139 699 1476 755 dilacerans
1508 712 1627 753 una
1660 711 1797 751 cum
1844 688 2168 763 Theophilo

512 791 685 849 Cilice
740 790 803 845 in
854 788 1350 860 frequentissimis
1411 784 1827 851 conventibus,
1892 780 2056 837 nuda
2113 782 2170 834 et

510 886 719 954 aperta
748 880 1180 949 criminatione,
1221 884 1286 934 ut
1328 876 1521 934 aliena
1553 877 1631 932 ab
1660 875 1849 948 ipsius
1895 869 2169 927 doctrina

509 968 718 1042 populi
762 967 981 1023 animis
1012 968 1301 1038 dogmata
1348 969 1731 1021 inserentem.
1764 965 1895 1019 Haec
1920 959 2168 1033 quidem

512 1058 657 1114 satis
688 1071 914 1128 magna
936 1060 1193 1123 erant,ut
1211 1060 1483 1112 nostram
1508 1069 1753 1111 omnem
1771 1067 1909 1107 cum
1929 1066 1998 1106 eo
2024 1062 2169 1104 con-

504 1146 880 1219 junctionem
910 1145 1277 1200 dirimerent.
1311 1147 1635 1216 Postquam
1661 1157 1802 1197 vero
1833 1151 1891 1195 et
1936 1139 1998 1194 in
2036 1136 2169 1193 Cili-

510 1236 666 1292 ciam
694 1234 873 1302 venit,
898 1238 1076 1306 atque
1093 1233 1397 1288 Gelasium
1424 1231 1756 1305 quemdam
1779 1226 2167 1293 conveniens,

510 1324 704 1381 eidem
732 1323 918 1380 ﬁdem
947 1322 1246 1393 exposuit,
1281 1336 1465 1393 quam
1491 1319 1869 1376 conscribere
1897 1320 2024 1372 erat
2054 1314 2172 1370 Arii

511 1412 720 1475 solius,
751 1415 807 1466 et
844 1410 891 1465 si
921 1410 1057 1482 quis
1086 1425 1413 1479 germanus
1443 1409 1601 1465 illius
1649 1406 2016 1479 discipulus;
2046 1409 2173 1460 tum

508 1500 755 1555 demum
778 1498 973 1568 magis
1011 1498 1193 1554 etiam
1223 1499 1284 1553 in
1316 1497 1716 1568 disjunctione
1747 1493 2050 1552 obﬁrmati
2073 1507 2172 1547 su-

509 1605 669 1659 mus,
700 1589 847 1645 illud
873 1587 1080 1644 animo
1105 1587 1573 1654 considerantes,
1619 1600 1818 1658 neque
1843 1583 2174 1654 Ethiopem

510 1678 727 1753 pellem
759 1693 933 1734 suam
963 1692 1237 1749 unquam
1268 1680 1663 1742 mutaturum,
1701 1689 1897 1747 neque
1927 1671 2176 1745 panthe-

2275 504 2364 559 οὖν
2420 516 2686 571 κοινωνίας
2746 513 2891 583 ἡμῶν
2949 511 3104 571 αὐτός
3152 509 3431 584 ἀπέρρηξεν
3486 511 3686 579 ἑαυτὸν,
3741 517 3880 585 μήτε

2274 601 2410 649 κατὰ
2438 603 2524 651 τόν
2564 601 2849 673 ὡρισμένον
2886 604 3041 652 τόπον
3091 596 3409 672 συνδραμεῖν
3462 602 3587 672 ἡμῖν
3640 600 3880 673 ἀνασχό-

2276 704 2440 759 μενος,
2480 694 2612 760 μήτε
2654 693 2775 750 τοὺς
2830 691 3065 762 μαθητὰς
3106 686 3285 741 ἑαυτοῦ
3350 695 3690 762 παραγαγὼν,
3751 693 3877 763 ὅπερ

2278 777 2536 848 ὑπίσχετο
2569 791 2583 807 ⁸
2640 776 2766 831 ἀλλὰ
2804 784 2890 830 καὶ
2945 781 3084 851 ἡμᾶς
3146 778 3456 837 στηλιτεύων
3496 778 3545 830 ἐν
3572 776 3879 853 πανδήμοις

2280 863 2544 931 συνόδοις,
2610 869 2741 939 μετὰ
2812 876 2904 920 τοῦ
2969 869 3176 930 Κίλικος
3240 868 3509 939 Θεοφίλου,
3564 877 3736 942 γυμνῇ
3788 874 3881 921 καὶ

2278 954 2699 1028 ἀπαρακαλύπτῳ
2730 965 2792 1030 τῇ
2846 957 3176 1029 βλασφημίᾳ,
3219 960 3284 1018 ὡς
3312 956 3558 1032 ἀλλότρια
3614 968 3705 1019 τῆς
3757 958 3880 1010 ἐαυ-

2277 1051 2369 1095 τοῦ
2553 1041 2903 1106 ὃίδασκαλίας
2940 1054 3057 1108 ταῖς
3110 1046 3317 1118 ψυχαῖς
3359 1053 3452 1098 τοῦ
3498 1046 3624 1098 λαοῦ
3675 1046 3881 1100 ἕνσπεί-

2278 1151 2465 1206 ραντας
2522 1130 2785 1206 δόγματα.
2816 1135 2986 1188 Ἰκανὰ
3044 1137 3133 1208 μὲν
3172 1132 3260 1186 οὖν
3293 1131 3352 1193 ἦν
3396 1140 3484 1187 καὶ
3512 1144 3675 1188 ταυτα
3702 1144 3882 1188 πᾶσαν

2279 1221 2424 1293 ἡμῶν
2462 1226 2556 1280 τὴν
2580 1227 2707 1298 πρός
2744 1223 2899 1276 αὐτὸν
2945 1226 3221 1296 συνάφειαν
3272 1220 3523 1276 διαλῦσαι
3716 1225 3887 1278 Ἐπειο

2282 1305 2349 1367 δὴ
2378 1306 2437 1363 δὲ
2491 1316 2581 1363 καὶ
2613 1312 2681 1372 εἰς
2727 1312 2963 1365 Κιλικίαν
3002 1312 3176 1380 ἐλθὼν,
3208 1316 3299 1365 καὶ
3333 1317 3605 1385 συντυχὼν
3650 1313 3884 1385 Γελασίῳ

2279 1402 2404 1461 τινὶ,
2457 1404 2633 1452 πίστιν
2674 1400 2814 1472 αὐτῷ
2867 1400 3081 1467 ἐξέθετο,
3132 1401 3191 1459 ἢν
3230 1406 3387 1474 μόνου
3434 1405 3513 1473 (6)
3569 1398 3628 1460 ἦν
3678 1402 3885 1476 Ἀρείου

2285 1487 2614 1561 συγγράψαι,
2643 1495 2733 1541 καὶ
2781 1493 2825 1542 εἴ
2870 1509 2950 1551 τις
2980 1491 3139 1542 αὐτοῦ
3193 1496 3403 1561 γνήσιος
3442 1492 3676 1562 μαθητής
3706 1507 3718 1521 ·
3760 1496 3884 1544 τότε

2285 1571 2353 1634 δὴ
2381 1581 2471 1629 καὶ
2508 1577 2658 1630 πλέον
2696 1582 2822 1652 πρός
2855 1582 2941 1632 τὸν
2972 1583 3251 1654 χωρισμόν
3280 1578 3659 1652 ἐϐεϐαιώθημεν
3689 1597 3702 1609 ·
3730 1580 3885 1652 λογι-

2286 1676 2518 1747 σάμενοι,
2547 1678 2625 1728 ὅτι
2656 1680 2771 1729 οὔτε
2798 1677 2987 1748 Αἰθίοψ
3021 1677 3225 1741 ἀλλάξει
3254 1680 3378 1730 ποτὶ
3396 1681 3454 1730 τό
3483 1673 3650 1753 δέρμα
3696 1677 3882 1745 αὐτοῦ,

510 1783 643 1825 ram
671 1766 940 1823 maculas
961 1782 1100 1822 suas
1125 1766 1191 1835 ‘3,
1214 1781 1411 1837 neque
1440 1764 1753 1820 hominem
1784 1763 1843 1818 in
1875 1759 2173 1834 perversis

2285 1767 2400 1816 οὔτε
2423 1761 2683 1839 πάρδαλις
2702 1765 2768 1818 τα
2786 1765 3105 1840 ποικίλματα
3128 1767 3259 1826 αὐτῆ
3272 1789 3310 1837 ς,
3344 1770 3460 1820 οὔτε
3488 1769 3513 1819 ό
3544 1769 3594 1819 ἐν
3626 1763 3885 1841 διαστρό-

508 1856 804 1913 nutritum
869 1854 1263 1925 dogmatibus
1311 1852 1557 1909 haeresis
1624 1852 1835 1908 vitium
1910 1850 2174 1906 deterere

508 1960 711 2018 posse.

580 2040 633 2090 2.
687 2034 785 2089 llis
839 2031 1043 2089 audax
1092 2030 1326 2089 facinus
1376 2030 1628 2099 addidit,
1659 2034 1727 2085 ut
1775 2030 1839 2085 in
1866 2042 1979 2085 nos
2030 2026 2174 2083 scri-

507 2123 675 2180 beret
727 2122 819 2179 vel
884 2122 1086 2194 potius
1145 2124 1534 2194 componeret
1587 2119 1804 2191 longos
1865 2132 2173 2173 sermones

509 2211 674 2267 omni
705 2210 976 2266 convicio
1008 2226 1079 2265 ac
1107 2209 1411 2264 calumnia
1446 2207 1693 2263 refertos
1727 2224 1739 2262 :
1775 2206 1998 2279 quibus
2025 2203 2173 2259 nihil

506 2297 932 2371 respondimus
961 2297 1276 2365 hactenus,
1304 2301 1623 2370 propterea
1649 2295 1817 2368 quod
1840 2293 2035 2353 edocti
2079 2308 2173 2347 su-

508 2404 645 2445 mus
699 2386 777 2443 ab
832 2388 1116 2459 Apostolo
1163 2402 1285 2443 non
1344 2385 1749 2460 nosmetipsos
1790 2382 2013 2452 ulcisci,
2065 2380 2173 2437 sed

506 2476 705 2534 locum
739 2478 840 2533 ira:
870 2476 1016 2533 dare
1042 2479 1120 2545 ‘9;
1152 2481 1280 2532 tum
1311 2476 1492 2531 etiam
1548 2475 1693 2547 quia
1734 2490 1875 2529 cum
1905 2470 2172 2529 conside-

506 2582 779 2623 raremus
808 2564 1307 2621 dissimulationis
1337 2564 1728 2636 profundum,
1760 2579 1884 2635 qua
1913 2578 2041 2618 sese
2069 2577 2174 2617 no-

505 2655 598 2711 bis
623 2655 789 2711 omni
820 2660 1087 2727 tempore
1120 2654 1465 2721 insinuavit,
1504 2659 1652 2708 muti
1683 2653 1953 2725 quodam
1989 2650 2172 2707 modo

506 2761 630 2818 pra:
672 2750 913 2816 stupore
970 2744 1161 2800 effecti
1213 2760 1451 2801 sumus.
1483 2745 1698 2799 Verum
1736 2742 1972 2799 etiamsi
2025 2737 2172 2796 nihil

505 2833 721 2890 horum
751 2837 927 2899 esset,
962 2832 1026 2888 id
1077 2833 1243 2905 quod
1291 2848 1500 2888 recens
1531 2848 1718 2887 ausus
1769 2838 1877 2897 est,
1929 2832 2171 2888 cuinam

504 2923 818 2981 horrorem
870 2923 1213 2980 ethominis
1244 2922 1705 2980 detestationem
1759 2924 1999 2995 penitus
2048 2940 2171 2979 non

505 3014 856 3083 ingeneret?
882 3012 993 3079 Qui
1023 3012 1297 3069 videlicet
1353 3016 1418 3069 ut
1470 3012 1653 3069 audio
1682 3013 1754 3083 (si
1783 3012 1967 3067 modo
1994 3029 2171 3068 verus

504 3118 733 3171 rumor,
773 3118 884 3158 nec
920 3106 1332 3158 commentum
1382 3107 1470 3158 est
1522 3102 1599 3158 ad
1653 3102 2021 3158 calumniam
2075 3117 2170 3157 ex-
2201 3127 2240 3183 α

507 3192 879 3261 cogitatum),
946 3191 1126 3247 etiam
1189 3191 1535 3247 reordinare
1601 3190 1925 3247 nonnullos
1986 3207 2171 3246 ausus

508 3284 618 3345 est,
659 3280 826 3351 quod
881 3279 1169 3336 hactenus
1219 3280 1298 3338 ab
1346 3281 1758 3336 haereticorum
1803 3282 2040 3335 nemine
2081 3280 2170 3335 fa—

508 3373 671 3425 ctum
713 3368 967 3425 videtur.
1002 3369 1319 3434 Quomodo
1393 3387 1535 3441 ergo
1581 3370 1709 3426 hinc
1763 3370 1969 3425 leniter
2020 3370 2171 3425 ferre

506 3458 832 3532 possimus,
901 3463 956 3515 et
1032 3459 1326 3515 sanabilia
1382 3460 1643 3515 hominis
1690 3464 1939 3531 peccata
1984 3460 2173 3514 existi-

508 3564 674 3606 mare
699 3548 727 3605 ?
758 3548 963 3621 Itaque
1014 3549 1396 3604 sermonibus
1430 3549 1593 3605 falsis
1631 3566 1704 3604 ne
1753 3549 2165 3619 abducamini,

508 3654 704 3713 neque
756 3639 1075 3695 hominum
1137 3640 1311 3710 223
1368 3640 1574 3695 omnia
1639 3640 1700 3694 in
1760 3639 1984 3695 malam
2037 3656 2174 3711 par-

510 3737 630 3789 tem
660 3728 1086 3801 accipientium
1118 3729 1566 3801 suspicionibus
1592 3729 1778 3785 ﬁdem
1814 3728 2172 3798 adhibeatis,

509 3819 687 3891 quasi
708 3834 819 3874 nos
844 3834 939 3874 res
971 3818 1323 3889 hujusmodi
1353 3819 1413 3874 in
1448 3818 1926 3874 indid‘erentibus
1978 3835 2171 3891 pona-

510 3924 668 3963 mus.
699 3910 816 3963 Hoc
846 3907 1006 3962 enim
1035 3907 1139 3963 tibi
1170 3907 1563 3979 persuadeas,
1593 3909 1682 3963 vir
1721 3908 1895 3965 nobis
1944 3908 2176 3964 deside-

510 3996 808 4051 ratissime
839 4011 908 4050 ac
945 3996 1390 4064 colendissune,
1426 4012 1742 4069 nunquam
1791 4014 1887 4052 me
1946 4003 2176 4053 tantum

513 4084 738 4140 doloris
768 4083 972 4140 animo
995 4101 1130 4140 meo
1158 4091 1470 4159 acceptum
1496 4087 1971 4159 scire,quantum
1992 4103 2175 4166 nunc,

515 4190 655 4229 cum
684 4172 759 4228 de
791 4172 1331 4230 ecclesiasticarum
1360 4174 1562 4246 legum
1593 4176 2037 4247 perturbatione
2068 4193 2179 4233 au-

515 4261 654 4318 divi.
707 4262 822 4319 Sed
871 4262 1065 4317 solum
1121 4280 1388 4335 precare,
1428 4271 1492 4320 ut
1538 4265 1635 4320 det
1673 4265 1850 4320 nobis
1894 4266 2178 4321 Dominus

515 4352 762 4409 nihilex
793 4352 1107 4410 iracundia
1159 4369 1357 4425 agere,
1386 4354 1492 4410 sed
1535 4356 1885 4411 charitatem
1932 4356 2179 4430 habere,

517 4459 653 4516 quae
684 4459 747 4499 se
773 4442 1053 4499 indecore
1083 4459 1204 4499 non
1228 4444 1990 4513 gerit,necinﬂatur’°.Vide
2018 4448 2177 4503 enim
2209 4480 2253 4536 υ

517 4531 1039 4604 quemadmodum
1078 4534 1182 4605 qui
1212 4550 1283 4589 ea
1311 4540 1536 4603 carent,
1591 4552 1775 4608 supra
1831 4552 2179 4595 mensuram

518 4621 852 4678 humanam
884 4622 1020 4677 elati
1050 4622 1186 4692 sint,
1227 4628 1284 4679 et
1311 4624 1591 4681 indecore
1625 4641 1689 4681 se
1724 4630 1957 4697 gerant,
1997 4642 2069 4684 ea
2098 4628 2181 4685 fa-

521 4711 726 4767 cinora
754 4711 1063 4785 audentes,
1091 4727 1353 4785 quorum
1387 4715 1752 4787 prmteritum
1795 4720 2028 4789 tempus
2058 4733 2181 4775 non

518 4799 705 4857 habet
732 4800 1034 4873 exempla.

596 4980 640 5016 ³⁸
676 4981 910 5036 Jer.xm
935 4983 1023 5037 23.
1102 4981 1147 5017 ’³
1174 4984 1344 5039 Rom.
1378 4998 1473 5052 xu,
1520 4987 1606 5042 l9.
1682 4985 1732 5021 1°
1761 4987 1777 5041 l
1806 4986 1937 5043 Cor.
1967 5001 2091 5054 xm,
2123 4988 2179 5042 4.

595 5140 671 5223 (4)
702 5147 808 5204 Τῆς
840 5139 1318 5223 isagoijtatres
1349 5145 1735 5223 vetustissimi
1762 5147 2003 5223 codices
2035 5164 2173 5223 cum

523 5215 706 5284 Regio
738 5215 1026 5271 secundo.
1060 5216 1209 5271 Editi
1256 5225 1351 5280 τῆς
1394 5218 1575 5274 αὐτοῦ.
1631 5219 1819 5276 Paulo
1868 5225 2004 5284 post
2034 5220 2175 5277 editi

522 5283 919 5359 s’vamtpavrog,
948 5289 1084 5359 Tres
1133 5287 1317 5344 iidem
1364 5290 1600 5347 codices
1651 5306 1786 5347 cum
1820 5283 2078 5349 Clarom.
2122 5297 2179 5349 et

523 5359 665 5433 Res:
699 5356 973 5433 ascende
997 5356 1383 5433 ἐνσπείραντας·

597 5429 675 5565 ἓὸ)
711 5429 859 5484 Vide
888 5429 1205 5488 Addenda.

622 5502 675 5565 6)
704 5499 797 5551 Ἢν
822 5505 1005 5565 μόνου.
1047 5507 1130 5558 Ita
1178 5506 1205 5558 Ε

622 5502 675 5567 6)
704 5499 797 5551 Ἢν
822 5505 1005 5578 μόνεου.
1047 5507 1153 5578 Ita
1178 5501 1357 5578 Har-1.,
1393 5502 1563 5571 Med.,
1598 5502 1772 5560 Coisl.
1820 5508 2069 5578 uterque
2121 5510 2180 5564 et

527 5569 671 5647 Reg.
702 5569 1024 5647 secundus.
1058 5574 1201 5647 Editi
1244 5575 1303 5633 ἢν
1326 5569 1496 5647 μονον.

599 5638 675 5706 (7)
700 5642 1026 5717 Συγγράψας.
1057 5645 1199 5702 Vide
1228 5638 1414 5719 supra
1437 5651 1610 5705 notas
1635 5647 1713 5705 ad
1738 5648 2055 5723 epistolam
2082 5653 2171 5718 24,

2283 1872 2390 1925 φοις
2421 1848 2655 1927 δόγμασι
2688 1861 2992 1929 συντραφεὶς
3024 1855 3421 1930 ἀποτρίψασθαι
3452 1852 3673 1910 δύναται
3702 1859 3761 1908 τό
3792 1876 3887 1909 κα-

2283 1944 2373 1994 κὸν
2402 1952 2497 2005 τῆς
2530 1942 2790 2016 ἀὶρέσεως.

2352 2035 2405 2085 2.
2470 2034 2918 2086 Ἐπενεανιεύσατο
2986 2031 3046 2088 δὲ
3092 2036 3291 2097 τούτοις
3351 2039 3441 2089 καὶ
3501 2035 3709 2109 γράψας
3762 2035 3885 2089 καθ’

2282 2122 2448 2192 ἡμῶν,
2481 2121 2669 2193 μᾶλλον
2702 2120 2760 2176 δὲ
2792 2124 3101 2197 συγγράψας
3139 2127 3217 2197 (7)
3255 2125 3436 2197 λόγους
3491 2126 3718 2201 μακρούς
3774 2127 3885 2178 πά-

2285 2230 2377 2271 σης
2418 2208 2688 2285 λοιδορίας
2739 2217 2828 2264 καὶ
2869 2219 3219 2286 συκοφαντίας
3273 2219 3568 2288 γέμοντας·
3629 2218 3754 2290 ὑπὲρ
3816 2214 3884 2266 ὧν

2283 2296 2432 2352 οὐδὲν
2484 2298 2868 2376 ἀπεκρινάμεθα
2912 2306 3058 2371 τέως,
3101 2300 3194 2356 διὰ
3248 2307 3306 2356 τό
3368 2300 3701 2377 διδαχθῆναι
3739 2307 3887 2379 παρὰ

2286 2398 2372 2441 τοῦ
2421 2388 2764 2463 Ἀποστόλου,
2814 2396 2884 2464 μὴ
2924 2391 3135 2453 ἑαυτοὺς
3182 2390 3427 2461 ἐκδικεῖν,
3487 2393 3613 2445 ἀλλὰ
3667 2390 3885 2447 διδόναι

2280 2483 2438 2531 τόπον
2468 2486 2530 2551 τῇ
2588 2479 2716 2555 ὀργῇ
2752 2502 2764 2514 ο
2806 2486 2895 2534 καὶ
2932 2482 3043 2555 ἅμα
3098 2482 3427 2544 ἐννοήσαντες
3475 2487 3533 2535 τό
3574 2482 3734 2556 βάθος
3793 2492 3887 2543 τῆς

2282 2568 2625 2641 ὑποκρίσεως,
2683 2570 2794 2641 μεθ’
2830 2570 2887 2631 ἧς
2947 2573 3114 2623 πάντα
3168 2575 3253 2624 τὸν
3306 2578 3496 2647 χρόνον
3544 2575 3667 2645 ἡμῖν
3720 2592 3888 2648 προσ-

2284 2660 2505 2729 ηνέχθη,
2577 2658 2776 2731 ἀφασίᾳ
2840 2666 2941 2712 τινὶ
2990 2661 3077 2713 ὑπ’
3132 2660 3415 2724 ἐκπλήξεως
3462 2664 3879 2735 κατεσχέθημεν,

2284 2748 2345 2798 Εἰ
2398 2744 2456 2799 δὲ
2512 2754 2601 2800 καὶ
2648 2745 2813 2821 μηδὲν
2868 2747 2927 2807 ἦν
2978 2749 3195 2817 ἐκείνων,
3228 2754 3283 2802 τό
3331 2753 3555 2823 ἇπόγυον
3602 2760 3773 2822 τοῦτο,
3824 2757 3882 2804 τὸ

2282 2836 2530 2908 τολμηθὲν
2579 2837 2740 2907 αὐτῷ,
2776 2842 2876 2890 τίνι
2905 2840 3000 2891 οὐκ
3046 2838 3107 2890 ἂν
3160 2845 3347 2913 φρίκην
3401 2846 3488 2892 καὶ
3546 2839 3881 2917 ἀποστροφὴν

2281 2925 2501 2983 παντελῆ
2564 2934 2656 2977 τοῦ
2714 2923 2898 2999 ἀνδρὸς
2936 2926 3267 2994 ἆνεποίησενς
3328 2930 3383 2989 ὅς
3442 2948 3522 3000 γε,
3585 2931 3653 2990 ὡς
3708 2928 3885 2981 ἀκούω

2280 3016 2406 3084 (εἴγε
2438 3012 2680 3074 ἀληθὴςό
2736 3014 2902 3087 λόγος,
2933 3021 3019 3067 καὶ
3073 3021 3143 3088 μὴ
3185 3016 3405 3089 πλάσμα
3452 3016 3593 3069 ἐστὶν
3644 3016 3727 3069 ἐπὶ
3765 3015 3887 3070 δια.

2282 3101 2402 3173 ϐολῇ
2452 3104 2729 3173 συντεθὲν),
2785 3106 2864 3155 ὅτι
2921 3110 3009 3157 καὶ
3060 3104 3536 3179 ἀναχειροτονῆσαί
3560 3125 3701 3167 τινας
3747 3106 3887 3158 ἐτόλ-

2279 3210 2465 3263 μησεν,
2516 3192 2733 3264 ὃμέχρι
2788 3199 3011 3267 σήμερον
3041 3191 3215 3255 οὐδεὶς
3261 3204 3363 3246 τῶν
3422 3198 3689 3270 αἱρετικών
3720 3200 3886 3254 ποιή-

2283 3299 2380 3342 σας
2419 3286 2669 3353 φαίνεται.
2716 3289 2829 3344 Πῶς
2883 3280 2971 3334 οὖν
3016 3280 3236 3336 δυνατόν
3292 3287 3471 3359 πράως
3525 3290 3689 3357 φέρειν
3741 3287 3888 3357 ἡμᾶς

2280 3373 2346 3421 τὰ
2388 3378 2626 3439 τοιαῦτα,
2667 3376 2756 3423 καὶ
2812 3372 2999 3445 ἰάσιμα
3042 3371 3172 3425 εἶναί
3198 3374 3423 3446 νομίζειν
3460 3382 3548 3426 τοῦ
3581 3371 3771 3448 ἀνδρὸς
3822 3378 3888 3426 τὰ

2283 3458 2671 3532 ἁμαρτήματας
2707 3465 2791 3519 Μὴ
2837 3467 3007 3514 τοίνυν
3058 3459 3281 3533 ψευδέσι
3338 3463 3513 3534 λόγοις
3558 3465 3885 3537 παράγεσθε,

2282 3546 2421 3621 μηδὲ
2451 3552 2717 3611 ὑπονοίαις
2773 3547 2975 3626 ἀνδρῶν
3032 3553 3203 3604 πάντα
3241 3552 3459 3614 εὐκόλως
3502 3557 3630 3627 πρός
3673 3558 3730 3605 τό
3786 3573 3885 3605 κα-

2284 3642 2370 3690 κὸν
2432 3638 2848 3711 ἐκλαμϐανόντων
2907 3643 3169 3712 πείθεσθε,
3229 3645 3298 3704 ὡς
3358 3643 3460 3715 οἰρα
3526 3644 3676 3715 ἡμεῖς
3724 3639 3887 3695 ἀδιά-

2286 3748 2417 3803 φορα
2456 3730 2531 3800 (8)
2586 3732 2831 3802 τιθέμεθα
2876 3733 2942 3782 τὰ
2996 3740 3232 3786 τοιαυτα.
3269 3737 3494 3785 Γίνωσκε
3548 3736 3671 3805 γὰρ,
3711 3734 3892 3785 ποθει-

2284 3822 2465 3869 νότατε
2502 3819 2626 3889 ἡμῖν
2663 3824 2753 3871 καὶ
2780 3824 3080 3891 τιμιώτατε,
3137 3822 3217 3873 ὃτι
3266 3824 3410 3873 οὔπω
3453 3818 3577 3874 οἶδα
3632 3830 3893 3874 τοσοῦτον

2285 3908 2467 3969 πένθος
2527 3907 2705 3961 ἀλλοτε
2755 3917 2816 3980 τῇ
2885 3908 3039 3981 ψυχῇ
3096 3929 3197 3982 μου
3254 3908 3696 3983 παραδεξάμενος,
3762 3914 3894 3964 ὅσον

2285 4004 2394 4064 νῦν,
2468 3997 2548 4049 ὅτε
2601 4001 2805 4055 ἤκουσα
2852 4006 2950 4049 τῶν
3019 3998 3468 4057 ἐκκλησιαστικῶν
3529 4003 3730 4073 θεσμῶν
3792 4006 3893 4059 τὴν

2290 4088 2578 4157 σύγχυσιν.
2611 4086 2767 4140 Ἀλλὰ
2794 4090 2940 4160 μένον
2966 4088 3152 4160 εὔχου,
3200 4089 3283 4141 ἵνα
3314 4085 3423 4161 δῴη
3478 4091 3600 4162 ἡμῖν
3641 4090 3667 4141 ό
3699 4091 3900 4163 Κύριος

2286 4170 2452 4247 μηδὲν
2499 4179 2633 4227 κατά
2677 4177 2837 4249 θυμόν
2895 4174 3129 4250 ἐνεργεῖν,
3173 4176 3280 4231 ἀλλ’
3332 4181 3472 4250 ἔχειν
3523 4185 3615 4239 τὴν
3656 4178 3896 4250 ἀγάπην,

2288 4266 2401 4324 ἣτις
2425 4265 2520 4317 οὐκ
2559 4264 2872 4338 ἀσχημονεῖ,
2902 4267 2960 4318 οὐ
3004 4275 3305 4339 φυσιοῦται.
3329 4267 3467 4342 Ὀρα
3492 4271 3594 4343 γὰρ
3635 4271 3775 4328 ὅπως
3817 4270 3901 4333 (9)

2287 4352 2335 4404 οἰ
2382 4358 2452 4425 μὴ
2487 4357 2688 4425 ἔχοντες
2740 4357 2935 4413 ταύτην
2980 4355 3290 4432 ἐπήρθησαν
3330 4361 3419 4430 μὲν
3472 4359 3597 4434 ὑπὲρ
3630 4360 3694 4410 τα
3722 4362 3897 4431 μέτρα

2286 4444 2352 4494 τὰ
2377 4440 2689 4518 ἀνθρώπινα,
2718 4443 3143 4519 ἐνασχημονοῦσι
3174 4443 3232 4500 δὲ
3258 4456 3330 4519 τῷ
3372 4446 3496 4520 βίῳ,
3529 4447 3903 4520 κκτατολμῶν-

2285 4550 2361 4593 τες
2390 4532 2621 4607 πράξεων
2663 4536 2797 4607 (10),
2844 4535 2910 4586 ὧν
2951 4536 3277 4613 όΙπαρελθὼν
3307 4542 3495 4611 χρόνος
3525 4535 3621 4589 οὐκ
3670 4540 3790 4608 ἔχει
3831 4540 3898 4590 70':

2290 4618 2650 4696 ὑποδείγματα
2662 4664 2675 4677 .

2288 5160 2423 5218 quae
2443 5142 2519 5218 ad
2542 5143 2927 5218 {\thanasium
2958 5142 3343 5218 Ancyranum
3377 5142 3598 5218 scripta
3629 5146 3739 5199 est.

2299 5212 2437 5340 ςδμξ)
2472 5212 2779 5290 Ἀδιάφορα.
2808 5212 3255 5287 Regsecundus
3287 5219 3343 5272 et
3372 5212 3547 5271 Coisl.
3582 5214 3901 5271 secundus

2299 5309 2321 5340 κ
2367 5307 2594 5340 ιαωοοον.

2290 5307 2594 5340 αοιαωοοον.

2358 5309 2600 5434 (ιὸἷῗὲῗέά
2627 5359 2725 5434 γάρ
2766 5359 2917 5419 ὅπως.
2962 5360 3048 5415 Ita
3075 5374 3221 5415 mss.
3264 5374 3390 5416 sex.
3421 5357 3570 5415 Editi
3603 5356 3741 5435 Ὀρα
3791 5360 3901 5435 γὰρ

2328 5452 2414 5485 ως.

2287 5452 2414 5485 πων.

2358 5472 2396 5571 (ἶ
2412 5506 2463 5575 Ο)
2497 5501 2926 5575 Κατατολμῶντες
2978 5501 3233 5575 πράξεων,
3275 5506 3386 5558 etc.
3423 5501 3547 5558 Hoc
3574 5500 3903 5575 reordina-

2284 5574 2462 5630 tionis
2488 5573 2913 5645 facinus,quod
2936 5573 3142 5629 rumor
3163 5573 3241 5630 ad
3264 5575 3547 5630 Basilium
3572 5573 3903 5643 detulerat,

2285 5662 2410 5703 non
2439 5645 2671 5702 videtur
2700 5646 2871 5702 certis
2896 5645 3131 5703 indiciis
3160 5645 3341 5703 fuisse
3371 5646 3827 5703 conﬁrmatum.
