4054 6200
485 258 596 315 867
1868 251 1925 309 S.
1965 242 2227 304 BASILII
2263 247 2481 305 MAGNI

482 381 978 451 condemnarent,
1012 378 1205 436 multa
1257 393 1499 436 mecum
1551 377 1967 444 considerans,
2007 390 2149 431 cau-
2179 375 2226 427 Α
2258 376 2347 425 καὶ
2445 375 2533 426 ἀπ’
2608 375 2883 451 ἀλλοτρίων
2991 378 3105 449 (17)

492 488 628 530 sam
688 470 959 527 invenire
1006 484 1132 526 non
1175 484 1451 542 possum,
1483 468 1602 524 nisi
1653 466 1841 541 quod,
1876 465 1937 521 id
1979 462 2149 537 quod

2283 472 2568 536 ιατοαρῖναι
2621 464 2754 537 (18),
2817 468 2979 520 πολλὰ
3044 467 3384 539 λογισάμενος
3440 466 3553 518 κατ’
3605 466 3847 539 ἐμαυτὸν,

491 562 661 619 initio
707 560 852 627 dixi,
900 559 1083 631 hujus
1126 558 1305 615 etiam
1367 560 1450 613 rei
1515 557 1887 624 molestiam,
1944 570 2151 626 poenav

2286 560 2473 604 πινοεῖν
2518 558 2611 612 τὴν
2667 555 2836 608 αἰτίαν
2893 556 2986 608 οῦκ
3039 558 3166 627 ἔχω,
3235 556 3277 608 εἰ
3322 561 3419 628 μὴ,
3469 558 3590 630 ὅπερ
3651 555 3707 617 ἐξ
3765 555 3859 629 ἀρ-

493 668 652 720 rum,
675 667 809 725 quae
852 648 999 706 mihi
1048 649 1128 705 ob
1175 651 1426 723 peccata
1467 647 1684 703 debitae
1734 647 2151 718 sunt,partem

497 758 631 800 esse
656 739 949 814 judicavi.

3748 255 3853 309 568

2445 372 2533 426 ἀπ’
2608 374 2883 453 ἀλλοτρίων
2991 378 3105 449 (17)
3195 378 3624 451 συγγραμμάτων
3716 378 3865 449 ἡμᾶς

2260 649 2365 713 χῆς
2414 643 2573 709 εἷπον,
2622 648 2777 719 μέρος
2830 648 3005 720 ἔκρινα
3063 642 3189 698 εἶναι
3233 654 3332 696 τῶν
3383 644 3716 717 ὀφειλομένων
3765 665 3858 717 μοι

2264 727 2359 783 διὰ
2406 733 2499 794 τὰς
2560 730 2812 807 ἁμαρτίας
2880 734 3159 804 κολάσεων,
3226 739 3315 786 καὶ
3366 739 3461 793 τὴν
3520 734 3604 786 ἐπὶ
3653 736 3857 795 τούτοις

2262 819 2450 879 λύπην.

571 924 625 976 2.
668 920 816 975 Nam
868 916 1135 990 primum
1186 915 1436 990 quidem
1489 915 1694 972 animo
1751 912 1937 981 dolui,
1988 910 2156 985 quod

500 1007 781 1064 veritates
808 1023 843 1062 a
863 1006 1000 1062 filiis
1024 1005 1343 1062 hominum
1390 1004 1697 1060 diminutas
1728 1003 1841 1059 sint
1876 1018 1889 1057 :
1943 1000 2157 1057 deinde

500 1114 647 1155 vero
694 1102 934 1169 egomet
980 1096 1125 1153 mihi
1166 1096 1356 1163 timui,
1390 1112 1464 1151 ne
1515 1095 1692 1151 etiam
1735 1093 1867 1150 aliis
1898 1092 2159 1165 peccatis

504 1187 715 1245 odium
731 1188 1050 1244 hominum
1079 1187 1424 1257 adjicerem,
1453 1184 1600 1241 nihil
1623 1200 1751 1241 esse
1778 1183 1918 1239 ﬁdei
1946 1183 2007 1238 in
2038 1181 2161 1238 ullo

504 1293 754 1351 prorsus
799 1277 1045 1333 homine
1107 1275 1499 1341 existimans;
1553 1273 1853 1347 siquidem
1893 1271 1977 1328 illi
2025 1271 2161 1344 ipsi,

507 1367 731 1440 quibus
778 1366 840 1422 in
870 1364 1155 1422 maximis
1182 1364 1363 1420 rebus
1406 1364 1814 1433 conﬁdebam,
1844 1362 1991 1418 tales
2018 1376 2164 1432 erga

506 1470 627 1521 me,
659 1454 807 1511 tales
836 1470 981 1526 erga
1008 1454 1209 1526 ipsam
1241 1454 1550 1510 veritatem
1581 1468 1711 1509 sese
1754 1452 2162 1525 praebuerunt.

510 1543 754 1601 Noveris
806 1543 1006 1615 igitur,
1062 1543 1242 1600 frater
1289 1547 1347 1599 et
1398 1542 1678 1616 quisquis
1707 1541 1970 1599 veritatis
2000 1557 2165 1598 ama-

2283 1532 2435 1591 κῦτήν
2516 1533 2777 1606 ἐφάνησαν
2849 1539 2944 1593 τὴν
3020 1534 3282 1594 ἀλήθειαν.
3366 1541 3589 1589 Γίνωσκε
3668 1542 3860 1607 τοίνυν,

511 1636 630 1700 tor,
653 1648 766 1689 nec
818 1649 958 1689 mea
1003 1648 1135 1689 esse
1166 1632 1411 1705 scripta,
1441 1647 1553 1688 nec
1600 1630 1746 1687 mihi
1776 1630 2041 1704 probari,
2091 1630 2163 1686 si-

2283 1620 2481 1696 ἂδελφὶ,
2514 1628 2604 1676 καὶ
2649 1630 2752 1685 πᾶς
2799 1626 2946 1687 ὅστις
2975 1634 3069 1687 τῆς
3124 1624 3365 1688 ἀληθείας
3406 1624 3573 1698 φίλος,
3604 1632 3735 1699 μήτε
3770 1626 3865 1699 ἐμὰ

510 1723 761 1797 quidem
792 1739 916 1779 non
946 1740 1018 1779 ex
1049 1738 1187 1779 mea
1230 1722 1525 1779 sententia
1548 1721 1875 1794 composita
1905 1721 2159 1777 fuerunt.

2283 1712 2404 1765 εἶναι
2455 1715 2522 1765 τὰ
2560 1716 2924 1787 συντάγματα,
2980 1718 3094 1767 οὔτε
3150 1714 3465 1787 ἀρέσκεσθαι
3505 1716 3616 1787 (‘20)
3664 1716 3864 1784 αὐτοῖς,

513 1812 688 1879 Quod
730 1812 779 1869 si
815 1812 1025 1886 scripsi
1073 1812 1406 1886 aliquando
1444 1815 1583 1868 ante
1615 1826 1808 1867 annos
1839 1810 2061 1867 multos
2087 1810 2165 1867 ad

2283 1801 2384 1854 ἐπεὶ
2439 1806 2510 1874 μὴ
2567 1810 2627 1875 τῇ
2691 1802 3018 1886 ἐμῇ-γνώμη
3074 1806 3493 1880 συγγεγράφθαι.
3551 1806 3611 1859 Εἰ
3659 1802 3719 1858 δι
3777 1806 3866 1858 ἑπ-

511 1883 1064 1976 Apolinarium—aut
1093 1883 1464 1976 ad—aliquem
1506 1902 1711 1973 alium,
1738 1902 2011 1959 accusari
2041 1917 2167 1958 non

2283 1890 2479 1943 ἑστειλά
2522 1911 2646 1945 ποτε
2688 1883 2816 1967 πρὸ’
2844 1892 3041 1946 πολλῶν
3090 1894 3334 1946 ἐνιαυτῶν
3374 1894 3483 1965 (21)
3524 1894 3865 1969 Ἀπολιναρίῳ

512 1989 727 2048 debeo.
762 1995 906 2049 Nam
940 2007 1051 2048 nec
1080 1992 1211 2065 ipse
1250 2007 1494 2061 accuso,
1522 1991 1571 2046 si
1602 1990 1738 2064 quis
1770 2007 1842 2047 ex
1891 1990 2168 2047 sodalitio

2283 1982 2307 2039 ἦ
2344 1980 2477 2053 ἀλλῳ
2524 1987 2647 2049 τινὶ,
2708 1982 3040 2053 ἐγκαλεῖσθαι
3096 1984 3190 2036 οῦκ
3244 1983 3445 2057 ὀφείλω,
3479 1988 3611 2038 Οῦτε
3633 1988 3735 2056 γὰρ
3781 1984 3870 2037 αῦ-

514 2079 718 2153 aliquo
760 2080 820 2137 in
854 2081 1131 2137 haeresim
1176 2080 1485 2137 abscissus
1515 2083 1607 2136 est
1649 2079 1923 2151 (omnino
1967 2084 2169 2136 autem

511 2166 790 2223 homines
824 2167 1097 2236 novistis,
1123 2167 1359 2225 tametsi
1404 2167 1763 2224 nominatim
1800 2182 1924 2224 non
1958 2166 2170 2240 appel-

511 2254 618 2328 lo),
659 2257 805 2329 quia
856 2258 1276 2330 unusquisque
1308 2274 1417 2314 suo
1452 2257 1639 2330 ipsius
1665 2260 1915 2330 peccato
1951 2257 2171 2313 morie-

512 2348 631 2401 tur.
665 2348 799 2401 Haac
843 2346 1093 2419 quidem
1148 2346 1227 2403 ad
1276 2347 1529 2403 missum
1584 2352 1816 2404 tomum
1860 2346 2169 2420 respondi,

514 2436 583 2488 ut
610 2436 668 2488 et
692 2432 819 2506 ipse
840 2434 1143 2491 veritatem
1191 2434 1509 2505 intelligas,
1537 2440 1596 2491 et
1624 2435 1695 2490 iis
1716 2435 1821 2507 qui
1860 2435 2172 2492 veritatem

512 2520 576 2577 in
623 2521 915 2593 injustitia
956 2523 1221 2581 detinere
1260 2524 1493 2596 nolunt,
1524 2525 1912 2581 manifestam
1959 2524 2171 2581 facias.

514 2608 687 2676 Quod
748 2612 799 2667 si
851 2611 1044 2669 fusius
1109 2612 1377 2683 singulas
1445 2612 1891 2669 criminationes
1944 2612 2171 2669 diluere

510 2701 859 2773 oportuerit,
921 2705 981 2758 et
1038 2702 1177 2771 hoc,
1252 2702 1581 2773 adjuvante
1642 2704 1782 2771 Deo,
1841 2701 2167 2776 praestabo.

513 2791 652 2857 Nos,
685 2789 867 2847 frater
899 2791 1160 2864 Olympi,
1196 2805 1393 2864 neque
1423 2790 1571 2847 deos
1598 2795 1715 2847 tres
1745 2791 2024 2863 dicimus,
2057 2807 2169 2848 nec

513 2893 655 2934 cum
726 2880 1073 2953 Apolinario
1129 2880 1655 2937 communicamus

2334 914 2389 965 2.
2444 917 2655 984 Πρῶτον
2712 914 2801 985 μὲν
2847 915 2949 986 γὰρ
3010 915 3371 971 κατεπὲνθησα
3432 921 3494 986 τῇ
3550 912 3731 987 ψυχῇ,
3779 916 3858 967 ὅτι

2268 997 2611 1070 ὠλιγῶθησαν
2668 1003 2722 1053 αἱ
2777 1000 3014 1061 ἀλήθειαι
3067 1002 3167 1054 ἀπὸ
3215 1012 3313 1054 τῶν
3365 1005 3488 1055 υἱῶν
3536 1012 3634 1055 τῶν
3668 1002 3863 1078 ἀνθρώ-

2268 1108 2397 1140 πων·
2452 1091 2630 1142 ἔπειτα
2682 1087 2741 1143 δὲ
2796 1098 2886 1145 και
2934 1091 3188 1165 ἐφοϐήθην
3246 1093 3401 1155 αὐτὸς
3454 1098 3571 1168 περὶ
3611 1093 3860 1167 ἐμαυτοῦ,

2270 1183 2340 1250 μή
2387 1198 2510 1231 ποτε
2564 1183 2695 1255 πρὸς
2750 1189 2868 1243 ταῖς
2918 1182 3030 1253 (19)
3088 1181 3268 1244 ἄλλαις
3320 1181 3598 1257 ἁμαρτίαις
3630 1188 3720 1234 καὶ
3770 1188 3861 1241 τὴν

2270 1270 2668 1343 μισανθρωπίαν
2698 1272 2868 1338 πάθω,
2901 1267 3051 1323 οῦδὲν
3081 1274 3267 1323 πιστὸν
3316 1270 3365 1323 ἐν
3419 1268 3592 1324 οὐδενὶ
3648 1272 3863 1344 λογιζό-

2271 1372 2417 1425 μενος
2469 1351 2619 1424 εἶναι,
2686 1356 2824 1428 εἴπερ
2885 1358 2933 1407 οἱ
3003 1355 3075 1417 εἰς
3124 1358 3188 1408 τὰ
3260 1360 3489 1429 μέγιστα
3556 1357 3680 1432 παρ’
3742 1357 3863 1429 ἐμοῦ

2271 1446 2629 1507 πιστευθέντες
2686 1454 2912 1498 τοιοῦτοι
2938 1449 3028 1519 μεν
3085 1451 3204 1522 περὶ
3252 1447 3355 1520 ἐμὲ,
3388 1455 3614 1499 τοιοῦτοι
3645 1444 3703 1500 δὲ
3748 1452 3865 1521 περὶ

2278 2074 2365 2132 τὸς
2419 2072 2529 2143 (22)
2577 2071 2794 2143 ἐγκαλῶ,
2842 2076 2886 2125 εἰ
2936 2093 3017 2134 τις
3064 2072 3118 2125 ἐκ
3175 2082 3269 2134 τῆς
3324 2072 3553 2147 ἑταιρίας
3604 2078 3745 2137 τινὸς
3807 2074 3871 2134 εἰς

2281 2163 2478 2234 α’ίρεσιν
2532 2163 2836 2233 ἀπεσχίσθη
2893 2159 3097 2234 (οἴδατε
3147 2160 3204 2216 δι
3252 2166 3457 2225 πάντως
3506 2167 3627 2226 τοὺς
3655 2160 3870 2239 ἄνδρας,

2280 2249 2374 2302 κᾶν
2415 2253 2667 2323 ὀνομαστὶ
2696 2256 2768 2323 μὴ
2791 2250 2965 2323 λέγω),
2999 2248 3137 2305 διότι
3185 2253 3403 2315 ἕκαστος
3543 2250 3657 2325 ἰδίᾳ
3702 2252 3873 2327 ἀμαρ-

2280 2344 2369 2412 τία
2418 2338 2771 2395 ἀποθανεῖται.
2827 2346 3005 2393 Ταῦτα
3054 2349 3143 2393 νῦν
3197 2344 3287 2414 μεν
3332 2341 3685 2417 ἀπεκρινάμην
3743 2345 3875 2417 πρὸς

2281 2431 2367 2480 τὸν
2413 2426 2770 2480 ἀποσταλέντα
2824 2432 2979 2501 τόμον
3048 2430 3181 2501 (23)⁸
3241 2434 3326 2482 ἵνα
3373 2434 3526 2493 αὐτὸς
3576 2451 3630 2484 τε
3682 2428 3877 2493 εἰδείης

2280 2522 2374 2576 τήν
2433 2516 2694 2585 ἀληθειαν,
2746 2522 2836 2569 καὶ
2887 2526 2995 2581 τοῖς
3034 2517 3366 2592 βουλομένοις
3418 2525 3488 2593 μὴ
3535 2525 3778 2592 κατέχειν
3811 2525 3876 2583 ὡς

2281 2606 2328 2659 ἐν
2386 2603 2571 2679 ἀδικίᾳ
2600 2608 2712 2676 (24)
2776 2611 2870 2666 τὴν
2925 2607 3166 2666 ἀληθειαν
3234 2612 3450 2684 φανερὰν
3502 2612 3873 2684 καταστήσῃς·

2282 2696 2365 2749 ἐὰν
2414 2692 2474 2748 δε
2526 2692 2618 2769 δέῃ
2672 2701 2761 2749 καὶ
2820 2696 3133 2771 πλατύτερον
3182 2700 3308 2771 ὑπὲρ
3366 2698 3585 2751 ἑκάστου
3641 2708 3741 2751 τῶν
3793 2701 3873 2753 ἐπ-

2280 2787 2587 2857 ενεχθέντων
2636 2787 2759 2857 ἡμῖν
2814 2784 3271 2857 ἀπολογήσασθαι,
3326 2788 3416 2839 καὶ
3452 2796 3601 2841 τοῦτο
3649 2795 3877 2847 ποιησο-

2278 2895 2390 2949 μεν,
2420 2883 2511 2927 τοῦ
2563 2882 2697 2928 Θεοῦ
2748 2884 3131 2951 συνεργοῦντος.
3186 2878 3381 2950 Ἡμεῖς,
3442 2874 3627 2949 ἀδελφε
3679 2879 3880 2952 Ὀλύμ-

2278 2984 2383 3029 πιε,
2436 2967 2552 3017 οὔτε
2594 2972 2726 3038 τρεῖς
2759 2967 2903 3027 θεοὺς
2946 2966 3060 3038 (‘25)
3086 2966 3315 3040 λέγομεν,
3359 2971 3495 3021 οὔτε⁸
3531 2968 3879 3045 Ἀπολιναρίῳ

2209 3086 2249 3142 C
2279 3060 2620 3126 κοινωνοῦμεν
2633 3096 2645 3109 .

1016 3166 1355 3223 EPISTOLA
1393 3165 1666 3222 CXXXll'.

2815 3168 3150 3217 ΕΠΙΣΤΟᾹΗ
3183 3163 3342 3221 ΡΛΒ’.

517 3254 669 3312 Cum
693 3255 852 3312 varii
876 3255 949 3312 de
974 3255 1265 3313 Abramio
1290 3270 1589 3312 sermones
1612 3259 1824 3321 essent,
1847 3255 2055 3381 scritgit
2072 3254 2163 3383 2d
2178 3266 2333 3377 (emt):
2350 3251 2632 3334 .Basilius
2661 3253 2861 3335 statim
2894 3268 2965 3308 ac
2986 3253 3195 3309 didicit
3223 3255 3283 3309 in
3307 3253 3531 3310 adibus
3563 3254 3887 3313 Saturnini

1792 3341 1942 3382 com:
1973 3343 2022 3382 ιε
2130 3342 2171 3382 η
2202 3338 2295 3379 zoc
2341 3338 2409 3379 ue
2437 3338 2689 3379 versari.

1792 3338 2022 3382 comins
2072 3338 2409 3382 Anuocmm
2437 3338 2689 3379 versari.

856 3398 1142 3455 Abramio
1173 3400 1439 3470 episcopo
1466 3398 1830 3454 Batnorum.

594 3505 720 3570 Quo
772 3502 833 3560 in
887 3503 1021 3561 loco
1067 3504 1259 3578 pietas
1315 3509 1417 3560 tua
1446 3507 1716 3561 versetur
1746 3502 1844 3559 ab.
1878 3506 2172 3560 autumno

518 3609 772 3669 prorsus
802 3593 1093 3665 ignoravi.
1130 3595 1358 3651 Etenim
1389 3594 1650 3651 incertos
1674 3594 1967 3664 {rumores
1999 3609 2173 3667 repe-

591 3740 613 3762 ¹
652 3738 813 3795 Alias
846 3740 1085 3811 CCCXV.
1118 3739 1349 3811 Scripta
1377 3743 1686 3811 anno373.

597 3813 710 3885 (17)
744 3811 844 3864 Απ’
905 3809 1203 3885 ἀλλοτρίῶν.
1249 3808 1429 3885 Coisl.
1464 3810 1697 3885 primus
1739 3808 1816 3863 ἐπ’
1872 3808 2169 3885 ἀλλοτρίων.

596 3882 704 3951 (18)
747 3881 1116 3957 Κατακρῑναιή
1145 3883 1329 3948 Harl.,
1367 3881 1506 3950 Reg.
1554 3881 1783 3957 primus
1810 3885 1867 3936 et
1916 3881 2171 3937 Clarom.

522 3957 866 4026 κατακρίνειν,
899 3953 956 4026 et
978 3953 1161 4026 paulo
1186 3959 1327 4026 post.
1366 3959 1672 4026 κατανοεῖν.,
1702 3953 1803 4026 _Hic
1832 3956 2036 4008 autem
2066 3968 2173 4025 ap-

522 4022 723 4096 posita
751 4027 878 4096 erat
931 4022 994 4079 in
1048 4022 1747 4096 editissinterrogationis
1776 4027 1941 4091 nota,
1985 4022 2173 4096 quam

524 4093 727 4165 tollere
759 4093 948 4165 satius
988 4110 1121 4165 esse
1159 4094 1531 4161 existimavi;
1564 4108 1760 4165 neque
1788 4093 2173 4151 tamen‘con-

525 4163 794 4230 tendam,
818 4163 866 4218 si
893 4164 1029 4237 quis
1060 4165 1489 4237 apponendam
1517 4163 1763 4235 judicet.

594 4236 886 4317 (19)]Ιρρς
928 4236 1068 4298 ταῖς.
1102 4236 1363 4317 Uterque
1415 4239 1552 4306 Reg.
1604 4241 1953 4317 et_uterque
1984 4237 2174 4305 Bigot.

525 4305 665 4381 cum
711 4305 881 4381 Cois]:
934 4307 1201 4364 secundo
1239 4305 1308 4379 μή
1362 4327 1480 4360 ποτε
1507 4305 1736 4381 προσθῶ
1776 4305 1959 4369 ταῖς...
1990 4328 2179 4379 μισαν-

528 4380 762 4453 θρωπίαν
781 4375 955 4435 οῦδὲν,

751 4449 1111 4523 Ἀρέσαεσθαι.
1174 4453 1422 4523 ltaocto
1484 4466 1635 4523 mss.
1688 4448 1835 4523 Editi
1874 4448 2170 4523 ἀρκεῖσθαι.

525 4520 754 4595 [bidem
793 4520 923 4595 _tres
966 4520 1362 4595 _vetustissimi
1390 4520 1625 4576 codices
1679 4520 1786 4595 ἐπεὶ
1816 4520 1989 4593 pira
2050 4522 2170 4595 ἐμῇ·

520 4589 677 4730 satu
701 4588 839 4663 μηδὲ
859 4600 919 4663 τῇ
956 4592 1073 4664 ἐμῇ,
1102 4608 1209 4649 nec
1237 4608 1312 4649 ex
1335 4607 1462 4649 mea
1507 4588 1825 4648 sententia'
1849 4588 2175 4662 conipos'it'a

559 4676 731 4719 uisse.

559 4676 731 4719 ιιιεεε.

594 4734 708 4801 (21)
752 4734 1044 4787 Ἐνιαυτῶν.

526 4802 673 4859 Εάἱιί
702 4803 845 4862 ἐτῶν.

596 4875 712 4951 (ἓὲλ
747 4877 933 4951 Αὐτὸς,
966 4876 1158 4951 Edditi
1180 4877 1411 4951 addunt
1440 4877 1561 4951 ἐγώ,
1590 4878 1756 4951 quod
1787 4877 1953 4933 deest
1974 4877 2173 4951 indsex

523 4946 747 5003 nostris
803 4949 1133 5005 codicibus.
1200 4950 1301 5005 Hic
1355 4946 1557 5005 autem
1610 4946 1873 5006 Videtur
1924 4949 2172 5005 Basilius

523 5016 731 5093 Arium
752 5024 809 5075 et
855 5020 1088 5093 Aetium
1132 5019 1479 5093 designare,
1513 5037 1775 5093 quorum
1807 5020 2043 5093 primus
2069 5023 2174 5093 Eu-

526 5089 728 5145 statbii
755 5091 1059 5165 magister,
1091 5091 1239 5147 alter
1283 5089 1612 5165 discipulus
1651 5089 1862 5159 fuerat,
1895 5096 1959 5148 ut
1988 5091 2169 5148 disci-

522 5175 661 5216 mus
691 5178 764 5217 ex
789 5162 1053 5235 epistolis
1078 5166 1180 5219 293
1214 5168 1270 5219 et
1305 5164 1430 5235 240.

594 5236 708 5305 (⁸23)
746 5232 932 5305 Τύριον.
966 5234 1117 5289 Editi
1146 5240 1283 5305 post
1310 5234 1469 5290 hanc
1506 5250 1717 5291 vocem
1762 5234 1997 5290 addunt
2022 5232 2168 5305 ἀλλά,

521 5302 628 5359 sed
658 5302 871 5361 melius
898 5306 1063 5361 deest
1082 5302 1359 5361 in'tribus
1388 5305 1808 5362 vetustissimis
1838 5302 2169 5363 codicibus.

593 5378 719 5448 (24)Δ
740 5376 829 5438 Ὠς
856 5376 908 5448 έν
944 5373 1150 5433 ἀδικία.
1184 5379 1351 5432 Deest
1378 5377 1572 5448 prima
1619 5375 1836 5448 vocula
1859 5376 2170 5448 ,inrmultis

517 5446 823 5519 veteribus
852 5447 1044 5511 libris,
1085 5462 1209 5503 non
1236 5446 1437 5502 tamen
1464 5448 1525 5503 in
1556 5447 2014 5519 antiquissimis.
2054 5448 2168 5505 lbi-

518 5512 658 5569 dem
688 5518 830 5573 editi
854 5524 1217 5580 καταστήσας.
1250 5520 1389 5574 Mss.
1411 5523 1476 5574 ut
1503 5519 1565 5575 in
1594 5512 1779 5575 textu.

590 5585 701 5655 (25)
737 5594 881 5660 Τρεῖς
941 5592 1103 5652 θεοὺς.
1166 5591 1333 5662 Saepe
1398 5589 1547 5648 alias
1599 5590 1761 5647 hunc
1807 5589 1989 5649 trium
2026 5590 2167 5649 deo-

1127 4737 1212 4792 Ita
1273 4739 1391 4791 tres
1440 4734 1844 4808 antiquissimi
1901 4735 2163 4794 codices.

2640 3393 2929 3469 Ἀϐραμίῳ,
2964 3394 3230 3469 ἱπισκὸπῳ
3263 3404 3482 3454 Βατνῶν.

2356 3504 2532 3556 Πάντα
2588 3505 2674 3555 τὸν
2731 3500 2830 3555 ἀπὸ
2884 3511 2974 3556 τοῦ
3030 3509 3332 3580 μετοπώρου
3400 3510 3589 3580 χρόνον
3636 3506 3883 3577 ἠγνόησα

2282 3598 2397 3667 περὶ
2448 3600 2539 3653 τῆς
2596 3591 2863 3655 εὐλαϐείας
2926 3612 3043 3663 σου,
3100 3595 3228 3646 ὅπου
3305 3590 3530 3667 duis/us.
3588 3600 3689 3649 Καὶ
3776 3600 3881 3674 γὰρ

2284 3752 2418 3793 rum
2458 3750 2719 3791 errorem
2744 3734 3055 3791 Catholicis
3077 3735 3277 3792 Ariani
3302 3736 3683 3795 aﬂinxerunt.
3712 3742 3890 3798 Hunc

2283 3808 2605 3883 Gregorius
2649 3807 3088 3883 Nazianzenus_,_
3131 3813 3281 3863 orat.
3315 3814 3363 3873 t,
3396 3813 3453 3865 et
3477 3814 3566 3873 29.
3594 3826 3654 3883 p.
3705 3816 3796 3879 16,
3831 3818 3894 3870 et

2282 3877 2655 3944 489,refellit,
2678 3883 2797 3935 uta
2817 3878 3123 3934 nonnullis
3128 3877 3790 4005 ίξηόριιειιειῑιιιιιζ(111οέ
3800 3884 3895 3939 ni-

2284 3951 2400 4005 mis
2429 3949 2797 4005 orthodoxos
2829 3954 3021 4005 vocat.
3054 3952 3122 4005 Se
3192 3954 3415 4005 tamen.
3440 3968 3574 4005 cum
3598 3952 3771 4005 nulla
3790 3971 3895 4005 ex—

2284 3951 2400 4007 mis
2429 3949 2797 4006 orthodoxos
2829 3954 3021 4007 vocat.
3054 3949 3169 4007 Sed
3192 3949 3415 4020 tamen,
3440 3968 3574 4008 cum
3598 3949 3771 4010 nulla
3790 3971 3897 4011 ex-

2288 4026 2445 4094 stent
2474 4021 2695 4094 saaculo
2715 4026 2930 4094 quarto
2972 4022 3154 4091 hujus
3203 4022 3419 4079 erroris
3462 4025 3735 4094 vestigia,
3761 4042 3895 4083 cre-

2286 4092 2663 4166 dere‘malim
2719 4091 2801 4166 ita
2842 4091 3112 4166 locutum
3157 4108 3286 4149 esse
3346 4091 3721 4166 Gregorium,
3762 4114 3895 4153 non

2285 4164 2452 4237 quod
2481 4164 2610 4237 ipse
2640 4163 2821 4237 hujus
2841 4163 3087 4237 hteresis
3108 4168 3430 4221 sectatores
3459 4163 3899 4237 deprehendis-

2287 4234 2392 4301 s'et,
2418 4234 2709 4309 sedquod
2739 4250 2813 4291 ea
2839 4234 2915 4291 de
2940 4251 3173 4309 _re,quae
3200 4251 3327 4309 rem
3358 4234 3732 4309 causamque
3765 4256 3898 4297 non

2288 4306 2653 4378 continebat,
2690 4322 2829 4363 cum
2854 4306 3089 4363 Arianis
3135 4306 3368 4378 litigare
3395 4308 3595 4365 nollet.
3629 4306 3725 4366 Sic
3780 4314 3895 4367 Ba-

2212 4401 2255 4453 ο
2288 4377 2451 4433 silius
2508 4378 2660 4453 inter
2723 4394 2815 4453 ea,
2865 4393 3002 4450 qua;
3078 4377 3384 4453 Eustathio
3443 4380 3898 4439 subscribendo.

2286 4448 2655 4522 proponitiin
2677 4449 2848 4522 epist.
2884 4448 3006 4522 125,
3040 4465 3163 4522 non
3184 4451 3402 4507 omittit
3424 4453 3743 4521 lugiendos
3765 4470 3897 4511 esse

2285 4521 2379 4577 eos
2403 4521 2527 4592 ’qui
2552 4521 2775 4577 Filium
2797 4521 3084 4592 ,Patri,get
3108 4521 3264 4582 Filio
3290 4522 3576 4592 Spiritum
3602 4533 3893 4582 sanctum

2280 4591 2666 4666 pz'azponunt.
2684 4596 2767 4666 At
2789 4591 2851 4647 id
2874 4591 3124 4648 Basilius
3151 4591 3388 4649 videtur
3418 4594 3612 4666 potius
3639 4612 3895 4653 conces-

2285 4662 2433 4746 sisse
2480 4662 2803 4746 Eustathio,
2837 4678 3023 4745 quam
3067 4679 3177 4746 sua
3203 4662 3886 4746 sponte—necessarium

2283 4734 2540 4791 duxisse.
2573 4738 2774 4808 Neque
2802 4734 2963 4808 enim
3006 4734 3324 4808 probabile
3365 4740 3453 4792 est
3502 4737 3618 4794 hoc
3673 4755 3892 4796 errore

2281 4806 3069 4933 guemquam'insaniisse:
3132 4806 3240 4863 sed
3286 4807 3629 4865 Eustathius
3677 4814 3735 4866 et
3780 4810 3894 4866 alii

2325 4877 2816 4933 neumatomachi
2843 4877 3004 4933 hanc
3032 4882 3241 4933 notam
3279 4878 3516 4933 inurere
3564 4881 3894 4933 tentabant

2325 4877 2816 4934 neumatomachi
2843 4877 3004 4933 hanc
3032 4882 3241 4935 notam
3279 4878 3516 4936 inurere
3564 4881 3895 4938 tentabant

2281 4949 2540 5034 veritatis
2587 4948 3028 5019 defensoribus,
3060 4950 3239 5034 iac-in.
3279 4949 3487 5034 primis
3514 4951 3730 5034 llasilig
3772 4953 3894 5034 qui

2281 5020 2647 5094 calumniam
2692 5036 2730 5076 a
2755 5036 2817 5076 se
2860 5020 3174 5094 propulsat
3209 5020 3463 5094 _i_n‘epist
3512 5026 3637 5078 25L
3673 5020 3895 5080 Simile

2281 5036 2647 5076 calumniam
2692 5036 2730 5076 a
2755 5036 2817 5076 se
2851 5036 3174 5148 (propulsat
3224 5036 3286 5077 1n
3307 5036 3463 5094 epist
3512 5036 3637 5078 251.
3673 5036 3895 5080 Simile

2280 5090 2626 5174 exemplum
2653 5107 2861 5174 suppe.
2893 5093 3042 5174 itaut
3076 5092 3651 5174 Apolinaristm,‘qui
3689 5100 3897 5174 utea-

2281 5163 2502 5219 tholico
2550 5163 2815 5233 dogmati
2846 5163 3142 5219 invidiam
3167 5170 3455 5231 crearent,
3496 5163 3652 5221 duos
3701 5165 3893 5223 Filios

2281 5234 2359 5290 ab
2390 5234 2756 5310 adversariis
2786 5234 2907 5310 suis
2943 5233 3179 5310 admitti
3204 5235 3895 5310 etMariamlhominipa-

2278 5321 2410 5362 ram
2436 5305 2553 5361 dici
2577 5304 2905 5376 fingebant.
2932 5305 3247 5377 Gregorius
3278 5307 3682 5364 Nazianzenus
3712 5304 3897 5366 hunc

2279 5392 2543 5433 errorem
2583 5393 2791 5434 recens
2830 5382 3108 5433 exortum
3139 5393 3269 5433 esse
3300 5378 3442 5434 dicit
3495 5379 3556 5435 in
3595 5383 3749 5435 orat.
3791 5385 3893 5446 14,

2280 5463 2343 5521 p.
2399 5450 2521 5521 221.
2569 5451 2874 5521 Nyssenus
2916 5465 3060 5521 vero
3107 5454 3172 5505 ut
3216 5450 3694 5507 commentitium
3716 5451 3896 5509 etab

2277 5519 3150 5603 Apolinaris‘tis‘impudenter
3207 5521 3416 5603 ﬁctum
3469 5521 3739 5596 explodit
3821 5524 3902 5581 in

2279 5590 2452 5665 epist.
2487 5591 2566 5649 ad
2586 5590 2981 5662 Eustathium,
3003 5598 3047 5648 t.
3077 5595 3170 5661 III,
3201 5608 3263 5666 p.
3292 5596 3419 5650 660.
