  <div class='ocr_page' id='page_1' title='image "/cluster/home/n/w/nwhite01/storage/ocr_20150623/32/hvd.32044048207401/290.png"; bbox 0 0 4054 6204; ppageno 0'>
   <div class='ocr_carea' id='block_1_1' title="bbox 202 275 2611 338">
    <p class='ocr_par' dir='ltr' id='par_1_1' title="bbox 202 275 2611 338">
     <span class='ocr_line' id='line_1_1' title="bbox 202 275 2611 338; baseline 0.002 -5"><span class='ocrx_word' id='word_1_1' title='bbox 202 278 299 333; x_wconf 76' lang='lat'>569</span> <span class='ocrx_word' id='word_1_2' title='bbox 1137 277 1624 335; x_wconf 81' lang='lat' dir='ltr'>EPISTOLARUM</span> <span class='ocrx_word' id='word_1_3' title='bbox 1661 275 1947 335; x_wconf 75' lang='lat' dir='ltr'>CLASSIS</span> <span class='ocrx_word' id='word_1_4' title='bbox 1983 279 2049 333; x_wconf 85' lang='lat' dir='ltr'>Il.</span> <span class='ocrx_word' id='word_1_5' title='bbox 2090 278 2307 337; x_wconf 84' lang='lat' dir='ltr'>EPIST.</span> <span class='ocrx_word' id='word_1_6' title='bbox 2349 281 2611 338; x_wconf 83' lang='lat' dir='ltr'>CXXXIV.</span> 
     </span>
    </p>
   </div>
   <div class='ocr_carea' id='block_1_2' title="bbox 3445 281 3551 337">
    <p class='ocr_par' dir='ltr' id='par_1_2' title="bbox 3445 281 3551 337">
     <span class='ocr_line' id='line_1_2' title="bbox 3445 281 3551 337; baseline 0 0"><span class='ocrx_word' id='word_1_7' title='bbox 3445 281 3551 337; x_wconf 83' lang='lat'>570</span> 
     </span>
    </p>
   </div>
   <div class='ocr_carea' id='block_1_3' title="bbox 202 395 1786 475">
    <p class='ocr_par' dir='ltr' id='par_1_3' title="bbox 202 395 1780 475">
     <span class='ocr_line' id='line_1_3' title="bbox 202 395 1780 475; baseline 0.002 -26"><span class='ocrx_word' id='word_1_8' title='bbox 202 396 575 469; x_wconf 71' lang='grc' dir='ltr'>πεπλανημένας</span> <span class='ocrx_word' id='word_1_9' title='bbox 620 395 711 458; x_wconf 78' lang='grc' dir='ltr'>τὰς</span> <span class='ocrx_word' id='word_1_10' title='bbox 765 401 940 471; x_wconf 80' lang='grc' dir='ltr'>φήμας</span> <span class='ocrx_word' id='word_1_11' title='bbox 1001 399 1260 475; x_wconf 72' lang='grc' dir='ltr'>εὕρισκον,</span> <span class='ocrx_word' id='word_1_12' title='bbox 1336 410 1434 453; x_wconf 86' lang='grc' dir='ltr'>τῶν</span> <span class='ocrx_word' id='word_1_13' title='bbox 1489 403 1579 473; x_wconf 72' lang='grc' dir='ltr'>μὶν</span> <span class='ocrx_word' id='word_1_14' title='bbox 1611 399 1780 472; x_wconf 76' lang='grc' dir='ltr'>ἀπαγ-</span> 
     </span>
    </p>
   </div>
   <div class='ocr_carea' id='block_1_4' title="bbox 1902 395 3552 475">
    <p class='ocr_par' dir='ltr' id='par_1_4' title="bbox 1902 400 3552 469">
     <span class='ocr_line' id='line_1_4' title="bbox 1902 400 3552 469; baseline 0.003 -13"><span class='ocrx_word' id='word_1_15' title='bbox 1902 400 2149 469; x_wconf 87' lang='lat' dir='ltr'>riebam,</span> <span class='ocrx_word' id='word_1_16' title='bbox 2186 403 2316 460; x_wconf 85' lang='lat' dir='ltr'>aliis</span> <span class='ocrx_word' id='word_1_17' title='bbox 2349 408 2403 461; x_wconf 90' lang='lat' dir='ltr'>te</span> <span class='ocrx_word' id='word_1_18' title='bbox 2446 402 2772 461; x_wconf 89' lang='lat' dir='ltr'>Samosatis</span> <span class='ocrx_word' id='word_1_19' title='bbox 2803 404 3169 461; x_wconf 86' lang='lat' dir='ltr'>commorari</span> <span class='ocrx_word' id='word_1_20' title='bbox 3226 404 3552 462; x_wconf 88' lang='lat' dir='ltr'>nuntianti-</span> 
     </span>
    </p>
   </div>
   <div class='ocr_carea' id='block_1_5' title="bbox 200 485 1782 563">
    <p class='ocr_par' dir='ltr' id='par_1_5' title="bbox 200 485 1782 563">
     <span class='ocr_line' id='line_1_5' title="bbox 200 485 1782 563; baseline 0.001 -24"><span class='ocrx_word' id='word_1_21' title='bbox 200 487 458 558; x_wconf 74' lang='grc' dir='ltr'>γελλόντων</span> <span class='ocrx_word' id='word_1_22' title='bbox 525 485 576 538; x_wconf 84' lang='grc' dir='ltr'>ἐν</span> <span class='ocrx_word' id='word_1_23' title='bbox 628 490 951 560; x_wconf 86' lang='grc' dir='ltr'>Σαμοσάτοις</span> <span class='ocrx_word' id='word_1_24' title='bbox 1009 486 1298 563; x_wconf 81' lang='grc' dir='ltr'>διατρίϐειν</span> <span class='ocrx_word' id='word_1_25' title='bbox 1368 510 1462 543; x_wconf 87' lang='grc' dir='ltr'>σου</span> <span class='ocrx_word' id='word_1_26' title='bbox 1503 495 1597 549; x_wconf 77' lang='grc' dir='ltr'>τὴν</span> <span class='ocrx_word' id='word_1_27' title='bbox 1629 489 1782 542; x_wconf 79' lang='grc' dir='ltr'>εῦλά-</span> 
     </span>
    </p>
   </div>
   <div class='ocr_carea' id='block_1_6' title="bbox 204 573 1785 654">
    <p class='ocr_par' dir='ltr' id='par_1_6' title="bbox 204 573 1785 654">
     <span class='ocr_line' id='line_1_6' title="bbox 204 573 1785 654; baseline 0.001 -26"><span class='ocrx_word' id='word_1_28' title='bbox 204 576 352 644; x_wconf 79' lang='grc' dir='ltr'>ϐειαν,</span> <span class='ocrx_word' id='word_1_29' title='bbox 404 585 498 628; x_wconf 84' lang='grc' dir='ltr'>τῶν</span> <span class='ocrx_word' id='word_1_30' title='bbox 554 573 611 628; x_wconf 70' lang='grc' dir='ltr'>δε</span> <span class='ocrx_word' id='word_1_31' title='bbox 656 576 707 628; x_wconf 72' lang='grc' dir='ltr'>ἐν</span> <span class='ocrx_word' id='word_1_32' title='bbox 746 586 807 651; x_wconf 75' lang='grc' dir='ltr'>τῇ</span> <span class='ocrx_word' id='word_1_33' title='bbox 837 585 1011 654; x_wconf 60' lang='grc' dir='ltr'>χώρῳ</span> <span class='ocrx_word' id='word_1_34' title='bbox 1040 579 1202 633; x_wconf 78' lang='grc' dir='ltr'>ἄλλων</span> <span class='ocrx_word' id='word_1_35' title='bbox 1234 577 1293 634; x_wconf 72' lang='grc' dir='ltr'>δὲ</span> <span class='ocrx_word' id='word_1_36' title='bbox 1318 585 1436 654; x_wconf 78' lang='grc' dir='ltr'>περὶ</span> <span class='ocrx_word' id='word_1_37' title='bbox 1466 582 1559 641; x_wconf 82' lang='grc' dir='ltr'>τὰς</span> <span class='ocrx_word' id='word_1_38' title='bbox 1587 578 1785 652; x_wconf 80' lang='grc' dir='ltr'>βάτνας</span> 
     </span>
    </p>
   </div>
   <div class='ocr_carea' id='block_1_7' title="bbox 204 663 1785 743">
    <p class='ocr_par' dir='ltr' id='par_1_7' title="bbox 204 663 1785 743">
     <span class='ocr_line' id='line_1_7' title="bbox 204 663 1785 743; baseline 0.002 -25"><span class='ocrx_word' id='word_1_39' title='bbox 204 667 351 728; x_wconf 79' lang='grc' dir='ltr'>αῦτὰς</span> <span class='ocrx_word' id='word_1_40' title='bbox 412 663 883 740; x_wconf 71' lang='grc' dir='ltr'>διαϐεϐαιουμένων</span> <span class='ocrx_word' id='word_1_41' title='bbox 932 669 1229 743; x_wconf 80' lang='grc' dir='ltr'>ἑωρακέναι·</span> <span class='ocrx_word' id='word_1_42' title='bbox 1265 667 1351 723; x_wconf 82' lang='grc' dir='ltr'>διὸ</span> <span class='ocrx_word' id='word_1_43' title='bbox 1384 667 1507 723; x_wconf 65' lang='grc' dir='ltr'>οὐδὲ</span> <span class='ocrx_word' id='word_1_44' title='bbox 1549 679 1785 741; x_wconf 82' lang='grc' dir='ltr'>συνεχῶς</span> 
     </span>
    </p>
   </div>
   <div class='ocr_carea' id='block_1_8' title="bbox 206 754 1783 833">
    <p class='ocr_par' dir='ltr' id='par_1_8' title="bbox 206 754 1783 833">
     <span class='ocr_line' id='line_1_8' title="bbox 206 754 1783 833; baseline 0.001 -25"><span class='ocrx_word' id='word_1_45' title='bbox 206 754 475 811; x_wconf 74' lang='grc' dir='ltr'>ἐπέστειλα.</span> <span class='ocrx_word' id='word_1_46' title='bbox 538 764 649 809; x_wconf 79' lang='grc' dir='ltr'>Νῦν</span> <span class='ocrx_word' id='word_1_47' title='bbox 714 754 792 829; x_wconf 73' lang='grc' dir='ltr'>δὲ,</span> <span class='ocrx_word' id='word_1_48' title='bbox 850 760 1027 831; x_wconf 83' lang='grc' dir='ltr'>μαθὼν</span> <span class='ocrx_word' id='word_1_49' title='bbox 1076 763 1124 812; x_wconf 75' lang='grc' dir='ltr'>ἐν</span> <span class='ocrx_word' id='word_1_50' title='bbox 1181 762 1481 833; x_wconf 78' lang='grc' dir='ltr'>Ἀντιοχείᾳ</span> <span class='ocrx_word' id='word_1_51' title='bbox 1557 756 1783 831; x_wconf 85' lang='grc' dir='ltr'>διάγειν,</span> 
     </span>
    </p>
   </div>
   <div class='ocr_carea' id='block_1_9' title="bbox 206 844 1787 925">
    <p class='ocr_par' dir='ltr' id='par_1_9' title="bbox 206 844 1787 925">
     <span class='ocr_line' id='line_1_9' title="bbox 206 844 1787 925; baseline 0.002 -29"><span class='ocrx_word' id='word_1_52' title='bbox 206 845 255 897; x_wconf 78' lang='grc' dir='ltr'>ἐν</span> <span class='ocrx_word' id='word_1_53' title='bbox 294 854 352 918; x_wconf 66' lang='grc' dir='ltr'>τῇ</span> <span class='ocrx_word' id='word_1_54' title='bbox 393 845 523 917; x_wconf 75' lang='grc' dir='ltr'>οἰκία</span> <span class='ocrx_word' id='word_1_55' title='bbox 568 853 660 898; x_wconf 91' lang='grc' dir='ltr'>τοῦ</span> <span class='ocrx_word' id='word_1_56' title='bbox 717 844 1140 919; x_wconf 81' lang='grc' dir='ltr'>αἰδεσιμωτάτου</span> <span class='ocrx_word' id='word_1_57' title='bbox 1181 855 1483 925; x_wconf 80' lang='grc' dir='ltr'>Σατορνίνου</span> <span class='ocrx_word' id='word_1_58' title='bbox 1538 856 1629 901; x_wconf 88' lang='grc' dir='ltr'>τοῦ</span> <span class='ocrx_word' id='word_1_59' title='bbox 1703 852 1787 900; x_wconf 84' lang='grc' dir='ltr'>κό-</span> 
     </span>
    </p>
   </div>
   <div class='ocr_carea' id='block_1_10' title="bbox 206 932 1785 1013">
    <p class='ocr_par' dir='ltr' id='par_1_10' title="bbox 206 932 1785 1013">
     <span class='ocr_line' id='line_1_10' title="bbox 206 932 1785 1013; baseline 0.002 -27"><span class='ocrx_word' id='word_1_60' title='bbox 206 954 378 1005; x_wconf 85' lang='grc' dir='ltr'>μητος,</span> <span class='ocrx_word' id='word_1_61' title='bbox 434 932 603 987; x_wconf 79' lang='grc' dir='ltr'>ἔδωκα</span> <span class='ocrx_word' id='word_1_62' title='bbox 658 940 755 994; x_wconf 77' lang='grc' dir='ltr'>τήν</span> <span class='ocrx_word' id='word_1_63' title='bbox 803 935 1079 997; x_wconf 76' lang='grc' dir='ltr'>ἐπιστολὴν</span> <span class='ocrx_word' id='word_1_64' title='bbox 1148 942 1430 1013; x_wconf 77' lang='grc' dir='ltr'>προθύμως</span> <span class='ocrx_word' id='word_1_65' title='bbox 1484 946 1554 1009; x_wconf 79' lang='grc' dir='ltr'>τῷ</span> <span class='ocrx_word' id='word_1_66' title='bbox 1610 938 1785 990; x_wconf 86' lang='grc' dir='ltr'>ποθει-</span> 
     </span>
    </p>
   </div>
   <div class='ocr_carea' id='block_1_11' title="bbox 204 1024 1786 1101">
    <p class='ocr_par' dir='ltr' id='par_1_11' title="bbox 204 1024 1786 1101">
     <span class='ocr_line' id='line_1_11' title="bbox 204 1024 1786 1101; baseline 0.003 -27"><span class='ocrx_word' id='word_1_67' title='bbox 204 1026 388 1094; x_wconf 76' lang='grc' dir='ltr'>νοτάτῳ</span> <span class='ocrx_word' id='word_1_68' title='bbox 440 1029 524 1076; x_wconf 80' lang='grc' dir='ltr'>καὶ</span> <span class='ocrx_word' id='word_1_69' title='bbox 586 1024 940 1099; x_wconf 72' lang='grc' dir='ltr'>εὐλαϐεστάτῳ</span> <span class='ocrx_word' id='word_1_70' title='bbox 998 1024 1201 1101; x_wconf 76' lang='grc' dir='ltr'>ἀδελφῷ</span> <span class='ocrx_word' id='word_1_71' title='bbox 1269 1031 1641 1100; x_wconf 80' lang='grc' dir='ltr'>Σαγκτισσίμῳ</span> <span class='ocrx_word' id='word_1_72' title='bbox 1715 1035 1786 1097; x_wconf 81' lang='grc' dir='ltr'>τῷ</span> 
     </span>
    </p>
   </div>
   <div class='ocr_carea' id='block_1_12' title="bbox 206 1107 1785 1185">
    <p class='ocr_par' dir='ltr' id='par_1_12' title="bbox 206 1107 1785 1185">
     <span class='ocr_line' id='line_1_12' title="bbox 206 1107 1785 1185; baseline 0.002 -27"><span class='ocrx_word' id='word_1_73' title='bbox 206 1107 631 1183; x_wconf 66' lang='grc' dir='ltr'>σνμπρεσϐυτέρῳ</span> <span class='ocrx_word' id='word_1_74' title='bbox 658 1111 788 1181; x_wconf 82' lang='lat'>(26),</span> <span class='ocrx_word' id='word_1_75' title='bbox 824 1107 899 1163; x_wconf 81' lang='grc' dir='ltr'>δι’</span> <span class='ocrx_word' id='word_1_76' title='bbox 954 1112 1014 1164; x_wconf 77' lang='grc' dir='ltr'>οὗ</span> <span class='ocrx_word' id='word_1_77' title='bbox 1042 1114 1481 1185; x_wconf 83' lang='grc' dir='ltr'>προσφθέγγομαί</span> <span class='ocrx_word' id='word_1_78' title='bbox 1541 1131 1634 1164; x_wconf 90' lang='grc' dir='ltr'>σου</span> <span class='ocrx_word' id='word_1_79' title='bbox 1692 1115 1785 1169; x_wconf 73' lang='grc' dir='ltr'>τὴν</span> 
     </span>
    </p>
   </div>
   <div class='ocr_carea' id='block_1_13' title="bbox 201 1196 1786 1277">
    <p class='ocr_par' dir='ltr' id='par_1_13' title="bbox 201 1196 1786 1277">
     <span class='ocr_line' id='line_1_13' title="bbox 201 1196 1786 1277; baseline 0.008 -30"><span class='ocrx_word' id='word_1_80' title='bbox 201 1196 405 1267; x_wconf 79' lang='grc' dir='ltr'>ἀγάπην,</span> <span class='ocrx_word' id='word_1_81' title='bbox 504 1199 839 1274; x_wconf 79' lang='grc' dir='ltr'>παρακαλῶν,</span> <span class='ocrx_word' id='word_1_82' title='bbox 924 1202 1149 1277; x_wconf 79' lang='grc' dir='ltr'>ὅπουπερ</span> <span class='ocrx_word' id='word_1_83' title='bbox 1224 1201 1285 1253; x_wconf 81' lang='grc' dir='ltr'>ἂν</span> <span class='ocrx_word' id='word_1_84' title='bbox 1347 1199 1423 1275; x_wconf 77' lang='grc' dir='ltr'>ᾖς,</span> <span class='ocrx_word' id='word_1_85' title='bbox 1488 1202 1786 1273; x_wconf 78' lang='grc' dir='ltr'>μεμνῆσθαι</span> 
     </span>
    </p>
   </div>
   <div class='ocr_carea' id='block_1_14' title="bbox 198 1285 1783 1363">
    <p class='ocr_par' dir='ltr' id='par_1_14' title="bbox 198 1285 1783 1363">
     <span class='ocr_line' id='line_1_14' title="bbox 198 1285 1783 1363; baseline 0.002 -27"><span class='ocrx_word' id='word_1_86' title='bbox 198 1285 411 1356; x_wconf 78' lang='grc' dir='ltr'>μάλιστα</span> <span class='ocrx_word' id='word_1_87' title='bbox 478 1289 571 1359; x_wconf 70' lang='grc' dir='ltr'>μὶν</span> <span class='ocrx_word' id='word_1_88' title='bbox 622 1295 714 1340; x_wconf 91' lang='grc' dir='ltr'>τοῦ</span> <span class='ocrx_word' id='word_1_89' title='bbox 768 1296 924 1357; x_wconf 83' lang='grc' dir='ltr'>Θεοῦ,</span> <span class='ocrx_word' id='word_1_90' title='bbox 974 1286 1086 1342; x_wconf 85' lang='grc' dir='ltr'>εἶτα</span> <span class='ocrx_word' id='word_1_91' title='bbox 1122 1294 1212 1343; x_wconf 86' lang='grc' dir='ltr'>καὶ</span> <span class='ocrx_word' id='word_1_92' title='bbox 1259 1292 1427 1363; x_wconf 76' lang='grc' dir='ltr'>ἡμῶν,</span> <span class='ocrx_word' id='word_1_93' title='bbox 1459 1289 1546 1350; x_wconf 83' lang='grc' dir='ltr'>οῦς</span> <span class='ocrx_word' id='word_1_94' title='bbox 1577 1286 1783 1358; x_wconf 79' lang='grc' dir='ltr'>ἀγαπᾷν</span> 
     </span>
    </p>
   </div>
   <div class='ocr_carea' id='block_1_15' title="bbox 200 1373 1787 1451">
    <p class='ocr_par' dir='ltr' id='par_1_15' title="bbox 200 1373 1787 1451">
     <span class='ocr_line' id='line_1_15' title="bbox 200 1373 1787 1451; baseline 0.002 -26"><span class='ocrx_word' id='word_1_95' title='bbox 200 1373 245 1437; x_wconf 77' lang='grc' dir='ltr'>ἐξ</span> <span class='ocrx_word' id='word_1_96' title='bbox 294 1374 470 1449; x_wconf 79' lang='grc' dir='ltr'>ἀρχῆς</span> <span class='ocrx_word' id='word_1_97' title='bbox 531 1376 791 1450; x_wconf 89' lang='grc' dir='ltr'>προείλου,</span> <span class='ocrx_word' id='word_1_98' title='bbox 846 1382 936 1430; x_wconf 88' lang='grc' dir='ltr'>καὶ</span> <span class='ocrx_word' id='word_1_99' title='bbox 1002 1381 1143 1451; x_wconf 84' lang='grc' dir='ltr'>ἔχειν</span> <span class='ocrx_word' id='word_1_100' title='bbox 1208 1378 1257 1431; x_wconf 72' lang='grc' dir='ltr'>ἓν</span> <span class='ocrx_word' id='word_1_101' title='bbox 1314 1386 1423 1440; x_wconf 89' lang='grc' dir='ltr'>τοῖς</span> <span class='ocrx_word' id='word_1_102' title='bbox 1453 1377 1787 1437; x_wconf 77' lang='grc' dir='ltr'>οἰκειοτάτοις</span> 
     </span>
    </p>
   </div>
   <div class='ocr_carea' id='block_1_16' title="bbox 197 1462 615 1537">
    <p class='ocr_par' dir='ltr' id='par_1_16' title="bbox 197 1462 615 1537">
     <span class='ocr_line' id='line_1_16' title="bbox 197 1462 615 1537; baseline 0.005 -21"><span class='ocrx_word' id='word_1_103' title='bbox 197 1462 615 1537; x_wconf 62' lang='grc' dir='ltr'>ἀριθμουμένους.</span> 
     </span>
    </p>
   </div>
   <div class='ocr_carea' id='block_1_17' title="bbox 736 1575 1253 1629">
    <p class='ocr_par' dir='ltr' id='par_1_17' title="bbox 736 1575 1253 1629">
     <span class='ocr_line' id='line_1_17' title="bbox 736 1575 1253 1629; baseline 0.004 -2"><span class='ocrx_word' id='word_1_104' title='bbox 736 1580 1072 1629; x_wconf 81' lang='grc' dir='ltr'>ΕΠΙΣΤΟΛΗ</span> <span class='ocrx_word' id='word_1_105' title='bbox 1113 1575 1253 1629; x_wconf 71' lang='grc' dir='ltr'>ΡΛΓ</span> 
     </span>
    </p>
   </div>
   <div class='ocr_carea' id='block_1_18' title="bbox 1895 489 3549 568">
    <p class='ocr_par' dir='ltr' id='par_1_18' title="bbox 1895 489 3549 568">
     <span class='ocr_line' id='line_1_18' title="bbox 1895 489 3549 568; baseline 0.004 -23"><span class='ocrx_word' id='word_1_106' title='bbox 1895 489 2032 551; x_wconf 88' lang='lat' dir='ltr'>bus.</span> <span class='ocrx_word' id='word_1_107' title='bbox 2071 491 2201 547; x_wconf 84' lang='lat' dir='ltr'>aliis</span> <span class='ocrx_word' id='word_1_108' title='bbox 2250 510 2405 562; x_wconf 90' lang='lat' dir='ltr'>rure,</span> <span class='ocrx_word' id='word_1_109' title='bbox 2452 493 2583 549; x_wconf 90' lang='lat' dir='ltr'>aliis</span> <span class='ocrx_word' id='word_1_110' title='bbox 2628 509 2770 549; x_wconf 87' lang='lat' dir='ltr'>vero</span> <span class='ocrx_word' id='word_1_111' title='bbox 2818 496 2873 549; x_wconf 93' lang='lat' dir='ltr'>te</span> <span class='ocrx_word' id='word_1_112' title='bbox 2912 494 3070 551; x_wconf 87' lang='lat' dir='ltr'>circa</span> <span class='ocrx_word' id='word_1_113' title='bbox 3127 497 3345 551; x_wconf 79' lang='lat' dir='ltr'>Batnas</span> <span class='ocrx_word' id='word_1_114' title='bbox 3384 495 3549 568; x_wconf 90' lang='lat' dir='ltr'>ipsas</span> 
     </span>
    </p>
   </div>
   <div class='ocr_carea' id='block_1_19' title="bbox 1895 579 3547 657">
    <p class='ocr_par' dir='ltr' id='par_1_19' title="bbox 1895 579 3547 657">
     <span class='ocr_line' id='line_1_19' title="bbox 1895 579 3547 657; baseline 0.004 -22"><span class='ocrx_word' id='word_1_115' title='bbox 1895 579 2091 636; x_wconf 90' lang='lat' dir='ltr'>visum</span> <span class='ocrx_word' id='word_1_116' title='bbox 2123 598 2159 636; x_wconf 90' lang='lat' dir='ltr'>a</span> <span class='ocrx_word' id='word_1_117' title='bbox 2188 599 2250 637; x_wconf 91' lang='lat' dir='ltr'>se</span> <span class='ocrx_word' id='word_1_118' title='bbox 2270 598 2402 637; x_wconf 89' lang='lat' dir='ltr'>esse</span> <span class='ocrx_word' id='word_1_119' title='bbox 2440 582 2880 638; x_wconf 77' lang='lat' dir='ltr'>affirmantibus</span> <span class='ocrx_word' id='word_1_120' title='bbox 2913 600 2925 637; x_wconf 90' lang='lat'>:</span> <span class='ocrx_word' id='word_1_121' title='bbox 2960 589 3330 657; x_wconf 82' lang='lat' dir='ltr'>quapropter</span> <span class='ocrx_word' id='word_1_122' title='bbox 3381 584 3547 641; x_wconf 85' lang='lat' dir='ltr'>haud</span> 
     </span>
    </p>
   </div>
   <div class='ocr_carea' id='block_1_20' title="bbox 1894 670 3548 744">
    <p class='ocr_par' dir='ltr' id='par_1_20' title="bbox 1894 670 3548 744">
     <span class='ocr_line' id='line_1_20' title="bbox 1894 670 3548 744; baseline 0.003 -18"><span class='ocrx_word' id='word_1_123' title='bbox 1894 670 2105 727; x_wconf 91' lang='lat' dir='ltr'>crebro</span> <span class='ocrx_word' id='word_1_124' title='bbox 2140 672 2374 744; x_wconf 80' lang='lat' dir='ltr'>scripsi.</span> <span class='ocrx_word' id='word_1_125' title='bbox 2404 676 2568 728; x_wconf 88' lang='lat' dir='ltr'>Nunc</span> <span class='ocrx_word' id='word_1_126' title='bbox 2600 678 2799 728; x_wconf 85' lang='lat' dir='ltr'>autem</span> <span class='ocrx_word' id='word_1_127' title='bbox 2832 672 3010 728; x_wconf 87' lang='lat' dir='ltr'>simul</span> <span class='ocrx_word' id='word_1_128' title='bbox 3038 679 3103 728; x_wconf 92' lang='lat' dir='ltr'>ut</span> <span class='ocrx_word' id='word_1_129' title='bbox 3130 673 3310 730; x_wconf 88' lang='lat' dir='ltr'>didici</span> <span class='ocrx_word' id='word_1_130' title='bbox 3350 679 3404 731; x_wconf 88' lang='lat' dir='ltr'>te</span> <span class='ocrx_word' id='word_1_131' title='bbox 3434 679 3548 731; x_wconf 84' lang='lat' dir='ltr'>An-</span> 
     </span>
    </p>
   </div>
   <div class='ocr_carea' id='block_1_21' title="bbox 1894 761 3544 836">
    <p class='ocr_par' dir='ltr' id='par_1_21' title="bbox 1894 761 3544 836">
     <span class='ocr_line' id='line_1_21' title="bbox 1894 761 3544 836; baseline 0.002 -18"><span class='ocrx_word' id='word_1_132' title='bbox 1894 761 2129 818; x_wconf 70' lang='lat' dir='ltr'>tiochiae</span> <span class='ocrx_word' id='word_1_133' title='bbox 2159 763 2385 818; x_wconf 87' lang='lat' dir='ltr'>versari</span> <span class='ocrx_word' id='word_1_134' title='bbox 2411 762 2470 817; x_wconf 89' lang='lat' dir='ltr'>in</span> <span class='ocrx_word' id='word_1_135' title='bbox 2496 761 2727 818; x_wconf 62' lang='lat' dir='ltr'>{edibus</span> <span class='ocrx_word' id='word_1_136' title='bbox 2753 762 3157 818; x_wconf 89' lang='lat' dir='ltr'>colendissimi</span> <span class='ocrx_word' id='word_1_137' title='bbox 3214 765 3389 836; x_wconf 71' lang='lat'><strong>225</strong></span> <span class='ocrx_word' id='word_1_138' title='bbox 3439 766 3544 821; x_wconf 85' lang='lat' dir='ltr'>Sa-</span> 
     </span>
    </p>
   </div>
   <div class='ocr_carea' id='block_1_22' title="bbox 1895 850 3545 923">
    <p class='ocr_par' dir='ltr' id='par_1_22' title="bbox 1895 850 3545 923">
     <span class='ocr_line' id='line_1_22' title="bbox 1895 850 3545 923; baseline 0.002 -15"><span class='ocrx_word' id='word_1_139' title='bbox 1895 852 2115 908; x_wconf 88' lang='lat' dir='ltr'>turnini</span> <span class='ocrx_word' id='word_1_140' title='bbox 2149 852 2399 919; x_wconf 87' lang='lat' dir='ltr'>comitis,</span> <span class='ocrx_word' id='word_1_141' title='bbox 2424 851 2563 907; x_wconf 86' lang='lat' dir='ltr'>dedi</span> <span class='ocrx_word' id='word_1_142' title='bbox 2601 850 2918 923; x_wconf 87' lang='lat' dir='ltr'>epistolam</span> <span class='ocrx_word' id='word_1_143' title='bbox 2950 851 3200 909; x_wconf 81' lang='lat' dir='ltr'>libenter</span> <span class='ocrx_word' id='word_1_144' title='bbox 3238 853 3545 911; x_wconf 88' lang='lat' dir='ltr'>desidera-</span> 
     </span>
    </p>
   </div>
   <div class='ocr_carea' id='block_1_23' title="bbox 1896 941 3550 1011">
    <p class='ocr_par' dir='ltr' id='par_1_23' title="bbox 1896 941 3550 1011">
     <span class='ocr_line' id='line_1_23' title="bbox 1896 941 3550 1011; baseline 0.001 -14"><span class='ocrx_word' id='word_1_145' title='bbox 1896 941 2129 998; x_wconf 89' lang='lat' dir='ltr'>tissimo</span> <span class='ocrx_word' id='word_1_146' title='bbox 2178 958 2246 998; x_wconf 88' lang='lat' dir='ltr'>ac</span> <span class='ocrx_word' id='word_1_147' title='bbox 2295 941 2695 1011; x_wconf 83' lang='lat' dir='ltr'>religiossimo</span> <span class='ocrx_word' id='word_1_148' title='bbox 2752 941 2916 996; x_wconf 82' lang='lat' dir='ltr'>fratri</span> <span class='ocrx_word' id='word_1_149' title='bbox 2972 941 3359 997; x_wconf 89' lang='lat' dir='ltr'>Sanctissimo</span> <span class='ocrx_word' id='word_1_150' title='bbox 3389 958 3550 998; x_wconf 90' lang='lat' dir='ltr'>com-</span> 
     </span>
    </p>
   </div>
   <div class='ocr_carea' id='block_1_24' title="bbox 1896 1028 3547 1103">
    <p class='ocr_par' dir='ltr' id='par_1_24' title="bbox 1896 1028 3547 1103">
     <span class='ocr_line' id='line_1_24' title="bbox 1896 1028 3547 1103; baseline 0 -18"><span class='ocrx_word' id='word_1_151' title='bbox 1896 1030 2247 1103; x_wconf 86' lang='lat' dir='ltr'>presbytero</span> <span class='ocrx_word' id='word_1_152' title='bbox 2280 1046 2425 1103; x_wconf 89' lang='lat' dir='ltr'>:per</span> <span class='ocrx_word' id='word_1_153' title='bbox 2457 1046 2640 1102; x_wconf 87' lang='lat' dir='ltr'>quem</span> <span class='ocrx_word' id='word_1_154' title='bbox 2693 1028 2889 1085; x_wconf 87' lang='lat' dir='ltr'>saluto</span> <span class='ocrx_word' id='word_1_155' title='bbox 2933 1028 3315 1085; x_wconf 82' lang='lat' dir='ltr'>dilectionem</span> <span class='ocrx_word' id='word_1_156' title='bbox 3360 1034 3547 1099; x_wconf 91' lang='lat' dir='ltr'>tuam,</span> 
     </span>
    </p>
   </div>
   <div class='ocr_carea' id='block_1_25' title="bbox 1896 1118 3549 1191">
    <p class='ocr_par' dir='ltr' id='par_1_25' title="bbox 1896 1118 3549 1191">
     <span class='ocr_line' id='line_1_25' title="bbox 1896 1118 3549 1191; baseline 0 -16"><span class='ocrx_word' id='word_1_157' title='bbox 1896 1121 2223 1176; x_wconf 85' lang='lat' dir='ltr'>obsecrans</span> <span class='ocrx_word' id='word_1_158' title='bbox 2256 1125 2320 1175; x_wconf 90' lang='lat' dir='ltr'>ut</span> <span class='ocrx_word' id='word_1_159' title='bbox 2348 1119 2692 1191; x_wconf 90' lang='lat' dir='ltr'>ubicunque</span> <span class='ocrx_word' id='word_1_160' title='bbox 2714 1118 2916 1187; x_wconf 89' lang='lat' dir='ltr'>fueris,</span> <span class='ocrx_word' id='word_1_161' title='bbox 2945 1118 3006 1174; x_wconf 88' lang='lat' dir='ltr'>in</span> <span class='ocrx_word' id='word_1_162' title='bbox 3035 1118 3248 1191; x_wconf 89' lang='lat' dir='ltr'>primis</span> <span class='ocrx_word' id='word_1_163' title='bbox 3301 1118 3549 1191; x_wconf 86' lang='lat' dir='ltr'>quidem</span> 
     </span>
    </p>
   </div>
   <div class='ocr_carea' id='block_1_26' title="bbox 1898 1207 3549 1279">
    <p class='ocr_par' dir='ltr' id='par_1_26' title="bbox 1898 1207 3549 1279">
     <span class='ocr_line' id='line_1_26' title="bbox 1898 1207 3549 1279; baseline -0.001 -15"><span class='ocrx_word' id='word_1_164' title='bbox 1898 1209 2243 1265; x_wconf 89' lang='lat' dir='ltr'>memineris</span> <span class='ocrx_word' id='word_1_165' title='bbox 2303 1208 2423 1277; x_wconf 91' lang='lat' dir='ltr'>Dei,</span> <span class='ocrx_word' id='word_1_166' title='bbox 2474 1207 2692 1263; x_wconf 90' lang='lat' dir='ltr'>deinde</span> <span class='ocrx_word' id='word_1_167' title='bbox 2743 1213 2799 1263; x_wconf 89' lang='lat' dir='ltr'>et</span> <span class='ocrx_word' id='word_1_168' title='bbox 2826 1208 3035 1274; x_wconf 91' lang='lat' dir='ltr'>nostri,</span> <span class='ocrx_word' id='word_1_169' title='bbox 3066 1223 3222 1279; x_wconf 92' lang='lat' dir='ltr'>quos</span> <span class='ocrx_word' id='word_1_170' title='bbox 3260 1207 3340 1264; x_wconf 86' lang='lat' dir='ltr'>ab</span> <span class='ocrx_word' id='word_1_171' title='bbox 3384 1207 3549 1263; x_wconf 90' lang='lat' dir='ltr'>initio</span> 
     </span>
    </p>
   </div>
   <div class='ocr_carea' id='block_1_27' title="bbox 1896 1296 3550 1370">
    <p class='ocr_par' dir='ltr' id='par_1_27' title="bbox 1896 1296 3550 1370">
     <span class='ocr_line' id='line_1_27' title="bbox 1896 1296 3550 1370; baseline -0.001 -17"><span class='ocrx_word' id='word_1_172' title='bbox 1896 1298 2140 1370; x_wconf 84' lang='lat' dir='ltr'>diligere</span> <span class='ocrx_word' id='word_1_173' title='bbox 2172 1297 2427 1353; x_wconf 81' lang='lat' dir='ltr'>statuisti</span> <span class='ocrx_word' id='word_1_174' title='bbox 2455 1300 2511 1352; x_wconf 92' lang='lat' dir='ltr'>et</span> <span class='ocrx_word' id='word_1_175' title='bbox 2536 1296 2687 1351; x_wconf 91' lang='lat' dir='ltr'>inter</span> <span class='ocrx_word' id='word_1_176' title='bbox 2721 1296 2983 1352; x_wconf 82' lang='lat' dir='ltr'>maxime</span> <span class='ocrx_word' id='word_1_177' title='bbox 3029 1296 3403 1352; x_wconf 88' lang='lat' dir='ltr'>necessarios</span> <span class='ocrx_word' id='word_1_178' title='bbox 3441 1312 3550 1352; x_wconf 91' lang='lat' dir='ltr'>nu-</span> 
     </span>
    </p>
   </div>
   <div class='ocr_carea' id='block_1_28' title="bbox 1897 1403 2151 1443">
    <p class='ocr_par' dir='ltr' id='par_1_28' title="bbox 1897 1403 2151 1443">
     <span class='ocr_line' id='line_1_28' title="bbox 1897 1403 2151 1443; baseline -0.012 1"><span class='ocrx_word' id='word_1_179' title='bbox 1897 1403 2151 1443; x_wconf 89' lang='lat' dir='ltr'>merare.</span> 
     </span>
    </p>
   </div>
   <div class='ocr_carea' id='block_1_29' title="bbox 2390 1564 3055 1622">
    <p class='ocr_par' dir='ltr' id='par_1_29' title="bbox 2390 1564 3055 1622">
     <span class='ocr_line' id='line_1_29' title="bbox 2390 1564 3055 1622; baseline -0.005 -3"><span class='ocrx_word' id='word_1_180' title='bbox 2390 1564 2723 1622; x_wconf 83' lang='lat' dir='ltr'>EPISTOLA</span> <span class='ocrx_word' id='word_1_181' title='bbox 2767 1564 3055 1620; x_wconf 67' lang='lat' dir='ltr'>CXXXlll‘.</span> 
     </span>
    </p>
   </div>
   <div class='ocr_carea' id='block_1_30' title="bbox 196 1687 3546 1771">
    <p class='ocr_par' dir='ltr' id='par_1_30' title="bbox 196 1687 3546 1771">
     <span class='ocr_line' id='line_1_30' title="bbox 196 1687 3546 1771; baseline -0.003 -20"><span class='ocrx_word' id='word_1_182' title='bbox 196 1695 420 1752; x_wconf 83' lang='lat' dir='ltr'>Petrum</span> <span class='ocrx_word' id='word_1_183' title='bbox 450 1697 689 1771; x_wconf 68' lang='lat' dir='ltr'>salutat</span> <span class='ocrx_word' id='word_1_184' title='bbox 718 1704 771 1771; x_wconf 87' lang='lat' dir='ltr'>et</span> <span class='ocrx_word' id='word_1_185' title='bbox 785 1698 1085 1767; x_wconf 81' lang='lat' dir='ltr'>hortatur,</span> <span class='ocrx_word' id='word_1_186' title='bbox 1114 1706 1198 1771; x_wconf 84' lang='lat' dir='ltr'>ut,</span> <span class='ocrx_word' id='word_1_187' title='bbox 1224 1699 1721 1771; x_wconf 84' lang='lat' dir='ltr'>quemadmodum</span> <span class='ocrx_word' id='word_1_188' title='bbox 1744 1700 2099 1771; x_wconf 67' lang='lat' dir='ltr'>cceteraram</span> <span class='ocrx_word' id='word_1_189' title='bbox 2122 1706 2339 1771; x_wconf 72' lang='lat' dir='ltr'>rerum,</span> <span class='ocrx_word' id='word_1_190' title='bbox 2364 1694 2449 1745; x_wconf 69' lang='lat' dir='ltr'>ita</span> <span class='ocrx_word' id='word_1_191' title='bbox 2468 1691 2649 1771; x_wconf 73' lang='lat' dir='ltr'>etiam</span> <span class='ocrx_word' id='word_1_192' title='bbox 2672 1690 3002 1771; x_wconf 63' lang='lat' dir='ltr'>Athanasii</span> <span class='ocrx_word' id='word_1_193' title='bbox 3020 1690 3081 1771; x_wconf 70' lang='lat' dir='ltr'>in</span> <span class='ocrx_word' id='word_1_194' title='bbox 3102 1687 3546 1771; x_wconf 37' lang='lat' dir='ltr'>seamoris‘suc-</span> 
     </span>
    </p>
   </div>
   <div class='ocr_carea' id='block_1_31' title="bbox 286 1760 3436 1844">
    <p class='ocr_par' dir='ltr' id='par_1_31' title="bbox 286 1760 3436 1844">
     <span class='ocr_line' id='line_1_31' title="bbox 286 1760 3436 1844; baseline -0.003 -21"><span class='ocrx_word' id='word_1_195' title='bbox 286 1783 485 1824; x_wconf 82' lang='lat' dir='ltr'>cessor</span> <span class='ocrx_word' id='word_1_196' title='bbox 511 1769 610 1837; x_wconf 87' lang='lat' dir='ltr'>sit,</span> <span class='ocrx_word' id='word_1_197' title='bbox 640 1776 695 1825; x_wconf 87' lang='lat' dir='ltr'>et</span> <span class='ocrx_word' id='word_1_198' title='bbox 719 1760 1130 1839; x_wconf 76' lang='lat' dir='ltr'>fraternitatis</span> <span class='ocrx_word' id='word_1_199' title='bbox 1176 1760 1392 1844; x_wconf 63' lang='lat' dir='ltr'>abique</span> <span class='ocrx_word' id='word_1_200' title='bbox 1420 1772 1661 1842; x_wconf 67' lang='lat' dir='ltr'>di/fusce</span> <span class='ocrx_word' id='word_1_201' title='bbox 1678 1783 1887 1826; x_wconf 83' lang='lat' dir='ltr'>curam</span> <span class='ocrx_word' id='word_1_202' title='bbox 1919 1764 2117 1821; x_wconf 87' lang='lat' dir='ltr'>eodem</span> <span class='ocrx_word' id='word_1_203' title='bbox 2142 1762 2443 1827; x_wconf 83' lang='lat' dir='ltr'>studio,ac</span> <span class='ocrx_word' id='word_1_204' title='bbox 2462 1762 2831 1817; x_wconf 80' lang='lat' dir='ltr'>beatissimus</span> <span class='ocrx_word' id='word_1_205' title='bbox 2852 1762 2958 1816; x_wconf 77' lang='lat' dir='ltr'>itte</span> <span class='ocrx_word' id='word_1_206' title='bbox 2988 1761 3100 1828; x_wconf 87' lang='lat' dir='ltr'>vir,</span> <span class='ocrx_word' id='word_1_207' title='bbox 3130 1760 3436 1829; x_wconf 80' lang='lat' dir='ltr'>suscipiat.</span> 
     </span>
    </p>
   </div>
   <div class='ocr_carea' id='block_1_32' title="bbox 508 1890 1461 1967">
    <p class='ocr_par' dir='ltr' id='par_1_32' title="bbox 508 1890 1461 1967">
     <span class='ocr_line' id='line_1_32' title="bbox 508 1890 1461 1967; baseline 0.006 -24"><span class='ocrx_word' id='word_1_208' title='bbox 508 1893 709 1965; x_wconf 74' lang='grc' dir='ltr'>Πέτρῳ,</span> <span class='ocrx_word' id='word_1_209' title='bbox 745 1891 1012 1965; x_wconf 80' lang='grc' dir='ltr'>ἐπισκόπῳ</span> <span class='ocrx_word' id='word_1_210' title='bbox 1053 1890 1461 1967; x_wconf 75' lang='grc' dir='ltr'>Ἀλεξανδρείας.</span> 
     </span>
    </p>
   </div>
   <div class='ocr_carea' id='block_1_33' title="bbox 255 1981 1788 2058">
    <p class='ocr_par' dir='ltr' id='par_1_33' title="bbox 255 1981 1788 2058">
     <span class='ocr_line' id='line_1_33' title="bbox 255 1981 1788 2058; baseline 0.001 -27"><span class='ocrx_word' id='word_1_211' title='bbox 255 1986 348 2040; x_wconf 72' lang='grc' dir='ltr'>Τῆς</span> <span class='ocrx_word' id='word_1_212' title='bbox 416 1983 513 2051; x_wconf 65' lang='grc' dir='ltr'>μὲν</span> <span class='ocrx_word' id='word_1_213' title='bbox 606 1991 913 2054; x_wconf 78' lang='grc' dir='ltr'>σωματικῆς</span> <span class='ocrx_word' id='word_1_214' title='bbox 1001 1982 1169 2055; x_wconf 92' lang='grc' dir='ltr'>φιλίας</span> <span class='ocrx_word' id='word_1_215' title='bbox 1229 1983 1487 2057; x_wconf 85' lang='grc' dir='ltr'>ὀφθαλμοὶ</span> <span class='ocrx_word' id='word_1_216' title='bbox 1550 1981 1788 2058; x_wconf 81' lang='grc' dir='ltr'>πρόξενοι</span> 
     </span>
    </p>
   </div>
   <div class='ocr_carea' id='block_1_34' title="bbox 194 2067 1786 2147">
    <p class='ocr_par' dir='ltr' id='par_1_34' title="bbox 194 2067 1786 2147">
     <span class='ocr_line' id='line_1_34' title="bbox 194 2067 1786 2147; baseline 0.002 -28"><span class='ocrx_word' id='word_1_217' title='bbox 194 2072 424 2139; x_wconf 89' lang='grc' dir='ltr'>γίνονται,</span> <span class='ocrx_word' id='word_1_218' title='bbox 479 2074 578 2122; x_wconf 82' lang='grc' dir='ltr'>καὶ</span> <span class='ocrx_word' id='word_1_219' title='bbox 635 2072 664 2129; x_wconf 74' lang='grc' dir='ltr'>ἡ</span> <span class='ocrx_word' id='word_1_220' title='bbox 731 2067 826 2123; x_wconf 83' lang='grc' dir='ltr'>διὰ</span> <span class='ocrx_word' id='word_1_221' title='bbox 853 2079 1056 2147; x_wconf 78' lang='grc' dir='ltr'>μακροῦ</span> <span class='ocrx_word' id='word_1_222' title='bbox 1088 2076 1285 2147; x_wconf 88' lang='grc' dir='ltr'>χρόνου</span> <span class='ocrx_word' id='word_1_223' title='bbox 1326 2071 1626 2145; x_wconf 76' lang='grc' dir='ltr'>ὶγγίνομίνη</span> <span class='ocrx_word' id='word_1_224' title='bbox 1663 2091 1786 2123; x_wconf 90' lang='grc' dir='ltr'>συν-</span> 
     </span>
    </p>
   </div>
   <div class='ocr_carea' id='block_1_35' title="bbox 198 2155 1787 2233">
    <p class='ocr_par' dir='ltr' id='par_1_35' title="bbox 198 2155 1787 2233">
     <span class='ocr_line' id='line_1_35' title="bbox 198 2155 1787 2233; baseline 0.001 -25"><span class='ocrx_word' id='word_1_225' title='bbox 198 2159 329 2213; x_wconf 73' lang='grc' dir='ltr'>ήθεια</span> <span class='ocrx_word' id='word_1_226' title='bbox 349 2155 584 2230; x_wconf 70' lang='grc' dir='ltr'>βεϐαιοῖ·</span> <span class='ocrx_word' id='word_1_227' title='bbox 616 2162 711 2217; x_wconf 73' lang='grc' dir='ltr'>τὴν</span> <span class='ocrx_word' id='word_1_228' title='bbox 772 2155 831 2211; x_wconf 69' lang='grc' dir='ltr'>δὲ</span> <span class='ocrx_word' id='word_1_229' title='bbox 884 2158 1131 2219; x_wconf 77' lang='grc' dir='ltr'>ἀληθινὴν</span> <span class='ocrx_word' id='word_1_230' title='bbox 1172 2159 1379 2233; x_wconf 80' lang='grc' dir='ltr'>ἀγάπην</span> <span class='ocrx_word' id='word_1_231' title='bbox 1446 2162 1475 2219; x_wconf 85' lang='grc' dir='ltr'>ἡ</span> <span class='ocrx_word' id='word_1_232' title='bbox 1510 2168 1601 2213; x_wconf 92' lang='grc' dir='ltr'>τοῦ</span> <span class='ocrx_word' id='word_1_233' title='bbox 1635 2162 1787 2212; x_wconf 71' lang='grc' dir='ltr'>Πνεῦο</span> 
     </span>
    </p>
   </div>
   <div class='ocr_carea' id='block_1_36' title="bbox 196 2244 1788 2323">
    <p class='ocr_par' dir='ltr' id='par_1_36' title="bbox 196 2244 1788 2323">
     <span class='ocr_line' id='line_1_36' title="bbox 196 2244 1788 2323; baseline 0.002 -26"><span class='ocrx_word' id='word_1_234' title='bbox 196 2265 339 2316; x_wconf 88' lang='grc' dir='ltr'>ματος</span> <span class='ocrx_word' id='word_1_235' title='bbox 391 2244 575 2322; x_wconf 78' lang='grc' dir='ltr'>δωρεὰ</span> <span class='ocrx_word' id='word_1_236' title='bbox 642 2252 949 2315; x_wconf 78' lang='grc' dir='ltr'>συνίστησι,</span> <span class='ocrx_word' id='word_1_237' title='bbox 1003 2252 1343 2303; x_wconf 77' lang='grc' dir='ltr'>συνάπτουσα</span> <span class='ocrx_word' id='word_1_238' title='bbox 1389 2251 1481 2323; x_wconf 73' lang='grc' dir='ltr'>μὶν</span> <span class='ocrx_word' id='word_1_239' title='bbox 1510 2250 1577 2301; x_wconf 84' lang='grc' dir='ltr'>τὰ</span> <span class='ocrx_word' id='word_1_240' title='bbox 1606 2256 1788 2323; x_wconf 82' lang='grc' dir='ltr'>μακρῷ</span> 
     </span>
    </p>
   </div>
   <div class='ocr_carea' id='block_1_37' title="bbox 199 2330 1786 2413">
    <p class='ocr_par' dir='ltr' id='par_1_37' title="bbox 199 2330 1786 2413">
     <span class='ocr_line' id='line_1_37' title="bbox 199 2330 1786 2413; baseline 0.003 -28"><span class='ocrx_word' id='word_1_241' title='bbox 199 2330 436 2388; x_wconf 76' lang='grc' dir='ltr'>διεστῶτα</span> <span class='ocrx_word' id='word_1_242' title='bbox 503 2341 673 2408; x_wconf 83' lang='grc' dir='ltr'>τόπῳ,</span> <span class='ocrx_word' id='word_1_243' title='bbox 737 2338 1073 2413; x_wconf 68' lang='grc' dir='ltr'>’γνωρίζουσα</span> <span class='ocrx_word' id='word_1_244' title='bbox 1130 2336 1189 2392; x_wconf 69' lang='grc' dir='ltr'>δὲ</span> <span class='ocrx_word' id='word_1_245' title='bbox 1241 2338 1475 2401; x_wconf 76' lang='grc' dir='ltr'>ἀλλήλοις</span> <span class='ocrx_word' id='word_1_246' title='bbox 1504 2342 1622 2400; x_wconf 78' lang='grc' dir='ltr'>τοὺς</span> <span class='ocrx_word' id='word_1_247' title='bbox 1651 2337 1786 2409; x_wconf 80' lang='grc' dir='ltr'>ἀγα-</span> 
     </span>
    </p>
   </div>
   <div class='ocr_carea' id='block_1_38' title="bbox 197 2422 1787 2505">
    <p class='ocr_par' dir='ltr' id='par_1_38' title="bbox 197 2422 1787 2505">
     <span class='ocr_line' id='line_1_38' title="bbox 197 2422 1787 2505; baseline 0.001 -29"><span class='ocrx_word' id='word_1_248' title='bbox 197 2429 391 2489; x_wconf 75' lang='grc' dir='ltr'>πητοῦς,</span> <span class='ocrx_word' id='word_1_249' title='bbox 446 2426 512 2478; x_wconf 70' lang='grc' dir='ltr'>οὗ</span> <span class='ocrx_word' id='word_1_250' title='bbox 576 2422 669 2478; x_wconf 75' lang='grc' dir='ltr'>διὰ</span> <span class='ocrx_word' id='word_1_251' title='bbox 727 2436 1036 2501; x_wconf 83' lang='grc' dir='ltr'>σωματικῶν</span> <span class='ocrx_word' id='word_1_252' title='bbox 1088 2434 1465 2505; x_wconf 75' lang='grc' dir='ltr'>χαρακτήρων,</span> <span class='ocrx_word' id='word_1_253' title='bbox 1526 2427 1653 2480; x_wconf 77' lang='grc' dir='ltr'>ἄλλα</span> <span class='ocrx_word' id='word_1_254' title='bbox 1694 2424 1787 2479; x_wconf 78' lang='grc' dir='ltr'>διὰ</span> 
     </span>
    </p>
   </div>
   <div class='ocr_carea' id='block_1_39' title="bbox 203 2514 1785 2591">
    <p class='ocr_par' dir='ltr' id='par_1_39' title="bbox 203 2514 1785 2591">
     <span class='ocr_line' id='line_1_39' title="bbox 203 2514 1785 2591; baseline 0.002 -27"><span class='ocrx_word' id='word_1_255' title='bbox 203 2522 291 2564; x_wconf 71' lang='grc' dir='ltr'>τῶν</span> <span class='ocrx_word' id='word_1_256' title='bbox 340 2524 429 2577; x_wconf 75' lang='grc' dir='ltr'>τῆς</span> <span class='ocrx_word' id='word_1_257' title='bbox 482 2515 679 2587; x_wconf 60' lang='grc' dir='ltr'>ψυχῆς</span> <span class='ocrx_word' id='word_1_258' title='bbox 718 2517 830 2589; x_wconf 76' lang='grc'>(27)</span> <span class='ocrx_word' id='word_1_259' title='bbox 865 2514 1183 2591; x_wconf 81' lang='grc' dir='ltr'>ἰδιωμάτων.</span> <span class='ocrx_word' id='word_1_260' title='bbox 1215 2518 1280 2571; x_wconf 69' lang='grc'>⁸0</span> <span class='ocrx_word' id='word_1_261' title='bbox 1314 2516 1380 2577; x_wconf 75' lang='grc' dir='ltr'>δὴ</span> <span class='ocrx_word' id='word_1_262' title='bbox 1410 2523 1500 2571; x_wconf 84' lang='grc' dir='ltr'>καὶ</span> <span class='ocrx_word' id='word_1_263' title='bbox 1535 2516 1609 2590; x_wconf 76' lang='grc' dir='ltr'>ἐφ’</span> <span class='ocrx_word' id='word_1_264' title='bbox 1640 2519 1785 2589; x_wconf 73' lang='grc' dir='ltr'>ἡμῶν</span> 
     </span>
    </p>
   </div>
   <div class='ocr_carea' id='block_1_40' title="bbox 204 2602 1785 2681">
    <p class='ocr_par' dir='ltr' id='par_1_40' title="bbox 204 2602 1785 2681">
     <span class='ocr_line' id='line_1_40' title="bbox 204 2602 1785 2681; baseline 0.003 -28"><span class='ocrx_word' id='word_1_265' title='bbox 204 2602 229 2659; x_wconf 70' lang='grc' dir='ltr'>ἡ</span> <span class='ocrx_word' id='word_1_266' title='bbox 268 2612 347 2654; x_wconf 83' lang='grc' dir='ltr'>τοῦ</span> <span class='ocrx_word' id='word_1_267' title='bbox 370 2609 577 2680; x_wconf 75' lang='grc' dir='ltr'>Κυρίου</span> <span class='ocrx_word' id='word_1_268' title='bbox 605 2607 772 2680; x_wconf 88' lang='grc' dir='ltr'>χάρις</span> <span class='ocrx_word' id='word_1_269' title='bbox 801 2604 1033 2673; x_wconf 71' lang='grc' dir='ltr'>ἐποίησε,</span> <span class='ocrx_word' id='word_1_270' title='bbox 1074 2612 1456 2681; x_wconf 84' lang='grc' dir='ltr'>παρασχομένη</span> <span class='ocrx_word' id='word_1_271' title='bbox 1495 2608 1629 2679; x_wconf 80' lang='grc' dir='ltr'>ἡμᾶς</span> <span class='ocrx_word' id='word_1_272' title='bbox 1658 2603 1785 2658; x_wconf 85' lang='grc' dir='ltr'>ἰδεῖν</span> 
     </span>
    </p>
   </div>
   <div class='ocr_carea' id='block_1_41' title="bbox 206 2693 1786 2773">
    <p class='ocr_par' dir='ltr' id='par_1_41' title="bbox 206 2693 1786 2773">
     <span class='ocr_line' id='line_1_41' title="bbox 206 2693 1786 2773; baseline 0.004 -31"><span class='ocrx_word' id='word_1_273' title='bbox 206 2710 255 2743; x_wconf 83' lang='grc' dir='ltr'>σε</span> <span class='ocrx_word' id='word_1_274' title='bbox 276 2701 369 2754; x_wconf 83' lang='grc' dir='ltr'>τοῖς</span> <span class='ocrx_word' id='word_1_275' title='bbox 394 2702 487 2757; x_wconf 75' lang='grc' dir='ltr'>τῆς</span> <span class='ocrx_word' id='word_1_276' title='bbox 522 2693 720 2767; x_wconf 62' lang='grc' dir='ltr'>ψυχῆς</span> <span class='ocrx_word' id='word_1_277' title='bbox 760 2695 1061 2769; x_wconf 75' lang='grc' dir='ltr'>ὀφθαλμοῖς,</span> <span class='ocrx_word' id='word_1_278' title='bbox 1111 2702 1201 2750; x_wconf 85' lang='grc' dir='ltr'>καὶ</span> <span class='ocrx_word' id='word_1_279' title='bbox 1256 2696 1677 2773; x_wconf 82' lang='grc' dir='ltr'>περιπτύξασθαί</span> <span class='ocrx_word' id='word_1_280' title='bbox 1730 2715 1786 2748; x_wconf 84' lang='grc' dir='ltr'>σε</span> 
     </span>
    </p>
   </div>
   <div class='ocr_carea' id='block_1_42' title="bbox 201 2781 1785 2859">
    <p class='ocr_par' dir='ltr' id='par_1_42' title="bbox 201 2781 1785 2859">
     <span class='ocr_line' id='line_1_42' title="bbox 201 2781 1785 2859; baseline 0.001 -24"><span class='ocrx_word' id='word_1_281' title='bbox 201 2787 252 2851; x_wconf 65' lang='grc' dir='ltr'>τῇ</span> <span class='ocrx_word' id='word_1_282' title='bbox 290 2781 456 2856; x_wconf 68' lang='grc' dir='ltr'>ἀγάπη</span> <span class='ocrx_word' id='word_1_283' title='bbox 600 2782 841 2857; x_wconf 74' lang='grc' dir='ltr'>ἀληθινῇ,</span> <span class='ocrx_word' id='word_1_284' title='bbox 874 2791 958 2839; x_wconf 74' lang='grc' dir='ltr'>καὶ</span> <span class='ocrx_word' id='word_1_285' title='bbox 1015 2789 1170 2839; x_wconf 84' lang='grc' dir='ltr'>οἱονεὶ</span> <span class='ocrx_word' id='word_1_286' title='bbox 1204 2791 1507 2859; x_wconf 85' lang='grc' dir='ltr'>συμφυῆναί</span> <span class='ocrx_word' id='word_1_287' title='bbox 1548 2806 1653 2855; x_wconf 90' lang='grc' dir='ltr'>σοι,</span> <span class='ocrx_word' id='word_1_288' title='bbox 1698 2788 1785 2837; x_wconf 86' lang='grc' dir='ltr'>καὶ</span> 
     </span>
    </p>
   </div>
   <div class='ocr_carea' id='block_1_43' title="bbox 201 2871 1786 2945">
    <p class='ocr_par' dir='ltr' id='par_1_43' title="bbox 201 2871 1786 2945">
     <span class='ocr_line' id='line_1_43' title="bbox 201 2871 1786 2945; baseline 0.003 -24"><span class='ocrx_word' id='word_1_289' title='bbox 201 2874 312 2943; x_wconf 73' lang='grc' dir='ltr'>πρὸς</span> <span class='ocrx_word' id='word_1_290' title='bbox 367 2878 488 2945; x_wconf 85' lang='grc' dir='ltr'>μίαν</span> <span class='ocrx_word' id='word_1_291' title='bbox 549 2871 710 2926; x_wconf 59' lang='lat' dir='ltr'>fleti-1</span> <span class='ocrx_word' id='word_1_292' title='bbox 769 2874 949 2927; x_wconf 77' lang='grc' dir='ltr'>ἕνωσίν</span> <span class='ocrx_word' id='word_1_293' title='bbox 1008 2873 1062 2927; x_wconf 70' lang='grc' dir='ltr'>ἐκ</span> <span class='ocrx_word' id='word_1_294' title='bbox 1120 2884 1216 2936; x_wconf 81' lang='grc' dir='ltr'>τῆς</span> <span class='ocrx_word' id='word_1_295' title='bbox 1266 2878 1401 2927; x_wconf 85' lang='grc' dir='ltr'>κατὰ</span> <span class='ocrx_word' id='word_1_296' title='bbox 1462 2879 1555 2934; x_wconf 79' lang='grc' dir='ltr'>τὴν</span> <span class='ocrx_word' id='word_1_297' title='bbox 1609 2879 1786 2927; x_wconf 88' lang='grc' dir='ltr'>πίστιν</span> 
     </span>
    </p>
   </div>
   <div class='ocr_carea' id='block_1_44' title="bbox 201 2961 1785 3039">
    <p class='ocr_par' dir='ltr' id='par_1_44' title="bbox 201 2961 1785 3039">
     <span class='ocr_line' id='line_1_44' title="bbox 201 2961 1785 3039; baseline 0.004 -31"><span class='ocrx_word' id='word_1_298' title='bbox 201 2965 465 3023; x_wconf 76' lang='grc' dir='ltr'>κοινωνίας.</span> <span class='ocrx_word' id='word_1_299' title='bbox 537 2965 871 3035; x_wconf 82' lang='grc' dir='ltr'>Πεπείσμεθα</span> <span class='ocrx_word' id='word_1_300' title='bbox 946 2966 1048 3039; x_wconf 84' lang='grc' dir='ltr'>γὰρ</span> <span class='ocrx_word' id='word_1_301' title='bbox 1112 2984 1170 3017; x_wconf 89' lang='grc' dir='ltr'>σε</span> <span class='ocrx_word' id='word_1_302' title='bbox 1259 2961 1449 3039; x_wconf 79' lang='grc' dir='ltr'>ἀνδρὸς</span> <span class='ocrx_word' id='word_1_303' title='bbox 1532 2966 1785 3017; x_wconf 81' lang='grc' dir='ltr'>τοσούτου</span> 
     </span>
    </p>
   </div>
   <div class='ocr_carea' id='block_1_45' title="bbox 200 3048 1786 3127">
    <p class='ocr_par' dir='ltr' id='par_1_45' title="bbox 200 3048 1786 3127">
     <span class='ocr_line' id='line_1_45' title="bbox 200 3048 1786 3127; baseline 0.004 -29"><span class='ocrx_word' id='word_1_304' title='bbox 200 3048 382 3120; x_wconf 75' lang='grc' dir='ltr'>θρέμμα</span> <span class='ocrx_word' id='word_1_305' title='bbox 436 3053 777 3124; x_wconf 73' lang='grc' dir='ltr'>ὑπάρχοντα,</span> <span class='ocrx_word' id='word_1_306' title='bbox 826 3056 916 3105; x_wconf 85' lang='grc' dir='ltr'>καὶ</span> <span class='ocrx_word' id='word_1_307' title='bbox 966 3056 1061 3111; x_wconf 74' lang='grc' dir='ltr'>τὴν</span> <span class='ocrx_word' id='word_1_308' title='bbox 1112 3051 1167 3105; x_wconf 81' lang='grc' dir='ltr'>ἐκ</span> <span class='ocrx_word' id='word_1_309' title='bbox 1219 3052 1443 3106; x_wconf 85' lang='grc' dir='ltr'>παλαιοῦ</span> <span class='ocrx_word' id='word_1_310' title='bbox 1509 3048 1786 3127; x_wconf 81' lang='grc' dir='ltr'>διατριϐὴν</span> 
     </span>
    </p>
   </div>
   <div class='ocr_carea' id='block_1_46' title="bbox 201 3138 1783 3217">
    <p class='ocr_par' dir='ltr' id='par_1_46' title="bbox 201 3138 1783 3217">
     <span class='ocr_line' id='line_1_46' title="bbox 201 3138 1783 3217; baseline 0.003 -29"><span class='ocrx_word' id='word_1_311' title='bbox 201 3138 479 3206; x_wconf 65' lang='grc' dir='ltr'>μετάἆτοῦ</span> <span class='ocrx_word' id='word_1_312' title='bbox 540 3139 800 3212; x_wconf 83' lang='grc' dir='ltr'>λαχόντα,</span> <span class='ocrx_word' id='word_1_313' title='bbox 850 3149 923 3213; x_wconf 79' lang='grc' dir='ltr'>τῷ</span> <span class='ocrx_word' id='word_1_314' title='bbox 982 3141 1122 3214; x_wconf 75' lang='grc' dir='ltr'>αὐτῷ</span> <span class='ocrx_word' id='word_1_315' title='bbox 1169 3144 1484 3217; x_wconf 79' lang='grc' dir='ltr'>πορεύεσθαι</span> <span class='ocrx_word' id='word_1_316' title='bbox 1514 3145 1783 3214; x_wconf 79' lang='grc' dir='ltr'>πνεύματι,</span> 
     </span>
    </p>
   </div>
   <div class='ocr_carea' id='block_1_47' title="bbox 199 3228 1785 3304">
    <p class='ocr_par' dir='ltr' id='par_1_47' title="bbox 199 3228 1785 3304">
     <span class='ocr_line' id='line_1_47' title="bbox 199 3228 1785 3304; baseline 0.004 -28"><span class='ocrx_word' id='word_1_317' title='bbox 199 3230 279 3277; x_wconf 75' lang='grc' dir='ltr'>καὶ</span> <span class='ocrx_word' id='word_1_318' title='bbox 312 3235 413 3289; x_wconf 88' lang='grc' dir='ltr'>τοὶς</span> <span class='ocrx_word' id='word_1_319' title='bbox 439 3229 622 3289; x_wconf 69' lang='grc' dir='ltr'>αὐτοῖς</span> <span class='ocrx_word' id='word_1_320' title='bbox 656 3237 891 3301; x_wconf 86' lang='grc' dir='ltr'>στοιχεῖν</span> <span class='ocrx_word' id='word_1_321' title='bbox 921 3238 1018 3292; x_wconf 81' lang='grc' dir='ltr'>τῆς</span> <span class='ocrx_word' id='word_1_322' title='bbox 1064 3230 1328 3293; x_wconf 76' lang='grc' dir='ltr'>εὐσεϐείας</span> <span class='ocrx_word' id='word_1_323' title='bbox 1380 3228 1638 3304; x_wconf 86' lang='grc' dir='ltr'>δόγμασι.</span> <span class='ocrx_word' id='word_1_324' title='bbox 1698 3234 1785 3283; x_wconf 90' lang='grc' dir='ltr'>Διὸ</span> 
     </span>
    </p>
   </div>
   <div class='ocr_carea' id='block_1_48' title="bbox 202 3319 1786 3395">
    <p class='ocr_par' dir='ltr' id='par_1_48' title="bbox 202 3319 1786 3395">
     <span class='ocr_line' id='line_1_48' title="bbox 202 3319 1786 3395; baseline 0.006 -32"><span class='ocrx_word' id='word_1_325' title='bbox 202 3319 287 3365; x_wconf 80' lang='grc' dir='ltr'>καὶ</span> <span class='ocrx_word' id='word_1_326' title='bbox 327 3321 789 3391; x_wconf 77' lang='grc' dir='ltr'>προσφθεγγόμεθά</span> <span class='ocrx_word' id='word_1_327' title='bbox 834 3339 928 3372; x_wconf 92' lang='grc' dir='ltr'>σου</span> <span class='ocrx_word' id='word_1_328' title='bbox 973 3324 1068 3379; x_wconf 80' lang='grc' dir='ltr'>τὴν</span> <span class='ocrx_word' id='word_1_329' title='bbox 1124 3325 1425 3395; x_wconf 86' lang='grc' dir='ltr'>τιμιότητα,</span> <span class='ocrx_word' id='word_1_330' title='bbox 1476 3326 1566 3373; x_wconf 81' lang='grc' dir='ltr'>καὶ</span> <span class='ocrx_word' id='word_1_331' title='bbox 1618 3340 1786 3394; x_wconf 87' lang='grc' dir='ltr'>παρα-</span> 
     </span>
    </p>
   </div>
   <div class='ocr_carea' id='block_1_49' title="bbox 205 3401 1785 3485">
    <p class='ocr_par' dir='ltr' id='par_1_49' title="bbox 205 3401 1785 3485">
     <span class='ocr_line' id='line_1_49' title="bbox 205 3401 1785 3485; baseline 0.006 -32"><span class='ocrx_word' id='word_1_332' title='bbox 205 3401 437 3476; x_wconf 76' lang='grc' dir='ltr'>καλοῦμεν</span> <span class='ocrx_word' id='word_1_333' title='bbox 489 3410 623 3479; x_wconf 80' lang='grc' dir='ltr'>μετὰ</span> <span class='ocrx_word' id='word_1_334' title='bbox 678 3416 778 3460; x_wconf 80' lang='grc' dir='ltr'>τῶν</span> <span class='ocrx_word' id='word_1_335' title='bbox 832 3409 994 3460; x_wconf 74' lang='grc' dir='ltr'>ἄλλων</span> <span class='ocrx_word' id='word_1_336' title='bbox 1050 3414 1141 3462; x_wconf 85' lang='grc' dir='ltr'>καὶ</span> <span class='ocrx_word' id='word_1_337' title='bbox 1192 3414 1283 3469; x_wconf 79' lang='grc' dir='ltr'>τὴν</span> <span class='ocrx_word' id='word_1_338' title='bbox 1329 3414 1448 3485; x_wconf 89' lang='grc' dir='ltr'>περὶ</span> <span class='ocrx_word' id='word_1_339' title='bbox 1492 3412 1633 3483; x_wconf 84' lang='grc' dir='ltr'>ἡμᾶς</span> <span class='ocrx_word' id='word_1_340' title='bbox 1659 3405 1785 3461; x_wconf 87' lang='grc' dir='ltr'>διά-</span> 
     </span>
    </p>
   </div>
   <div class='ocr_carea' id='block_1_50' title="bbox 209 3493 1784 3573">
    <p class='ocr_par' dir='ltr' id='par_1_50' title="bbox 209 3493 1784 3573">
     <span class='ocr_line' id='line_1_50' title="bbox 209 3493 1784 3573; baseline 0.005 -31"><span class='ocrx_word' id='word_1_341' title='bbox 209 3493 343 3543; x_wconf 82' lang='grc' dir='ltr'>θεσιν</span> <span class='ocrx_word' id='word_1_342' title='bbox 395 3504 479 3546; x_wconf 80' lang='grc' dir='ltr'>τοῦ</span> <span class='ocrx_word' id='word_1_343' title='bbox 530 3496 754 3569; x_wconf 77' lang='grc' dir='ltr'>μεγάλου</span> <span class='ocrx_word' id='word_1_344' title='bbox 819 3495 1008 3573; x_wconf 77' lang='grc' dir='ltr'>ἀνδρὸς</span> <span class='ocrx_word' id='word_1_345' title='bbox 1058 3495 1431 3562; x_wconf 63' lang='grc' dir='ltr'>διαδέξασθαν</span> <span class='ocrx_word' id='word_1_346' title='bbox 1475 3498 1784 3552; x_wconf 74' lang='grc' dir='ltr'>ἐπιστελλειν</span> 
     </span>
    </p>
   </div>
   <div class='ocr_carea' id='block_1_51' title="bbox 208 3582 1785 3661">
    <p class='ocr_par' dir='ltr' id='par_1_51' title="bbox 208 3582 1785 3661">
     <span class='ocr_line' id='line_1_51' title="bbox 208 3582 1785 3661; baseline 0.002 -23"><span class='ocrx_word' id='word_1_347' title='bbox 208 3598 261 3631; x_wconf 77' lang='grc' dir='ltr'>τι</span> <span class='ocrx_word' id='word_1_348' title='bbox 290 3582 406 3653; x_wconf 69' lang='grc' dir='ltr'>ἡμῖν</span> <span class='ocrx_word' id='word_1_349' title='bbox 457 3588 683 3648; x_wconf 72' lang='grc' dir='ltr'>συνήθως</span> <span class='ocrx_word' id='word_1_350' title='bbox 737 3588 803 3639; x_wconf 80' lang='grc' dir='ltr'>τὰ</span> <span class='ocrx_word' id='word_1_351' title='bbox 858 3590 994 3640; x_wconf 87' lang='grc' dir='ltr'>κατὰ</span> <span class='ocrx_word' id='word_1_352' title='bbox 1051 3592 1265 3657; x_wconf 88' lang='grc' dir='ltr'>σαυτόν,</span> <span class='ocrx_word' id='word_1_353' title='bbox 1314 3593 1401 3641; x_wconf 83' lang='grc' dir='ltr'>καὶ</span> <span class='ocrx_word' id='word_1_354' title='bbox 1432 3587 1785 3661; x_wconf 77' lang='grc' dir='ltr'>ἐπιμελεῖσθαι</span> 
     </span>
    </p>
   </div>
   <div class='ocr_carea' id='block_1_52' title="bbox 208 3673 1785 3750">
    <p class='ocr_par' dir='ltr' id='par_1_52' title="bbox 208 3673 1785 3750">
     <span class='ocr_line' id='line_1_52' title="bbox 208 3673 1785 3750; baseline 0.006 -31"><span class='ocrx_word' id='word_1_355' title='bbox 208 3679 296 3730; x_wconf 72' lang='grc' dir='ltr'>τῆς</span> <span class='ocrx_word' id='word_1_356' title='bbox 340 3684 599 3747; x_wconf 58' lang='grc' dir='ltr'>πανταχοῦ</span> <span class='ocrx_word' id='word_1_357' title='bbox 666 3673 1013 3749; x_wconf 79' lang='grc' dir='ltr'>ἁδελφότητος</span> <span class='ocrx_word' id='word_1_358' title='bbox 1056 3685 1161 3741; x_wconf 87' lang='grc' dir='ltr'>τοῖς</span> <span class='ocrx_word' id='word_1_359' title='bbox 1220 3678 1399 3741; x_wconf 65' lang='grc' dir='ltr'>αὐτοῖς</span> <span class='ocrx_word' id='word_1_360' title='bbox 1458 3678 1785 3750; x_wconf 71' lang='grc' dir='ltr'>σπλάγχνοις</span> 
     </span>
    </p>
   </div>
   <div class='ocr_carea' id='block_1_53' title="bbox 2256 1884 3214 1955">
    <p class='ocr_par' dir='ltr' id='par_1_53' title="bbox 2256 1884 3214 1955">
     <span class='ocr_line' id='line_1_53' title="bbox 2256 1884 3214 1955; baseline -0.001 -14"><span class='ocrx_word' id='word_1_361' title='bbox 2256 1886 2455 1955; x_wconf 84' lang='lat' dir='ltr'>Petro,</span> <span class='ocrx_word' id='word_1_362' title='bbox 2491 1886 2762 1955; x_wconf 86' lang='lat' dir='ltr'>episcopo</span> <span class='ocrx_word' id='word_1_363' title='bbox 2801 1884 3214 1941; x_wconf 71' lang='lat' dir='ltr'>Alexandriae.</span> 
     </span>
    </p>
   </div>
   <div class='ocr_carea' id='block_1_54' title="bbox 1972 1972 3553 2047">
    <p class='ocr_par' dir='ltr' id='par_1_54' title="bbox 1972 1972 3553 2047">
     <span class='ocr_line' id='line_1_54' title="bbox 1972 1972 3553 2047; baseline -0.003 -15"><span class='ocrx_word' id='word_1_364' title='bbox 1972 1974 2248 2047; x_wconf 89' lang='lat' dir='ltr'>Corporis</span> <span class='ocrx_word' id='word_1_365' title='bbox 2301 1973 2548 2046; x_wconf 89' lang='lat' dir='ltr'>quidem</span> <span class='ocrx_word' id='word_1_366' title='bbox 2608 1973 2881 2030; x_wconf 73' lang='lat' dir='ltr'>amicitias</span> <span class='ocrx_word' id='word_1_367' title='bbox 2936 1972 3350 2029; x_wconf 88' lang='lat' dir='ltr'>conciliatores</span> <span class='ocrx_word' id='word_1_368' title='bbox 3412 1974 3553 2027; x_wconf 89' lang='lat' dir='ltr'>sunt</span> 
     </span>
    </p>
   </div>
   <div class='ocr_carea' id='block_1_55' title="bbox 1898 2058 3551 2134">
    <p class='ocr_par' dir='ltr' id='par_1_55' title="bbox 1898 2058 3551 2134">
     <span class='ocr_line' id='line_1_55' title="bbox 1898 2058 3551 2134; baseline -0.003 -14"><span class='ocrx_word' id='word_1_369' title='bbox 1898 2064 2077 2133; x_wconf 90' lang='lat' dir='ltr'>oculi,</span> <span class='ocrx_word' id='word_1_370' title='bbox 2109 2078 2366 2134; x_wconf 90' lang='lat' dir='ltr'>eamque</span> <span class='ocrx_word' id='word_1_371' title='bbox 2398 2061 2682 2117; x_wconf 89' lang='lat' dir='ltr'>diuturna</span> <span class='ocrx_word' id='word_1_372' title='bbox 2700 2061 3075 2117; x_wconf 82' lang='lat' dir='ltr'>consuetudo</span> <span class='ocrx_word' id='word_1_373' title='bbox 3090 2058 3551 2116; x_wconf 85' lang='lat' dir='ltr'>conﬁrmat.Sed</span> 
     </span>
    </p>
   </div>
   <div class='ocr_carea' id='block_1_56' title="bbox 1897 2158 3552 2232">
    <p class='ocr_par' dir='ltr' id='par_1_56' title="bbox 1897 2158 3552 2232">
     <span class='ocr_line' id='line_1_56' title="bbox 1897 2158 3552 2232; baseline -0.003 -15"><span class='ocrx_word' id='word_1_374' title='bbox 1897 2178 2103 2217; x_wconf 81' lang='lat' dir='ltr'>veram</span> <span class='ocrx_word' id='word_1_375' title='bbox 2137 2160 2493 2216; x_wconf 89' lang='lat' dir='ltr'>charitatem</span> <span class='ocrx_word' id='word_1_376' title='bbox 2524 2159 2757 2215; x_wconf 88' lang='lat' dir='ltr'>donum</span> <span class='ocrx_word' id='word_1_377' title='bbox 2791 2158 3041 2232; x_wconf 87' lang='lat' dir='ltr'>Spiritus</span> <span class='ocrx_word' id='word_1_378' title='bbox 3068 2158 3391 2226; x_wconf 86' lang='lat' dir='ltr'>constituit,</span> <span class='ocrx_word' id='word_1_379' title='bbox 3414 2172 3552 2213; x_wconf 88' lang='lat' dir='ltr'>con-</span> 
     </span>
    </p>
   </div>
   <div class='ocr_carea' id='block_1_57' title="bbox 1892 2245 3552 2322">
    <p class='ocr_par' dir='ltr' id='par_1_57' title="bbox 1892 2245 3552 2322">
     <span class='ocr_line' id='line_1_57' title="bbox 1892 2245 3552 2322; baseline -0.003 -17"><span class='ocrx_word' id='word_1_380' title='bbox 1892 2250 2156 2322; x_wconf 91' lang='lat' dir='ltr'>jungens</span> <span class='ocrx_word' id='word_1_381' title='bbox 2174 2248 2355 2319; x_wconf 91' lang='lat' dir='ltr'>longo</span> <span class='ocrx_word' id='word_1_382' title='bbox 2382 2248 2670 2305; x_wconf 86' lang='lat' dir='ltr'>distantia</span> <span class='ocrx_word' id='word_1_383' title='bbox 2690 2248 2965 2304; x_wconf 92' lang='lat' dir='ltr'>locorum</span> <span class='ocrx_word' id='word_1_384' title='bbox 2979 2246 3387 2319; x_wconf 89' lang='lat' dir='ltr'>intervallo,ac</span> <span class='ocrx_word' id='word_1_385' title='bbox 3405 2245 3552 2302; x_wconf 86' lang='lat' dir='ltr'>ami-</span> 
     </span>
    </p>
   </div>
   <div class='ocr_carea' id='block_1_58' title="bbox 1897 2336 3550 2411">
    <p class='ocr_par' dir='ltr' id='par_1_58' title="bbox 1897 2336 3550 2411">
     <span class='ocr_line' id='line_1_58' title="bbox 1897 2336 3550 2411; baseline -0.003 -18"><span class='ocrx_word' id='word_1_386' title='bbox 1897 2338 1982 2394; x_wconf 90' lang='lat' dir='ltr'>cis</span> <span class='ocrx_word' id='word_1_387' title='bbox 2028 2342 2319 2411; x_wconf 70' lang='lat' dir='ltr'>praastans</span> <span class='ocrx_word' id='word_1_388' title='bbox 2369 2341 2435 2392; x_wconf 90' lang='lat' dir='ltr'>ut</span> <span class='ocrx_word' id='word_1_389' title='bbox 2489 2352 2617 2393; x_wconf 92' lang='lat' dir='ltr'>sese</span> <span class='ocrx_word' id='word_1_390' title='bbox 2666 2336 2924 2392; x_wconf 87' lang='lat' dir='ltr'>invicem</span> <span class='ocrx_word' id='word_1_391' title='bbox 2984 2341 3376 2406; x_wconf 85' lang='lat' dir='ltr'>cognoscant,</span> <span class='ocrx_word' id='word_1_392' title='bbox 3426 2348 3550 2389; x_wconf 92' lang='lat' dir='ltr'>non</span> 
     </span>
    </p>
   </div>
   <div class='ocr_carea' id='block_1_59' title="bbox 1897 2421 3550 2499">
    <p class='ocr_par' dir='ltr' id='par_1_59' title="bbox 1897 2421 3550 2499">
     <span class='ocr_line' id='line_1_59' title="bbox 1897 2421 3550 2499; baseline -0.003 -17"><span class='ocrx_word' id='word_1_393' title='bbox 1897 2427 2202 2499; x_wconf 89' lang='lat' dir='ltr'>corporeis</span> <span class='ocrx_word' id='word_1_394' title='bbox 2230 2426 2406 2495; x_wconf 91' lang='lat' dir='ltr'>notis,</span> <span class='ocrx_word' id='word_1_395' title='bbox 2438 2425 2543 2480; x_wconf 90' lang='lat' dir='ltr'>sed</span> <span class='ocrx_word' id='word_1_396' title='bbox 2582 2426 2801 2481; x_wconf 68' lang='lat' dir='ltr'>animm</span> <span class='ocrx_word' id='word_1_397' title='bbox 2832 2424 3322 2498; x_wconf 87' lang='lat' dir='ltr'>proprietatibus.</span> <span class='ocrx_word' id='word_1_398' title='bbox 3376 2421 3550 2489; x_wconf 87' lang='lat' dir='ltr'>Quod</span> 
     </span>
    </p>
   </div>
   <div class='ocr_carea' id='block_1_60' title="bbox 1894 2512 3550 2586">
    <p class='ocr_par' dir='ltr' id='par_1_60' title="bbox 1894 2512 3550 2586">
     <span class='ocr_line' id='line_1_60' title="bbox 1894 2512 3550 2586; baseline -0.003 -15"><span class='ocrx_word' id='word_1_399' title='bbox 1894 2516 2097 2586; x_wconf 90' lang='lat' dir='ltr'>ipsum</span> <span class='ocrx_word' id='word_1_400' title='bbox 2128 2520 2185 2571; x_wconf 91' lang='lat' dir='ltr'>et</span> <span class='ocrx_word' id='word_1_401' title='bbox 2212 2515 2274 2570; x_wconf 93' lang='lat' dir='ltr'>in</span> <span class='ocrx_word' id='word_1_402' title='bbox 2304 2514 2479 2571; x_wconf 88' lang='lat' dir='ltr'>nobis</span> <span class='ocrx_word' id='word_1_403' title='bbox 2508 2514 2741 2570; x_wconf 88' lang='lat' dir='ltr'>Domini</span> <span class='ocrx_word' id='word_1_404' title='bbox 2772 2515 2965 2584; x_wconf 88' lang='lat' dir='ltr'>gratia</span> <span class='ocrx_word' id='word_1_405' title='bbox 2996 2513 3262 2586; x_wconf 85' lang='lat' dir='ltr'>perfecit,</span> <span class='ocrx_word' id='word_1_406' title='bbox 3286 2512 3550 2582; x_wconf 77' lang='lat' dir='ltr'>largiens</span> 
     </span>
    </p>
   </div>
   <div class='ocr_carea' id='block_1_61' title="bbox 1897 2601 3551 2676">
    <p class='ocr_par' dir='ltr' id='par_1_61' title="bbox 1897 2601 3551 2676">
     <span class='ocr_line' id='line_1_61' title="bbox 1897 2601 3551 2676; baseline -0.002 -15"><span class='ocrx_word' id='word_1_407' title='bbox 1897 2609 1962 2661; x_wconf 91' lang='lat' dir='ltr'>ut</span> <span class='ocrx_word' id='word_1_408' title='bbox 1991 2610 2046 2661; x_wconf 93' lang='lat' dir='ltr'>te</span> <span class='ocrx_word' id='word_1_409' title='bbox 2070 2605 2411 2660; x_wconf 86' lang='lat' dir='ltr'>videremus</span> <span class='ocrx_word' id='word_1_410' title='bbox 2467 2603 2656 2659; x_wconf 91' lang='lat' dir='ltr'>animi</span> <span class='ocrx_word' id='word_1_411' title='bbox 2695 2604 2901 2674; x_wconf 90' lang='lat' dir='ltr'>oculis,</span> <span class='ocrx_word' id='word_1_412' title='bbox 2937 2608 3114 2676; x_wconf 90' lang='lat' dir='ltr'>teque</span> <span class='ocrx_word' id='word_1_413' title='bbox 3164 2601 3551 2674; x_wconf 90' lang='lat' dir='ltr'>amplectere-</span> 
     </span>
    </p>
   </div>
   <div class='ocr_carea' id='block_1_62' title="bbox 1896 2690 3550 2758">
    <p class='ocr_par' dir='ltr' id='par_1_62' title="bbox 1896 2690 3550 2758">
     <span class='ocr_line' id='line_1_62' title="bbox 1896 2690 3550 2758; baseline -0.002 -9"><span class='ocrx_word' id='word_1_414' title='bbox 1896 2710 2031 2750; x_wconf 90' lang='lat' dir='ltr'>mur</span> <span class='ocrx_word' id='word_1_415' title='bbox 2049 2709 2193 2749; x_wconf 90' lang='lat' dir='ltr'>vera</span> <span class='ocrx_word' id='word_1_416' title='bbox 2221 2692 2557 2756; x_wconf 90' lang='lat' dir='ltr'>dilectione,</span> <span class='ocrx_word' id='word_1_417' title='bbox 2588 2708 2656 2748; x_wconf 91' lang='lat' dir='ltr'>ac</span> <span class='ocrx_word' id='word_1_418' title='bbox 2682 2692 2865 2748; x_wconf 89' lang='lat' dir='ltr'>veluti</span> <span class='ocrx_word' id='word_1_419' title='bbox 2923 2693 3365 2748; x_wconf 69' lang='lat' dir='ltr'>cohaereremus</span> <span class='ocrx_word' id='word_1_420' title='bbox 3420 2690 3550 2758; x_wconf 87' lang='lat' dir='ltr'>tibi,</span> 
     </span>
    </p>
   </div>
   <div class='ocr_carea' id='block_1_63' title="bbox 1897 2780 3552 2839">
    <p class='ocr_par' dir='ltr' id='par_1_63' title="bbox 1897 2780 3552 2839">
     <span class='ocr_line' id='line_1_63' title="bbox 1897 2780 3552 2839; baseline -0.002 -1"><span class='ocrx_word' id='word_1_421' title='bbox 1897 2789 1953 2839; x_wconf 93' lang='lat' dir='ltr'>et</span> <span class='ocrx_word' id='word_1_422' title='bbox 1978 2783 2040 2838; x_wconf 88' lang='lat' dir='ltr'>in</span> <span class='ocrx_word' id='word_1_423' title='bbox 2065 2798 2251 2838; x_wconf 88' lang='lat' dir='ltr'>unam</span> <span class='ocrx_word' id='word_1_424' title='bbox 2281 2781 2626 2837; x_wconf 89' lang='lat' dir='ltr'>veniremus</span> <span class='ocrx_word' id='word_1_425' title='bbox 2657 2782 2944 2837; x_wconf 88' lang='lat' dir='ltr'>unionem</span> <span class='ocrx_word' id='word_1_426' title='bbox 2992 2797 3063 2836; x_wconf 82' lang='lat' dir='ltr'>ex</span> <span class='ocrx_word' id='word_1_427' title='bbox 3107 2780 3250 2836; x_wconf 89' lang='lat' dir='ltr'>ﬁdei</span> <span class='ocrx_word' id='word_1_428' title='bbox 3277 2795 3552 2835; x_wconf 86' lang='lat' dir='ltr'>commu-</span> 
     </span>
    </p>
   </div>
   <div class='ocr_carea' id='block_1_64' title="bbox 1894 2866 3553 2943">
    <p class='ocr_par' dir='ltr' id='par_1_64' title="bbox 1894 2866 3553 2943">
     <span class='ocr_line' id='line_1_64' title="bbox 1894 2866 3553 2943; baseline -0.005 -15"><span class='ocrx_word' id='word_1_429' title='bbox 1894 2872 2095 2928; x_wconf 89' lang='lat' dir='ltr'>nione.</span> <span class='ocrx_word' id='word_1_430' title='bbox 2146 2870 2328 2927; x_wconf 85' lang='lat' dir='ltr'>Nobis</span> <span class='ocrx_word' id='word_1_431' title='bbox 2381 2871 2539 2926; x_wconf 87' lang='lat' dir='ltr'>enim</span> <span class='ocrx_word' id='word_1_432' title='bbox 2590 2875 2679 2926; x_wconf 90' lang='lat' dir='ltr'>est</span> <span class='ocrx_word' id='word_1_433' title='bbox 2725 2886 3085 2943; x_wconf 90' lang='lat' dir='ltr'>persuasum</span> <span class='ocrx_word' id='word_1_434' title='bbox 3141 2872 3215 2935; x_wconf 91' lang='lat' dir='ltr'>te,</span> <span class='ocrx_word' id='word_1_435' title='bbox 3266 2867 3376 2922; x_wconf 89' lang='lat' dir='ltr'>viri</span> <span class='ocrx_word' id='word_1_436' title='bbox 3418 2866 3553 2922; x_wconf 88' lang='lat' dir='ltr'>talis</span> 
     </span>
    </p>
   </div>
   <div class='ocr_carea' id='block_1_65' title="bbox 1896 2960 3553 3031">
    <p class='ocr_par' dir='ltr' id='par_1_65' title="bbox 1896 2960 3553 3031">
     <span class='ocr_line' id='line_1_65' title="bbox 1896 2960 3553 3031; baseline -0.005 -12"><span class='ocrx_word' id='word_1_437' title='bbox 1896 2962 2236 3031; x_wconf 90' lang='lat' dir='ltr'>alumnum,</span> <span class='ocrx_word' id='word_1_438' title='bbox 2264 2966 2320 3019; x_wconf 89' lang='lat' dir='ltr'>et</span> <span class='ocrx_word' id='word_1_439' title='bbox 2338 2961 2522 3031; x_wconf 88' lang='lat' dir='ltr'>longa</span> <span class='ocrx_word' id='word_1_440' title='bbox 2549 2960 2705 3016; x_wconf 89' lang='lat' dir='ltr'>illius</span> <span class='ocrx_word' id='word_1_441' title='bbox 2733 2960 3170 3016; x_wconf 88' lang='lat' dir='ltr'>consuetudine</span> <span class='ocrx_word' id='word_1_442' title='bbox 3226 2973 3429 3024; x_wconf 91' lang='lat' dir='ltr'>usum,</span> <span class='ocrx_word' id='word_1_443' title='bbox 3458 2971 3553 3011; x_wconf 86' lang='lat' dir='ltr'>eo—</span> 
     </span>
    </p>
   </div>
   <div class='ocr_carea' id='block_1_66' title="bbox 1896 3046 3555 3123">
    <p class='ocr_par' dir='ltr' id='par_1_66' title="bbox 1896 3046 3555 3123">
     <span class='ocr_line' id='line_1_66' title="bbox 1896 3046 3555 3123; baseline -0.004 -16"><span class='ocrx_word' id='word_1_444' title='bbox 1896 3050 2036 3107; x_wconf 90' lang='lat' dir='ltr'>dem</span> <span class='ocrx_word' id='word_1_445' title='bbox 2065 3050 2341 3107; x_wconf 90' lang='lat' dir='ltr'>incedere</span> <span class='ocrx_word' id='word_1_446' title='bbox 2372 3051 2582 3123; x_wconf 90' lang='lat' dir='ltr'>spiritu</span> <span class='ocrx_word' id='word_1_447' title='bbox 2612 3049 2947 3123; x_wconf 88' lang='lat' dir='ltr'>eademque</span> <span class='ocrx_word' id='word_1_448' title='bbox 2999 3047 3234 3121; x_wconf 88' lang='lat' dir='ltr'>pietatis</span> <span class='ocrx_word' id='word_1_449' title='bbox 3263 3046 3555 3115; x_wconf 82' lang='lat' dir='ltr'>dogmata</span> 
     </span>
    </p>
   </div>
   <div class='ocr_carea' id='block_1_67' title="bbox 1898 3134 3554 3214">
    <p class='ocr_par' dir='ltr' id='par_1_67' title="bbox 1898 3134 3554 3214">
     <span class='ocr_line' id='line_1_67' title="bbox 1898 3134 3554 3214; baseline -0.005 -17"><span class='ocrx_word' id='word_1_450' title='bbox 1898 3141 2086 3214; x_wconf 92' lang='lat' dir='ltr'>sequi.</span> <span class='ocrx_word' id='word_1_451' title='bbox 2122 3143 2498 3213; x_wconf 89' lang='lat' dir='ltr'>Quapropter</span> <span class='ocrx_word' id='word_1_452' title='bbox 2514 3144 2570 3196; x_wconf 91' lang='lat' dir='ltr'>et</span> <span class='ocrx_word' id='word_1_453' title='bbox 2600 3144 2768 3196; x_wconf 90' lang='lat' dir='ltr'>tuam</span> <span class='ocrx_word' id='word_1_454' title='bbox 2791 3138 2986 3195; x_wconf 88' lang='lat' dir='ltr'>saluto</span> <span class='ocrx_word' id='word_1_455' title='bbox 3008 3134 3554 3211; x_wconf 62' lang='lat' dir='ltr'>praestantiammb-</span> 
     </span>
    </p>
   </div>
   <div class='ocr_carea' id='block_1_68' title="bbox 1897 3223 3554 3303">
    <p class='ocr_par' dir='ltr' id='par_1_68' title="bbox 1897 3223 3554 3303">
     <span class='ocr_line' id='line_1_68' title="bbox 1897 3223 3554 3303; baseline -0.004 -17"><span class='ocrx_word' id='word_1_456' title='bbox 1897 3235 2197 3303; x_wconf 87' lang='lat' dir='ltr'>testorque</span> <span class='ocrx_word' id='word_1_457' title='bbox 2226 3234 2291 3285; x_wconf 93' lang='lat' dir='ltr'>ut</span> <span class='ocrx_word' id='word_1_458' title='bbox 2319 3246 2455 3286; x_wconf 91' lang='lat' dir='ltr'>cum</span> <span class='ocrx_word' id='word_1_459' title='bbox 2484 3228 2712 3285; x_wconf 84' lang='lat' dir='ltr'>caeteris</span> <span class='ocrx_word' id='word_1_460' title='bbox 2736 3228 2916 3284; x_wconf 88' lang='lat' dir='ltr'>rebus</span> <span class='ocrx_word' id='word_1_461' title='bbox 2942 3228 3118 3283; x_wconf 88' lang='lat' dir='ltr'>etiam</span> <span class='ocrx_word' id='word_1_462' title='bbox 3160 3224 3365 3296; x_wconf 84' lang='lat' dir='ltr'>magni</span> <span class='ocrx_word' id='word_1_463' title='bbox 3396 3223 3554 3279; x_wconf 89' lang='lat' dir='ltr'>illius</span> 
     </span>
    </p>
   </div>
   <div class='ocr_carea' id='block_1_69' title="bbox 1894 3314 3553 3391">
    <p class='ocr_par' dir='ltr' id='par_1_69' title="bbox 1894 3314 3553 3391">
     <span class='ocr_line' id='line_1_69' title="bbox 1894 3314 3553 3391; baseline -0.004 -15"><span class='ocrx_word' id='word_1_464' title='bbox 1894 3319 2000 3376; x_wconf 89' lang='lat' dir='ltr'>viri</span> <span class='ocrx_word' id='word_1_465' title='bbox 2030 3321 2092 3375; x_wconf 89' lang='lat' dir='ltr'>in</span> <span class='ocrx_word' id='word_1_466' title='bbox 2122 3335 2233 3375; x_wconf 87' lang='lat' dir='ltr'>nos</span> <span class='ocrx_word' id='word_1_467' title='bbox 2254 3334 2526 3375; x_wconf 91' lang='lat' dir='ltr'>amorem</span> <span class='ocrx_word' id='word_1_468' title='bbox 2557 3318 2840 3391; x_wconf 84' lang='lat' dir='ltr'>excipias,</span> <span class='ocrx_word' id='word_1_469' title='bbox 2866 3317 3134 3389; x_wconf 86' lang='lat' dir='ltr'>mihique</span> <span class='ocrx_word' id='word_1_470' title='bbox 3158 3330 3319 3388; x_wconf 79' lang='lat' dir='ltr'>saepe</span> <span class='ocrx_word' id='word_1_471' title='bbox 3340 3315 3414 3370; x_wconf 93' lang='lat' dir='ltr'>de</span> <span class='ocrx_word' id='word_1_472' title='bbox 3437 3314 3553 3369; x_wconf 89' lang='lat' dir='ltr'>tuis</span> 
     </span>
    </p>
   </div>
   <div class='ocr_carea' id='block_1_70' title="bbox 1894 3404 3550 3479">
    <p class='ocr_par' dir='ltr' id='par_1_70' title="bbox 1894 3404 3550 3479">
     <span class='ocr_line' id='line_1_70' title="bbox 1894 3404 3550 3479; baseline -0.004 -13"><span class='ocrx_word' id='word_1_473' title='bbox 1894 3410 2077 3467; x_wconf 89' lang='lat' dir='ltr'>rebus</span> <span class='ocrx_word' id='word_1_474' title='bbox 2134 3409 2383 3475; x_wconf 87' lang='lat' dir='ltr'>scribas,</span> <span class='ocrx_word' id='word_1_475' title='bbox 2438 3415 2494 3466; x_wconf 89' lang='lat' dir='ltr'>et</span> <span class='ocrx_word' id='word_1_476' title='bbox 2550 3425 2757 3465; x_wconf 86' lang='lat' dir='ltr'>curam</span> <span class='ocrx_word' id='word_1_477' title='bbox 2820 3407 3114 3479; x_wconf 83' lang='lat' dir='ltr'>suscipias</span> <span class='ocrx_word' id='word_1_478' title='bbox 3166 3404 3550 3463; x_wconf 84' lang='lat' dir='ltr'>fraternitatis</span> 
     </span>
    </p>
   </div>
   <div class='ocr_carea' id='block_1_71' title="bbox 1898 3494 3549 3573">
    <p class='ocr_par' dir='ltr' id='par_1_71' title="bbox 1898 3494 3549 3573">
     <span class='ocr_line' id='line_1_71' title="bbox 1898 3494 3549 3573; baseline -0.004 -17"><span class='ocrx_word' id='word_1_479' title='bbox 1898 3501 2124 3573; x_wconf 91' lang='lat' dir='ltr'>ubique</span> <span class='ocrx_word' id='word_1_480' title='bbox 2154 3500 2406 3566; x_wconf 73' lang='lat' dir='ltr'>diffusae,</span> <span class='ocrx_word' id='word_1_481' title='bbox 2431 3498 2759 3555; x_wconf 87' lang='lat' dir='ltr'>visceribus</span> <span class='ocrx_word' id='word_1_482' title='bbox 2782 3498 2996 3554; x_wconf 83' lang='lat' dir='ltr'>iisdem</span> <span class='ocrx_word' id='word_1_483' title='bbox 3020 3513 3090 3554; x_wconf 93' lang='lat' dir='ltr'>ac</span> <span class='ocrx_word' id='word_1_484' title='bbox 3114 3496 3313 3553; x_wconf 92' lang='lat' dir='ltr'>studio</span> <span class='ocrx_word' id='word_1_485' title='bbox 3339 3494 3549 3552; x_wconf 91' lang='lat' dir='ltr'>eodem</span> 
     </span>
    </p>
   </div>
   <div class='ocr_carea' id='block_1_72' title="bbox 1896 3585 3546 3663">
    <p class='ocr_par' dir='ltr' id='par_1_72' title="bbox 1896 3585 3546 3663">
     <span class='ocr_line' id='line_1_72' title="bbox 1896 3585 3546 3663; baseline -0.004 -18"><span class='ocrx_word' id='word_1_486' title='bbox 1896 3606 2018 3663; x_wconf 93' lang='lat' dir='ltr'>quo</span> <span class='ocrx_word' id='word_1_487' title='bbox 2076 3593 2132 3646; x_wconf 92' lang='lat' dir='ltr'>et</span> <span class='ocrx_word' id='word_1_488' title='bbox 2173 3589 2557 3645; x_wconf 90' lang='lat' dir='ltr'>beatissimus</span> <span class='ocrx_word' id='word_1_489' title='bbox 2616 3588 2711 3644; x_wconf 91' lang='lat' dir='ltr'>ille</span> <span class='ocrx_word' id='word_1_490' title='bbox 2749 3587 2839 3643; x_wconf 90' lang='lat' dir='ltr'>vir</span> <span class='ocrx_word' id='word_1_491' title='bbox 2868 3588 2928 3643; x_wconf 91' lang='lat' dir='ltr'>in</span> <span class='ocrx_word' id='word_1_492' title='bbox 2960 3602 3195 3654; x_wconf 90' lang='lat' dir='ltr'>omnes,</span> <span class='ocrx_word' id='word_1_493' title='bbox 3224 3585 3330 3658; x_wconf 92' lang='lat' dir='ltr'>qui</span> <span class='ocrx_word' id='word_1_494' title='bbox 3360 3588 3546 3641; x_wconf 88' lang='lat' dir='ltr'>Deum</span> 
     </span>
    </p>
   </div>
   <div class='ocr_carea' id='block_1_73' title="bbox 1894 3677 2862 3748">
    <p class='ocr_par' dir='ltr' id='par_1_73' title="bbox 1894 3677 2862 3748">
     <span class='ocr_line' id='line_1_73' title="bbox 1894 3677 2862 3748; baseline -0.002 -15"><span class='ocrx_word' id='word_1_495' title='bbox 1894 3678 1955 3733; x_wconf 92' lang='lat' dir='ltr'>in</span> <span class='ocrx_word' id='word_1_496' title='bbox 1986 3679 2235 3735; x_wconf 87' lang='lat' dir='ltr'>veritate</span> <span class='ocrx_word' id='word_1_497' title='bbox 2265 3677 2542 3748; x_wconf 89' lang='lat' dir='ltr'>diligunt,</span> <span class='ocrx_word' id='word_1_498' title='bbox 2576 3694 2723 3733; x_wconf 91' lang='lat' dir='ltr'>usus</span> <span class='ocrx_word' id='word_1_499' title='bbox 2754 3681 2862 3733; x_wconf 90' lang='lat' dir='ltr'>est.</span> 
     </span>
    </p>
   </div>
   <div class='ocr_carea' id='block_1_74' title="bbox 205 3762 3546 3843">
    <p class='ocr_par' dir='ltr' id='par_1_74' title="bbox 205 3762 3546 3843">
     <span class='ocr_line' id='line_1_74' title="bbox 205 3762 3546 3843; baseline 0.001 -33"><span class='ocrx_word' id='word_1_500' title='bbox 205 3765 287 3812; x_wconf 82' lang='grc' dir='ltr'>καὶ</span> <span class='ocrx_word' id='word_1_501' title='bbox 336 3770 395 3834; x_wconf 72' lang='grc' dir='ltr'>τῇ</span> <span class='ocrx_word' id='word_1_502' title='bbox 443 3764 568 3838; x_wconf 61' lang='grc' dir='ltr'>αὐτῇ</span> <span class='ocrx_word' id='word_1_503' title='bbox 628 3768 897 3840; x_wconf 77' lang='grc' dir='ltr'>προθυμίᾳ</span> <span class='ocrx_word' id='word_1_504' title='bbox 953 3770 1090 3840; x_wconf 87' lang='grc'>(28),</span> <span class='ocrx_word' id='word_1_505' title='bbox 1228 3769 1787 3843; x_wconf 80' lang='grc' dir='ltr'>καὶόμακαριώτατος</span> <span class='ocrx_word' id='word_1_506' title='bbox 1839 3765 2023 3827; x_wconf 76' lang='grc' dir='ltr'>ἕκεῖνος</span> <span class='ocrx_word' id='word_1_507' title='bbox 2081 3771 2199 3840; x_wconf 87' lang='grc' dir='ltr'>περὶ</span> <span class='ocrx_word' id='word_1_508' title='bbox 2247 3768 2439 3826; x_wconf 84' lang='grc' dir='ltr'>πάντας</span> <span class='ocrx_word' id='word_1_509' title='bbox 2491 3765 2686 3839; x_wconf 77' lang='grc' dir='ltr'>ἐχρῆτο</span> <span class='ocrx_word' id='word_1_510' title='bbox 2744 3769 2862 3825; x_wconf 77' lang='grc' dir='ltr'>τοὺς</span> <span class='ocrx_word' id='word_1_511' title='bbox 2920 3763 3230 3836; x_wconf 83' lang='grc' dir='ltr'>ἀγαπῶντας</span> <span class='ocrx_word' id='word_1_512' title='bbox 3286 3764 3373 3814; x_wconf 88' lang='grc' dir='ltr'>τὸν</span> <span class='ocrx_word' id='word_1_513' title='bbox 3424 3762 3546 3815; x_wconf 85' lang='grc' dir='ltr'>Θεὸν</span> 
     </span>
    </p>
   </div>
   <div class='ocr_carea' id='block_1_75' title="bbox 201 3847 505 3925">
    <p class='ocr_par' dir='ltr' id='par_1_75' title="bbox 201 3847 505 3925">
     <span class='ocr_line' id='line_1_75' title="bbox 201 3847 505 3925; baseline 0.033 -26"><span class='ocrx_word' id='word_1_514' title='bbox 201 3847 245 3899; x_wconf 74' lang='grc' dir='ltr'>ἐν</span> <span class='ocrx_word' id='word_1_515' title='bbox 281 3849 505 3925; x_wconf 73' lang='grc' dir='ltr'>ἀληθείᾳ.</span> 
     </span>
    </p>
   </div>
   <div class='ocr_carea' id='block_1_76' title="bbox 720 3945 1254 4004">
    <p class='ocr_par' dir='ltr' id='par_1_76' title="bbox 720 3945 1254 4004">
     <span class='ocr_line' id='line_1_76' title="bbox 720 3945 1254 4004; baseline 0.009 -7"><span class='ocrx_word' id='word_1_516' title='bbox 720 3949 1051 3999; x_wconf 81' lang='grc' dir='ltr'>ΕΠΙΣΤΟΚΗ</span> <span class='ocrx_word' id='word_1_517' title='bbox 1093 3945 1254 4004; x_wconf 57' lang='grc' dir='ltr'>ΡΛΧ.</span> 
     </span>
    </p>
   </div>
   <div class='ocr_carea' id='block_1_77' title="bbox 2379 3943 3066 4002">
    <p class='ocr_par' dir='ltr' id='par_1_77' title="bbox 2379 3943 3066 4002">
     <span class='ocr_line' id='line_1_77' title="bbox 2379 3943 3066 4002; baseline 0.004 -3"><span class='ocrx_word' id='word_1_518' title='bbox 2379 3945 2715 4002; x_wconf 84' lang='lat' dir='ltr'>EPISTOLA</span> <span class='ocrx_word' id='word_1_519' title='bbox 2758 3943 3066 4002; x_wconf 78' lang='lat' dir='ltr'>CXXXIV&quot;.</span> 
     </span>
    </p>
   </div>
   <div class='ocr_carea' id='block_1_78' title="bbox 204 4044 3547 4124">
    <p class='ocr_par' dir='ltr' id='par_1_78' title="bbox 204 4044 3547 4124">
     <span class='ocr_line' id='line_1_78' title="bbox 204 4044 3547 4124; baseline 0 -23"><span class='ocrx_word' id='word_1_520' title='bbox 204 4044 427 4105; x_wconf 80' lang='lat' dir='ltr'>Gratias</span> <span class='ocrx_word' id='word_1_521' title='bbox 436 4052 564 4122; x_wconf 84' lang='lat' dir='ltr'>agit</span> <span class='ocrx_word' id='word_1_522' title='bbox 579 4051 743 4123; x_wconf 80' lang='lat' dir='ltr'>quod</span> <span class='ocrx_word' id='word_1_523' title='bbox 752 4068 946 4123; x_wconf 84' lang='lat' dir='ltr'>nuper</span> <span class='ocrx_word' id='word_1_524' title='bbox 954 4053 1284 4124; x_wconf 84' lang='lat' dir='ltr'>scripserit.</span> <span class='ocrx_word' id='word_1_525' title='bbox 1296 4053 1596 4110; x_wconf 82' lang='lat' dir='ltr'>Hortatur</span> <span class='ocrx_word' id='word_1_526' title='bbox 1608 4058 1671 4109; x_wconf 84' lang='lat' dir='ltr'>ut</span> <span class='ocrx_word' id='word_1_527' title='bbox 1681 4052 1899 4123; x_wconf 69' lang='lat' dir='ltr'>saepius</span> <span class='ocrx_word' id='word_1_528' title='bbox 1908 4051 2154 4108; x_wconf 81' lang='lat' dir='ltr'>scribat.</span> <span class='ocrx_word' id='word_1_529' title='bbox 2168 4051 2358 4121; x_wconf 84' lang='lat' dir='ltr'>Negat</span> <span class='ocrx_word' id='word_1_530' title='bbox 2371 4066 2432 4108; x_wconf 83' lang='lat' dir='ltr'>se</span> <span class='ocrx_word' id='word_1_531' title='bbox 2441 4051 2673 4121; x_wconf 88' lang='lat' dir='ltr'>copiam</span> <span class='ocrx_word' id='word_1_532' title='bbox 2696 4049 2914 4107; x_wconf 83' lang='lat' dir='ltr'>habere</span> <span class='ocrx_word' id='word_1_533' title='bbox 2930 4050 3175 4106; x_wconf 79' lang='lat' dir='ltr'>librarii</span> <span class='ocrx_word' id='word_1_534' title='bbox 3184 4054 3290 4106; x_wconf 86' lang='lat' dir='ltr'>aut</span> <span class='ocrx_word' id='word_1_535' title='bbox 3303 4047 3547 4105; x_wconf 87' lang='lat' dir='ltr'>notarii.</span> 
     </span>
    </p>
   </div>
   <div class='ocr_carea' id='block_1_79' title="bbox 687 4160 1287 4236">
    <p class='ocr_par' dir='ltr' id='par_1_79' title="bbox 687 4160 1287 4236">
     <span class='ocr_line' id='line_1_79' title="bbox 687 4160 1287 4236; baseline 0.005 -25"><span class='ocrx_word' id='word_1_536' title='bbox 687 4164 912 4231; x_wconf 72' lang='grc' dir='ltr'>Παιονίῲ</span> <span class='ocrx_word' id='word_1_537' title='bbox 932 4160 1287 4236; x_wconf 78' lang='grc' dir='ltr'>πρεσϐυτέρῳ,</span> 
     </span>
    </p>
   </div>
   <div class='ocr_carea' id='block_1_80' title="bbox 260 4242 1791 4324">
    <p class='ocr_par' dir='ltr' id='par_1_80' title="bbox 260 4242 1791 4324">
     <span class='ocr_line' id='line_1_80' title="bbox 260 4242 1791 4324; baseline 0.003 -28"><span class='ocrx_word' id='word_1_538' title='bbox 260 4242 409 4297; x_wconf 86' lang='grc' dir='ltr'>Ὀσον</span> <span class='ocrx_word' id='word_1_539' title='bbox 466 4250 740 4321; x_wconf 78' lang='grc' dir='ltr'>ηὔφρανας</span> <span class='ocrx_word' id='word_1_540' title='bbox 786 4251 924 4321; x_wconf 80' lang='grc' dir='ltr'>ἡμᾶς</span> <span class='ocrx_word' id='word_1_541' title='bbox 978 4258 1090 4312; x_wconf 87' lang='grc' dir='ltr'>τοῖς</span> <span class='ocrx_word' id='word_1_542' title='bbox 1164 4251 1492 4324; x_wconf 87' lang='grc' dir='ltr'>γράμμασιν,</span> <span class='ocrx_word' id='word_1_543' title='bbox 1565 4248 1791 4313; x_wconf 83' lang='grc' dir='ltr'>εἰκάζεις</span> 
     </span>
    </p>
   </div>
   <div class='ocr_carea' id='block_1_81' title="bbox 201 4337 1791 4401">
    <p class='ocr_par' dir='ltr' id='par_1_81' title="bbox 201 4337 1791 4401">
     <span class='ocr_line' id='line_1_81' title="bbox 201 4337 1791 4401; baseline 0.006 -19"><span class='ocrx_word' id='word_1_544' title='bbox 201 4348 291 4383; x_wconf 84' lang='grc' dir='ltr'>πον</span> <span class='ocrx_word' id='word_1_545' title='bbox 330 4337 531 4398; x_wconf 82' lang='grc' dir='ltr'>πάντως</span> <span class='ocrx_word' id='word_1_546' title='bbox 595 4337 774 4399; x_wconf 69' lang='grc' dir='ltr'>αὐτοῖς</span> <span class='ocrx_word' id='word_1_547' title='bbox 813 4339 885 4399; x_wconf 85' lang='grc' dir='ltr'>οἷς</span> <span class='ocrx_word' id='word_1_548' title='bbox 938 4337 1257 4401; x_wconf 78' lang='grc' dir='ltr'>ἐπέστειλας·</span> <span class='ocrx_word' id='word_1_549' title='bbox 1318 4339 1455 4391; x_wconf 80' lang='grc' dir='ltr'>οὕτω</span> <span class='ocrx_word' id='word_1_550' title='bbox 1504 4341 1563 4391; x_wconf 83' lang='grc' dir='ltr'>τὸ</span> <span class='ocrx_word' id='word_1_551' title='bbox 1630 4341 1791 4392; x_wconf 85' lang='grc' dir='ltr'>καθα-</span> 
     </span>
    </p>
   </div>
   <div class='ocr_carea' id='block_1_82' title="bbox 201 4423 1793 4504">
    <p class='ocr_par' dir='ltr' id='par_1_82' title="bbox 201 4423 1793 4504">
     <span class='ocr_line' id='line_1_82' title="bbox 201 4423 1793 4504; baseline 0.003 -28"><span class='ocrx_word' id='word_1_552' title='bbox 201 4425 281 4492; x_wconf 69' lang='grc' dir='ltr'>ρὸν</span> <span class='ocrx_word' id='word_1_553' title='bbox 302 4432 389 4487; x_wconf 74' lang='grc' dir='ltr'>τῆς</span> <span class='ocrx_word' id='word_1_554' title='bbox 411 4423 666 4499; x_wconf 79' lang='grc' dir='ltr'>καρδίας,</span> <span class='ocrx_word' id='word_1_555' title='bbox 701 4425 786 4499; x_wconf 76' lang='grc' dir='ltr'>ἀφ’</span> <span class='ocrx_word' id='word_1_556' title='bbox 816 4428 878 4490; x_wconf 79' lang='grc' dir='ltr'>ἧς</span> <span class='ocrx_word' id='word_1_557' title='bbox 940 4428 1194 4502; x_wconf 85' lang='grc' dir='ltr'>προῆλθεν</span> <span class='ocrx_word' id='word_1_558' title='bbox 1256 4426 1421 4481; x_wconf 80' lang='grc' dir='ltr'>ἐκεῖνα</span> <span class='ocrx_word' id='word_1_559' title='bbox 1467 4430 1534 4481; x_wconf 78' lang='grc' dir='ltr'>τὰ</span> <span class='ocrx_word' id='word_1_560' title='bbox 1578 4429 1793 4504; x_wconf 81' lang='grc' dir='ltr'>ῥήματα</span> 
     </span>
    </p>
   </div>
   <div class='ocr_carea' id='block_1_83' title="bbox 204 4507 1791 4592">
    <p class='ocr_par' dir='ltr' id='par_1_83' title="bbox 204 4507 1791 4592">
     <span class='ocr_line' id='line_1_83' title="bbox 204 4507 1791 4592; baseline 0.006 -30"><span class='ocrx_word' id='word_1_561' title='bbox 204 4507 406 4584; x_wconf 65' lang='grc' dir='ltr'>ἀκριϐῶς</span> <span class='ocrx_word' id='word_1_562' title='bbox 457 4514 514 4567; x_wconf 79' lang='grc' dir='ltr'>ἐκ</span> <span class='ocrx_word' id='word_1_563' title='bbox 570 4524 674 4567; x_wconf 82' lang='grc' dir='ltr'>τῶν</span> <span class='ocrx_word' id='word_1_564' title='bbox 711 4519 1031 4590; x_wconf 85' lang='grc' dir='ltr'>γραμμάτων</span> <span class='ocrx_word' id='word_1_565' title='bbox 1086 4520 1454 4591; x_wconf 84' lang='grc' dir='ltr'>κατεμηνῦετο.</span> <span class='ocrx_word' id='word_1_566' title='bbox 1534 4523 1635 4571; x_wconf 82' lang='grc' dir='ltr'>Καὶ</span> <span class='ocrx_word' id='word_1_567' title='bbox 1689 4520 1791 4592; x_wconf 83' lang='grc' dir='ltr'>γὰρ</span> 
     </span>
    </p>
   </div>
   <div class='ocr_carea' id='block_1_84' title="bbox 203 4597 1790 4679">
    <p class='ocr_par' dir='ltr' id='par_1_84' title="bbox 203 4597 1790 4679">
     <span class='ocr_line' id='line_1_84' title="bbox 203 4597 1790 4679; baseline 0.006 -31"><span class='ocrx_word' id='word_1_568' title='bbox 203 4597 339 4663; x_wconf 81' lang='grc' dir='ltr'>όλκός</span> <span class='ocrx_word' id='word_1_569' title='bbox 387 4604 500 4674; x_wconf 75' lang='lat'>(29)</span> <span class='ocrx_word' id='word_1_570' title='bbox 702 4602 897 4669; x_wconf 73' lang='grc' dir='ltr'>ὕδατος</span> <span class='ocrx_word' id='word_1_571' title='bbox 954 4603 1192 4661; x_wconf 86' lang='grc' dir='ltr'>δείκνυσι</span> <span class='ocrx_word' id='word_1_572' title='bbox 1244 4611 1339 4667; x_wconf 82' lang='grc' dir='ltr'>τὴν</span> <span class='ocrx_word' id='word_1_573' title='bbox 1374 4608 1569 4660; x_wconf 84' lang='grc' dir='ltr'>οίκέίαν</span> <span class='ocrx_word' id='word_1_574' title='bbox 1594 4612 1790 4679; x_wconf 79' lang='grc' dir='ltr'>πηγὴν,</span> 
     </span>
    </p>
   </div>
   <div class='ocr_carea' id='block_1_85' title="bbox 205 4686 1791 4772">
    <p class='ocr_par' dir='ltr' id='par_1_85' title="bbox 205 4686 1791 4772">
     <span class='ocr_line' id='line_1_85' title="bbox 205 4686 1791 4772; baseline 0.008 -33"><span class='ocrx_word' id='word_1_575' title='bbox 205 4686 342 4758; x_wconf 77' lang='grc' dir='ltr'>λόγου</span> <span class='ocrx_word' id='word_1_576' title='bbox 371 4690 416 4744; x_wconf 66' lang='grc' dir='ltr'>δ</span> <span class='ocrx_word' id='word_1_577' title='bbox 410 4714 429 4745; x_wconf 87' lang='grc' dir='ltr'>ε</span> <span class='ocrx_word' id='word_1_578' title='bbox 461 4698 625 4765; x_wconf 74' lang='grc' dir='ltr'>φύσις</span> <span class='ocrx_word' id='word_1_579' title='bbox 651 4699 746 4753; x_wconf 77' lang='grc' dir='ltr'>τὴν</span> <span class='ocrx_word' id='word_1_580' title='bbox 774 4705 1184 4770; x_wconf 85' lang='grc' dir='ltr'>προενεγκοῦσαν</span> <span class='ocrx_word' id='word_1_581' title='bbox 1214 4697 1371 4751; x_wconf 72' lang='grc' dir='ltr'>αὐτὸν</span> <span class='ocrx_word' id='word_1_582' title='bbox 1416 4695 1641 4772; x_wconf 81' lang='grc' dir='ltr'>καρδίαν</span> <span class='ocrx_word' id='word_1_583' title='bbox 1684 4718 1791 4770; x_wconf 87' lang='grc' dir='ltr'>χα-</span> 
     </span>
    </p>
   </div>
   <div class='ocr_carea' id='block_1_86' title="bbox 2397 4158 3049 4229">
    <p class='ocr_par' dir='ltr' id='par_1_86' title="bbox 2397 4158 3049 4229">
     <span class='ocr_line' id='line_1_86' title="bbox 2397 4158 3049 4229; baseline 0 -15"><span class='ocrx_word' id='word_1_584' title='bbox 2397 4160 2642 4216; x_wconf 70' lang='lat' dir='ltr'>Paeonia</span> <span class='ocrx_word' id='word_1_585' title='bbox 2678 4158 3049 4229; x_wconf 76' lang='lat' dir='ltr'>presbytero.</span> 
     </span>
    </p>
   </div>
   <div class='ocr_carea' id='block_1_87' title="bbox 1971 4248 3553 4322">
    <p class='ocr_par' dir='ltr' id='par_1_87' title="bbox 1971 4248 3553 4322">
     <span class='ocr_line' id='line_1_87' title="bbox 1971 4248 3553 4322; baseline -0.003 -15"><span class='ocrx_word' id='word_1_586' title='bbox 1971 4252 2350 4322; x_wconf 88' lang='lat' dir='ltr'>Quantopere</span> <span class='ocrx_word' id='word_1_587' title='bbox 2381 4265 2478 4306; x_wconf 88' lang='lat' dir='ltr'>me</span> <span class='ocrx_word' id='word_1_588' title='bbox 2506 4249 2717 4306; x_wconf 87' lang='lat' dir='ltr'>litteris</span> <span class='ocrx_word' id='word_1_589' title='bbox 2748 4248 3164 4316; x_wconf 87' lang='lat' dir='ltr'>oblectaveris,</span> <span class='ocrx_word' id='word_1_590' title='bbox 3188 4248 3457 4321; x_wconf 84' lang='lat' dir='ltr'>profecto</span> <span class='ocrx_word' id='word_1_591' title='bbox 3478 4261 3553 4303; x_wconf 80' lang='lat' dir='ltr'>ex</span> 
     </span>
    </p>
   </div>
   <div class='ocr_carea' id='block_1_88' title="bbox 1897 4336 3551 4413">
    <p class='ocr_par' dir='ltr' id='par_1_88' title="bbox 1897 4336 3551 4413">
     <span class='ocr_line' id='line_1_88' title="bbox 1897 4336 3551 4413; baseline -0.003 -18"><span class='ocrx_word' id='word_1_592' title='bbox 1897 4339 1969 4395; x_wconf 90' lang='lat' dir='ltr'>iis</span> <span class='ocrx_word' id='word_1_593' title='bbox 2010 4356 2149 4413; x_wconf 63' lang='lat' dir='ltr'>quae</span> <span class='ocrx_word' id='word_1_594' title='bbox 2201 4339 2490 4412; x_wconf 88' lang='lat' dir='ltr'>scripsisti</span> <span class='ocrx_word' id='word_1_595' title='bbox 2532 4339 2943 4410; x_wconf 89' lang='lat' dir='ltr'>conjecturam</span> <span class='ocrx_word' id='word_1_596' title='bbox 2964 4337 3293 4395; x_wconf 85' lang='lat' dir='ltr'>facis:adeo</span> <span class='ocrx_word' id='word_1_597' title='bbox 3321 4336 3551 4409; x_wconf 89' lang='lat' dir='ltr'>puritas</span> 
     </span>
    </p>
   </div>
   <div class='ocr_carea' id='block_1_89' title="bbox 1899 4427 3549 4501">
    <p class='ocr_par' dir='ltr' id='par_1_89' title="bbox 1899 4427 3549 4501">
     <span class='ocr_line' id='line_1_89' title="bbox 1899 4427 3549 4501; baseline -0.002 -16"><span class='ocrx_word' id='word_1_598' title='bbox 1899 4429 2117 4499; x_wconf 88' lang='lat' dir='ltr'>cordis,</span> <span class='ocrx_word' id='word_1_599' title='bbox 2182 4444 2255 4485; x_wconf 87' lang='lat' dir='ltr'>ex</span> <span class='ocrx_word' id='word_1_600' title='bbox 2308 4444 2431 4501; x_wconf 88' lang='lat' dir='ltr'>quo</span> <span class='ocrx_word' id='word_1_601' title='bbox 2478 4429 2664 4485; x_wconf 89' lang='lat' dir='ltr'>verba</span> <span class='ocrx_word' id='word_1_602' title='bbox 2714 4428 2816 4484; x_wconf 88' lang='lat' dir='ltr'>illa</span> <span class='ocrx_word' id='word_1_603' title='bbox 2868 4427 3226 4500; x_wconf 84' lang='lat' dir='ltr'>proﬂuxere,</span> <span class='ocrx_word' id='word_1_604' title='bbox 3269 4429 3549 4482; x_wconf 87' lang='lat' dir='ltr'>accurate</span> 
     </span>
    </p>
   </div>
   <div class='ocr_carea' id='block_1_90' title="bbox 1900 4514 3550 4591">
    <p class='ocr_par' dir='ltr' id='par_1_90' title="bbox 1900 4514 3550 4591">
     <span class='ocr_line' id='line_1_90' title="bbox 1900 4514 3550 4591; baseline -0.003 -17"><span class='ocrx_word' id='word_1_605' title='bbox 1900 4534 1973 4575; x_wconf 83' lang='lat' dir='ltr'>ex</span> <span class='ocrx_word' id='word_1_606' title='bbox 2018 4518 2225 4574; x_wconf 86' lang='lat' dir='ltr'>litteris</span> <span class='ocrx_word' id='word_1_607' title='bbox 2277 4517 2775 4591; x_wconf 88' lang='lat' dir='ltr'>perspiciebatur.</span> <span class='ocrx_word' id='word_1_608' title='bbox 2811 4520 2958 4574; x_wconf 89' lang='lat' dir='ltr'>Nam</span> <span class='ocrx_word' id='word_1_609' title='bbox 2992 4531 3293 4589; x_wconf 88' lang='lat' dir='ltr'>aquarum</span> <span class='ocrx_word' id='word_1_610' title='bbox 3318 4514 3550 4571; x_wconf 86' lang='lat' dir='ltr'>rivulus</span> 
     </span>
    </p>
   </div>
   <div class='ocr_carea' id='block_1_91' title="bbox 1899 4605 3550 4676">
    <p class='ocr_par' dir='ltr' id='par_1_91' title="bbox 1899 4605 3550 4676">
     <span class='ocr_line' id='line_1_91' title="bbox 1899 4605 3550 4676; baseline -0.002 -13"><span class='ocrx_word' id='word_1_611' title='bbox 1899 4607 2125 4665; x_wconf 84' lang='lat' dir='ltr'>fontem</span> <span class='ocrx_word' id='word_1_612' title='bbox 2167 4623 2346 4663; x_wconf 91' lang='lat' dir='ltr'>suum</span> <span class='ocrx_word' id='word_1_613' title='bbox 2376 4606 2626 4663; x_wconf 88' lang='lat' dir='ltr'>indicat:</span> <span class='ocrx_word' id='word_1_614' title='bbox 2646 4605 2943 4662; x_wconf 90' lang='lat' dir='ltr'>sermonis</span> <span class='ocrx_word' id='word_1_615' title='bbox 2974 4609 3178 4661; x_wconf 89' lang='lat' dir='ltr'>autem</span> <span class='ocrx_word' id='word_1_616' title='bbox 3207 4609 3426 4661; x_wconf 88' lang='lat' dir='ltr'>natura</span> <span class='ocrx_word' id='word_1_617' title='bbox 3450 4619 3550 4676; x_wconf 85' lang='lat' dir='ltr'>pe-</span> 
     </span>
    </p>
   </div>
   <div class='ocr_carea' id='block_1_92' title="bbox 1900 4694 3551 4768">
    <p class='ocr_par' dir='ltr' id='par_1_92' title="bbox 1900 4694 3551 4768">
     <span class='ocr_line' id='line_1_92' title="bbox 1900 4694 3551 4768; baseline -0.002 -16"><span class='ocrx_word' id='word_1_618' title='bbox 1900 4701 2047 4768; x_wconf 90' lang='lat' dir='ltr'>ctus,</span> <span class='ocrx_word' id='word_1_619' title='bbox 2076 4696 2236 4752; x_wconf 93' lang='lat' dir='ltr'>unde</span> <span class='ocrx_word' id='word_1_620' title='bbox 2266 4696 2594 4767; x_wconf 84' lang='lat' dir='ltr'>emanavit,</span> <span class='ocrx_word' id='word_1_621' title='bbox 2635 4695 2905 4767; x_wconf 83' lang='lat' dir='ltr'>depingit</span> <span class='ocrx_word' id='word_1_622' title='bbox 2926 4710 2997 4751; x_wconf 88' lang='lat' dir='ltr'>ac</span> <span class='ocrx_word' id='word_1_623' title='bbox 3026 4694 3322 4765; x_wconf 89' lang='lat' dir='ltr'>designat.</span> <span class='ocrx_word' id='word_1_624' title='bbox 3358 4695 3551 4759; x_wconf 87' lang='lat' dir='ltr'>Quare</span> 
     </span>
    </p>
   </div>
   <div class='ocr_carea' id='block_1_93' title="bbox 204 4782 1786 4859">
    <p class='ocr_par' dir='ltr' id='par_1_93' title="bbox 204 4782 1786 4855">
     <span class='ocr_line' id='line_1_93' title="bbox 204 4782 1786 4855; baseline 0.008 -26"><span class='ocrx_word' id='word_1_625' title='bbox 204 4783 515 4855; x_wconf 73' lang='grc' dir='ltr'>ρακτηρίζει.</span> <span class='ocrx_word' id='word_1_626' title='bbox 584 4782 749 4837; x_wconf 85' lang='grc' dir='ltr'>Ὠστε</span> <span class='ocrx_word' id='word_1_627' title='bbox 800 4787 989 4838; x_wconf 76' lang='grc' dir='ltr'>ἄτοπόν</span> <span class='ocrx_word' id='word_1_628' title='bbox 1034 4806 1087 4840; x_wconf 89' lang='grc' dir='ltr'>τε</span> <span class='ocrx_word' id='word_1_629' title='bbox 1138 4792 1227 4841; x_wconf 77' lang='grc' dir='ltr'>καὶ</span> <span class='ocrx_word' id='word_1_630' title='bbox 1287 4786 1416 4841; x_wconf 80' lang='grc' dir='ltr'>πολὺ</span> <span class='ocrx_word' id='word_1_631' title='bbox 1474 4795 1565 4841; x_wconf 89' lang='grc' dir='ltr'>τοῦ</span> <span class='ocrx_word' id='word_1_632' title='bbox 1596 4787 1786 4850; x_wconf 86' lang='grc' dir='ltr'>εἰκότος</span> 
     </span>
    </p>
   </div>
   <div class='ocr_carea' id='block_1_94' title="bbox 1902 4782 3553 4859">
    <p class='ocr_par' dir='ltr' id='par_1_94' title="bbox 1902 4782 3553 4857">
     <span class='ocr_line' id='line_1_94' title="bbox 1902 4782 3553 4857; baseline -0.002 -15"><span class='ocrx_word' id='word_1_633' title='bbox 1902 4785 2237 4842; x_wconf 87' lang='lat' dir='ltr'>absurdum</span> <span class='ocrx_word' id='word_1_634' title='bbox 2266 4784 2560 4857; x_wconf 87' lang='lat' dir='ltr'>quiddam</span> <span class='ocrx_word' id='word_1_635' title='bbox 2584 4788 2642 4841; x_wconf 92' lang='lat' dir='ltr'>et</span> <span class='ocrx_word' id='word_1_636' title='bbox 2670 4800 2707 4840; x_wconf 90' lang='lat' dir='ltr'>a</span> <span class='ocrx_word' id='word_1_637' title='bbox 2736 4784 3041 4840; x_wconf 85' lang='lat' dir='ltr'>verisimili</span> <span class='ocrx_word' id='word_1_638' title='bbox 3071 4784 3251 4855; x_wconf 89' lang='lat' dir='ltr'>longe</span> <span class='ocrx_word' id='word_1_639' title='bbox 3286 4782 3553 4840; x_wconf 86' lang='lat' dir='ltr'>alienum</span> 
     </span>
    </p>
   </div>
   <div class='ocr_carea' id='block_1_95' title="bbox 206 4869 1790 4952">
    <p class='ocr_par' dir='ltr' id='par_1_95' title="bbox 206 4869 1790 4952">
     <span class='ocr_line' id='line_1_95' title="bbox 206 4869 1790 4952; baseline 0.001 -24"><span class='ocrx_word' id='word_1_640' title='bbox 206 4869 622 4945; x_wconf 64' lang='grc' dir='ltr'>παρηλλαγμένον</span> <span class='ocrx_word' id='word_1_641' title='bbox 673 4876 975 4928; x_wconf 76' lang='grc' dir='ltr'>πεπονθέναι</span> <span class='ocrx_word' id='word_1_642' title='bbox 1026 4875 1280 4949; x_wconf 84' lang='grc' dir='ltr'>όμολογῷ.</span> <span class='ocrx_word' id='word_1_643' title='bbox 1344 4873 1662 4938; x_wconf 80' lang='grc' dir='ltr'>Σπουδάζων</span> <span class='ocrx_word' id='word_1_644' title='bbox 1691 4879 1790 4952; x_wconf 80' lang='grc' dir='ltr'>γὰρ</span> 
     </span>
    </p>
   </div>
   <div class='ocr_carea' id='block_1_96' title="bbox 207 4953 1789 5037">
    <p class='ocr_par' dir='ltr' id='par_1_96' title="bbox 207 4953 1789 5037">
     <span class='ocr_line' id='line_1_96' title="bbox 207 4953 1789 5037; baseline 0.003 -23"><span class='ocrx_word' id='word_1_645' title='bbox 207 4953 275 5007; x_wconf 51' lang='lat' dir='ltr'>illi</span> <span class='ocrx_word' id='word_1_646' title='bbox 345 4964 661 5035; x_wconf 81' lang='grc' dir='ltr'>γράμμασιν</span> <span class='ocrx_word' id='word_1_647' title='bbox 752 4961 1084 5037; x_wconf 72' lang='grc' dir='ltr'>ἐντυγχάνειν</span> <span class='ocrx_word' id='word_1_648' title='bbox 1151 4974 1247 5029; x_wconf 85' lang='grc' dir='ltr'>τῆς</span> <span class='ocrx_word' id='word_1_649' title='bbox 1306 4966 1625 5029; x_wconf 87' lang='grc' dir='ltr'>τελειότητός</span> <span class='ocrx_word' id='word_1_650' title='bbox 1673 4986 1789 5036; x_wconf 91' lang='grc' dir='ltr'>σου,</span> 
     </span>
    </p>
   </div>
   <div class='ocr_carea' id='block_1_97' title="bbox 208 5041 1792 5128">
    <p class='ocr_par' dir='ltr' id='par_1_97' title="bbox 208 5041 1792 5128">
     <span class='ocr_line' id='line_1_97' title="bbox 208 5041 1792 5128; baseline 0.008 -33"><span class='ocrx_word' id='word_1_651' title='bbox 208 5041 365 5105; x_wconf 68' lang='grc' dir='ltr'>ἔπειδὺ</span> <span class='ocrx_word' id='word_1_652' title='bbox 411 5050 601 5103; x_wconf 74' lang='grc' dir='ltr'>ἶλαϐον</span> <span class='ocrx_word' id='word_1_653' title='bbox 668 5050 739 5113; x_wconf 87' lang='grc' dir='ltr'>εἰς</span> <span class='ocrx_word' id='word_1_654' title='bbox 796 5061 982 5128; x_wconf 87' lang='grc' dir='ltr'>χεῖρας</span> <span class='ocrx_word' id='word_1_655' title='bbox 1042 5059 1136 5113; x_wconf 82' lang='grc' dir='ltr'>τήν</span> <span class='ocrx_word' id='word_1_656' title='bbox 1183 5056 1482 5127; x_wconf 71' lang='grc' dir='ltr'>ἐπιστολὴν,</span> <span class='ocrx_word' id='word_1_657' title='bbox 1549 5060 1639 5107; x_wconf 81' lang='grc' dir='ltr'>καὶ</span> <span class='ocrx_word' id='word_1_658' title='bbox 1704 5054 1792 5107; x_wconf 81' lang='grc' dir='ltr'>ἆν-</span> 
     </span>
    </p>
   </div>
   <div class='ocr_carea' id='block_1_98' title="bbox 270 5172 1792 5257">
    <p class='ocr_par' dir='ltr' id='par_1_98' title="bbox 270 5172 1792 5257">
     <span class='ocr_line' id='line_1_98' title="bbox 270 5172 1792 5257; baseline 0.014 -31"><span class='ocrx_word' id='word_1_659' title='bbox 270 5172 370 5257; x_wconf 61' lang='grc' dir='ltr'>(2ό)</span> <span class='ocrx_word' id='word_1_660' title='bbox 388 5246 398 5255; x_wconf 45' lang='lat'><strong>.</strong></span> <span class='ocrx_word' id='word_1_661' title='bbox 422 5175 931 5257; x_wconf 52' lang='lat' dir='ltr'>Zuyzpiqguripai.“</span> <span class='ocrx_word' id='word_1_662' title='bbox 958 5179 1107 5257; x_wconf 64' lang='grc' dir='ltr'>ῌρἱἱ</span> <span class='ocrx_word' id='word_1_663' title='bbox 1157 5179 1392 5239; x_wconf 91' lang='lat' dir='ltr'>addunt</span> <span class='ocrx_word' id='word_1_664' title='bbox 1420 5182 1587 5255; x_wconf 72' lang='grc' dir='ltr'>ἡμῶν,</span> <span class='ocrx_word' id='word_1_665' title='bbox 1622 5182 1792 5256; x_wconf 84' lang='lat' dir='ltr'>quod</span> 
     </span>
    </p>
   </div>
   <div class='ocr_carea' id='block_1_99' title="bbox 209 5239 1287 5308">
    <p class='ocr_par' dir='ltr' id='par_1_99' title="bbox 209 5239 1287 5308">
     <span class='ocr_line' id='line_1_99' title="bbox 209 5239 1287 5308; baseline 0.014 -15"><span class='ocrx_word' id='word_1_666' title='bbox 209 5239 362 5300; x_wconf 84' lang='lat' dir='ltr'>deest</span> <span class='ocrx_word' id='word_1_667' title='bbox 384 5246 444 5302; x_wconf 89' lang='lat' dir='ltr'>in</span> <span class='ocrx_word' id='word_1_668' title='bbox 474 5239 771 5303; x_wconf 66' lang='lat' dir='ltr'>omnibus</span> <span class='ocrx_word' id='word_1_669' title='bbox 800 5239 1109 5307; x_wconf 76' lang='lat' dir='ltr'>codicibus</span> <span class='ocrx_word' id='word_1_670' title='bbox 1138 5267 1287 5308; x_wconf 89' lang='lat' dir='ltr'>mss.</span> 
     </span>
    </p>
   </div>
   <div class='ocr_carea' id='block_1_100' title="bbox 273 5314 1789 5403">
    <p class='ocr_par' dir='ltr' id='par_1_100' title="bbox 273 5314 1789 5403">
     <span class='ocr_line' id='line_1_100' title="bbox 273 5314 1789 5403; baseline 0.002 -26"><span class='ocrx_word' id='word_1_671' title='bbox 273 5314 528 5403; x_wconf 44' lang='grc' dir='ltr'>ςῖῖζξῐῆβ</span> <span class='ocrx_word' id='word_1_672' title='bbox 588 5318 792 5403; x_wconf 48' lang='grc' dir='ltr'>ψ-υχῆς.</span> <span class='ocrx_word' id='word_1_673' title='bbox 833 5321 939 5403; x_wconf 81' lang='lat' dir='ltr'>_Si_c_</span> <span class='ocrx_word' id='word_1_674' title='bbox 1002 5322 1209 5403; x_wconf 83' lang='lat' dir='ltr'>Coisl._</span> <span class='ocrx_word' id='word_1_675' title='bbox 1239 5323 1471 5403; x_wconf 77' lang='lat' dir='ltr'>primus</span> <span class='ocrx_word' id='word_1_676' title='bbox 1531 5329 1587 5383; x_wconf 87' lang='lat' dir='ltr'>et</span> <span class='ocrx_word' id='word_1_677' title='bbox 1637 5325 1789 5382; x_wconf 85' lang='lat' dir='ltr'>Med.</span> 
     </span>
    </p>
   </div>
   <div class='ocr_carea' id='block_1_101' title="bbox 216 5379 1486 5464">
    <p class='ocr_par' dir='ltr' id='par_1_101' title="bbox 216 5379 1486 5464">
     <span class='ocr_line' id='line_1_101' title="bbox 216 5379 1486 5464; baseline 0.014 -29"><span class='ocrx_word' id='word_1_678' title='bbox 216 5379 346 5464; x_wconf 29' lang='lat' dir='ltr'>mliti</span> <span class='ocrx_word' id='word_1_679' title='bbox 356 5379 461 5451; x_wconf 74' lang='grc' dir='ltr'>’Τῆς</span> <span class='ocrx_word' id='word_1_680' title='bbox 483 5379 641 5464; x_wconf 64' lang='grc' dir='ltr'>ἀρετή</span> <span class='ocrx_word' id='word_1_681' title='bbox 654 5379 711 5462; x_wconf 63' lang='grc' dir='ltr'><em>ἐξ</em></span> <span class='ocrx_word' id='word_1_682' title='bbox 730 5379 969 5449; x_wconf 82' lang='lat' dir='ltr'>virtutis</span> <span class='ocrx_word' id='word_1_683' title='bbox 994 5379 1486 5464; x_wconf 64' lang='lat' dir='ltr'>proprietatibus.</span> 
     </span>
    </p>
   </div>
   <div class='ocr_carea' id='block_1_102' title="bbox 280 5456 1791 5535">
    <p class='ocr_par' dir='ltr' id='par_1_102' title="bbox 280 5456 1791 5535">
     <span class='ocr_line' id='line_1_102' title="bbox 280 5456 1791 5535; baseline 0.009 -24"><span class='ocrx_word' id='word_1_684' title='bbox 280 5456 375 5535; x_wconf 50' lang='lat'>(.38)</span> <span class='ocrx_word' id='word_1_685' title='bbox 448 5456 753 5535; x_wconf 67' lang='grc' dir='ltr'>Προθυμῖᾳ.</span> <span class='ocrx_word' id='word_1_686' title='bbox 798 5466 913 5535; x_wconf 19' lang='grc' dir='ltr'>,Ιιει</span> <span class='ocrx_word' id='word_1_687' title='bbox 977 5456 1163 5522; x_wconf 70' lang='lat' dir='ltr'>fidem</span> <span class='ocrx_word' id='word_1_688' title='bbox 1207 5465 1330 5523; x_wconf 92' lang='lat' dir='ltr'>duo</span> <span class='ocrx_word' id='word_1_689' title='bbox 1404 5467 1791 5524; x_wconf 87' lang='lat' dir='ltr'>vetustissimi</span> 
     </span>
    </p>
   </div>
   <div class='ocr_carea' id='block_1_103' title="bbox 232 5523 1792 5614">
    <p class='ocr_par' dir='ltr' id='par_1_103' title="bbox 232 5523 1792 5614">
     <span class='ocr_line' id='line_1_103' title="bbox 232 5523 1792 5614; baseline 0.01 -31"><span class='ocrx_word' id='word_1_690' title='bbox 232 5523 445 5614; x_wconf 38' lang='lat' dir='ltr'>Eadices,</span> <span class='ocrx_word' id='word_1_691' title='bbox 477 5523 675 5614; x_wconf 75' lang='lat' dir='ltr'>multo</span> <span class='ocrx_word' id='word_1_692' title='bbox 706 5523 909 5614; x_wconf 73' lang='lat' dir='ltr'>melius</span> <span class='ocrx_word' id='word_1_693' title='bbox 936 5552 1138 5614; x_wconf 76' lang='lat' dir='ltr'>quam</span> <span class='ocrx_word' id='word_1_694' title='bbox 1154 5537 1255 5614; x_wconf 85' lang='lat' dir='ltr'>alii</span> <span class='ocrx_word' id='word_1_695' title='bbox 1298 5541 1357 5614; x_wconf 77' lang='lat' dir='ltr'>et</span> <span class='ocrx_word' id='word_1_696' title='bbox 1404 5523 1548 5614; x_wconf 83' lang='lat' dir='ltr'>editi</span> <span class='ocrx_word' id='word_1_697' title='bbox 1588 5523 1792 5614; x_wconf 45' lang='lat' dir='ltr'>iam;</span> 
     </span>
    </p>
   </div>
   <div class='ocr_carea' id='block_1_104' title="bbox 237 5588 1789 5683">
    <p class='ocr_par' dir='ltr' id='par_1_104' title="bbox 237 5588 1789 5683">
     <span class='ocr_line' id='line_1_104' title="bbox 237 5588 1789 5683; baseline 0.005 -22"><span class='ocrx_word' id='word_1_698' title='bbox 237 5588 344 5663; x_wconf 58' lang='grc' dir='ltr'>θείᾳ,</span> <span class='ocrx_word' id='word_1_699' title='bbox 358 5588 481 5673; x_wconf 69' lang='lat' dir='ltr'>quin</span> <span class='ocrx_word' id='word_1_700' title='bbox 502 5588 711 5663; x_wconf 56' lang='lat' dir='ltr'>tamen</span> <span class='ocrx_word' id='word_1_701' title='bbox 722 5588 1329 5680; x_wconf 57' lang='grc' dir='ltr'>εὸιῖβίυἷεῖῑᾷίῶἶαᾶ</span> <span class='ocrx_word' id='word_1_702' title='bbox 1338 5588 1681 5683; x_wconf 61' lang='grc' dir='ltr'>ἱηξιῖὲῖὶιέὣ</span> <span class='ocrx_word' id='word_1_703' title='bbox 1690 5588 1789 5669; x_wconf 69' lang='lat'>36-</span> 
     </span>
    </p>
   </div>
   <div class='ocr_carea' id='block_1_105' title="bbox 1899 4871 3555 4946">
    <p class='ocr_par' dir='ltr' id='par_1_105' title="bbox 1899 4871 3555 4946">
     <span class='ocr_line' id='line_1_105' title="bbox 1899 4871 3555 4946; baseline -0.002 -15"><span class='ocrx_word' id='word_1_704' title='bbox 1899 4874 2048 4931; x_wconf 87' lang='lat' dir='ltr'>mihi</span> <span class='ocrx_word' id='word_1_705' title='bbox 2069 4873 2256 4931; x_wconf 85' lang='lat' dir='ltr'>fateor</span> <span class='ocrx_word' id='word_1_706' title='bbox 2278 4874 2573 4932; x_wconf 76' lang='lat' dir='ltr'>evenisse.</span> <span class='ocrx_word' id='word_1_707' title='bbox 2603 4877 2749 4931; x_wconf 91' lang='lat' dir='ltr'>Cum</span> <span class='ocrx_word' id='word_1_708' title='bbox 2780 4873 2941 4930; x_wconf 91' lang='lat' dir='ltr'>enim</span> <span class='ocrx_word' id='word_1_709' title='bbox 2968 4878 3107 4930; x_wconf 90' lang='lat' dir='ltr'>tuas</span> <span class='ocrx_word' id='word_1_710' title='bbox 3133 4888 3373 4946; x_wconf 88' lang='lat' dir='ltr'>semper</span> <span class='ocrx_word' id='word_1_711' title='bbox 3409 4871 3555 4927; x_wconf 88' lang='lat' dir='ltr'>litte-</span> 
     </span>
    </p>
   </div>
   <div class='ocr_carea' id='block_1_106' title="bbox 1899 4962 3555 5040">
    <p class='ocr_par' dir='ltr' id='par_1_106' title="bbox 1899 4962 3555 5040">
     <span class='ocr_line' id='line_1_106' title="bbox 1899 4962 3555 5040; baseline -0.003 -19"><span class='ocrx_word' id='word_1_712' title='bbox 1899 4980 2000 5021; x_wconf 89' lang='lat' dir='ltr'>ras</span> <span class='ocrx_word' id='word_1_713' title='bbox 2030 4964 2225 5036; x_wconf 88' lang='lat' dir='ltr'>legere</span> <span class='ocrx_word' id='word_1_714' title='bbox 2252 4980 2667 5040; x_wconf 87' lang='lat' dir='ltr'>percuperem,</span> <span class='ocrx_word' id='word_1_715' title='bbox 2712 4963 2811 5019; x_wconf 89' lang='lat' dir='ltr'>ubi</span> <span class='ocrx_word' id='word_1_716' title='bbox 2854 4962 3173 5036; x_wconf 90' lang='lat' dir='ltr'>epistolam</span> <span class='ocrx_word' id='word_1_717' title='bbox 3216 4962 3279 5018; x_wconf 90' lang='lat' dir='ltr'>in</span> <span class='ocrx_word' id='word_1_718' title='bbox 3335 4975 3555 5018; x_wconf 86' lang='lat' dir='ltr'>manus</span> 
     </span>
    </p>
   </div>
   <div class='ocr_carea' id='block_1_107' title="bbox 1900 5053 3553 5129">
    <p class='ocr_par' dir='ltr' id='par_1_107' title="bbox 1900 5053 3553 5129">
     <span class='ocr_line' id='line_1_107' title="bbox 1900 5053 3553 5129; baseline -0.005 -18"><span class='ocrx_word' id='word_1_719' title='bbox 1900 5055 2153 5129; x_wconf 84' lang='lat' dir='ltr'>sumpsi,</span> <span class='ocrx_word' id='word_1_720' title='bbox 2184 5070 2254 5111; x_wconf 92' lang='lat' dir='ltr'>ac</span> <span class='ocrx_word' id='word_1_721' title='bbox 2289 5056 2427 5125; x_wconf 87' lang='lat' dir='ltr'>legi,</span> <span class='ocrx_word' id='word_1_722' title='bbox 2458 5056 2531 5109; x_wconf 90' lang='lat' dir='ltr'>iis</span> <span class='ocrx_word' id='word_1_723' title='bbox 2564 5070 2700 5127; x_wconf 66' lang='lat' dir='ltr'>quae</span> <span class='ocrx_word' id='word_1_724' title='bbox 2755 5053 2981 5127; x_wconf 88' lang='lat' dir='ltr'>scripta</span> <span class='ocrx_word' id='word_1_725' title='bbox 3011 5057 3183 5110; x_wconf 88' lang='lat' dir='ltr'>erant</span> <span class='ocrx_word' id='word_1_726' title='bbox 3232 5068 3356 5109; x_wconf 89' lang='lat' dir='ltr'>non</span> <span class='ocrx_word' id='word_1_727' title='bbox 3415 5064 3553 5104; x_wconf 90' lang='lat' dir='ltr'>sum</span> 
     </span>
    </p>
   </div>
   <div class='ocr_carea' id='block_1_108' title="bbox 1900 5178 2441 5238">
    <p class='ocr_par' dir='ltr' id='par_1_108' title="bbox 1900 5178 2441 5238">
     <span class='ocr_line' id='line_1_108' title="bbox 1900 5178 2441 5238; baseline -0.002 -1"><span class='ocrx_word' id='word_1_728' title='bbox 1900 5181 2048 5237; x_wconf 89' lang='lat' dir='ltr'>dicis</span> <span class='ocrx_word' id='word_1_729' title='bbox 2073 5178 2441 5238; x_wconf 89' lang='lat' dir='ltr'>Coisliniani.</span> 
     </span>
    </p>
   </div>
   <div class='ocr_carea' id='block_1_109' title="bbox 1970 5243 3554 5333">
    <p class='ocr_par' dir='ltr' id='par_1_109' title="bbox 1970 5243 3554 5333">
     <span class='ocr_line' id='line_1_109' title="bbox 1970 5243 3554 5333; baseline -0.007 -23"><span class='ocrx_word' id='word_1_730' title='bbox 1970 5256 2085 5333; x_wconf 83' lang='lat'>_(29)</span> <span class='ocrx_word' id='word_1_731' title='bbox 2124 5252 2357 5333; x_wconf 38' lang='grc' dir='ltr'>’Ὁλκόφ</span> <span class='ocrx_word' id='word_1_732' title='bbox 2418 5254 2602 5333; x_wconf 84' lang='lat' dir='ltr'>_Ante_</span> <span class='ocrx_word' id='word_1_733' title='bbox 2640 5251 2803 5333; x_wconf 81' lang='lat' dir='ltr'>hanc</span> <span class='ocrx_word' id='word_1_734' title='bbox 2854 5267 3081 5333; x_wconf 44' lang='lat' dir='ltr'>vocem.</span> <span class='ocrx_word' id='word_1_735' title='bbox 3120 5247 3261 5333; x_wconf 67' lang='lat' dir='ltr'>editi</span> <span class='ocrx_word' id='word_1_736' title='bbox 3302 5243 3554 5333; x_wconf 57' lang='lat' dir='ltr'>patient</span> 
     </span>
    </p>
   </div>
   <div class='ocr_carea' id='block_1_110' title="bbox 1900 5314 3552 5407">
    <p class='ocr_par' dir='ltr' id='par_1_110' title="bbox 1900 5314 3552 5407">
     <span class='ocr_line' id='line_1_110' title="bbox 1900 5314 3552 5407; baseline -0.004 -31"><span class='ocrx_word' id='word_1_737' title='bbox 1900 5314 2008 5407; x_wconf 66' lang='grc' dir='ltr'>καί,</span> <span class='ocrx_word' id='word_1_738' title='bbox 2039 5314 2146 5407; x_wconf 69' lang='lat' dir='ltr'>sed</span> <span class='ocrx_word' id='word_1_739' title='bbox 2175 5314 2350 5381; x_wconf 88' lang='lat' dir='ltr'>abest</span> <span class='ocrx_word' id='word_1_740' title='bbox 2378 5323 2455 5380; x_wconf 92' lang='lat' dir='ltr'>ab</span> <span class='ocrx_word' id='word_1_741' title='bbox 2481 5322 2922 5397; x_wconf 87' lang='lat' dir='ltr'>antiquissimis</span> <span class='ocrx_word' id='word_1_742' title='bbox 2952 5320 3257 5379; x_wconf 88' lang='lat' dir='ltr'>codicibus</span> <span class='ocrx_word' id='word_1_743' title='bbox 3289 5321 3344 5373; x_wconf 89' lang='lat' dir='ltr'>et</span> <span class='ocrx_word' id='word_1_744' title='bbox 3372 5314 3552 5389; x_wconf 89' lang='lat' dir='ltr'>pluri-</span> 
     </span>
    </p>
   </div>
   <div class='ocr_carea' id='block_1_111' title="bbox 1898 5395 3048 5540">
    <p class='ocr_par' dir='ltr' id='par_1_111' title="bbox 1898 5395 3048 5540">
     <span class='ocr_line' id='line_1_111' title="bbox 1898 5395 2648 5454; baseline 0 -2"><span class='ocrx_word' id='word_1_745' title='bbox 1898 5395 2015 5452; x_wconf 88' lang='lat' dir='ltr'>bus</span> <span class='ocrx_word' id='word_1_746' title='bbox 2038 5395 2194 5454; x_wconf 89' lang='lat' dir='ltr'>aliis.</span> <span class='ocrx_word' id='word_1_747' title='bbox 2628 5395 2648 5397; x_wconf 69' lang='grc'><strong><em>“</em></strong></span> 
     </span>
     <span class='ocr_line' id='line_1_112' title="bbox 1971 5466 3048 5540; baseline -0.003 -18"><span class='ocrx_word' id='word_1_748' title='bbox 1971 5468 1991 5490; x_wconf 81' lang='grc'><strong>¹</strong></span> <span class='ocrx_word' id='word_1_749' title='bbox 2011 5466 2171 5540; x_wconf 84' lang='lat' dir='ltr'>Alias</span> <span class='ocrx_word' id='word_1_750' title='bbox 2203 5468 2439 5525; x_wconf 83' lang='lat' dir='ltr'>CCCXX.</span> <span class='ocrx_word' id='word_1_751' title='bbox 2461 5467 2706 5540; x_wconf 76' lang='lat' dir='ltr'>Scripta</span> <span class='ocrx_word' id='word_1_752' title='bbox 2737 5480 2897 5524; x_wconf 85' lang='lat' dir='ltr'>anno</span> <span class='ocrx_word' id='word_1_753' title='bbox 2925 5468 3048 5540; x_wconf 71' lang='lat'>373.</span> 
     </span>
    </p>
   </div>
   <div class='ocr_carea' id='block_1_112' title="bbox 1971 5538 3110 5611">
    <p class='ocr_par' dir='ltr' id='par_1_112' title="bbox 1971 5538 3110 5611">
     <span class='ocr_line' id='line_1_113' title="bbox 1971 5538 3110 5611; baseline -0.005 -17"><span class='ocrx_word' id='word_1_754' title='bbox 1971 5540 2013 5562; x_wconf 85' lang='lat'>“</span> <span class='ocrx_word' id='word_1_755' title='bbox 2044 5539 2203 5596; x_wconf 82' lang='lat' dir='ltr'>Alias</span> <span class='ocrx_word' id='word_1_756' title='bbox 2225 5539 2491 5597; x_wconf 86' lang='lat' dir='ltr'>CCCXLI.</span> <span class='ocrx_word' id='word_1_757' title='bbox 2522 5538 2758 5611; x_wconf 74' lang='lat' dir='ltr'>Scripta</span> <span class='ocrx_word' id='word_1_758' title='bbox 2781 5551 2945 5594; x_wconf 90' lang='lat' dir='ltr'>anno</span> <span class='ocrx_word' id='word_1_759' title='bbox 2983 5538 3110 5590; x_wconf 84' lang='lat'>373.</span> 
     </span>
    </p>
   </div>
  </div>
