4062 6214
480 279 581 337 571

1854 274 1914 334 S.
1952 266 2211 333 BASII."
2248 274 2466 334 MAGNI

3728 280 3824 335 572

479 401 810 461 delectatus
840 404 1055 477 magis,
1079 420 1265 479 quam
1292 405 1476 476 dolui,
1511 408 1815 480 jacturam
1860 402 2130 461 conside-

2257 405 2400 475 ἔγνων
2427 400 2608 469 αὐτὴν,
2645 400 2751 474 οὐχ
2802 401 2975 460 ἣσθην
3040 398 3232 473 μᾶλλον
3268 406 3373 461 τοῖς
3422 399 3829 475 ἐπεσταλμένοις,

476 510 643 558 rans,
674 499 905 567 quanta
926 495 1100 551 nobis
1152 513 1260 569 per
1299 497 1511 553 silentii
1558 502 1797 570 tempus
1844 492 2125 551 evenerit.

483 584 597 640 Sed
626 584 771 656 quia
804 585 1062 641 scribere
1090 586 1343 658 ccepisti,
1375 588 1490 643 hoc
1512 586 1706 643 facere
1736 601 1811 641 ne
1841 582 2128 640 intermit-

479 677 761 735 tasznam
777 674 971 746 magis
996 676 1344 748 delectabis,
1373 694 1561 750 quam
1588 677 1693 750 qui
1718 675 1939 731 multas
1953 688 2129 745 pecu-

480 763 613 819 nias
641 764 839 820 avaris
862 766 1121 821 mittunt.
1158 767 1419 839 Scriptor
1449 772 1648 823 autem
1702 765 1905 821 nullus
1951 762 2127 833 226

482 851 630 908 mihi
668 853 898 919 aderat,
940 869 1137 927 neque
1167 870 1237 910 ex
1265 856 1336 910 iis
1368 856 1472 927 qui
1497 855 1799 926 eleganter
1838 851 2127 917 scribunt,

482 956 681 1012 neque
708 957 775 997 ex
812 942 883 996 iis
905 944 1010 1012 qui
1040 943 1337 1001 velociter.
1370 948 1454 1001 Na
1482 963 1509 998 r,
1540 960 1695 1017 quos
1719 956 2126 1009 exercueram,

481 1029 699 1085 horum
731 1030 829 1086 alii
860 1032 934 1087 ad
965 1033 1283 1105 pristinum
1311 1034 1445 1090 vitae
1478 1049 1669 1103 genus
1699 1032 1965 1099 rediere;
2000 1028 2131 1085 aliis

482 1134 621 1173 vero
642 1119 940 1176 diuturnis
969 1122 1197 1179 morbis
1228 1123 1495 1180 afﬂictati
1523 1123 1763 1181 labores
1801 1122 1954 1177 ferre
2008 1133 2132 1175 non

482 1214 758 1278 possunt.

982 1392 1314 1448 EPISTOLA
1364 1392 1491 1447 CXX
1501 1392 1635 1445 XV".

2237 492 2265 550 ἣ
2320 492 2561 559 ἠνιάθην,
2622 495 2709 550 τὴν
2758 490 2979 563 ζημίαν,
3032 490 3199 548 ὁπόση
3248 494 3453 561 γέγονεν
3510 494 3633 563 ἡμῖν
3702 494 3833 543 κατὰ

2234 583 2321 632 τόν
2354 589 2445 642 τῆς
2474 589 2680 641 σιωπῆς
2718 585 2932 654 χρόνον,
2978 575 3422 652 διαλογιζόμενος.
3476 579 3611 633 Ἀλλ’
3652 578 3828 639 ἐπειδὴ

2237 670 2378 745 ἤρξω
2408 672 2644 745 γράφειν,
2684 674 2756 743 μὴ
2782 666 3027 741 διαλίπῃς
3056 672 3164 733 (30)
3214 675 3368 721 τοῦτο
3404 677 3585 724 ποιῶν.
3634 670 3831 746 Εὐφρα-

2235 767 2332 820 νεῖς
2378 762 2479 834 γὰρ
2539 759 2688 813 πλέον
2741 761 2771 819 ἣ
2832 762 2879 811 οἱ
2944 761 3011 811 τὰ
3041 757 3204 811 πολλὰ
3244 764 3498 833 χρήματα
3544 766 3654 821 τοῖς
3697 758 3831 832 φιλο-

2558 846 2990 922 διαπεμπόμενοι·
3072 854 3181 900 Τῶν
3249 844 3307 899 δὲ
3369 852 3601 923 γραφέων
3660 845 3833 911 οὐδείς

2238 942 2330 1012 μοί
2394 947 2587 1013 παρῆν,
2653 942 2771 991 οὔτε
2837 947 2934 991 τῶν
2997 937 3483 1011 καλλιγράφοὺντων
3541 941 3658 991 οὔτε
3730 947 3829 990 τῶν

2238 1030 2620 1101 ταχυγράφων.
2678 1027 2783 1089 Οὑς
2831 1030 2933 1100 γὰρ
3010 1030 3198 1098 ἔτυχον
3260 1025 3574 1093 ἐξασκήσας,
3643 1029 3692 1080 οἱ
3744 1031 3831 1101 μεν

2242 1114 2530 1191 ἀνέδραμον
2589 1116 2672 1169 ἐπὶ
2726 1121 2817 1176 τὴν
2862 1122 3069 1190 πρώτην
3122 1124 3215 1169 τοῦ
3260 1113 3385 1189 βίου
3442 1119 3737 1185 συνήθειαν,
3787 1119 3833 1170 οἱ

2241 1204 2301 1260 δε
2366 1204 2684 1281 ἀπειρήκασι
2735 1209 2865 1281 πρὸς
2928 1210 3050 1269 τοὺς
3100 1210 3310 1272 πόνους,
3373 1210 3612 1281 χρονίαις
3675 1205 3834 1281 ἀρῤω-

2243 1299 2417 1357 στίαις
2441 1299 2807 1369 κεκακωμένοι.

2778 1390 3115 1439 ΕΠΙΣΤΟΛΗ
3146 1384 3305 1440 ΡΛΕ’.

2236 848 2476 909 πλούτοις

486 1493 757 1570 Basilius
806 1497 1065 1566 ingenue
1097 1502 1342 1568 exponit
1375 1500 1519 1570 quid
1548 1499 1622 1555 de
1644 1496 1874 1570 duobus
1918 1495 2086 1570 libris
2113 1509 2147 1550 a
2179 1494 2437 1570 Diodoro
2458 1494 2796 1570 compositis
2816 1496 3118 1563 sentiat,et
3147 1494 3219 1550 de
3242 1494 3499 1570 dialogis
3516 1493 3839 1570 scribendis

565 1568 757 1621 multa
775 1573 1061 1636 peracute
1080 1566 1614 1639 observathpemt
1646 1569 1973 1624 Diodorum
1991 1568 2169 1638 plura
2195 1566 2717 1639 scripturumzipse
2733 1580 2869 1639 vero
2896 1570 3132 1639 tantum
3171 1580 3233 1622 se
3272 1581 3308 1622 a
3328 1567 3641 1639 scribendo
3657 1581 3842 1639 quan-

559 1648 683 1694 tum
707 1655 743 1694 a
773 1642 1110 1697 veletudine
1130 1649 1184 1697 et
1212 1645 1329 1697 otio
1351 1636 1643 1698 remotum
1666 1656 1786 1697 esse
1815 1636 2285 1695 dicitIPrimum
2307 1636 2523 1692 librum
2542 1638 2793 1693 remittit
2816 1653 2828 1705 ;
2850 1638 3109 1693 alterum
3127 1639 3361 1709 retinet,
3399 1638 3600 1694 volens
3626 1638 3841 1693 descri-

560 1712 710 1782 bere,
745 1727 852 1767 nec
872 1714 1105 1781 copiam
1132 1712 1353 1769 habens
1376 1712 1791 1783 tachygraphi.

797 1820 1082 1889 Diodoro,
1104 1821 1446 1877 Antiochiae
1469 1820 1841 1890 presbytero.

559 1909 610 1963 1.
680 1908 817 1978 Legi
871 1907 1091 1964 missos
1147 1925 1182 1964 a
1209 1914 1312 1965 tua
1336 1908 1681 1982 praestantia
1712 1907 1916 1963 libros.
1952 1908 2019 1961 Et
2048 1920 2134 1959 se-

485 1997 686 2054 cundo
712 1996 960 2070 quidem
995 1996 1172 2055 valde
1203 1999 1535 2055 oblectatus
1562 2014 1717 2064 sum,
1774 2012 1897 2053 non
1938 1994 2132 2051 solum

484 2092 729 2159 propter
760 2087 1135 2157 brevitatem,
1167 2097 1225 2144 ut
1258 2104 1369 2160 par
1394 2092 1518 2143 erat
1555 2086 1863 2143 hominem
1894 2086 2024 2157 jam
2056 2083 2134 2140 ad

487 2175 695 2230 omnia
723 2175 981 2245 segniter
1007 2180 1063 2231 et
1092 2175 1362 2231 debiliter
1393 2191 1526 2231 sese
1548 2175 1898 2238 habentem,
1924 2188 2135 2229 verum

487 2264 668 2319 etiam
719 2264 885 2336 quod
942 2264 1121 2320 simul
1163 2269 1221 2321 et
1268 2264 1551 2337 frequens
1602 2269 1689 2321 est
1709 2264 2033 2329 sententiis,
2068 2278 2138 2319 ac

487 2352 804 2425 perspicue
846 2358 971 2408 tum
1000 2354 1487 2411 adversariorum
1513 2355 1768 2425 objecta,
1798 2358 1927 2411 tum
1959 2354 2138 2409 etiam

489 2440 741 2511 objectis
780 2457 1072 2513 responsa
1100 2443 1395 2511 continet;
1429 2450 1484 2499 et
1506 2442 1760 2515 simplex
1784 2459 1896 2498 nec
1943 2441 2142 2498 elabo-

488 2533 691 2585 ratum
739 2530 979 2586 dicendi
1018 2547 1209 2601 genus
1258 2547 1587 2603 congruere
1644 2532 1794 2588 mihi
1823 2531 2022 2587 visum
2054 2535 2143 2587 est

492 2618 826 2675 Christiano
848 2621 1178 2693 proposito,
1210 2637 1333 2678 non
1364 2626 1486 2677 tam
1546 2622 1625 2677 ad
1678 2621 2140 2679 ostentationem

494 2722 683 2780 quam
738 2707 816 2764 ad
853 2725 1242 2766 communem
1282 2711 1595 2767 utilitatem
1624 2710 1955 2766 scribentis.
1980 2710 2143 2765 Prior

487 2812 652 2859 vero,
694 2798 818 2853 vim
862 2799 1109 2871 quidem
1138 2799 1416 2857 eamdem
1448 2800 1509 2856 in
1542 2799 1720 2856 rebus
1758 2798 2011 2867 habens,
2037 2798 2143 2854 sed

487 2883 746 2941 dictione
778 2886 1053 2943 uberiore
1084 2892 1140 2945 et
1166 2888 1346 2945 variis
1377 2889 1588 2959 ﬁguris
1632 2905 1703 2945 ac
1760 2888 2141 2958 dialogorum

490 2974 695 3044 gratiis
716 2981 1061 3047 exornatus,
1083 2976 1272 3034 multo
1297 2978 1447 3033 mihi
1474 2979 1638 3033 visus
1669 2982 1756 3033 est
1787 2982 1843 3033 et
1872 2982 2141 3047 tempore

485 3062 567 3119 ad
590 3062 916 3135 legendum
943 3070 997 3121 et
1021 3067 1239 3123 mentis
1264 3067 1472 3124 labore
1494 3067 1573 3123 ad
1612 3066 1983 3136 colligendas
2015 3082 2145 3122 sen-

2471 1811 2734 1890 Διοδώρῳ,
2765 1814 3099 1891 πρεσϐυτέρῳ
3133 1816 3454 1887 Ἀντιοχείας
3479 1816 3608 1889 (31).

2316 1909 2366 1961 1.
2432 1904 2706 1977 Ἐνέτυχον
2761 1910 2866 1966 τοῖς
2920 1903 3260 1958 ἀποσταλεῖσι
3300 1904 3527 1978 βιϐλίοις
3576 1907 3721 1978 παρὰ
3749 1912 3841 1967 τῆς

2242 1997 2545 2065 τιμιότητος
2604 2013 2718 2047 σου.
2780 1998 2877 2048 Καὶ
2926 2002 2997 2066 τῷ
3049 1998 3138 2067 μὲν
3170 1992 3740 2071 δευτέρῳὺπερήσθην,
3782 1995 3842 2047 οὑ

2245 2079 2337 2135 διὰ
2402 2088 2497 2142 τὴν
2569 2083 2894 2158 βραχύτητα
2952 2088 3124 2157 μόνον,
3190 2086 3255 2147 ὡς
3297 2088 3431 2148 εἰκὸς
3482 2082 3542 2144 ἧν
3570 2087 3655 2138 τόν
3680 2084 3845 2158 ἀργῶς

2243 2175 2371 2248 πρός
2424 2174 2594 2226 πάντα
2644 2178 2734 2226 καὶ
2793 2172 3021 2236 ἀσθενῶς
3069 2173 3247 2227 λοιπὸν
3316 2171 3659 2248 διακείμενον,
3737 2172 3828 2237 ἀλλ

2247 2264 2327 2314 ὅτι
2372 2268 2562 2315 πυκνόν
2621 2283 2674 2316 τε
2729 2263 2839 2337 οἶμα
2882 2263 2997 2316 ἐστὶ
3045 2270 3163 2325 ταῖς
3191 2262 3425 2327 ἐννοίαις,
3481 2269 3570 2316 καὶ
3604 2264 3847 2338 εὑκρινῶς

2250 2350 2297 2403 ἐν
2360 2352 2500 2424 αὑτῷ
2580 2352 2797 2425 ἔχουσιν
2872 2354 2927 2404 αἶ
2973 2372 3027 2405 τε
3060 2351 3340 2415 ἀντιθέσεις
3392 2361 3490 2405 τῶν
3539 2355 3846 2406 ὑπεναντίων

2249 2445 2338 2493 καὶ
2394 2443 2448 2493 αἱ
2508 2444 2638 2516 πρὸς
2704 2441 2861 2502 αὑτὰς
2926 2441 3264 2506 ἀπαντήσεις·
3333 2447 3421 2495 καὶ
3470 2445 3526 2503 τό
3552 2442 3850 2505 τῆςλέξεως

2251 2530 2444 2584 ἁπλοῦν
2507 2550 2561 2584 τε
2616 2535 2706 2585 καὶ
2772 2530 3128 2585 ἀκατάσκευον
3189 2536 3383 2608 πρέπον
3439 2528 3584 2595 ἔδοξέ
3628 2552 3718 2606 μοι
3780 2528 3849 2585 εἷ-

2248 2640 2333 2673 ναι
2402 2622 2509 2692 (32)
2576 2623 2820 2694 προθέσει
2876 2629 3215 2694 Χριστιανοῦ,
3280 2622 3338 2674 οὑ
3402 2624 3532 2697 πρὸς
3597 2617 3848 2685 ἐπίδειξιν

2250 2709 2440 2783 μᾶλλόν
2494 2710 2524 2769 ἦ
2580 2712 2757 2769 κοινὴν
2799 2710 3035 2785 ὠρέλειαν
3077 2712 3466 2786 συγγράφοντος
3513 2710 3645 2781 (33).
3678 2714 3747 2763 Tb
3788 2706 3847 2763 δὲ

2250 2804 2520 2873 πρότερον,
2596 2803 2691 2858 τὴν
2753 2800 2841 2873 μὲν
2903 2797 3125 2873 δύναμιν
3185 2803 3307 2872 ἕχον
3338 2804 3430 2859 τὴν
3471 2800 3632 2858 αὐτὴν
3663 2798 3711 2851 ἐν
3741 2806 3853 2861 τοῖς

2250 2891 2548 2965 πράγμασι,
2622 2888 2753 2952 λέξει
2815 2886 2875 2941 δὲ
2947 2887 3351 2963 πολυτελεστέρα
3428 2893 3517 2941 καὶ
3596 2894 3851 2962 σχήμασι

2249 2978 2505 3042 ποικίλοις
2588 2983 2677 3030 καὶ
2768 2975 3097 3051 διαλογικαῖς
3159 2980 3353 3054 χάρισι
3412 2977 3851 3052 κεκομψευμένον,

2250 3068 2439 3122 πολλοῦ
2491 3088 2580 3141 μοι
2638 3066 2795 3140 ἐφάνη
2843 3073 2933 3120 καὶ
2981 3073 3178 3142 χρόνου
3210 3072 3336 3144 πρὸς
3376 3071 3433 3120 rb
3466 3067 3687 3121 ἐπελθεῖν
3716 3068 3851 3139 (34),

485 3154 707 3211 tentias
731 3171 800 3212 ac
832 3157 1125 3214 memoria
1152 3157 1444 3214 tenendas
1463 3156 2139 3227 indigere.Adversario-

2257 3162 2341 3210 καὶ
2405 3159 2564 3209 πόνου
2594 3152 2826 3216 διανοίας
2871 3158 2999 3231 πρὸς
3028 3160 3084 3209 τό
3114 3161 3204 3208 καὶ
3236 3154 3477 3219 συλλέξαι
3524 3157 3618 3217 τὰς
3664 3154 3859 3215 ἐννοίας

484 3258 622 3298 rum
661 3244 823 3299 enim
856 3245 1189 3303 intertexta:
1265 3247 1752 3320 vituperationes,
1807 3245 2144 3319 laudesque

486 3336 855 3400 nostrorum,
887 3336 997 3391 etsi
1045 3335 1344 3407 quasdam
1399 3352 1473 3392 ex
1526 3335 1768 3406 dialogo
1817 3334 2146 3392 suavitates

492 3421 658 3493 operi
688 3422 965 3478 videntur
994 3423 1233 3491 afferre;
1267 3426 1409 3497 quia
1432 3431 1633 3481 tamen
1659 3425 1923 3480 detinent
1943 3429 2001 3480 et
2021 3441 2146 3480 mo-

491 3516 720 3581 rantur,
751 3512 1261 3569 continuationem
1294 3516 1600 3570 sententiec
1632 3513 1945 3583 divellunt,
1965 3518 2145 3586 atque

493 3601 878 3657 contentiosa:
919 3603 1206 3659 orationis
1250 3604 1592 3660 firmitatem
1639 3602 1932 3659 relaxant.
1993 3602 2146 3657 Illud

494 3690 653 3746 enim
675 3692 923 3747 omnino
955 3691 1205 3748 solertiae
1238 3696 1353 3748 tuae
1385 3697 1593 3749 notum
1626 3695 1842 3759 est,eos
1865 3692 2045 3748 etiam
2072 3707 2145 3747 ex

490 3779 864 3853 philosophis
886 3780 1102 3837 exteris
1129 3783 1231 3853 qui
1261 3780 1534 3851 dialogos
1580 3782 1875 3853 scripsere
1926 3780 2143 3837 Aristo-

501 3867 675 3923 telem
702 3869 948 3941 quidem
972 3875 1028 3926 et
1058 3870 1569 3943 Theophrastrum
1599 3870 1799 3925 statim
1838 3885 1933 3925 res
1976 3870 2141 3941 ipsas

490 3955 780 4025 attigisse,
812 3958 978 4029 quod
1000 3957 1224 4014 conscii
1246 3957 1358 4013 sibi
1389 3962 1588 4013 essent
1616 3958 1823 4013 deesse
1846 3957 1958 4012 sibi
1978 3957 2141 4029 lepo-

489 4058 584 4098 res
622 4044 979 4103 Platonicos.
1003 4047 1169 4104 Plato
1182 4052 1385 4103 autem
1412 4063 1482 4102 ea
1494 4052 1583 4102 est
1605 4046 1842 4102 dicendi
1863 4046 2139 4103 facultate

490 4137 557 4188 ut
583 4132 762 4189 simul
800 4138 856 4189 et
908 4137 1231 4192 sententias
1284 4138 1618 4209 impugnet.
1661 4142 2023 4209 etpersonas
2046 4153 2140 4193 co-

489 4222 649 4279 mico
678 4239 845 4280 more
865 4224 1631 4298 describat,Thrasymachi
1646 4226 1892 4299 quidem
1913 4226 2141 4282 temeri-

492 4318 673 4370 tatem
721 4330 793 4370 ac
835 4314 1276 4387 impudentiam
1333 4316 1700 4388 vituperans,
1735 4314 1960 4386 Hippiae
1997 4330 2141 4371 vero

488 4402 795 4460 levitatem
836 4405 1055 4460 mentis
1102 4409 1281 4477 atque
1324 4404 1652 4475 ignaviam,
1733 4404 2143 4475 arrogantiam

491 4508 742 4565 quoque
772 4498 828 4551 et
856 4494 1079 4551 fastum
1105 4498 1470 4565 Protagorae.
1503 4494 1613 4551 Ubi
1632 4509 1773 4575 vero
1800 4493 2145 4551 indeﬁnitas

494 4596 788 4653 personas
807 4583 873 4639 in
899 4583 1176 4654 dialogos
1196 4584 1390 4641 introd
1400 4583 1728 4653 ucit,utitur
1745 4582 1993 4655 quidem
2013 4599 2148 4656 per-

498 4671 661 4727 sonis
683 4671 1114 4729 disserentihus
1145 4673 1224 4729 ad
1243 4689 1444 4729 rerum
1478 4673 1984 4755 perspicuitatem,
2040 4674 2147 4731 sed

493 4761 644 4817 nihil
674 4761 839 4818 aliud
870 4779 944 4819 ex
977 4764 1252 4835 personis
1275 4764 1569 4821 admiscet
1630 4763 2003 4835 argumentis
2038 4782 2052 4820 :
2084 4765 2149 4821 id

494 4851 662 4923 quod
686 4851 749 4907 in
771 4854 1023 4924 Legibus
1040 4854 1332 4927 praestitit.

2253 3251 2342 3299 καὶ
2397 3252 2833 3320 παρακατασχεῖν
2895 3245 3052 3306 αὑτὰς
3117 3253 3180 3318 τῇ
3249 3251 3425 3320 μνήμῃ
3489 3241 3745 3318 δεόμενον.
3787 3246 3859 3297 Ai

2252 3337 2350 3411 γὰρ
2429 3334 2476 3388 ἐν
2542 3344 2615 3408 τῷ
2678 3334 2871 3408 μεταξὺ
2932 3334 3417 3408 παρεμϐαλλόμεναι
3474 3331 3715 3387 διαϐολαὶ
3754 3343 3858 3387 τῶν

2255 3427 2589 3493 ὑπεναντίων,
2640 3431 2730 3477 καὶ
2812 3427 3098 3486 συστάσεις
3161 3432 3261 3476 τῶν
3322 3425 3599 3499 ἡμετέρων,
3661 3424 3705 3477 εἰ
3765 3427 3861 3476 καὶ

2253 3514 2576 3587 γλυκύτητάς
2632 3534 2773 3576 τινας
2812 3512 3100 3587 ἐπεισάγειν
3128 3509 3347 3566 δοκοῦσι
3386 3510 3719 3574 διαλεκτικὰς
3746 3513 3861 3583 {35)

2254 3613 2325 3676 τῷ
2374 3607 2772 3678 συγγράμματι·
2828 3602 2934 3656 ἀλλ’
2985 3600 3071 3656 οὖν
3118 3612 3190 3676 τῷ
3224 3602 3424 3676 σχολὴν
3450 3608 3539 3655 καὶ
3571 3600 3861 3677 διατριϐὴν

2254 3693 2502 3767 ἐμποιεῖν,
2555 3692 2828 3746 διασπῶσι
2892 3696 2981 3767 μὲν
3044 3696 3101 3745 τὸ
3133 3696 3350 3765 συνεχὲς
3405 3700 3495 3753 τῆς
3524 3690 3864 3762 ἐννοίας,καὶ

2251 3792 2340 3835 τοῦ
2386 3782 2660 3855 ἐναγωνίου
2708 3782 2863 3854 λόγου
2916 3786 3002 3834 τόν
3037 3788 3181 3835 τόνον
3212 3784 3626 3855 ὑποχαυνοῦσιν,
3664 3781 3866 3834 Ἐκεῖνο

2250 3876 2348 3947 γὰρ
2402 3875 2609 3934 πάντως
2667 3869 2873 3925 συνεῖδέ
2928 3873 3041 3943 (36)
3093 3891 3188 3924 σου
3238 3874 3267 3930 ἡ
3326 3870 3591 3944 ἀρχίνοια,
3658 3872 3743 3922 ὅτι
3770 3875 3870 3923 καὶ

2247 3970 2345 4013 τῶν
2386 3962 2566 4024 ἔξωθεν
2624 3961 2917 4033 φιλοσόφων
2966 3963 3015 4013 οἱ
3071 3965 3193 4023 τοὺς
3261 3956 3541 4031 διαλόγους
3608 3964 3870 4035 συγγρά-

2246 4051 2454 4123 ψαντες,
2540 4050 2893 4125 Αριστοτέλης
2985 4054 3074 4125 μὲν
3142 4054 3227 4104 καὶ
3286 4055 3638 4126 Θεόφραστος,
3713 4050 3875 4103 εὐθὺς

2250 4142 2417 4193 αὑτῶν
2488 4140 2688 4213 iri/«vro
2747 4150 2847 4194 τῶν
2913 4143 3253 4214 πραγμάτων,
3309 4136 3403 4193 διὰ
3448 4144 3506 4192 rb
3564 4136 3879 4192 συνειδέναι

2252 4231 2457 4293 ἑαυτοῖς
2521 4239 2622 4283 τῶν
2683 4230 3023 4283 Πλατωνικῶν
3085 4235 3323 4303 χαρίτων
3352 4234 3444 4290 τὴν
3468 4225 3687 4282 ἔνδειανο
3726 4230 3881 4282 Πλά-

2250 4342 2353 4375 των
2401 4317 2460 4372 δέ
2508 4328 2570 4392 τῇ
2628 4318 2845 4392 ἐξουσίᾳ
2872 4328 2965 4373 τοῦ
2993 4319 3150 4391 λόγου
3182 4321 3313 4392 ὁμοῦ
3338 4323 3428 4392 μεν
3468 4326 3579 4381 τοῖς
3622 4316 3880 4390 δόγμασι

2253 4412 2509 4484 μάχεται,
2580 4410 2708 4481 ὁμοῦ
2772 4405 2830 4461 δὲ
2896 4414 2986 4461 καὶ
3041 4405 3435 4482 παρακωμῳδεῖ
3482 4411 3547 4460 τὰ
3575 4412 3878 4482 πρόσωπα,

2250 4500 2630 4575 Θρασυμάχου
2682 4500 2771 4571 μὲν
2832 4501 2892 4550 rb
2953 4500 3120 4572 θρασὺ
3167 4502 3258 4550 καὶ
3326 4497 3507 4570 ἰταμόν
3539 4493 3878 4559 διαϐάλλων,

2252 4592 2452 4643 Ἱππίου
2506 4584 2565 4641 δε
2620 4590 2677 4641 τὸ
2728 4594 2917 4659 κοῦφον
2969 4594 3061 4648 τῆς
3114 4582 3349 4648 διανοίας
3404 4590 3493 4639 καὶ
3521 4594 3751 4659 χαῦνον,
3777 4590 3885 4638 καὶ

2257 4681 2607 4753 Πρωταγόρου
2664 4679 2723 4729 rb
2790 4675 3092 4737 ἀλαζονικὸν
3162 4680 3252 4728 καὶ
3316 4677 3621 4750 ὑπέρογκον.
3688 4672 3887 4726 Ὀπον

2262 4765 2321 4821 δε
2375 4765 2599 4840 ἀόριστα
2656 4769 2914 4840 πρόσωπα
2970 4765 3233 4837 ἐπεισάγει
3288 4771 3398 4826 τοῖς
3446 4761 3739 4834 διαλόγοις,
3772 4771 3889 4825 τῆς

2257 4860 2346 4930 μὲν
2418 4856 2701 4932 εὑκρινείας
2758 4854 2917 4908 ἕνεκεν
2960 4864 3061 4909 τῶν
3108 4856 3428 4930 πραγμάτων
3467 4856 3731 4928 κέχρηται
3758 4858 3897 4913 τοῖς

494 4938 1026 5017 προσδιαλεγομένοις
1063 4946 1197 5016 (37),
1257 4942 1408 4998 οὐδὲν
1466 4941 1527 4999 δε
1584 4944 1748 5021 ἔ.ἐρον
1804 4946 1858 5001 ἐκ
1914 4956 2014 5001 τῶν
2068 4951 2365 5024 προσώπων
2420 4944 2745 4999 ἐπεισκυκλεῐ
2796 4952 2908 5006 ταῖς
2960 4946 3288 4998 ὑποθέσεσιν
3341 4945 3463 5018 ὅπερ
3512 4940 3753 5001 ἐποίησεν
3822 4942 3897 4993 ἐν

496 5036 608 5094 τόῖς
636 5034 848 5105 Νόμοις.

564 5159 583 5232 ἦ
614 5157 772 5214 Alias
800 5160 1046 5232 CL‘XVII.
1081 5160 1317 5232 Scripta
1338 5176 1500 5217 anno
1532 5162 1656 5218 373.
1714 5189 1723 5194 -

564 5230 674 5304 (30)
732 5234 817 5304 Μὴ
859 5226 1134 5304 dicamus.
1185 5226 1345 5289 Multi
1403 5233 1642 5289 codices
1698 5248 1824 5290 non
1878 5234 2153 5291 vetustis-

493 5300 630 5357 simi
653 5305 724 5374 μὴ
764 5301 1023 5374 διαλιπός.

567 5370 678 5453 (gl)
702 5370 1183 5453 Aiadalpqi.__Coisl.
1239 5374 1471 5446 primus
1500 5378 1564 5453 et
1578 5374 1736 5453 _lt_l_ed.
1770 5373 2038 5453 θεοδὼρῳ.

567 5443 929 5521 (32)ᾹΕ-ἶναί.’
973 5447 1136 5521 Hanc
1178 5443 1391 5502 vocem
1448 5446 1798 5521 addidimus
1860 5443 2149 5521 ex'Med.,

500 5514 859 5600 Harlg‘Cpisl.
900 5516 1098 5600 primo
1123 5522 1193 5600 et.
1210 5525 1464 5600 utroque
1486 5518 1687 5600 Regio.

570 5587 679 5662 Q3)
713 5587 1123 5662 Xu‘y'ypa'cpovrog.
1155 5591 1242 5645 lta
1286 5587 1403 5644 tre—8
1461 5588 1847 5647 vetustissimi
1889 5592 2148 5650 codices.

498 5651 652 5708 Editi
666 5651 985 5729 γράροντός.

2334 5160 2447 5234 (34)
2481 5158 2760 5234 ΪΕπελβεῖν.
2794 5158 2887 5215 Sic
2902 5174 3057 5234 _mss_.
3109 5173 3217 5234 se;
3248 5173 3374 5234 pro
3418 5172 3510 5234 eo
3537 5153 3706 5234 quod
3735 5158 3898 5234 erat

2260 5226 2528 5289 in'ed'itis
2558 5231 2798 5299 ἐξελθεῖν,
2825 5230 2922 5287 vel
2944 5234 3010 5286 ut
3032 5230 3093 5285 in
3124 5226 3381 5286 editione
3410 5233 3444 5285 2
3475 5226 3663 5285 Paris.
3726 5226 3899 5290 ἐπιξ-

2264 5306 2443 5358 ελθεῖν.

2336 5376 2448 5447 (35)
2502 5375 2924 5447 Pluxbrnrag.“
2990 5369 3337 5447 διαλεκτικᾴς.
3403 5371 3551 5429 Med.
3610 5374 3667 5427 et
3704 5369 3899 5427 llarl.

2262 5443 2461 5520 prima
2481 5463 2668 5520 manu
2693 5445 3098 5520 γλυκιιτοὲτας..ἱ
3129 5443 3396 5508 διαλέξεις.

2338 5524 2445 5588 (37)
2474 5513 2711 5588 zwaid‘sl
2732 5517 2887 5573 Harl.
2916 5514 3149 5585 σύνοιδε,
3201 5520 3307 5573 sed
3334 5513 3600 5588 secunda
3648 5528 3896 5573 manu.

2338 5586 2483 5671 (3.6).
2514 5586 3061 5671 Προσδιειλεγομένοις.
3114 5592 3253 5646 Tres
3300 5587 3540 5645 codices
3593 5601 3725 5642 non
3778 5602 3917 5644 ve-

2264 5658 2576 5720 tustissimi
2602 5658 3109 5734 προδιαλεγομένοις.
