4054 6204
216 326 313 382 573
1128 318 1616 376 EPISTOLARUM
1653 308 1936 374 CLASSIS
1983 313 2051 369 Il.
2092 310 2313 374 EPIST.
2355 318 2617 377 CXXXVI.

283 452 334 503 2.
368 451 447 500 Δεῖ
502 442 592 498 οὖν
653 448 743 498 καὶ
808 445 949 517 ἡμᾶς
1020 447 1141 506 τοὺς
1196 444 1256 498 οὐ
1314 446 1450 498 κατὰ
1505 442 1876 517 φιλοτιμίανΑ

218 537 518 613 ἱρχομένους
576 534 659 587 ἐπὶ
720 537 778 588 τό
851 534 1086 607 γράφειν,
1156 534 1261 587 ἀλλ’
1319 534 1588 596 ὑποθήκας
1640 552 1803 585 καταυ

218 628 469 700 λιμπάνιιν
526 624 794 696 ὠφελίμων
854 623 1019 695 λόγων
1081 632 1141 697 τῇ
1218 621 1530 697 ἀδελφότητι
1597 621 1804 697 προελο-

218 722 407 789 μένους,
436 715 521 767 ἑάν
549 718 640 787 μέν
689 734 741 766 τι
788 708 939 766 πᾶσί
969 718 1451 788 προκεκηρυγμένον
1502 712 1585 765 ἐπὶ
1634 712 1803 764 αὐθα-

222 802 335 877 δείᾳ
377 809 561 878 τρόπον
614 807 893 878 πρόσωπον
950 802 1357 874 ὑποϐαλλώμεθα
1376 803 1527 872 ,(38),
1559 803 1676 854 τινὰ
1713 804 1803 852 καὶ

222 893 321 947 ἀπὸ
398 898 670 966 προσώπου
744 897 1018 953 ποιότητος
1096 893 1440 965 παραπλέκειν
1502 898 1574 961 τῷ
1645 890 1801 961 λόγῳ,

224 986 357 1057 εἰπερ
424 982 539 1043 ὤιως
600 980 862 1034 ἐπιϐάλλει
919 983 1044 1053 ἡμῖν
1104 978 1400 1035 διαϐάλλειν
1477 980 1803 1056 ἀνθρώπους)

220 1080 310 1124 τῶν
360 1073 671 1145 πραγμάτων
726 1069 1005 1143 ἀφεμένους
1059 1074 1188 1140 (39).
1238 1071 1355 1125 Ἐὰν
1397 1066 1455 1123 δὲ
1490 1068 1729 1144 ἀόριστον
1772 1075 1801 1139 ᾖ

218 1166 269 1214 τό
297 1158 675 1234 διαλεγόμενον,
721 1163 776 1213 αἱ
810 1165 939 1236 πρὸς
970 1162 1037 1213 τὰ
1064 1165 1325 1234 πρόσωπα
1355 1157 1665 1220 διαστάσεις
1692 1161 1803 1228 (40)

211 1255 299 1309 τήν
339 1254 427 1322 μὲν
462 1253 741 1323 συνάφειαν
773 1246 1146 1317 διακόπτουσι,
1178 1254 1308 1324 πρὸς
1354 1246 1505 1303 οὐδὲν
1538 1247 1597 1302 δὲ
1645 1252 1804 1324 πέρας

212 1346 475 1414 χρήσιμον
515 1339 781 1393 ἀπαντῶσι
815 1340 944 1411 (41).
972 1347 1151 1392 Ταῦτα
1189 1337 1327 1392 εἶπον
1365 1342 1446 1392 ἳνα
1477 1338 1694 1413 δειχθῇ,
1724 1341 1804 1391 ὅτι

214 1428 297 1481 οὐκ
343 1429 408 1489 εἰς
459 1429 680 1491 κόλακος
729 1435 914 1503 χεῖρας
962 1427 1264 1489 ἀπέστειλάς
1307 1447 1403 1483 σου
1442 1432 1565 1489 τοὺς
1593 1432 1800 1494 πόνους,

214 1519 327 1571 ἀλλὰ
374 1516 589 1591 ἀδελφῷ
638 1527 709 1591 τῷ
760 1521 1101 1591 γνησιωτάτῳ
1158 1519 1502 1581 ἐκοινώνησας
1557 1528 1656 1572 τῶν
1709 1538 1804 1571 κα-

211 1611 391 1680 μάτων.
448 1610 609 1662 Εἶπον
644 1606 703 1661 δε
746 1609 805 1661 οὔ
852 1613 979 1684 πρὸς
1030 1608 1385 1685 ἐπανόρθωσιν
1432 1618 1530 1662 τῶν
1573 1629 1802 1684 γεγραμ-

211 1700 380 1769 μένων,
448 1696 581 1748 ἀλλά
621 1700 747 1770 πρὸς
804 1696 1030 1769 φυλακὴν
1086 1706 1188 1750 τῶν
1243 1697 1546 1770 μελλόντων.
1592 1700 1802 1759 Πάντως

3455 313 3562 373 574

1983 442 2035 496 2.
2078 441 2319 513 Oportet
2347 444 2551 518 itaque
2576 448 2634 501 et
2662 458 2796 514 nos,
2823 443 2928 516 qui
2950 456 3075 500 non
3109 439 3313 513 glorise
3356 439 3556 497 studio

1913 529 1993 586 ad
2013 531 2397 590 scribendum
2416 534 2713 596 ducimur,
2728 534 2831 589 sed
2843 534 3204 590 documenta
3221 530 3557 603 relinquere

1913 620 2147 675 utilium
2165 638 2513 679 sermonum
2528 623 2872 679 fraternitati
2892 622 3273 688 instituimus,
3299 619 3347 674 si
3371 634 3558 692 quam

1913 710 2197 767 omnibus
2237 712 2367 783 jam
2417 712 2800 769 decantatam
2844 728 2912 767 ex
2946 727 3185 767 morum
3224 708 3560 782 pervicacia

1915 816 2231 872 personam
2248 802 2662 873 subjiciamus,
2687 801 2977 857 nonnulla
2996 801 3174 856 etiam
3194 816 3267 855 ex
3288 813 3557 871 personae

1914 890 2116 947 indole
2145 892 2399 947 orationi
2429 896 2687 947 attexere
2712 908 2726 957 ;
2778 891 2829 946 si
2858 896 3061 947 tamen
3100 889 3278 945 nobis
3308 887 3557 945 omnino

1916 981 2203 1037 decorum
2235 986 2323 1038 est
2367 982 2643 1037 homines
2673 982 3035 1052 vituperare,
3081 979 3262 1034 rebus
3290 978 3553 1033 omissis.

1920 1069 2033 1125 Sed
2064 1070 2112 1124 si
2136 1068 2461 1125 indefinitae
2507 1070 2677 1139 227
2726 1069 2844 1124 sint
2876 1082 3151 1140 personae
3176 1065 3556 1129 disserentes,

1912 1158 1995 1215 illi
2030 1159 2323 1215 adversus
2343 1175 2634 1231 personas
2663 1174 2952 1215 excursus
2989 1155 3349 1212 intercidunt
3378 1152 3564 1209 conti-

1914 1249 2281 1313 nuationem,
2306 1264 2417 1303 nec
2440 1248 2517 1304 ad
2540 1247 2728 1303 ullum
2755 1247 2939 1301 finem
2968 1246 3170 1301 utilem
3193 1244 3559 1317 pertingunt.

1916 1340 2047 1393 Haec
2096 1354 2164 1393 eo
2194 1338 2336 1403 dixi,
2383 1343 2448 1393 ut
2494 1338 2870 1409 exploratum
2917 1336 3009 1404 sit,
3060 1340 3115 1391 te
3164 1350 3287 1389 non
3331 1332 3562 1388 misisse

1911 1427 2148 1484 labores
2189 1433 2321 1484 tuos
2352 1428 2412 1483 in
2453 1426 2781 1483 adulatoris
2808 1440 3053 1490 manus,
3082 1424 3189 1480 sed
3214 1438 3355 1479 cum
3383 1422 3560 1477 fratre

1912 1518 2175 1574 maxime
2206 1520 2471 1587 ingenuo
2511 1516 3013 1573 communicasse.
3049 1512 3177 1570 Dixi
3207 1516 3410 1568 autem
3434 1525 3559 1567 non

1915 1608 1994 1664 ad
2023 1624 2231 1663 eorum
2274 1624 2410 1679 qua:
2442 1607 2664 1679 scripta
2694 1610 2831 1661 sunt
2864 1603 3315 1667 correctionem,
3348 1600 3456 1656 sed
3481 1599 3561 1655 ad

1914 1713 2123 1753 eorum
2152 1714 2286 1769 quae
2324 1696 2682 1766 scribentur,
2723 1694 3083 1751 cautionem.
3112 1693 3263 1747 Nam
3292 1688 3560 1762 profecto

208 1788 297 1860 γὰρ
358 1787 385 1837 ὀ
434 1787 676 1857 τοσαύτῃ
730 1790 849 1860 περὶ
900 1789 959 1837 τό
1015 1788 1231 1860 γράφειν
1288 1786 1386 1849 ἔξει
1442 1793 1532 1840 καὶ
1592 1784 1799 1859 σπουδῇ

1925 1788 2020 1861 qui
2052 1792 2217 1844 tanta
2241 1788 2300 1843 in
2343 1785 2661 1842 scribendo
2704 1783 2982 1840 facultate
3014 1787 3071 1839 et
3102 1781 3411 1848 diligentia
3454 1780 3562 1834 uti-

207 1878 524 1949 κεχρημένος
586 1874 681 1928 οὐκ
744 1873 1031 1935 ἀποκνήσει
1095 1878 1343 1953 γράφων⁶
1421 1874 1600 1936 ἐπειδὴ
1681 1875 1805 1931 οὐδὲ

208 1967 253 2016 οἱ
292 1966 394 2034 (42)
442 1966 545 2026 τὰς
585 1966 853 2025 ὑποθέσεις
882 1969 1200 2040 παρέχοντες
1237 1964 1613 2038 ἀπολήγουσιν.
1654 1967 1804 2041 Ἡμῖν

213 2049 263 2105 δὲ
303 2052 516 2124 ἀρκέσει
585 2056 677 2126 μὲν
738 2052 1112 2126 ἀναγινώσκειν
1167 2058 1234 2108 τὰ
1304 2056 1553 2131 ὑμέτεραι
1613 2066 1704 2109 τοῦ
1747 2054 1805 2110 δὲ

212 2139 454 2197 δύνασθαι
506 2146 728 2218 γράφειν
767 2164 819 2197 τι
868 2146 1006 2217 (43),
1044 2153 1293 2200 τοσοῦτον
1333 2144 1641 2220 ἀποδέομεν,
1684 2150 1804 2200 ὅσον

209 2241 381 2308 μικροῦ
430 2230 543 2287 δέω
590 2233 775 2305 λέγειν,
810 2240 1020 2288 καὶτοῦ
1052 2237 1319 2308 ὑγιαίνειν,
1363 2238 1393 2297 ἣ
1448 2244 1538 2290 καὶ
1585 2245 1677 2291 τοῦ
1717 2256 1805 2310 με·

210 2327 338 2393 τρίαν
370 2323 582 2394 σχολὴν
621 2325 767 2395 οἴγειν
815 2322 916 2378 ἀπὸ
968 2334 1067 2377 τῶν
1106 2329 1448 2401 πραγμάτων.
1499 2327 1807 2381 Ἀπέστειλα

213 2408 264 2463 δὲ
296 2421 377 2463 νῦν
422 2410 525 2465 διὰ
575 2421 667 2466 τοῦ
708 2412 1045 2485 ἀναγνώστου
1099 2420 1155 2469 τό
1195 2417 1373 2489 μεῖξον
1416 2423 1505 2470 καὶ
1534 2423 1801 2494 πρότερον,

212 2498 409 2554 ἐπελθὼν
459 2502 600 2559 αὐτὸ
650 2504 715 2563 ὡς
755 2502 867 2576 ἐμοὶ
899 2501 1142 2560 δυνατόν.
1182 2510 1252 2558 Τὸ
1308 2503 1367 2559 δε
1411 2503 1650 2581 δεύτερον
1692 2508 1806 2579 (44)

214 2596 635 2662 παρακατέσχον,
708 2589 1019 2665 βουλόμενος
1076 2595 1202 2646 αὑτό
1282 2596 1637 2669 μεταγράψαι,
1714 2601 1804 2649 καὶ

214 2683 279 2749 μὴ
324 2683 557 2755 εᾶπορών
608 2684 736 2742 τέως
783 2685 919 2744 τινός
965 2691 1065 2734 τῶν
1129 2683 1201 2745 εἰς
1260 2687 1428 2756 τάχος
1479 2690 1798 2758 γραφόντων.

213 2771 370 2873 Μέξρι
410 2773 519 2844 γὰρ
566 2773 828 2833 τοσαύτης
876 2771 998 2830 ἦλθε
1048 2777 1227 2835 πενίας
1271 2775 1336 2827 τὰ
1376 2772 1623 2847 ἐπίφθονα
1654 2783 1801 2829 Καπ-

213 2867 457 2911 παᾱοκῶν.

742 2990 1075 3039 summm
1107 2985 1268 3052 ΡΑςὴ

1913 1882 2029 1948 tur,
2055 1894 2178 1934 non
2207 1875 2600 1933 deterrebitur
2623 1890 2660 1930 a
2680 1873 3032 1940 scribendo;
3066 1867 3563 1944 quandoquidem

1914 1974 1972 2025 et
2000 1968 2105 2041 qui
2152 1967 2537 2039 suppeditant
2575 1968 2951 2033 argumenta,
3003 1961 3251 2017 minime
3303 1962 3559 2015 cessant.

1915 2059 2096 2116 Nobis
2154 2061 2353 2113 autem
2399 2054 2542 2111 satis
2599 2054 2705 2109 erit
2756 2057 2954 2109 vestra
3006 2051 3205 2121 legere
3265 2066 3279 2105 :
3327 2052 3563 2104 tantum

1915 2149 2077 2205 enim
2104 2148 2281 2203 abest
2306 2150 2370 2201 ut
2400 2144 2660 2201 scribere
2690 2143 3019 2216 possimus,
3043 2143 3340 2212 quantum
3374 2137 3562 2194 ferme

1915 2239 2191 2304 dixerim,
2240 2242 2307 2293 ut
2336 2236 2667 2305 valeamus,
2710 2238 2814 2289 aut
2870 2232 2965 2289 vel
3012 2230 3322 2287 modicum
3370 2228 3563 2284 otium

1915 2330 2252 2386 habeamus
2282 2344 2318 2383 a
2360 2326 2631 2396 negotiis.
2676 2323 2898 2380 Remisi
2928 2325 3130 2378 autem
3158 2335 3320 2375 nunc
3350 2333 3456 2390 per
3482 2317 3566 2374 le-

1916 2425 2139 2477 ctorem
2170 2417 2369 2486 majus
2410 2431 2481 2471 ac
2522 2414 2790 2487 primum
2817 2412 3125 2473 volumen,
3158 2424 3194 2464 a
3220 2424 3338 2473 me,
3367 2422 3564 2479 quan-

1915 2512 2044 2563 tum
2093 2504 2240 2562 mihi
2280 2503 2463 2567 licuit,
2504 2502 2851 2574 perlectum.
2902 2499 3168 2555 Alterum
3219 2512 3364 2552 vero
3421 2493 3563 2550 reti-

1914 2598 2018 2652 nui
2046 2594 2255 2651 volens
2283 2592 2641 2658 describere,
2672 2607 2782 2646 nec
2827 2590 3069 2661 copiam
3115 2587 3407 2643 hactenus
3450 2584 3565 2640 ha-

1910 2686 2064 2743 bens
2096 2686 2477 2755 cujusquam,
2510 2681 2615 2752 qui
2642 2680 2922 2736 velociter
2952 2677 3194 2733 scribat.
3223 2676 3311 2731 Ad
3335 2678 3567 2730 tantam

1912 2776 2073 2832 enim
2110 2772 2425 2846 penuriam
2447 2769 2790 2826 invidenda
2813 2767 3245 2840 Cappadocum
3271 2781 3365 2820 res
3394 2764 3567 2819 deve-

1912 2881 2076 2921 nere.

2358 2986 2692 3043 EPISTULA
2735 2981 3024 3039 CXXXVI'.

210 3106 464 3191 Marcum
496 3108 988 3191 suumdescrz‘tn't
1014 3112 1290 3191 Basilius,
1319 3114 1596 3191 queritur
1624 3130 1716 3191 res
1746 3117 2175 3191 ecclesiasticas
2208 3113 2626 3191 dilapsasesse
2650 3113 2702 3191 εἶτ
2728 3105 3018 3191 ρνοᾴίιαε-
3050 3099 3565 3191 ιῘαΪῙῖἀῖεάωῗὶΕαῖ

273 3179 482 3262 εεόἱιιζζι
519 3181 985 3262 ἱηῃίείεεθίνηὶεί
1002 3199 1132 3237 eum
1163 3171 1509 3262 detiniu'sset
1534 3202 1646 3255 per
1669 3171 2417 3247 duos-men'ses'Eustathii
2437 3180 2677 3239 diaconi
2706 3171 2966 3245 morbus,
2998 3191 3068 3233 ac
3097 3172 3310 3230 deinde
3327 3171 3568 3244 alii,qui

277 3265 400 3305 cum
422 3252 657 3308 Basilio
688 3260 883 3321 erant,
913 3260 1320 3323 aegrotassem,
1344 3271 1415 3312 ac
1442 3252 1741 3326 postremo
1772 3262 1897 3331 ipse
1925 3262 2212 3318 Basilius.

538 3349 793 3422 Εὐσεϐίῳ,
829 3350 1094 3424 ἐπισκόπῳ
1127 3355 1459 3426 Σαμοσάτων.

296 3476 339 3525 1.
366 3471 441 3525 Ἐν
488 3477 612 3536 οἵοις
647 3478 786 3548 ἡμᾶς
818 3480 963 3538 ὄντας
994 3477 1269 3531 κατέλαϐεν
1302 3481 1327 3531 ὁ
1354 3483 1594 3554 χρηστός
1626 3482 1806 3535 Ἰσαά-

219 3578 316 3657 ita;
354 3562 481 3631 (45),
535 3564 677 3626 urire;
734 3585 821 3618 σοι
871 3566 1080 3638 οἷμεινον
1126 3564 1465 3640 διηγήσεται,
1520 3571 1564 3623 εὶ
1602 3576 1691 3624 καὶ
1734 3576 1804 3644 μὴ

222 3655 473 3721 ἀρκοῦσαν
513 3656 621 3725 ἔχει
646 3660 740 3714 τήν
788 3655 1056 3728 γλῶσσαν,
1090 3661 1225 3711 ὥστε
1273 3670 1536 3734 τραγικῶς
1580 3661 1811 3734 ἐξαγγεῖ-

216 3736 297 3790 λαι
325 3746 378 3792 τό
422 3743 695 3817 ὑπεραῖρον
743 3754 842 3797 τῶν
882 3749 1080 3799 παθών
1117 3757 1364 3802 τοσοῦτον
1396 3751 1457 3808 ἧν
1506 3758 1601 3813 τῆς
1646 3750 1812 3825 ἀρρω-

214 3835 355 3894 στίας
410 3838 462 3885 τό
512 3838 750 3906 μέγεθος.
811 3842 910 3889 Καὶ
952 3842 1010 3889 τό
1052 3842 1187 3901 εικός
1235 3836 1294 3892 δὲ
1324 3844 1478 3892 παντὶ
1524 3847 1807 3916 γνώριμον,

210 3929 276 3989 τῷ
322 3926 401 3993 εμὲ
451 3930 543 3977 καὶ
596 3929 733 3978 κατά
794 3924 978 4001 βραχὺ
1033 3927 1381 4002 ἐπισταμένῳ.
1429 3931 1491 3982 Εἰ
1518 3934 1620 4004 γάρ
1664 3930 1712 3982 ἐν
1740 3940 1803 4004 τῇ

214 4004 425 4085 δοκούσῃ
496 4014 672 4087 εὐεξία
744 4023 844 4066 τῶν
918 4015 1323 4090 ἀπεγνωσμένων
1395 4023 1524 4094 πρὸς
1595 4024 1653 4072 τὸ
1712 4022 1807 4082 ζῆν

212 4100 563 4179 ασθτιέστερον
647 4100 938 4176 διεκείμην,
1016 4112 1292 4177 γινώσκειν
1363 4108 1527 4171 ἔξεστι
1602 4115 1678 4170 τίς
1748 4110 1809 4162 ἂν

206 4196 333 4258 ἢμην
392 4198 477 4244 επὶ
536 4200 632 4252 τῆς
691 4192 1009 4267 ἀρρωστίας.
1063 4201 1304 4268 Καίτοιγε
1348 4195 1511 4271 ἐρχῆν
1553 4194 1671 4263 (δὸς
1707 4202 1810 4273 γὰρ

205 4287 270 4345 τῷ
319 4290 521 4356 πυρετῷ
602 4288 920 4355 συγγνώμην
989 4286 1406 4357 ἐπεσχελοῦντι),
1484 4284 1663 4346 ἐπειδὴ
1720 4307 1811 4361 μοι

207 4370 328 4419 κατὰ
367 4373 527 4440 φύσιν
560 4371 625 4428 ἦν
668 4374 727 4422 τό
769 4380 958 4439 νοσεῖν,
996 4373 1045 4425 ἐν
1092 4383 1155 4447 τῇ
1203 4374 1458 4449 μεταϐολῇ
1491 4379 1651 4450 ταύτῃ
1694 4365 1811 4447 (46)

210 4464 296 4517 τῆς
341 4458 489 4522 ἕξεως
549 4461 728 4531 ὑγείας
790 4482 882 4535 μοι
933 4470 1019 4515 νῦν
1077 4468 1135 4517 τό
1192 4467 1473 4540 κράτιστον
1532 4472 1802 4542 περιεῖναι.

275 4634 380 4705 (38)
418 4636 877 4711 ’Υποεαλλώμεθω
905 4642 1044 4697 Post
1071 4641 1230 4697 hanc
1274 4657 1485 4699 vocem
1517 4643 1659 4700 editi
1694 4644 1803 4700 ad-

2198 3354 2473 3417 Eusebio,
2506 3352 2779 3422 episcopo
2810 3348 3281 3405 Samosatorum.

1992 3488 2010 3541 1
2028 3485 2177 3551 .Quo
2194 3484 2255 3539 in
2272 3485 2427 3537 statu
2443 3473 2902 3549 deprehenderit
2921 3488 3034 3528 nos
3053 3471 3142 3528 vir
3160 3468 3385 3543 probus
3411 3470 3569 3524 Isaa-

1918 3590 2041 3637 ces,
2066 3574 2197 3646 ipse
2227 3571 2331 3627 tibi
2361 3568 2576 3625 melius
2617 3562 2942 3631 enarrabit,
2985 3561 3122 3616 licet
3154 3559 3361 3629 lingua
3406 3557 3565 3613 illius

1919 3679 2029 3735 par
2056 3677 2180 3717 non
2211 3660 2302 3725 sit,
2335 3663 2398 3713 ut
2436 3656 2655 3725 tragice
2704 3656 2969 3725 exponat
3013 3666 3148 3718 qua;
3180 3649 3475 3717 majorem
3504 3646 3566 3700 in

1920 3733 2173 3806 modum
2214 3746 2490 3820 patiebar
2522 3761 2535 3799 :
2570 3747 2736 3799 tanta
2782 3745 2909 3797 erat
2958 3737 3158 3793 morbi
3188 3733 3564 3804 magnitudo.

1922 3840 2032 3897 Sed
2068 3845 2269 3895 tamen
2312 3834 2461 3907 quid
2500 3830 2818 3889 verisimile
2868 3829 2960 3897 sit,
3015 3825 3292 3899 quisquis
3343 3838 3441 3879 me
3474 3820 3567 3877 vel

1919 3927 2234 4002 paululum
2254 3924 2440 3990 novit,
2457 3922 2791 3995 perspicere
2813 3923 3025 3991 potest.
3044 3918 3215 3982 Nam,
3235 3912 3284 3968 si
3307 3912 3457 4002 dum
3486 3910 3570 3967 vi-

1916 3999 2108 4075 debar
2133 4016 2356 4081 valere,
2386 4013 2480 4081 iis,
2507 4026 2770 4085 quorum
2808 4009 3162 4079 desperatur
3187 4002 3376 4068 salus,
3406 3999 3571 4056 inﬁr-

1918 4108 2073 4163 mior
2125 4121 2313 4171 eram,
2364 4101 2561 4174 qualis
2604 4101 2663 4155 in
2714 4097 2925 4154 morbo
2957 4094 3173 4150 fuerim
3201 4105 3569 4161 cognoscere

1916 4197 2073 4253 licet.
2106 4197 2465 4265 Quanquam
2492 4188 2810 4263 Oportebat
2830 4186 2932 4256 (da
2962 4185 3121 4239 enim
3152 4182 3393 4238 veniam
3420 4178 3571 4235 febri

1918 4285 2269 4358 ineptienti),
2304 4299 2443 4339 cum
2476 4280 2622 4336 mihi
2647 4276 2897 4334 morbus
2924 4273 3259 4331 secundum
3287 4274 3569 4327 naturam

1920 4380 2094 4440 esset,
2128 4375 2187 4430 in
2217 4374 2330 4429 hac
2355 4371 2600 4426 habitus
2637 4366 2966 4424 mutatione
2992 4378 3156 4419 nunc
3189 4377 3284 4416 me
3329 4361 3390 4415 in
3422 4374 3569 4430 prm-

1918 4464 2253 4522 clarissima
2277 4458 2619 4518 valetudine
2658 4454 2955 4514 constitui.
3000 4452 3115 4510 Sed
3156 4450 3299 4524 quia
3334 4448 3572 4505 Domini

1991 4645 2100 4714 (42)
2159 4637 2299 4694 Οὐδὲ
2347 4640 2437 4714 οἰχ
2473 4637 2624 4695 Editi
2670 4640 2758 4689 καὶ
2816 4636 3005 4714 o_i......
3039 4631 3135 4714 ουκ
3193 4627 3565 4714 ἀπολήγουσιν.

212 4702 348 4788 diu"
388 4716 546 4788 χρῆν,
576 4701 862 4788 (Ῑυω’ννζοκ
903 4728 1043 4767 cum
1074 4714 1569 4784 perincommode
1605 4716 1808 4788 posita.
1837 4707 1883 4763 D
1922 4701 2035 4773 Sed
2058 4701 2226 4787 sequi
2256 4711 2582 4768 maluimus
2608 4716 2725 4766 tres
2756 4707 3018 4780 optimos
3048 4708 3106 4759 et
3135 4701 3571 4759 vetustissimos

212 4776 473 4861 δίῃ-,φῶ
512 4776 619 4861 δεῖ
642 4782 1005 4861 pauloante
1035 4776 1358 4861 prtecessit,
1404 4802 1515 4842 nec
1554 4776 1626 4861 in‘
1648 4788 1805 4861 Harl.

209 4849 409 4925 codice
420 4849 779 4925 reperiatur,
798 4854 915 4909 nisi
930 4849 1198 4912 secunda
1217 4849 1426 4924 manu,
1448 4859 1661 4914 merito
1680 4860 1812 4915 visa

210 4925 293 4974 est
317 4922 604 4981 delenda.
656 4924 881 4981 Ibidem
916 4928 1041 4983 Vat.
1088 4932 1146 4983 et
1195 4928 1373 4983 Coisl.
1414 4922 1723 4985 secundus
1755 4936 1813 4987 et

212 4987 323 5111 2:10
354 4995 523 5081 Regii
544 4994 787 5052 codices
821 5012 835 5051 :
864 5002 974 5071 χρή
1007 5018 1126 5051 τινα
1153 5004 1244 5052 καὶ
1270 4998 1370 5053 ἀπὸ
1402 5008 1687 5074 προσώπου
1714 5021 1810 5054 πε·-

278 5082 476 5133 mm.

278 5138 394 5220 (39),
438 5138 1085 5220 'aptyvegt.__lta_tres
1133 5142 1523 5220 vetustissimi
1571 5143 1809 5220 codices

215 5206 609 5348 ἓῗίαέ
629 5210 780 5265 aliis.
798 5211 946 5267 Editi
965 5212 1381 5271 immutatione
1402 5231 1651 5288 prorsus
1679 5217 1808 5273 inu-

338 5321 345 5326 ν
385 5301 420 5330 δ’
448 5311 467 5331 z
592 5324 605 5335 .

280 5336 414 5417 (δέ)ζῖ
461 5354 801 5431 ama-tatam.
879 5359 959 5411 Ita
1040 5357 1210 5428 Med,
1275 5358 1449 5415 Coisl.
1533 5364 1804 5431 uterque,

226 5414 360 5467 Harl-
394 5438 593 5467 nrlmn
644 5440 826 5467 manu
862 5432 913 5467 nt
958 5430 1078 5467 Rno
1150 5430 1452 5467 cannnrlne
1508 5431 1653 5467 Prlili
1691 5429 1804 5467 Αδηη

233 5419 599 5537 [ἲὲξξῂρι-ἱωᾶ
643 5440 831 5481 manu
862 5432 918 5482 et
958 5430 1096 5498 Reg.
1150 5419 1472 5486 secundus.
1507 5431 1658 5487 Editi
1684 5419 1808 5484 ἓιαξ

297 5562 391 5615 Hm
430 5565 754 5622 Ἀπαντῶσι.
797 5570 934 5624 Post
962 5569 1076 5625 hoc
1112 5571 1361 5627 verbum
1394 5573 1533 5630 editi
1574 5574 1809 5631 addunt

240 5631 647 5721 ξζξιὶγηουκβοᾴ.
674 5640 1045 5721 haecdesunt
1070 5642 1130 5698 in
1150 5659 1252 5700 sex
1278 5660 1422 5701 mss.
1448 5651 1503 5702 et
1526 5646 1587 5701 in
1610 5647 1807 5718 prima

239 5698 466 5763 editione
498 5710 840 5767 Basileensi.

1917 4788 2354 4928 luminas...
2402 4874 2474 4911 τι.
2534 4852 2822 4928 Voculam
2880 4844 3227 4928 addidimus
3274 4860 3347 4900 ex
3395 4842 3568 4913 Med.,

1919 4919 2098 4995 Βάτις
2123 4919 2297 4982 Cois].
2325 4932 2423 4980 ιιι*
2476 4940 2580 4980 ἠε
2607 4928 2664 4980 et
2692 4926 2832 4993 Reg.
2866 4919 3157 4995 secundo.

1989 4987 2103 5070 (44)
2144 5000 2327 5061 Αεύτεν
2542 4987 3172 5070 ,ξῐὶοηεξνρειτζείθηεθε
3222 4987 3455 5068 addunt
3481 4987 3570 5036 καὶ

1918 5057 2241 5151 μιέράέερογ,
2271 5057 2301 5096 ί
2404 5082 2533 5123 nec
2557 5067 2620 5122 in
2647 5065 2814 5151 nullo
2842 5063 3050 5151 codice
3076 5078 3193 5151 ms.
3216 5057 3568 5151 reperimus,

1917 5127 2337 5269 ntique'etiam
2381 5142 2707 5195 occurrunt
2748 5137 2808 5192 in
2856 5134 3218 5192 editionibus
3275 5127 3569 5185 Basileen-

1920 5231 1969 5269 ει
2020 5231 2109 5269 us.

1920 5231 2109 5270 SlDllS.

1991 5286 2104 5357 (45)
2150 5286 2416 5357 Ἰσαάκης.
2461 5287 2545 5357 Ita
2589 5279 2765 5357 Cois],
2812 5280 3073 5357 primus,
3100 5272 3292 5357 llarl'”
3334 5270 3480 5357 Med.
3514 5272 3571 5357 et

1917 5345 2332 5429 Reg/primus
2375 5361 2433 5411 et
2483 5354 2669 5424 Bigot.
2713 5345 2879 5410 alter.
2928 5349 3078 5406 Editi
3106 5345 3388 5405 Ἰσαάκιος.
3421 5346 3573 5408 Qua-

1917 5434 2054 5484 tuor
2082 5428 2181 5485 alii
2216 5446 2359 5484 mss.
2396 5428 2669 5486 ’Imaaﬁxng.

1992 5501 2100 5568 (46)
2157 5505 2391 5572 Ταύτῃη
2435 5485 2703 5572 QuatuOr
2767 5512 2914 5572 mss.
2984 5505 3106 5572 non
3151 5485 3571 5572 ivetustissimi

1916 5558 2131 5632 τα-ὗτης.
2164 5574 2291 5627 Mox
2312 5558 2475 5625 'editi
2494 5577 2755 5632 παρεῖναι.
2796 5569 2930 5620 Tres
2973 5558 3364 5616 vetustissimi
3406 5558 3571 5615 codi-

1916 5659 2016 5699 ces
2045 5622 2183 5714 cum
2216 5640 2492 5714 pluribus
2522 5622 2651 5714 aiiis
2677 5644 2947 5711 περιεῖναι,

1986 5716 2006 5738 ·
2049 5708 2485 5769 Alias—CCLV“.
2516 5708 2749 5781 Scripta
2775 5721 2936 5764 anno
2966 5708 3089 5763 373.
