4062 6214
463 295 568 351 575

1837 288 1894 345 S.
1936 287 2021 342 BA
2032 283 2186 341 SlLlI
2222 284 2440 343 HAGNI

3713 295 3817 347 576

462 418 770 491 ﬂagellum
791 422 898 486 est,
932 415 1097 488 quod
1120 413 1573 471 accessionibus
1598 430 1710 487 pro
1740 412 1951 469 merito
1981 425 2114 465 nos-

2233 408 2359 462 Ἀλλ’
2436 409 2617 471 ἐπειδὴ
2697 412 2895 485 μάστιξ
2947 420 3038 465 νοῦ
3099 417 3295 489 Κυρίου
3338 412 3451 467 ἰστὶ
3491 417 3829 489 προσθήκαις

463 512 554 565 tro
584 508 825 564 dolores
856 506 1129 575 intendit,
1161 506 1218 560 in
1253 504 1535 560 morbum
1565 521 1633 561 ex
1668 503 1880 560 morbo
1911 499 2111 566 incidi,

465 596 619 652 adeo
659 602 724 652 ut
753 596 917 669 quod
968 594 1106 650 inde
1151 594 1554 666 consequitur,
1584 593 1677 649 vel
1708 608 1894 665 puero
1926 589 2116 646 mani-

465 685 684 742 festum
708 686 800 752 sit,
816 690 1088 741 nostrum
1108 683 1257 738 illud
1278 682 1758 752 integumentum
1775 680 2115 737 necessario

468 774 732 831 solutum
758 774 826 829 iri
852 791 865 841 ;
897 773 1016 828 nisi
1042 771 1190 828 forte
1222 773 1324 827 Dei
1355 771 1696 842 benignitas
1740 776 1979 841 tempus
2012 781 2115 821 no-

468 863 560 919 bis
592 878 701 935 pro
746 878 861 918 sua
890 861 1180 934 patientia
1206 860 1281 916 ad
1312 860 1721 932 paenitentiam
1754 856 2112 920 concedens,

467 952 687 1008 efﬁciat
737 952 917 1007 etiam
965 966 1148 1019 nunc,
1200 954 1262 1005 ut
1310 966 1472 1022 saepe
1519 955 1715 1017 antea,
1757 947 2117 1004 solutionem

467 1040 803 1113 quamdam
834 1044 891 1095 et
914 1040 1141 1095 exitum
1172 1054 1243 1094 ex
1274 1038 1449 1094 malis
1477 1035 2118 1094 inextricabilibus.At-

469 1145 585 1202 que
632 1130 761 1186 haec
806 1129 1075 1202 quidem,
1108 1134 1173 1184 ut
1206 1129 1258 1185 ei
1290 1133 1527 1198 gratum
1560 1132 1617 1183 et
1644 1126 1822 1182 nobis
1847 1125 2010 1195 utile,
2037 1124 2119 1179 ita

468 1234 532 1274 se
558 1218 893 1275 habebunt.

541 1403 595 1454 2.
623 1399 733 1452 Res
762 1400 965 1451 autem
996 1394 1410 1451 ecclesiasticae
1441 1394 1751 1468 quomodo
1782 1393 2035 1466 dilapsa;
2065 1396 2122 1448 et

469 1484 721 1559 proditae
768 1484 905 1552 sint,
937 1484 1086 1540 dum
1115 1500 1228 1541 nos
1266 1484 1525 1557 propriae
1566 1484 1898 1540 securitatis
1935 1497 2123 1539 causa

469 1589 607 1647 quae
633 1573 713 1630 ad
743 1573 1087 1646 proximum
1118 1573 1776 1644 attinentnegligimus,
1804 1589 1875 1629 ac
1903 1588 1979 1629 ne
2007 1572 2123 1627 hoc

470 1663 720 1736 quidem
751 1662 1076 1733 intelligere
1101 1680 1453 1737 possumus,
1488 1663 1669 1719 rebus
1694 1662 2121 1720 communibus

472 1752 628 1808 male
650 1751 1034 1821 cadentibus,
1052 1754 1319 1826 privatas
1343 1753 1520 1809 etiam
1543 1752 1719 1807 simul
1742 1752 1954 1825 perire,
1978 1750 2124 1824 quid

474 1841 680 1898 attinet
726 1841 821 1898 vel
867 1841 1117 1898 dicere?
1159 1842 1490 1898 Praesertim
1542 1842 1720 1911 228
1777 1840 1857 1897 ad
1905 1846 1982 1909 te,
2020 1840 2124 1914 qui

473 1934 690 1987 cuncta
717 1930 895 2001 longe
922 1935 1059 1987 ante
1088 1931 1426 2003 praevidens
1456 1933 1514 1986 et
1539 1929 1598 1985 in
1630 1934 2009 1986 antecessum
2042 1933 2124 1985 te-

474 2023 661 2076 status
689 2036 755 2076 es
789 2026 845 2076 et
887 2020 1228 2085 declarasti,
1266 2024 1324 2075 et
1353 2020 1516 2092 prior
1561 2019 1687 2091 ipse
1718 2018 2122 2087 exsurrexisti,

474 2112 532 2165 et
571 2108 719 2165 alios
766 2109 1052 2178 excitasti,
1098 2108 1322 2165 litteras
1375 2107 1662 2174 scribens,
1704 2123 1909 2164 coram
1949 2124 2124 2164 acce-

473 2196 644 2264 dens,
675 2198 823 2269 quid
846 2214 969 2253 non
996 2212 1202 2267 agens,
1223 2213 1409 2270 quam
1434 2213 1646 2254 vocem
1669 2213 1790 2253 non
1816 2196 2118 2254 emittens!

473 2286 741 2352 Quorum
771 2286 1019 2358 quidem
1046 2286 1456 2353 meminimus,
1489 2291 1554 2342 ut
1582 2302 1841 2360 quaeque
1870 2303 1964 2343 res
1994 2301 2125 2343 eve-

473 2374 579 2438 nit,
613 2374 720 2430 sed
761 2374 900 2431 inde
930 2375 1078 2430 nihil
1119 2375 1247 2446 jam
1288 2375 1673 2446 adjuvamur.
1702 2379 1869 2433 Nunc
1899 2380 2120 2437 autem,

474 2462 590 2519 nisi
633 2462 782 2519 mihi
821 2480 957 2521 mea
1010 2469 1258 2537 peccata
1312 2464 1684 2521 obstitissent
1728 2473 1821 2532 (ac
1858 2465 2124 2537 primum

474 2552 725 2626 quidem
745 2554 1229 2624 religiosissimus
1258 2570 1328 2610 ac
1358 2553 1782 2611 dilectissimus
1814 2554 1993 2611 frater
2019 2570 2127 2610 no-

476 2646 595 2699 ster
631 2643 977 2699 Eustathius
1023 2644 1435 2700 condiaconus
1472 2644 1533 2699 in
1567 2644 1849 2700 morbum
1880 2659 2125 2717 gravem

473 2732 783 2805 delapsus,
831 2737 985 2789 totos
1030 2748 1125 2789 me
1172 2734 1326 2789 duos
1372 2749 1611 2790 menses
1658 2734 1945 2799 distinuit,
1977 2734 2127 2791 dum

474 2821 635 2877 diem
667 2838 739 2877 ex
770 2822 866 2878 die
896 2821 1308 2879 valetudinem
1348 2822 1503 2879 illius
1545 2827 1829 2896 exspecto
1864 2841 1877 2879 :
1909 2822 2127 2880 deinde

473 2911 581 2984 qui
610 2927 850 2967 mecum
876 2916 1019 2969 sunt
1046 2928 1259 2968 omnes
1284 2917 1675 2985 (egrotarunt,
1708 2929 1968 2985 quorum
1992 2912 2127 2969 reli-

474 3000 650 3073 quias
690 3001 960 3059 narrabit
1006 3001 1186 3058 frater
1233 3005 1502 3072 lsaaces;
1543 3007 1850 3076 postremo
1884 3002 2129 3060 tandem

474 3104 589 3161 ego
627 3090 756 3163 ipse
803 3090 918 3147 hoc
951 3107 1084 3146 sum
1125 3091 1342 3148 morbo
1387 3093 1737 3164 correptus),
1764 3092 2130 3163 jamdudum

475 3179 642 3252 apud
664 3186 830 3236 tuam
850 3181 1261 3253 praestantiam
1284 3179 1496 3249 forem,
1514 3196 1637 3236 non
1659 3180 1838 3237 rebus
1865 3196 2133 3237 commu-

476 3267 658 3323 nibus
710 3268 1027 3341 quidpiam
1074 3268 1328 3326 atl‘erens
1375 3269 1788 3340 emolumenti,
1820 3270 1921 3326 sed
1964 3269 2136 3326 mihi-

478 3356 721 3428 metipsi
739 3356 974 3413 lucrum
997 3372 1119 3414 non
1143 3374 1399 3432 parvum
1424 3375 1497 3414 ex
1520 3363 1623 3415 tuo
1645 3374 1976 3430 congressu
1998 3373 2138 3415 con-

480 3445 707 3502 cilians.
739 3446 969 3502 Etenim
1000 3450 1327 3504 statueram
1365 3452 1533 3503 extra
1575 3447 1976 3505 ecclesiastica
2005 3463 2135 3504 esse

478 3533 615 3605 tela,
660 3550 731 3591 eo
779 3534 948 3608 quod
997 3535 1280 3609 imparati
1325 3536 1515 3592 simus
1560 3535 1851 3593 adversus
1879 3552 1952 3593 ea
1996 3552 2133 3609 qua

482 3627 795 3681 struuntur
843 3624 922 3680 ab
970 3624 1351 3681 adversariis.
1385 3626 1586 3682 Servet
1634 3630 1687 3683 te
1718 3625 2001 3682 omnibus
2024 3625 2133 3682 ho-

480 3712 748 3770 minibus
768 3729 992 3786 magna
1014 3714 1114 3770 Dei
1136 3730 1373 3783 manus,
1398 3729 1757 3786 generosum
1782 3714 1923 3771 ﬁdei
1942 3719 2135 3772 custo-

481 3803 644 3872 dem,
678 3820 749 3861 ac
780 3803 1127 3876 vigilantem
1170 3804 1573 3861 Ecclesiarum
1621 3804 2019 3874 defensorem,
2049 3804 2135 3860 di-

483 3907 759 3966 gnosque
796 3909 909 3950 nos
947 3893 1183 3962 efﬁciat,
1216 3894 1324 3967 qui
1353 3898 1454 3951 tuo
1486 3909 1813 3964 congressu
1842 3909 1915 3950 ac
1949 3893 2133 3951 collo-

482 3980 628 4053 quio
656 3983 794 4037 ante
822 3981 1055 4038 obitum
1077 3981 1157 4039 ad
1181 3982 1524 4038 animarum
1549 3986 1892 4038 nostrarum
1917 3981 2135 4039 utilita-

484 4071 603 4125 tem
632 4068 957 4141 potiemur.

553 4247 663 4329 (η)
687 4251 981 4329 Toaro._l_ta
1009 4264 1156 4304 mss.
1178 4252 1462 4329 quatuor.
1488 4249 1638 4329 ἔξάὶςὶ
1669 4251 1894 4329 τούτου..
1912 4250 2135 4329 Desunt

484 4319 603 4376 hoc
622 4319 756 4378 loco
776 4320 980 4377 multae
1009 4319 1273 4392 vocesin
1293 4320 1465 4390 Med.,
1488 4320 1645 4377 Harl.
1669 4325 1727 4376 et
1746 4320 1917 4392 Coisl.
1936 4321 2133 4392 primo

486 4392 549 4448 in
598 4392 824 4464 quibus
876 4392 1092 4462 legitur
1156 4391 1455 4462 οἰχήσεται,
1505 4408 1576 4448 ac
1639 4391 1860 4457 statim,
1907 4391 2134 4448 casteris

487 4463 750 4536 Omissis,
784 4464 830 4516 ἑν
860 4472 921 4536 τῇ
956 4464 1313 4536 μακροθυμίᾳ.

558 4535 670 4605 (48)
703 4534 905 4589 Δεινῶν.
938 4534 1111 4591 Coisl.
1140 4534 1371 4605 primus
1400 4542 1590 4589 κακῶν.

560 4603 669 4681 (49)
703 4610 1069 4681 Κακοπραγίᾳ.
1115 4603 1254 4677 Reg.
1288 4606 1589 4662 secundus
1628 4608 1685 4662 et
1708 4603 1880 4663 Coisl.
1916 4620 2133 4662 secun-

487 4672 604 4750 duis
634 4672 963 4750 υσπραγ’ἰᾳ.

561 4748 673 4819 (50)
693 4751 761 4800 Τὸ
782 4748 881 4821 μὲν
924 4748 1148 4820 πρῶτον.
1188 4751 1272 4804 Ita
1299 4765 1446 4805 mss.
1473 4748 1666 4804 Editio
1702 4753 1721 4804 ί
1759 4748 1941 4805 Paris.
1972 4751 2030 4802 τὸ
2060 4752 2132 4822 μὴ

487 4825 711 4874 πρῶτον.

527 4836 711 4961 Paci.
741 4893 1154 4966 Σκευωρούμενα.
1183 4962 1197 4966 _
1230 4891 1410 4966 Harl.,
1442 4961 1452 4966 _
1482 4890 1663 4966 Paris,
1741 4896 1799 4948 et
1877 4891 2135 4950 Clarom.

493 4961 921 5037 σκᾳιωρούμεναξ
956 4961 1142 5034 Hujus
1182 4962 1320 5037 loci,
1352 4961 1458 5035 qui
1487 4962 1898 5037 subobscurus
1928 4966 2045 5037 est.
2068 4978 2141 5037 ea

488 5032 725 5090 videtur
763 5032 896 5090 esse
948 5032 1261 5091 sententia.
1299 5032 1428 5091 Non
1474 5034 1619 5089 dicit
1662 5033 1909 5092 Basilius
1938 5033 2051 5090 sibi
2078 5033 2141 5089 in

489 5104 646 5161 votis
673 5120 804 5161 esse
831 5106 941 5162 iter
968 5108 1412 5174 Samosatense,
1445 5110 1509 5160 ut
1535 5108 1700 5161 extra
1731 5105 1844 5162 tela
1867 5104 2140 5161 inimico-

490 5190 626 5231 rum
648 5176 739 5233 sit.
765 5176 1081 5243 Quomodo
1106 5178 1267 5232 enim
1292 5176 1472 5233 tutior
1500 5175 1711 5232 fuisset
1734 5176 1794 5232 in
1824 5181 2027 5231 extera
2054 5190 2142 5231 re-

492 5247 726 5330 gione?
755 5248 1136 5330 {leniendum
1181 5248 1383 5330 potius
1428 5251 1555 5330 erat
1589 5246 1769 5330 .ne‘in
1795 5262 2038 5329 gregem
2071 5261 2142 5329 eo

493 5318 744 5377 absente
772 5319 896 5392 lupi
926 5316 1246 5388 irruerent;
1281 5318 1449 5392 quod
1479 5316 1809 5389 periculum
1841 5316 2143 5391 episcopis

2222 507 2340 561 ταῖς
2390 504 2525 553 κατὰ
2584 506 2678 560 τὴν
2735 504 2987 577 ἡμετέραν
3044 501 3192 565 ἀξίαν
3230 506 3288 555 τό
3346 501 3575 575 ἀλγεινόν
3638 502 3827 557 ίσιτεί-

2222 608 2407 658 νουσα,
2457 588 2723 644 ἀσθένειαν
2781 591 2863 645 ἐπὶ
2926 600 2988 665 τῇ
3059 592 3296 663 ἀσθενείᾳ
3352 597 3826 668 προσεκτησάμην,

2225 679 2357 731 ὥστε
2405 682 2463 732 τὸ
2521 679 2622 733 ἀπὸ
2677 684 2863 734 τούτου
2921 686 3012 734 καὶ
3061 679 3217 734 παιδὶ
3265 686 3475 758 φανερὸν
3529 682 3679 751 εἶναι,
3744 686 3827 737 ὅτι

2226 773 2375 820 πᾶσα
2402 767 2602 842 ἀνάγκη
2645 771 2970 843 οἰχήσεσθαι
3008 774 3133 844 ἡμῖν
3162 775 3221 823 τό
3266 771 3473 845 ἔλυτρον
3502 780 3655 825 τοῦτο
3687 774 3821 844 (47)·

2223 854 2356 914 πλὴν
2406 857 2448 909 εἰ
2488 863 2559 931 μή
2610 877 2710 911 που
2752 860 2855 934 ἄρα
2902 861 2931 917 ἡ
2984 866 3073 912 τοῦ
3117 866 3249 912 Θεοῦ
3288 858 3666 933 φιλανθρωπία,
3697 862 3826 933 ἡμῖν

2226 943 2274 996 ἐν
2326 954 2387 1018 τῇ
2445 950 2784 1021 μακροθυμίᾳ
2852 948 3012 1000 αὐτοῦ
3093 953 3320 1021 χρόνους
3402 949 3474 1010 εἰς
3548 952 3824 1022 μετάνοιαν

2225 1034 2575 1108 χαριζομένη,
2620 1040 2858 1095 ποιήσειε
2895 1042 2983 1089 καὶ
3009 1045 3117 1105 νῦν,
3159 1040 3229 1100 ὡς
3269 1042 3360 1090 καὶ
3400 1037 3650 1101 πολλάκις
3691 1044 3825 1114 πρό-

2224 1141 2387 1196 τερον,
2444 1123 2595 1177 λύσιν
2647 1127 2764 1178 τινὰ
2809 1130 2899 1178 καὶ
2951 1130 3109 1202 πόρον
3152 1125 3207 1179 ἐκ
3253 1134 3353 1179 τῶν
3390 1125 3679 1200 ἀμηχάνων
3714 1124 3826 1180 δει-

2223 1220 2322 1263 νῶν
2376 1214 2509 1285 (4-8).
2559 1221 2737 1267 Ταῦτα
2783 1219 2872 1288 μὲν
2926 1212 3013 1268 οὖν
3057 1216 3177 1281 ἔξει,
3238 1218 3306 1278 ὡς
3353 1216 3492 1288 αὐτῷ
3538 1216 3681 1289 φίλον
3735 1224 3831 1269 καί

2226 1304 2255 1360 ἡ
2266 1308 2353 1374 μῖν
2381 1307 2658 1377 συμφέρον.

2296 1396 2350 1449 2.
2403 1395 2481 1445 Τὰ
2528 1389 2589 1446 δὲ
2616 1402 2717 1446 τῶν
2760 1393 3045 1453 ἐκκλησιῶν
3071 1396 3206 1457 ὅπως
3259 1397 3467 1467 οἴχεται
3509 1399 3599 1447 καὶ
3627 1398 3829 1469 προπέ-

2227 1501 2403 1550 ποται,
2461 1484 2607 1555 ἡμῶν
2662 1493 2755 1545 τῆς
2810 1484 3000 1547 οἰκείας
3057 1482 3343 1557 ἀσφαλείας
3396 1485 3556 1537 ἕνεκεν
3602 1487 3668 1537 τὰ
3726 1492 3828 1536 τῶν

2229 1570 2452 1629 πλησίον
2499 1579 2875 1647 περιορώντων,
2905 1573 2996 1625 καί
3045 1571 3170 1626 οὐδὲ
3213 1581 3365 1626 τοῦτο
3400 1579 3621 1647 συνορᾷν
3670 1570 3827 1625 δυνας

2232 1665 2414 1732 μένων,
2465 1663 2545 1715 ὅτι
2599 1670 2660 1735 τῇ
2717 1671 2809 1715 τοῦ
2860 1670 3034 1715 κοινοῦ
3086 1668 3422 1738 κακοπραγίᾳ
3479 1662 3584 1733 (49)
3633 1668 3724 1715 καὶ
3769 1666 3829 1715 τό

2166 1759 2206 1813 Β
2232 1751 2352 1803 καθ’
2404 1753 2622 1803 ἕκαστον
2674 1751 3075 1821 συναπόλλυται,
3108 1756 3159 1804 τί
3204 1757 3313 1827 χρὴ
3349 1756 3439 1804 καὶ
3467 1750 3659 1823 λέγεινς
3710 1750 3832 1804 Ἄλ-

2232 1838 2327 1900 λως
2364 1858 2417 1892 τε
2464 1844 2555 1892 καὶ
2597 1844 2728 1913 πρός
2780 1838 2970 1915 ἄνδρα,
3030 1842 3099 1912 ὃς,
3157 1840 3418 1916 πόρρωθεν
3469 1842 3667 1893 ἕκαστα
3702 1860 3829 1915 προ-

2232 1925 2403 1997 ειδὼς,
2476 1934 2565 1982 καὶ
2631 1927 3069 2006 προδιεμαρτύρω
3131 1935 3221 1983 καὶ
3290 1930 3667 2006 προεκήρυξας,
3736 1935 3829 1983 καὶ

2233 2018 2389 2081 αὑτός
2437 2038 2489 2071 τε
2539 2019 2940 2093 προεξανέστης,
2993 2024 3085 2073 καὶ
3134 2023 3250 2081 τοὺς
3293 2018 3500 2080 λοιποὺς
3532 2025 3833 2092 συνεπηγειε-

2230 2127 2343 2183 ρας,
2389 2107 2715 2181 ἕπιστελλων,
2776 2108 2929 2171 αὐτὸς
2958 2113 3387 2185 παραγινόμενος,
3430 2113 3484 2161 τί
3528 2108 3587 2161 οὐ
3642 2118 3827 2182 ποιῶν,

2231 2201 2348 2249 τίνα
2408 2202 2576 2270 φωνὴν
2648 2198 2743 2251 οὐκ
2805 2197 3017 2272 ἀφιείςῐ
3078 2199 3173 2251 Ὧν
3248 2201 3554 2273 μεμνήμεθα
3616 2202 3706 2272 μὶν
3752 2198 3831 2272 ἐφ’

2232 2288 2435 2358 ἑκάστῳ
2485 2296 2584 2339 τῶν
2632 2286 2990 2354 ἐκϐαινόντων,
3042 2288 3372 2361 ὠφελούμεθα
3428 2285 3487 2341 δὲ
3526 2286 3615 2341 ἀπ’
3659 2288 3832 2340 αὐτῶν

2232 2376 2422 2429 οὐκέτι.
2474 2382 2574 2429 Καὶ
2611 2385 2699 2429 νῦν
2747 2378 2790 2430 εἰ
2844 2382 2915 2451 μὴ
2972 2380 3026 2430 αἱ
3065 2377 3320 2453 ἁμαρτίαι
3357 2376 3677 2436 ἂντέστησάν
3717 2397 3831 2451 μοι,

2231 2469 2322 2516 καὶ
2377 2467 2435 2516 τό
2489 2468 2578 2537 μὲν
2608 2473 2810 2540 πρῶτον
2840 2468 2954 2537 (50)
3006 2468 3031 2518 ὁ
3081 2465 3455 2528 εὐλαϐέστατος
3498 2471 3587 2518 καὶ
3626 2466 3835 2538 ἀγαπη-

2234 2557 2325 2616 τός
2371 2550 2588 2627 ἀδελφός
2619 2557 2764 2628 ἡμῶν
2796 2556 3087 2618 Εὐστάθιος
3117 2557 3143 2607 ό
3194 2552 3555 2621 συνδιάκονος,
3616 2554 3687 2616 εἰς
3744 2559 3835 2607 νό-

2238 2662 2327 2695 σον
2367 2643 2604 2715 χαλεπὴν
2634 2651 2964 2715 καταπεσὼν,
3000 2645 3072 2706 εἰς
3118 2644 3262 2706 ὅλους
3316 2663 3380 2718 με
3428 2641 3525 2697 δύο
3567 2649 3835 2718 παρέτεινε

2236 2740 2419 2804 μῆνας,
2452 2735 2649 2808 ἡμέραν
2688 2733 2741 2797 ἐξ
2795 2736 2994 2810 ἡμέρας
3039 2739 3134 2794 τὴν
3191 2738 3453 2809 σωτηρίαν
3501 2732 3661 2786 αὐτοῦ
3691 2753 3836 2807 περι-

2236 2827 2486 2896 μένονταο
2543 2825 2718 2877 ἔπειτα
2752 2821 2821 2877 δὲ
2860 2827 2909 2878 οἱ
2955 2828 3047 2877 σὺν
3097 2822 3210 2897 ἐμοὶ
3269 2826 3453 2885 πάντες
3509 2823 3831 2891 ἠσθένησαν,

2238 2913 2305 2964 ὧν
2358 2915 2425 2965 τὰ
2460 2916 2551 2986 μὲν
2606 2915 3004 2987 καταλείμματα
3076 2912 3483 2988 ἐξαριθμήσεται
3539 2914 3565 2964 ὁ
3616 2909 3836 2985 ἀδελφός

2239 3004 2522 3063 Ίσαάκης·
2569 3007 2627 3055 τό
2682 3000 2741 3056 δί
2779 3002 3066 3057 τελευταῖον
3107 3003 3255 3064 αὐτὸς
3303 3002 3405 3074 ἐγὼ
3457 3022 3518 3075 τη
3564 3006 3699 3074 νόσῳ
3745 3023 3837 3055 και

2174 3113 2213 3169 C
2240 3094 2467 3164 εσχέθην
2514 3094 2711 3167 ταύτῃ·
2763 3091 2870 3146 ἐπεὶ
2916 3092 3078 3146 πάλαι
3115 3090 3175 3144 ἂν
3229 3090 3366 3165 ἢμην
3404 3094 3549 3166 παρὰ
3588 3096 3680 3149 τὴν
3739 3096 3837 3150 σὴν

2240 3185 2539 3253 τιμιότητα,
2586 3181 2680 3234 οὐκ
2718 3182 2890 3255 ὄφελός
2951 3202 3002 3234 τι
3049 3188 3157 3244 τοῖς
3208 3188 3400 3243 κοινοῖς
3452 3184 3836 3255 παρεχόμενος,
3898 3184 3901 3185 ⁷

2244 3269 2349 3322 ἀλλ’
2395 3268 2602 3344 ἐμαυτῷ
2632 3276 2767 3345 μέγα
2814 3268 2996 3346 κέρδος
3047 3269 3101 3323 ἐκ
3130 3278 3221 3331 τῆς
3262 3274 3550 3343 συντυχίας
3582 3289 3675 3322 σου
3706 3276 3840 3322 κτῶ-

2241 3379 2409 3433 μενος.
2463 3366 2563 3414 Καὶ
2618 3364 2718 3435 γὰρ
2774 3360 3011 3434 ἐγνώκειν
3074 3360 3169 3424 ἔξω
3234 3368 3334 3412 τῶν
3387 3358 3837 3417 ἐκκλησιαστικῶν

2239 3452 2481 3522 γενέσθαι
2535 3449 2694 3523 βελῶν
2763 3447 2855 3503 διὰ
2906 3454 2965 3503 τό
3028 3449 3315 3523 ἀφύλακτον
3367 3449 3510 3521 ἡμῶν
3575 3451 3702 3523 πρὸς
3771 3450 3840 3501 τὰ

2244 3543 2638 3615 σκευωρούμενα
2805 3543 2950 3615 παρὰ
2993 3548 3093 3593 τῶν
3133 3538 3389 3594 ἐναντίων.
3437 3537 3601 3599 Σώζοι
3653 3557 3711 3590 σε
3764 3545 3838 3610 τῷ

2243 3628 2346 3702 βίῳ
2406 3635 2561 3683 παντί
2633 3631 2663 3689 ἡ
2727 3630 2923 3703 μεγάλη
2972 3636 3064 3682 τοῦ
3113 3635 3245 3683 Θεοῦ
3296 3632 3440 3702 χεὶρ,
3489 3630 3576 3679 τόν
3604 3636 3838 3699 γενναῖον

2242 3719 2446 3792 φύλακα
2492 3729 2588 3782 τῆς
2640 3724 2883 3789 πίστεως,
2943 3725 3034 3772 καὶ
3088 3723 3318 3791 νήφοντα
3366 3725 3465 3769 τῶν
3514 3716 3838 3774 Ἐκκλησιῶν

2239 3811 2542 3882 προστάτην
2568 3825 2582 3839 ⁶
2638 3813 2727 3863 καὶ
2769 3809 3134 3873 καταξιῶσειεν
3190 3809 3332 3881 ἡμᾶς
3377 3810 3477 3882 πρὸ
3515 3815 3606 3867 τῆς
3649 3802 3840 3869 ἐξόδου

2238 3906 2330 3959 τῆς
2353 3902 2642 3971 συντυχίας
2680 3919 2775 3954 σου
2801 3898 2877 3953 ἐπ’
2901 3898 3115 3972 ὠφελείᾳ
3138 3904 3239 3950 τῶν
3274 3896 3466 3969 ψυχῶν
3488 3897 3516 3954 ἡ
3523 3903 3653 3969 μῶν.

2240 4243 2347 4300 diu
2376 4240 2726 4298 absentibus
2754 4239 3068 4296 imminere
3096 4237 3178 4310 ait
3203 4235 3479 4310 pluribus
3515 4234 3683 4291 locis.
3732 4237 3845 4291 Ba-

2242 4316 2466 4373 tionem
2495 4328 2639 4382 ergo
2672 4311 2884 4382 reddit,
2917 4325 3025 4367 cur
3057 4308 3507 4382 colloquiumget
3549 4321 3846 4382 conspec:

2242 4390 2370 4443 tum
2401 4376 2640 4439 Eusebii
2667 4399 2785 4440 non
2818 4376 2896 4438 ad
2939 4376 3329 4438 communem
3362 4376 3849 4442 utilitatem,’sed

2170 4463 2215 4516 D
2243 4457 2322 4514 ad
2352 4455 2659 4529 propriam
2689 4453 3382 4535 profuturum‘speraret.
3418 4449 3757 4535 Cum‘e‘n‘im
3789 4448 3847 4504 ei

2242 4519 2484 4606 mutuas
2505 4519 2721 4606 operas
2736 4524 3002 4606 episcopi
3018 4523 3097 4580 ad
3117 4519 3506 4606 communem
3524 4519 3847 4606 utilitatem

2243 4615 2367 4657 non
2412 4590 2734 4672 traderent,
2774 4590 3077 4672 imparem
3126 4609 3203 4672 se_
3227 4591 3474 4649 videbat
3500 4590 3851 4672 evertendis

2245 4661 2733 4729 adversariorum
2775 4661 3361 4737 consiliis,isatisque
3399 4676 3691 4737 magnum
3727 4661 3852 4717 sibi

2246 4743 2509 4800 facturus
2536 4740 2891 4814 videbatur,
2934 4738 2986 4793 si
3023 4736 3138 4793 sibi
3165 4736 3292 4808 ipse
3320 4736 3657 4814 consulens
3672 4736 3856 4814 extra

2247 4829 2457 4871 eorum
2479 4811 2794 4886 telaesset,
2811 4825 2995 4883 seque
3015 4804 3235 4886 eorum
3248 4805 3612 4886 subduceret
3631 4804 3851 4886 furori,

2247 4886 2310 4942 id
2339 4883 2507 4958 quod
2537 4883 2716 4958 etiam
2743 4874 2993 4958 testatur
3012 4895 3198 4958 supra
3222 4879 3283 4958 in
3302 4875 3557 4958 epistola
3575 4874 3656 4931 ad
3678 4874 3859 4958 Urbi-

2249 4949 2409 5013 ciufn
2430 4955 2821 5011 monachum.
2844 4952 2938 5009 Sic
2959 4949 3164 5008 animo
3190 4949 3437 5006 affectus
3462 4949 3856 5003 Samosatam

2250 5026 2721 5102 cogitabatnon
2751 5022 3114 5102 communis,
3147 5020 3263 5102 sed
3284 5017 3539 5102 propriae
3556 5018 3859 5102 “utilitatis

2250 5087 2458 5157 causa.
2506 5097 2657 5154 Nihil
2675 5111 2936 5169 prorsus
2960 5087 3112 5169 vidit
3156 5093 3219 5149 in
3248 5087 3363 5169 hoc
3388 5087 3525 5169 loco
3551 5087 3863 5169 Comb’eti-

2251 5171 2395 5241 sius,
2424 5168 2528 5242 qui
2557 5169 2642 5224 sic
2670 5162 3188 5242 interpretandum
3232 5162 3445 5242 docet:
3479 5163 3862 5242 Putaveram

2252 5235 2491 5301 esse'm'e
2527 5245 2702 5298 extra
2728 5235 3265 5296 ecclesiasticarum
3293 5235 3435 5304 tela,
3456 5237 3567 5289 etc.
