  <div class='ocr_page' id='page_1' title='image "/cluster/home/n/w/nwhite01/storage/ocr_20150623/32/hvd.32044048207401/294.png"; bbox 0 0 4062 6214; ppageno 0'>
   <div class='ocr_carea' id='block_1_1' title="bbox 206 251 314 304">
    <p class='ocr_par' dir='ltr' id='par_1_1' title="bbox 206 251 314 304">
     <span class='ocr_line' id='line_1_1' title="bbox 206 251 314 304; baseline 0.019 -2"><span class='ocrx_word' id='word_1_1' title='bbox 206 251 314 304; x_wconf 85' lang='grc'>577</span> 
     </span>
    </p>
   </div>
   <div class='ocr_carea' id='block_1_2' title="bbox 747 372 1287 429">
    <p class='ocr_par' dir='ltr' id='par_1_2' title="bbox 747 372 1287 429">
     <span class='ocr_line' id='line_1_2' title="bbox 747 372 1287 429; baseline 0.009 -5"><span class='ocrx_word' id='word_1_2' title='bbox 747 376 1087 426; x_wconf 82' lang='grc' dir='ltr'>ΕΠΙΣΤΟΛΗ</span> <span class='ocrx_word' id='word_1_3' title='bbox 1126 372 1287 429; x_wconf 84' lang='grc' dir='ltr'>ΡΛΖ’.</span> 
     </span>
    </p>
   </div>
   <div class='ocr_carea' id='block_1_3' title="bbox 1128 245 2648 315">
    <p class='ocr_par' dir='ltr' id='par_1_3' title="bbox 1128 245 2648 315">
     <span class='ocr_line' id='line_1_3' title="bbox 1128 245 2648 315; baseline 0.007 -11"><span class='ocrx_word' id='word_1_4' title='bbox 1128 248 1613 306; x_wconf 80' lang='lat' dir='ltr'>EPISTOLARUM</span> <span class='ocrx_word' id='word_1_5' title='bbox 1649 245 1934 305; x_wconf 76' lang='lat' dir='ltr'>CLASSIS</span> <span class='ocrx_word' id='word_1_6' title='bbox 1970 249 2037 308; x_wconf 86' lang='lat' dir='ltr'>Il.</span> <span class='ocrx_word' id='word_1_7' title='bbox 2075 251 2288 312; x_wconf 86' lang='lat' dir='ltr'>EPIST.</span> <span class='ocrx_word' id='word_1_8' title='bbox 2330 257 2648 315; x_wconf 83' lang='lat' dir='ltr'>CXXXVIII.</span> 
     </span>
    </p>
   </div>
   <div class='ocr_carea' id='block_1_4' title="bbox 3483 271 3588 325">
    <p class='ocr_par' dir='ltr' id='par_1_4' title="bbox 3483 271 3588 325">
     <span class='ocr_line' id='line_1_4' title="bbox 3483 271 3588 325; baseline 0 0"><span class='ocrx_word' id='word_1_9' title='bbox 3483 271 3588 325; x_wconf 86' lang='lat'>578</span> 
     </span>
    </p>
   </div>
   <div class='ocr_carea' id='block_1_5' title="bbox 2413 383 3098 444">
    <p class='ocr_par' dir='ltr' id='par_1_5' title="bbox 2413 383 3098 444">
     <span class='ocr_line' id='line_1_5' title="bbox 2413 383 3098 444; baseline 0.009 -7"><span class='ocrx_word' id='word_1_10' title='bbox 2413 383 2745 439; x_wconf 82' lang='lat' dir='ltr'>EPISTOLA</span> <span class='ocrx_word' id='word_1_11' title='bbox 2784 385 3098 444; x_wconf 80' lang='lat' dir='ltr'><strong>CXXXVII&#39;.</strong></span> 
     </span>
    </p>
   </div>
   <div class='ocr_carea' id='block_1_6' title="bbox 209 480 3586 570">
    <p class='ocr_par' dir='ltr' id='par_1_6' title="bbox 209 480 3586 570">
     <span class='ocr_line' id='line_1_6' title="bbox 209 480 3586 570; baseline 0.005 -32"><span class='ocrx_word' id='word_1_12' title='bbox 209 482 489 570; x_wconf 54' lang='lat' dir='ltr'>Basilius</span> <span class='ocrx_word' id='word_1_13' title='bbox 521 496 669 570; x_wconf 51' lang='lat' dir='ltr'>cum,</span> <span class='ocrx_word' id='word_1_14' title='bbox 688 481 823 570; x_wconf 78' lang='lat' dir='ltr'>jam</span> <span class='ocrx_word' id='word_1_15' title='bbox 874 485 1063 570; x_wconf 79' lang='lat' dir='ltr'>totum</span> <span class='ocrx_word' id='word_1_16' title='bbox 1110 496 1367 570; x_wconf 73' lang='lat' dir='ltr'>mensem</span> <span class='ocrx_word' id='word_1_17' title='bbox 1398 481 1604 570; x_wconf 29' lang='lat' dir='ltr'>aquis“</span> <span class='ocrx_word' id='word_1_18' title='bbox 1624 480 1853 570; x_wconf 52' lang='lat' dir='ltr'>calidis</span> <span class='ocrx_word' id='word_1_19' title='bbox 1870 487 2383 570; x_wconf 27' lang='lat' dir='ltr'>curareturabac</span> <span class='ocrx_word' id='word_1_20' title='bbox 2414 490 2608 570; x_wconf 75' lang='lat' dir='ltr'>utitur</span> <span class='ocrx_word' id='word_1_21' title='bbox 2636 493 3038 570; x_wconf 73' lang='lat' dir='ltr'>excusatione,</span> <span class='ocrx_word' id='word_1_22' title='bbox 3073 510 3203 570; x_wconf 77' lang='lat' dir='ltr'>cur,</span> <span class='ocrx_word' id='word_1_23' title='bbox 3233 498 3586 570; x_wconf 79' lang='lat' dir='ltr'>Antipatro,</span> 
     </span>
    </p>
   </div>
   <div class='ocr_carea' id='block_1_7' title="bbox 284 552 3589 642">
    <p class='ocr_par' dir='ltr' id='par_1_7' title="bbox 284 552 3589 642">
     <span class='ocr_line' id='line_1_7' title="bbox 284 552 3589 642; baseline 0.007 -37"><span class='ocrx_word' id='word_1_24' title='bbox 284 552 1110 642; x_wconf 30' lang='lat' dir='ltr'>gubemiacul-alcapessente,</span> <span class='ocrx_word' id='word_1_25' title='bbox 1160 552 1775 642; x_wconf 9' lang='lat' dir='ltr'>adesser&#39;nno‘nhpossit.</span> <span class='ocrx_word' id='word_1_26' title='bbox 1802 554 1992 625; x_wconf 86' lang='lat' dir='ltr'>Rogat</span> <span class='ocrx_word' id='word_1_27' title='bbox 2030 562 2097 612; x_wconf 85' lang='lat' dir='ltr'>ut</span> <span class='ocrx_word' id='word_1_28' title='bbox 2136 552 2439 628; x_wconf 75' lang='lat' dir='ltr'>judicium</span> <span class='ocrx_word' id='word_1_29' title='bbox 2486 560 2559 617; x_wconf 88' lang='lat' dir='ltr'>de</span> <span class='ocrx_word' id='word_1_30' title='bbox 2596 562 2852 631; x_wconf 87' lang='lat' dir='ltr'>quodam</span> <span class='ocrx_word' id='word_1_31' title='bbox 2893 552 3202 623; x_wconf 56' lang='lat' dir='ltr'>Palladia”</span> <span class='ocrx_word' id='word_1_32' title='bbox 3234 552 3589 642; x_wconf 57' lang='lat' dir='ltr'>propinqua;</span> 
     </span>
    </p>
   </div>
   <div class='ocr_carea' id='block_1_8' title="bbox 286 623 1700 695">
    <p class='ocr_par' dir='ltr' id='par_1_8' title="bbox 286 623 1700 695">
     <span class='ocr_line' id='line_1_8' title="bbox 286 623 1700 695; baseline -0.001 -15"><span class='ocrx_word' id='word_1_33' title='bbox 286 640 412 681; x_wconf 56' lang='lat' dir='ltr'>sum</span> <span class='ocrx_word' id='word_1_34' title='bbox 441 625 680 695; x_wconf 85' lang='lat' dir='ltr'>negotio</span> <span class='ocrx_word' id='word_1_35' title='bbox 709 624 771 679; x_wconf 88' lang='lat' dir='ltr'>in</span> <span class='ocrx_word' id='word_1_36' title='bbox 798 623 1123 680; x_wconf 85' lang='lat' dir='ltr'>adventum</span> <span class='ocrx_word' id='word_1_37' title='bbox 1150 640 1323 681; x_wconf 90' lang='lat' dir='ltr'>suum</span> <span class='ocrx_word' id='word_1_38' title='bbox 1353 626 1700 695; x_wconf 81' lang='lat' dir='ltr'>di/feratur.</span> 
     </span>
    </p>
   </div>
   <div class='ocr_carea' id='block_1_9' title="bbox 876 747 1223 822">
    <p class='ocr_par' dir='ltr' id='par_1_9' title="bbox 876 747 1223 822">
     <span class='ocr_line' id='line_1_9' title="bbox 876 747 1223 822; baseline 0.012 -23"><span class='ocrx_word' id='word_1_39' title='bbox 876 747 1223 822; x_wconf 77' lang='grc' dir='ltr'>Ἀντιπάτρῳ.</span> 
     </span>
    </p>
   </div>
   <div class='ocr_carea' id='block_1_10' title="bbox 290 851 1828 928">
    <p class='ocr_par' dir='ltr' id='par_1_10' title="bbox 290 851 1828 928">
     <span class='ocr_line' id='line_1_10' title="bbox 290 851 1828 928; baseline -0.004 -18"><span class='ocrx_word' id='word_1_40' title='bbox 290 864 401 911; x_wconf 72' lang='grc' dir='ltr'>Νῦν</span> <span class='ocrx_word' id='word_1_41' title='bbox 446 874 536 928; x_wconf 91' lang='grc' dir='ltr'>μοι</span> <span class='ocrx_word' id='word_1_42' title='bbox 573 851 743 908; x_wconf 81' lang='grc' dir='ltr'>δοκῶν</span> <span class='ocrx_word' id='word_1_43' title='bbox 787 854 1019 927; x_wconf 81' lang='grc' dir='ltr'>μάλιστα</span> <span class='ocrx_word' id='word_1_44' title='bbox 1049 854 1458 908; x_wconf 76' lang='grc' dir='ltr'>ἑπαισθάνεσθαι</span> <span class='ocrx_word' id='word_1_45' title='bbox 1495 862 1586 915; x_wconf 80' lang='grc' dir='ltr'>τῆς</span> <span class='ocrx_word' id='word_1_46' title='bbox 1615 857 1828 926; x_wconf 83' lang='grc' dir='ltr'>ζημίας,</span> 
     </span>
    </p>
   </div>
   <div class='ocr_carea' id='block_1_11' title="bbox 222 940 1833 1019">
    <p class='ocr_par' dir='ltr' id='par_1_11' title="bbox 222 940 1833 1019">
     <span class='ocr_line' id='line_1_11' title="bbox 222 940 1833 1019; baseline -0.002 -22"><span class='ocrx_word' id='word_1_47' title='bbox 222 948 288 1006; x_wconf 70' lang='grc' dir='ltr'>ἣν</span> <span class='ocrx_word' id='word_1_48' title='bbox 342 948 577 1018; x_wconf 72' lang='grc' dir='ltr'>ὑπομένω</span> <span class='ocrx_word' id='word_1_49' title='bbox 619 940 712 996; x_wconf 78' lang='grc' dir='ltr'>διὰ</span> <span class='ocrx_word' id='word_1_50' title='bbox 760 947 819 996; x_wconf 89' lang='grc' dir='ltr'>τὸ</span> <span class='ocrx_word' id='word_1_51' title='bbox 863 943 1186 1019; x_wconf 57' lang='grc' dir='ltr'>ἀρρωστεῖν</span> <span class='ocrx_word' id='word_1_52' title='bbox 1222 946 1395 1019; x_wconf 76' lang='grc' dir='ltr'>ὁπότε,</span> <span class='ocrx_word' id='word_1_53' title='bbox 1430 940 1617 1017; x_wconf 81' lang='grc' dir='ltr'>ἀνδρὸς</span> <span class='ocrx_word' id='word_1_54' title='bbox 1665 946 1833 996; x_wconf 87' lang='grc' dir='ltr'>τοιού-</span> 
     </span>
    </p>
   </div>
   <div class='ocr_carea' id='block_1_12' title="bbox 221 1030 1835 1107">
    <p class='ocr_par' dir='ltr' id='par_1_12' title="bbox 221 1030 1835 1107">
     <span class='ocr_line' id='line_1_12' title="bbox 221 1030 1835 1107; baseline -0.002 -19"><span class='ocrx_word' id='word_1_55' title='bbox 221 1055 318 1088; x_wconf 92' lang='grc' dir='ltr'>του</span> <span class='ocrx_word' id='word_1_56' title='bbox 366 1040 458 1093; x_wconf 72' lang='grc' dir='ltr'>τὴν</span> <span class='ocrx_word' id='word_1_57' title='bbox 490 1030 742 1107; x_wconf 78' lang='grc' dir='ltr'>πατρίδα</span> <span class='ocrx_word' id='word_1_58' title='bbox 784 1034 930 1106; x_wconf 77' lang='grc' dir='ltr'>ἡμῶν</span> <span class='ocrx_word' id='word_1_59' title='bbox 976 1032 1265 1106; x_wconf 71' lang='grc' dir='ltr'>ἐφέποντας,</span> <span class='ocrx_word' id='word_1_60' title='bbox 1298 1034 1454 1095; x_wconf 78' lang='grc' dir='ltr'>αὐτὸς</span> <span class='ocrx_word' id='word_1_61' title='bbox 1491 1032 1697 1087; x_wconf 79' lang='grc' dir='ltr'>ἀπεῖναι</span> <span class='ocrx_word' id='word_1_62' title='bbox 1741 1030 1835 1085; x_wconf 77' lang='grc' dir='ltr'>διὰ</span> 
     </span>
    </p>
   </div>
   <div class='ocr_carea' id='block_1_13' title="bbox 218 1121 1836 1196">
    <p class='ocr_par' dir='ltr' id='par_1_13' title="bbox 218 1121 1836 1196">
     <span class='ocr_line' id='line_1_13' title="bbox 218 1121 1836 1196; baseline -0.001 -21"><span class='ocrx_word' id='word_1_63' title='bbox 218 1130 316 1182; x_wconf 71' lang='grc' dir='ltr'>τὴν</span> <span class='ocrx_word' id='word_1_64' title='bbox 383 1122 674 1196; x_wconf 74' lang='grc' dir='ltr'>ἐπιμέλειαν</span> <span class='ocrx_word' id='word_1_65' title='bbox 744 1129 837 1174; x_wconf 82' lang='grc' dir='ltr'>τοῦ</span> <span class='ocrx_word' id='word_1_66' title='bbox 904 1129 1143 1195; x_wconf 77' lang='grc' dir='ltr'>σώματος</span> <span class='ocrx_word' id='word_1_67' title='bbox 1218 1121 1608 1196; x_wconf 71' lang='grc' dir='ltr'>ἀναγκάζομαι.</span> <span class='ocrx_word' id='word_1_68' title='bbox 1679 1131 1836 1182; x_wconf 80' lang='grc' dir='ltr'>Μῆνα</span> 
     </span>
    </p>
   </div>
   <div class='ocr_carea' id='block_1_14' title="bbox 218 1209 1836 1289">
    <p class='ocr_par' dir='ltr' id='par_1_14' title="bbox 218 1209 1836 1289">
     <span class='ocr_line' id='line_1_14' title="bbox 218 1209 1836 1289; baseline -0.001 -24"><span class='ocrx_word' id='word_1_69' title='bbox 218 1216 324 1289; x_wconf 64' lang='grc' dir='ltr'>γὰρ</span> <span class='ocrx_word' id='word_1_70' title='bbox 377 1212 494 1265; x_wconf 82' lang='grc' dir='ltr'>ὅλον</span> <span class='ocrx_word' id='word_1_71' title='bbox 540 1209 649 1270; x_wconf 80' lang='grc' dir='ltr'>ἤδη</span> <span class='ocrx_word' id='word_1_72' title='bbox 690 1213 1120 1285; x_wconf 81' lang='grc' dir='ltr'>προσκαθέζομαι</span> <span class='ocrx_word' id='word_1_73' title='bbox 1151 1213 1263 1285; x_wconf 85' lang='lat'>(52)</span> <span class='ocrx_word' id='word_1_74' title='bbox 1304 1221 1368 1285; x_wconf 75' lang='grc' dir='ltr'>τῇ</span> <span class='ocrx_word' id='word_1_75' title='bbox 1429 1212 1483 1265; x_wconf 81' lang='grc' dir='ltr'>ἐκ</span> <span class='ocrx_word' id='word_1_76' title='bbox 1536 1221 1636 1265; x_wconf 86' lang='grc' dir='ltr'>τῶν</span> <span class='ocrx_word' id='word_1_77' title='bbox 1683 1212 1836 1265; x_wconf 82' lang='grc' dir='ltr'>αύτο-</span> 
     </span>
    </p>
   </div>
   <div class='ocr_carea' id='block_1_15' title="bbox 222 1297 1835 1376">
    <p class='ocr_par' dir='ltr' id='par_1_15' title="bbox 222 1297 1835 1376">
     <span class='ocr_line' id='line_1_15' title="bbox 222 1297 1835 1376; baseline -0.001 -21"><span class='ocrx_word' id='word_1_78' title='bbox 222 1312 364 1375; x_wconf 73' lang='grc' dir='ltr'>φυώς</span> <span class='ocrx_word' id='word_1_79' title='bbox 406 1304 610 1375; x_wconf 84' lang='grc' dir='ltr'>θερμῶν</span> <span class='ocrx_word' id='word_1_80' title='bbox 642 1302 758 1370; x_wconf 81' lang='lat'>(53)</span> <span class='ocrx_word' id='word_1_81' title='bbox 792 1297 1001 1353; x_wconf 77' lang='grc' dir='ltr'>ὑδάτων</span> <span class='ocrx_word' id='word_1_82' title='bbox 1050 1303 1319 1376; x_wconf 80' lang='grc' dir='ltr'>θεραπείᾳ,</span> <span class='ocrx_word' id='word_1_83' title='bbox 1348 1304 1414 1363; x_wconf 84' lang='grc' dir='ltr'>ὡς</span> <span class='ocrx_word' id='word_1_84' title='bbox 1459 1298 1525 1361; x_wconf 81' lang='grc' dir='ltr'>δή</span> <span class='ocrx_word' id='word_1_85' title='bbox 1575 1322 1628 1355; x_wconf 88' lang='grc' dir='ltr'>τι</span> <span class='ocrx_word' id='word_1_86' title='bbox 1666 1301 1835 1374; x_wconf 74' lang='grc' dir='ltr'>ὄφελος</span> 
     </span>
    </p>
   </div>
   <div class='ocr_carea' id='block_1_16' title="bbox 224 1386 1836 1454">
    <p class='ocr_par' dir='ltr' id='par_1_16' title="bbox 224 1386 1836 1454">
     <span class='ocr_line' id='line_1_16' title="bbox 224 1386 1836 1454; baseline -0.002 -8"><span class='ocrx_word' id='word_1_87' title='bbox 224 1393 452 1446; x_wconf 74' lang='grc' dir='ltr'>ἐντεῦθεν</span> <span class='ocrx_word' id='word_1_88' title='bbox 511 1390 655 1454; x_wconf 80' lang='grc' dir='ltr'>ἕξων.</span> <span class='ocrx_word' id='word_1_89' title='bbox 712 1388 897 1442; x_wconf 78' lang='grc' dir='ltr'>Ἔοικα</span> <span class='ocrx_word' id='word_1_90' title='bbox 957 1386 1015 1442; x_wconf 61' lang='grc' dir='ltr'>δὲ</span> <span class='ocrx_word' id='word_1_91' title='bbox 1082 1387 1329 1453; x_wconf 74' lang='grc' dir='ltr'>διακενῆς</span> <span class='ocrx_word' id='word_1_92' title='bbox 1380 1398 1549 1444; x_wconf 85' lang='grc' dir='ltr'>πονεῖν</span> <span class='ocrx_word' id='word_1_93' title='bbox 1606 1391 1691 1444; x_wconf 72' lang='grc' dir='ltr'>ἐπὶ</span> <span class='ocrx_word' id='word_1_94' title='bbox 1745 1399 1836 1452; x_wconf 86' lang='grc' dir='ltr'>τῆς</span> 
     </span>
    </p>
   </div>
   <div class='ocr_carea' id='block_1_17' title="bbox 225 1479 1836 1557">
    <p class='ocr_par' dir='ltr' id='par_1_17' title="bbox 225 1479 1836 1557">
     <span class='ocr_line' id='line_1_17' title="bbox 225 1479 1836 1557; baseline -0.001 -23"><span class='ocrx_word' id='word_1_95' title='bbox 225 1485 492 1557; x_wconf 81' lang='grc' dir='ltr'>ἐρημίας,</span> <span class='ocrx_word' id='word_1_96' title='bbox 559 1481 589 1539; x_wconf 79' lang='grc' dir='ltr'><strong>ἣ</strong></span> <span class='ocrx_word' id='word_1_97' title='bbox 651 1484 740 1532; x_wconf 83' lang='grc' dir='ltr'>καὶ</span> <span class='ocrx_word' id='word_1_98' title='bbox 796 1479 1011 1550; x_wconf 72' lang='grc' dir='ltr'>’γέλωτος</span> <span class='ocrx_word' id='word_1_99' title='bbox 1066 1487 1170 1541; x_wconf 88' lang='grc' dir='ltr'>τοῖς</span> <span class='ocrx_word' id='word_1_100' title='bbox 1226 1479 1435 1542; x_wconf 77' lang='grc' dir='ltr'>πολλοῖς</span> <span class='ocrx_word' id='word_1_101' title='bbox 1500 1480 1643 1544; x_wconf 79' lang='grc' dir='ltr'>ἄξιος</span> <span class='ocrx_word' id='word_1_102' title='bbox 1708 1479 1836 1534; x_wconf 82' lang='grc' dir='ltr'>εἶναι</span> 
     </span>
    </p>
   </div>
   <div class='ocr_carea' id='block_1_18' title="bbox 227 1565 1836 1644">
    <p class='ocr_par' dir='ltr' id='par_1_18' title="bbox 227 1565 1836 1644">
     <span class='ocr_line' id='line_1_18' title="bbox 227 1565 1836 1644; baseline 0.001 -22"><span class='ocrx_word' id='word_1_103' title='bbox 227 1572 543 1644; x_wconf 66' lang='grc' dir='ltr'>φαίνεσθαι,</span> <span class='ocrx_word' id='word_1_104' title='bbox 596 1565 735 1641; x_wconf 68' lang='grc' dir='ltr'>μηδὲ</span> <span class='ocrx_word' id='word_1_105' title='bbox 787 1578 879 1629; x_wconf 78' lang='grc' dir='ltr'>τῆς</span> <span class='ocrx_word' id='word_1_106' title='bbox 934 1575 1217 1644; x_wconf 74' lang='grc' dir='ltr'>παροιμίας</span> <span class='ocrx_word' id='word_1_107' title='bbox 1272 1569 1473 1623; x_wconf 81' lang='grc' dir='ltr'>ἁκούων</span> <span class='ocrx_word' id='word_1_108' title='bbox 1530 1581 1626 1631; x_wconf 82' lang='grc' dir='ltr'>τῆς</span> <span class='ocrx_word' id='word_1_109' title='bbox 1684 1568 1836 1624; x_wconf 76' lang='grc' dir='ltr'>ούδεν</span> 
     </span>
    </p>
   </div>
   <div class='ocr_carea' id='block_1_19' title="bbox 230 1654 1832 1733">
    <p class='ocr_par' dir='ltr' id='par_1_19' title="bbox 230 1654 1832 1733">
     <span class='ocr_line' id='line_1_19' title="bbox 230 1654 1832 1733; baseline 0 -21"><span class='ocrx_word' id='word_1_110' title='bbox 230 1658 328 1712; x_wconf 74' lang='grc' dir='ltr'>ἀπὸ</span> <span class='ocrx_word' id='word_1_111' title='bbox 385 1661 589 1733; x_wconf 81' lang='grc' dir='ltr'>θερμῶν</span> <span class='ocrx_word' id='word_1_112' title='bbox 642 1657 816 1730; x_wconf 77' lang='grc' dir='ltr'>ὄφελος</span> <span class='ocrx_word' id='word_1_113' title='bbox 875 1654 1005 1710; x_wconf 86' lang='grc' dir='ltr'>εἶναι</span> <span class='ocrx_word' id='word_1_114' title='bbox 1062 1666 1173 1721; x_wconf 89' lang='grc' dir='ltr'>τοῖς</span> <span class='ocrx_word' id='word_1_115' title='bbox 1230 1662 1506 1717; x_wconf 79' lang='grc' dir='ltr'>τεθνηκόσι</span> <span class='ocrx_word' id='word_1_116' title='bbox 1556 1660 1832 1732; x_wconf 74' lang='grc' dir='ltr'>λεγούσης.</span> 
     </span>
    </p>
   </div>
   <div class='ocr_carea' id='block_1_20' title="bbox 229 1746 1834 1823">
    <p class='ocr_par' dir='ltr' id='par_1_20' title="bbox 229 1746 1834 1823">
     <span class='ocr_line' id='line_1_20' title="bbox 229 1746 1834 1823; baseline 0 -21"><span class='ocrx_word' id='word_1_117' title='bbox 229 1754 413 1823; x_wconf 84' lang='grc' dir='ltr'>Διόπερ</span> <span class='ocrx_word' id='word_1_118' title='bbox 455 1768 548 1800; x_wconf 91' lang='grc' dir='ltr'>και</span> <span class='ocrx_word' id='word_1_119' title='bbox 578 1748 739 1808; x_wconf 77' lang='grc' dir='ltr'>οὕτως</span> <span class='ocrx_word' id='word_1_120' title='bbox 783 1750 920 1820; x_wconf 81' lang='grc' dir='ltr'>ἔχων</span> <span class='ocrx_word' id='word_1_121' title='bbox 952 1746 1212 1821; x_wconf 81' lang='grc' dir='ltr'>βούλομαι</span> <span class='ocrx_word' id='word_1_122' title='bbox 1245 1751 1415 1801; x_wconf 79' lang='grc' dir='ltr'>πάντα</span> <span class='ocrx_word' id='word_1_123' title='bbox 1442 1754 1627 1823; x_wconf 78' lang='grc' dir='ltr'>παρεὶς</span> <span class='ocrx_word' id='word_1_124' title='bbox 1671 1770 1834 1802; x_wconf 83' lang='grc' dir='ltr'>κατα-</span> 
     </span>
    </p>
   </div>
   <div class='ocr_carea' id='block_1_21' title="bbox 225 1838 1837 1913">
    <p class='ocr_par' dir='ltr' id='par_1_21' title="bbox 225 1838 1837 1913">
     <span class='ocr_line' id='line_1_21' title="bbox 225 1838 1837 1913; baseline 0.001 -22"><span class='ocrx_word' id='word_1_125' title='bbox 225 1838 401 1891; x_wconf 75' lang='grc' dir='ltr'>λαϐεῖν</span> <span class='ocrx_word' id='word_1_126' title='bbox 472 1857 570 1890; x_wconf 91' lang='grc' dir='ltr'>σου</span> <span class='ocrx_word' id='word_1_127' title='bbox 635 1841 729 1895; x_wconf 76' lang='grc' dir='ltr'>τὴν</span> <span class='ocrx_word' id='word_1_128' title='bbox 784 1841 1186 1913; x_wconf 78' lang='grc' dir='ltr'>σεμνοπρέπειαν</span> <span class='ocrx_word' id='word_1_129' title='bbox 1216 1859 1228 1872; x_wconf 95' lang='grc'><strong>·</strong></span> <span class='ocrx_word' id='word_1_130' title='bbox 1288 1840 1421 1891; x_wconf 82' lang='grc' dir='ltr'>ὥστε</span> <span class='ocrx_word' id='word_1_131' title='bbox 1475 1846 1575 1891; x_wconf 86' lang='grc' dir='ltr'>τῶν</span> <span class='ocrx_word' id='word_1_132' title='bbox 1633 1839 1682 1892; x_wconf 79' lang='grc' dir='ltr'>ἐν</span> <span class='ocrx_word' id='word_1_133' title='bbox 1753 1844 1837 1893; x_wconf 86' lang='grc' dir='ltr'>σοὶ</span> 
     </span>
    </p>
   </div>
   <div class='ocr_carea' id='block_1_22' title="bbox 228 1924 1836 2002">
    <p class='ocr_par' dir='ltr' id='par_1_22' title="bbox 228 1924 1836 2002">
     <span class='ocr_line' id='line_1_22' title="bbox 228 1924 1836 2002; baseline 0.001 -22"><span class='ocrx_word' id='word_1_134' title='bbox 228 1928 398 1980; x_wconf 80' lang='grc' dir='ltr'>καλῶν</span> <span class='ocrx_word' id='word_1_135' title='bbox 445 1926 743 1993; x_wconf 76' lang='grc' dir='ltr'>ἀπολαύειν,</span> <span class='ocrx_word' id='word_1_136' title='bbox 770 1931 861 1978; x_wconf 85' lang='grc' dir='ltr'>καὶ</span> <span class='ocrx_word' id='word_1_137' title='bbox 903 1928 968 1979; x_wconf 85' lang='grc' dir='ltr'>τὰ</span> <span class='ocrx_word' id='word_1_138' title='bbox 1004 1929 1138 1979; x_wconf 82' lang='grc' dir='ltr'>κατά</span> <span class='ocrx_word' id='word_1_139' title='bbox 1183 1929 1269 1980; x_wconf 88' lang='grc' dir='ltr'>τὸν</span> <span class='ocrx_word' id='word_1_140' title='bbox 1315 1924 1454 1980; x_wconf 86' lang='grc' dir='ltr'>οἷκον</span> <span class='ocrx_word' id='word_1_141' title='bbox 1487 1931 1571 1980; x_wconf 85' lang='grc' dir='ltr'>τόν</span> <span class='ocrx_word' id='word_1_142' title='bbox 1611 1926 1836 2002; x_wconf 71' lang='grc' dir='ltr'>ἕμαυσοῦ</span> 
     </span>
    </p>
   </div>
   <div class='ocr_carea' id='block_1_23' title="bbox 228 2012 1837 2089">
    <p class='ocr_par' dir='ltr' id='par_1_23' title="bbox 228 2012 1837 2089">
     <span class='ocr_line' id='line_1_23' title="bbox 228 2012 1837 2089; baseline 0.001 -21"><span class='ocrx_word' id='word_1_143' title='bbox 228 2019 523 2089; x_wconf 66' lang='grc' dir='ltr'>πράγματα</span> <span class='ocrx_word' id='word_1_144' title='bbox 578 2012 673 2067; x_wconf 70' lang='grc' dir='ltr'>διὰ</span> <span class='ocrx_word' id='word_1_145' title='bbox 727 2023 822 2075; x_wconf 77' lang='grc' dir='ltr'>τῆς</span> <span class='ocrx_word' id='word_1_146' title='bbox 872 2022 968 2076; x_wconf 77' lang='grc' dir='ltr'>σῆς</span> <span class='ocrx_word' id='word_1_147' title='bbox 1020 2014 1297 2089; x_wconf 84' lang='grc' dir='ltr'>ὀρθότητος</span> <span class='ocrx_word' id='word_1_148' title='bbox 1348 2015 1609 2088; x_wconf 73' lang='grc' dir='ltr'>εὐπρεπῶς</span> <span class='ocrx_word' id='word_1_149' title='bbox 1664 2013 1837 2069; x_wconf 80' lang='grc' dir='ltr'>διαθέ-</span> 
     </span>
    </p>
   </div>
   <div class='ocr_carea' id='block_1_24' title="bbox 232 2100 1917 2196">
    <p class='ocr_par' dir='ltr' id='par_1_24' title="bbox 232 2100 1917 2196">
     <span class='ocr_line' id='line_1_24' title="bbox 232 2100 1917 2196; baseline -0.001 -38"><span class='ocrx_word' id='word_1_150' title='bbox 232 2108 377 2159; x_wconf 82' lang='grc' dir='ltr'>σθαι.</span> <span class='ocrx_word' id='word_1_151' title='bbox 445 2105 596 2176; x_wconf 81' lang='grc' dir='ltr'>Ἐμὸς</span> <span class='ocrx_word' id='word_1_152' title='bbox 644 2106 743 2179; x_wconf 68' lang='grc' dir='ltr'>’γὰρ</span> <span class='ocrx_word' id='word_1_153' title='bbox 786 2103 925 2156; x_wconf 73' lang='grc' dir='ltr'>ἐστιν</span> <span class='ocrx_word' id='word_1_154' title='bbox 971 2100 1108 2164; x_wconf 78' lang='grc' dir='ltr'>ἴδιος</span> <span class='ocrx_word' id='word_1_155' title='bbox 1155 2106 1181 2156; x_wconf 92' lang='lat'>6</span> <span class='ocrx_word' id='word_1_156' title='bbox 1232 2113 1323 2165; x_wconf 84' lang='grc' dir='ltr'>τῆς</span> <span class='ocrx_word' id='word_1_157' title='bbox 1372 2106 1686 2177; x_wconf 78' lang='grc' dir='ltr'>σεμνοτάτης</span> <span class='ocrx_word' id='word_1_158' title='bbox 1739 2126 1838 2179; x_wconf 83' lang='grc' dir='ltr'>μη·</span> <span class='ocrx_word' id='word_1_159' title='bbox 1876 2141 1917 2196; x_wconf 78' lang='grc' dir='ltr'><strong>Β</strong></span> 
     </span>
    </p>
   </div>
   <div class='ocr_carea' id='block_1_25' title="bbox 228 2190 1839 2269">
    <p class='ocr_par' dir='ltr' id='par_1_25' title="bbox 228 2190 1839 2269">
     <span class='ocr_line' id='line_1_25' title="bbox 228 2190 1839 2269; baseline 0.001 -21"><span class='ocrx_word' id='word_1_160' title='bbox 228 2200 344 2269; x_wconf 84' lang='grc' dir='ltr'>τρὸ-ς</span> <span class='ocrx_word' id='word_1_161' title='bbox 388 2198 539 2267; x_wconf 73' lang='grc' dir='ltr'>ἡμῶν</span> <span class='ocrx_word' id='word_1_162' title='bbox 595 2190 898 2257; x_wconf 78' lang='grc' dir='ltr'>Παλλαδίας</span> <span class='ocrx_word' id='word_1_163' title='bbox 950 2190 1121 2256; x_wconf 77' lang='grc' dir='ltr'>οἶκοςο</span> <span class='ocrx_word' id='word_1_164' title='bbox 1168 2194 1229 2253; x_wconf 84' lang='grc' dir='ltr'>ἣν</span> <span class='ocrx_word' id='word_1_165' title='bbox 1259 2195 1318 2247; x_wconf 80' lang='grc' dir='ltr'>ού</span> <span class='ocrx_word' id='word_1_166' title='bbox 1357 2199 1511 2268; x_wconf 90' lang='grc' dir='ltr'>μόνον</span> <span class='ocrx_word' id='word_1_167' title='bbox 1558 2198 1587 2254; x_wconf 76' lang='grc' dir='ltr'>ἡ</span> <span class='ocrx_word' id='word_1_168' title='bbox 1628 2204 1719 2249; x_wconf 77' lang='grc' dir='ltr'>τοῦ</span> <span class='ocrx_word' id='word_1_169' title='bbox 1755 2202 1839 2269; x_wconf 74' lang='grc' dir='ltr'>γέ-</span> 
     </span>
    </p>
   </div>
   <div class='ocr_carea' id='block_1_26' title="bbox 229 2283 1840 2356">
    <p class='ocr_par' dir='ltr' id='par_1_26' title="bbox 229 2283 1840 2356">
     <span class='ocr_line' id='line_1_26' title="bbox 229 2283 1840 2356; baseline 0.001 -19"><span class='ocrx_word' id='word_1_170' title='bbox 229 2304 343 2345; x_wconf 84' lang='grc' dir='ltr'>νους</span> <span class='ocrx_word' id='word_1_171' title='bbox 408 2283 670 2345; x_wconf 74' lang='grc' dir='ltr'>οἰκειότης</span> <span class='ocrx_word' id='word_1_172' title='bbox 733 2284 861 2356; x_wconf 80' lang='grc' dir='ltr'>ἡμῖν</span> <span class='ocrx_word' id='word_1_173' title='bbox 924 2286 1172 2336; x_wconf 75' lang='grc' dir='ltr'>συνάπτει</span> <span class='ocrx_word' id='word_1_174' title='bbox 1201 2327 1214 2350; x_wconf 95' lang='grc'>,</span> <span class='ocrx_word' id='word_1_175' title='bbox 1279 2283 1407 2336; x_wconf 83' lang='grc' dir='ltr'>ἀλλὰ</span> <span class='ocrx_word' id='word_1_176' title='bbox 1470 2290 1559 2337; x_wconf 84' lang='grc' dir='ltr'>καὶ</span> <span class='ocrx_word' id='word_1_177' title='bbox 1622 2288 1681 2338; x_wconf 85' lang='grc' dir='ltr'>τὸ</span> <span class='ocrx_word' id='word_1_178' title='bbox 1746 2292 1840 2338; x_wconf 83' lang='grc' dir='ltr'>τοῦ</span> 
     </span>
    </p>
   </div>
   <div class='ocr_carea' id='block_1_27' title="bbox 231 2369 1829 2449">
    <p class='ocr_par' dir='ltr' id='par_1_27' title="bbox 231 2369 1829 2449">
     <span class='ocr_line' id='line_1_27' title="bbox 231 2369 1829 2449; baseline 0.001 -22"><span class='ocrx_word' id='word_1_179' title='bbox 231 2380 429 2449; x_wconf 83' lang='grc' dir='ltr'>τρόπου</span> <span class='ocrx_word' id='word_1_180' title='bbox 499 2369 669 2435; x_wconf 79' lang='grc' dir='ltr'>δεξιὸν</span> <span class='ocrx_word' id='word_1_181' title='bbox 726 2370 838 2424; x_wconf 74' lang='grc' dir='ltr'>ἀντὶ</span> <span class='ocrx_word' id='word_1_182' title='bbox 898 2376 1098 2447; x_wconf 88' lang='grc' dir='ltr'>μητρὸς</span> <span class='ocrx_word' id='word_1_183' title='bbox 1158 2374 1283 2445; x_wconf 80' lang='grc' dir='ltr'>ἡμῖν</span> <span class='ocrx_word' id='word_1_184' title='bbox 1344 2370 1473 2427; x_wconf 86' lang='grc' dir='ltr'>εἶναι</span> <span class='ocrx_word' id='word_1_185' title='bbox 1528 2379 1829 2433; x_wconf 86' lang='grc' dir='ltr'>πεποίηκεν.</span> 
     </span>
    </p>
   </div>
   <div class='ocr_carea' id='block_1_28' title="bbox 233 2459 1839 2538">
    <p class='ocr_par' dir='ltr' id='par_1_28' title="bbox 233 2459 1839 2538">
     <span class='ocr_line' id='line_1_28' title="bbox 233 2459 1839 2538; baseline 0.001 -22"><span class='ocrx_word' id='word_1_186' title='bbox 233 2464 374 2518; x_wconf 79' lang='grc' dir='ltr'>Ἐπεὶ</span> <span class='ocrx_word' id='word_1_187' title='bbox 403 2459 497 2515; x_wconf 73' lang='grc' dir='ltr'>οὖν</span> <span class='ocrx_word' id='word_1_188' title='bbox 537 2465 806 2521; x_wconf 78' lang='grc' dir='ltr'>κεκίνηταί</span> <span class='ocrx_word' id='word_1_189' title='bbox 848 2466 921 2523; x_wconf 85' lang='grc' dir='ltr'>τίς</span> <span class='ocrx_word' id='word_1_190' title='bbox 960 2467 1169 2537; x_wconf 83' lang='grc' dir='ltr'>ταραχὴ</span> <span class='ocrx_word' id='word_1_191' title='bbox 1200 2468 1317 2538; x_wconf 85' lang='grc' dir='ltr'>περὶ</span> <span class='ocrx_word' id='word_1_192' title='bbox 1355 2466 1442 2515; x_wconf 88' lang='grc' dir='ltr'>τὸν</span> <span class='ocrx_word' id='word_1_193' title='bbox 1488 2462 1627 2516; x_wconf 82' lang='grc' dir='ltr'>οἷκον</span> <span class='ocrx_word' id='word_1_194' title='bbox 1655 2464 1839 2535; x_wconf 73' lang='grc' dir='ltr'>αὐτῆς,</span> 
     </span>
    </p>
   </div>
   <div class='ocr_carea' id='block_1_29' title="bbox 236 2549 1841 2624">
    <p class='ocr_par' dir='ltr' id='par_1_29' title="bbox 236 2549 1841 2624">
     <span class='ocr_line' id='line_1_29' title="bbox 236 2549 1841 2624; baseline 0 -21"><span class='ocrx_word' id='word_1_195' title='bbox 236 2553 480 2624; x_wconf 74' lang='grc' dir='ltr'>ὰξιοῦμέν</span> <span class='ocrx_word' id='word_1_196' title='bbox 513 2570 610 2603; x_wconf 89' lang='grc' dir='ltr'>σου</span> <span class='ocrx_word' id='word_1_197' title='bbox 654 2554 748 2609; x_wconf 78' lang='grc' dir='ltr'>τὴν</span> <span class='ocrx_word' id='word_1_198' title='bbox 791 2549 1129 2622; x_wconf 75' lang='grc' dir='ltr'>μεγαλόνοιαν</span> <span class='ocrx_word' id='word_1_199' title='bbox 1170 2554 1357 2624; x_wconf 88' lang='grc' dir='ltr'>μικρὸν</span> <span class='ocrx_word' id='word_1_200' title='bbox 1404 2553 1721 2621; x_wconf 77' lang='grc' dir='ltr'>ὑπερθέσθαι</span> <span class='ocrx_word' id='word_1_201' title='bbox 1748 2558 1841 2611; x_wconf 79' lang='grc' dir='ltr'>τὴν</span> 
     </span>
    </p>
   </div>
   <div class='ocr_carea' id='block_1_30' title="bbox 238 2638 1842 2716">
    <p class='ocr_par' dir='ltr' id='par_1_30' title="bbox 238 2638 1842 2716">
     <span class='ocr_line' id='line_1_30' title="bbox 238 2638 1842 2716; baseline -0.001 -22"><span class='ocrx_word' id='word_1_202' title='bbox 238 2643 501 2706; x_wconf 76' lang='grc' dir='ltr'>ἐξέτασιν,</span> <span class='ocrx_word' id='word_1_203' title='bbox 547 2644 639 2692; x_wconf 82' lang='grc' dir='ltr'>καὶ</span> <span class='ocrx_word' id='word_1_204' title='bbox 688 2638 959 2711; x_wconf 76' lang='grc' dir='ltr'>ἀναμεῖναι</span> <span class='ocrx_word' id='word_1_205' title='bbox 1008 2642 1155 2712; x_wconf 82' lang='grc' dir='ltr'>ἡμῶν</span> <span class='ocrx_word' id='word_1_206' title='bbox 1210 2645 1305 2696; x_wconf 76' lang='grc' dir='ltr'>τήν</span> <span class='ocrx_word' id='word_1_207' title='bbox 1361 2646 1678 2716; x_wconf 82' lang='grc' dir='ltr'>παρουσίαν,</span> <span class='ocrx_word' id='word_1_208' title='bbox 1737 2641 1842 2713; x_wconf 82' lang='grc' dir='ltr'>ούχ</span> 
     </span>
    </p>
   </div>
   <div class='ocr_carea' id='block_1_31' title="bbox 238 2725 1842 2804">
    <p class='ocr_par' dir='ltr' id='par_1_31' title="bbox 238 2725 1842 2804">
     <span class='ocr_line' id='line_1_31' title="bbox 238 2725 1842 2804; baseline 0 -21"><span class='ocrx_word' id='word_1_209' title='bbox 238 2735 370 2783; x_wconf 78' lang='grc' dir='ltr'>ὥστε</span> <span class='ocrx_word' id='word_1_210' title='bbox 396 2728 761 2804; x_wconf 75' lang='grc' dir='ltr'>διαφθαρῆναι</span> <span class='ocrx_word' id='word_1_211' title='bbox 796 2731 857 2780; x_wconf 89' lang='grc' dir='ltr'>τὸ</span> <span class='ocrx_word' id='word_1_212' title='bbox 889 2725 1096 2781; x_wconf 82' lang='grc' dir='ltr'>δίκαιον</span> <span class='ocrx_word' id='word_1_213' title='bbox 1119 2729 1392 2803; x_wconf 73' lang='grc' dir='ltr'>(μυριάκις</span> <span class='ocrx_word' id='word_1_214' title='bbox 1418 2735 1516 2802; x_wconf 70' lang='grc' dir='ltr'>γῆν</span> <span class='ocrx_word' id='word_1_215' title='bbox 1546 2729 1606 2781; x_wconf 81' lang='grc' dir='ltr'>ἂν</span> <span class='ocrx_word' id='word_1_216' title='bbox 1637 2729 1842 2783; x_wconf 82' lang='grc' dir='ltr'>ἀποθα-</span> 
     </span>
    </p>
   </div>
   <div class='ocr_carea' id='block_1_32' title="bbox 238 2816 1842 2894">
    <p class='ocr_par' dir='ltr' id='par_1_32' title="bbox 238 2816 1842 2894">
     <span class='ocr_line' id='line_1_32' title="bbox 238 2816 1842 2894; baseline 0 -21"><span class='ocrx_word' id='word_1_217' title='bbox 238 2827 333 2873; x_wconf 83' lang='grc' dir='ltr'>νεῖν</span> <span class='ocrx_word' id='word_1_218' title='bbox 364 2820 603 2891; x_wconf 76' lang='grc' dir='ltr'>ἑλοίμην,</span> <span class='ocrx_word' id='word_1_219' title='bbox 636 2819 667 2876; x_wconf 77' lang='grc' dir='ltr'><strong>ἣ</strong></span> <span class='ocrx_word' id='word_1_220' title='bbox 696 2820 942 2877; x_wconf 79' lang='grc' dir='ltr'>τοιαύτην</span> <span class='ocrx_word' id='word_1_221' title='bbox 974 2818 1194 2877; x_wconf 81' lang='grc' dir='ltr'>αἰτῆσαι</span> <span class='ocrx_word' id='word_1_222' title='bbox 1219 2820 1382 2894; x_wconf 78' lang='grc' dir='ltr'>χάριν</span> <span class='ocrx_word' id='word_1_223' title='bbox 1411 2822 1555 2894; x_wconf 87' lang='grc' dir='ltr'>παρὰ</span> <span class='ocrx_word' id='word_1_224' title='bbox 1585 2816 1842 2874; x_wconf 81' lang='grc' dir='ltr'>δικαστου</span> 
     </span>
    </p>
   </div>
   <div class='ocr_carea' id='block_1_33' title="bbox 239 2904 1843 2982">
    <p class='ocr_par' dir='ltr' id='par_1_33' title="bbox 239 2904 1843 2982">
     <span class='ocr_line' id='line_1_33' title="bbox 239 2904 1843 2982; baseline 0.001 -21"><span class='ocrx_word' id='word_1_225' title='bbox 239 2911 383 2982; x_wconf 63' lang='grc' dir='ltr'>φίλου</span> <span class='ocrx_word' id='word_1_226' title='bbox 430 2915 541 2969; x_wconf 86' lang='grc' dir='ltr'>τοῖς</span> <span class='ocrx_word' id='word_1_227' title='bbox 589 2911 766 2980; x_wconf 86' lang='grc' dir='ltr'>νόμοις</span> <span class='ocrx_word' id='word_1_228' title='bbox 812 2912 903 2960; x_wconf 82' lang='grc' dir='ltr'>καὶ</span> <span class='ocrx_word' id='word_1_229' title='bbox 951 2916 1023 2979; x_wconf 84' lang='grc' dir='ltr'>τῷ</span> <span class='ocrx_word' id='word_1_230' title='bbox 1064 2904 1303 2980; x_wconf 80' lang='grc' dir='ltr'>δικαίῳ),</span> <span class='ocrx_word' id='word_1_231' title='bbox 1335 2907 1443 2960; x_wconf 82' lang='grc' dir='ltr'>ἀλλ’</span> <span class='ocrx_word' id='word_1_232' title='bbox 1490 2912 1624 2963; x_wconf 81' lang='grc' dir='ltr'>ὥστε</span> <span class='ocrx_word' id='word_1_233' title='bbox 1670 2909 1705 2962; x_wconf 81' lang='grc' dir='ltr'><em>ἃ</em></span> <span class='ocrx_word' id='word_1_234' title='bbox 1749 2910 1843 2963; x_wconf 77' lang='grc' dir='ltr'>οὐκ</span> 
     </span>
    </p>
   </div>
   <div class='ocr_carea' id='block_1_34' title="bbox 239 2995 1841 3071">
    <p class='ocr_par' dir='ltr' id='par_1_34' title="bbox 239 2995 1841 3071">
     <span class='ocr_line' id='line_1_34' title="bbox 239 2995 1841 3071; baseline 0.001 -20"><span class='ocrx_word' id='word_1_235' title='bbox 239 3000 481 3071; x_wconf 67' lang='grc' dir='ltr'>εὐπρεπὲς</span> <span class='ocrx_word' id='word_1_236' title='bbox 528 2997 642 3070; x_wconf 75' lang='grc' dir='ltr'>ἐμοὶ</span> <span class='ocrx_word' id='word_1_237' title='bbox 672 2997 906 3070; x_wconf 70' lang='grc' dir='ltr'>γράφειν,</span> <span class='ocrx_word' id='word_1_238' title='bbox 938 3004 1105 3048; x_wconf 84' lang='grc' dir='ltr'>ταῦτα</span> <span class='ocrx_word' id='word_1_239' title='bbox 1148 2995 1248 3050; x_wconf 78' lang='grc' dir='ltr'>ἀπὸ</span> <span class='ocrx_word' id='word_1_240' title='bbox 1298 3002 1554 3071; x_wconf 86' lang='grc' dir='ltr'>στόματος</span> <span class='ocrx_word' id='word_1_241' title='bbox 1596 2998 1841 3071; x_wconf 51' lang='lat' dir='ltr'>ineunt?-</span> 
     </span>
    </p>
   </div>
   <div class='ocr_carea' id='block_1_35' title="bbox 235 3085 1845 3160">
    <p class='ocr_par' dir='ltr' id='par_1_35' title="bbox 235 3085 1845 3160">
     <span class='ocr_line' id='line_1_35' title="bbox 235 3085 1845 3160; baseline 0 -19"><span class='ocrx_word' id='word_1_242' title='bbox 235 3088 411 3150; x_wconf 85' lang='grc' dir='ltr'>λοντός</span> <span class='ocrx_word' id='word_1_243' title='bbox 441 3107 545 3160; x_wconf 86' lang='grc' dir='ltr'>μου</span> <span class='ocrx_word' id='word_1_244' title='bbox 583 3088 789 3159; x_wconf 87' lang='grc' dir='ltr'>μαθεῖν.</span> <span class='ocrx_word' id='word_1_245' title='bbox 822 3085 973 3137; x_wconf 76' lang='grc' dir='ltr'>Οὕτω</span> <span class='ocrx_word' id='word_1_246' title='bbox 1002 3088 1106 3159; x_wconf 71' lang='grc' dir='ltr'>γὰρ</span> <span class='ocrx_word' id='word_1_247' title='bbox 1137 3089 1254 3139; x_wconf 68' lang='grc' dir='ltr'>οὔτε</span> <span class='ocrx_word' id='word_1_248' title='bbox 1288 3087 1445 3149; x_wconf 68' lang='grc' dir='ltr'>αὐτὸς</span> <span class='ocrx_word' id='word_1_249' title='bbox 1481 3096 1571 3148; x_wconf 78' lang='grc' dir='ltr'>τῆς</span> <span class='ocrx_word' id='word_1_250' title='bbox 1601 3086 1845 3151; x_wconf 80' lang='grc' dir='ltr'>ἀληθείας</span> 
     </span>
    </p>
   </div>
   <div class='ocr_carea' id='block_1_36' title="bbox 237 3175 1842 3249">
    <p class='ocr_par' dir='ltr' id='par_1_36' title="bbox 237 3175 1842 3249">
     <span class='ocr_line' id='line_1_36' title="bbox 237 3175 1842 3249; baseline -0.001 -19"><span class='ocrx_word' id='word_1_251' title='bbox 237 3176 615 3249; x_wconf 76' lang='grc' dir='ltr'>διαμαρτήση,</span> <span class='ocrx_word' id='word_1_252' title='bbox 643 3178 760 3228; x_wconf 72' lang='grc' dir='ltr'>οὔτε</span> <span class='ocrx_word' id='word_1_253' title='bbox 801 3176 949 3246; x_wconf 81' lang='grc' dir='ltr'>ἡμεῖς</span> <span class='ocrx_word' id='word_1_254' title='bbox 985 3176 1273 3248; x_wconf 67' lang='grc' dir='ltr'>πεισόμεθα</span> <span class='ocrx_word' id='word_1_255' title='bbox 1302 3196 1354 3228; x_wconf 88' lang='grc' dir='ltr'>τι</span> <span class='ocrx_word' id='word_1_256' title='bbox 1397 3186 1496 3229; x_wconf 79' lang='grc' dir='ltr'>τῶν</span> <span class='ocrx_word' id='word_1_257' title='bbox 1528 3175 1842 3235; x_wconf 81' lang='grc' dir='ltr'>ἀϐουλήτων.</span> 
     </span>
    </p>
   </div>
   <div class='ocr_carea' id='block_1_37' title="bbox 239 3261 1847 3338">
    <p class='ocr_par' dir='ltr' id='par_1_37' title="bbox 239 3261 1847 3338">
     <span class='ocr_line' id='line_1_37' title="bbox 239 3261 1847 3338; baseline 0 -20"><span class='ocrx_word' id='word_1_258' title='bbox 239 3272 432 3337; x_wconf 76' lang='grc' dir='ltr'>Δέομαι</span> <span class='ocrx_word' id='word_1_259' title='bbox 490 3261 618 3328; x_wconf 78' lang='grc' dir='ltr'>οὖν,</span> <span class='ocrx_word' id='word_1_260' title='bbox 678 3270 771 3315; x_wconf 84' lang='grc' dir='ltr'>τοῦ</span> <span class='ocrx_word' id='word_1_261' title='bbox 822 3269 1106 3337; x_wconf 87' lang='grc' dir='ltr'>προσώπου</span> <span class='ocrx_word' id='word_1_262' title='bbox 1162 3264 1209 3317; x_wconf 85' lang='grc' dir='ltr'>ἑν</span> <span class='ocrx_word' id='word_1_263' title='bbox 1259 3263 1512 3338; x_wconf 73' lang='grc' dir='ltr'>ἀσφαλείᾳ</span> <span class='ocrx_word' id='word_1_264' title='bbox 1559 3270 1704 3328; x_wconf 80' lang='grc' dir='ltr'>ὄντος</span> <span class='ocrx_word' id='word_1_265' title='bbox 1756 3270 1847 3319; x_wconf 81' lang='grc' dir='ltr'>καὶ</span> 
     </span>
    </p>
   </div>
   <div class='ocr_carea' id='block_1_38' title="bbox 241 3352 1848 3431">
    <p class='ocr_par' dir='ltr' id='par_1_38' title="bbox 241 3352 1848 3431">
     <span class='ocr_line' id='line_1_38' title="bbox 241 3352 1848 3431; baseline 0 -24"><span class='ocrx_word' id='word_1_266' title='bbox 241 3359 600 3427; x_wconf 71' lang='grc' dir='ltr'>κατεχομένου</span> <span class='ocrx_word' id='word_1_267' title='bbox 630 3354 776 3425; x_wconf 79' lang='grc' dir='ltr'>παρὰ</span> <span class='ocrx_word' id='word_1_268' title='bbox 804 3360 900 3415; x_wconf 80' lang='grc' dir='ltr'>τῆς</span> <span class='ocrx_word' id='word_1_269' title='bbox 928 3353 1138 3419; x_wconf 82' lang='grc' dir='ltr'>τάξεως,</span> <span class='ocrx_word' id='word_1_270' title='bbox 1162 3352 1432 3427; x_wconf 77' lang='grc' dir='ltr'>ἁνεπαχθῆ</span> <span class='ocrx_word' id='word_1_271' title='bbox 1461 3357 1656 3412; x_wconf 85' lang='grc' dir='ltr'>ταύτην</span> <span class='ocrx_word' id='word_1_272' title='bbox 1686 3358 1848 3431; x_wconf 77' lang='grc' dir='ltr'>χάριν</span> 
     </span>
    </p>
   </div>
   <div class='ocr_carea' id='block_1_39' title="bbox 240 3442 1227 3516">
    <p class='ocr_par' dir='ltr' id='par_1_39' title="bbox 240 3442 1227 3516">
     <span class='ocr_line' id='line_1_39' title="bbox 240 3442 1227 3516; baseline 0.002 -21"><span class='ocrx_word' id='word_1_273' title='bbox 240 3450 336 3499; x_wconf 76' lang='grc' dir='ltr'>καὶ</span> <span class='ocrx_word' id='word_1_274' title='bbox 367 3442 700 3516; x_wconf 69' lang='grc' dir='ltr'>ἀνεπίφθονον</span> <span class='ocrx_word' id='word_1_275' title='bbox 730 3443 857 3515; x_wconf 77' lang='grc' dir='ltr'>ἡμῖν</span> <span class='ocrx_word' id='word_1_276' title='bbox 881 3443 1227 3498; x_wconf 81' lang='grc' dir='ltr'>καταθέσθαι.</span> 
     </span>
    </p>
   </div>
   <div class='ocr_carea' id='block_1_40' title="bbox 800 3590 1345 3648">
    <p class='ocr_par' dir='ltr' id='par_1_40' title="bbox 800 3590 1345 3648">
     <span class='ocr_line' id='line_1_40' title="bbox 800 3590 1345 3648; baseline 0.004 -3"><span class='ocrx_word' id='word_1_277' title='bbox 800 3598 1137 3646; x_wconf 82' lang='grc' dir='ltr'>ΕΠΙΣΤΟΛΗ</span> <span class='ocrx_word' id='word_1_278' title='bbox 1177 3590 1345 3648; x_wconf 82' lang='grc' dir='ltr'>ΡΛΗ’.</span> 
     </span>
    </p>
   </div>
   <div class='ocr_carea' id='block_1_41' title="bbox 1906 749 2963 828">
    <p class='ocr_par' dir='ltr' id='par_1_41' title="bbox 1906 749 2963 828">
     <span class='ocr_line' id='line_1_41' title="bbox 1906 749 2963 828; baseline 0.014 -26"><span class='ocrx_word' id='word_1_279' title='bbox 1906 749 1952 802; x_wconf 86' lang='grc' dir='ltr'><strong>Α</strong></span> <span class='ocrx_word' id='word_1_280' title='bbox 2334 794 2343 802; x_wconf 85' lang='grc'><strong>.</strong></span> <span class='ocrx_word' id='word_1_281' title='bbox 2613 756 2963 828; x_wconf 77' lang='lat' dir='ltr'>Antipatro.</span> 
     </span>
    </p>
   </div>
   <div class='ocr_carea' id='block_1_42' title="bbox 2014 858 3586 931">
    <p class='ocr_par' dir='ltr' id='par_1_42' title="bbox 2014 858 3586 931">
     <span class='ocr_line' id='line_1_42' title="bbox 2014 858 3586 931; baseline 0.011 -19"><span class='ocrx_word' id='word_1_282' title='bbox 2014 858 2181 913; x_wconf 86' lang='lat' dir='ltr'>Nunc</span> <span class='ocrx_word' id='word_1_283' title='bbox 2237 860 2383 916; x_wconf 89' lang='lat' dir='ltr'>mihi</span> <span class='ocrx_word' id='word_1_284' title='bbox 2441 862 2647 919; x_wconf 89' lang='lat' dir='ltr'>videor</span> <span class='ocrx_word' id='word_1_285' title='bbox 2701 866 2964 921; x_wconf 84' lang='lat' dir='ltr'>maxime</span> <span class='ocrx_word' id='word_1_286' title='bbox 3023 871 3241 925; x_wconf 88' lang='lat' dir='ltr'>sentire</span> <span class='ocrx_word' id='word_1_287' title='bbox 3292 872 3586 931; x_wconf 82' lang='lat' dir='ltr'>damnum</span> 
     </span>
    </p>
   </div>
   <div class='ocr_carea' id='block_1_43' title="bbox 1941 945 3591 1032">
    <p class='ocr_par' dir='ltr' id='par_1_43' title="bbox 1941 945 3591 1032">
     <span class='ocr_line' id='line_1_43' title="bbox 1941 945 3591 1032; baseline 0.011 -32"><span class='ocrx_word' id='word_1_288' title='bbox 1941 945 2107 1016; x_wconf 90' lang='lat' dir='ltr'>quod</span> <span class='ocrx_word' id='word_1_289' title='bbox 2140 962 2212 1003; x_wconf 84' lang='lat' dir='ltr'><strong>ex</strong></span> <span class='ocrx_word' id='word_1_290' title='bbox 2243 949 2457 1005; x_wconf 90' lang='lat' dir='ltr'>morbo</span> <span class='ocrx_word' id='word_1_291' title='bbox 2486 952 2701 1023; x_wconf 88' lang='lat' dir='ltr'>patior,</span> <span class='ocrx_word' id='word_1_292' title='bbox 2733 954 3005 1024; x_wconf 87' lang='lat' dir='ltr'>quando,</span> <span class='ocrx_word' id='word_1_293' title='bbox 3034 959 3198 1013; x_wconf 89' lang='lat' dir='ltr'>tanto</span> <span class='ocrx_word' id='word_1_294' title='bbox 3226 958 3353 1015; x_wconf 67' lang='lat' dir='ltr'>Viro</span> <span class='ocrx_word' id='word_1_295' title='bbox 3382 962 3591 1032; x_wconf 63' lang='lat' dir='ltr'>patrias</span> 
     </span>
    </p>
   </div>
   <div class='ocr_carea' id='block_1_44' title="bbox 1939 1037 3592 1117">
    <p class='ocr_par' dir='ltr' id='par_1_44' title="bbox 1939 1037 3592 1117">
     <span class='ocr_line' id='line_1_44' title="bbox 1939 1037 3592 1117; baseline 0.01 -27"><span class='ocrx_word' id='word_1_296' title='bbox 1939 1039 2159 1091; x_wconf 85' lang='lat' dir='ltr'>nostrae</span> <span class='ocrx_word' id='word_1_297' title='bbox 2204 1037 2618 1106; x_wconf 89' lang='lat' dir='ltr'>gubernacula</span> <span class='ocrx_word' id='word_1_298' title='bbox 2660 1047 3031 1114; x_wconf 86' lang='lat' dir='ltr'>capessente,</span> <span class='ocrx_word' id='word_1_299' title='bbox 3076 1044 3203 1117; x_wconf 90' lang='lat' dir='ltr'>ipse</span> <span class='ocrx_word' id='word_1_300' title='bbox 3253 1047 3465 1105; x_wconf 89' lang='lat' dir='ltr'>abesse</span> <span class='ocrx_word' id='word_1_301' title='bbox 3512 1050 3592 1107; x_wconf 93' lang='lat' dir='ltr'>ob</span> 
     </span>
    </p>
   </div>
   <div class='ocr_carea' id='block_1_45' title="bbox 1943 1126 3595 1201">
    <p class='ocr_par' dir='ltr' id='par_1_45' title="bbox 1943 1126 3595 1201">
     <span class='ocr_line' id='line_1_45' title="bbox 1943 1126 3595 1201; baseline 0.01 -22"><span class='ocrx_word' id='word_1_302' title='bbox 1943 1126 2315 1183; x_wconf 79' lang='lat' dir='ltr'>curationem</span> <span class='ocrx_word' id='word_1_303' title='bbox 2340 1130 2608 1201; x_wconf 87' lang='lat' dir='ltr'>corporis</span> <span class='ocrx_word' id='word_1_304' title='bbox 2634 1146 2839 1201; x_wconf 90' lang='lat' dir='ltr'>cogor.</span> <span class='ocrx_word' id='word_1_305' title='bbox 2864 1134 2995 1188; x_wconf 87' lang='lat' dir='ltr'>Jam</span> <span class='ocrx_word' id='word_1_306' title='bbox 3026 1134 3186 1191; x_wconf 89' lang='lat' dir='ltr'>enim</span> <span class='ocrx_word' id='word_1_307' title='bbox 3216 1140 3407 1193; x_wconf 80' lang='lat' dir='ltr'>totum</span> <span class='ocrx_word' id='word_1_308' title='bbox 3431 1155 3595 1196; x_wconf 87' lang='lat' dir='ltr'>men-</span> 
     </span>
    </p>
   </div>
   <div class='ocr_carea' id='block_1_46' title="bbox 1943 1216 3598 1301">
    <p class='ocr_par' dir='ltr' id='par_1_46' title="bbox 1943 1216 3598 1301">
     <span class='ocr_line' id='line_1_46' title="bbox 1943 1216 3598 1301; baseline 0.01 -33"><span class='ocrx_word' id='word_1_309' title='bbox 1943 1229 2070 1269; x_wconf 86' lang='lat' dir='ltr'>sem</span> <span class='ocrx_word' id='word_1_310' title='bbox 2119 1216 2292 1287; x_wconf 90' lang='lat' dir='ltr'>aquis</span> <span class='ocrx_word' id='word_1_311' title='bbox 2334 1222 2553 1275; x_wconf 90' lang='lat' dir='ltr'>natura</span> <span class='ocrx_word' id='word_1_312' title='bbox 2595 1219 2805 1275; x_wconf 85' lang='lat' dir='ltr'>calidis</span> <span class='ocrx_word' id='word_1_313' title='bbox 2855 1237 3050 1293; x_wconf 92' lang='lat' dir='ltr'>curor,</span> <span class='ocrx_word' id='word_1_314' title='bbox 3080 1228 3143 1279; x_wconf 92' lang='lat' dir='ltr'>ut</span> <span class='ocrx_word' id='word_1_315' title='bbox 3190 1225 3330 1282; x_wconf 91' lang='lat' dir='ltr'>inde</span> <span class='ocrx_word' id='word_1_316' title='bbox 3369 1227 3598 1301; x_wconf 88' lang='lat' dir='ltr'>aliquid</span> 
     </span>
    </p>
   </div>
   <div class='ocr_carea' id='block_1_47' title="bbox 1942 1302 3591 1378">
    <p class='ocr_par' dir='ltr' id='par_1_47' title="bbox 1942 1302 3591 1378">
     <span class='ocr_line' id='line_1_47' title="bbox 1942 1302 3591 1378; baseline 0.011 -22"><span class='ocrx_word' id='word_1_317' title='bbox 1942 1302 2207 1359; x_wconf 81' lang='lat' dir='ltr'>utilitatis</span> <span class='ocrx_word' id='word_1_318' title='bbox 2260 1311 2635 1378; x_wconf 90' lang='lat' dir='ltr'>accepturus.</span> <span class='ocrx_word' id='word_1_319' title='bbox 2671 1308 2886 1364; x_wconf 89' lang='lat' dir='ltr'>Videor</span> <span class='ocrx_word' id='word_1_320' title='bbox 2928 1315 3128 1367; x_wconf 88' lang='lat' dir='ltr'>autem</span> <span class='ocrx_word' id='word_1_321' title='bbox 3160 1312 3380 1371; x_wconf 83' lang='lat' dir='ltr'>frustra</span> <span class='ocrx_word' id='word_1_322' title='bbox 3424 1316 3591 1374; x_wconf 87' lang='lat' dir='ltr'>labo-</span> 
     </span>
    </p>
   </div>
   <div class='ocr_carea' id='block_1_48' title="bbox 1941 1392 3596 1477">
    <p class='ocr_par' dir='ltr' id='par_1_48' title="bbox 1941 1392 3596 1477">
     <span class='ocr_line' id='line_1_48' title="bbox 1941 1392 3596 1477; baseline 0.01 -31"><span class='ocrx_word' id='word_1_323' title='bbox 1941 1406 2074 1447; x_wconf 82' lang='lat' dir='ltr'>rare</span> <span class='ocrx_word' id='word_1_324' title='bbox 2120 1392 2181 1448; x_wconf 92' lang='lat' dir='ltr'>in</span> <span class='ocrx_word' id='word_1_325' title='bbox 2231 1394 2572 1464; x_wconf 89' lang='lat' dir='ltr'>solitudine,</span> <span class='ocrx_word' id='word_1_326' title='bbox 2606 1397 2701 1452; x_wconf 86' lang='lat' dir='ltr'>vel</span> <span class='ocrx_word' id='word_1_327' title='bbox 2747 1398 2927 1453; x_wconf 89' lang='lat' dir='ltr'>etiam</span> <span class='ocrx_word' id='word_1_328' title='bbox 2973 1399 3195 1470; x_wconf 89' lang='lat' dir='ltr'>dignus</span> <span class='ocrx_word' id='word_1_329' title='bbox 3236 1418 3368 1459; x_wconf 89' lang='lat' dir='ltr'>esse</span> <span class='ocrx_word' id='word_1_330' title='bbox 3413 1422 3596 1477; x_wconf 89' lang='lat' dir='ltr'><strong>quem</strong></span> 
     </span>
    </p>
   </div>
   <div class='ocr_carea' id='block_1_49' title="bbox 1942 1480 3597 1564">
    <p class='ocr_par' dir='ltr' id='par_1_49' title="bbox 1942 1480 3597 1564">
     <span class='ocr_line' id='line_1_49' title="bbox 1942 1480 3597 1564; baseline 0.009 -29"><span class='ocrx_word' id='word_1_331' title='bbox 1942 1480 2209 1554; x_wconf 83' lang='lat' dir='ltr'>plerique</span> <span class='ocrx_word' id='word_1_332' title='bbox 2254 1482 2508 1549; x_wconf 80' lang='lat' dir='ltr'>rideant,</span> <span class='ocrx_word' id='word_1_333' title='bbox 2548 1490 2611 1540; x_wconf 93' lang='lat' dir='ltr'>ut</span> <span class='ocrx_word' id='word_1_334' title='bbox 2655 1487 2758 1558; x_wconf 89' lang='lat' dir='ltr'>qui</span> <span class='ocrx_word' id='word_1_335' title='bbox 2804 1502 2879 1541; x_wconf 90' lang='lat' dir='ltr'>ne</span> <span class='ocrx_word' id='word_1_336' title='bbox 2921 1488 3311 1559; x_wconf 82' lang='lat' dir='ltr'><strong>proverbium</strong></span> <span class='ocrx_word' id='word_1_337' title='bbox 3349 1493 3597 1564; x_wconf 89' lang='lat' dir='ltr'>quidem</span> 
     </span>
    </p>
   </div>
   <div class='ocr_carea' id='block_1_50' title="bbox 1942 1569 3596 1651">
    <p class='ocr_par' dir='ltr' id='par_1_50' title="bbox 1942 1569 3596 1651">
     <span class='ocr_line' id='line_1_50' title="bbox 1942 1569 3596 1651; baseline 0.009 -26"><span class='ocrx_word' id='word_1_338' title='bbox 1942 1569 2295 1641; x_wconf 85' lang='lat' dir='ltr'>intelligam,</span> <span class='ocrx_word' id='word_1_339' title='bbox 2325 1574 2488 1645; x_wconf 91' lang='lat' dir='ltr'>quod</span> <span class='ocrx_word' id='word_1_340' title='bbox 2520 1580 2791 1631; x_wconf 87' lang='lat' dir='ltr'>mortuos</span> <span class='ocrx_word' id='word_1_341' title='bbox 2822 1575 3029 1632; x_wconf 88' lang='lat' dir='ltr'>calidis</span> <span class='ocrx_word' id='word_1_342' title='bbox 3055 1593 3177 1635; x_wconf 92' lang='lat' dir='ltr'>non</span> <span class='ocrx_word' id='word_1_343' title='bbox 3204 1580 3404 1651; x_wconf 87' lang='lat' dir='ltr'>juvari</span> <span class='ocrx_word' id='word_1_344' title='bbox 3432 1581 3596 1640; x_wconf 88' lang='lat' dir='ltr'>dicit.</span> 
     </span>
    </p>
   </div>
   <div class='ocr_carea' id='block_1_51' title="bbox 1945 1660 3595 1741">
    <p class='ocr_par' dir='ltr' id='par_1_51' title="bbox 1945 1660 3595 1741">
     <span class='ocr_line' id='line_1_51' title="bbox 1945 1660 3595 1741; baseline 0.009 -27"><span class='ocrx_word' id='word_1_345' title='bbox 1945 1660 2339 1733; x_wconf 86' lang='lat' dir='ltr'>Quapropter,</span> <span class='ocrx_word' id='word_1_346' title='bbox 2364 1678 2723 1736; x_wconf 86' lang='lat' dir='ltr'>quanquam</span> <span class='ocrx_word' id='word_1_347' title='bbox 2752 1664 2834 1720; x_wconf 92' lang='lat' dir='ltr'>ita</span> <span class='ocrx_word' id='word_1_348' title='bbox 2859 1681 2956 1721; x_wconf 93' lang='lat' dir='ltr'>me</span> <span class='ocrx_word' id='word_1_349' title='bbox 2985 1666 3202 1739; x_wconf 89' lang='lat' dir='ltr'>habeo,</span> <span class='ocrx_word' id='word_1_350' title='bbox 3235 1671 3595 1741; x_wconf 66' lang='lat' dir='ltr'>praetermis-</span> 
     </span>
    </p>
   </div>
   <div class='ocr_carea' id='block_1_52' title="bbox 1945 1749 3597 1833">
    <p class='ocr_par' dir='ltr' id='par_1_52' title="bbox 1945 1749 3597 1833">
     <span class='ocr_line' id='line_1_52' title="bbox 1945 1749 3597 1833; baseline 0.008 -29"><span class='ocrx_word' id='word_1_351' title='bbox 1945 1749 2025 1804; x_wconf 88' lang='lat' dir='ltr'>sis</span> <span class='ocrx_word' id='word_1_352' title='bbox 2057 1749 2237 1805; x_wconf 86' lang='lat' dir='ltr'>rebus</span> <span class='ocrx_word' id='word_1_353' title='bbox 2266 1751 2575 1818; x_wconf 90' lang='lat' dir='ltr'>omnibus,</span> <span class='ocrx_word' id='word_1_354' title='bbox 2609 1753 2688 1809; x_wconf 90' lang='lat' dir='ltr'>ad</span> <span class='ocrx_word' id='word_1_355' title='bbox 2720 1758 2885 1810; x_wconf 89' lang='lat' dir='ltr'>tuam</span> <span class='ocrx_word' id='word_1_356' title='bbox 2916 1755 3380 1828; x_wconf 87' lang='lat' dir='ltr'>amplitudinem</span> <span class='ocrx_word' id='word_1_357' title='bbox 3411 1762 3597 1833; x_wconf 84' lang='lat' dir='ltr'>proﬁ-</span> 
     </span>
    </p>
   </div>
   <div class='ocr_carea' id='block_1_53' title="bbox 1944 1838 3601 1920">
    <p class='ocr_par' dir='ltr' id='par_1_53' title="bbox 1944 1838 3601 1920">
     <span class='ocr_line' id='line_1_53' title="bbox 1944 1838 3601 1920; baseline 0.009 -27"><span class='ocrx_word' id='word_1_358' title='bbox 1944 1838 2085 1894; x_wconf 90' lang='lat' dir='ltr'>cisci</span> <span class='ocrx_word' id='word_1_359' title='bbox 2128 1839 2289 1907; x_wconf 87' lang='lat' dir='ltr'>volo,</span> <span class='ocrx_word' id='word_1_360' title='bbox 2320 1844 2384 1896; x_wconf 91' lang='lat' dir='ltr'>ut</span> <span class='ocrx_word' id='word_1_361' title='bbox 2425 1840 2602 1897; x_wconf 90' lang='lat' dir='ltr'>bonis</span> <span class='ocrx_word' id='word_1_362' title='bbox 2633 1858 2770 1915; x_wconf 71' lang='lat' dir='ltr'>quas</span> <span class='ocrx_word' id='word_1_363' title='bbox 2818 1843 2878 1899; x_wconf 91' lang='lat' dir='ltr'>in</span> <span class='ocrx_word' id='word_1_364' title='bbox 2927 1848 2980 1900; x_wconf 92' lang='lat' dir='ltr'>te</span> <span class='ocrx_word' id='word_1_365' title='bbox 3025 1850 3185 1910; x_wconf 89' lang='lat' dir='ltr'>sunt,</span> <span class='ocrx_word' id='word_1_366' title='bbox 3219 1848 3511 1920; x_wconf 81' lang='lat' dir='ltr'>perfruar,</span> <span class='ocrx_word' id='word_1_367' title='bbox 3542 1854 3601 1909; x_wconf 87' lang='lat' dir='ltr'>et</span> 
     </span>
    </p>
   </div>
   <div class='ocr_carea' id='block_1_54' title="bbox 1945 1926 3601 2012">
    <p class='ocr_par' dir='ltr' id='par_1_54' title="bbox 1945 1926 3601 2012">
     <span class='ocr_line' id='line_1_54' title="bbox 1945 1926 3601 2012; baseline 0.008 -29"><span class='ocrx_word' id='word_1_368' title='bbox 1945 1926 2166 1984; x_wconf 92' lang='lat' dir='ltr'>domus</span> <span class='ocrx_word' id='word_1_369' title='bbox 2192 1945 2343 1985; x_wconf 66' lang='lat' dir='ltr'>meae</span> <span class='ocrx_word' id='word_1_370' title='bbox 2378 1930 2584 2001; x_wconf 89' lang='lat' dir='ltr'>rebus,</span> <span class='ocrx_word' id='word_1_371' title='bbox 2616 1947 2725 2004; x_wconf 91' lang='lat' dir='ltr'>per</span> <span class='ocrx_word' id='word_1_372' title='bbox 2753 1932 3153 2003; x_wconf 83' lang='lat' dir='ltr'>integritatem</span> <span class='ocrx_word' id='word_1_373' title='bbox 3180 1940 3365 2009; x_wconf 91' lang='lat' dir='ltr'>tuam,</span> <span class='ocrx_word' id='word_1_374' title='bbox 3394 1944 3461 1995; x_wconf 91' lang='lat' dir='ltr'>ut</span> <span class='ocrx_word' id='word_1_375' title='bbox 3489 1955 3601 2012; x_wconf 89' lang='lat' dir='ltr'>par</span> 
     </span>
    </p>
   </div>
   <div class='ocr_carea' id='block_1_55' title="bbox 1945 2017 3601 2092">
    <p class='ocr_par' dir='ltr' id='par_1_55' title="bbox 1945 2017 3601 2092">
     <span class='ocr_line' id='line_1_55' title="bbox 1945 2017 3601 2092; baseline 0.007 -20"><span class='ocrx_word' id='word_1_376' title='bbox 1945 2020 2057 2085; x_wconf 91' lang='lat' dir='ltr'>est,</span> <span class='ocrx_word' id='word_1_377' title='bbox 2089 2017 2425 2074; x_wconf 85' lang='lat' dir='ltr'>consulam.</span> <span class='ocrx_word' id='word_1_378' title='bbox 2469 2019 2718 2092; x_wconf 88' lang='lat' dir='ltr'>Propria</span> <span class='ocrx_word' id='word_1_379' title='bbox 2758 2022 2917 2078; x_wconf 90' lang='lat' dir='ltr'>enim</span> <span class='ocrx_word' id='word_1_380' title='bbox 2963 2040 3102 2080; x_wconf 90' lang='lat' dir='ltr'>mea</span> <span class='ocrx_word' id='word_1_381' title='bbox 3143 2029 3230 2081; x_wconf 92' lang='lat' dir='ltr'>est</span> <span class='ocrx_word' id='word_1_382' title='bbox 3253 2027 3462 2083; x_wconf 89' lang='lat' dir='ltr'>matris</span> <span class='ocrx_word' id='word_1_383' title='bbox 3492 2044 3601 2084; x_wconf 90' lang='lat' dir='ltr'>no-</span> 
     </span>
    </p>
   </div>
   <div class='ocr_carea' id='block_1_56' title="bbox 1944 2105 3600 2188">
    <p class='ocr_par' dir='ltr' id='par_1_56' title="bbox 1944 2105 3600 2188">
     <span class='ocr_line' id='line_1_56' title="bbox 1944 2105 3600 2188; baseline 0.008 -28"><span class='ocrx_word' id='word_1_384' title='bbox 1944 2110 2079 2162; x_wconf 68' lang='lat' dir='ltr'>strae</span> <span class='ocrx_word' id='word_1_385' title='bbox 2128 2105 2566 2163; x_wconf 69' lang='lat' dir='ltr'>colendissimze</span> <span class='ocrx_word' id='word_1_386' title='bbox 2612 2109 2890 2166; x_wconf 73' lang='lat' dir='ltr'>Palladiae</span> <span class='ocrx_word' id='word_1_387' title='bbox 2933 2112 3199 2169; x_wconf 89' lang='lat' dir='ltr'>domus:</span> <span class='ocrx_word' id='word_1_388' title='bbox 3256 2131 3442 2188; x_wconf 91' lang='lat' dir='ltr'>quam</span> <span class='ocrx_word' id='word_1_389' title='bbox 3475 2132 3600 2174; x_wconf 90' lang='lat' dir='ltr'>non</span> 
     </span>
    </p>
   </div>
   <div class='ocr_carea' id='block_1_57' title="bbox 1947 2196 3601 2276">
    <p class='ocr_par' dir='ltr' id='par_1_57' title="bbox 1947 2196 3601 2276">
     <span class='ocr_line' id='line_1_57' title="bbox 1947 2196 3601 2276; baseline 0.007 -25"><span class='ocrx_word' id='word_1_390' title='bbox 1947 2196 2144 2252; x_wconf 89' lang='lat' dir='ltr'>solum</span> <span class='ocrx_word' id='word_1_391' title='bbox 2175 2198 2410 2267; x_wconf 82' lang='lat' dir='ltr'>generis</span> <span class='ocrx_word' id='word_1_392' title='bbox 2451 2199 2873 2272; x_wconf 86' lang='lat' dir='ltr'>propinquitas</span> <span class='ocrx_word' id='word_1_393' title='bbox 2910 2202 3085 2258; x_wconf 89' lang='lat' dir='ltr'>nobis</span> <span class='ocrx_word' id='word_1_394' title='bbox 3128 2205 3459 2276; x_wconf 88' lang='lat' dir='ltr'>conjungit,</span> <span class='ocrx_word' id='word_1_395' title='bbox 3493 2207 3601 2263; x_wconf 90' lang='lat' dir='ltr'>sed</span> 
     </span>
    </p>
   </div>
   <div class='ocr_carea' id='block_1_58' title="bbox 1946 2286 3602 2361">
    <p class='ocr_par' dir='ltr' id='par_1_58' title="bbox 1946 2286 3602 2361">
     <span class='ocr_line' id='line_1_58' title="bbox 1946 2286 3602 2361; baseline 0.007 -20"><span class='ocrx_word' id='word_1_396' title='bbox 1946 2286 2126 2342; x_wconf 90' lang='lat' dir='ltr'>etiam</span> <span class='ocrx_word' id='word_1_397' title='bbox 2170 2302 2409 2343; x_wconf 89' lang='lat' dir='ltr'>morum</span> <span class='ocrx_word' id='word_1_398' title='bbox 2458 2288 2725 2359; x_wconf 81' lang='lat' dir='ltr'>probitas</span> <span class='ocrx_word' id='word_1_399' title='bbox 2773 2288 2928 2361; x_wconf 81' lang='lat' dir='ltr'>fecit,</span> <span class='ocrx_word' id='word_1_400' title='bbox 2960 2295 3024 2347; x_wconf 91' lang='lat' dir='ltr'>ut</span> <span class='ocrx_word' id='word_1_401' title='bbox 3055 2293 3259 2349; x_wconf 85' lang='lat' dir='ltr'>matris</span> <span class='ocrx_word' id='word_1_402' title='bbox 3306 2294 3439 2351; x_wconf 90' lang='lat' dir='ltr'>loco</span> <span class='ocrx_word' id='word_1_403' title='bbox 3464 2311 3602 2352; x_wconf 90' lang='lat' dir='ltr'>eam</span> 
     </span>
    </p>
   </div>
   <div class='ocr_carea' id='block_1_59' title="bbox 1948 2375 3604 2454">
    <p class='ocr_par' dir='ltr' id='par_1_59' title="bbox 1948 2375 3604 2454">
     <span class='ocr_line' id='line_1_59' title="bbox 1948 2375 3604 2454; baseline 0.007 -24"><span class='ocrx_word' id='word_1_404' title='bbox 1948 2375 2330 2431; x_wconf 86' lang='lat' dir='ltr'>haberemus.</span> <span class='ocrx_word' id='word_1_405' title='bbox 2382 2378 2528 2432; x_wconf 90' lang='lat' dir='ltr'>Cum</span> <span class='ocrx_word' id='word_1_406' title='bbox 2581 2377 2760 2447; x_wconf 82' lang='lat' dir='ltr'>igitur</span> <span class='ocrx_word' id='word_1_407' title='bbox 2806 2380 3098 2437; x_wconf 88' lang='lat' dir='ltr'>tumultus</span> <span class='ocrx_word' id='word_1_408' title='bbox 3147 2382 3399 2454; x_wconf 90' lang='lat' dir='ltr'>quidam</span> <span class='ocrx_word' id='word_1_409' title='bbox 3445 2384 3604 2443; x_wconf 89' lang='lat' dir='ltr'>circa</span> 
     </span>
    </p>
   </div>
   <div class='ocr_carea' id='block_1_60' title="bbox 1946 2464 3604 2542">
    <p class='ocr_par' dir='ltr' id='par_1_60' title="bbox 1946 2464 3604 2542">
     <span class='ocr_line' id='line_1_60' title="bbox 1946 2464 3604 2542; baseline 0.008 -23"><span class='ocrx_word' id='word_1_410' title='bbox 1946 2464 2104 2520; x_wconf 90' lang='lat' dir='ltr'>illius</span> <span class='ocrx_word' id='word_1_411' title='bbox 2149 2465 2404 2520; x_wconf 91' lang='lat' dir='ltr'>domum</span> <span class='ocrx_word' id='word_1_412' title='bbox 2440 2472 2781 2523; x_wconf 91' lang='lat' dir='ltr'>commotus</span> <span class='ocrx_word' id='word_1_413' title='bbox 2812 2468 2905 2539; x_wconf 87' lang='lat' dir='ltr'>sit,</span> <span class='ocrx_word' id='word_1_414' title='bbox 2937 2484 3222 2542; x_wconf 80' lang='lat' dir='ltr'>rogamus</span> <span class='ocrx_word' id='word_1_415' title='bbox 3264 2476 3434 2529; x_wconf 89' lang='lat' dir='ltr'>tuam</span> <span class='ocrx_word' id='word_1_416' title='bbox 3478 2490 3604 2532; x_wconf 88' lang='lat' dir='ltr'>ma-</span> 
     </span>
    </p>
   </div>
   <div class='ocr_carea' id='block_1_61' title="bbox 1950 2555 3605 2633">
    <p class='ocr_par' dir='ltr' id='par_1_61' title="bbox 1950 2555 3605 2633">
     <span class='ocr_line' id='line_1_61' title="bbox 1950 2555 3605 2633; baseline 0.007 -23"><span class='ocrx_word' id='word_1_417' title='bbox 1950 2555 2427 2624; x_wconf 87' lang='lat' dir='ltr'>gnanimitatem,</span> <span class='ocrx_word' id='word_1_418' title='bbox 2458 2561 2523 2612; x_wconf 90' lang='lat' dir='ltr'>ut</span> <span class='ocrx_word' id='word_1_419' title='bbox 2565 2557 2873 2630; x_wconf 89' lang='lat' dir='ltr'>paulisper</span> <span class='ocrx_word' id='word_1_420' title='bbox 2909 2558 3390 2633; x_wconf 89' lang='lat' dir='ltr'>disquisitionem</span> <span class='ocrx_word' id='word_1_421' title='bbox 3436 2564 3605 2621; x_wconf 55' lang='lat' dir='ltr'>diffeo</span> 
     </span>
    </p>
   </div>
   <div class='ocr_carea' id='block_1_62' title="bbox 1950 2643 3603 2723">
    <p class='ocr_par' dir='ltr' id='par_1_62' title="bbox 1950 2643 3603 2723">
     <span class='ocr_line' id='line_1_62' title="bbox 1950 2643 3603 2723; baseline 0.005 -24"><span class='ocrx_word' id='word_1_422' title='bbox 1950 2660 2068 2712; x_wconf 90' lang='lat' dir='ltr'>ras,</span> <span class='ocrx_word' id='word_1_423' title='bbox 2101 2643 2552 2716; x_wconf 88' lang='lat' dir='ltr'>adventumque</span> <span class='ocrx_word' id='word_1_424' title='bbox 2598 2650 2876 2701; x_wconf 90' lang='lat' dir='ltr'>nostrum</span> <span class='ocrx_word' id='word_1_425' title='bbox 2904 2653 3230 2721; x_wconf 83' lang='lat' dir='ltr'>exspectes,</span> <span class='ocrx_word' id='word_1_426' title='bbox 3263 2666 3387 2708; x_wconf 89' lang='lat' dir='ltr'>non</span> <span class='ocrx_word' id='word_1_427' title='bbox 3417 2657 3483 2709; x_wconf 91' lang='lat' dir='ltr'>ut</span> <span class='ocrx_word' id='word_1_428' title='bbox 3502 2653 3603 2723; x_wconf 87' lang='lat' dir='ltr'>jus</span> 
     </span>
    </p>
   </div>
   <div class='ocr_carea' id='block_1_63' title="bbox 1952 2733 3603 2814">
    <p class='ocr_par' dir='ltr' id='par_1_63' title="bbox 1952 2733 3603 2814">
     <span class='ocr_line' id='line_1_63' title="bbox 1952 2733 3603 2814; baseline 0.007 -27"><span class='ocrx_word' id='word_1_429' title='bbox 1952 2738 2376 2804; x_wconf 88' lang='lat' dir='ltr'>corrumpatur</span> <span class='ocrx_word' id='word_1_430' title='bbox 2414 2733 2652 2799; x_wconf 88' lang='lat' dir='ltr'>(millies</span> <span class='ocrx_word' id='word_1_431' title='bbox 2703 2735 2863 2790; x_wconf 90' lang='lat' dir='ltr'>enim</span> <span class='ocrx_word' id='word_1_432' title='bbox 2903 2738 3055 2793; x_wconf 89' lang='lat' dir='ltr'>mori</span> <span class='ocrx_word' id='word_1_433' title='bbox 3103 2738 3370 2807; x_wconf 90' lang='lat' dir='ltr'>mallem,</span> <span class='ocrx_word' id='word_1_434' title='bbox 3413 2757 3603 2814; x_wconf 89' lang='lat' dir='ltr'>quam</span> 
     </span>
    </p>
   </div>
   <div class='ocr_carea' id='block_1_64' title="bbox 1952 2821 3605 2901">
    <p class='ocr_par' dir='ltr' id='par_1_64' title="bbox 1952 2821 3605 2901">
     <span class='ocr_line' id='line_1_64' title="bbox 1952 2821 3605 2901; baseline 0.004 -23"><span class='ocrx_word' id='word_1_435' title='bbox 1952 2821 2250 2893; x_wconf 90' lang='lat' dir='ltr'>ejusmodi</span> <span class='ocrx_word' id='word_1_436' title='bbox 2299 2823 2554 2891; x_wconf 88' lang='lat' dir='ltr'>gratiam</span> <span class='ocrx_word' id='word_1_437' title='bbox 2586 2839 2622 2878; x_wconf 89' lang='lat' dir='ltr'>a</span> <span class='ocrx_word' id='word_1_438' title='bbox 2645 2823 2848 2893; x_wconf 89' lang='lat' dir='ltr'>judice</span> <span class='ocrx_word' id='word_1_439' title='bbox 2880 2826 3057 2897; x_wconf 70' lang='lat'>229</span> <span class='ocrx_word' id='word_1_440' title='bbox 3100 2825 3305 2896; x_wconf 89' lang='lat' dir='ltr'>legum</span> <span class='ocrx_word' id='word_1_441' title='bbox 3330 2828 3605 2901; x_wconf 87' lang='lat' dir='ltr'>jurisque</span> 
     </span>
    </p>
   </div>
   <div class='ocr_carea' id='block_1_65' title="bbox 1953 2907 3605 2982">
    <p class='ocr_par' dir='ltr' id='par_1_65' title="bbox 1953 2907 3605 2982">
     <span class='ocr_line' id='line_1_65' title="bbox 1953 2907 3605 2982; baseline 0.002 -17"><span class='ocrx_word' id='word_1_442' title='bbox 1953 2911 2196 2965; x_wconf 86' lang='lat' dir='ltr'>amante</span> <span class='ocrx_word' id='word_1_443' title='bbox 2236 2908 2604 2978; x_wconf 83' lang='lat' dir='ltr'>exposcere),</span> <span class='ocrx_word' id='word_1_444' title='bbox 2642 2907 2751 2962; x_wconf 90' lang='lat' dir='ltr'>sed</span> <span class='ocrx_word' id='word_1_445' title='bbox 2798 2912 2863 2963; x_wconf 92' lang='lat' dir='ltr'>ut</span> <span class='ocrx_word' id='word_1_446' title='bbox 2906 2925 2977 2964; x_wconf 91' lang='lat' dir='ltr'>ea</span> <span class='ocrx_word' id='word_1_447' title='bbox 3019 2926 3155 2982; x_wconf 68' lang='lat' dir='ltr'>quas</span> <span class='ocrx_word' id='word_1_448' title='bbox 3204 2926 3241 2967; x_wconf 90' lang='lat' dir='ltr'>a</span> <span class='ocrx_word' id='word_1_449' title='bbox 3286 2927 3384 2968; x_wconf 89' lang='lat' dir='ltr'>me</span> <span class='ocrx_word' id='word_1_450' title='bbox 3427 2911 3605 2969; x_wconf 89' lang='lat' dir='ltr'>scribi</span> 
     </span>
    </p>
   </div>
   <div class='ocr_carea' id='block_1_66' title="bbox 1950 2996 3601 3071">
    <p class='ocr_par' dir='ltr' id='par_1_66' title="bbox 1950 2996 3601 3071">
     <span class='ocr_line' id='line_1_66' title="bbox 1950 2996 3601 3071; baseline 0.003 -18"><span class='ocrx_word' id='word_1_451' title='bbox 1950 3013 2075 3053; x_wconf 88' lang='lat' dir='ltr'>non</span> <span class='ocrx_word' id='word_1_452' title='bbox 2105 2996 2294 3061; x_wconf 89' lang='lat' dir='ltr'>decet,</span> <span class='ocrx_word' id='word_1_453' title='bbox 2325 3012 2421 3052; x_wconf 90' lang='lat' dir='ltr'>me</span> <span class='ocrx_word' id='word_1_454' title='bbox 2450 2996 2738 3053; x_wconf 87' lang='lat' dir='ltr'>referente</span> <span class='ocrx_word' id='word_1_455' title='bbox 2766 3012 2840 3053; x_wconf 84' lang='lat' dir='ltr'>ex</span> <span class='ocrx_word' id='word_1_456' title='bbox 2866 3014 3004 3054; x_wconf 90' lang='lat' dir='ltr'>meo</span> <span class='ocrx_word' id='word_1_457' title='bbox 3028 2999 3219 3071; x_wconf 90' lang='lat' dir='ltr'>ipsius</span> <span class='ocrx_word' id='word_1_458' title='bbox 3248 3015 3350 3056; x_wconf 90' lang='lat' dir='ltr'>ore</span> <span class='ocrx_word' id='word_1_459' title='bbox 3379 3000 3601 3059; x_wconf 87' lang='lat' dir='ltr'>discas.</span> 
     </span>
    </p>
   </div>
   <div class='ocr_carea' id='block_1_67' title="bbox 1952 3085 3603 3160">
    <p class='ocr_par' dir='ltr' id='par_1_67' title="bbox 1952 3085 3603 3160">
     <span class='ocr_line' id='line_1_67' title="bbox 1952 3085 3603 3160; baseline 0.002 -17"><span class='ocrx_word' id='word_1_460' title='bbox 1952 3090 2101 3143; x_wconf 88' lang='lat' dir='ltr'>Nam</span> <span class='ocrx_word' id='word_1_461' title='bbox 2144 3085 2259 3142; x_wconf 93' lang='lat' dir='ltr'>hoc</span> <span class='ocrx_word' id='word_1_462' title='bbox 2307 3090 2485 3158; x_wconf 89' lang='lat' dir='ltr'>pacto</span> <span class='ocrx_word' id='word_1_463' title='bbox 2535 3101 2733 3159; x_wconf 88' lang='lat' dir='ltr'>neque</span> <span class='ocrx_word' id='word_1_464' title='bbox 2782 3090 2847 3142; x_wconf 92' lang='lat' dir='ltr'>tu</span> <span class='ocrx_word' id='word_1_465' title='bbox 2894 3104 2931 3143; x_wconf 91' lang='lat' dir='ltr'>a</span> <span class='ocrx_word' id='word_1_466' title='bbox 2980 3087 3228 3145; x_wconf 86' lang='lat' dir='ltr'>veritate</span> <span class='ocrx_word' id='word_1_467' title='bbox 3273 3087 3603 3160; x_wconf 90' lang='lat' dir='ltr'>aberrabis,</span> 
     </span>
    </p>
   </div>
   <div class='ocr_carea' id='block_1_68' title="bbox 1954 3174 3604 3248">
    <p class='ocr_par' dir='ltr' id='par_1_68' title="bbox 1954 3174 3604 3248">
     <span class='ocr_line' id='line_1_68' title="bbox 1954 3174 3604 3248; baseline 0.003 -17"><span class='ocrx_word' id='word_1_468' title='bbox 1954 3190 2151 3247; x_wconf 91' lang='lat' dir='ltr'>neque</span> <span class='ocrx_word' id='word_1_469' title='bbox 2180 3190 2292 3230; x_wconf 91' lang='lat' dir='ltr'>nos</span> <span class='ocrx_word' id='word_1_470' title='bbox 2316 3174 2658 3247; x_wconf 87' lang='lat' dir='ltr'>quidquam</span> <span class='ocrx_word' id='word_1_471' title='bbox 2696 3174 2931 3231; x_wconf 90' lang='lat' dir='ltr'>molesti</span> <span class='ocrx_word' id='word_1_472' title='bbox 2956 3176 3276 3248; x_wconf 89' lang='lat' dir='ltr'>patiemur.</span> <span class='ocrx_word' id='word_1_473' title='bbox 3302 3181 3469 3248; x_wconf 80' lang='lat' dir='ltr'>Roga</span> <span class='ocrx_word' id='word_1_474' title='bbox 3494 3178 3604 3248; x_wconf 88' lang='lat' dir='ltr'>igi-</span> 
     </span>
    </p>
   </div>
   <div class='ocr_carea' id='block_1_69' title="bbox 1955 3263 3608 3341">
    <p class='ocr_par' dir='ltr' id='par_1_69' title="bbox 1955 3263 3608 3341">
     <span class='ocr_line' id='line_1_69' title="bbox 1955 3263 3608 3341; baseline 0.002 -20"><span class='ocrx_word' id='word_1_475' title='bbox 1955 3270 2069 3322; x_wconf 88' lang='lat' dir='ltr'>tur.</span> <span class='ocrx_word' id='word_1_476' title='bbox 2100 3268 2163 3319; x_wconf 89' lang='lat' dir='ltr'>ut</span> <span class='ocrx_word' id='word_1_477' title='bbox 2210 3279 2350 3319; x_wconf 90' lang='lat' dir='ltr'>cum</span> <span class='ocrx_word' id='word_1_478' title='bbox 2387 3278 2654 3336; x_wconf 90' lang='lat' dir='ltr'>persona</span> <span class='ocrx_word' id='word_1_479' title='bbox 2700 3263 2762 3319; x_wconf 91' lang='lat' dir='ltr'>in</span> <span class='ocrx_word' id='word_1_480' title='bbox 2811 3268 2939 3321; x_wconf 89' lang='lat' dir='ltr'>tuto</span> <span class='ocrx_word' id='word_1_481' title='bbox 2981 3266 3179 3338; x_wconf 89' lang='lat' dir='ltr'>posita</span> <span class='ocrx_word' id='word_1_482' title='bbox 3226 3267 3299 3323; x_wconf 86' lang='lat' dir='ltr'>sit</span> <span class='ocrx_word' id='word_1_483' title='bbox 3339 3271 3522 3341; x_wconf 88' lang='lat' dir='ltr'>atque</span> <span class='ocrx_word' id='word_1_484' title='bbox 3569 3283 3608 3324; x_wconf 92' lang='lat' dir='ltr'>a</span> 
     </span>
    </p>
   </div>
   <div class='ocr_carea' id='block_1_70' title="bbox 1957 3351 3607 3422">
    <p class='ocr_par' dir='ltr' id='par_1_70' title="bbox 1957 3351 3607 3422">
     <span class='ocr_line' id='line_1_70' title="bbox 1957 3351 3607 3422; baseline 0.002 -14"><span class='ocrx_word' id='word_1_485' title='bbox 1957 3353 2199 3408; x_wconf 87' lang='lat' dir='ltr'>cohorte</span> <span class='ocrx_word' id='word_1_486' title='bbox 2229 3351 2583 3422; x_wconf 87' lang='lat' dir='ltr'>detineatur,</span> <span class='ocrx_word' id='word_1_487' title='bbox 2620 3351 2780 3408; x_wconf 89' lang='lat' dir='ltr'>hanc</span> <span class='ocrx_word' id='word_1_488' title='bbox 2824 3353 3079 3422; x_wconf 86' lang='lat' dir='ltr'>gratiam</span> <span class='ocrx_word' id='word_1_489' title='bbox 3128 3354 3403 3413; x_wconf 89' lang='lat' dir='ltr'>molestia</span> <span class='ocrx_word' id='word_1_490' title='bbox 3429 3359 3488 3413; x_wconf 88' lang='lat' dir='ltr'>et</span> <span class='ocrx_word' id='word_1_491' title='bbox 3514 3354 3607 3412; x_wconf 89' lang='lat' dir='ltr'>in-</span> 
     </span>
    </p>
   </div>
   <div class='ocr_carea' id='block_1_71' title="bbox 1890 3441 3124 3515">
    <p class='ocr_par' dir='ltr' id='par_1_71' title="bbox 1890 3441 3124 3515">
     <span class='ocr_line' id='line_1_71' title="bbox 1890 3441 3124 3515; baseline -0.001 -14"><span class='ocrx_word' id='word_1_492' title='bbox 1890 3446 1930 3501; x_wconf 91' lang='lat' dir='ltr'><strong>C</strong></span> <span class='ocrx_word' id='word_1_493' title='bbox 1958 3442 2122 3499; x_wconf 82' lang='lat' dir='ltr'>vidia</span> <span class='ocrx_word' id='word_1_494' title='bbox 2150 3446 2454 3499; x_wconf 89' lang='lat' dir='ltr'>carentem</span> <span class='ocrx_word' id='word_1_495' title='bbox 2478 3441 2657 3497; x_wconf 90' lang='lat' dir='ltr'>nobis</span> <span class='ocrx_word' id='word_1_496' title='bbox 2687 3457 2812 3499; x_wconf 88' lang='lat' dir='ltr'>non</span> <span class='ocrx_word' id='word_1_497' title='bbox 2837 3442 3124 3515; x_wconf 86' lang='lat' dir='ltr'>deneges.</span> 
     </span>
    </p>
   </div>
   <div class='ocr_carea' id='block_1_72' title="bbox 2464 3594 3154 3653">
    <p class='ocr_par' dir='ltr' id='par_1_72' title="bbox 2464 3594 3154 3653">
     <span class='ocr_line' id='line_1_72' title="bbox 2464 3594 3154 3653; baseline 0.006 -5"><span class='ocrx_word' id='word_1_498' title='bbox 2464 3594 2799 3649; x_wconf 82' lang='lat' dir='ltr'>EPISTOLA</span> <span class='ocrx_word' id='word_1_499' title='bbox 2838 3595 3154 3653; x_wconf 79' lang='lat' dir='ltr'>CXXXVII&#39;.</span> 
     </span>
    </p>
   </div>
   <div class='ocr_carea' id='block_1_73' title="bbox 246 3698 3607 3772">
    <p class='ocr_par' dir='ltr' id='par_1_73' title="bbox 246 3698 3607 3772">
     <span class='ocr_line' id='line_1_73' title="bbox 246 3698 3607 3772; baseline 0.001 -16"><span class='ocrx_word' id='word_1_500' title='bbox 246 3698 529 3756; x_wconf 74' lang='lat' dir='ltr'>Morbum</span> <span class='ocrx_word' id='word_1_501' title='bbox 573 3714 759 3772; x_wconf 82' lang='lat' dir='ltr'>suum.</span> <span class='ocrx_word' id='word_1_502' title='bbox 797 3701 971 3772; x_wconf 86' lang='lat' dir='ltr'>cujus</span> <span class='ocrx_word' id='word_1_503' title='bbox 1017 3704 1156 3772; x_wconf 84' lang='lat' dir='ltr'>tum</span> <span class='ocrx_word' id='word_1_504' title='bbox 1184 3700 1711 3771; x_wconf 73' lang='lat' dir='ltr'>quinquagesimus</span> <span class='ocrx_word' id='word_1_505' title='bbox 1758 3704 1890 3756; x_wconf 91' lang='lat' dir='ltr'>erat</span> <span class='ocrx_word' id='word_1_506' title='bbox 1932 3700 2074 3772; x_wconf 73' lang='lat' dir='ltr'>dies,</span> <span class='ocrx_word' id='word_1_507' title='bbox 2103 3704 2375 3772; x_wconf 76' lang='lat' dir='ltr'>excusat,</span> <span class='ocrx_word' id='word_1_508' title='bbox 2407 3714 2520 3772; x_wconf 84' lang='lat' dir='ltr'>cur</span> <span class='ocrx_word' id='word_1_509' title='bbox 2555 3702 2619 3755; x_wconf 84' lang='lat' dir='ltr'>in</span> <span class='ocrx_word' id='word_1_510' title='bbox 2648 3700 2890 3770; x_wconf 78' lang='lat' dir='ltr'>Syriam</span> <span class='ocrx_word' id='word_1_511' title='bbox 2928 3702 3227 3770; x_wconf 83' lang='lat' dir='ltr'>proﬁcisci</span> <span class='ocrx_word' id='word_1_512' title='bbox 3252 3717 3373 3758; x_wconf 84' lang='lat' dir='ltr'>non</span> <span class='ocrx_word' id='word_1_513' title='bbox 3398 3704 3607 3772; x_wconf 79' lang='lat' dir='ltr'>possit,</span> 
     </span>
    </p>
   </div>
   <div class='ocr_carea' id='block_1_74' title="bbox 366 3770 3607 3842">
    <p class='ocr_par' dir='ltr' id='par_1_74' title="bbox 366 3770 3607 3842">
     <span class='ocr_line' id='line_1_74' title="bbox 366 3770 3607 3842; baseline 0.002 -17"><span class='ocrx_word' id='word_1_514' title='bbox 366 3772 594 3826; x_wconf 85' lang='lat' dir='ltr'>uamvis</span> <span class='ocrx_word' id='word_1_515' title='bbox 631 3771 812 3839; x_wconf 81' lang='lat' dir='ltr'>hujus</span> <span class='ocrx_word' id='word_1_516' title='bbox 856 3771 948 3826; x_wconf 90' lang='lat' dir='ltr'>rei</span> <span class='ocrx_word' id='word_1_517' title='bbox 976 3770 1390 3842; x_wconf 80' lang='lat' dir='ltr'>cupidissimus</span> <span class='ocrx_word' id='word_1_518' title='bbox 1417 3772 1514 3841; x_wconf 89' lang='lat' dir='ltr'>sit,</span> <span class='ocrx_word' id='word_1_519' title='bbox 1543 3776 1609 3826; x_wconf 92' lang='lat' dir='ltr'>ut</span> <span class='ocrx_word' id='word_1_520' title='bbox 1638 3772 1903 3826; x_wconf 81' lang='lat' dir='ltr'>consiliis</span> <span class='ocrx_word' id='word_1_521' title='bbox 1929 3771 2174 3827; x_wconf 83' lang='lat' dir='ltr'>Eusebii</span> <span class='ocrx_word' id='word_1_522' title='bbox 2200 3771 2282 3825; x_wconf 88' lang='lat' dir='ltr'>ad</span> <span class='ocrx_word' id='word_1_523' title='bbox 2309 3771 2526 3838; x_wconf 86' lang='lat' dir='ltr'>multa,</span> <span class='ocrx_word' id='word_1_524' title='bbox 2558 3786 2691 3842; x_wconf 70' lang='lat' dir='ltr'>quas</span> <span class='ocrx_word' id='word_1_525' title='bbox 2727 3772 2991 3828; x_wconf 82' lang='lat' dir='ltr'>scribere</span> <span class='ocrx_word' id='word_1_526' title='bbox 3032 3788 3152 3828; x_wconf 90' lang='lat' dir='ltr'>non</span> <span class='ocrx_word' id='word_1_527' title='bbox 3184 3773 3343 3841; x_wconf 89' lang='lat' dir='ltr'>licet,</span> <span class='ocrx_word' id='word_1_528' title='bbox 3374 3770 3607 3830; x_wconf 76' lang='lat' dir='ltr'>utatur.</span> 
     </span>
    </p>
   </div>
   <div class='ocr_carea' id='block_1_75' title="bbox 352 3841 3612 3913">
    <p class='ocr_par' dir='ltr' id='par_1_75' title="bbox 352 3841 3612 3913">
     <span class='ocr_line' id='line_1_75' title="bbox 352 3841 3612 3913; baseline 0.001 -17"><span class='ocrx_word' id='word_1_529' title='bbox 352 3844 573 3913; x_wconf 80' lang='lat' dir='ltr'>nterim</span> <span class='ocrx_word' id='word_1_530' title='bbox 619 3843 863 3897; x_wconf 87' lang='lat' dir='ltr'>nuntiat</span> <span class='ocrx_word' id='word_1_531' title='bbox 903 3842 958 3898; x_wconf 89' lang='lat' dir='ltr'>ei</span> <span class='ocrx_word' id='word_1_532' title='bbox 1001 3841 1150 3913; x_wconf 88' lang='lat' dir='ltr'>quid</span> <span class='ocrx_word' id='word_1_533' title='bbox 1194 3841 1498 3913; x_wconf 79' lang='lat' dir='ltr'>Euagrius</span> <span class='ocrx_word' id='word_1_534' title='bbox 1549 3844 1737 3899; x_wconf 82' lang='lat' dir='ltr'>Roma</span> <span class='ocrx_word' id='word_1_535' title='bbox 1784 3842 2017 3899; x_wconf 82' lang='lat' dir='ltr'>rediens</span> <span class='ocrx_word' id='word_1_536' title='bbox 2058 3842 2459 3910; x_wconf 83' lang='lat' dir='ltr'>proposuerit.</span> <span class='ocrx_word' id='word_1_537' title='bbox 2501 3841 2731 3898; x_wconf 85' lang='lat' dir='ltr'>Narrat</span> <span class='ocrx_word' id='word_1_538' title='bbox 2774 3842 3123 3899; x_wconf 90' lang='lat' dir='ltr'>Sebastenos</span> <span class='ocrx_word' id='word_1_539' title='bbox 3155 3844 3382 3900; x_wconf 87' lang='lat' dir='ltr'>detecto</span> <span class='ocrx_word' id='word_1_540' title='bbox 3410 3846 3612 3901; x_wconf 87' lang='lat' dir='ltr'>ulcere</span> 
     </span>
    </p>
   </div>
   <div class='ocr_carea' id='block_1_76' title="bbox 317 3912 3606 3984">
    <p class='ocr_par' dir='ltr' id='par_1_76' title="bbox 317 3912 3606 3984">
     <span class='ocr_line' id='line_1_76' title="bbox 317 3912 3606 3984; baseline 0.001 -15"><span class='ocrx_word' id='word_1_541' title='bbox 317 3912 632 3969; x_wconf 81' lang='lat' dir='ltr'>Eustathii</span> <span class='ocrx_word' id='word_1_542' title='bbox 650 3914 733 3969; x_wconf 87' lang='lat' dir='ltr'>ad</span> <span class='ocrx_word' id='word_1_543' title='bbox 754 3927 817 3968; x_wconf 92' lang='lat' dir='ltr'>se</span> <span class='ocrx_word' id='word_1_544' title='bbox 837 3912 1182 3983; x_wconf 81' lang='lat' dir='ltr'>confugere,</span> <span class='ocrx_word' id='word_1_545' title='bbox 1204 3928 1380 3984; x_wconf 88' lang='lat' dir='ltr'>seque</span> <span class='ocrx_word' id='word_1_546' title='bbox 1408 3914 1483 3969; x_wconf 93' lang='lat' dir='ltr'>ab</span> <span class='ocrx_word' id='word_1_547' title='bbox 1510 3913 1917 3970; x_wconf 86' lang='lat' dir='ltr'>Iconiensibus</span> <span class='ocrx_word' id='word_1_548' title='bbox 1948 3913 2256 3983; x_wconf 85' lang='lat' dir='ltr'>advocari,</span> <span class='ocrx_word' id='word_1_549' title='bbox 2279 3918 2344 3968; x_wconf 87' lang='lat' dir='ltr'>ut</span> <span class='ocrx_word' id='word_1_550' title='bbox 2371 3914 2709 3983; x_wconf 87' lang='lat' dir='ltr'>episcopum</span> <span class='ocrx_word' id='word_1_551' title='bbox 2732 3914 2857 3969; x_wconf 85' lang='lat' dir='ltr'>illis</span> <span class='ocrx_word' id='word_1_552' title='bbox 2888 3914 3007 3984; x_wconf 88' lang='lat' dir='ltr'>det,</span> <span class='ocrx_word' id='word_1_553' title='bbox 3030 3919 3266 3970; x_wconf 87' lang='lat' dir='ltr'>mortuo</span> <span class='ocrx_word' id='word_1_554' title='bbox 3289 3916 3606 3973; x_wconf 86' lang='lat' dir='ltr'>Faustino.</span> 
     </span>
    </p>
   </div>
   <div class='ocr_carea' id='block_1_77' title="bbox 320 3984 1669 4057">
    <p class='ocr_par' dir='ltr' id='par_1_77' title="bbox 320 3984 1669 4057">
     <span class='ocr_line' id='line_1_77' title="bbox 320 3984 1669 4057; baseline 0 -18"><span class='ocrx_word' id='word_1_555' title='bbox 320 3985 431 4040; x_wconf 84' lang='lat' dir='ltr'>His</span> <span class='ocrx_word' id='word_1_556' title='bbox 461 3984 535 4040; x_wconf 87' lang='lat' dir='ltr'>de</span> <span class='ocrx_word' id='word_1_557' title='bbox 563 3984 738 4040; x_wconf 89' lang='lat' dir='ltr'>rebus</span> <span class='ocrx_word' id='word_1_558' title='bbox 768 3985 1085 4040; x_wconf 87' lang='lat' dir='ltr'>consilium</span> <span class='ocrx_word' id='word_1_559' title='bbox 1115 3985 1380 4057; x_wconf 73' lang='lat' dir='ltr'>exquirit</span> <span class='ocrx_word' id='word_1_560' title='bbox 1406 3985 1669 4041; x_wconf 87' lang='lat' dir='ltr'>Eusebii.</span> 
     </span>
    </p>
   </div>
   <div class='ocr_carea' id='block_1_78' title="bbox 580 4134 1516 4208">
    <p class='ocr_par' dir='ltr' id='par_1_78' title="bbox 580 4134 1516 4208">
     <span class='ocr_line' id='line_1_78' title="bbox 580 4134 1516 4208; baseline -0.001 -19"><span class='ocrx_word' id='word_1_561' title='bbox 580 4134 833 4207; x_wconf 71' lang='grc' dir='ltr'>Εὑσεϐίῳ,</span> <span class='ocrx_word' id='word_1_562' title='bbox 876 4134 1142 4207; x_wconf 82' lang='grc' dir='ltr'>ἐπισκόπῳ</span> <span class='ocrx_word' id='word_1_563' title='bbox 1183 4138 1516 4208; x_wconf 78' lang='grc' dir='ltr'>Σαμοσάτων.</span> 
     </span>
    </p>
   </div>
   <div class='ocr_carea' id='block_1_79' title="bbox 324 4241 1852 4314">
    <p class='ocr_par' dir='ltr' id='par_1_79' title="bbox 324 4241 1852 4314">
     <span class='ocr_line' id='line_1_79' title="bbox 324 4241 1852 4314; baseline -0.001 -17"><span class='ocrx_word' id='word_1_564' title='bbox 324 4250 376 4302; x_wconf 72' lang='grc'><strong>1.</strong></span> <span class='ocrx_word' id='word_1_565' title='bbox 414 4251 544 4297; x_wconf 84' lang='grc' dir='ltr'>Τινα</span> <span class='ocrx_word' id='word_1_566' title='bbox 590 4261 654 4314; x_wconf 84' lang='grc' dir='ltr'>με</span> <span class='ocrx_word' id='word_1_567' title='bbox 700 4246 795 4295; x_wconf 82' lang='grc' dir='ltr'>οἴει</span> <span class='ocrx_word' id='word_1_568' title='bbox 836 4241 1023 4314; x_wconf 74' lang='grc' dir='ltr'>ψυχὴν</span> <span class='ocrx_word' id='word_1_569' title='bbox 1073 4242 1376 4314; x_wconf 79' lang='grc' dir='ltr'>ἐσχηκέναι,</span> <span class='ocrx_word' id='word_1_570' title='bbox 1413 4244 1495 4295; x_wconf 86' lang='grc' dir='ltr'>ὅτε</span> <span class='ocrx_word' id='word_1_571' title='bbox 1522 4247 1617 4302; x_wconf 79' lang='grc' dir='ltr'>τὴν</span> <span class='ocrx_word' id='word_1_572' title='bbox 1648 4243 1852 4296; x_wconf 62' lang='grc' dir='ltr'>ἐπιστου</span> 
     </span>
    </p>
   </div>
   <div class='ocr_carea' id='block_1_80' title="bbox 244 4330 1854 4406">
    <p class='ocr_par' dir='ltr' id='par_1_80' title="bbox 244 4330 1854 4406">
     <span class='ocr_line' id='line_1_80' title="bbox 244 4330 1854 4406; baseline -0.001 -21"><span class='ocrx_word' id='word_1_573' title='bbox 244 4334 344 4391; x_wconf 76' lang='grc' dir='ltr'>λήν</span> <span class='ocrx_word' id='word_1_574' title='bbox 392 4330 653 4404; x_wconf 78' lang='grc' dir='ltr'>ἐδεξάμην</span> <span class='ocrx_word' id='word_1_575' title='bbox 691 4339 787 4393; x_wconf 79' lang='grc' dir='ltr'>τῆς</span> <span class='ocrx_word' id='word_1_576' title='bbox 831 4330 1124 4393; x_wconf 74' lang='grc' dir='ltr'>θεοσεϐείας</span> <span class='ocrx_word' id='word_1_577' title='bbox 1162 4349 1296 4399; x_wconf 83' lang='grc' dir='ltr'>σου;</span> <span class='ocrx_word' id='word_1_578' title='bbox 1333 4332 1392 4385; x_wconf 83' lang='grc' dir='ltr'>Εἰ</span> <span class='ocrx_word' id='word_1_579' title='bbox 1439 4335 1528 4404; x_wconf 73' lang='grc' dir='ltr'>μεν</span> <span class='ocrx_word' id='word_1_580' title='bbox 1575 4335 1675 4406; x_wconf 77' lang='grc' dir='ltr'>γὰρ</span> <span class='ocrx_word' id='word_1_581' title='bbox 1724 4335 1854 4406; x_wconf 89' lang='grc' dir='ltr'>πρός</span> 
     </span>
    </p>
   </div>
   <div class='ocr_carea' id='block_1_81' title="bbox 249 4417 1852 4496">
    <p class='ocr_par' dir='ltr' id='par_1_81' title="bbox 249 4417 1852 4496">
     <span class='ocr_line' id='line_1_81' title="bbox 249 4417 1852 4496; baseline -0.001 -22"><span class='ocrx_word' id='word_1_582' title='bbox 249 4428 345 4480; x_wconf 68' lang='grc' dir='ltr'>τήν</span> <span class='ocrx_word' id='word_1_583' title='bbox 391 4421 438 4474; x_wconf 77' lang='grc' dir='ltr'>ἐν</span> <span class='ocrx_word' id='word_1_584' title='bbox 482 4428 556 4491; x_wconf 79' lang='grc' dir='ltr'>τῷ</span> <span class='ocrx_word' id='word_1_585' title='bbox 604 4423 878 4496; x_wconf 72' lang='grc' dir='ltr'>γράμματι</span> <span class='ocrx_word' id='word_1_586' title='bbox 922 4417 1136 4473; x_wconf 71' lang='grc' dir='ltr'>ἀπεῖδον</span> <span class='ocrx_word' id='word_1_587' title='bbox 1178 4417 1436 4493; x_wconf 74' lang='grc' dir='ltr'>διάθεσιν,</span> <span class='ocrx_word' id='word_1_588' title='bbox 1467 4421 1618 4482; x_wconf 68' lang='grc' dir='ltr'>εὐθὺς</span> <span class='ocrx_word' id='word_1_589' title='bbox 1669 4424 1852 4493; x_wconf 82' lang='grc' dir='ltr'>ὥρμων</span> 
     </span>
    </p>
   </div>
   <div class='ocr_carea' id='block_1_82' title="bbox 248 4506 1854 4585">
    <p class='ocr_par' dir='ltr' id='par_1_82' title="bbox 248 4506 1854 4585">
     <span class='ocr_line' id='line_1_82' title="bbox 248 4506 1854 4585; baseline -0.002 -20"><span class='ocrx_word' id='word_1_590' title='bbox 248 4513 502 4565; x_wconf 79' lang='grc' dir='ltr'>πέτεσθαι</span> <span class='ocrx_word' id='word_1_591' title='bbox 550 4515 644 4569; x_wconf 83' lang='grc' dir='ltr'>τὴν</span> <span class='ocrx_word' id='word_1_592' title='bbox 707 4509 853 4569; x_wconf 68' lang='grc' dir='ltr'>εὐθὺς</span> <span class='ocrx_word' id='word_1_593' title='bbox 899 4512 1108 4582; x_wconf 86' lang='grc' dir='ltr'>Σύρων·</span> <span class='ocrx_word' id='word_1_594' title='bbox 1166 4509 1209 4563; x_wconf 86' lang='grc' dir='ltr'>εἰ</span> <span class='ocrx_word' id='word_1_595' title='bbox 1257 4506 1317 4562; x_wconf 72' lang='grc' dir='ltr'>δὲ</span> <span class='ocrx_word' id='word_1_596' title='bbox 1362 4514 1494 4583; x_wconf 83' lang='grc' dir='ltr'>πρὸς</span> <span class='ocrx_word' id='word_1_597' title='bbox 1539 4514 1633 4569; x_wconf 86' lang='grc' dir='ltr'>τὴν</span> <span class='ocrx_word' id='word_1_598' title='bbox 1687 4508 1854 4585; x_wconf 72' lang='grc' dir='ltr'>ἀρρω-</span> 
     </span>
    </p>
   </div>
   <div class='ocr_carea' id='block_1_83' title="bbox 252 4595 1850 4672">
    <p class='ocr_par' dir='ltr' id='par_1_83' title="bbox 252 4595 1850 4672">
     <span class='ocr_line' id='line_1_83' title="bbox 252 4595 1850 4672; baseline -0.002 -19"><span class='ocrx_word' id='word_1_599' title='bbox 252 4606 407 4654; x_wconf 85' lang='grc' dir='ltr'>στίαν</span> <span class='ocrx_word' id='word_1_600' title='bbox 473 4606 566 4651; x_wconf 79' lang='grc' dir='ltr'>τοῦ</span> <span class='ocrx_word' id='word_1_601' title='bbox 629 4604 889 4672; x_wconf 84' lang='grc' dir='ltr'>σώματος,</span> <span class='ocrx_word' id='word_1_602' title='bbox 949 4598 1033 4670; x_wconf 74' lang='grc' dir='ltr'>ὑφ’</span> <span class='ocrx_word' id='word_1_603' title='bbox 1090 4600 1149 4659; x_wconf 80' lang='grc' dir='ltr'>ἧς</span> <span class='ocrx_word' id='word_1_604' title='bbox 1213 4595 1562 4672; x_wconf 78' lang='grc' dir='ltr'>πεπεδημένος</span> <span class='ocrx_word' id='word_1_605' title='bbox 1622 4599 1850 4672; x_wconf 83' lang='grc' dir='ltr'>ἐκείμην,</span> 
     </span>
    </p>
   </div>
   <div class='ocr_carea' id='block_1_84' title="bbox 2241 4135 3334 4207">
    <p class='ocr_par' dir='ltr' id='par_1_84' title="bbox 2241 4135 3334 4207">
     <span class='ocr_line' id='line_1_84' title="bbox 2241 4135 3334 4207; baseline 0.003 -15"><span class='ocrx_word' id='word_1_606' title='bbox 2241 4135 2516 4204; x_wconf 87' lang='lat' dir='ltr'>Eusebio,</span> <span class='ocrx_word' id='word_1_607' title='bbox 2557 4137 2828 4207; x_wconf 90' lang='lat' dir='ltr'>episcopo</span> <span class='ocrx_word' id='word_1_608' title='bbox 2865 4136 3334 4195; x_wconf 88' lang='lat' dir='ltr'>Samosatorum.</span> 
     </span>
    </p>
   </div>
   <div class='ocr_carea' id='block_1_85' title="bbox 2038 4243 3613 4317">
    <p class='ocr_par' dir='ltr' id='par_1_85' title="bbox 2038 4243 3613 4317">
     <span class='ocr_line' id='line_1_85' title="bbox 2038 4243 3613 4317; baseline 0.002 -19"><span class='ocrx_word' id='word_1_609' title='bbox 2038 4248 2086 4298; x_wconf 82' lang='lat' dir='ltr'><strong>I.</strong></span> <span class='ocrx_word' id='word_1_610' title='bbox 2124 4245 2253 4310; x_wconf 87' lang='lat' dir='ltr'>Quo</span> <span class='ocrx_word' id='word_1_611' title='bbox 2280 4258 2375 4298; x_wconf 92' lang='lat' dir='ltr'>me</span> <span class='ocrx_word' id='word_1_612' title='bbox 2405 4243 2609 4299; x_wconf 90' lang='lat' dir='ltr'>animo</span> <span class='ocrx_word' id='word_1_613' title='bbox 2653 4247 2829 4316; x_wconf 90' lang='lat' dir='ltr'>putas</span> <span class='ocrx_word' id='word_1_614' title='bbox 2871 4243 3076 4312; x_wconf 84' lang='lat' dir='ltr'>fuisse,</span> <span class='ocrx_word' id='word_1_615' title='bbox 3113 4261 3252 4301; x_wconf 91' lang='lat' dir='ltr'>cum</span> <span class='ocrx_word' id='word_1_616' title='bbox 3294 4245 3613 4317; x_wconf 90' lang='lat' dir='ltr'>epistolam</span> 
     </span>
    </p>
   </div>
   <div class='ocr_carea' id='block_1_86' title="bbox 1962 4332 3614 4406">
    <p class='ocr_par' dir='ltr' id='par_1_86' title="bbox 1962 4332 3614 4406">
     <span class='ocr_line' id='line_1_86' title="bbox 1962 4332 3614 4406; baseline 0.001 -18"><span class='ocrx_word' id='word_1_617' title='bbox 1962 4333 2168 4405; x_wconf 89' lang='lat' dir='ltr'>accepi</span> <span class='ocrx_word' id='word_1_618' title='bbox 2216 4332 2453 4405; x_wconf 87' lang='lat' dir='ltr'>pietatis</span> <span class='ocrx_word' id='word_1_619' title='bbox 2505 4333 2667 4387; x_wconf 73' lang='lat' dir='ltr'>tute?</span> <span class='ocrx_word' id='word_1_620' title='bbox 2697 4333 2753 4389; x_wconf 92' lang='lat' dir='ltr'>Si</span> <span class='ocrx_word' id='word_1_621' title='bbox 2800 4334 2962 4389; x_wconf 90' lang='lat' dir='ltr'>enim</span> <span class='ocrx_word' id='word_1_622' title='bbox 3005 4335 3084 4389; x_wconf 91' lang='lat' dir='ltr'>ad</span> <span class='ocrx_word' id='word_1_623' title='bbox 3133 4333 3398 4390; x_wconf 89' lang='lat' dir='ltr'>studium</span> <span class='ocrx_word' id='word_1_624' title='bbox 3446 4334 3614 4406; x_wconf 91' lang='lat' dir='ltr'>quod</span> 
     </span>
    </p>
   </div>
   <div class='ocr_carea' id='block_1_87' title="bbox 1963 4420 3613 4494">
    <p class='ocr_par' dir='ltr' id='par_1_87' title="bbox 1963 4420 3613 4494">
     <span class='ocr_line' id='line_1_87' title="bbox 1963 4420 3613 4494; baseline 0.001 -16"><span class='ocrx_word' id='word_1_625' title='bbox 1963 4422 2109 4478; x_wconf 86' lang='lat' dir='ltr'>mihi</span> <span class='ocrx_word' id='word_1_626' title='bbox 2156 4421 2215 4477; x_wconf 89' lang='lat' dir='ltr'>in</span> <span class='ocrx_word' id='word_1_627' title='bbox 2266 4420 2521 4494; x_wconf 87' lang='lat' dir='ltr'>epistola</span> <span class='ocrx_word' id='word_1_628' title='bbox 2550 4420 2919 4491; x_wconf 86' lang='lat' dir='ltr'>signiﬁcasti,</span> <span class='ocrx_word' id='word_1_629' title='bbox 2959 4422 3378 4493; x_wconf 89' lang='lat' dir='ltr'>respiciebam,</span> <span class='ocrx_word' id='word_1_630' title='bbox 3412 4422 3613 4480; x_wconf 87' lang='lat' dir='ltr'>statim</span> 
     </span>
    </p>
   </div>
   <div class='ocr_carea' id='block_1_88' title="bbox 1962 4509 3613 4582">
    <p class='ocr_par' dir='ltr' id='par_1_88' title="bbox 1962 4509 3613 4582">
     <span class='ocr_line' id='line_1_88' title="bbox 1962 4509 3613 4582; baseline 0.001 -16"><span class='ocrx_word' id='word_1_631' title='bbox 1962 4514 2026 4566; x_wconf 90' lang='lat' dir='ltr'>ut</span> <span class='ocrx_word' id='word_1_632' title='bbox 2056 4515 2216 4566; x_wconf 88' lang='lat' dir='ltr'>recta</span> <span class='ocrx_word' id='word_1_633' title='bbox 2247 4509 2325 4565; x_wconf 89' lang='lat' dir='ltr'>ad</span> <span class='ocrx_word' id='word_1_634' title='bbox 2356 4512 2539 4582; x_wconf 89' lang='lat' dir='ltr'>Syros</span> <span class='ocrx_word' id='word_1_635' title='bbox 2578 4509 2984 4577; x_wconf 90' lang='lat' dir='ltr'>convolarem,</span> <span class='ocrx_word' id='word_1_636' title='bbox 3018 4509 3312 4567; x_wconf 89' lang='lat' dir='ltr'>incitabar</span> <span class='ocrx_word' id='word_1_637' title='bbox 3339 4529 3352 4579; x_wconf 92' lang='lat'>;</span> <span class='ocrx_word' id='word_1_638' title='bbox 3383 4510 3475 4567; x_wconf 90' lang='lat' dir='ltr'>sin</span> <span class='ocrx_word' id='word_1_639' title='bbox 3505 4527 3613 4568; x_wconf 85' lang='lat' dir='ltr'>au-</span> 
     </span>
    </p>
   </div>
   <div class='ocr_carea' id='block_1_89' title="bbox 1962 4598 3616 4673">
    <p class='ocr_par' dir='ltr' id='par_1_89' title="bbox 1962 4598 3616 4673">
     <span class='ocr_line' id='line_1_89' title="bbox 1962 4598 3616 4673; baseline 0 -16"><span class='ocrx_word' id='word_1_640' title='bbox 1962 4604 2080 4657; x_wconf 90' lang='lat' dir='ltr'>tem</span> <span class='ocrx_word' id='word_1_641' title='bbox 2102 4600 2180 4656; x_wconf 92' lang='lat' dir='ltr'>ad</span> <span class='ocrx_word' id='word_1_642' title='bbox 2203 4598 2471 4673; x_wconf 87' lang='lat' dir='ltr'>corporis</span> <span class='ocrx_word' id='word_1_643' title='bbox 2495 4598 2980 4665; x_wconf 88' lang='lat' dir='ltr'>imbecillitatem,</span> <span class='ocrx_word' id='word_1_644' title='bbox 2995 4615 3116 4673; x_wconf 90' lang='lat' dir='ltr'>qua</span> <span class='ocrx_word' id='word_1_645' title='bbox 3141 4599 3493 4657; x_wconf 87' lang='lat' dir='ltr'>constrictus</span> <span class='ocrx_word' id='word_1_646' title='bbox 3515 4600 3616 4657; x_wconf 86' lang='lat' dir='ltr'>de-</span> 
     </span>
    </p>
   </div>
   <div class='ocr_carea' id='block_1_90' title="bbox 251 4671 1846 4762">
    <p class='ocr_par' dir='ltr' id='par_1_90' title="bbox 251 4686 1846 4762">
     <span class='ocr_line' id='line_1_90' title="bbox 251 4686 1846 4762; baseline -0.003 -20"><span class='ocrx_word' id='word_1_647' title='bbox 251 4690 561 4762; x_wconf 68' lang='grc' dir='ltr'>ᾑσθανόμην</span> <span class='ocrx_word' id='word_1_648' title='bbox 620 4687 748 4759; x_wconf 83' lang='grc' dir='ltr'>ούχὶ</span> <span class='ocrx_word' id='word_1_649' title='bbox 803 4694 895 4739; x_wconf 76' lang='grc' dir='ltr'>τοῦ</span> <span class='ocrx_word' id='word_1_650' title='bbox 944 4689 1192 4740; x_wconf 77' lang='grc' dir='ltr'>πέτεσθαι</span> <span class='ocrx_word' id='word_1_651' title='bbox 1239 4692 1410 4760; x_wconf 86' lang='grc' dir='ltr'>μόνον,</span> <span class='ocrx_word' id='word_1_652' title='bbox 1456 4686 1583 4740; x_wconf 78' lang='grc' dir='ltr'>ἀλλὰ</span> <span class='ocrx_word' id='word_1_653' title='bbox 1626 4693 1716 4740; x_wconf 85' lang='grc' dir='ltr'>καὶ</span> <span class='ocrx_word' id='word_1_654' title='bbox 1762 4695 1846 4739; x_wconf 70' lang='grc' dir='ltr'>τοῦ</span> 
     </span>
    </p>
   </div>
   <div class='ocr_carea' id='block_1_91' title="bbox 1955 4671 3613 4762">
    <p class='ocr_par' dir='ltr' id='par_1_91' title="bbox 1967 4671 3613 4762">
     <span class='ocr_line' id='line_1_91' title="bbox 1967 4671 3613 4762; baseline 0.002 -18"><span class='ocrx_word' id='word_1_655' title='bbox 1967 4671 2354 4757; x_wconf 83' lang='lat' dir='ltr'>cumbebam,</span> <span class='ocrx_word' id='word_1_656' title='bbox 2384 4702 2509 4743; x_wconf 91' lang='lat' dir='ltr'>non</span> <span class='ocrx_word' id='word_1_657' title='bbox 2536 4687 2720 4743; x_wconf 92' lang='lat' dir='ltr'>modo</span> <span class='ocrx_word' id='word_1_658' title='bbox 2746 4687 2808 4743; x_wconf 93' lang='lat' dir='ltr'>id</span> <span class='ocrx_word' id='word_1_659' title='bbox 2841 4688 2990 4744; x_wconf 86' lang='lat' dir='ltr'>mihi</span> <span class='ocrx_word' id='word_1_660' title='bbox 3016 4671 3228 4745; x_wconf 79' lang='lat' dir='ltr'>deesse</span> <span class='ocrx_word' id='word_1_661' title='bbox 3259 4690 3613 4762; x_wconf 87' lang='lat' dir='ltr'>sentiebam,</span> 
     </span>
    </p>
   </div>
   <div class='ocr_carea' id='block_1_92' title="bbox 252 4773 1856 4851">
    <p class='ocr_par' dir='ltr' id='par_1_92' title="bbox 252 4773 1856 4851">
     <span class='ocr_line' id='line_1_92' title="bbox 252 4773 1856 4851; baseline -0.001 -20"><span class='ocrx_word' id='word_1_662' title='bbox 252 4779 339 4832; x_wconf 74' lang='grc' dir='ltr'>ἐπὶ</span> <span class='ocrx_word' id='word_1_663' title='bbox 397 4786 495 4839; x_wconf 79' lang='grc' dir='ltr'>τῆς</span> <span class='ocrx_word' id='word_1_664' title='bbox 544 4776 722 4839; x_wconf 82' lang='grc' dir='ltr'>κλίνης</span> <span class='ocrx_word' id='word_1_665' title='bbox 785 4777 1096 4851; x_wconf 73' lang='grc' dir='ltr'>στρέφεσθαι</span> <span class='ocrx_word' id='word_1_666' title='bbox 1157 4773 1340 4839; x_wconf 75' lang='grc' dir='ltr'>ἐνδεῶς</span> <span class='ocrx_word' id='word_1_667' title='bbox 1395 4780 1551 4849; x_wconf 81' lang='grc' dir='ltr'>ἔχων.</span> <span class='ocrx_word' id='word_1_668' title='bbox 1594 4784 1856 4835; x_wconf 82' lang='grc' dir='ltr'>Πεντηκο-</span> 
     </span>
    </p>
   </div>
   <div class='ocr_carea' id='block_1_93' title="bbox 252 4864 1853 4943">
    <p class='ocr_par' dir='ltr' id='par_1_93' title="bbox 252 4864 1853 4943">
     <span class='ocr_line' id='line_1_93' title="bbox 252 4864 1853 4943; baseline 0.001 -23"><span class='ocrx_word' id='word_1_669' title='bbox 252 4874 380 4927; x_wconf 62' lang='grc' dir='ltr'>στῆν</span> <span class='ocrx_word' id='word_1_670' title='bbox 446 4870 549 4942; x_wconf 73' lang='grc' dir='ltr'>γὰρ</span> <span class='ocrx_word' id='word_1_671' title='bbox 608 4870 803 4926; x_wconf 85' lang='grc' dir='ltr'>ταύτην</span> <span class='ocrx_word' id='word_1_672' title='bbox 859 4869 1055 4941; x_wconf 78' lang='grc' dir='ltr'>ἡμέραν</span> <span class='ocrx_word' id='word_1_673' title='bbox 1113 4864 1238 4939; x_wconf 74' lang='grc' dir='ltr'>ἦγον</span> <span class='ocrx_word' id='word_1_674' title='bbox 1304 4867 1352 4920; x_wconf 83' lang='grc' dir='ltr'>ἐν</span> <span class='ocrx_word' id='word_1_675' title='bbox 1413 4876 1474 4940; x_wconf 76' lang='grc' dir='ltr'>τῇ</span> <span class='ocrx_word' id='word_1_676' title='bbox 1544 4866 1853 4943; x_wconf 75' lang='grc' dir='ltr'>ἀρρωστίᾳ,</span> 
     </span>
    </p>
   </div>
   <div class='ocr_carea' id='block_1_94' title="bbox 249 4954 1858 5029">
    <p class='ocr_par' dir='ltr' id='par_1_94' title="bbox 249 4954 1858 5029">
     <span class='ocr_line' id='line_1_94' title="bbox 249 4954 1858 5029; baseline -0.002 -17"><span class='ocrx_word' id='word_1_677' title='bbox 249 4958 371 5012; x_wconf 81' lang='grc' dir='ltr'>καθ’</span> <span class='ocrx_word' id='word_1_678' title='bbox 412 4960 477 5018; x_wconf 72' lang='grc' dir='ltr'>ἦν</span> <span class='ocrx_word' id='word_1_679' title='bbox 526 4957 714 5016; x_wconf 77' lang='grc' dir='ltr'>ἐπέστη</span> <span class='ocrx_word' id='word_1_680' title='bbox 764 4959 887 5029; x_wconf 80' lang='grc' dir='ltr'>ἡμῖν</span> <span class='ocrx_word' id='word_1_681' title='bbox 933 4957 958 5007; x_wconf 91' lang='lat'>6</span> <span class='ocrx_word' id='word_1_682' title='bbox 996 4955 1266 5028; x_wconf 77' lang='grc' dir='ltr'>ἀγαπητός</span> <span class='ocrx_word' id='word_1_683' title='bbox 1308 4961 1393 5009; x_wconf 80' lang='grc' dir='ltr'>καὶ</span> <span class='ocrx_word' id='word_1_684' title='bbox 1444 4954 1858 5018; x_wconf 79' lang='grc' dir='ltr'>σπουδαιότατος</span> 
     </span>
    </p>
   </div>
   <div class='ocr_carea' id='block_1_95' title="bbox 252 5042 1858 5120">
    <p class='ocr_par' dir='ltr' id='par_1_95' title="bbox 252 5042 1858 5120">
     <span class='ocr_line' id='line_1_95' title="bbox 252 5042 1858 5120; baseline -0.002 -19"><span class='ocrx_word' id='word_1_685' title='bbox 252 5045 481 5120; x_wconf 70' lang='grc' dir='ltr'>ἁδελφὸς</span> <span class='ocrx_word' id='word_1_686' title='bbox 527 5049 673 5120; x_wconf 79' lang='grc' dir='ltr'>ἡμῶν</span> <span class='ocrx_word' id='word_1_687' title='bbox 715 5043 1057 5107; x_wconf 76' lang='grc' dir='ltr'>συνδιάκονος</span> <span class='ocrx_word' id='word_1_688' title='bbox 1096 5042 1362 5108; x_wconf 75' lang='grc' dir='ltr'>Ἐλπίδιος</span> <span class='ocrx_word' id='word_1_689' title='bbox 1387 5067 1399 5080; x_wconf 88' lang='grc'><strong>·</strong></span> <span class='ocrx_word' id='word_1_690' title='bbox 1440 5046 1604 5099; x_wconf 81' lang='grc' dir='ltr'>πολλὰ</span> <span class='ocrx_word' id='word_1_691' title='bbox 1649 5049 1738 5119; x_wconf 71' lang='grc' dir='ltr'>μεν</span> <span class='ocrx_word' id='word_1_692' title='bbox 1786 5054 1858 5117; x_wconf 81' lang='grc' dir='ltr'>τῷ</span> 
     </span>
    </p>
   </div>
   <div class='ocr_carea' id='block_1_96' title="bbox 250 5133 1857 5213">
    <p class='ocr_par' dir='ltr' id='par_1_96' title="bbox 250 5133 1857 5213">
     <span class='ocr_line' id='line_1_96' title="bbox 250 5133 1857 5213; baseline -0.003 -23"><span class='ocrx_word' id='word_1_693' title='bbox 250 5138 461 5213; x_wconf 80' lang='grc' dir='ltr'>πνρετῷ</span> <span class='ocrx_word' id='word_1_694' title='bbox 507 5133 831 5197; x_wconf 77' lang='grc' dir='ltr'>δαπανηθεὶς</span> <span class='ocrx_word' id='word_1_695' title='bbox 855 5156 867 5168; x_wconf 90' lang='grc'><strong>·</strong></span> <span class='ocrx_word' id='word_1_696' title='bbox 902 5135 978 5198; x_wconf 87' lang='grc' dir='ltr'>ὃς,</span> <span class='ocrx_word' id='word_1_697' title='bbox 1020 5133 1213 5209; x_wconf 80' lang='grc' dir='ltr'>ἀπορίᾳ</span> <span class='ocrx_word' id='word_1_698' title='bbox 1250 5144 1341 5195; x_wconf 83' lang='grc' dir='ltr'>τῆς</span> <span class='ocrx_word' id='word_1_699' title='bbox 1382 5136 1671 5209; x_wconf 72' lang='grc' dir='ltr'>τρεφούσης</span> <span class='ocrx_word' id='word_1_700' title='bbox 1704 5134 1857 5186; x_wconf 71' lang='grc' dir='ltr'>αὐτὸν</span> 
     </span>
    </p>
   </div>
   <div class='ocr_carea' id='block_1_97' title="bbox 323 5257 1859 5333">
    <p class='ocr_par' dir='ltr' id='par_1_97' title="bbox 323 5257 1859 5333">
     <span class='ocr_line' id='line_1_97' title="bbox 323 5257 1859 5333; baseline -0.003 -16"><span class='ocrx_word' id='word_1_701' title='bbox 323 5263 441 5331; x_wconf 77' lang='lat'>(5&#39;2)</span> <span class='ocrx_word' id='word_1_702' title='bbox 480 5257 623 5333; x_wconf 75' lang='grc' dir='ltr'>Ἤδη</span> <span class='ocrx_word' id='word_1_703' title='bbox 652 5261 1111 5333; x_wconf 32' lang='grc' dir='ltr'>προσκαθέζομαι..</span> <span class='ocrx_word' id='word_1_704' title='bbox 1145 5258 1229 5314; x_wconf 88' lang='lat' dir='ltr'>Ita</span> <span class='ocrx_word' id='word_1_705' title='bbox 1259 5258 1413 5333; x_wconf 67' lang='lat' dir='ltr'>ﬂarl.</span> <span class='ocrx_word' id='word_1_706' title='bbox 1451 5262 1509 5315; x_wconf 89' lang='lat' dir='ltr'>et</span> <span class='ocrx_word' id='word_1_707' title='bbox 1540 5257 1697 5333; x_wconf 39' lang='lat' dir='ltr'>sled:</span> <span class='ocrx_word' id='word_1_708' title='bbox 1718 5273 1859 5313; x_wconf 91' lang='lat' dir='ltr'>cum</span> 
     </span>
    </p>
   </div>
   <div class='ocr_carea' id='block_1_98' title="bbox 252 5327 1861 5400">
    <p class='ocr_par' dir='ltr' id='par_1_98' title="bbox 252 5327 1861 5400">
     <span class='ocr_line' id='line_1_98' title="bbox 252 5327 1861 5400; baseline -0.003 -11"><span class='ocrx_word' id='word_1_709' title='bbox 252 5327 444 5389; x_wconf 79' lang='lat' dir='ltr'>tribus</span> <span class='ocrx_word' id='word_1_710' title='bbox 493 5332 646 5389; x_wconf 86' lang='lat' dir='ltr'>aliis.</span> <span class='ocrx_word' id='word_1_711' title='bbox 692 5327 902 5388; x_wconf 85' lang='lat' dir='ltr'>Deerat</span> <span class='ocrx_word' id='word_1_712' title='bbox 947 5327 1054 5389; x_wconf 71' lang='grc' dir='ltr'>ἤδη</span> <span class='ocrx_word' id='word_1_713' title='bbox 1097 5329 1159 5385; x_wconf 91' lang='lat' dir='ltr'>in</span> <span class='ocrx_word' id='word_1_714' title='bbox 1206 5329 1403 5395; x_wconf 88' lang='lat' dir='ltr'>editis,</span> <span class='ocrx_word' id='word_1_715' title='bbox 1445 5334 1502 5386; x_wconf 90' lang='lat' dir='ltr'>et</span> <span class='ocrx_word' id='word_1_716' title='bbox 1548 5328 1861 5400; x_wconf 87' lang='lat' dir='ltr'>legebatur</span> 
     </span>
    </p>
   </div>
   <div class='ocr_carea' id='block_1_99' title="bbox 253 5407 713 5476">
    <p class='ocr_par' dir='ltr' id='par_1_99' title="bbox 253 5407 713 5476">
     <span class='ocr_line' id='line_1_99' title="bbox 253 5407 713 5476; baseline 0.004 -20"><span class='ocrx_word' id='word_1_717' title='bbox 253 5407 713 5476; x_wconf 76' lang='grc' dir='ltr'>προσκαθέσομαι.</span> 
     </span>
    </p>
   </div>
   <div class='ocr_carea' id='block_1_100' title="bbox 290 5462 1864 5550">
    <p class='ocr_par' dir='ltr' id='par_1_100' title="bbox 290 5462 1864 5550">
     <span class='ocr_line' id='line_1_100' title="bbox 290 5462 1864 5550; baseline -0.003 -18"><span class='ocrx_word' id='word_1_718' title='bbox 290 5462 441 5550; x_wconf 62' lang='grc'>’(53)</span> <span class='ocrx_word' id='word_1_719' title='bbox 473 5462 703 5550; x_wconf 74' lang='grc' dir='ltr'>Θερμῶν.</span> <span class='ocrx_word' id='word_1_720' title='bbox 732 5477 905 5550; x_wconf 81' lang='lat' dir='ltr'>D_ee_st</span> <span class='ocrx_word' id='word_1_721' title='bbox 942 5488 1014 5529; x_wconf 91' lang='lat' dir='ltr'>ea</span> <span class='ocrx_word' id='word_1_722' title='bbox 1053 5488 1170 5550; x_wconf 52' lang='lat' dir='ltr'>vo}</span> <span class='ocrx_word' id='word_1_723' title='bbox 1198 5473 1258 5550; x_wconf 79' lang='lat' dir='ltr'>in</span> <span class='ocrx_word' id='word_1_724' title='bbox 1294 5470 1603 5550; x_wconf 79' lang='lat' dir='ltr'>codicibus</span> <span class='ocrx_word' id='word_1_725' title='bbox 1627 5470 1773 5550; x_wconf 61' lang='lat' dir='ltr'>ltIed.</span> <span class='ocrx_word' id='word_1_726' title='bbox 1807 5474 1864 5528; x_wconf 89' lang='lat' dir='ltr'>et</span> 
     </span>
    </p>
   </div>
   <div class='ocr_carea' id='block_1_101' title="bbox 261 5543 1859 5620">
    <p class='ocr_par' dir='ltr' id='par_1_101' title="bbox 261 5543 1859 5620">
     <span class='ocr_line' id='line_1_101' title="bbox 261 5543 1859 5620; baseline -0.005 -18"><span class='ocrx_word' id='word_1_727' title='bbox 261 5543 431 5620; x_wconf 75' lang='lat' dir='ltr'>Coisl.</span> <span class='ocrx_word' id='word_1_728' title='bbox 478 5543 699 5620; x_wconf 58' lang='lat' dir='ltr'>primo.</span> <span class='ocrx_word' id='word_1_729' title='bbox 752 5544 869 5620; x_wconf 62' lang='grc' dir='ltr'>ξβά</span> <span class='ocrx_word' id='word_1_730' title='bbox 915 5560 1057 5600; x_wconf 90' lang='lat' dir='ltr'>cum</span> <span class='ocrx_word' id='word_1_731' title='bbox 1096 5543 1283 5620; x_wconf 87' lang='lat' dir='ltr'>illud_,_</span> <span class='ocrx_word' id='word_1_732' title='bbox 1318 5544 1585 5620; x_wconf 72' lang='grc' dir='ltr'>αὐτοφυῷν</span> <span class='ocrx_word' id='word_1_733' title='bbox 1639 5544 1859 5620; x_wconf 65' lang='grc' dir='ltr'>θερμῷν,</span> 
     </span>
    </p>
   </div>
   <div class='ocr_carea' id='block_1_102' title="bbox 266 5613 1860 5689">
    <p class='ocr_par' dir='ltr' id='par_1_102' title="bbox 266 5613 1860 5689">
     <span class='ocr_line' id='line_1_102' title="bbox 266 5613 1860 5689; baseline -0.004 -12"><span class='ocrx_word' id='word_1_734' title='bbox 266 5617 423 5689; x_wconf 82' lang='lat' dir='ltr'>quod</span> <span class='ocrx_word' id='word_1_735' title='bbox 471 5613 565 5678; x_wconf 81' lang='lat' dir='ltr'>ést</span> <span class='ocrx_word' id='word_1_736' title='bbox 606 5620 671 5675; x_wconf 88' lang='lat' dir='ltr'>in</span> <span class='ocrx_word' id='word_1_737' title='bbox 715 5615 847 5675; x_wconf 81' lang='lat' dir='ltr'>aliis</span> <span class='ocrx_word' id='word_1_738' title='bbox 895 5631 1044 5673; x_wconf 82' lang='lat' dir='ltr'>mss.</span> <span class='ocrx_word' id='word_1_739' title='bbox 1094 5619 1152 5674; x_wconf 89' lang='lat' dir='ltr'>et</span> <span class='ocrx_word' id='word_1_740' title='bbox 1194 5614 1388 5683; x_wconf 87' lang='lat' dir='ltr'>editis,</span> <span class='ocrx_word' id='word_1_741' title='bbox 1434 5613 1737 5673; x_wconf 60' lang='lat' dir='ltr'>Vitiosum</span> <span class='ocrx_word' id='word_1_742' title='bbox 1766 5613 1860 5681; x_wconf 88' lang='lat' dir='ltr'>sit,</span> 
     </span>
    </p>
   </div>
   <div class='ocr_carea' id='block_1_103' title="bbox 1967 4776 3617 4849">
    <p class='ocr_par' dir='ltr' id='par_1_103' title="bbox 1967 4776 3617 4849">
     <span class='ocr_line' id='line_1_103' title="bbox 1967 4776 3617 4849; baseline 0.003 -16"><span class='ocrx_word' id='word_1_743' title='bbox 1967 4783 2031 4834; x_wconf 91' lang='lat' dir='ltr'>ut</span> <span class='ocrx_word' id='word_1_744' title='bbox 2052 4777 2251 4833; x_wconf 90' lang='lat' dir='ltr'>volare</span> <span class='ocrx_word' id='word_1_745' title='bbox 2278 4792 2546 4849; x_wconf 91' lang='lat' dir='ltr'>possem,</span> <span class='ocrx_word' id='word_1_746' title='bbox 2571 4776 2675 4832; x_wconf 90' lang='lat' dir='ltr'>sed</span> <span class='ocrx_word' id='word_1_747' title='bbox 2700 4776 2880 4833; x_wconf 89' lang='lat' dir='ltr'>etiam</span> <span class='ocrx_word' id='word_1_748' title='bbox 2904 4783 2968 4834; x_wconf 90' lang='lat' dir='ltr'>ut</span> <span class='ocrx_word' id='word_1_749' title='bbox 2992 4794 3088 4834; x_wconf 89' lang='lat' dir='ltr'>me</span> <span class='ocrx_word' id='word_1_750' title='bbox 3117 4779 3175 4835; x_wconf 89' lang='lat' dir='ltr'>in</span> <span class='ocrx_word' id='word_1_751' title='bbox 3196 4779 3348 4836; x_wconf 91' lang='lat' dir='ltr'>lecto</span> <span class='ocrx_word' id='word_1_752' title='bbox 3372 4796 3617 4837; x_wconf 82' lang='lat' dir='ltr'>conver-</span> 
     </span>
    </p>
   </div>
   <div class='ocr_carea' id='block_1_104' title="bbox 1964 4865 3615 4940">
    <p class='ocr_par' dir='ltr' id='par_1_104' title="bbox 1964 4865 3615 4940">
     <span class='ocr_line' id='line_1_104' title="bbox 1964 4865 3615 4940; baseline 0.002 -19"><span class='ocrx_word' id='word_1_753' title='bbox 1964 4872 2105 4922; x_wconf 89' lang='lat' dir='ltr'>tere.</span> <span class='ocrx_word' id='word_1_754' title='bbox 2147 4869 2294 4922; x_wconf 89' lang='lat' dir='ltr'>Nam</span> <span class='ocrx_word' id='word_1_755' title='bbox 2332 4865 2911 4937; x_wconf 88' lang='lat' dir='ltr'>quinquagesimum</span> <span class='ocrx_word' id='word_1_756' title='bbox 2958 4866 3120 4923; x_wconf 89' lang='lat' dir='ltr'>hunc</span> <span class='ocrx_word' id='word_1_757' title='bbox 3158 4868 3316 4924; x_wconf 89' lang='lat' dir='ltr'>diem</span> <span class='ocrx_word' id='word_1_758' title='bbox 3355 4869 3615 4940; x_wconf 89' lang='lat' dir='ltr'>agebam</span> 
     </span>
    </p>
   </div>
   <div class='ocr_carea' id='block_1_105' title="bbox 1964 4954 3616 5030">
    <p class='ocr_par' dir='ltr' id='par_1_105' title="bbox 1964 4954 3616 5030">
     <span class='ocr_line' id='line_1_105' title="bbox 1964 4954 3616 5030; baseline 0.001 -19"><span class='ocrx_word' id='word_1_759' title='bbox 1964 4956 2025 5011; x_wconf 88' lang='lat' dir='ltr'>in</span> <span class='ocrx_word' id='word_1_760' title='bbox 2051 4954 2415 5018; x_wconf 87' lang='lat' dir='ltr'>inﬁrmitate,</span> <span class='ocrx_word' id='word_1_761' title='bbox 2441 4966 2578 5007; x_wconf 88' lang='lat' dir='ltr'>cum</span> <span class='ocrx_word' id='word_1_762' title='bbox 2608 4954 2851 5010; x_wconf 85' lang='lat' dir='ltr'>advenit</span> <span class='ocrx_word' id='word_1_763' title='bbox 2878 4955 3055 5011; x_wconf 91' lang='lat' dir='ltr'>nobis</span> <span class='ocrx_word' id='word_1_764' title='bbox 3085 4956 3336 5013; x_wconf 90' lang='lat' dir='ltr'>dilectus</span> <span class='ocrx_word' id='word_1_765' title='bbox 3368 4973 3438 5013; x_wconf 90' lang='lat' dir='ltr'>ac</span> <span class='ocrx_word' id='word_1_766' title='bbox 3469 4956 3616 5030; x_wconf 91' lang='lat' dir='ltr'>opti-</span> 
     </span>
    </p>
   </div>
   <div class='ocr_carea' id='block_1_106' title="bbox 1967 5044 3614 5119">
    <p class='ocr_par' dir='ltr' id='par_1_106' title="bbox 1967 5044 3614 5119">
     <span class='ocr_line' id='line_1_106' title="bbox 1967 5044 3614 5119; baseline 0 -19"><span class='ocrx_word' id='word_1_767' title='bbox 1967 5062 2102 5101; x_wconf 90' lang='lat' dir='ltr'>mus</span> <span class='ocrx_word' id='word_1_768' title='bbox 2134 5044 2311 5099; x_wconf 87' lang='lat' dir='ltr'>frater</span> <span class='ocrx_word' id='word_1_769' title='bbox 2344 5044 2546 5097; x_wconf 88' lang='lat' dir='ltr'>noster</span> <span class='ocrx_word' id='word_1_770' title='bbox 2588 5044 3002 5100; x_wconf 90' lang='lat' dir='ltr'>condiaconus</span> <span class='ocrx_word' id='word_1_771' title='bbox 3054 5046 3334 5119; x_wconf 87' lang='lat' dir='ltr'>Elpidius.</span> <span class='ocrx_word' id='word_1_772' title='bbox 3368 5045 3614 5102; x_wconf 83' lang='lat' dir='ltr'>Multum</span> 
     </span>
    </p>
   </div>
   <div class='ocr_carea' id='block_1_107' title="bbox 1965 5130 3616 5208">
    <p class='ocr_par' dir='ltr' id='par_1_107' title="bbox 1965 5130 3616 5208">
     <span class='ocr_line' id='line_1_107' title="bbox 1965 5130 3616 5208; baseline 0.001 -19"><span class='ocrx_word' id='word_1_773' title='bbox 1965 5133 2213 5206; x_wconf 91' lang='lat' dir='ltr'>quidem</span> <span class='ocrx_word' id='word_1_774' title='bbox 2246 5130 2408 5188; x_wconf 85' lang='lat' dir='ltr'>febre</span> <span class='ocrx_word' id='word_1_775' title='bbox 2439 5147 2604 5188; x_wconf 89' lang='lat' dir='ltr'>eram</span> <span class='ocrx_word' id='word_1_776' title='bbox 2638 5132 2945 5189; x_wconf 83' lang='lat' dir='ltr'>confectus</span> <span class='ocrx_word' id='word_1_777' title='bbox 2971 5152 2983 5189; x_wconf 89' lang='lat'><strong>:</strong></span> <span class='ocrx_word' id='word_1_778' title='bbox 3011 5151 3147 5208; x_wconf 64' lang='lat' dir='ltr'>quae</span> <span class='ocrx_word' id='word_1_779' title='bbox 3168 5134 3461 5191; x_wconf 89' lang='lat' dir='ltr'>nutriente</span> <span class='ocrx_word' id='word_1_780' title='bbox 3491 5149 3616 5190; x_wconf 90' lang='lat' dir='ltr'>ma-</span> 
     </span>
    </p>
   </div>
   <div class='ocr_carea' id='block_1_108' title="bbox 1968 5256 3609 5338">
    <p class='ocr_par' dir='ltr' id='par_1_108' title="bbox 1968 5256 3609 5338">
     <span class='ocr_line' id='line_1_108' title="bbox 1968 5256 3609 5338; baseline 0.001 -26"><span class='ocrx_word' id='word_1_781' title='bbox 1968 5257 2168 5338; x_wconf 38' lang='lat' dir='ltr'>legere.</span> <span class='ocrx_word' id='word_1_782' title='bbox 2203 5256 2642 5338; x_wconf 51' lang='lat' dir='ltr'>nonndubitavi</span> <span class='ocrx_word' id='word_1_783' title='bbox 2682 5257 2969 5338; x_wconf 53' lang='grc' dir='ltr'>αὐτοφυοῦς,</span> <span class='ocrx_word' id='word_1_784' title='bbox 3005 5263 3068 5315; x_wconf 92' lang='lat' dir='ltr'>ut</span> <span class='ocrx_word' id='word_1_785' title='bbox 3108 5259 3176 5338; x_wconf 34' lang='lat' dir='ltr'>in.</span> <span class='ocrx_word' id='word_1_786' title='bbox 3212 5256 3464 5338; x_wconf 82' lang='lat' dir='ltr'>epistola</span> <span class='ocrx_word' id='word_1_787' title='bbox 3508 5273 3609 5338; x_wconf 44' lang='lat' dir='ltr'>se-f</span> 
     </span>
    </p>
   </div>
   <div class='ocr_carea' id='block_1_109' title="bbox 1966 5328 3615 5410">
    <p class='ocr_par' dir='ltr' id='par_1_109' title="bbox 1966 5328 3615 5410">
     <span class='ocr_line' id='line_1_109' title="bbox 1966 5328 3615 5410; baseline 0.001 -27"><span class='ocrx_word' id='word_1_788' title='bbox 1966 5329 2171 5410; x_wconf 77' lang='lat' dir='ltr'>quenti</span> <span class='ocrx_word' id='word_1_789' title='bbox 2223 5328 2299 5384; x_wconf 86' lang='lat' dir='ltr'>ad</span> <span class='ocrx_word' id='word_1_790' title='bbox 2340 5329 2683 5410; x_wconf 77' lang='lat' dir='ltr'>Eusebium,</span> <span class='ocrx_word' id='word_1_791' title='bbox 2714 5328 2997 5410; x_wconf 76' lang='lat' dir='ltr'>omnibus</span> <span class='ocrx_word' id='word_1_792' title='bbox 3045 5329 3351 5385; x_wconf 90' lang='lat' dir='ltr'>codicibus</span> <span class='ocrx_word' id='word_1_793' title='bbox 3383 5344 3526 5385; x_wconf 90' lang='lat' dir='ltr'>mss.</span> <span class='ocrx_word' id='word_1_794' title='bbox 3557 5332 3615 5385; x_wconf 88' lang='lat' dir='ltr'>et</span> 
     </span>
    </p>
   </div>
   <div class='ocr_carea' id='block_1_110' title="bbox 1966 5399 2959 5471">
    <p class='ocr_par' dir='ltr' id='par_1_110' title="bbox 1966 5399 2959 5471">
     <span class='ocr_line' id='line_1_110' title="bbox 1966 5399 2959 5471; baseline 0 -16"><span class='ocrx_word' id='word_1_795' title='bbox 1966 5399 2137 5455; x_wconf 76' lang='lat' dir='ltr'>editis</span> <span class='ocrx_word' id='word_1_796' title='bbox 2163 5399 2692 5469; x_wconf 88' lang='lat' dir='ltr'>consentientibus,</span> <span class='ocrx_word' id='word_1_797' title='bbox 2725 5399 2959 5471; x_wconf 89' lang='lat' dir='ltr'>legitur.</span> 
     </span>
    </p>
   </div>
   <div class='ocr_carea' id='block_1_111' title="bbox 2040 5471 3195 5544">
    <p class='ocr_par' dir='ltr' id='par_1_111' title="bbox 2040 5471 3195 5544">
     <span class='ocr_line' id='line_1_111' title="bbox 2040 5471 3195 5544; baseline -0.001 -17"><span class='ocrx_word' id='word_1_798' title='bbox 2040 5472 2059 5493; x_wconf 77' lang='lat'><strong><em>‘</em></strong></span> <span class='ocrx_word' id='word_1_799' title='bbox 2098 5472 2255 5544; x_wconf 85' lang='lat' dir='ltr'>Alias</span> <span class='ocrx_word' id='word_1_800' title='bbox 2287 5472 2594 5544; x_wconf 69' lang='lat' dir='ltr'>CCCLXV].</span> <span class='ocrx_word' id='word_1_801' title='bbox 2623 5471 2851 5544; x_wconf 87' lang='lat' dir='ltr'>Scripta</span> <span class='ocrx_word' id='word_1_802' title='bbox 2881 5487 3041 5527; x_wconf 90' lang='lat' dir='ltr'>anno</span> <span class='ocrx_word' id='word_1_803' title='bbox 3072 5474 3195 5526; x_wconf 82' lang='lat'>373.</span> 
     </span>
    </p>
   </div>
   <div class='ocr_carea' id='block_1_112' title="bbox 2039 5541 3044 5615">
    <p class='ocr_par' dir='ltr' id='par_1_112' title="bbox 2039 5541 3044 5615">
     <span class='ocr_line' id='line_1_112' title="bbox 2039 5541 3044 5615; baseline -0.001 -16"><span class='ocrx_word' id='word_1_804' title='bbox 2039 5543 2084 5564; x_wconf 79' lang='lat'>“</span> <span class='ocrx_word' id='word_1_805' title='bbox 2121 5543 2280 5599; x_wconf 82' lang='lat' dir='ltr'>Alias</span> <span class='ocrx_word' id='word_1_806' title='bbox 2310 5545 2443 5598; x_wconf 79' lang='lat' dir='ltr'><strong>VIII.</strong></span> <span class='ocrx_word' id='word_1_807' title='bbox 2478 5541 2705 5615; x_wconf 89' lang='lat' dir='ltr'>Scripta</span> <span class='ocrx_word' id='word_1_808' title='bbox 2729 5541 2889 5599; x_wconf 82' lang='lat' dir='ltr'>anno</span> <span class='ocrx_word' id='word_1_809' title='bbox 2919 5545 3044 5598; x_wconf 82' lang='lat'>373.</span> 
     </span>
    </p>
   </div>
  </div>
