4062 6214
466 268 569 325 579

1828 244 1886 306 S.
1925 241 2175 302 BASILII
2210 243 2450 302 MAGNI.
3706 250 3792 306 580

465 392 612 451 teria
656 388 954 457 destituta,
990 384 1046 441 et
1097 382 1159 437 in
1217 378 1387 437 arida
1435 378 1552 434 hac
1604 389 1781 432 carne
1832 370 1996 427 velut
2046 367 2107 423 in

2221 367 2365 434 ὕλης,
2412 378 2474 443 τῇ
2530 370 2664 445 ξηρᾷ
2710 371 2873 443 ταύτῃ
2926 373 3104 446 σαρκὶ,
3158 365 3261 422 οἷον
3312 368 3587 444 θρυαλλίδι
3623 392 3798 425 κεκαυ-

464 485 675 541 exusto
697 476 964 551 quodam
991 470 1290 545 ellychnio
1313 465 2110 527 circumvoluta,marcorem

465 588 535 630 ac
558 546 807 639 longam
834 562 1248 635 mgritudinem
1270 557 1515 631 peperit.
1540 553 1763 611 Deinde
1792 566 1934 606 vero
1950 546 2112 639 anti-

464 677 588 735 qua
616 638 753 716 mea
781 656 982 729 plaga,
1007 653 1177 723 jecur
1211 648 1359 705 illud
1390 646 1703 711 accedens,
1736 638 1987 735 exclusit
2015 650 2111 735 me

466 726 503 809 εί
532 751 698 815 cibis,
728 726 951 820 expulit
981 743 1059 799 ab
1090 739 1277 796 oculis
1329 752 1633 801 somnum,
1667 738 1722 789 et
1746 732 1807 787 in
1837 726 2112 786 conﬁniis

465 838 716 897 detinuit
767 818 901 890 vitae
948 848 1020 888 ac
1064 828 1291 895 mortis,
1339 830 1574 883 tantum
1630 823 1829 878 vivere
1883 818 2107 885 sinens,

464 934 761 1004 quantum
785 941 940 997 opus
970 926 1097 978 erat
1125 920 1202 975 ad
1225 916 1569 973 sentiendos
1599 913 1860 980 dolores,
1890 906 2112 981 quibus

464 1001 561 1076 me
586 1013 1030 1074 exstimulabat.
1057 1017 1250 1076 Quare
1275 1012 1332 1064 et
1360 1005 1534 1078 aquis
1566 1020 1709 1059 usus
1731 1016 1864 1056 sum
1896 1001 2114 1053 natura

464 1108 763 1173 calidis,et
782 1101 1075 1159 nonnulla
1105 1116 1141 1155 a
1165 1095 1413 1154 medicis
1434 1093 1700 1150 remedia
1725 1087 1948 1160 accepi.
1975 1087 2112 1142 Om-

462 1198 565 1254 nia
610 1172 814 1253 autem
862 1188 1167 1262 superavit
1205 1187 1419 1256 ingens
1460 1182 1609 1239 illud
1652 1179 1902 1243 malum,
1947 1172 2113 1247 quod

462 1286 729 1359 quidem,
760 1283 808 1336 si
851 1280 1007 1335 adsit
1053 1274 1446 1339 consuetudo,
1476 1272 1622 1327 forte
1651 1269 1803 1325 alius
1835 1264 2112 1338 perferat,

466 1354 666 1432 subito
704 1376 905 1427 autem
936 1365 1228 1422 inﬂictum
1260 1362 1460 1418 nullus
1500 1360 1653 1417 adeo
1682 1354 2113 1414 adamantinus

463 1470 527 1520 ut
557 1462 863 1519 sustineat.
885 1462 930 1511 A
960 1472 1082 1528 quo
1109 1454 1212 1509 diu
1236 1456 1506 1519 vexatus,
1535 1462 1851 1520 nunquam
1882 1447 2114 1500 tantum

461 1552 650 1615 dolui,
680 1551 978 1623 quantum
1014 1559 1176 1600 nunc
1202 1542 1279 1598 ab
1308 1557 1379 1597 eo
1408 1538 1756 1611 impeditus,
1788 1532 2115 1607 quominus

459 1642 522 1697 in
553 1622 795 1696 sincerae
824 1641 938 1692 tuas
960 1632 1289 1691 dilectionis
1310 1643 1701 1700 congressum
1723 1622 2112 1695 colloquium~

461 1746 579 1805 que
609 1728 868 1785 veniam.
904 1723 1076 1790 Quali
1100 1721 1261 1777 enim
1304 1720 1418 1774 sim
1450 1716 1635 1773 animi
1660 1715 1965 1785 voluptate
1990 1710 2111 1783 pri-

460 1798 657 1881 vatus,
686 1816 828 1873 novi
872 1819 929 1869 et
972 1813 1122 1885 ipse,
1155 1810 1265 1866 etsi
1308 1813 1575 1864 extremo
1618 1804 1805 1874 digito
1843 1798 2113 1857 dulcissi-

460 1924 633 1966 mum
676 1904 946 1962 Ecclesiae
990 1904 1201 1958 vestrae
1226 1898 1346 1955 mel
1377 1911 1538 1954 anno
1579 1893 1878 1967 praeterito
1920 1889 2112 1959 degu-

460 1998 633 2057 stavi.

532 2093 584 2145 2.
616 2085 751 2143 Mihi
776 2087 979 2140 autem
1005 2084 1062 2138 et
1081 2079 1161 2136 ob
1183 2078 1301 2136 alia
1321 2074 1666 2133 necessaria
1685 2070 1926 2142 negotia
1954 2085 2111 2142 opus

463 2182 611 2243 erat,
638 2182 803 2233 tuam
847 2176 912 2228 ut
939 2172 1221 2244 pietatem
1254 2166 1660 2233 convenirem,
1691 2179 1762 2218 ac
1791 2162 1865 2217 de
1911 2158 2112 2215 multis

462 2264 1001 2329 communicarem,
1034 2263 1091 2315 et
1132 2256 1321 2313 multa
1366 2255 1679 2311 discerem.
1712 2256 1914 2323 Neque
1950 2249 2110 2305 enim

457 2356 594 2414 licet
618 2354 713 2410 hic
741 2367 949 2407 veram
977 2348 1330 2405 charitatem
1359 2342 1828 2417 deprehendere.
1859 2337 2032 2405 Quod
2061 2337 2111 2393 si

459 2445 595 2519 quis
615 2443 793 2500 etiam
812 2439 1059 2496 omnino
1080 2441 1387 2493 amantem
1408 2432 1691 2498 inveniat,
1706 2436 1910 2486 tamen
1930 2442 2110 2483 nemo

460 2518 566 2595 est,
599 2535 703 2605 qui
731 2529 919 2604 possit
948 2543 1119 2601 aeque
1151 2542 1223 2581 ac
1252 2523 1516 2597 perfecta
1545 2528 1649 2577 tua
1671 2518 1988 2593 prudentia
2026 2521 2110 2572 at-

460 2641 577 2699 que
599 2619 983 2696 experientia,
1010 2633 1196 2691 quam
1237 2632 1311 2671 ex
1340 2613 1543 2669 multis
1578 2627 1690 2683 pro
1720 2608 1991 2665 Ecclesiis
2025 2606 2111 2662 la-

459 2698 710 2773 boribus
738 2713 1096 2767 consecutus
1138 2724 1220 2776 es,
1250 2704 1567 2762 consilium
1616 2701 1793 2757 nobis
1824 2703 1900 2754 de
1928 2698 2109 2753 rebus

459 2802 789 2877 propositis
828 2800 996 2856 dare.
1039 2801 1121 2853 Ac
1150 2800 1365 2851 caetera
1406 2793 1653 2866 quidem
1696 2790 1957 2847 scribere
1985 2803 2109 2843 non

459 2892 595 2950 licet
622 2908 635 2946 :
667 2905 803 2962 qum
832 2903 975 2943 vero
1008 2885 1099 2941 vel
1129 2883 1390 2957 proferre
1418 2887 1611 2937 tutum
1650 2880 1745 2948 sit,
1778 2879 1905 2934 haec
1946 2880 2104 2932 sunt.

462 2980 776 3051 Presbyter
797 2976 1108 3045 Evagrius,
1129 2971 1476 3045 Pompeiani
1495 2968 1906 3025 Antiochensis
1927 2966 2109 3035 ﬁlius,

460 3069 566 3143 qui
599 3069 776 3140 230
803 3064 1116 3138 quondam
1146 3063 1204 3118 in
1232 3060 1613 3119 Occidentem
1639 3074 1776 3113 cum
1801 3055 1980 3112 beato
1998 3057 2110 3109 Eu-

461 3158 630 3214 sebio
655 3156 956 3229 profectus
984 3152 1197 3213 fuerat,
1228 3150 1401 3206 rediit
1424 3163 1585 3204 nunc
1614 3149 1818 3209 Roma,
1842 3148 2050 3216 petens
2075 3158 2112 3198 a

458 3245 636 3302 nobis
674 3241 1014 3315 epistolam,
1045 3239 1126 3296 ad
1156 3238 1405 3295 verbum
1434 3236 1571 3308 ipsa
1598 3234 1697 3289 illa
1726 3249 1863 3304 quae
1906 3231 1985 3286 ab
2026 3230 2111 3285 eis

459 3334 684 3405 scripta
707 3335 864 3400 sunt,
896 3330 1303 3386 continentem
1334 3328 1563 3397 (nostra
1586 3328 1787 3379 autem
1816 3320 1991 3377 nobis
2015 3336 2110 3375 re-

459 3429 550 3481 tro
575 3422 788 3488 retulit,
813 3426 879 3476 ut
906 3420 1045 3476 viris
1075 3418 1190 3474 illic
1219 3415 1693 3473 accuratioribus
1721 3429 1844 3468 non
1873 3412 2112 3484 placen-

461 3515 580 3584 tia),
614 3529 683 3568 ac
712 3512 1073 3581 legationem
1120 3509 1387 3581 aliquam
1421 3523 1528 3578 per
1553 3506 1712 3560 viros
1746 3504 1864 3559 ﬁde
1893 3504 2110 3573 dignos

458 3602 724 3659 celeriter
758 3601 930 3667 mitti,
965 3602 1027 3654 ut
1056 3595 1396 3670 speciosam
1440 3594 1523 3650 illi
1571 3593 1955 3650 occasionem
1998 3592 2111 3647 ha-

457 3692 641 3749 beant
672 3705 787 3746 nos
830 3686 1148 3745 invisendi.
1192 3686 1303 3752 Qui
1353 3684 1636 3742 Sebastiaa
1678 3683 1836 3738 idem
1885 3696 1956 3737 ac
2000 3696 2112 3736 nos

457 3782 739 3849 sentiunt,
775 3776 1007 3834 occulto
1041 3791 1239 3850 pravas
1270 3774 1570 3847 opinionis
1598 3771 1886 3829 Eustathii
1916 3770 2111 3825 ulcere

456 3870 708 3936 detecto,
736 3867 1006 3940 aliquam
1043 3882 1079 3922 a
1109 3864 1287 3921 nobis
1318 3862 1790 3921 ecclesiasticam
1835 3860 2112 3917 sollicitu-

457 3959 660 4014 dinem
683 3960 1035 4029 exposcunt.
1060 3955 1329 4011 Iconium
1360 3954 1562 4009 civitas
1588 3956 1676 4008 est
1694 3951 1943 4021 Pisidite,
1969 3950 2111 4005 olim

458 4046 705 4119 quidem
730 4050 869 4116 post
898 4044 1157 4115 primam
1181 4042 1470 4105 maxima,
1498 4056 1659 4095 nunc
1706 4056 1848 4095 vero
1889 4044 1945 4095 et
1980 4040 2112 4111 ipsa

457 4133 737 4209 prwsidet
763 4133 817 4188 ei
843 4131 1018 4203 parti,
1045 4146 1183 4203 quis
1211 4146 1284 4186 ex
1309 4130 1563 4185 diversis
1589 4128 1913 4199 segmentis
1944 4144 2110 4183 com-

530 4296 637 4376 (ὅᾲ)
680 4295 1111 4376 Μαρασμόνκμδ.
1137 4290 1294 4347 Harl.
1317 4296 1373 4346 et
1390 4290 1544 4376 ‘Med.
1578 4290 1730 4346 Editi
1759 4287 2108 4376 μερασμώδη.

457 4358 631 4457 Ceius}.
665 4358 896 4457 primus
922 4370 979 4419 et
1008 4366 1146 4457 Reg.
1182 4358 1876 4457 SBCUDdll§.ya‘oadeC;)azl).

2220 461 2344 533 μένῃ
2412 460 2855 534 περιειλούμενος,
2922 463 3198 536 μαρασμὸν
3257 462 3369 531 (54)
3443 467 3533 514 καὶ
3598 468 3801 537 χρονίαν

2221 547 2479 621 ἐπήγαγεν
2529 548 2860 626 ἀρρωστίαν·
2894 553 2961 602 τά
3007 546 3066 602 δὲ
3114 550 3311 623 ἐθρεξῆς,
3366 553 3395 610 ἠ
3449 550 3653 628 ἀρχαία
3689 552 3800 611 πλη-

2218 641 2285 708 γή
2328 657 2448 710 μου,
2490 642 2547 691 τὸ
2590 640 2731 714 ἧπαρ
2777 647 2931 692 τοῦτο
2982 635 3372 712 διαδεξάμενον,
3408 638 3677 695 ἀπέκλεισε
3723 647 3799 716 μέν

2220 745 2282 797 με
2309 735 2406 778 τῶν
2454 733 2649 795 σιτίων,
2694 724 2950 791 ἀπεδίωξε
2998 725 3057 782 δε
3099 736 3197 781 τῶν
3241 729 3486 803 ὀμμάτων
3516 734 3601 782 τόν
3636 730 3798 797 ὒπνον,

2222 816 2269 869 ἐν
2308 819 2564 891 μεθορίοις
2611 814 2671 872 δὲ
2712 822 2943 890 κατέσχε
2974 818 3113 880 ζωῆς
3160 823 3249 871 καὶ
3293 822 3534 892 θανάτου,
3569 830 3801 874 τοσουτον

2225 910 2317 979 ζῇν
2370 907 2639 980 ἐπιτρέπον
2688 908 2824 980 (55),
2872 910 2990 961 ὅσον
3038 917 3138 962 τῶν
3189 908 3275 962 ἀπ’
3325 910 3483 963 αὐτοῦ
3537 908 3803 987 δυσχερῶν

2222 996 2651 1053 ἑπαισθάνεσθαι.
2695 997 2855 1053 Ὠστε
2906 1004 2993 1051 καὶ
3049 996 3242 1052 ὗδασιν
3285 999 3599 1073 ἐχρησάμην
3654 1002 3804 1054 αὑτο-

2224 1095 2361 1158 φυῶς
2429 1089 2671 1162 θερμοῖς,
2735 1093 2825 1140 καί
2888 1108 3032 1151 τινας
3091 1096 3212 1164 παρ’
3279 1088 3466 1164 ἰατρῶν
3528 1090 3804 1163 ἐπιμελείας

2222 1173 2600 1249 κατεδεξάμην.
2645 1176 2882 1231 Ἀπαντα
2935 1174 2992 1231 δε
3044 1178 3223 1250 ἤλεγξε
3274 1182 3333 1231 τό
3386 1183 3612 1233 νεανικόν
3663 1188 3805 1233 τουτο

2223 1270 2415 1318 κακόν·
2468 1266 2513 1334 ὃ,
2556 1273 2649 1318 τοῦ
2696 1270 2786 1339 μεν
2834 1269 2981 1329 ἔθους
3025 1272 3292 1340 παρόντος,
3348 1267 3442 1320 κᾶν
3491 1269 3641 1330 ἄλλος
3684 1270 3806 1339 ἐνέγ-

2224 1374 2307 1407 κοι
2338 1356 2471 1425 (56),
2502 1354 2820 1428 ἀμεὴτήτως
2870 1353 2928 1409 δὲ
2978 1362 3381 1431 προσπεσόντος,
3430 1355 3604 1420 οὐδεὶς
3660 1357 3808 1421 οὓτως

2226 1440 2574 1517 ἀδαμάντινος
2626 1448 2760 1498 ὥστε
2808 1444 3097 1518 ἀντισχεῖν.
3136 1445 3239 1519 Ὑφ’
3269 1448 3327 1499 οὗ
3375 1446 3533 1500 πολὺν
3571 1447 3809 1519 ὀχληθεὶς

2223 1538 2433 1608 χρόνον,
2481 1531 2730 1587 οὐδέποτε
2786 1536 2949 1596 οὕτως
3002 1537 3242 1603 ἠνιάθην,
3291 1539 3409 1589 ὅσον
3456 1544 3565 1603 νῦν,
3606 1533 3809 1609 ἐμποδι-

2227 1625 2369 1686 σθεὶς
2406 1623 2527 1697 παρ’
2566 1624 2725 1676 αὐτοῦ
2774 1627 2905 1697 πρὸς
2950 1630 3043 1684 τήν
3085 1627 3377 1698 συντυχίαν
3423 1635 3538 1691 τῆς,
3571 1624 3808 1689 ἀληθινῆς

2154 1729 2193 1781 Β
2226 1712 2432 1783 ἀγάπης
2485 1732 2599 1768 σου.
2660 1715 2789 1776 Οῖας
2848 1716 2946 1789 γὰρ
3007 1712 3429 1790 ἀπεστερήθημεν
3481 1719 3593 1786 (337)
3646 1717 3807 1787 θυμη-

2225 1799 2365 1870 δίας,
2399 1800 2522 1855 οῖδα
2566 1807 2657 1855 καὶ
2696 1803 2868 1872 αὐτὸς,
2902 1804 2946 1857 εἰ
2990 1808 3079 1856 καὶ
3127 1806 3270 1878 οἱκρῳ
3302 1802 3542 1877 δακτύλῳ
3570 1812 3659 1858 τοῦ
3686 1804 3808 1875 γλυ-

2222 1894 2446 1945 κυτάτου
2494 1892 2699 1965 μελιτος
2734 1902 2830 1954 τῆς
2881 1894 3005 1966 παρ’
3057 1894 3177 1966 ὑμῖν
3228 1894 3536 1958 Ἐκκλησίας
3593 1892 3809 1967 ἀπεγευ-

2226 1982 2397 2054 σάμην
2427 1984 2663 2054 πέρυσιν.

2293 2074 2346 2126 2.
2391 2070 2523 2142 Ἐγὼ
2572 2068 2630 2124 δὲ
2677 2076 2768 2124 καὶ
2809 2071 2972 2124 ἀλλων
3021 2070 3313 2144 ἀναγκαίων
3367 2075 3526 2126 ἕνεκεν
3568 2074 3809 2146 πραγμά-

2222 2180 2320 2213 των
2371 2157 2588 2233 ἆδεόμην
2646 2162 2713 2222 εἰς
2760 2166 2950 2215 ταυτὸν
2991 2165 3101 2233 (58)
3154 2165 3393 2236 γενέσθαι
3441 2172 3503 2237 τῇ
3557 2162 3813 2235 θεοσεϐείᾳ

2225 2269 2340 2317 σου,
2386 2255 2477 2301 καὶ
2530 2254 2647 2324 περὶ
2703 2250 2898 2304 πολλῶν
2955 2255 3044 2325 μεν
3107 2251 3596 2319 ἀνακοινώσασθαι,
3628 2252 3813 2309 πολλὰ

2224 2335 2283 2392 δὲ
2323 2342 2523 2411 μαθεῖν.
2559 2344 2659 2393 Καὶ
2689 2344 2790 2416 γὰρ
2834 2338 2958 2394 οὐδέ
2987 2342 3127 2395 ἐστιν
3182 2343 3405 2395 ἐνταῦθα
3437 2338 3562 2397 οὐδε
3609 2327 3812 2413 ἀγάπης

2223 2426 2472 2490 ἀληθινῆς
2531 2428 2819 2501 ἐπιτυχεῖν.
2879 2429 3040 2483 Ὀταν
3098 2428 3157 2484 δὲ
3207 2436 3295 2484 καὶ
3350 2434 3485 2484 πάνυ
3542 2447 3623 2493 τις
3680 2430 3813 2502 ἀγα-

2220 2525 2399 2571 πῶντα
2445 2518 2585 2593 εὖροι
2625 2519 2759 2590 (59),
2804 2519 2900 2572 οὐκ
2950 2523 3091 2573 ἔστιν
3135 2522 3160 2574 ό
3201 2518 3485 2594 δυνάμενος
3533 2521 3813 2596 παραπλη-

2222 2612 2352 2669 σίως
2405 2617 2465 2681 τῇ
2528 2608 2693 2682 τελείᾳ
2747 2628 2840 2663 σου
2898 2616 3143 2683 φρονήσει
3200 2616 3288 2664 καὶ
3342 2620 3403 2685 τῇ
3453 2612 3713 2686 ἐμπειρίᾳ,
3754 2612 3814 2671 ἣν

2222 2696 2276 2749 ἐκ
2328 2696 2523 2749 πολλῶν
2563 2707 2660 2751 τῶν
2718 2703 2834 2773 περὶ
2880 2702 2972 2762 τὰς
3020 2700 3303 2764 ἐκκλησίας
3351 2701 3597 2765 συνελέξω
3638 2704 3813 2774 καμά-

2220 2805 2341 2857 των,
2398 2783 2585 2839 δοῦναι
2648 2794 2856 2861 γνώμην
2919 2792 3043 2863 ἡμῖν
3094 2796 3213 2865 περὶ
3272 2800 3371 2843 τῶν
3435 2795 3804 2864 προκειμένων.

2219 2879 2296 2929 Τά
2350 2879 2440 2949 μὲν
2498 2873 2585 2929 οὖν
2638 2877 2768 2929 ἀλλα
2816 2878 2911 2930 οὐκ
2959 2878 3071 2938 ἐνῆν
3117 2883 3331 2955 γράφειν
3360 2896 3373 2911 ⁶
3415 2881 3450 2933 ἃ
3493 2877 3545 2933 δ’
3592 2877 3679 2933 οὖν
3726 2886 3815 2933 καὶ

2221 2964 2490 3036 ἐξενεγκεῖν
2570 2964 2830 3038 ἀσφαλες,
2897 2971 3063 3020 ταῦτά
3129 2969 3288 3025 ἐστιν.
3349 2969 3408 3021 Ὀ
3472 2968 3816 3043 πρεσϐότερος

2151 3083 2190 3137 C
2222 3054 2489 3129 Εὐάγριος,
2525 3056 2551 3108 ό
2599 3058 2708 3117 υἱὸς
2748 3064 3087 3129 Πομπηϊανοῦ
3129 3066 3220 3112 τοῦ
3253 3059 3578 3132 Ἀντιοχέως,
3618 3062 3643 3111 ό
3691 3079 3815 3111 συνο

2222 3147 2424 3219 ἀπάρας
2450 3148 2569 3198 ποτε
2609 3146 2692 3199 ἐπὶ
2738 3150 2831 3205 τὴν
2863 3144 3020 3200 δύσιν
3048 3156 3122 3219 τῷ
3152 3154 3394 3220 μακαρίῳ
3423 3151 3560 3219 (59')
3588 3148 3815 3221 Εὑσεϐίῳ

2220 3243 2442 3294 επανῆκε
2485 3242 2572 3286 νῦν
2622 3234 2677 3287 ἐκ
2728 3243 2824 3298 τῆς
2866 3238 3083 3310 Ῥώμης,
3130 3240 3358 3290 ἀπαιτῶν
3415 3242 3550 3311 ἡμᾶς
3600 3240 3817 3292 ἐπιστο-

2219 3322 2332 3389 λὴν,
2380 3324 2513 3376 αὐτά
2550 3326 2616 3376 τὰ
2662 3326 2786 3398 παρ’
2835 3325 3035 3379 ἐκείνων
3080 3333 3414 3400 γεγραμμένα
3456 3330 3685 3401 ἔχουσαν
3718 3329 3820 3381 αὐ-

2220 3412 2409 3475 τολεξεὶ
2440 3413 2734 3487 (ἀνεκόμισε
2766 3412 2824 3468 δὲ
2871 3418 2995 3489 ἡμῖν
3026 3417 3092 3477 είς
3133 3417 3369 3471 τούπίσω
3402 3422 3467 3471 τά
3494 3418 3614 3493 παρ’
3647 3420 3819 3491 ἡμῶν,

2221 3504 2289 3564 ὡς
2336 3503 2429 3554 οὐκ
2477 3501 2737 3575 ἀρέσαντα
2780 3512 2884 3565 τοῖς
2933 3504 3315 3580 ἀκριϐεστέροις
3369 3516 3469 3559 τῶν
3523 3507 3666 3578 ἐκεῖ),
3730 3510 3825 3562 καί

2219 3591 2496 3666 πρεσϐείαν
2540 3595 2656 3644 τινὰ
2702 3589 2775 3645 δι’
2807 3590 3008 3669 ἀνδρῶν
3039 3593 3323 3668 ἀγιολόγων
3363 3594 3469 3656 ἤδη
3520 3605 3823 3672 κατεπείγε-

2223 3684 2366 3752 σθαι,
2414 3683 2540 3757 ὑπὲρ
2592 3690 2685 3734 τοῦ
2728 3683 3062 3757 εὐπρόσωπον
3111 3688 3251 3757 ἔχειν
3295 3687 3531 3762 ἀφορμὴν
3573 3693 3696 3751 τοὺς
3736 3690 3827 3743 οἷν-

2221 3767 2351 3846 δρας
2401 3780 2492 3832 τῆς
2544 3771 2856 3844 ἐπισκέψεως
2904 3776 3069 3847 ἡμῶν.
3113 3777 3178 3826 Οἱ
3220 3780 3353 3829 κατά
3401 3776 3706 3831 Σεϐάστειαυ
3758 3783 3831 3833 τά

2219 3862 2444 3935 ἡμέτερα
2501 3868 2815 3937 φρονοῦντες,
2869 3863 3157 3917 Εὖσταθίου
3194 3868 3250 3919 τό
3305 3867 3525 3921 ὕπουλον
3576 3878 3670 3931 τῆς
3730 3891 3831 3923 κα-

2219 3948 2467 4015 κοδοξίας
2511 3951 2656 4014 ἕλκος
2703 3952 3186 4027 ἀπογυμνώσαντες,
3227 3956 3513 4011 ἀπαιτοῦσι
3546 3978 3665 4012 τινα
3691 3962 3833 4027 παρ’

2220 4044 2363 4115 ἡμῶν
2413 4042 2853 4102 ἐκκλησιαστικήν
2898 4048 3003 4116 (60)
3048 4046 3361 4119 ἐπιμέλειαν.
3413 4049 3621 4102 Ἰκόνιον
3669 4018 3837 4113 πόλιις

2221 4132 2332 4185 ἐστὶ
2362 4141 2454 4195 τῆς
2496 4130 2764 4199 Πισιδίας,
2805 4138 2862 4187 τὸ
2893 4139 2982 4208 μεν
3011 4136 3233 4189 παλαιόν
3277 4140 3405 4211 μετά
3442 4144 3533 4198 τὴν
3562 4146 3834 4213 μεγίστην

2218 4293 2380 4376 illud_
2414 4290 2521 4353 ἤδη
2562 4293 2862 4376 ἐπείγεσθαι
2904 4297 3110 4355 referri
3141 4299 3232 4376 ad
3279 4301 3535 4376 verbum
3584 4301 3837 4358 ἀπαιτῶν

2219 4364 2385 4444 quod
2433 4364 2737 4438 praecedit.
2776 4375 3104 4444 posuerunt
3130 4375 3243 4444 ἧτει
3283 4370 3564 4444 ρι’όίῆδη.
3600 4378 3843 4435 Lucem

524 4441 638 4509 (55)
666 4432 1003 4510 Ἕπιτρέπον.
1046 4440 1129 4491 Ita
1169 4450 1339 4503 mss.,
1368 4432 1795 4506 melius'quam
1827 4433 1968 4489 editi
1999 4432 2110 4486 ἐπι·
2144 4442 2188 4496 D
2221 4432 2528 4510 attulimus
2560 4454 2673 4510 ope
2698 4432 3093 4509 parenthesis.
3128 4441 3266 4498 Vide
3283 4432 3610 4502 'Addenda.

454 4528 674 4562 τοεπων.

486 4528 923 4660 Ἷτὲἓί.Ἐνέγκοι.
944 4578 1027 4634 Ita
1049 4592 1234 4635 mass.
1253 4579 1408 4632 octo.
1433 4575 1619 4632 Editio
1641 4579 1867 4647 Hagen.
1888 4575 2109 4648 ἐνέγκος.

456 4651 601 4707 Aliae
628 4655 856 4722 ἤνεγκεν.

526 4726 636 4795 (57)
680 4718 1145 4795 ’Ᾰπεστερὴθημεν.
1181 4719 1272 4776 Sic
1298 4718 1418 4795 duo
1436 4718 1851 4795 antiquissimi
1876 4718 2112 4795 codices

455 4790 628 4850 Ha’rl.’
667 4798 723 4848 et
770 4790 941 4849 Cois'l.
992 4790 1246 4865 primus.
1299 4790 1448 4865 Edlli
1494 4790 1870 4865 ἀπεστερήθην.
1924 4792 2111 4847 Paulo

453 4869 591 4936 post
615 4870 873 4936 quatuor
898 4860 1136 4919 codices
1168 4863 1527 4936 recentiores
1561 4860 1976 4936 ἀπεγευσάμεθα.

525 4934 759 5004 (58)Ἐίς
808 4940 1017 5007 ταυτόν.
1051 4934 1207 4989 Harl.
1255 4934 1327 4995 εἰς
1365 4936 1544 4987 ταυτό.
1576 4934 1756 4989 Paulo
1799 4940 1935 5007 post
1972 4934 2114 4990 editi

454 5012 577 5135 ῗςαὶι
606 5010 708 5083 γὰρ
756 5004 931 5065 οὐδέν.
980 5010 1094 5063 Sex
1141 5022 1287 5061 mss.
1337 5010 1393 5061 et
1442 5007 1621 5063 editio
1665 5004 1891 5076 Hagan.
1941 5011 2003 5062 ut
2050 5006 2111 5062 in

479 5096 549 5134 ex
583 5096 639 5134 u.

479 5096 639 5134 exru.

486 5151 636 5237 .(59)
677 5149 852 5223 Εὗροι.
889 5148 982 5206 Sic
1039 5153 1155 5205 tres
1205 5147 1597 5204 vetustissimi
1650 5147 1908 5204 codices.
1962 5148 2112 5205 Editi

454 5241 606 5279 ενρη.

548 5242 606 5279 η.

510 5242 975 5381 ’ἰξ9θλῖξ1αὲαρῑλλ
1012 5293 1277 5381 Quatuor
1300 5290 1535 5381 c’o‘dic'es
1563 5306 1686 5381 npn
1724 5291 2113 5381 vetustissimi

453 5361 688 5419 addunt
710 5361 882 5435 ἀνδρί.
910 5361 1091 5419 Paulo
1113 5367 1248 5436 post
1268 5361 1446 5436 editio
1469 5361 1818 5436 Basileensis
1842 5363 2113 5420 secunda

453 5438 539 5514 et_
566 5436 929 5514 Parisienses
965 5439 1085 5514 first
1116 5434 1525 5513 ’κατεπείγσθαμ
1573 5434 1813 5504 Septem
1858 5450 2001 5489 mss.
2056 5440 2113 5491 et

451 5505 804 5562 vetustiores
838 5504 1129 5562 editibnes
1176 5512 1241 5560 ut
1285 5504 1347 5559 in
1392 5509 1575 5562 textu.
1605 5504 1715 5569 Qui
1766 5511 2111 5561 contextum

454 5574 783 5634 emendare
808 5577 1144 5646 voluerunt,
1173 5591 1312 5633 cum
1338 5574 1540 5633 minus
1565 5576 2113 5635 animadverterent

2293 4509 2399 4579 (60)
2448 4508 2945 4569 Ἐκκλησιαοτικήν.
3001 4513 3188 4568 Editio
3243 4515 3595 4572 Parisiensis
3650 4517 3845 4577 addit

2220 4580 2403 4661 «deos,
2429 4596 2563 4661 quas
2589 4597 2704 4661 vox
2734 4583 2948 4661 melius
2980 4588 3035 4639 et
3054 4582 3384 4661 elegantius
3408 4587 3574 4661 deest
3594 4589 3654 4644 in
3688 4591 3846 4646 aliis

2219 4652 2581 4734 editionibus
2610 4659 2852 4734 ebmss.
2886 4652 3287 4734 Perspicimus
3303 4673 3383 4734 ex
3413 4660 3664 4734 epistola
3696 4667 3805 4717 151
3830 4704 3847 4727 .

2218 4722 2815 4804 multos_$eba§tize_a
2844 4722 3272 4804 communione
3300 4722 3589 4804 Eustathii
3629 4722 3852 4789 seces;

2219 4794 2387 4875 sisse.
2422 4795 2486 4875 Hi
2512 4794 2589 4875 ad
2618 4796 2921 4875 Basilium,
2955 4803 3017 4852 ut
3049 4798 3377 4875 primatum
3403 4801 3463 4856 in
3494 4800 3605 4858 has
3626 4806 3852 4875 regio-

2219 4880 2325 4946 nes
2349 4865 2713 4946 habentem,
2743 4865 3161 4946 confugerﬁnt.
3199 4874 3353 4928 Cura
3391 4878 3589 4946 autem
3636 4865 3857 4931 eccle-

2219 4940 2478 5003 siastica,
2523 4954 2710 5013 quam
2767 4955 2803 4994 a
2849 4940 3062 4995 Basilio
3111 4945 3342 5013 petunt,
3390 4943 3697 5001 interdum
3762 4960 3853 5003 eo

2219 5013 2470 5093 spectat,
2504 5014 2566 5093 ut
2592 5010 2767 5093 pulso
2797 5012 3083 5093 episcopo
3104 5010 3624 5093 aliusordinetur;
3656 5017 3860 5093 velut

2220 5083 2610 5162 cumjxstus
2650 5083 2740 5162 lli,
2786 5083 2958 5162 epist:
2997 5089 3044 5152 1,
3079 5090 3356 5162 9.-12ᾷ5,
3384 5088 3647 5162 minatur
3696 5092 3853 5162 epi-

2220 5151 2419 5222 scopis
2458 5151 2674 5231 haeresi
2716 5151 3532 5231 faventibuSEEcclesz’arum
3572 5160 3645 5215 ab
3675 5151 3856 5231 z'p‘sis

2218 5229 2644 5303 occupaturum
2670 5240 2899 5303 Aegram
2926 5227 3105 5303 forte,
3137 5230 3205 5303 εἰΔ
3236 5245 3357 5303 non
3388 5232 3506 5299 ipsi
3530 5232 3655 5303 sibi,
3678 5227 3859 5289 60n-

2217 5294 2541 5374 sulueriut.
2566 5300 2636 5350 At
2666 5294 3123 5374 sebasteninop
3154 5294 3432 5374 videntur
3452 5302 3513 5357 id
3545 5302 3857 5374 petiisse;

2218 5380 2414 5445 neque
2444 5366 2607 5445 enini
2636 5366 2749 5421 sub
2780 5368 3035 5445 Valente
3067 5369 3193 5425 ﬁeri
3223 5373 3514 5445 potuisset
3536 5366 3562 5438 ς’
3577 5374 3685 5429 sed
3730 5366 3864 5431 Ba;

2220 5435 2349 5491 silio
2386 5437 2684 5520 regendos
2732 5454 2803 5519 se
2836 5454 2907 5494 ac
2936 5435 3391 5511 gubernandos,
3422 5449 3484 5500 ut
3527 5435 3863 5520 episcopo

2220 5512 2509 5577 carentes,
2530 5512 2926 5567 commisisse.
