4062 6214
208 286 290 344 681
1027 321 1037 329 .
1106 274 1593 333 EPISTOLARUM
1631 271 1915 332 CLASSIS
1953 270 2017 328 ΙΙ.
2058 271 2271 330 EPIST.
2314 275 2580 333 CXXXIX.

3437 284 3543 344 582

209 416 233 472 ἡ
266 412 443 482 πρώτη,
465 409 554 456 νῦν
594 397 653 455 δὲ
680 406 771 455 καὶ
805 399 935 460 αὐτὴ
974 402 1307 475 προκάθηται
1336 404 1450 470 (61)
1480 403 1688 474 μέρους,
1730 397 1776 465 ὃ,

1913 398 2109 467 )osita,
2143 402 2400 474 propriae
2431 402 2756 475 provinciae
2790 405 2998 463 sortita
3029 410 3121 464 est
3150 410 3543 480 gubernatio-

209 502 253 557 ἐκ
274 496 514 570 διαφόρων
541 495 821 567 τμημάτων
856 493 1139 564 συναχθὶν,
1186 490 1443 565 ἐπαρχίας
1478 487 1615 550 ἰδίας
1645 488 1780 541 οἰκο-

209 589 358 662 νομίαν
378 582 606 648 ἐδέξατο.
636 586 771 641 Αὕτη
795 581 943 635 καλεῖ
963 582 1076 653 (62)
1107 586 1197 634 καὶ
1216 583 1354 654 ἡμᾶς
1381 581 1453 643 εἰς
1482 578 1779 651 ἐπίσκεψιν,

209 681 321 732 ὥστε
353 675 475 748 αὐτῇ
508 670 691 726 δοῦναι
718 670 1018 725 ἐπίσκοπον.
1050 671 1406 729 Τετελευτήκει
1429 673 1531 744 γὰρ
1555 672 1580 722 ὀ
1613 676 1780 723 Φαυσ-

210 777 340 828 τῖνος.
370 765 425 819 Εἰ
452 760 541 815 οὖν
568 760 651 815 δεῖ
681 766 751 835 μὴ
784 768 1050 814 κατοκνεῖν
1082 763 1177 822 τὰς
1204 763 1511 836 ὑπερορίους
1546 777 1783 831 χειροτο-

209 864 317 919 νίας,
362 860 447 907 καὶ
496 857 650 905 ποίαν
702 854 818 904 τινὰ
870 856 978 925 χρὴ
1041 846 1225 903 δοῦναι
1277 857 1388 911 τοῖς
1444 850 1785 909 Σεϐαστηνοῖς

210 934 476 1018 ἀπόκρισιν,
505 947 594 994 καὶ
624 950 730 1002 πῶς
771 944 899 1015 πρὸς
940 942 1035 1001 τὰς
1068 947 1159 992 τοῦ
1184 940 1444 1011 Εὖαγρέου
1477 936 1785 997 διατεθῆναι

209 1042 385 1110 γνώμας
408 1054 420 1067 ο
452 1029 670 1104 ἐδεόμην
702 1026 1039 1101 διδαχθῆναι
1065 1030 1221 1091 αὐτὸς
1244 1026 1315 1082 δι’
1343 1027 1569 1101 ἐμαυτοῦ
1600 1046 1786 1080 συντυ-

207 1130 301 1197 χὼν
323 1130 377 1193 τῇ
404 1124 670 1194 τιμιότητί
696 1139 813 1185 σου,
834 1119 903 1169 ὧν
928 1119 1131 1170 πάντων
1158 1120 1273 1187 (63)
1303 1116 1660 1191 ἀπεστερήθην
1693 1113 1787 1168 διὰ

205 1219 283 1272 τὴν
309 1218 571 1284 παροῦσαν
599 1208 891 1262 ἀσθένειαν.
918 1207 1045 1259 ’Ἐὰν
1065 1210 1154 1280 μὲν
1186 1204 1271 1259 οὖν
1358 1226 1495 1269 τινος
1517 1204 1784 1277 ἐπιτυχεῖν

202 1307 380 1375 ταχέως
408 1304 537 1373 πρὸς
568 1302 704 1371 ἡμᾶς
735 1297 1127 1370 ἀφικνουμένου,
1162 1296 1487 1359 καταξίωσον
1514 1300 1631 1368 περὶ
1663 1295 1787 1347 πάν-

203 1412 287 1444 των
314 1387 625 1441 ἀποστεῖλαί
669 1406 758 1460 μοι
804 1389 901 1447 τὰς
938 1385 1276 1459 ἀποκρίσεις·
1320 1386 1365 1437 εἰ
1408 1381 1465 1437 δε
1497 1390 1593 1456 μὴ,
1642 1380 1786 1445 εὖξαι

205 1479 341 1532 ἐλθεῖν
369 1477 452 1530 ἐπὶ
484 1484 601 1529 νοῦν
632 1496 742 1549 μοι,
775 1478 897 1549 ὅπερ
929 1475 1202 1549 εὐάρεστον
1296 1482 1367 1545 τῷ
1400 1478 1592 1548 Κυρίῳ.
1619 1472 1697 1525 Ἐν
1728 1468 1788 1524 δὲ

201 1577 255 1641 τῇ
287 1563 486 1639 συνόδῳ
526 1570 733 1639 μνήμην
764 1566 910 1638 ἡμων
941 1564 1179 1617 κέλευσον
1215 1563 1476 1636 γενέσθαι,
1508 1566 1598 1614 καὶ
1638 1559 1789 1622 αὐτὸς

202 1657 254 1712 δὲ
298 1658 583 1731 πρόσευξαι
628 1658 753 1730 ὑπὲρ
810 1657 976 1727 ἡμῶν,
1034 1660 1121 1707 καὶ
1172 1658 1259 1707 τὸν
1323 1654 1444 1706 λαὸν
1504 1655 1787 1726 συμπαρά-

1892 502 2053 543 nem.
2084 493 2221 562 Ipsa
2246 495 2302 547 et
2330 507 2443 547 nos
2488 492 2718 559 invitat,
2750 498 2811 551 ut
2842 511 2901 551 se
2942 496 3294 565 invisamus,
3332 506 3393 558 ut
3419 502 3543 575 epi-

1893 592 2151 650 scopum
2197 581 2250 635 ei
2304 580 2538 636 demus.
2584 585 2845 640 Mortuus
2878 589 2967 642 est
3004 589 3163 645 enim
3194 590 3541 649 Faustinus.

1893 667 1983 721 An
2032 668 2209 738 igitur
2252 669 2661 727 ordinationes
2696 675 3043 745 peregrinas
3095 683 3366 752 Oporteat
3417 694 3541 737 non

1892 756 2239 828 detrectare,
2274 759 2639 833 qualemque
2683 768 2958 835 oporteat
3002 765 3144 823 dare
3200 769 3542 825 Sebastenls

1890 848 2367 919 responsionem,
2400 854 2456 905 et
2506 852 2817 922 quomodo
2864 869 3007 923 erga
3034 858 3264 927 Evagrii
3294 859 3543 915 consilia

1894 936 2051 993 afﬁci
2081 953 2192 1009 par
2230 938 2323 1003 sit,
2372 939 2605 996 edoceri
2636 942 2763 1013 ipse
2803 958 2910 1015 per
2938 959 3034 1000 me
3073 946 3369 1018 volebam,
3404 964 3545 1003 con-

1891 1027 2141 1081 veniens
2165 1031 2329 1082 tuam
2352 1030 2761 1099 praestantiam
2790 1048 2801 1085 :
2831 1032 3055 1103 quibus
3079 1034 3363 1090 omnibus
3394 1051 3546 1107 prte-

1894 1131 2035 1170 sens
2067 1132 2161 1171 me
2191 1116 2508 1173 inﬁrmitas
2540 1118 2809 1190 privavit.
2846 1121 2903 1177 Si
2934 1138 3115 1195 quem
3152 1138 3292 1195 ergo
3334 1129 3546 1180 nactus

1895 1204 2076 1259 fueris
2104 1205 2219 1261 cito
2250 1205 2327 1261 ad
2357 1223 2468 1263 nos
2496 1209 2858 1279 venientem,
2885 1210 3135 1282 dignare
3158 1212 3233 1269 de
3263 1214 3549 1270 omnibus

1894 1293 2039 1348 mihi
2090 1310 2381 1367 responsa
2439 1295 2669 1353 mittere
2713 1314 2725 1352 :
2774 1298 2865 1354 sin
2912 1300 3134 1371 minus,
3197 1317 3444 1374 precare
3491 1304 3551 1359 in

1895 1387 2157 1439 mentem
2180 1385 2327 1440 mihi
2346 1386 2548 1441 veniat
2577 1388 2741 1458 quod
2772 1388 2947 1445 fuerit
2972 1391 3090 1445 Deo
3120 1396 3457 1465 acceptum.
3489 1397 3553 1449 In

1897 1478 2196 1528 conventu
2248 1478 2449 1530 autem
2508 1478 2877 1533 mentionem
2929 1479 3115 1535 nostri
3141 1481 3287 1551 jube
3318 1480 3466 1549 fieri,
3503 1488 3559 1540 et

1896 1562 2023 1634 ipse
2054 1578 2297 1636 quoque
2333 1579 2579 1635 precare
2628 1582 2739 1639 pro
2794 1566 2991 1639 nobis,
3026 1573 3084 1625 et
3119 1569 3415 1642 populum
3448 1572 3553 1628 tibi

1898 1652 2184 1723 adjunge,
2218 1657 2283 1709 ut
2312 1654 2575 1727 reliquos
2606 1656 2732 1711 dies
2777 1662 2877 1713 aut
2906 1658 3086 1715 horas
3126 1660 3552 1731 peregrinatio-

202 1746 307 1801 λαϐε
355 1748 494 1817 (64),
556 1748 638 1799 ἶνα
678 1748 769 1807 τὰς
820 1743 1124 1817 λειπομένας
1175 1746 1371 1817 ἡμέρας
1422 1744 1451 1802 ἢ
1510 1744 1643 1813 ὧρας
1694 1749 1789 1802 τῆς

1913 1740 1991 1796 1is
2020 1745 2243 1797 nostrae
2278 1743 2518 1809 servire,
2552 1748 2617 1800 ut
2648 1745 2899 1802 Domino
2944 1752 3182 1820 gratum
3212 1754 3322 1819 est,
3372 1750 3551 1807 nobis

202 1841 459 1911 παροικίας
521 1838 667 1908 ἡμῶν
714 1834 1110 1907 καταξιωθώμιν
1174 1830 1479 1904 δουλεῦσαι,
1532 1834 1601 1895 ὡς
1649 1832 1789 1883 ἔστιν

202 1927 457 2002 εὐάρεστον
487 1934 560 1998 τῷ
588 1929 785 2000 Κυρίῳ.

722 2035 832 2085 ΕΠΙ
842 2034 1004 2084 ΣΤΟΑ
1014 2035 1054 2082 Η
1086 2028 1255 2085 ΓΛΘ’.

1899 1831 2175 1889 donetur.

2395 2029 2731 2087 EPISTULA
2760 2033 3003 2089 CXXXIX
3023 2036 3064 2091 ‘.

207 2121 650 2180 Alexandrinos
676 2121 879 2177 oblata
910 2121 1216 2176 occasione
1245 2119 1499 2195 Eugenii
1544 2115 1840 2195 monachi
1865 2117 2532 2195 consolatur_1_i’asilins,
2560 2126 2613 2175 et
2654 2121 2735 2195 ad
2753 2124 3148 2179 constantiam
3187 2125 3549 2195 gravissima

258 2196 666 2264 persecutione
706 2198 950 2249 vexatos
1007 2193 1311 2249 hortatur.
1344 2191 1625 2248 Libenter
1676 2203 1770 2246 eos
1817 2190 2119 2257 inviseret,
2161 2190 2281 2244 nisi
2316 2191 2517 2246 morbo
2566 2198 2621 2248 et
2672 2192 2951 2263 luporum
2999 2201 3157 2253 metu
3188 2190 3389 2253 abesse
3417 2212 3556 2267 pro-

257 2267 579 2324 hiberetur.

690 2358 810 2413 Τοῖς
851 2348 1299 2425 Ἀλεξανδρεῦσιν.

260 2466 305 2518 1.
342 2461 522 2534 Ἡμεῖς
555 2462 644 2534 μεν
671 2462 701 2519 ἠ
731 2459 859 2518 ἀκοὴ
909 2468 1009 2512 τῶν
1039 2463 1386 2532 γεγενημένων
1434 2458 1570 2510 κατά
1614 2475 1670 2510 τε
1707 2460 1802 2514 τὴν

198 2549 599 2625 Ἀλεξάνδρειαν
628 2554 717 2603 καὶ
748 2554 842 2608 τὴν
872 2549 1057 2608 λοιπὴν
1083 2553 1341 2620 Αἴγυπτον
1365 2544 1611 2621 διωγμῶν
1638 2546 1803 2599 πάλαι

199 2640 459 2710 κατέλαϐε,
517 2644 607 2691 καὶ
641 2635 855 2698 διέθηκε
890 2640 983 2700 τὰς
1012 2638 1219 2711 ψυχὰς,
1240 2640 1310 2701 ὡς
1340 2638 1474 2700 εἰκὸς
1506 2635 1566 2695 ἧν
1598 2635 1801 2707 Ἐλογι-

200 2732 383 2802 σάμιθα
411 2732 531 2804 γὰρ
578 2732 635 2781 τὸ
666 2732 901 2800 ἔντεχνον
935 2736 1029 2781 τοῦ
1079 2724 1383 2779 διαϐολικοῦ
1430 2726 1655 2799 πολέμου
1678 2746 1690 2759 ·
1726 2724 1797 2793 ὃς,

196 2817 356 2878 ἐπειδὴ
382 2823 518 2887 (65)
540 2816 674 2872 εἶδεν
701 2821 749 2871 ἓν
769 2826 876 2878 τοῖς
899 2820 1042 2890 παρὰ
1060 2826 1160 2869 τῶν
1184 2819 1387 2890 ἐχθρῶν
1411 2820 1523 2885 (66)
1547 2813 1799 2888 διωγμοῖς

193 2908 583 2981 πληθννομένην
632 2911 726 2965 τήν
754 2907 1061 2965 Ἐκκλησίαν
1108 2912 1198 2958 καὶ
1251 2905 1439 2981 μαλλον
1485 2904 1793 2971 θάλλουσαν,

2514 2352 2561 2406 Α
2573 2352 2970 2409 lexandrinis.

1990 2460 2035 2512 l.
2106 2456 2186 2512 Ad
2233 2472 2344 2512 nos
2374 2458 2621 2530 quidem
2648 2460 3013 2530 jamdudum
3047 2465 3557 2535 persecutionum,

1911 2560 2047 2617 quae
2079 2546 2452 2602 Alexandriae
2484 2564 2554 2603 ac
2575 2548 2635 2603 in
2660 2549 2886 2622 reliqui
2920 2555 3173 2625 .«Egypto
3202 2554 3371 2610 factae
3399 2560 3557 2623 sunt,

1909 2649 2120 2689 rumor
2146 2652 2215 2690 ac
2245 2635 2408 2691 fama
2435 2638 2723 2707 pervenit,
2760 2643 2958 2711 atque,
3012 2646 3074 2697 ut
3116 2658 3229 2714 par
3257 2648 3403 2710 erat,
3438 2644 3563 2700 ani-

1911 2741 2043 2779 mos
2089 2730 2325 2780 nostros
2370 2726 2584 2783 affecit.
2632 2730 3052 2801 Perspeximus
3083 2732 3243 2789 enim
3275 2734 3557 2790 astutiam

1906 2815 2051 2871 belli
2080 2815 2381 2879 diabolici,
2422 2816 2549 2887 qui,
2595 2816 2695 2872 ubi
2722 2819 2868 2875 vidit
2899 2820 2959 2875 in
2990 2820 3252 2877 hostium
3284 2840 3563 2895 persecu-

1906 2904 2170 2960 tionibus
2212 2905 2594 2977 multiplicari
2638 2908 2958 2965 Ecclesium
2994 2926 3064 2966 ac
3096 2912 3291 2981 magis
3324 2914 3555 2981 tlorere,

191 2980 536 3072 μιτέστρέψεν
568 2996 753 3049 ἑαυτοῦ
781 3001 870 3054 την
911 2994 1104 3069 βουλὴν
1131 2980 1388 3066 (67),Γκαὶ
1413 2995 1584 3048 οὐκέτι
1622 2998 1677 3046 ἐκ
1702 3002 1794 3047 τοῦ

1913 2993 2159 3049 mutavit
2212 3011 2390 3050 suum
2423 2995 2610 3067 ipsius
2656 2994 3147 3069 consiliumfnec
3193 3001 3318 3072 jam
3353 3006 3556 3074 aperte

190 3095 468 3159 προφανοῦς
527 3085 756 3159 πολεμεῖ²
789 3084 918 3137 ἀλλὰ
963 3088 1290 3159 κεκρυμμένα
1336 3087 1460 3158 ἡμῖν
1498 3086 1563 3136 τὰ
1612 3079 1796 3159 ἕνεδρα

191 3178 393 3260 τίθησι,
410 3177 701 3229 καλύπτων
729 3175 887 3228 αὐτοῦ
906 3180 998 3233 τήν
1025 3173 1298 3233 ἐπιϐουλὴν
1322 3170 1415 3227 διὰ
1436 3182 1529 3227 τοῦ
1551 3174 1795 3246 ὀνόματος

192 3266 213 3316 ὁ
236 3272 507 3341 περιενέρου
528 3284 634 3333 σιν,
668 3268 750 3317 ἱνα
763 3270 853 3317 καὶ
874 3266 1117 3336 πάθωμεν
1145 3267 1210 3316 τὰ
1241 3263 1373 3317 αὐτὰ
1396 3271 1503 3324 τοῖς
1533 3265 1794 3335 πατράσιν

195 3357 462 3426 ημῶν,καὶ
493 3360 570 3429 μὴ
611 3351 843 3427 δόξωμεν
888 3356 1121 3425 πάσχειν
1161 3356 1286 3427 ὑπὲρ
1318 3360 1578 3427 Χριστοῦ,
1620 3349 1712 3404 διὰ
1737 3354 1794 3405 τὸ

192 3451 517 3517 Χριστιανῶν
579 3449 744 3515 ὄνομα
793 3446 933 3515 ἔχειν
970 3448 1060 3495 καὶ
1114 3447 1227 3503 τοὺς
1272 3438 1583 3502 διώκοντας,
1619 3448 1797 3495 Ταῦτα

191 3532 513 3604 λογιζόμενοι
542 3531 709 3587 πολὺν
739 3539 931 3607 χρόνον
963 3531 1330 3604 ἐκαθέσθημεν,
1376 3531 1457 3584 ἐπὶ
1484 3540 1547 3604 τῇ
1582 3530 1799 3603 ἀγγελίᾳ

193 3628 294 3673 τῶν
323 3626 670 3695 γεγενημένων
700 3622 813 3693 (68)
844 3620 1270 3692 ἐκπεπληγμένοι.
1317 3625 1417 3673 Καὶ
1439 3622 1541 3695 γὰρ
1576 3628 1648 3690 τῷ
1692 3623 1798 3671 ὄντι

196 3714 415 3781 ἤχησαν
444 3714 590 3784 ἡμῶν
625 3710 891 3785 ἀμφότερα
934 3714 1001 3762 τὰ
1047 3708 1172 3775 ὦτα,
1206 3711 1438 3782 μαθόντα
1484 3714 1579 3767 τὴν
1606 3705 1794 3769 ἀναιδῆ

190 3803 279 3852 καὶ
359 3804 741 3875 μισάνθρωπον
824 3800 1021 3873 αἵρεσιν
1075 3806 1174 3852 τῶν
1257 3795 1552 3862 διωξάντων
1629 3800 1796 3871 ὑμᾶς’

190 3891 267 3943 ὅτι
315 3890 421 3963 οὐχ
494 3890 709 3949 ἠλικίαν
762 3885 1088 3963 ᾐδέσθησαν,
1130 3888 1189 3941 οὐ
1249 3891 1371 3951 τοὺς
1424 3887 1473 3940 ἐν
1527 3895 1588 3963 τῇ
1648 3888 1799 3941 πολι-

256 4088 370 4157 (61)
426 4088 799 4160 Προκάθηται.
858 4088 994 4141 Tres
1046 4101 1191 4141 mss.
1242 4098 1367 4140 non
1415 4082 1801 4141 vetustissimi

186 4166 360 4218 πρώτη
395 4162 667 4217 κάθηται.

219 4218 367 4299 ’(62)
399 4231 593 4285 Καλεί.
626 4228 780 4286 Harl.
813 4231 870 4285 et
894 4226 1070 4285 Coisl.
1103 4228 1334 4301 primus
1362 4227 1618 4287 κεκλήκει.
1652 4227 1800 4283 Med.

184 4321 469 4361 κεκινηκεν.

1902 3083 2127 3139 bellum
2179 3083 2347 3154 gerit,
2403 3084 2507 3139 sed
2538 3086 2824 3155 :occultas
2854 3088 3028 3144 nobis
3086 3089 3339 3146 insidias
3384 3090 3607 3178 struitJ

1903 3172 2193 3246 obtegens
2246 3173 2526 3230 callidam
2575 3178 2833 3233 nocendi
2880 3178 3249 3235 voluntatem
3306 3182 3551 3237 nomine

1904 3262 2070 3335 quod
2112 3262 2556 3334 circumierunt,
2614 3266 2783 3338 231
2818 3271 2882 3323 ut
2925 3272 2979 3324 et
3007 3270 3310 3341 patiamur
3338 3269 3551 3327 eadem

1903 3368 2040 3424 quae
2067 3356 2267 3424 patres
2290 3353 2499 3424 nostri,
2531 3369 2642 3410 nec
2673 3356 2988 3413 videamur
3018 3358 3138 3431 pati
3161 3376 3269 3431 pro
3302 3360 3549 3428 Christo,

1905 3455 1976 3496 eo
2016 3440 2182 3513 quod
2236 3440 2708 3499 Christianorum
2749 3461 2972 3501 nomen
3025 3447 3290 3504 habeant
3337 3454 3392 3504 et
3439 3449 3555 3521 ipsi

1906 3534 2339 3603 persecutores.
2400 3534 2533 3588 Haec
2588 3534 3037 3591 considerantes
3094 3537 3197 3593 diu
3266 3537 3554 3607 sedimus,

1906 3620 2116 3675 nuntio
2177 3635 2377 3676 rerum
2454 3627 2761 3690 gestarum
2837 3624 3261 3698 obstupefacti.
3332 3630 3557 3685 Revera

1906 3722 2172 3780 namque
2211 3709 2609 3766 insonuerunt
2639 3717 2906 3785 utrmque
2936 3720 3154 3769 nostrae
3185 3731 3381 3783 aures,
3415 3733 3554 3772 cum

1908 3797 2228 3854 didicimus
2258 3798 2673 3870 impudentem
2703 3805 2882 3873 atque
2937 3803 3334 3860 inhumanam
3376 3806 3556 3861 haere-

1910 3887 2027 3943 sim
2066 3892 2517 3961 persecutorum
2571 3895 2930 3959 vestrorum,
2981 3892 3084 3965 qui
3142 3909 3264 3949 non
3319 3899 3554 3951 catatem

1908 4084 2202 4155 praedicat
2226 4088 2563 4159 veritatem,
2595 4085 2688 4141 vel
2714 4090 2868 4143 certe
2894 4086 2976 4142 ita
3004 4105 3016 4143 :
3060 4088 3145 4144 Tu
3170 4096 3416 4159 praesta,
3446 4091 3555 4147 Do-

1909 4159 2089 4224 mine,
2117 4164 2181 4211 ut
2210 4158 2315 4213 itte
2345 4158 2586 4213 verbum
2613 4160 2895 4227 praedicet
2927 4161 3216 4217 veritatis.
3245 4165 3372 4218 Non
3402 4163 3561 4218 vidc-

1910 4233 2012 4302 tur_
2040 4229 2403 4300 Epiphanius
2428 4236 2572 4302 ante
2621 4230 2733 4285 has
2778 4246 2982 4302 preces
3014 4232 3310 4302 populum
3354 4233 3562 4291 admo-

1912 4300 2137 4357 nuisse.
2192 4306 2261 4355 At
2310 4300 2558 4356 Basilius
2604 4300 2793 4372 rogat
2831 4300 3150 4358 Eusebium
3202 4309 3264 4359 ut
3321 4304 3384 4360 id
3435 4321 3559 4363 non

247 4378 361 4447 (63)
406 4376 513 4427 Ὧν
556 4374 789 4429 πάντων.
818 4370 970 4428 Harl.
1011 4370 1209 4444 prima
1254 4387 1445 4428 manu
1470 4376 1527 4428 et
1550 4371 1699 4430 Med.
1740 4374 1796 4432 ὡς

1913 4372 2168 4447 omittat.

185 4466 381 4499 παντων
396 4489 410 4503 .

248 4520 360 4589 (64)
392 4514 819 4590 Συμπαράλαϐε.
850 4518 1040 4590 Rogat
1084 4513 1404 4590 Eusebium
1444 4514 1719 4583 Basilius,
1741 4518 1806 4570 ut

183 4586 392 4669 ρτᾲειει·
414 4586 764 4669 consuetas
779 4587 1079 4668 orationes
1097 4602 1293 4669 unam.
1316 4586 1583 4669 aliquam
1604 4602 1716 4669 pro
1742 4600 1804 4640 se

182 4656 425 4731 indicat,
443 4666 509 4717 et
536 4658 774 4730 populo
794 4658 924 4729 ipse
944 4662 1165 4729 praaeat
1182 4674 1194 4721 ;
1211 4656 1365 4712 velut
1385 4656 1524 4713 cum
1546 4658 1804 4713 Athana—

184 4734 297 4788 sius
309 4732 600 4791 dicebat:
613 4731 933 4785 Precemur
956 4745 1067 4798 pro
1081 4731 1275 4785 salute
1300 4731 1682 4798 religiossimi
1700 4732 1804 4785 im-

180 4809 483 4872 peratoris
511 4803 897 4858 Constantii:
921 4800 1240 4871 statimque
1253 4800 1511 4871 populus
1525 4816 1645 4857 una
1663 4816 1804 4856 voce

184 4875 559 4953 acclamavit
577 4873 879 4953 :‘Christe,
899 4873 1210 4953 auaritiam
1230 4872 1581 4953 Constantio
1603 4873 1802 4953 (.«tpoit

182 4948 255 5003 ad
280 4948 661 5007 Constant.,
694 4960 752 4998 n.
804 4948 866 4998 10
899 4942 1145 4998 Fiebant
1174 4942 1475 4999 interdum
1506 4942 1806 5012 ejusmodi

183 5026 335 5076 extra
364 5019 677 5076 ordinem
703 5014 1231 5087 preces.rAudierat
1250 5016 1509 5087 Joannes
1542 5016 1808 5087 Hieroso-

184 5090 518 5159 lymitanus
554 5085 1063 5159 S..Ep_iphanium
1090 5085 1171 5140 sic
1190 5102 1297 5157 pro
1324 5101 1395 5141 eo
1416 5086 1475 5141 in
1500 5085 1807 5142 sacriﬁciis

183 5157 414 5218 solitum
486 5157 787 5224 precari:
843 5158 1124 5219 Domine,
1203 5163 1427 5224 praesta
1471 5158 1701 5213 Joanni
1740 5163 1805 5212 ut

184 5176 414 5218 sontum
577 5176 787 5213 ecariz
843 5176 1124 5219 uomme,
1203 5176 1427 5224 praesta
1471 5176 1699 5213 Joanm
1740 5176 1805 5212 ut

184 5241 327 5289 recte
357 5176 622 5289 creat.
654 5229 886 5283 Fatetur
928 5226 1295 5299 Epiphanius
1341 5228 1403 5283 in
1449 5228 1699 5299 epistola
1729 5228 1808 5284 ad

186 5305 461 5362 eumdem
499 5303 821 5357 Joannem
849 5315 910 5353 se
941 5298 1120 5355 corde
1158 5298 1403 5371 quidem
1445 5298 1529 5354 sic
1570 5315 1809 5371 semper

192 5391 378 5432 orasse
416 5396 430 5444 ;
466 5373 598 5429 sed
663 5374 844 5444 negat
904 5387 964 5425 se
1005 5371 1305 5439 ejusmodi
1333 5386 1546 5444 preces
1580 5375 1639 5426 in
1667 5371 1805 5426 alie-

194 5461 284 5500 nas
311 5441 503 5503 aures
540 5442 932 5515 protulisse_;
956 5444 1063 5497 sed
1084 5441 1506 5515 tantummodo
1525 5443 1595 5515 in
1650 5458 1810 5497 com-

197 5516 334 5587 pleta
364 5512 675 5576 oratione
698 5512 1031 5587 secundum
1067 5513 1257 5587 ritumA
1289 5513 1714 5587 mysteriorum
1755 5516 1812 5587 et

204 5582 292 5656 pro
326 5594 585 5650 Joanne
635 5600 885 5657 quoque
930 5582 1128 5641 dicere
1159 5601 1172 5641 :
1219 5582 1467 5642 Custodi
1484 5586 1680 5655 illum,
1708 5585 1813 5657 qui

1984 4446 2090 4513 (65)
2138 4442 2253 4510 Ὃς,
2304 4439 2501 4501 ἐπειδὴ.
2564 4447 2647 4499 ita
2699 4443 3086 4499 vetustissimi
3137 4443 3261 4500 duo
3315 4446 3554 4502 codices

1913 4514 2072 4590 Med.
2109 4514 2367 4590 et_(_:oisl.
2402 4517 2465 4590 In_
2516 4514 2826 4590 Harlaeano
2877 4529 3000 4571 non
3038 4520 3234 4572 exstat
3279 4518 3407 4572 haac
3439 4518 3560 4590 epi-

1914 4586 2084 4641 stola.
2121 4586 2268 4641 Editi
2295 4596 2419 4647 πώς,
2444 4582 2615 4645 ἐτειδή
2632 4629 2644 4641 .

1987 4658 2094 4731 (66)
2123 4665 2235 4731 fray
2265 4658 2490 4731 ἐχθρῷν.
2524 4658 2841 4714 Vaticanus
2868 4662 2925 4713 et
2965 4662 3227 4730 quatuor
3268 4659 3368 4715 alii
3398 4660 3559 4716 codi-

1914 4744 2012 4783 ces
2036 4728 2261 4785 habent
2291 4728 2391 4780 τῶν
2419 4729 2590 4791 ἐθνῶν,
2626 4730 2687 4784 in
2733 4728 3003 4799 gentium
3026 4732 3557 4799 persecutionibus.

1913 4798 2026 4873 Sed
2054 4804 2252 4855 tamen
2279 4800 2425 4873 quia
2454 4798 2765 4873 Medicaaus
2791 4801 2977 4855 codex
3006 4807 3063 4857 et
3111 4801 3284 4859 Cois].
3328 4803 3561 4873 primus

1914 4870 2169 4944 retinent
2198 4870 2526 4944 vulgatam
2554 4871 2889 4944 lectionem,
2936 4888 3071 4943 quae
3100 4889 3211 4928 sua
3243 4870 3455 4944 sponte
3482 4874 3561 4930 vi-

1915 4942 2067 4997 tiosa
2092 4957 2213 4996 non
2244 4946 2356 5000 est.
2385 4941 2532 4994 nihil
2558 4942 2914 4997 mutandum
2937 4941 3291 5000 existimavi;

1985 5014 2096 5087 (67)
2123 5012 2337 5087 Ἑαυτοῦ
2362 5013 2454 5087 τὴν
2483 5009 2701 5087 βουλήντ
2736 5018 2817 5087 Ita
2846 5029 2949 5087 sex
2980 5031 3124 5087 mss.
3153 5030 3261 5086 pro
3294 5031 3364 5071 eo
3394 5014 3564 5087 quod

1915 5089 2042 5139 erat
2068 5085 2129 5139 in
2159 5084 2331 5139 editis
2358 5082 2518 5134 αὐτοῦ
2547 5089 2641 5142 τὴν
2682 5083 2976 5141 ἐπιϐουλήν.
3013 5082 3195 5141 Habet
3227 5082 3563 5141 etiam'Va-

1918 5156 2149 5229 ticanus
2178 5153 2365 5210 codex
2410 5155 2569 5207 αὐτοῦ
2596 5160 2687 5212 τὴν
2722 5154 2938 5229 βουλήν.
2972 5156 3158 5229 Paulo
3203 5162 3338 5229 post
3360 5156 3561 5229 AQoisl.

1915 5226 2148 5301 primus
2192 5230 2685 5301 xsxpupyim;__ri¢g_
2722 5224 2967 5301 castigat.
2994 5224 3222 5283 Ibidem
3272 5226 3446 5283 Coisl.
3476 5243 3569 5282 se-

1917 5297 2153 5379 cundus
2185 5303 2242 5353 et
2270 5297 2589 5379 tres'Regii
2608 5297 2877 5379 καλύπτων
2909 5299 3097 5379 αὐτῶν.
3172 5374 3179 5379 _
3232 5373 3241 5379 _
3400 5371 3436 5379 ﬁ
3528 5369 3561 5379 η

1991 5369 2102 5438 (68)
2136 5373 2503 5443 Far/mutva».
2550 5369 2724 5443 Coisl.
2763 5370 3080 5443 secundus
3132 5374 3188 5443 et
3228 5373 3343 5423 tres
3400 5369 3566 5443 Regii

1917 5444 2214 5513 γενομένων.
2246 5439 2426 5496 Paulo
2453 5445 2591 5513 post
2635 5439 2783 5497 editi
2825 5444 2890 5494 τὰ
2928 5442 3053 5506 ὦτα,
3087 5442 3373 5512 μαθόντων.
3411 5439 3563 5496 Med.

1920 5516 1975 5567 et
2002 5511 2180 5585 Coisl.
2208 5511 2615 5585 primusjutin
2648 5517 2831 5567 textu.

1993 5584 2012 5605 ‘
2042 5581 2409 5641 Alias'LXXl.
2440 5583 2671 5655 Scripta
2696 5597 2858 5641 anno
2888 5585 3011 5639 373.
