4062 6214
235 241 346 295 585

310 365 369 419 3.
409 359 472 415 Εἰ
519 362 611 433 μεν
641 355 728 412 οὖν
770 356 830 417 ἦν
862 357 1081 414 δυνατὸν
1134 361 1287 415 αὐτὸν
1334 381 1396 435 με
1438 360 1844 436 παραγενέσθαι,

236 449 397 504 οὐδὲν
446 449 507 501 ἂν
554 454 888 524 προετίμησα
919 460 1011 512 τῆς
1052 457 1340 523 συντυχίας
1380 453 1522 523 ὑμῶν
1549 471 1560 483 ·
1595 451 1729 500 ὥστε
1758 449 1847 499 καὶ

238 537 377 593 ἰδεῖν
422 542 540 601 τοὺς
572 537 799 601 ἀθλητὰς
828 546 919 592 τοῦ
947 547 1204 613 Χριστοῦ,
1266 545 1355 593 καὶ
1402 538 1844 614 περιπτύξασθαι,

234 634 330 681 καὶ
379 636 697 687 κοινωνῆσαι
761 636 859 680 τῶν
912 638 1224 702 προσευχῶν
1276 634 1365 681 καὶ
1415 638 1513 681 τῶν
1571 646 1849 700 πνευματι-

212 729 344 771 κῶν
399 718 446 770 ἐν
498 720 621 789 ὑμῖν
668 721 1057 791 χαρισμάτων·
1120 716 1296 778 ἐπειδὴ
1350 715 1407 771 δὲ
1460 722 1515 771 τὸ
1578 720 1728 790 σῶμά
1757 736 1846 788 μοι

1580 810 1643 869 ὡς
1709 802 1846 879 μηδὲ

235 896 345 949 ἀπὸ
395 904 485 956 τῆς
546 895 719 955 κλίνης
778 892 1040 949 δύνασθαί
1104 917 1167 969 με
1242 896 1586 963 καταϐαίνειν,
1642 900 1732 947 καὶ
1797 896 1846 947 οἱ

1108 989 1177 1049 ὡς
1232 986 1380 1038 λύκοι
1429 986 1681 1058 ἅρπαγες,
1740 982 1847 1036 ἐπι-

235 1082 521 1149 τηροῦντες
567 1077 771 1147 καιρὸν,
813 1079 934 1127 ποτε
969 1071 1239 1132 δυνηθῶσι
1292 1073 1590 1149 διαρπάσαι
1632 1076 1695 1126 τὰ
1723 1077 1847 1145 πρὸς

231 808 421 860 λοιπὸν
478 808 578 859 ὑπὸ
620 812 835 881 χρονίας
888 812 1042 860 νόσου
1114 808 1497 877 κατανάλωται,

232 982 597 1059 ἐφεδρεύοντες
644 986 769 1057 ἡμῖν
822 985 1022 1053 πολλοὶ,

236 1164 378 1216 ϐατα
444 1172 535 1216 τοῦ
614 1171 868 1236 Χριστοῦ,
930 1163 1223 1236 ἀναγκαίως
1293 1165 1379 1217 ἐπὶ
1439 1169 1532 1222 τὴν
1606 1161 1700 1216 διὰ
1752 1170 1844 1215 τοῦ

224 1255 546 1325 γράμματος
613 1252 891 1323 ἐπίσκεψιν
944 1250 1140 1311 ἦλθον·
1202 1253 1519 1328 παρακαλῶν
1577 1271 1844 1326 προηγου-

230 1348 405 1415 μένως
454 1346 543 1414 μὲν
619 1341 835 1403 ἐκτενεῖς
874 1344 961 1403 τὰς
1018 1344 1143 1417 ὑπὲρ
1193 1342 1316 1416 ἐμοῦ
1378 1344 1645 1396 ποιεῖσθαι
1710 1343 1844 1415 ὑμᾶς

234 1428 472 1501 δεήσεις,
530 1433 613 1483 ἱνα
664 1430 969 1493 καταξιωθώ
1022 1434 1114 1495 τὰς
1164 1440 1286 1504 γοῦν
1359 1431 1662 1505 λειπομένας
1712 1435 1848 1504 ἠμέ-

230 1541 338 1593 Ρας
405 1522 433 1579 ἦ
496 1522 636 1593 ὧρας
696 1517 980 1574 δουλεῦσαι
1022 1529 1094 1592 τῷ
1147 1526 1320 1597 Κυρίῳ
1358 1524 1493 1574 κατὰ
1520 1526 1575 1574 τὸ
1617 1522 1846 1594 Εὐαγγέ-

236 1610 356 1661 λιον
406 1618 497 1670 τῆς
560 1609 857 1682 βασιλείας·
892 1612 1068 1663 ἔπειτα
1096 1615 1186 1664 καὶ
1228 1617 1538 1683 συγγνώμην
1569 1612 1708 1683 ἔχειν
1747 1630 1846 1683 μου

234 1707 301 1771 τῇ
342 1697 607 1768 ἀπολείψει
663 1703 754 1750 καὶ
808 1706 869 1771 τῇ
931 1696 1231 1773 βραδυτῆτι
1269 1703 1431 1772 ταύτῃ
1477 1709 1576 1752 τῶν
1606 1702 1847 1773 γραμμά-

236 1808 367 1840 των.
429 1788 589 1847 Μόλις
632 1790 733 1863 γὰρ
785 1788 1157 1861 ηὐπορησαμεν
1215 1788 1507 1863 ἀνθρώπου,
1558 1797 1647 1841 του
1694 1785 1849 1841 δυνα-

236 1882 402 1949 μένου
460 1876 956 1953 ἐξυπηρετησασθαι
1013 1880 1156 1950 ημῶν
1208 1887 1269 1950 τῇ
1304 1877 1573 1951 ἐπιθυμίᾳ.
1622 1883 1847 1950 Λέγομεν

238 1963 302 2018 δε
364 1969 448 2017 τὸν
474 1968 584 2017 υἱὸν
641 1968 785 2038 ἡμῶν
834 1967 1071 2039 Ευγένιον
1123 1970 1211 2018 τὸν
1276 1968 1601 2039 μονάζοντα⁶
1675 1964 1747 2019 δι’
1789 1967 1848 2019 οὗ

234 2055 528 2129 παρακαλῶ
584 2054 834 2117 εὔξασθαι
872 2057 998 2130 ὑπὲρ
1059 2056 1205 2127 ἡμῶν
1266 2062 1357 2108 καὶ
1400 2065 1491 2118 τῆς
1540 2056 1848 2117 Ἐκκλησίας

235 2147 447 2213 πάσης,
479 2150 565 2196 καὶ
604 2142 924 2218 ἀντιγράψαι
944 2146 1068 2217 ημῖν
1099 2147 1164 2197 τὰ
1194 2151 1313 2219 περὶ
1346 2147 1507 2218 ὑμῶν,
1542 2147 1623 2199 ἵνα
1646 2151 1849 2218 γνόντες

236 2235 293 2287 r3
304 2236 587 2309 θυμὸτερον
610 2230 951 2307 διατεθῶμεν.

801 2364 884 2411 ΕΠ
894 2364 1088 2412 ΙΣΤΟΛ
1098 2365 1139 2412 H
1179 2359 1303 2415 PM'.

1210 234 1699 293 EPISTOLARUM
1736 229 2027 290 CLASSIS
2066 229 2140 285 II.
2188 230 2413 290 EPIST.
2462 233 2612 291 CXL.

3494 232 3605 288 586

2032 356 2207 438 232
2248 360 2300 412 3.
2344 357 2516 422 Quod
2564 356 2612 411 si
2668 356 2797 412 fieri
2833 357 3059 429 posset,
3112 358 3179 413 ut
3228 354 3308 413 ad
3350 370 3459 412 vos
3480 355 3609 427 ipse

1954 444 2385 518 proﬁciscerer,
2415 445 2565 502 nihil
2596 445 2990 516 praetulissem
3011 444 3362 515 congressui
3389 449 3607 513 vestro,

1957 539 2021 590 ut
2046 539 2099 591 et
2129 535 2341 592 Christi
2366 535 2619 592 athletas
2667 535 2935 591 viderem
2974 534 3505 608 amplectererque,
3554 538 3612 591 et

1954 641 2223 698 precum,
2259 641 2329 681 ac
2357 625 2657 681 donorum
2684 624 3103 697 spiritualium,
3152 642 3288 698 quae
3332 626 3393 681 in
3437 624 3611 681 vobis

1957 720 2115 785 sunt,
2162 715 2461 787 particeps
2499 716 2727 771 ﬁerem.
2791 714 2905 770 Sed
2958 715 3099 786 quia
3148 731 3366 787 corpus
3404 730 3611 771 meum

1949 806 2080 876 jam
2123 804 2405 860 diuturno
2450 804 2666 861 morbo
2723 802 3062 859 confectum
3103 808 3209 873 est,
3268 804 3422 860 adeo
3446 809 3508 860 ut
3535 819 3610 860 ne

1956 894 2160 951 electo
2181 893 2430 967 quidem
2463 893 2693 966 possim
2742 893 3151 959 descendere;
3202 894 3422 965 etquia
3440 892 3612 948 multi

1954 984 2131 1040 nobis
2155 982 2540 1050 insidiantur,
2574 983 2762 1038 instar
2781 981 3066 1054 luporum
3094 981 3615 1053 rapacium,occa—

1955 1074 2187 1130 sionem
2215 1072 2628 1140 observantes,
2679 1074 2728 1126 si
2780 1071 3029 1144 quando
3077 1071 3287 1127 Christi
3342 1087 3487 1126 oves
3520 1086 3620 1125 ra.

1954 1178 2094 1235 pere
2122 1162 2373 1235 possint,
2403 1160 2773 1218 necessarios
2799 1176 2904 1216 vos
2932 1176 3041 1233 per
3088 1160 3313 1217 litteras
3358 1160 3614 1218 invisere

1956 1252 2271 1309 constitui:
2308 1251 2639 1307 adhortans
2669 1266 2799 1319 vos,
2856 1250 3121 1322 primum
3153 1249 3501 1322 quidem,ut
3528 1250 3615 1307 in-

1956 1347 2113 1399 tente
2145 1340 2473 1414 precemini
2516 1356 2625 1413 pro
2656 1355 2772 1410 me,
2830 1343 2895 1394 ut
2948 1338 3169 1408 dignus
3191 1338 3358 1409 ﬁam,
3391 1340 3496 1412 qui
3522 1357 3614 1397 re-

1956 1432 2156 1504 liquos
2208 1431 2420 1487 saltem
2470 1430 2599 1485 dies
2646 1434 2750 1485 aut
2798 1428 2979 1485 horas
3003 1428 3255 1483 Domino
3277 1430 3613 1487 secundum

1956 1522 2127 1592 regni
2157 1520 2547 1590 Evangelium
2580 1518 2838 1574 serviam
2866 1536 2879 1584 ;
2913 1516 3131 1573 deinde
3151 1532 3295 1573 vero
3333 1522 3394 1573 ut
3432 1519 3612 1575 etiam

1958 1611 2283 1682 ignoscatis
2339 1609 2626 1665 absentiae
2674 1623 2823 1664 mea:
2850 1611 2905 1662 et
2932 1606 3069 1663 huic
3100 1606 3429 1663 litterarum
3458 1608 3615 1666 dila-

1891 1726 1928 1779 Β
1958 1699 2105 1755 tioni
2130 1716 2200 1755 ac
2224 1714 2430 1754 morae.
2464 1697 2569 1753 Vix
2619 1697 2780 1752 enim
2812 1695 3051 1767 copiam
3072 1694 3401 1751 habuimus
3422 1695 3616 1753 homi-

1958 1788 2071 1856 nis,
2114 1788 2218 1861 qui
2262 1793 2467 1844 nostro
2512 1786 2810 1843 desiderio
2851 1790 3054 1857 posset
3081 1784 3440 1842 subservire.
3474 1787 3613 1844 Dico

1958 1881 2161 1934 autem
2202 1876 2394 1933 tilium
2415 1880 2689 1933 nostrum
2730 1875 3061 1944 Eugenium
3087 1874 3480 1945 monachum,
3507 1892 3615 1949 per

1956 1982 2140 2039 quem
2172 1966 2423 2021 obsecro
2450 1981 2578 2031 vos,
2600 1970 2663 2019 ut
2686 1979 2796 2036 pro
2817 1963 2992 2018 nobis
3025 1979 3095 2019 ac
3117 1962 3395 2019 universa
3423 1963 3614 2020 Eccle-

1956 2057 2046 2111 sia
2066 2056 2264 2124 oretis,
2299 2071 2370 2111 ac
2399 2054 2577 2111 nobis
2596 2052 2939 2110 rescribatis
2959 2052 3035 2109 de
3080 2052 3262 2109 rebus
3289 2053 3522 2124 vestris,
3549 2058 3615 2112 ut

1954 2145 2050 2202 his
2077 2145 2331 2218 cognitis
2361 2145 2619 2202 latiores
2649 2142 3005 2201 efﬁciamur.

2515 2359 2855 2416 EPISTOLA
2894 2358 3062 2413 CXL'.

226 2448 651 2505 Antiochenos
695 2448 960 2504 Basilius
1020 2449 1091 2504 ob
1150 2451 1419 2519 corporis
1473 2449 1841 2506 debilitatem
1892 2450 2151 2507 invisere
2185 2466 2307 2506 non
2352 2454 2564 2519 potest,
2600 2448 2702 2505 sed
2727 2463 2821 2503 eos
2839 2462 2950 2517 per
2985 2448 3219 2504 litteras
3241 2446 3303 2502 in
3331 2447 3615 2503 aerumnis

315 2521 675 2576 consolatur
698 2526 752 2576 et
782 2520 865 2576 ad
892 2521 1253 2589 patientiam
1294 2522 1599 2579 hortatur.
1639 2521 1906 2590 Apponit
1947 2522 2125 2590 ﬁdem
2154 2523 2491 2591 Nicenam,
2524 2521 2739 2577 mentis
2760 2534 2881 2575 sua:
2906 2519 3065 2587 fetus
3093 2519 3336 2576 tradere
3360 2534 3481 2575 non
3511 2534 3618 2576 au-

309 2593 503 2661 dens;
534 2592 822 2662 additque
850 2593 1423 2649 Pneumatomachos
1462 2594 2087 2651 excommunicandos.

658 2697 730 2762 Τῇ
776 2688 1087 2761 ’Δντιοχέων
1129 2690 1434 2763 Ἐκκλησιᾳ.

313 2784 369 2835 1.
419 2784 507 2840 Τίς
537 2775 698 2831 δώσει
749 2798 839 2852 μοι
892 2785 1178 2855 πτέρυγας,
1216 2783 1340 2833 ὡσεὶ
1376 2786 1719 2854 περιστερᾶς;
1759 2785 1848 2833 καὶ

226 2870 651 2940 πετασθησομαι
707 2870 819 2938 (77)
878 2872 1011 2942 πρὸς
1065 2869 1219 2941 ὑμᾶς,
1272 2874 1361 2922 καὶ
1399 2873 1724 2923 καταπαύσω
1759 2873 1847 2923 τὸν

222 2960 411 3012 πόθον
462 2960 514 3009 ὃν
554 2961 660 3029 ἔχω
708 2956 791 3011 ἐπὶ
843 2966 905 3029 τῇ
968 2964 1233 3031 συντυχίᾳ
1277 2968 1369 3021 τῆς
1419 2961 1666 3035 ὑμετέρας
1723 2959 1850 3032 ἁγά-

216 3068 306 3107 πη
321 3070 368 3110 ς.
420 3052 547 3099 Νυνὶ
594 3044 655 3100 δὲ
693 3047 821 3120 οὐχὶ
849 3050 1118 3121 πτερύγων
1172 3045 1350 3110 ἐνδεῶς
1389 3052 1498 3121 ἔχω
1518 3054 1690 3122 μόνον,
1723 3048 1850 3102 ἀλλὰ

214 3144 326 3191 καὶ
394 3137 554 3188 αὑτοῦ
618 3144 710 3189 τοῦ
767 3142 1028 3209 σώματος,
1080 3137 1242 3190 πάλαι
1266 3142 1357 3211 μέν
1395 3158 1486 3211 μοι
1518 3140 1619 3192 ὑπὸ
1646 3144 1851 3212 μακρᾶς

212 3237 326 3289 τῆς
389 3225 685 3300 ἀρρωστίας
722 3230 1093 3296 πεπονηκότος,
1149 3234 1240 3278 νῦν
1301 3223 1361 3279 δε
1414 3228 1514 3281 ὑπὸ
1580 3236 1681 3281 τῶν
1733 3247 1851 3280 συν-

215 3326 387 3389 εχῶν
465 3314 681 3386 θλίψεων
768 3315 1025 3377 παντελῶς
1094 3321 1551 3390 συντετριμμένον.
1606 3321 1692 3377 Τίς
1747 3320 1849 3393 γὰρ

212 3408 417 3466 οὕτως
457 3401 807 3477 ἀδαμάντινος
863 3410 957 3463 τὴν
1014 3406 1222 3477 ψυχὴν,
1270 3411 1348 3468 τίς
1406 3407 1540 3459 οὕτω
1591 3406 1850 3469 παντελῶς

214 3496 571 3566 ἀσυμπαθὴς
617 3499 705 3545 καὶ
766 3493 1041 3569 ἀνήμερος,
1111 3498 1180 3556 ὡς
1247 3493 1446 3547 ἀκούων
1506 3502 1599 3548 τοῦ
1651 3515 1852 3547 παντα-

210 3586 419 3661 χόθεν
464 3585 590 3653 ἡμᾶς
619 3583 731 3653 (78)
770 3582 1184 3657 προσϐάλλοντος
1235 3592 1547 3657 στεναγμοῦ,
1596 3586 1699 3637 οἷον
1750 3584 1850 3637 ἀπὸ

213 3691 398 3732 τινος
445 3679 599 3742 χοροῦ
653 3680 917 3744 κατηφοῦς
961 3677 1128 3725 κοινόν
1183 3693 1301 3725 τινα
1350 3675 1533 3747 θρῆνον
1581 3679 1671 3726 καὶ
1713 3676 1852 3747 σύμ-

216 3780 428 3837 φωνον
476 3770 883 3833 προσηχοῦντος,
924 3766 995 3833 μὴ
1066 3762 1194 3834 οὐχὶ
1258 3764 1441 3815 παθεῖν
1496 3767 1589 3821 τὴν
1644 3762 1849 3835 ψυχὴν,

210 3858 333 3908 καὶ
398 3853 837 3923 κατακαμφθῆναι
904 3851 975 3913 εἰς
1057 3860 1174 3923 γῆν,
1225 3856 1315 3904 καὶ
1387 3859 1498 3913 ταῖς
1554 3852 1855 3925 ἀμηχάνοις

210 3945 476 4001 ταύταις
533 3946 806 4015 μερίμναις
880 3946 1140 4003 παντελῶς
1193 3940 1508 4009 ἐκτακῆναι;
1565 3941 1719 3995 Ἀλλὰ
1764 3938 1856 3994 δυ-

206 4036 402 4093 νατὸς
456 4032 482 4082 ὁ
536 4030 685 4101 ἅγιος
742 4033 873 4092 Θεὸς
925 4028 1109 4083 δοῦναι
1164 4050 1282 4083 τινα
1332 4030 1484 4083 λύσιν
1513 4039 1612 4084 τῶν
1642 4030 1854 4103 ἀμηχά-

215 4144 364 4188 νων,
424 4124 515 4171 καὶ
563 4121 900 4193 χαρίσασθαι
947 4122 1071 4192 ἡμῖν
1121 4139 1239 4172 τινα
1277 4129 1377 4173 τῶν
1430 4130 1642 4193 μακρῶν
1688 4126 1853 4173 πόνων

200 4213 527 4267 ἀναπνοήν.
588 4208 747 4261 Ὥστε
789 4214 878 4261 καὶ
946 4211 1080 4281 ὑμᾶς
1156 4213 1251 4268 τὴν
1325 4209 1483 4268 αὐτὴν
1536 4213 1678 4280 ἔχειν
1727 4210 1854 4274 ἀξιῶ
1884 4241 1928 4295 D

207 4298 611 4375 παράκλησιν,
660 4304 749 4350 καὶ
802 4306 864 4370 τῇ
921 4295 1097 4351 ἐλπίδι
1144 4307 1239 4360 τῆς
1302 4298 1679 4373 παρακλήσεως
1723 4304 1854 4371 χαί-

201 4410 428 4465 ροντας
480 4390 616 4460 ὑμᾶς
674 4391 730 4439 τὸ
781 4390 947 4462 παρὸν
1007 4387 1237 4459 ἀλγεινὸν
1292 4397 1391 4440 τῶν
1448 4387 1666 4459 θλίψεων
1720 4390 1853 4441 ὐπο-

202 4486 433 4555 ρένειν.
495 4480 611 4530 Εῖτε
675 4480 775 4551 γὰρ
834 4477 1225 4551 ἁμαρτημάτων
1284 4476 1620 4551 ἀποτίννυμεν
1675 4475 1850 4549 δίκας,

207 4572 425 4623 ἱκαναὶ
463 4568 515 4616 αἱ
555 4568 808 4637 μάστιγες
866 4570 996 4640 πρὸς
1043 4570 1501 4639 παραίτησιν(79)
1543 4565 1721 4619 λοιπὸν
1759 4576 1855 4630 τῆς

214 4658 315 4730 ἐφ’
374 4659 509 4727 ἡμῖν
561 4654 723 4726 ὀργῆς
790 4662 881 4707 τοῦ
940 4662 1108 4708 Θεοῦ·
1166 4659 1264 4708 ε’ίτε
1319 4655 1390 4716 εἰς
1442 4660 1563 4717 τοὺς
1606 4658 1731 4731 ὑπὲρ
1763 4664 1854 4717 τῆς

213 4745 518 4805 εὐσεϐείας
601 4742 804 4815 ἀγῶνας
874 4740 967 4796 διὰ
1009 4753 1108 4796 τῶν
1158 4753 1459 4817 πειρασμῶν
1514 4748 1708 4798 τούτων
1764 4765 1852 4798 κε·-

211 4837 484 4907 κὶὴμεθα
524 4834 657 4904 (80),
708 4830 916 4895 δίκαιος
970 4834 997 4885 ὁ
1062 4832 1333 4895 ἀθλοθέτης
1389 4840 1459 4907 μὴ
1511 4834 1662 4887 ἐᾶσαι
1714 4834 1853 4908 ἡμᾶς

1608 4924 1716 4976 ἀλλ’
1769 4922 1853 4977 ἐπὶ

216 5024 347 5077 τοῖς
396 5014 883 5088 προπεπονημένοις
943 5008 1232 5066 ἀποδοῦναι
1288 5016 1411 5087 ἡμῖν
1449 5017 1536 5067 τὸν
1584 5022 1675 5077 τῆς
1718 5016 1851 5068 ὐπο-

306 5107 354 5139 ²⁵
396 5102 559 5159 Psal.
604 5116 717 5156 LIV.
750 5106 805 5157 7.

308 5198 427 5261 (7'7)
476 5190 904 5262 Πετασθὴσομαι.
942 5193 1104 5246 Unus
1134 5190 1351 5263 Regius
1390 5192 1579 5249 codex
1612 5209 1646 5249 a
1678 5194 1851 5249 Com-

224 5264 455 5319 befisio
478 5264 697 5318 citatus
720 5264 1137 5335 natavonaoua}.

250 5409 262 5417 ρ
303 5338 424 5423 (:78)
466 5334 655 5407 Ἠμᾶς.
698 5335 836 5403 Reg.
878 5333 1182 5390 secundus
1232 5339 1290 5391 et
1325 5335 1501 5392 Coisl.
1543 5336 1848 5392 secundus

467 5480 611 5550 Πρὸς
669 5480 1007 5551 παραίτησιν.
1067 5479 1154 5534 Ita
1201 5493 1307 5535 sex
1349 5495 1495 5536 mss.
1529 5478 1679 5535 Editi
1722 5483 1849 5555 πρὸς

527 5604 778 5659 ΡΑτιιοι..
822 5602 923 5658 Gn.
966 5603 1161 5660 XXXII.

214 4924 603 4999 πειρασθῆναι
630 4924 755 4996 ὑπὲρ
811 4925 836 4975 ὅ
886 4918 1153 4995 δυνάμεθα
1208 4924 1497 4995 ὑπενεγκεῖν
1531 4939 1545 4954 ⁸

2417 2690 2698 2747 Ecclesiae
2733 2688 3149 2746 Antiochense.

2034 2785 2080 2835 1.
2126 2780 2268 2848 Quis
2298 2779 2465 2836 dabit
2489 2778 2642 2835 mihi
2681 2779 2838 2849 alas,
2870 2779 3023 2834 sicut
3055 2777 3390 2837 columba?
3433 2783 3489 2835 et
3522 2793 3618 2836 vo-

2035 2824 2080 2835 ..
2128 2824 2266 2848 ψ..-
2298 2824 2462 2836 κων..
2681 2824 2838 2849 ..ν-ν,
2870 2824 3022 2834 -.νη
3056 2824 3374 2837 ---πη-η..
3434 2824 3487 2835 ν-
3524 2824 3591 2836 η

1880 2824 1930 2898 q
1960 2869 2096 2927 tabo
2113 2870 2161 2905 ³⁵
2185 2868 2263 2925 ad
2275 2884 2406 2931 vos,
2431 2883 2503 2924 ac
2534 2866 2790 2939 explebo
2812 2882 3019 2922 meum
3036 2865 3616 2935 congrediendicum

1956 2962 2159 3015 vestra
2180 2957 2469 3015 charitate
2501 2955 2889 3013 desiderium.
2922 2958 3091 3012 Nunc
3133 2958 3337 3011 autem
3366 2970 3491 3012 non
3520 2970 3617 3011 so-

1956 3048 2084 3105 lum
2144 3047 2255 3103 alae
2310 3047 2460 3103 mihi
2497 3046 2738 3112 desunt,
2780 3045 2887 3102 sed
2933 3045 3132 3117 ipsum
3170 3044 3349 3101 etiam
3372 3060 3615 3117 corpus,

1958 3137 2190 3193 dudum
2204 3136 2452 3209 quidem
2473 3135 2622 3191 mihi
2641 3134 2824 3204 longa
2846 3132 3199 3204 aegritudine
3216 3132 3616 3203 debilitatum,

1960 3241 2125 3283 nunc
2174 3241 2315 3281 vero
2343 3224 2631 3281 molestiis
2679 3223 2983 3280 continuis
3033 3222 3271 3295 penitus
3327 3222 3618 3281 attritum.

1960 3315 2103 3382 Quis
2128 3314 2290 3372 enim
2313 3314 2519 3370 animo
2544 3314 2625 3370 ita
2654 3312 3069 3379 adamantino,
3092 3311 3231 3385 quis
3252 3312 3336 3370 ita
3360 3311 3620 3369 commi-

1960 3404 2275 3462 serationis
2304 3404 2504 3459 omnis
2543 3418 2614 3459 ac
2658 3401 3149 3458 mansuetudinis
3164 3417 3400 3474 expers,
3432 3406 3497 3459 ut
3518 3417 3622 3459 au-

1959 3494 2131 3551 diens
2164 3494 2454 3564 gemitum
2500 3492 2771 3565 undique
2818 3508 2996 3548 aures
3018 3495 3258 3548 nostras
3288 3490 3620 3562 ferientem,

1960 3584 2123 3640 velut
2151 3599 2224 3638 ex
2246 3582 2395 3639 tristi
2434 3581 2705 3654 quodam
2756 3581 2940 3637 choro
2991 3596 3383 3637 communem
3407 3596 3623 3654 quam-

1960 3672 2105 3729 dam
2160 3688 2231 3729 ac
2289 3686 2625 3727 consonam
2663 3670 3163 3727 lamentationem
3216 3669 3448 3735 edente,
3497 3685 3622 3727 non

1962 3761 2167 3819 animo
2198 3760 2557 3823 doleat,non
2592 3760 2765 3815 humi
2804 3759 3189 3832 procumbat,
3219 3763 3277 3815 et
3315 3774 3438 3816 non
3460 3758 3624 3831 peni-

1962 3857 2058 3910 tus
2080 3849 2591 3907 inextricabilibus
2635 3848 2727 3904 his
2785 3849 2945 3904 curis
2968 3847 3281 3905 tabescat?
3330 3848 3444 3905 Sed
3469 3850 3625 3904 Deus

1965 3945 2209 3997 sanctus
2236 3942 2435 4011 potest
2489 3954 2601 3994 nos
2643 3953 2716 3993 ex
2746 3937 2818 3993 iis
2837 3953 2975 4010 quae
3004 3936 3442 3993 inextricabilia
3483 3940 3626 3993 sunt

1963 4031 2212 4096 solvere,
2263 4034 2321 4085 et
2365 4029 2636 4101 aliquam
2675 4027 2855 4084 nobis
2902 4043 2977 4083 ex
3033 4026 3283 4083 diutinis
3313 4026 3626 4085 laboribus

1962 4120 2421 4194 respirationem
2444 4118 2667 4189 largiri.
2729 4119 2926 4184 Quare
2957 4121 3012 4174 et
3041 4133 3151 4173 vos
3174 4117 3339 4174 idem
3369 4116 3508 4174 volo
3533 4132 3626 4174 so-

1962 4210 2174 4268 latium
2230 4208 2477 4276 habere,
2535 4223 2605 4263 ac
2654 4222 2759 4279 spe
2818 4206 3249 4263 consolationis
3296 4205 3626 4277 gaudentes

1963 4302 2323 4373 praesentem
2362 4295 2756 4354 afﬂictionum
2814 4295 3087 4352 dolorem
3145 4295 3427 4367 perferre.
3488 4294 3621 4351 Sive

1964 4389 2125 4445 enim
2157 4391 2543 4461 peccatorum
2582 4384 2869 4441 solvimus
2917 4400 3159 4457 poenas,
3186 4383 3493 4443 sufﬁciunt
3508 4382 3620 4439 ﬂa-

1963 4479 2122 4550 gella
2168 4478 2247 4534 ad
2286 4475 2679 4534 avertendam
2734 4474 3019 4548 deinceps
3052 4474 3154 4530 Dei
3196 4474 3258 4530 in
3291 4488 3405 4530 nos
3433 4472 3588 4529 iram

1963 4569 2088 4624 sive
2110 4568 2189 4624 ad
2207 4564 2561 4623 sustinenda
2587 4580 2699 4638 pro
2716 4564 2934 4637 pietate
2955 4563 3287 4620 certamina
3308 4562 3404 4619 his
3430 4566 3618 4620 tenta-

1961 4656 2229 4714 tionibus
2245 4671 2557 4721 vocamur,
2572 4654 2772 4725 justus
2819 4658 2910 4709 est
2944 4653 3342 4709 certaminum
3375 4650 3615 4717 arbiter,

1961 4750 2168 4803 utnon
2196 4745 2354 4801 sinat
2374 4744 2587 4800 tentari
2621 4759 2734 4799 nos
2790 4742 2946 4798 ultra
2996 4758 3184 4816 quam
3225 4742 3377 4798 ferre
3403 4757 3618 4815 possu-

1962 4851 2099 4893 mus
2125 4856 2138 4891 :
2168 4834 2275 4890 sed
2301 4833 2479 4889 nobis
2498 4832 2835 4904 reddatpro
2857 4830 3122 4887 toleratis
3134 4831 3263 4903 jam
3284 4828 3614 4899 laboribus,

1961 4924 2259 4998 patientiae
2282 4921 2474 4993 etzspei
2496 4920 2558 4974 in
2578 4920 2779 4991 ipsum
2827 4923 3046 4976 nostra:
3068 4935 3380 4977 coronam.
3412 4922 3616 4992 Itaque

1960 5031 2036 5073 ne
2050 5012 2466 5083 defatigemur,
2487 5006 2787 5065 obeundis
2804 5024 2915 5082 pro
2933 5008 3150 5082 pietate
3162 5006 3612 5077 certaminibus,

1952 5196 2639 5335 παῗὲδῇιῗέἑ).ήμεθα.8ἱο
2676 5260 2828 5335 Med.
2877 5264 2935 5335 et
2982 5258 3168 5335 Coisl._
3189 5257 3421 5329 primus
3468 5270 3609 5312 cum

2028 5266 2143 5332 '(80)
2185 5266 2506 5335 Κεκλήμεθα.
2542 5266 2635 5318 Sic
2676 5266 2828 5317 Med.
2877 5266 2935 5317 et
2982 5266 3154 5316 Coisl.
3189 5266 3421 5329 primus
3468 5284 3471 5302 ‹

1957 5336 2089 5394 aliis
2114 5338 2392 5406 quatuor.
2427 5334 2575 5389 Editi
2608 5332 2981 5406 βεϐαιούμεοα,
3017 5332 3471 5402 conﬁrmamur.

2027 5407 2045 5430 ·
2080 5406 2239 5463 Alias
2266 5408 2367 5463 LX.
2404 5406 2635 5481 Scripta
2655 5420 2817 5463 anno
2842 5408 2965 5461 373.

3293 5598 3357 5655 19
