4092 6210
574 234 676 287 587

1957 226 2012 283 S.
2056 224 2300 281 BASILH
2338 225 2558 282 MAGNI
3753 244 3833 298 588

572 371 770 429 neque
811 370 919 426 per
956 353 1442 426 desperationem
1488 354 1724 410 labores
1767 354 1896 424 jam
1951 367 1987 405 a
2044 349 2220 405 nobis

2344 358 2496 419 μονῆς
2546 355 2633 401 καὶ
2676 358 2767 410 τῆς
2834 350 2901 411 εἰς
2954 351 3108 403 αὐτόν
3158 347 3359 411 ἐλπίδος
3412 358 3641 426 στέφανον,
3681 366 3747 418 Μὴ
3771 361 3837 415 οὖν

571 446 906 503 exantlatos
929 444 1339 516 projiciamus.
1377 448 1500 501 Non
1532 444 1692 499 enim
1720 458 1841 498 una
1870 458 1965 497 res
2003 439 2229 495 fortiter

572 539 759 605 gesta,
785 550 981 606 neque
1025 533 1224 588 brevis
1255 533 1427 589 labor
1479 533 1881 589 constantiam
1904 528 2087 585 animi
2121 528 2231 583 de-

572 625 800 679 clarat:
836 622 941 678 sed
993 622 1096 694 qui
1157 623 1330 693 233
1372 622 1557 677 corda
1588 626 1799 677 nostra
1831 619 2068 691 probat,
2106 616 2234 672 vult

570 717 638 769 ut
674 713 857 782 longa
906 718 961 766 et
1009 711 1239 782 prolixa
1280 710 1638 783 probatione
1670 725 1959 765 coronam
1984 706 2229 778 justitiae

573 816 1035 873 consequamur.
1098 799 1302 856 Solum
1352 799 1639 855 infractus
1695 803 1965 854 servetur
1995 796 2235 851 animus

571 896 800 957 noster,
827 890 1261 945 inconcussum
1294 889 1671 945 custodiatur
1698 888 1834 943 fidei
1852 888 1909 942 in
1935 887 2232 942 Christum

571 980 1047 1042 ﬁrmamentum,
1097 982 1153 1033 et
1196 978 1392 1033 veniet
1434 978 1549 1033 cito
1593 977 1833 1047 adjutor
1859 979 2061 1031 noster
2092 995 2103 1033 :
2138 990 2236 1029 ve-

568 1069 712 1136 niet,
748 1072 946 1124 etnon
976 1066 1255 1123 tardabit.
1282 1068 1584 1134 Exspecta
1608 1068 1764 1122 enim
1789 1066 2237 1120 tribulationem

570 1172 751 1226 super
780 1156 1251 1223 tribulationem,
1281 1171 1440 1223 spem
1476 1170 1656 1224 super
1677 1170 1877 1223 spem:
1908 1154 2111 1209 adhuc
2133 1168 2241 1221 pa-

572 1262 728 1304 rum.
763 1246 1223 1312 adhueparum.
1284 1243 1377 1299 Sic
1434 1244 1601 1298 novit
1656 1258 1925 1298 recreare
1985 1241 2237 1313 promis-

573 1336 740 1390 sione
770 1334 949 1388 futuri
982 1332 1265 1388 alumnos
1315 1348 1456 1387 suos
1486 1331 1741 1403 Spiritus
1775 1336 2042 1386 sanctus.
2096 1333 2241 1403 Spes

573 1425 733 1480 enim
764 1428 905 1495 post
936 1422 1308 1488 atﬂictiones,
1341 1437 1447 1476 nec
1474 1422 1655 1493 longe
1683 1422 1905 1477 absunt
1941 1438 2079 1492 quae
2111 1436 2242 1492 spe-

574 1517 802 1569 rantur.
852 1515 997 1567 Nam
1036 1510 1271 1566 etiamsi
1320 1510 1456 1582 quis
1488 1515 1677 1565 totam
1711 1510 1873 1565 dicat
1902 1510 2238 1577 humanam

572 1602 781 1670 vitam,
810 1599 1238 1656 brevissimum
1288 1604 1376 1655 est
1413 1600 1662 1655 omnino
1696 1600 1981 1672 Spatium,
2024 1599 2074 1653 si
2104 1614 2241 1653 con-

574 1691 802 1747 feratur
846 1706 984 1744 cum
1037 1688 1269 1744 inﬁnito
1310 1687 1409 1744 illo
1457 1688 1699 1756 saeculo,
1728 1688 1893 1762 quod
1926 1688 1986 1743 in
2013 1704 2118 1760 spe
2152 1702 2238 1742 re-

573 1780 843 1852 positum
876 1782 981 1833 est.

576 1868 892 1943 ἀνθρώπινον
945 1865 1083 1939 βίον,
1138 1870 1488 1939 σμικρότατόν
1543 1863 1655 1918 ἐστι
1713 1862 1989 1937 διάστημα
2038 1864 2315 1930 παντελῶς,

576 1956 777 2011 ἐλπίσιν
804 1956 1165 2029 ἀποκειμένου.

646 2052 704 2105 2.
743 2046 951 2102 Fidem
982 2049 1186 2100 autem
1208 2059 1319 2100 nos
1341 2059 1537 2116 neque
1570 2044 1648 2099 ab
1673 2043 1803 2100 aliis
1818 2044 2104 2115 scriptam
2135 2058 2237 2097 no-

575 2135 670 2191 bis
727 2134 1119 2191 recentiorem
1173 2133 1559 2204 suscipimus,
1624 2149 1821 2205 neque
1866 2133 1979 2205 ipsi
2022 2132 2239 2187 mentis

574 2230 795 2281 nostra:
810 2224 962 2278 fetus
984 2222 1218 2277 tradere
1241 2222 1556 2289 audemus,
1571 2238 1645 2277 ne
1659 2222 1930 2277 humana
1945 2222 2240 2277 faciamus

574 2312 812 2385 pietatis
834 2310 1059 2366 verba:
1091 2310 1196 2365 sed
1225 2327 1360 2383 quae
1412 2326 1448 2365 a
1480 2311 1706 2367 sanctis
1741 2310 2011 2366 Patribus
2045 2310 2240 2365 edocti

578 2416 815 2466 sumus,
850 2414 921 2455 ea
951 2398 1021 2453 iis
1052 2398 1156 2470 qui
1191 2414 1305 2454 nos
1348 2398 1739 2469 interrogant,
1764 2400 2230 2456 annuntiamus.

578 2490 748 2559 Viget
786 2488 965 2557 igitur
998 2503 1035 2543 a
1081 2492 1322 2559 patrum
1372 2494 1715 2543 nostrorum
1761 2488 2134 2560 temporibus
2177 2491 2238 2546 in

579 2582 787 2636 nostra
808 2576 1069 2633 Ecclesia
1086 2576 1237 2631 fides
1268 2592 1303 2631 a
1321 2576 1592 2631 Patribus
1622 2577 1832 2632 Nicaeae
1856 2580 2239 2648 congregatis

582 2666 941 2738 conscripta,
961 2681 1146 2737 quam
1173 2663 1537 2720 arbitramur
1558 2670 1615 2721 et
1642 2665 1807 2737 apud
1833 2682 1940 2721 vos
1967 2666 2147 2722 etiam
2177 2668 2239 2723 in

574 2772 678 2813 ore
700 2770 829 2812 esse
864 2771 877 2809 :
912 2753 1019 2809 sed
1041 2758 1241 2809 tamen
1284 2769 1408 2809 non
1464 2770 1838 2815 recusamus,
1871 2771 1945 2810 ne
1970 2756 2239 2823 segnitiei

576 2845 803 2901 crimen
834 2843 1259 2910 sustineamus,
1278 2842 1671 2915 ipsaquoque
1703 2843 1889 2898 verba
1906 2844 1965 2899 in
1984 2844 2241 2916 epistola

574 2934 813 2991 referre.
842 2934 975 2987 Haec
993 2937 1194 2987 autem
1222 2934 1397 2986 sunt:
1434 2931 1746 2987 Credimus
1766 2933 1828 2987 in
1848 2948 2035 2987 unum
2052 2935 2239 2989 Deum

580 3028 814 3081 Patrem
829 3023 1287 3090 omnipotentem
1299 3064 1312 3087 ,
1331 3021 1593 3075 omnium
1608 3023 1729 3077 sive
1747 3022 2076 3077 visibilium
2088 3066 2101 3090 ,
2117 3038 2241 3079 sive

577 3114 965 3171 invisibilium
983 3112 1301 3180 factorem.
1316 3111 1395 3165 Et
1413 3112 1472 3165 in
1497 3127 1682 3165 unum
1697 3112 2015 3166 Dominum
2034 3114 2235 3168 Jesum

579 3203 885 3259 Christum
897 3201 1118 3255 Filium
1136 3200 1536 3268 Dei,genitum
1551 3214 1625 3255 ex
1636 3201 1824 3255 Patre
1838 3202 2235 3270 unigenitum,

579 3291 691 3348 hoc
710 3296 816 3355 est,
839 3304 913 3345 ea:
932 3289 1184 3344 essentia
1197 3288 1404 3343 Patris
1419 3301 1441 3357 ;
1462 3289 1659 3344 lumen
1686 3288 1760 3344 de
1782 3289 2027 3354 lumine,
2050 3292 2237 3345 Deum

576 3394 785 3436 verum
807 3394 883 3435 ea:
909 3379 1031 3432 Deo
1045 3392 1179 3433 vero
1204 3395 1216 3432 :
1242 3378 1530 3445 genitum,
1564 3392 1685 3432 non
1712 3379 1967 3445 factum,
1996 3378 2241 3433 consub-

578 3468 923 3525 stantialem
938 3466 1247 3533 Patri,per
1263 3480 1434 3535 quem
1460 3466 1659 3520 omnia
1671 3466 1843 3533 facta
1860 3474 2019 3535 sunt,
2043 3472 2242 3538 etquae

578 3559 643 3613 in
664 3557 812 3614 caelo
831 3560 993 3621 sunt,
1018 3560 1070 3610 et
1084 3569 1215 3625 qum
1236 3554 1297 3608 in
1328 3558 1511 3609 terra.
1536 3552 1649 3619 Qui
1662 3560 1915 3623 propter
1930 3570 2035 3610 nos
2056 3555 2241 3610 homi-

578 3662 682 3704 nes
702 3651 757 3702 et
768 3650 1019 3715 propter
1038 3649 1306 3698 nostram
1325 3642 1578 3697 salutem
1595 3642 1897 3698 descendit
1925 3661 1937 3698 :
1960 3645 2243 3699 incarna-

580 3744 677 3793 tus
704 3741 808 3801 est,
826 3734 997 3791 homo
1007 3736 1214 3804 factus
1230 3740 1332 3802 est,
1350 3747 1565 3802 passus
1587 3739 1693 3794 est.
1710 3740 1762 3789 et
1779 3735 2111 3789 resurrexit
2134 3742 2246 3789 ter-

581 3828 665 3883 tia
690 3826 822 3881 die:
847 3823 1114 3880 ascendit
1140 3823 1222 3877 ad
1244 3822 1444 3886 caelos,
1468 3828 1758 3877 venturus
1781 3828 1865 3877 est
1883 3824 1965 3877 ad
1986 3823 2248 3891 judican

579 3916 721 3970 dum
742 3915 904 3970 vivos
935 3919 989 3969 et
1011 3917 1291 3967 mortuos.
1308 3912 1385 3965 Et
1408 3913 1471 3965 in
1490 3911 1786 3978 Spiritum
1808 3919 2105 3967 sanctum.
2136 3906 2250 3977 Qui

579 4010 774 4059 autem
796 4003 1024 4066 dicunt,
1041 4006 1170 4055 erat
1192 3998 1541 4069 aliquando,
1568 4000 1809 4069 quando
1832 4016 1952 4055 non
1973 4008 2103 4055 erat
2138 4014 2160 4071 ;
2189 4010 2247 4060 et

581 4099 903 4163 antequam
920 4092 1191 4160 gigneret
1199 4104 1417 4151 ur,non
1432 4094 1590 4151 erat;
1606 4094 1661 4142 et
1673 4090 1833 4159 quod
1844 4105 1919 4144 ex
1934 4106 2051 4144 non
2066 4094 2245 4149 exsis-

584 4182 842 4239 tentibus
854 4179 1060 4249 factus
1073 4182 1180 4247 est;
1194 4182 1298 4232 aut
1320 4178 1534 4232 exalia
1553 4178 2246 4245 hypostasiautessentia

582 4289 703 4330 esse
722 4272 955 4336 dicunt,
974 4274 1082 4324 aut
1108 4267 1593 4333 mutabilem,aut
1616 4267 1996 4323 alterabitem
2020 4270 2241 4329 Filium
2277 4258 2321 4313 Ῑ)

586 4364 713 4430 Dei,
736 4376 829 4418 eos
852 4358 1330 4416 anathematizat
1387 4354 1691 4410 catholica
1714 4362 1767 4410 et
1800 4359 2131 4425 apostolica
2151 4362 2238 4417 Ec

584 4453 790 4509 clesia.
804 4450 906 4504 His
920 4443 1356 4503 credimuszsed
1370 4444 1513 4515 quia
1525 4442 1773 4500 definita
1787 4460 1907 4499 non
1922 4448 2101 4502 estde
2121 4450 2243 4521 Spi-

584 4541 701 4598 ritu
712 4545 921 4596 sancto
934 4533 1510 4605 doctrina,nondum
1523 4538 1666 4589 tunc
1679 4538 2241 4606 pneumatomachis

654 4718 769 4787 (8t)
811 4712 1246 4787 Ἀποδειχθῆναι.
1281 4715 1367 4787 Ita
1407 4711 1643 4787 Med.__e_t
1670 4712 1846 4787 Cois}.
1881 4718 2153 4787 uterque,
2176 4720 2233 4772 et

585 4780 714 4844 Vat.
742 4780 881 4843 όυω
928 4780 1171 4841 duobus
1212 4783 1425 4853 Regiis.
1486 4783 1633 4837 Etliti
1672 4780 2073 4855 ἀναδειχθῆναι.
2105 4789 2231 4842 Non

584 4858 775 4931 multo
805 4862 945 4931 post
963 4857 1103 4931 editi
1134 4861 1269 4929 post
1323 4860 1587 4929 στερέωμα
1617 4854 1862 4911 addunt
1895 4858 2060 4929 ἡμῶν,
2095 4874 2231 4929 quas

584 4946 702 4986 vox
723 4928 891 4986 deest
920 4930 977 4984 in
1005 4928 1273 5001 quinque
1300 4944 1446 4982 mss.

653 5004 767 5071 (82)
808 4998 1132 5071 Ποιήσωμεν.
1180 4998 1271 5053 ἶίιι
1327 5003 1557 5071 septem
1602 5016 1779 5066 mss.;
1839 4998 1998 5053 unde
2048 4998 2233 5054 miror

582 5057 701 5145 legi
728 5057 788 5128 ἱίι
819 5057 990 5145 editis
1015 5057 1342 5145 λογίξωνται.

656 5139 767 5215 (83)
802 5151 875 5216 Τῇ
942 5139 1224 5216 Ἐκκλησία
1271 5143 1458 5216 jurist».
1532 5140 1834 5216 Nicaenam
1906 5139 2229 5216 formulam

584 5211 918 5273 Ctesaream
956 5212 1232 5269 attulerat
1265 5211 1336 5283 δέ
1359 5211 1654 5283 Leontius,
1687 5212 1793 5283 qui
1821 5211 1959 5266 huic
1992 5212 2231 5283 synodo

581 5287 947 5343 interfuerat.
969 5283 1247 5354 Ejusdem
1262 5281 1398 5354 ﬁdei
1410 5282 1658 5337 acerrim
1670 5298 1735 5334 us
1762 5281 2038 5337 defensor
2061 5284 2232 5338 exsti-

581 5359 648 5415 tit
677 5352 1103 5425 Hermogenes,
1140 5352 1361 5425 Leontii
1390 5368 1717 5425 successor,
1749 5358 1809 5406 ut
1840 5353 2097 5425 perspici
2121 5371 2229 5425 po-

581 5434 697 5485 test
716 5446 787 5485 ex
819 5422 1001 5501 epist._
1025 5430 1082 5481 Bt
1100 5468 1112 5481 .
1137 5422 1596 5501 AtDianiusqui
1622 5422 2229 5501 Hermogeni'succes-

582 5501 677 5568 sit,
745 5493 873 5556 non
906 5498 1142 5555 videtur
1170 5496 1301 5566 ejus
1350 5493 1628 5568 vestigiis
1660 5509 1896 5568 semper
1919 5495 2226 5568 institisse.

582 5564 750 5641 Saa'pe
796 5571 959 5628 enim
1006 5564 1367 5626 Arianbrum
1391 5564 1665 5623 formulis
1698 5564 2073 5638 subscripsit.
2101 5570 2230 5624 Non

2342 436 2690 509 ἀποκαμωμεν
2772 437 3103 500 ἐναθλοῡντες
3168 440 3234 500 εἰς
3298 444 3405 501 τοὺς
3460 444 3569 516 ὑπερ
3634 451 3841 509 τῆςενσι-

2343 524 2479 586 ϐείας
2529 525 2749 598 ἀγῶνας,
2817 526 2955 600 μηδέ
3012 526 3083 581 δι’
3143 528 3462 592 ἀνελπιστίας
3514 536 3572 583 τά
3616 538 3840 593 πονηθέντα

2343 616 2467 686 ἡμῖν
2514 621 2809 689 προώμεθα.
2862 618 2936 670 Οὐ
2987 622 3088 694 γαρ
3147 624 3243 691 μία
3288 619 3463 691 πρᾶξις
3494 618 3714 694 ἀνδρείας,
3749 625 3843 680 οὐδὲ

2346 702 2561 776 βραχὺς
2596 711 2747 768 πόνος
2775 711 2833 759 τὸ
2870 715 2959 769 τῆς
3004 708 3188 780 ψυχῆς
3244 712 3476 782 καρτερὸν
3521 706 3842 766 διαδείκνυσιν⁸

2346 792 2453 844 ἀλλ’
2518 796 2543 845 ό
2594 792 2897 868 δοκιμάζων
2959 799 3104 869 ἡμῶν
3168 799 3260 858 τὰς
3314 794 3519 860 καρδίας
3578 797 3657 852 διὰ
3692 812 3846 877 μακρᾶς

2346 888 2435 935 καὶ
2488 890 2910 957 παρατεταμένης
2962 894 3057 948 τῆς
3124 883 3437 958 δοκιμασίας
3492 886 3706 960 βούλεται
3748 894 3848 962 ἡμᾶς

2347 982 2443 1035 τῆς
2495 969 2837 1035 δικαιοσύνης
2887 981 3191 1047 στεφανίτας
3234 973 3597 1047 ἀποδειχθῆναι
3617 982 3726 1045 (8i).
3771 986 3846 1032 M6-

2348 1082 2431 1113 νον
2482 1060 2749 1116 ἀνένὸοτον
2790 1066 3135 1137 φυλασσεσθω
3182 1069 3239 1117 τὸ
3293 1070 3519 1138 φρόνημα
3552 1069 3695 1138 ἡμῶν,
3736 1070 3848 1120 ἄσιν

2353 1171 2472 1203 στον
2503 1156 2561 1204 τό
2604 1158 2872 1226 στερέωμα
2919 1163 3009 1215 τῆς
3059 1156 3130 1216 εἰς
3199 1158 3425 1227 Χριστόν
3474 1161 3670 1216 πίστεως
3718 1154 3853 1214 διατη-

2350 1243 2559 1314 ρείσθω,
2602 1246 2688 1293 καὶ
2738 1243 2851 1305 ἣξει
2903 1244 2953 1295 ἐν
3004 1246 3160 1315 τάχει
3217 1246 3242 1295 ό
3302 1243 3673 1315 ἀντιληψόμενος
3711 1248 3853 1316 ἡμῶν·

2352 1329 2463 1391 ἡξει
2524 1335 2611 1381 καὶ
2682 1332 2740 1383 οὔ
2798 1341 3022 1407 χρονιεῖ,
3092 1329 3405 1404 Προσδέχον
3474 1336 3566 1405 γὰρ
3612 1334 3754 1403 θλίψιν
3799 1332 3857 1384 ἐπὶ

2354 1418 2542 1488 θλίψει,
2601 1417 2790 1472 ἐλπίδα
2860 1422 2939 1473 ἐπ’
2987 1418 3197 1474 ἐλπίδι·
3250 1425 3327 1473 ἔτι
3369 1426 3545 1494 μικρὸν
3596 1426 3661 1474 ἔτι
3700 1426 3857 1495 μικρὸν.

2352 1512 2532 1570 Οὕτως
2593 1507 2679 1562 οἷὸ
2686 1530 2705 1563 ε
2743 1511 3088 1583 ψυχαγωγεῖν
3134 1522 3193 1584 τῇ
3244 1512 3518 1583 ἐπαγγελίᾳ
3544 1521 3626 1564 τοῦ
3659 1512 3862 1583 μελλοντος

2348 1602 2466 1658 τοὺς
2523 1598 2708 1650 ἑαυτοῦ
2765 1607 3047 1674 τροφίμους
3101 1606 3158 1653 τό
3210 1609 3417 1674 Πνεῦμα
3479 1606 3531 1653 τὸ
3577 1602 3718 1672 οἷγιον.
3758 1604 3863 1653 Μετὰ

2348 1691 2447 1761 γὰρ
2482 1690 2576 1749 τὰς
2616 1688 2813 1760 θλίψεις
2862 1693 2891 1749 ἡ
2950 1691 3134 1753 ἐλπίς·
3196 1691 3251 1744 ἐκ
3309 1700 3400 1743 τοῦ
3449 1694 3678 1761 σύνεγγυς
3704 1687 3751 1741 δι
3770 1692 3866 1762 πάρ-

2350 1795 2464 1828 εστι
2512 1779 2577 1828 τὰ
2632 1777 2959 1851 ἐλπιζόμενα.
3019 1780 3123 1833 Κᾶν
3185 1783 3286 1853 γὰρ
3339 1780 3448 1832 ὤιον
3500 1800 3574 1841 τις
3648 1782 3758 1831 εἷποι
3803 1782 3863 1828 τὸν

2349 1872 2620 1941 συγκρίσει
2661 1866 2852 1920 ἐκείνου
2899 1877 2990 1921 τοῦ
3042 1868 3333 1944 ἀπεράντου
3374 1870 3544 1930 αἰῶνος
3588 1877 3668 1921 τον
3710 1867 3750 1919 ἐν
3784 1874 3865 1925 ταῖς

2420 2048 2474 2101 2.
2518 2050 2704 2098 Πίστιν
2746 2044 2803 2099 δὲ
2861 2049 3010 2119 ἡμεῖς
3066 2053 3179 2100 οὔτε
3233 2049 3359 2123 παρ’
3407 2048 3560 2100 ἄλλων
3607 2050 3868 2119 γραφομένην

2349 2133 2474 2204 ἡμῖν
2541 2140 2787 2208 νεωτέραν
2865 2134 3309 2209 παραδεχόμεθα,
3360 2142 3473 2189 οὔτε
3527 2137 3657 2188 αὐτοὶ
3700 2138 3754 2187 τὰ
3802 2142 3868 2193 τῆς

2349 2222 2597 2296 ἡμετέρας
2668 2222 2907 2287 διανοίας
2976 2232 3276 2298 γεννήματα
3344 2223 3677 2300 παραδιδόναι
3723 2222 3871 2293 τολμὼ-

2348 2330 2455 2381 μεν,
2519 2315 2600 2363 ἶνα
2642 2318 2711 2384 μὴ
2748 2312 3046 2386 ἀνθρώπινα
3098 2317 3532 2389 ποιήσωμεν(82)
3578 2317 3635 2365 τὰ
3666 2321 3746 2373 τῆς
3770 2311 3873 2362 riae-

2351 2398 2486 2460 ϐείας
2543 2402 2795 2474 ρηματα·
2857 2402 2966 2453 ἀλλ’
3024 2404 3151 2476 άπερ
3206 2407 3355 2479 παρά
3403 2413 3497 2456 τῶν
3526 2403 3669 2473 ἁγίων
3690 2404 3872 2471 Πατέρων

2351 2485 2736 2562 δεδιδαγμεθα,
2793 2500 2959 2544 ταῦτα
3013 2501 3118 2553 τοῖς
3161 2492 3423 2566 ἐρωτῶσιν
3473 2496 3603 2564 ἡμᾶς
3630 2488 3874 2560 διαγγελλο-

2349 2597 2463 2649 μεν.
2530 2577 2681 2631 ’Ἐστι
2740 2587 2910 2632 τοίνυν
2975 2580 3028 2633 ἐκ
3085 2587 3323 2656 πατέρων
3377 2581 3767 2655 ἐμπολιτευομένη
3826 2583 3867 2645 τξ

2350 2667 2635 2725 Ἐκκλησία
2694 2672 2839 2741 ἡμῶν
2886 2674 2996 2737 (83)
3035 2674 3062 2729 ἡ
3119 2679 3387 2744 γραφεῖσα
3443 2672 3579 2744 παρὰ
3628 2677 3714 2720 τῶν
3758 2666 3873 2735 ἁγίων

2351 2762 2591 2829 Πατέρων
2650 2763 2826 2819 πίστις
2859 2768 2958 2811 τῶν
3004 2762 3140 2811 κατά
3168 2764 3264 2817 τήν
3301 2765 3522 2812 Νίκαιαν
3554 2756 3871 2810 σννελθόντων”

2349 2845 2411 2903 ἣν
2466 2848 2735 2918 ἡγούμεθα
2781 2850 2872 2920 μὲν
2905 2845 2998 2900 διὰ
3038 2853 3307 2919 στόματος
3359 2846 3485 2901 εἶναι
3531 2853 3613 2899 καὶ
3637 2844 3739 2919 παρ’
3773 2844 3874 2912 ὑμῖν,

2349 2933 2408 2985 οὐ
2438 2938 2834 3007 παραιτούμεθα
2880 2934 2957 3003 δὲ,
3002 2939 3083 2988 ἵνα
3125 2942 3195 3008 μὴ
3249 2942 3405 2990 ὄκνου
3463 2936 3680 3007 ἔγκλημα
3712 2931 3875 2997 ἀπενεγ-

2349 3024 2579 3093 κωμεθα,
2613 3028 2699 3075 καὶ
2722 3024 2853 3077 αὐτά
2891 3029 2956 3077 τὰ
2984 3027 3196 3099 ῥηματά
3234 3025 3529 3098 ἐνσημᾱναι
3565 3034 3632 3095 τῷ
3652 3024 3877 3096 γράμματι.

2352 3108 2505 3162 ’Ἐστι
2564 3108 2623 3163 δι
2680 3120 2879 3170 ταῦτα.
2940 3118 3261 3186 Πιστεύομεν
3318 3115 3391 3176 εἰς
3438 3116 3523 3167 ἕνα
3568 3116 3682 3166 Θεὸν
3728 3111 3879 3177 Πατέρα

2351 3205 2767 3275 παντοκράτορα,
2854 3204 3052 3274 ὁρατῶν
3133 3222 3188 3254 τε
3250 3207 3461 3256 πάντων
3549 3207 3633 3255 καὶ
3706 3197 3880 3270 ἀοράτων

2352 3294 2596 3347 ποιητήν,
2672 3296 2769 3343 Καὶ
2834 3292 2900 3352 εἰς
2974 3294 3059 3345 ἕνα
3123 3296 3320 3364 Κύριον
3380 3297 3489 3362 (84)
3556 3293 3737 3349 Ἰησοῦν
3793 3292 3881 3354 x9"

2355 3384 2477 3431 στὸν
2548 3385 2635 3433 τόν
2694 3385 2811 3433 Υίόν
2858 3389 2950 3433 τοῦ
3001 3390 3135 3435 Θεοῦ

2351 3473 2469 3543 τρός

3139 3428 3153 3453 9

2940 3475 3233 3537 τουτέστιν,

3204 3386 3519 3455 γεννηθέντα
3583 3386 3633 3433 ἐκ
3695 3384 3772 3431 τοῦ
3813 3380 3883 3425 Πα-

2561 3479 2806 3541 μονογενῆ
2841 3487 2853 3499 ⁸
2940 3475 3233 3537 τουτέστιν,
3327 3471 3384 3524 ἐκ
3469 3480 3556 3530 τῆς
3615 3468 3779 3525 οὐσίας
3823 3466 3883 3513 τοῦ

2356 3562 2605 3631 Πατράς’
2666 3568 2766 3631 φῶς
2832 3558 2886 3610 ἐκ
2953 3564 3139 3631 φωτὸς,
3200 3565 3337 3613 Θεὸν
3406 3559 3638 3617 ἀληθινὸν
3696 3555 3744 3606 ἐχ
3790 3555 3881 3603 θεον

2354 3646 2631 3703 ἀληθινοῦ·
2735 3650 3042 3719 γεννηθέντα
3133 3649 3191 3700 οὗ
3291 3652 3593 3717 ποιηθέντα,
3671 3646 3884 3717 όμοούσιον

2354 3744 2425 3805 τῷ
2482 3741 2669 3809 Πατρὶ,
2712 3734 2785 3788 δι’
2845 3738 2904 3788 οὗ
2960 3740 3024 3789 τὰ
3079 3740 3254 3790 πάντα
3304 3738 3523 3810 ἐγένετο,
3573 3737 3635 3788 τὰ
3680 3753 3725 3785 τε
3768 3730 3805 3781 ἐν
3838 3733 3883 3793 τῷ

2354 3825 2554 3895 οὐρανῴ
2603 3830 2693 3877 καὶ
2744 3828 2807 3877 τὰ
2850 3824 2898 3877 ἐν
2965 3834 3025 3898 τῇ
3247 3832 3350 3880 Τόν
3398 3824 3471 3879 δι’
3516 3829 3646 3897 ἡμᾶς
3694 3824 3792 3879 τοὺς
3834 3814 3891 3866 ἀν’

2358 3916 2593 3987 θρώπους
2668 3919 2757 3965 καὶ
2842 3911 2935 3966 διὰ
3010 3920 3103 3973 τὴν
3158 3919 3420 3989 ἡμετέραν
3468 3918 3715 3985 σωτηρίαν
3759 3903 3889 3959 κατελ-

2358 4006 2513 4056 θόντα
2580 4006 2689 4065 (85)
2722 4024 2734 4037 ⁸

2358 4094 2511 4145 θόντα
2587 4092 2723 4161 (86),

2355 4182 2633 4235 ἀνελθόντα
2690 4182 2761 4245 εἰς
2814 4182 3080 4255 οὐρανοὺς,
3142 4186 3434 4257 ἐρχόμενον
3517 4188 3682 4257 κρῖναι
3748 4176 3889 4237 ζῶντας

2822 4006 3173 4075 σαρχωθέντα,
3272 4004 3575 4081 ἐνανθρωπὴ
3586 4020 3750 4063 σαντα»
3824 4012 3890 4045 π¹’

2813 4098 2903 4144 καὶ
2996 4091 3295 4145 ἀναστάντα
3371 4102 3436 4166 τῇ
3505 4098 3647 4165 τρίτῃ
3709 4089 3889 4159 iui”.

2353 4278 2441 4324 καὶ
2495 4274 2723 4343 νεκρούς.
2799 4278 2896 4324 Καὶ
2958 4272 3025 4332 εἰς
3077 4275 3135 4324 τό
3195 4274 3353 4344 ἅγιον
3430 4279 3653 4343 Πνεῦμα.
3704 4268 3811 4324 Τοὺς
3852 4256 3891 4309 δέ

3470 4365 3582 4431 καὶ,
3621 4362 3736 4433 Πρὶν
3763 4367 3890 4425 γεννῑ·

2354 4453 2506 4509 θῆναι
2546 4451 2638 4502 οὐκ
2832 4456 2943 4517 καὶ,
2987 4454 3066 4502 ὅτι
3128 4451 3213 4513 Ἐξ
3283 4451 3383 4503 οὐκ
3429 4455 3586 4503 ὄντων
3638 4436 3886 4517 ἐγένετινὶ

2352 4362 2607 4432 λέγοντας,
2668 4361 2761 4413 Ἠν
2818 4380 2960 4425 ποτε,
3013 4364 3095 4414 ὅτε
3152 4362 3247 4413 οὐκ
3300 4360 3408 4435 ᾖν·

2352 4539 2404 4602 ἐξ
2452 4540 2623 4613 ἑτέρας
2684 4542 3017 4599 ὑποστάσεως
3090 4541 3118 4598 ἦ
3202 4540 3393 4601 οὐσίας
3453 4542 3735 4612 φάσκοντας
3785 4526 3887 4589 εἶναίι

2336 4716 2474 4772 ideo
2492 4721 2694 4772 tamen
2718 4718 2957 4773 Nictena
2981 4716 3243 4773 formula
3276 4720 3569 4773 Caesareae
3595 4708 3887 4787 oblitterati»,

2340 4794 2398 4843 ut
2436 4788 2550 4843 hoc
2592 4788 2725 4842 loco
2774 4794 3024 4843 testatur
3075 4788 3368 4845 Basilius:
3405 4805 3480 4844 ac
3528 4786 3709 4859 ipsius
3752 4783 3891 4859 ρίιωι

2382 4860 2846 4914 erlionoriﬁcum
2895 4860 2969 4914 de
3010 4860 3121 4914 hac
3147 4859 3268 4913 ﬁde
3294 4865 3353 4914 et
3383 4860 3460 4914 de
3494 4854 3730 4914 Ni'czenis
3757 4854 3891 4905 Patri-

2384 4947 2450 4984 us
2485 4932 2887 5001 testimonium
2921 4930 3219 4985 habemus
3265 4930 3329 4984 in
3365 4931 3544 5001 epist.
3578 4928 3661 5001 51.

2408 5003 2521 5069 (84)
2560 5004 2767 5072 Κύριον,
2785 5000 2972 5056 Editio
2994 5002 3174 5055 Paris.
3201 5005 3261 5055 et
3288 4985 3653 5072 Bas'ileensis
3681 4985 3894 5072 secum}?!

2336 5059 2565 5150 ξιάιίιιᾷιι
2594 5059 2759 5150 ἡμῶν,
2792 5088 2929 5150 quae
2955 5089 3072 5150 vox_
3088 5072 3345 5150 deest_in
3371 5059 3896 5150 antiquioribusgtt}:

2338 5142 2598 5267 tilonibus
2621 5130 2677 5198 et
2704 5130 3012 5198 codicibus
3052 5142 3204 5197 Med.
3236 5142 3422 5198 Coisl.
3449 5130 3645 5215 primo
3674 5142 3726 5193 et
3750 5130 3891 5190 tribus

2338 5229 2371 5267 a
2396 5230 2485 5267 ns.

2336 5229 2485 5268 auis.

2408 5286 2520 5353 (85)
2566 5285 2905 5339 Κατελθόντα.
2960 5284 3107 5340 Editi
3162 5284 3406 5340 addunt
3458 5283 3515 5336 ἐκ
3555 5289 3651 5335 τῶν
3689 5278 3890 5349 οὐρανῶν.

2334 5371 2469 5427 quse
2497 5356 2918 5411 desiderantur
2949 5357 3008 5411 in
3041 5373 3143 5411 sex
3176 5372 3333 5411 mss.

2408 5428 2519 5495 (86)
2559 5429 2816 5484 Παθοντα.
2853 5430 3013 5483 Hanc
3058 5442 3267 5483 vocem
3328 5426 3543 5481 addidi
3588 5440 3656 5479 ex
3710 5415 3832 5475 Med.
3852 5414 3893 5463 et

2336 5496 2507 5554 Coisl.
2542 5504 2817 5571 utroque,
2851 5504 2906 5555 et
2937 5505 3189 5571 utroque
3224 5498 3436 5570 Regio.
