4092 6210
221 306 327 362 593

1210 303 1693 363 EPISTOLARUM
1731 299 2017 361 CLASSIS
2057 299 2125 354 ll.
2168 300 2383 359 EPIST.
2424 300 2625 357 CXLV.

3483 295 3587 352 594

214 432 343 489 σίως
398 445 731 502 προσχοντα,
787 428 1104 499 χρήσασθαι
1158 429 1548 502 συμϐούλῳ,ὡς
1606 426 1815 501 φιλαλη·

1936 423 2169 480 sincere
2226 424 2722 491 accommodans,
2752 422 2886 495 ipso
2916 420 3101 478 utaris
3130 417 3499 490 consiliario,
3523 420 3589 475 ut

214 520 317 579 θῶς
365 523 459 569 καὶ
518 516 782 589 ἐμφρόνως
821 512 1089 588 δυναμνῳ
1122 517 1511 590 συμϐουλεῦσαι
1552 523 1671 593 περὶ
1724 526 1822 569 τῶν

214 608 575 679 πραγμάτων,
624 609 695 657 Τὸ
739 608 839 677 γὰρ
888 616 1306 681 πτωχοτροφεῐον
1360 613 1416 661 τὸ
1482 609 1606 681 παρ’
1664 606 1823 659 αὐτοῦ

215 696 647 769 οἰκονομούμενον
687 690 895 747 ὶπειδὰν
945 696 1277 769 καταξιώσης
1346 699 1638 751 θεάσασθαι
1685 696 1824 768 [ἅψει

216 782 423 858 γὰρ,ιῦ
478 781 619 854 οἰδα,
669 788 760 836 καὶ
808 784 866 836 οὗ
922 781 1271 859 παραδραμῇ,
1305 783 1484 846 ἐπειδὴ
1527 783 1651 839 οὐδὲ
1679 785 1822 838 ἆπει-

217 894 309 949 ρος
336 878 448 942 (95)
474 873 517 926 εἶ
558 881 648 926 τοῦ
697 876 870 947 ἔργου*
905 872 1035 942 ἀλλ’,
1063 878 1130 927 ὡν
1162 878 1186 927 ό
1217 873 1362 929 δεῖνά
1401 896 1491 949 μοι
1528 875 1821 947 ἀνήνεγκεν,

216 968 269 1016 ἓν
329 973 431 1016 τῶν
466 963 515 1016 ἐν
556 971 619 1035 τῇ
684 962 939 1035 Ἀμασείᾳ
999 962 1051 1027 ἐξ
1102 966 1168 1016 ὧν
1228 962 1389 1018 ἔδωχέ
1453 986 1536 1018 σοι
1566 967 1591 1017 ό
1633 968 1822 1037 Κύριος

218 1050 518 1127 ὃιατρέφεις
555 1054 709 1125 (96)],
744 1050 953 1106 ἕπειὸὰν
979 1054 1067 1107 οὖν
1115 1052 1239 1128 ῖὸης
1294 1061 1383 1109 καὶ
1430 1064 1603 1124 τοῦτο,
1652 1058 1823 1109 πάντα

212 1143 359 1213 αὐτῷ
408 1143 605 1216 παρέξῃ
672 1145 737 1196 τὰ
794 1142 1195 1216 ἐπιζητούμενα.
1248 1142 1389 1204 Ἤδη
1441 1147 1542 1220 γάρ
1605 1164 1695 1217 μοι
1732 1150 1822 1198 καὶ

210 1235 236 1285 ό
268 1232 477 1307 ἑταῖρός
502 1252 600 1284 σου
628 1234 739 1303 (97)
768 1234 1211 1304 κατεπηγγείλατο
1268 1234 1655 1309 φιλανθρωπίαν
1705 1238 1823 1287 τινὰ

208 1327 329 1395 περὶ
358 1326 425 1374 τὰ
454 1329 881 1394 πτωχοτροφεῑα.
921 1329 1083 1375 Τοῦτο
1114 1319 1173 1375 δὲ
1224 1323 1375 1394 λέγω,
1399 1323 1504 1395 οὐχ
1533 1326 1615 1376 ἱνα
1669 1324 1819 1376 ἄλλον

210 1412 365 1471 ιτᾶτός
425 1416 638 1483 μιμηση
676 1412 757 1481 (σε
781 1414 881 1484 γὰρ
941 1412 1077 1473 εἰκὸς
1108 1411 1297 1484 ἑτέροις
1345 1412 1474 1465 εἶναι
1512 1422 1610 1464 τῶν
1653 1414 1820 1467 χαλῶν

208 1501 483 1572 ἡγεμόνα),
537 1499 647 1552 ἀλλ’
681 1502 761 1551 ἶνα
787 1508 943 1571 γνῷς,
989 1502 1069 1553 ὅτι
1124 1498 1190 1559 δὴ
1238 1507 1357 1576 περὶ
1411 1502 1579 1555 αὐτῶν
1622 1506 1817 1556 τούτων

211 1594 299 1641 καὶ
332 1589 479 1641 ἆλλοι
518 1591 659 1662 ἡμᾶς
690 1586 1116 1648 ἐδυσωπὴθησαν
1146 1595 1281 1661 (98).

740 1808 1075 1857 ΕΠΙΣΤΟΛΗ
1115 1802 1276 1859 ΡΜΔ’.

1932 514 2176 569 homine
2218 519 2274 570 et
2322 531 2527 571 amore
2567 513 2826 569 veritatis
2855 516 2911 567 et
2934 509 3255 583 prudentia
3291 508 3370 565 ad
3394 507 3589 564 consi-

1931 603 2079 659 lium
2109 603 2183 659 de
2226 604 2407 659 rebus
2458 604 2729 659 dandum
2792 601 3025 657 idoneo.
3059 603 3387 671 Postquam
3423 598 3586 653 enim

1931 708 2270 765 pauperum
2308 692 2640 765 hospitium
2694 690 2772 748 ab
2811 706 2881 746 eo
2936 689 3337 759 gubernatum
3393 687 3587 745 visere

1931 781 2214 850 dignatus
2243 780 2423 837 fueris
2456 780 2693 851 (invises
2738 778 2918 848 enim,
2952 782 3042 833 sat
3071 776 3213 844 scio,
3244 792 3354 832 nec
3379 781 3587 849 praete-

1929 870 2077 926 ribis
2111 889 2123 923 :
2171 869 2471 943 siquidem
2500 885 2612 925 nec
2659 867 2744 924 rei
2773 867 3119 938 inexpertus
3151 880 3213 920 es
3246 882 3258 919 :
3298 864 3421 935 sed,
3454 869 3521 921 ut
3548 882 3587 923 a

1929 959 2199 1031 quodam
2253 959 2331 1014 ad
2377 975 2475 1015 me
2521 958 2778 1015 relatum
2808 959 2915 1023 est,
2940 970 3129 1010 unum
3180 969 3252 1009 ex
3301 953 3395 1008 his
3449 970 3585 1025 quae

1930 1052 2196 1105 Amaseae
2216 1053 2558 1105 constructa
2574 1052 2713 1103 sunt
2729 1062 2803 1102 ex
2817 1044 2995 1101 bonis
3017 1060 3151 1116 quae
3170 1041 3276 1098 tibi
3296 1041 3584 1098 Dominus

1928 1138 2173 1194 tradidit
2225 1142 2562 1205 sustentas),
2597 1137 2702 1193 ubi
2750 1136 3023 1207 inquam,
3052 1138 3107 1189 et
3159 1132 3272 1187 hoc
3324 1131 3584 1199 videris;

1930 1227 2222 1284 concedes
2252 1229 2306 1283 ei
2334 1229 2539 1284 omnia
2586 1243 2723 1300 quae
2777 1242 2931 1298 opus
2962 1224 3304 1280 erunt.Jam
3330 1221 3493 1277 enim
3531 1225 3589 1278 et

1930 1318 2160 1388 collega
2189 1322 2325 1373 tuus
2349 1317 2618 1390 aliquam
2640 1315 2789 1371 mihi
2810 1330 2953 1384 erga
2973 1328 3305 1383 egenorum
3330 1310 3588 1383 hospitia

1928 1407 2367 1462 humanitatem
2394 1406 2691 1479 pollicitus
2730 1409 2837 1460 est.
2876 1406 2995 1458 Hoc
3026 1407 3227 1457 autem
3270 1399 3429 1470 dico,
3459 1415 3584 1455 non

1931 1502 1992 1552 ut
2022 1496 2205 1552 alium
2236 1496 2364 1568 ipse
2394 1495 2643 1551 imiteris
2677 1496 2811 1566 (par
2834 1492 2995 1548 enim
3023 1496 3074 1547 te
3101 1490 3232 1546 aliis
3271 1494 3426 1545 recte
3453 1488 3583 1545 fac-

1928 1586 2127 1640 torum
2153 1584 2370 1639 ducem
2402 1582 2688 1649 esse),sed
2720 1585 2784 1636 ut
2816 1580 2973 1636 scias
3001 1579 3131 1649 jam
3157 1577 3335 1633 nobis
3355 1575 3433 1633 ab
3455 1574 3586 1632 aliis

1926 1674 2322 1730 reverentiam
2352 1674 2445 1729 his
2464 1672 2527 1729 in
2544 1671 2725 1729 rebus
2745 1670 3017 1727 habitam
3038 1668 3241 1723 fuisse.

2322 1808 2498 1879 236
2531 1807 2863 1862 EPISTOLA
2896 1805 3165 1861 cxuv".

784 1912 1074 1969 Eamdem
1098 1913 1537 1971 immunitatem
1565 1914 1711 1984 petit
1740 1930 1812 1972 ac
1850 1916 1912 1972 in
1951 1916 2184 1973 duabus
2214 1915 2687 1987 prwcedentibus
2730 1913 3015 1983 epistolis.

644 2026 939 2093 Τραχτευτῇ
982 2028 1081 2071 τῶν
1122 2019 1389 2095 ἐπάρχων.

279 2126 561 2200 Γνωρίζεις
613 2127 817 2188 πάντως
854 2122 1004 2179 τόνδε
1061 2126 1115 2179 ἐκ
1190 2136 1285 2190 τῆς
1336 2129 1470 2181 κατὰ
1520 2132 1613 2188 τὴν
1668 2129 1817 2182 πόλιν

212 2220 528 2287 συντυχίας
566 2217 705 2289 ὅμως
750 2213 808 2268 δὲ
842 2235 926 2268 σοι
958 2214 1109 2268 αὐτὸν
1148 2221 1237 2269 καὶ
1277 2212 1371 2269 διὰ
1399 2226 1488 2278 τῆς
1546 2217 1819 2281 ἐπιστολῆς

210 2307 543 2377 προσάγομεν
619 2313 999 2370 συνιστῶντες,
1052 2307 1135 2357 ὅτι
1200 2305 1265 2366 εἰς
1327 2305 1492 2358 πολλοί
1559 2327 1644 2359 σοι
1716 2317 1817 2359 τῶν

212 2391 659 2467 σπουδαζομένων
713 2399 986 2467 χρήσιμος
1017 2396 1186 2461 ἔσται,
1221 2391 1313 2447 διὰ
1360 2399 1418 2448 τὸ
1468 2402 1557 2449 καὶ
1602 2405 1818 2459 συνετῶς

212 2490 296 2535 καὶ
343 2483 575 2546 εὐλαϐῶς
638 2480 902 2536 δύνασθαι
953 2486 1292 2537 ὑποτίθεσθαι
1339 2487 1404 2538 τὰ
1460 2492 1711 2561 πρακτέα.
1752 2486 1816 2541 Ἀ

214 2568 269 2624 δε
309 2572 423 2643 ἐμοὶ
453 2574 529 2637 εἰς
582 2577 641 2626 τό
677 2569 767 2636 οὖς
814 2570 1109 2645 διελέχθης,
1144 2582 1311 2627 ταῦτα
1358 2583 1446 2627 νῦν
1478 2574 1590 2628 ἐστι
1637 2580 1817 2652 καιρὸς

214 2658 622 2729 ἐπιδείξασθαι,
682 2658 894 2714 ἐπειδάν
954 2682 1039 2715 σοι
1092 2664 1118 2715 ὀ
1180 2668 1540 2739 προειρημένος
1597 2662 1819 2740 ἀδελφὸς

212 2755 270 2805 τὰ
306 2762 407 2805 τῶν
449 2761 686 2826 πτωχῶν
724 2749 999 2826 ὑποδείξῃ.

754 2866 1088 2916 ΕΠΙΣΤΟΛΗ
1120 2862 1285 2917 ΡΜΕ.

2394 2022 2737 2079 Tractatori
2758 2019 3113 2091 praesidum.

2000 2131 2325 2203 Cognoscis
2357 2129 2626 2203 profecto
2657 2128 2824 2185 illum
2855 2144 2929 2184 ex
2953 2129 3165 2183 mutuo
3189 2122 3250 2180 in
3282 2122 3429 2180 urbe
3469 2122 3587 2181 col-

1924 2220 2153 2295 loquio.
2186 2220 2301 2278 Sed
2341 2225 2543 2277 tamen
2570 2236 2709 2276 eum
2746 2218 2853 2273 tibi
2884 2220 2939 2273 et
2968 2231 3075 2288 per
3103 2214 3326 2270 litteras
3357 2214 3499 2270 sisto
3530 2218 3589 2271 et

1928 2310 2314 2379 commendo,
2342 2314 2406 2366 ut
2437 2308 2515 2365 ad
2555 2308 2767 2377 multa,
2798 2323 2935 2379 quae
2957 2304 3062 2361 tibi
3094 2320 3250 2359 curae
3283 2306 3441 2370 sunt,
3474 2302 3587 2359 uti-

1925 2399 2046 2456 lem
2100 2399 2389 2466 futurum,
2416 2414 2487 2454 eo
2525 2396 2693 2470 quod
2746 2395 2842 2468 pie
2895 2410 2964 2451 ac
3022 2391 3351 2465 prudenter
3400 2390 3591 2463 possit

1926 2488 2167 2561 agenda
2184 2490 2675 2560 suggerereQua:
2688 2491 2887 2543 autem
2900 2482 3122 2539 mihiin
3135 2498 3343 2539 aurem
3365 2480 3585 2553 dixisti,

1927 2594 2000 2635 ea
2028 2594 2193 2634 nunc
2220 2583 2462 2650 tempus
2491 2582 2582 2635 est
2608 2575 2854 2648 exsequi
2879 2593 2891 2641 ;
2926 2578 3250 2645 postquam
3282 2587 3589 2629 memora-

1927 2670 2024 2724 tus
2063 2666 2247 2724 frater
2279 2682 2618 2740 pauperum
2651 2669 2877 2723 statum
2897 2662 3003 2720 tibi
3026 2661 3393 2719 indicaverit.

2380 2862 2720 2920 EPISTOLA
2758 2858 2985 2916 CXLV'.

210 2966 499 3041 Quamvis
528 2968 738 3023 multm
759 2984 1111 3041 magnaeque
1142 2971 1407 3027 rationes
1459 2970 1777 3027 Eusebium
1821 2969 2143 3040 prohibere
2182 2970 2528 3040 videantur,
2556 2968 2874 3039 quominus
2897 2979 3150 3036 peregre
3177 2968 3272 3020 eat
3296 2982 3308 3032 ;
3326 2978 3463 3041 λίσῃ
3494 2968 3587 3041 ta-

287 3055 429 3096 men
459 3040 739 3113 desperat
768 3041 1034 3097 Basilius
1063 3056 1197 3098 eum
1239 3043 1437 3099 omnia
1476 3043 1903 3111 impedimenta
1930 3048 2380 3113 superaturum.

2414 3034 2610 3109 Quare
2629 3056 2760 3097 eum
2794 3034 2991 3108 rogat,
3022 3034 3285 3109 rieispem
3312 3034 3590 3109 Ecclesia:

278 3107 671 3169 Caesarianis
704 3113 945 3169 irritam
972 3114 1190 3183 faciat,
1218 3130 1399 3185 quam
1422 3114 1495 3170 de
1524 3107 1652 3184 ejus
1677 3114 1943 3171 adventu
1974 3107 2240 3172 Basilius
2268 3107 2767 3183 anno'prceterito
2804 3107 2987 3180 Syria
3012 3108 3246 3165 rediens
3271 3107 3586 3164 attulerat.

556 3208 814 3282 Εὐσεϐίῳ,
837 3210 1105 3284 ἐπισκόπῳ
1136 3214 1471 3285 Σαμοσάτων.

284 3314 429 3368 Οἶδα
472 3320 591 3377 τοὺς
648 3322 867 3391 μυρίους
913 3322 1101 3380 πόνους
1137 3320 1250 3389 (99)
1300 3339 1417 3387 σου,
1447 3318 1535 3381 οὕς
1602 3317 1815 3381 ἀνέτλης

210 3402 344 3473 ὑπερ
376 3411 472 3452 τῶν
502 3402 819 3460 Ἐχκλησιῶν
866 3410 958 3455 τοῦ
1007 3411 1160 3457 Θεοῦ*
1197 3408 1284 3457 καί
1309 3412 1407 3457 τῶν
1457 3402 1723 3476 ἀσχολιῶν
1753 3408 1811 3459 τὸ

208 3490 417 3549 πλῆθος
442 3491 533 3541 οὐκ
560 3491 745 3563 ἀγνοῶ,
775 3493 836 3552 ἇς
887 3495 1051 3564 ἔχειςο
1078 3498 1171 3552 τὴν
1233 3496 1529 3567 οἰκονομίαν
1578 3494 1637 3547 οὗ
1680 3515 1811 3567 παρ-

206 3584 401 3654 έργως,
607 3584 738 3633 κατὰ
802 3584 860 3632 τό
922 3582 1119 3654 Οέλημα
1170 3591 1260 3635 τοῦ
1319 3588 1514 3656 Κυρίου
1574 3580 1811 3636 διατιθέ-

206 3686 372 3741 μενος
404 3710 417 3721 .

205 3756 366 3810 ἐννοῶ
413 3760 491 3829 (1)
526 3802 542 3827 ,
686 3758 883 3831 ἀνάγκη
944 3765 1115 3833 ὗμᾶς,
1176 3764 1348 3836 ὥσπερ
1408 3766 1615 3837 ὄρνιθας
1682 3762 1812 3836 ἀετῷ

200 3850 645 3909 ὑποπτήσσοντας
678 3889 695 3915 ,
762 3854 834 3921 μὴ
914 3849 1090 3924 πόρρω
1171 3860 1261 3912 τῆς
1332 3856 1529 3914 σκέπης
1596 3852 1812 3906 ἕκαστον

202 3936 545 4008 ἀποτριχειν.
595 3940 798 3989 Τούτων
850 3958 913 4011 με
964 3935 1115 3991 οὐδεν
1168 3940 1394 3998 λέληθεν.
1426 3941 1619 3994 Ἀλλ’ό
1659 3945 1813 4003 πόθος

471 3674 566 3720 Καὶ
636 3674 721 3721 τόν
806 3668 860 3721 ἐκ
936 3675 1174 3741 γειτόνων
1241 3674 1361 3745 ὑμῖν
1438 3672 1811 3745 ἐπικαθήμενον

202 4032 430 4097 πρᾶγμα
476 4025 674 4097 βίαιον,
706 4033 795 4080 καὶ
838 4028 1048 4081 ὶλπίσαι
1091 4032 1155 4082 τὰ
1207 4035 1279 4103 μὴ
1336 4028 1691 4104 ἐνδεχόμενα,
1724 4036 1814 4084 καὶ

200 4114 529 4189 ἐγχειρῆσαι
584 4124 690 4177 τοῖς
744 4115 1026 4181 ἀδυνάτοις
1061 4120 1137 4191 (2)
1162 4136 1173 4149 '
1206 4119 1397 4193 μᾶλλον
1429 4116 1487 4173 δὲ
1525 4123 1554 4179 ἡ
1598 4120 1681 4173 ἐπὶ
1716 4125 1814 4174 Κυ-

193 4224 313 4278 ριον
366 4204 509 4265 ἐλπὶς
566 4205 916 4281 ἰσχυρότατον
956 4210 1175 4261 πάντων.
1207 4208 1281 4261 Οὐ
1329 4212 1430 4285 γὰρ
1482 4208 1651 4282 ἀλόγῳ
1707 4210 1813 4264 ἐπι·

202 4297 393 4366 (θυμία,
445 4293 555 4345 ἀλλ’
602 4294 758 4367 ἰσχνὶ
808 4302 1031 4360 πίστεως
1076 4294 1360 4373 προσδοκῶ
1401 4304 1491 4351 καὶ
1548 4304 1708 4374 πόρον
1765 4298 1813 4351 ἐν

199 4386 513 4455 ἀμηχάνοις
574 4387 1057 4457 φανήσεσθαι,καὶ
1108 4390 1313 4440 πάντων
1368 4385 1567 4463 ῥᾳδίως
1622 4408 1679 4442 σε
1734 4378 1813 4460 (3)

276 4492 396 4575 (25)
420 4491 707 4575 _'A1:~u.ao;.
743 4494 995 4575 Uterque
1027 4494 1363 4575 Coislcum
1396 4498 1812 4575 Degsecundo

196 4567 263 4619 et
302 4565 490 4618 Panis.
522 4565 732 4638 ἄπορος,
763 4565 915 4622 Νογί
946 4582 1113 4624 cares
1140 4565 1541 4638 facultatibus
1589 4569 1671 4627 ad
1702 4569 1813 4626 hoc

200 4650 380 4703 Opus.

436 4710 745 4796 itffi‘yi‘tg.
775 4711 857 4793 lta
890 4708 1063 4796 Coisl.
1098 4713 1348 4796 uterque
1378 4713 1588 4796 θίγοι.
1624 4711 1810 4796 Editio

203 4780 411 4857 prima
441 4780 627 4857 Paris.
658 4780 976 4857 διατρέφοιςᾷ
1008 4781 1187 4837 Paulo
1219 4780 1352 4857 post
1383 4782 1519 4839 editi
1543 4784 1805 4857 παρέξεις.

202 4848 669 4931 computet-que,
685 4848 918 4931 ‘Me'd.’e_t
941 4853 1087 4921 Reg.
1124 4848 1425 4931 secundus
1448 4855 1598 4931 ut__in_
1626 4848 1805 4911 textu.

273 4925 397 4989 (97)
436 4925 495 4973 Ὀ
528 4925 1005 5003 ingnote-03pm
1032 4930 1202 4981 erant
1225 4925 1551 5003 numerarii
1573 4926 1641 5003 _in
1665 4942 1811 5003 una-

202 5008 455 5073 quaque
471 4994 802 5073 provincia.
822 4998 950 5051 Non
968 5001 1169 5073 tamen
1191 4996 1554 5073 collegahoe
1573 4996 1705 5073 loco
1725 4998 1811 5053 in-

202 5064 494 5140 telligitur
514 5065 662 5140 alter
693 5066 1095 5140 numerarius,
1118 5068 1209 5140 cui
1234 5064 1506 5140 superior
1526 5068 1812 5140 inscripta

202 5135 481 5215 epistola:
510 5136 652 5215 iluic
676 5140 837 5193 enim
857 5137 1108 5215 Basilius
1136 5135 1812 5215 similiterdicitbené‘ﬁ-

204 5207 525 5287 cium-sibi
570 5208 637 5287 in
662 5223 962 5287 pauperes
992 5208 1069 5264 ab
1096 5209 1286 5287 ipsius
1306 5209 1535 5280 collega
1550 5211 1811 5287 promis_-_

208 5295 342 5356 sum
374 5278 582 5356 fuisse.
601 5278 807 5345 Quare
826 5278 1455 5356 collegam—utriusque
1470 5278 1812 5356 numerarii

208 5352 584 5425 interpretor
629 5356 1031 5425 tractatoremp
1066 5352 1416 5424 praesidum,
1450 5354 1623 5423 cujus
1679 5370 1799 5425 pro

210 5419 392 5477 missa
406 5422 477 5502 in
493 5419 746 5502 epistola
763 5422 1034 5502 sequenti
1046 5419 1814 5502 reposcuntur.ls:cum'ma-

216 5506 327 5567 nus
348 5492 799 5567 administraret
826 5492 1052 5564 magna
1072 5492 1211 5550 cum
1238 5496 1595 5567 numerariis
1610 5512 1816 5553 neces-

221 5562 468 5639 situdine
498 5566 915 5639 eonjunctum,
938 5562 1151 5639 eorum
1182 5567 1414 5639 collega
1432 5566 1811 5639 dicipoterat.

285 5636 385 5701 {98)
430 5632 917 5694 Ἐδυσωπήθησανξ
983 5636 1075 5693 Sic
1150 5632 1694 5694 Coislfsccurfdus
1761 5644 1817 5696 et

2148 3258 2166 3268 .
2207 3212 2484 3283 Eusebio,
2517 3212 2788 3281 episcopo
2825 3208 3295 3265 Samosatorum.

1996 3321 2143 3380 Novi
2170 3321 2523 3378 innumeros
2562 3318 2804 3376 labores
2833 3320 2989 3387 tuos,
3023 3330 3178 3388 quos
3208 3329 3318 3386 pro
3350 3311 3454 3369 Dei
3485 3314 3588 3368 Ec-

1924 3411 2123 3470 clesiis
2176 3409 2534 3477 exantlasti;
2562 3424 2673 3465 nec
2716 3406 3099 3477 negotiorum
3136 3401 3586 3460 multitudinem

1923 3502 2160 3573 ignoro,
2190 3500 2415 3573 quibus
2439 3497 2757 3565 detineris;
2786 3494 3180 3552 commissam
3204 3491 3586 3549 administra-

1923 3591 2149 3647 tionem
2174 3605 2295 3645 non
2317 3586 2856 3662 perfunctorie,sed
2882 3584 3216 3640 secundum
3245 3582 3347 3637 Dei
3373 3580 3582 3636 volun-

1925 3684 2106 3736 tatem
2136 3676 2553 3749 gerens.lllum
2585 3675 2767 3732 etiam
2796 3674 3013 3745 cogito,
3046 3671 3151 3744 qui
3179 3670 3354 3727 vobis
3384 3685 3416 3725 e
3442 3683 3582 3740 pro-

1923 3769 2155 3841 pinquo
2178 3766 2475 3835 imminet,
2504 3765 2617 3821 sub
2656 3780 2780 3837 quo
2818 3780 2928 3820 vos
2975 3775 3221 3818 necesse
3259 3762 3367 3827 est,
3399 3756 3583 3813 veluti

1924 3872 2064 3913 aves
2111 3856 2224 3911 sub
2273 3854 2480 3928 aquila
2518 3853 2932 3923 formidantes,
2980 3866 3102 3907 non
3144 3849 3324 3918 longe
3378 3862 3415 3902 a
3469 3861 3580 3901 suo

1924 3960 2230 4018 quemque
2261 3949 2415 4000 tecto
2469 3958 2800 3999 excurrere.
2834 3944 3055 3998 Horum
3089 3938 3233 3994 nihil
3282 3952 3377 3992 me
3416 3935 3579 3991 latet.

1929 4034 2044 4093 Sed
2068 4034 2441 4091 desiderium
2470 4048 2565 4089 res
2594 4032 2875 4097 violenta,
2907 4036 3034 4087 tum
3063 4029 3126 4084 in
3161 4028 3233 4083 iis
3264 4025 3581 4099 sperandis

1924 4139 2061 4197 quas
2089 4121 2387 4196 parabilia
2410 4138 2533 4179 non
2559 4126 2717 4191 sunt,
2751 4120 2966 4177 tumin
2996 4114 3422 4189 aggrediendis
3445 4130 3577 4187 quae

1923 4213 2054 4270 ﬁeri
2083 4228 2207 4269 non
2237 4216 2525 4285 possunt:
2549 4211 2644 4268 vel
2669 4210 2869 4284 potius
2919 4224 3054 4281 spes
3084 4208 3145 4262 in
3172 4204 3426 4261 Domino
3455 4219 3581 4259 om-

1924 4304 2095 4361 nium
2123 4319 2324 4359 rerum
2355 4302 2695 4360 fortissima.
2730 4304 2859 4357 Non
2888 4299 3049 4356 enim
3076 4295 3391 4353 temeraria
3415 4292 3578 4365 cupi-

1924 4393 2128 4467 ditate,
2154 4393 2259 4451 sed
2288 4392 2429 4449 fidei
2458 4392 2675 4449 robore
2704 4394 2985 4464 exspecto
3012 4388 3278 4459 aliquem
3302 4383 3575 4440 futurum

1923 4499 2449 4585 Relglsec'undus.“
2644 4495 3015 4579 ἐδυσὼπησαν.

1991 4559 2110 4644 (99)
2151 4577 2364 4644 Πόνους,
2410 4574 2676 4644 Quatuor
2730 4586 2880 4625 mss.
2930 4572 3142 4627 κόπους.
3174 4562 3332 4620 Infra
3390 4559 3573 4633 Harl.,

1921 4641 2068 4700 Med.
2099 4647 2155 4700 et
2194 4643 2449 4700 Clarom.
2479 4641 2791 4714 θεληματοῦ
2822 4648 2976 4714 eam}.

1994 4716 2067 4786 (1)
2107 4714 2288 4768 Ἐννοῶ
2342 4706 2627 4786 Quamvis
2674 4713 2788 4769 hoc
2830 4711 3081 4786 verbum
3132 4723 3257 4786 non
3322 4706 3573 4786 omnino

1920 4778 2422 4857 necessariumsit
2455 4803 2468 4841 :
2511 4785 2671 4857 quia,
2694 4790 2899 4857 tamen
2930 4781 3231 4857 legitur_in
3263 4778 3575 4857 codicibus

1922 4849 3112 4932 Harl.,Med.,Clarom:,Coisl.secundo,et
3136 4849 3570 4932 B_eg._secund_o,

1918 4920 2331 5000 recipiendum
2360 4920 2561 5000 visum
2577 4930 2669 5000 est
2693 4927 2753 4982 in
2784 4930 3145 5000 contextum.
3172 4920 3400 5000 Ibidem
3430 4920 3573 4975 editi

1920 5001 1959 5070 ᾧ
1988 4993 2186 5071 ἀνᾶγχη
2220 5000 2385 5071 ἡμᾶς.
2426 4996 2628 5071 Melius
2656 4997 2717 5053 in
2751 4996 2922 5054 Coisl.
2957 4996 3155 5069 primo
3185 4999 3241 5051 et
3267 4993 3397 5051 aliis
3427 5006 3574 5047 non-

1918 5068 2102 5127 nullis
2118 5068 2273 5142 quos
2306 5068 2493 5125 secuti
2522 5084 2752 5142 sumus.

1992 5145 2071 5209 (2)
2110 5132 2440 5203 ’Ᾰδυνάτοιςο
2492 5139 2642 5197 Editi
2680 5144 2815 5212 post
2879 5140 3038 5197 hanc
3068 5152 3300 5212 vocem
3337 5132 3571 5191 addunt

1920 5222 2077 5285 ποιεῖ,
2110 5212 2217 5269 sed
2238 5213 2296 5268 in
2325 5212 2491 5269 nullo
2521 5211 2769 5285 prorsus
2789 5227 2862 5269 ex
2891 5211 3113 5269 nostris
3143 5214 3279 5266 octo
3303 5221 3451 5262 mss.
3483 5217 3570 5257 re-

1963 5284 2163 5341 eritur.

1918 5302 2324 5427 pe(r;;q;.udimc
2377 5376 2453 5411 σε.
2483 5359 2659 5413 Deest
2700 5354 2917 5427 vocula
2946 5357 3006 5410 in
3038 5350 3232 5427 editis,
3264 5346 3477 5427 legitur
3506 5344 3570 5427 in

1920 5416 2212 5501 omnibus
2240 5416 2387 5483 mss.
2423 5428 2651 5501 Ibidem
2706 5426 2845 5483 editi
2892 5424 3272 5501 περιγενέσθαι.
3315 5416 3475 5474 Harl.
3512 5422 3571 5475 et

1923 5498 2095 5555 Coisl.
2126 5499 2358 5570 primus
2388 5504 2456 5555 ut
2482 5500 2543 5554 in
2570 5503 2753 5555 textu.

1993 5571 2012 5590 '
2050 5570 2208 5625 Alias
2230 5572 2506 5627 CCCCXX.
2532 5571 2761 5640 Scripta
2785 5582 2945 5623 anno
2976 5570 3103 5623 373.

1995 5643 2036 5663 “
2073 5641 2233 5697 Alias
2261 5642 2457 5699 CCLV.
2476 5640 2706 5711 Scripta
2724 5654 2885 5696 anno
2909 5642 3033 5695 373.
