4062 6214
472 331 576 388 595

1825 326 1880 384 S.
1931 321 2180 382 BASILII
2229 325 2469 386 MAGNI.
3725 329 3812 386 596

472 456 728 513 etiamin
745 453 923 510 rebus
947 452 1311 510 difﬁcillimis
1335 455 1764 528 exitum,teque
1786 452 1993 510 omnia
2015 452 2123 507 im-

2251 460 2332 502 rriw
2394 453 2710 526 κωλυμάτων
2761 455 3236 527 περιγενήσεσθαι,
3297 457 3423 528 πρὸς
3475 457 3533 505 τὸ
3594 450 3718 506 ἰδεῖν
3767 473 3817 506 σε

471 545 820 617 pedimenta
851 549 1292 616 superaturum,
1319 548 1383 599 ut
1411 544 1805 599 Eeclesiarum
1831 541 2122 598 amicissi-

473 649 638 690 mam
663 632 890 703 videas.
925 637 1105 704 atque
1163 633 1343 688 etiam
1392 633 1468 688 ab
1513 633 1642 706 ipsa
1697 631 2121 704 conspiciaris:

473 723 638 795 quod
661 721 908 794 quidem
925 722 1196 778 omnium
1215 721 1294 776 illi
1313 722 1612 777 bonorum
1633 720 2125 793 antiquissimum

475 811 824 879 est,vultum
847 817 1014 866 tuum
1029 811 1470 883 conspicere,ac
1493 817 1654 868 tuam
1671 827 1881 866 vocem
1897 809 2124 864 audire.

477 902 632 956 Cave
663 900 841 968 igitur
869 915 1006 971 spes
1037 899 1193 954 illius
1215 916 1404 956 vanas
1427 917 1495 956 ac
1517 900 1709 956 irritas
1741 900 2127 955 facias..\nno

475 989 637 1044 enim
667 988 964 1060 praeterito
1022 1005 1158 1043 cum
1187 1005 1216 1044 e
1251 989 1422 1062 Syria
1467 989 1726 1056 rediens,
1761 988 2128 1060 promissum

476 1076 644 1150 quod
676 1092 1028 1148 acceperam
1071 1079 1388 1150 reportavi,
1419 1078 1729 1150 quomodo
1769 1091 1902 1132 eam
1950 1081 2130 1148 putas

477 1181 584 1238 spe
637 1182 998 1239 suspensam
1043 1184 1078 1223 a
1117 1183 1212 1222 me
1242 1167 1470 1223 fuisse?
1511 1171 1590 1223 Ne
1643 1166 1820 1236 igitur
1873 1166 1929 1220 in
1969 1164 2132 1221 aliud

476 1257 716 1327 tempus
743 1255 983 1311 differas
1005 1255 1160 1310 illius
1189 1255 1616 1323 visitationem,
1649 1253 2128 1310 viradmirande.

479 1345 630 1400 Nam
661 1344 895 1400 etiamsi
933 1344 1062 1399 fieri
1091 1345 1298 1415 possit,
1327 1343 1524 1415 ipsam
1547 1347 1608 1398 ut
1640 1342 1966 1414 aliquando
1988 1342 2135 1397 invi-

481 1449 600 1505 sas,
624 1433 730 1488 sed
758 1449 876 1489 non
920 1433 1096 1489 etiam
1143 1433 1488 1502 nobiscum,
1512 1449 1667 1506 quos
1699 1431 2134 1502 urgctmorhus

483 1521 561 1578 ab
599 1522 714 1578 hac
743 1521 988 1578 tandem
1011 1537 1360 1578 aerumnosa
1387 1521 1512 1577 vita
1533 1521 1831 1578 secedere.

997 1668 1233 1723 EPISTO
1244 1669 1330 1723 LA
1379 1667 1632 1758 (ΙΧΙΝΓ.Δ

2234 546 2328 599 τὴν
2377 542 2623 613 φιλτάτην
2676 551 2774 594 τῶν
2807 541 3149 608 Ἰ-ἶκκλησιῶν,
3183 547 3273 594 καὶ
3318 548 3491 615 μέντοι
3537 549 3628 595 καὶ
3675 543 3818 614 ὀφθῆ-

2234 651 2319 681 ναι
2369 631 2492 696 παρ’
2540 631 2717 692 αὐτῆς·
2750 633 2775 683 ὁ
2805 634 3007 683 πάντων
3051 632 3181 703 αὐτῇ
3233 641 3330 682 τῶν
3385 631 3594 702 ἀγαθῶν
3645 651 3818 706 προτι-

2236 724 2479 791 μοτατον⁷
2528 729 2598 791 τῷ
2656 729 2730 791 σῷ
2783 719 3110 793 προσϐλέψαι
3140 723 3214 786 (is)
3255 726 3537 795 προσώπῳ,
3597 725 3820 782 καὶτῆς

2241 815 2339 870 σῆς
2399 807 2621 861 ἀκοῦσαι
2671 819 2877 881 φωνῆς.
2937 814 3020 867 Μὴ
3069 815 3236 861 τοίνυν
3296 810 3424 881 αὐτῇ
3477 813 3566 870 τὰς
3623 806 3819 869 ἐλπίδας

2240 897 2428 958 ἀτελεῖς
2489 903 2830 958 καταστήσῃς
2865 942 2876 952 .
2935 904 3037 950 lini.
3111 901 3211 972 γὰρ
3287 903 3526 972 πέρυσιν,
3595 898 3694 951 απὸ
3739 907 3820 958 τῆς

2241 992 2424 1059 Συρίας
2499 986 2782 1040 ἐπανελθών
3023 989 3082 1046 ἢν
3163 985 3415 1060 ἐδεξάμην
3493 987 3822 1059 ἐπαγγελίαν,

2239 1079 2432 1134 ταύτην
2494 1073 2837 1150 διακομίσας,
2897 1086 3001 1137 πῶς
3053 1081 3149 1129 οῖει
3199 1080 3450 1152 μετέωρον
3509 1077 3670 1135 αὐτὴν
3716 1098 3827 1128 κατ-

2244 1169 2445 1222 έστησα
2489 1173 2601 1228 ταῖς
2633 1164 2843 1231 ἐλπίσι;
2877 1170 2961 1224 Μὴ
2999 1163 3086 1218 οὖν
3119 1165 3189 1226 εἰς
3237 1166 3386 1218 άλλον
3437 1170 3618 1238 καιρὸν
3642 1168 3824 1238 υπέρθῃ

2242 1259 2336 1312 τὴν
2386 1253 2660 1324 ἐπίσκεψιν
2713 1255 2872 1316 αὐτῆς
2905 1257 3010 1322 (6),
3043 1251 3082 1304 ὦ
3140 1257 3421 1327 θαυμάσιε.
3467 1259 3566 1306 Καὶ
3609 1257 3708 1329 γαρ
3753 1253 3830 1307 ἐὰν

2246 1341 2274 1401 ἧ
2325 1340 2547 1396 δυνατὸν
2625 1340 2754 1396 ἰδεῖν
2823 1344 2983 1401 αὑτήν
3037 1363 3196 1409 ποτε,
3251 1343 3355 1396 ἀλλ’
3422 1344 3549 1416 οὐχὶ
3596 1350 3685 1396 καὶ
3729 1346 3832 1416 μεθ’

2247 1436 2412 1506 ἡμῶν,
2448 1433 2532 1494 οὓς
2561 1432 2752 1505 ἐπείγει
2778 1436 2806 1492 ἡ
2841 1438 2988 1494 νόσος
3037 1433 3235 1506 ἀπᾶραι
3283 1433 3458 1486 λοιπὸν
3511 1442 3602 1486 τοῦ
3661 1431 3836 1492 ὀδυνη-

2245 1529 2340 1596 ροῦ
2373 1525 2557 1575 τούτου
2590 1521 2712 1595 βίον
2728 1565 2740 1577 .

2756 1671 3088 1719 ΕΠΙΣΤΟΛΗ
3131 1665 3295 1730 ΡΜςί.

481 1789 866 1862 Antiochum,
896 1792 1000 1863 qui
1023 1807 1209 1849 manu
1233 1807 1342 1848 sua
1374 1792 1629 1848 salutem
1663 1795 2026 1871 opposuerat
2059 1789 2314 1917 vicissim
2341 1791 2570 1916 slattutat
2610 1790 2869 1847 Basilius
2899 1797 2952 1847 et
2987 1791 3291 1860 hortatur,
3333 1797 3397 1845 ut
3421 1791 3639 1847 animae
3658 1790 3838 1846 saluti

1865 1877 2132 1917 anunum
2175 1877 2234 1917 ιη
2266 1877 2418 1917 ρηία
2455 1904 2469 1917 .

1865 1877 2132 1917 annuum
2175 1877 2469 1919 intendat.

1151 1971 1470 2029 Antiocho.

556 2081 686 2135 Non
723 2094 973 2151 possum
1007 2083 1061 2135 te
1096 2079 1322 2135 inertiae
1371 2082 1476 2134 aut
1527 2077 1776 2150 pigritia:
1833 2091 2134 2142 accusare,

483 2169 650 2242 quod
675 2185 813 2224 cum
837 2174 1072 2241 tempus
1093 2169 1400 2224 incidisset
1419 2167 1739 2236 scribendi,
1758 2167 2134 2223 conticueris.

487 2259 681 2323 Quam
711 2258 871 2313 enim
911 2259 1260 2314 veneranda
1289 2257 1432 2313 mihi
1461 2258 1630 2329 237
1669 2273 1856 2313 manu
1883 2256 2133 2312 salutem

483 2345 714 2417 misisti,
741 2347 899 2402 hanc
937 2347 1126 2419 pluris
1159 2347 1308 2402 facio
1337 2363 1522 2419 quam
1556 2346 1775 2402 multas
1828 2345 2132 2418 epistolas.

483 2437 557 2489 Te
575 2433 754 2504 igitur
782 2435 1046 2491 vicissim
1074 2435 1288 2506 saluto,
1311 2452 1380 2492 ac
1413 2435 1782 2501 exhertor,ut
1803 2439 2042 2490 strenue
2057 2433 2136 2490 ad

483 2523 703 2578 animae
720 2524 1546 2590 salutemincumbas,omnes
1569 2525 1765 2580 carnis
1787 2524 2135 2580 affectiones

481 2612 710 2668 ratione
740 2613 1005 2681 frenans,
1041 2630 1112 2669 ac
1152 2614 1558 2669 indesinenter
1585 2614 1680 2669 Dei
1709 2614 2134 2685 cogitationem

481 2702 646 2758 velut
671 2702 732 2758 in
763 2703 1146 2760 sanctissimo
1177 2704 1447 2776 quodam
1479 2703 1810 2776 templo,ita
1839 2704 1898 2759 in
1931 2704 2134 2759 animo

481 2795 585 2848 tuo
616 2797 1029 2848 consecratam
1050 2792 1512 2865 habenszatque
1539 2799 1600 2848 ut
1629 2793 1690 2849 in
1711 2793 1943 2850 actione
1969 2793 2136 2850 omni

481 2885 538 2937 et
563 2881 624 2936 in
655 2882 821 2937 omni
858 2898 1133 2938 sermone
1157 2887 1292 2939 ante
1314 2883 1522 2938 oculos
1545 2883 1776 2939 habeas
1805 2883 2012 2940 Christi
2038 2885 2136 2954 ju-

479 2970 743 3038 dicium;
776 2971 858 3027 ita
901 2977 966 3027 ut
1018 2971 1126 3028 tibi
1167 2989 1350 3044 opera
1409 2972 1650 3044 Singula
1676 2972 1754 3028 ad
1786 2978 2136 3028 accuratum

477 3059 629 3116 illud
658 3077 729 3116 ac
761 3065 1138 3116 tremendum
1187 3077 1445 3117 examen
1503 3061 2030 3131 collecta,gloriam
2075 3062 2136 3117 in

2848 1968 3104 2041 Ἀντιόχῳ
3136 1971 3212 2040 (7)
3229 2015 3240 2026 .

2322 2076 2431 2128 Οὐκ
2487 2079 2596 2148 ἔχω
2650 2075 2961 2148 μέμψασθαί
3013 2097 3097 2128 σοι
3151 2074 3333 2150 ἀργίαν
3386 2072 3510 2128 οὐδὲ
3564 2077 3837 2149 ραθυμιαν,

2248 2167 2328 2218 ὅτι
2359 2209 2373 2236 ,
2433 2173 2618 2239 καιροῦ
2666 2170 3054 2238 παραπεσόντος
3088 2166 3166 2235 (8)
3213 2167 3572 2238 γραμμάτων,
3625 2163 3840 2216 ἀπεσιω-

2247 2275 2442 2316 πησας.
2483 2255 2576 2306 Ἢν
2606 2257 2706 2328 γὰρ
2737 2251 2830 2306 διὰ
2870 2263 2962 2316 τῆς
2997 2259 3174 2326 τιμίας
3201 2252 3314 2327 ἐμοὶ
3343 2257 3526 2327 χειρὸς
3575 2250 3840 2324 δἐπέμϊδω

2245 2348 2626 2418 προσηγορίαν,
2661 2343 2853 2396 πολλῶν
2886 2342 3167 2396 ἐπιστολῶν
3219 2347 3529 2416 τιμιωτέραν
3574 2349 3840 2413 ποιοῦμαι.

2247 2433 2387 2486 Ἀντὶ
2444 2430 2531 2485 οὖν
2588 2435 2783 2493 ταύτης
2854 2436 3226 2507 προσαγορεύω
3283 2451 3358 2498 σε,
3417 2437 3506 2484 καὶ
3557 2430 3841 2507 παρακαλῶ

2249 2519 2548 2582 σπουδαίως
2587 2521 2900 2594 ἀντέχεσθαι
2957 2530 3053 2584 τῆς
3110 2525 3244 2574 κατὰ
3293 2521 3474 2594 ψυχὴν
3531 2526 3831 2594 σωτηρίας,

2243 2614 2414 2665 πάντα
2451 2613 2516 2664 τα
2551 2613 2690 2669 πάθη
2743 2620 2832 2672 τῆς
2883 2614 3075 2686 σαρκὸς
3105 2607 3548 2682 παιδαγωγοῦντα
3583 2619 3654 2680 τῷ
3685 2609 3840 2680 λόγῳ.

2243 2706 2334 2753 καὶ
2384 2698 2634 2763 διηνεκῶς
2662 2705 2749 2759 τὴν
2799 2705 2916 2772 περὶ
2971 2707 3103 2752 Θεοῦ
3153 2703 3367 2770 ἔννοιαν,
3399 2702 3502 2752 οἷον
3535 2698 3581 2750 ἐν
3607 2707 3711 2750 ναῶ
3741 2717 3842 2750 τινι

2246 2791 2541 2863 ἁγιωτάτῳ,
2574 2798 2635 2862 τῇ
2695 2797 2890 2842 σαυτοῦ
2934 2789 3088 2862 ψυχῇ
3135 2787 3470 2865 ἐνιδρυμένην
3519 2793 3728 2862 ἔχοντα·
3759 2787 3843 2840 ἐπι

2250 2884 2421 2943 πάσης
2455 2877 2513 2933 δὲ
2541 2883 2775 2957 πράξεως
2831 2885 2920 2932 καὶ
2973 2884 3160 2941 παντὸς
3209 2879 3366 2952 λόγου
3419 2884 3518 2955 πρὸ
3569 2878 3843 2951 ὀρθαλμῶν

2245 2970 2520 3043 λαμϐάνειν
2569 2975 2627 3022 τὸ
2659 2978 2750 3022 τοῦ
2807 2977 3044 3045 Χριστοῦ
3169 2966 3534 3044 δικαστήριον,
3567 2971 3700 3020 ὥστε
3759 2988 3844 3020 σοι

2246 3063 2336 3120 τὰς
2362 3061 2493 3112 κατὰ
2521 3063 2676 3133 μέρος
2701 3059 2952 3131 ἐνεργείας
2979 3061 3338 3130 συναχθείσας
3369 3058 3451 3110 ἐπὶ
3477 3067 3571 3118 τῆς
3599 3057 3845 3130 ἀκριϐοῦς

481 3149 576 3205 die
597 3150 1098 3206 remunerationis
1119 3151 1392 3222 afferant,
1428 3167 1632 3206 coram
1665 3151 1832 3206 omni
1865 3155 2138 3206 creatura

477 3241 724 3296 laudem
772 3241 1354 3313 consequenti.Quod
1388 3241 1436 3296 si
1467 3258 1587 3296 non
1611 3238 1890 3312 gravetur
1919 3241 1998 3296 ad
2026 3257 2132 3296 nos

2251 3235 2645 3299 ἀνταποδόσεως
2701 3237 2938 3310 ἐνεγκεῖν,
2969 3237 3048 3291 ἐπὶ
3104 3240 3284 3300 πάσης
3333 3247 3426 3299 τῆς
3471 3242 3686 3296 κτίσεως
3743 3245 3846 3288 τῶν

479 3345 672 3401 usque
703 3330 1004 3401 proﬁcisci
1043 3345 1301 3399 magnus
1343 3329 1439 3386 ille
1479 3331 1587 3396 vir,
1621 3346 1836 3403 parum
1881 3345 2004 3387 non
2031 3329 2132 3386 erit

2251 3327 2462 3381 ἐπαίνων
2491 3327 2794 3400 ἀξιουμένῳ,
2829 3328 2886 3380 Εἰ
2908 3325 2966 3380 δὲ
2986 3324 3340 3399 καταδέχοιτο
3365 3333 3460 3385 τὴν
3484 3331 3677 3399 μέχρις
3697 3327 3726 3383 ἡ
3735 3334 3848 3397 μῶν

2247 3153 2442 3212 ἐκείνης
2471 3153 2560 3200 καὶ
2591 3147 2804 3222 φοϐερᾶς
2860 3149 3135 3211 ἐξετάσεως
3176 3146 3331 3212 δόξαν
3365 3148 3414 3201 ἐν
3443 3157 3504 3207 τῆ
3557 3150 3725 3223 ἡμέρα
3753 3156 3847 3207 τῆς

479 3418 630 3474 lucri
659 3423 712 3474 te
734 3435 856 3475 una
877 3435 1014 3474 cum
1033 3419 1164 3491 ipso
1189 3419 1248 3474 in
1273 3423 1478 3474 nostra
1505 3420 1743 3491 regione
1765 3422 2131 3494 conspicere.

943 3651 1275 3706 EPISTULA
1307 3650 1575 3708 CXLVII'.

2247 3415 2422 3470 6δὸνὸ
2451 3421 2626 3489 μέγας,
2659 3417 2717 3469 οὗ
2757 3420 2941 3491 μικρὸν
2989 3413 3174 3492 κέρδος
3224 3414 3351 3470 ἰδεῖν
3403 3436 3460 3469 σε
3515 3417 3628 3488 μετ’
3683 3414 3850 3466 αὐτοῦ

2257 3506 2341 3558 ἐπὶ
2371 3514 2465 3568 τῆς
2495 3508 2760 3579 ἡμετέρας.

2833 3654 3116 3702 ΙΞΙΙΙΣΤΟΛ
3129 3656 3170 3702 ΙΙ
3211 3649 3373 3704 ΡΜΖ.

484 3777 757 3846 Aburgio
804 3777 1066 3832 Basilius
1121 3776 1458 3833 Maximum
1503 3777 1897 3841 commendat,
1929 3791 2000 3831 ac
2043 3781 2237 3846 rogat,
2271 3781 2336 3831 ut
2381 3775 2676 3832 hominem
2727 3775 2894 3842 longe
2946 3775 3256 3844 optimum,
3299 3775 3409 3845 qui
3447 3773 3854 3843 Cappadocia:

547 3865 770 3919 prcescs
792 3850 1020 3918 fuerat,
1047 3849 1319 3904 omnibus
1357 3849 1533 3906 rebus
1575 3849 1921 3916 spoliatum,
1956 3852 2009 3903 et
2037 3849 2098 3902 in
2129 3849 2414 3904 (erumnis
2439 3849 2736 3918 iacentem
2782 3847 3070 3902 adversus
3101 3847 3473 3904 calumniam
3503 3852 3772 3902 tueatur.

1162 3957 1208 4009 A
1223 3955 1452 4022 bm'gio.

557 4059 844 4116 Fabulam
889 4061 1180 4115 hactenus
1227 4057 1544 4115 credebam
1581 4059 1818 4116 Homeri
1848 4059 2137 4128 carmina,

484 4165 622 4206 cum
637 4147 1006 4220 perlegercm
1031 4148 1278 4203 alteram
1294 4148 1450 4202 illius
1465 4147 1666 4220 poesis
1683 4153 1912 4220 partem
1925 4149 2002 4212 ,in
2018 4164 2140 4221 qua

487 4241 713 4313 Ulyssis
743 4239 1490 4296 calamitates.narrat.Scd
1519 4238 1796 4295 fabulosa
1821 4239 1921 4295 illa
1939 4240 2141 4296 hacte-

2885 3952 2938 4006 Ἃ
2947 3951 3174 4030 ϐουργίῳ
3189 3995 3202 4010 .

2317 4061 2492 4114 Μῦθον
2551 4059 2785 4134 ἐνόμιζον
2830 4065 2953 4122 τέως
3002 4063 3068 4113 τὰ
3123 4068 3214 4113 τοῦ
3257 4061 3507 4137 Ὀμήρου,
3537 4061 3619 4113 ὅτε
3669 4059 3857 4133 ἐπῄειν

2249 4151 2406 4226 αὑτοῦ
2459 4153 2517 4202 τὸ
2577 4150 2744 4226 ἓτερον
2789 4153 2938 4225 μέρος
2992 4157 3084 4211 τῆς
3131 4155 3409 4221 ποιήσεως,
3441 4150 3487 4203 ἐν
3541 4149 3580 4222 ᾧ
3631 4153 3700 4202 τὰ
3757 4159 3860 4202 τοῦ

2249 4222 2552 4300 Ὀδυσσέως
2603 4240 2743 4296 πάθη
2792 4233 3192 4300 μεταδιδάσκει,
3245 4237 3380 4290 Ἀλλ’
3425 4237 3590 4290 ἐκεῖνα
3636 4241 3706 4290 τὰ
3753 4257 3860 4310 μυ-

486 4345 602 4385 nus
625 4334 680 4386 et
710 4328 1100 4393 incredibilia,
1134 4327 1381 4383 omnino
1411 4343 1524 4383 nos
1569 4327 1907 4401 probabilia
1941 4329 2132 4384 existi-

2251 4328 2372 4379 οικά
2423 4329 2549 4388 τέως
2605 4331 2695 4379 καὶ
2745 4325 2946 4379 ἄπιστα
2999 4329 3132 4380 πάνυ
3181 4328 3321 4400 ἡμᾶς
3367 4329 3561 4380 πιθανὰ
3611 4327 3858 4400 νομίζειν

487 4435 654 4475 mare
683 4418 886 4475 docuit
925 4417 1102 4487 longe
1129 4417 1340 4489 optimi
1365 4417 1602 4472 Maximi
1636 4417 1966 4474 calamitas.
1991 4421 2138 4474 Nam

487 4514 544 4565 et
568 4509 662 4564 hic
683 4506 1092 4580 praefuitgenti
1117 4521 1238 4562 non
1267 4506 1589 4577 vilissimm,
1618 4507 2138 4580 quemadmodum

485 4595 582 4652 ille
610 4597 733 4652 dux
779 4596 890 4652 fuit
919 4594 1458 4668 Cephalleniorum.
1493 4599 1576 4652 Ac
1607 4596 1847 4668 Ulysses
1889 4597 2138 4670 quidem

560 4725 580 4744 '
618 4721 776 4792 Alias
809 4721 1124 4777 CCLXVIII.
1160 4719 1395 4792 Scripta
1425 4736 1587 4777 anno
1619 4725 1742 4778 373.

561 4795 602 4815 “
641 4791 801 4847 Alias
831 4793 1098 4864 QCCLVI.
1132 4791 1362 4864 Scripta
1391 4807 1552 4848 anno
1588 4797 1710 4848 373.

559 4865 633 4936 (4»)
669 4861 1112 4936 Προσελέεραμηίι
1131 4861 1372 4936 sumine
1404 4879 1708 4919 consensu
1732 4868 1960 4920 veteres
1978 4865 2132 4920 libri.

489 4933 680 4991 Editio
705 4933 904 5008 prima
937 4933 1460 5008 Paris._1:.oo€‘l.é_-,lw.t.

562 5005 1378 5078 (ὂὶβιίπανεᾎοὼν.,δὶσΗαῐἹτ
1413 5006 1665 5078 etCoisl
1713 5008 1946 5078 primus
1994 5024 2132 5064 cum

487 5076 762 5151 pluribus
793 5076 1161 5151 aliis._Editio
1201 5079 1214 5131 t
1257 5077 1432 5132 Paris.
1457 5076 1783 5151 aea-gentia.

557 5151 634 5220 (6)
678 5149 866 5222 Λυτῇς.
911 5149 1077 5204 lianc
1127 5163 1340 5222 vocem
1397 5148 1743 5205 addidimus
1789 5166 1864 5204 cx
1903 5153 2132 5222 septem

487 5219 633 5276 mes.
669 5219 1012 5275 Harlaaanus
1033 5219 1222 5275 codex
1252 5219 1438 5274 αὐτῶν.

558 5293 632 5358 (7)
677 5292 957 5362 Ἀντιόχῳ.
987 5291 1218 5362 Legitur
1243 5291 1323 5362 in
1356 5289 1641 5362 omnibus
1683 5307 1828 5346 mss.
1859 5295 1914 5346 et
1957 5291 2130 5347 editis

484 5371 556 5434 τῷ
586 5363 749 5434 αὐτῷ,
781 5364 944 5434 quia
984 5361 1204 5417 scilicet
1240 5361 1368 5434 haec
1425 5361 1677 5432 epistola
1711 5362 1981 5432 sequitur
2014 5363 2132 5434 epi-

486 5433 707 5489 stolam
755 5433 840 5490 3t.
875 5433 1023 5487 alias
1065 5437 1185 5487 267.
1233 5433 1350 5504 Sed
1387 5435 1588 5504 tamen
1628 5435 2021 5504 perspicuum
2041 5433 2133 5490 est

483 5505 643 5559 hanc
690 5504 1007 5574 epistolam
1060 5519 1181 5558 non
1228 5502 1578 5574 inscriptam
1616 5502 1801 5559 fuisse
1857 5505 2127 5568 Eusebio.

486 5591 676 5658 quem.
699 5573 944 5658 Basilius
957 5574 1236 5658 designat
1261 5573 1353 5658 his
1366 5575 1572 5658 verbis
1591 5591 1604 5628 :
1627 5575 1795 5642 Quod
1805 5577 2130 5658 sa’gnagnus

487 5646 592 5700 itte
618 5647 730 5714 vir,
757 5651 892 5709 etc.,
924 5645 1030 5700 sed
1060 5646 1248 5718 ipsius
1268 5645 1468 5703 fratris
1493 5645 1828 5720 ﬁlio,qucm
1861 5645 2128 5719 Basilius,

2248 4412 2485 4478 ἐδίδαξεν
2537 4419 2567 4474 ἡ
2615 4421 2731 4490 περὶ
2781 4419 2868 4468 τὸν
2923 4417 3094 4468 πάντα
3137 4418 3352 4490 ἄριστον
3409 4416 3644 4489 Μάξιμον
3707 4435 3862 4492 περι-

2247 4508 2458 4557 πέτεια.
2523 4509 2622 4557 Καὶ
2663 4507 2766 4580 γὰρ
2838 4509 2927 4557 καὶ
2969 4505 3120 4566 οὗτος
3171 4506 3354 4577 οἰρχων
3409 4503 3600 4577 ἐγένετο
3667 4505 3858 4566 ἔθνους

2248 4594 2306 4646 οὐ
2361 4594 2702 4666 φαυλοτάτου,
2757 4593 2929 4669 ὣσπερ
2983 4593 3169 4656 ἐκεῖνος
3219 4596 3246 4646 ὁ
3291 4597 3575 4670 στρατηγὸς
3604 4595 3724 4666 (10)
3751 4601 3860 4647 τῶν

2247 4723 2312 4776 ut
2336 4717 2650 4791 aequalem,
2676 4717 2767 4775 vel
2794 4718 2944 4776 forte
2983 4718 3164 4776 etiam
3213 4723 3364 4777 natu
3409 4719 3739 4790 minorem,
3771 4721 3862 4776 ad

2244 4790 2525 4864 pietatem
2553 4790 2843 4846 hortatur.

2318 4864 2390 4935 (8)
2433 4867 2848 4936 Παραπεσόντος.
2885 4863 2979 4936 Sic
3014 4866 3286 4936 quatuor
3319 4862 3710 4936 vetustissimi
3745 4881 3868 4920 co-

2244 4933 2430 5004 dices,
2465 4933 2644 5000 Harl.,
2673 4933 2843 5000 Med.,
2878 4933 3076 5003 Coislf,
3105 4937 3232 4990 Vat.
3281 4939 3340 4990 et
3386 4933 3486 4990 alii
3539 4936 3866 4992 nonnulli.

2245 5007 2394 5062 Editi
2417 5011 2856 5078 παρεμπεσόντος.
2887 5005 3070 5062 Paulo
3099 5008 3237 5078 post
3287 5006 3636 5078 auctoritate
3665 5007 3874 5078 quin-

2241 5093 2360 5150 que
2411 5076 2708 5150 codicum,
2759 5093 3022 5150 quorum
3091 5076 3363 5150 nonnulli
3413 5076 3870 5150 antiquissimi.

2241 5147 2726 5252 tj'ansp'osuimus
2752 5147 2882 5220 ἐμοὶ,
2915 5163 3056 5204 cum
3101 5147 3395 5219 legeretur
3419 5147 3480 5203 in
3501 5147 3678 5204 editis
3741 5151 3874 5223 ἐμοὶ

2243 5237 2534 5275 οιεπεμψω,

2312 5241 2341 5272 ει
2369 5241 2388 5271 Ξ
2431 5241 2500 5270 ”’ὐ
2523 5261 2534 5275 .

2312 5241 2680 5366 (afﬂicto-3.
2725 5290 2816 5346 Sic
2869 5290 3138 5363 plerique
3189 5307 3336 5346 mss.
3381 5290 3638 5347 codices.
3693 5292 3872 5349 Editi

2243 5368 2436 5418 Κυρίου
2453 5406 2464 5418 .

2311 5413 2426 5517 {tot
2440 5413 2540 5516 :‘0.
2554 5437 2865 5517 στρατηγρς.
2888 5433 3148 5517 additus
3167 5509 3177 5517 ι
3197 5433 3492 5517 articulus.
3524 5449 3620 5517 en.
3643 5435 3876 5517 tribus

2238 5505 2662 5562 vetustissimis
2709 5505 3020 5562 codicibus
3059 5511 3115 5562 et
3161 5505 3352 5563 tribus
3397 5505 3546 5562 aliis.
3581 5505 3872 5564 Ibidem.

2239 5578 2380 5650 Reg.
2415 5577 2718 5634 secundus
2747 5581 2806 5633 et
2833 5576 3013 5635 Coisl.
3037 5577 3338 5634 secundus
3365 5577 3670 5649 Κεφαλήνων
3689 5623 3704 5634 .
