4092 6210
200 325 301 378 597
1161 320 1647 378 EPISTOLARUM
1685 315 1965 374 CLASSIS
2003 319 2076 372 ll.
2116 318 2327 376 EPIST.
2370 321 2636 378 CXLVIII.
3471 325 3578 382 598

207 446 567 520 Κεφαλλήνων.
641 447 743 496 Καὶ
807 442 971 495 πολλὰ
1043 447 1301 518 χρήματα
1373 445 1513 516 οἶγων
1580 442 1806 507 ἐκεῖνος,

1961 456 2060 496 um
2090 443 2361 513 pecuniae
2387 445 2714 518 plurimum
2744 450 3132 519 exportasset,
3154 445 3356 504 nudus
3382 463 3576 504 rever-

200 541 401 610 γυμνός
459 533 750 592 ἐπανῆλθεο
801 538 892 584 καὶ
938 540 1116 585 τοῦτον
1163 534 1324 595 οὕτως
1368 535 1396 591 ἡ
1444 534 1686 606 συμφορὰ
1731 527 1811 582 δι-

1962 545 2029 584 us
2076 535 2198 586 est:
2232 531 2392 588 hunc
2424 539 2625 590 autem
2655 550 2725 590 eo
2756 551 2849 590 res
2898 536 3166 592 adversae
3193 536 3572 607 redegerunt,

200 629 407 693 έθηκεν,
439 626 508 686 ὡς
549 619 888 674 κινδυνεύσαι
936 620 983 673 ἐν
1030 620 1314 696 ἀλλοτρίοις
1349 623 1560 697 ῥάκεσιν
1592 621 1813 693 ὀφθῆναι

1955 623 1989 673 it
2030 635 2178 688 pene
2222 620 2282 676 in
2327 622 2536 678 alienis
2585 629 2640 680 et
2682 623 2896 680 laceris
2935 626 3151 698 pannis
3198 625 3406 682 domui
3450 643 3571 682 sum

204 723 311 776 τοίς
371 717 508 766 οἶκοι
557 714 695 783 (lt).
753 717 852 764 Καὶ
905 718 1070 763 ταῦτα
1122 713 1358 780 πέπονθε,
1415 715 1814 786 Λαιστρυγόνας

1965 707 2090 762 isus
2145 708 2235 763 sit.
2282 715 2472 783 Atque
2524 713 2652 768 bzec
2706 729 3028 785 perpessus
3075 719 3182 783 est,
3233 717 3380 770 forte
3430 715 3575 788 quia

203 808 355 875 τάχα
391 823 492 855 που
544 800 618 873 ἐφ’
652 799 834 853 ἑαυτὸν
882 801 1191 874 παροξύνας,
1223 805 1312 852 καὶ
1364 800 1556 873 Σκύλλη
1603 818 1813 874 περιπε-

1955 803 2338 871 .zestrygonas
2368 801 2427 856 in
2452 817 2512 857 se
2542 802 2944 872 instigavit,ac
2966 803 3028 858 in
3061 803 3320 876 Scyllam
3344 805 3571 872 incidit,

206 897 315 943 σὼν
370 890 418 942 ἐν
471 894 745 962 γυναικείᾳ
797 898 964 964 μορφῇ
1023 893 1226 941 κυνείαν
1278 888 1478 962 ἐχούσῃ
1537 888 1811 964 ἀπανθρω-

1955 886 2247 943 iabentem
2275 889 2335 943 in
2369 889 2644 946 muliebri
2691 892 2887 947 forma
2916 893 3196 948 caninam
3230 893 3571 949 immanita-

210 986 339 1032 πίαν
385 987 473 1032 καὶ
521 978 832 1052 ἀγριότητα.
879 980 1019 1031 Ἐπεὶ
1075 975 1163 1030 οὖν
1217 978 1365 1050 μόλις
1413 978 1554 1047 αύτῷ
1616 977 1812 1049 ὑπῆρξε

1957 992 2042 1031 cm
2083 993 2153 1032 ac
2203 978 2514 1035 feritatem.
2569 981 2716 1035 Cum
2762 980 2939 1052 igitur
2978 981 3079 1036 vix
3122 981 3175 1037 ei
3221 982 3449 1038 licuerit
3501 998 3573 1038 ex

209 1073 296 1121 τόν
357 1071 584 1142 ἄφυκτον
647 1075 830 1120 τοῦτον
887 1064 1240 1130 διανήξασθαι
1305 1063 1564 1134 κλύδωνα,
1622 1068 1678 1118 σε
1738 1063 1812 1118 δι’

1959 1067 2288 1124 aeluctabili
2333 1069 2431 1125 illa
2479 1071 2742 1141 procella
2786 1087 3088 1141 emergere
3126 1077 3181 1127 te
3225 1088 3362 1128 mea
3391 1088 3575 1144 opera

209 1161 356 1229 ἡμῶν
411 1160 642 1227 ἱκετεύει,
695 1156 850 1220 ἀξιῶν
903 1153 1216 1215 αἰδεσθῆναι
1264 1161 1358 1215 τὴν
1409 1160 1584 1213 κοινὴν
1635 1157 1808 1226 φύσιν,

1962 1157 2180 1228 upplex
2223 1163 2416 1227 rogat,
2451 1164 2515 1214 ut
2559 1164 2839 1216 naturam
2877 1176 3264 1216 communem
3311 1177 3575 1218 reverea-

207 1252 298 1298 καὶ
332 1248 419 1299 ἐπὶ
448 1255 560 1307 ταῖς
585 1247 711 1320 παρ’
744 1244 892 1308 ἀξίαν
932 1246 1090 1297 αὑτοῦ
1142 1253 1435 1320 συμφοραῖς
1484 1244 1808 1315 ἀλγήσαντα,

1958 1245 2022 1313 is,
2058 1262 2127 1301 ac
2159 1246 2618 1315 calamitatibus,
2649 1265 2801 1320 quas
2827 1265 2948 1305 non
2981 1250 3190 1306 merito
3218 1266 3327 1306 suo
3357 1265 3574 1322 passus

205 1341 276 1407 μὴ
316 1344 490 1408 σιωπῇ
525 1334 726 1408 κρύψαι
762 1337 826 1386 τα
856 1335 972 1386 κατ’
1003 1334 1181 1399 αὑτὸν,
1206 1332 1334 1386 ἀλλὰ
1374 1330 1672 1404 διαγγεῖλαι
1701 1340 1810 1392 τοῖς

1960 1340 2012 1389 st
2055 1341 2394 1391 commotus
2446 1337 2521 1391 de
2570 1337 2752 1393 rebus
2800 1338 2959 1393 illius
3019 1354 3142 1394 non
3186 1344 3419 1408 taceas,
3469 1338 3576 1395 sed

204 1423 250 1476 ἐν
313 1421 573 1496 δυνάμει,
628 1426 762 1476 ὥστε
813 1422 1046 1496 μάλιστα
1102 1426 1192 1495 μὲν
1249 1427 1340 1475 καὶ
1393 1425 1634 1493 γενέσθαι
1694 1423 1811 1472 τινα

1961 1423 2061 1479 iris
2112 1425 2455 1496 potentibus
2506 1427 2768 1495 nunties,
2813 1427 2873 1481 in
2930 1426 3142 1498 primis
3191 1433 3252 1483 ut
3310 1427 3575 1500 praesidii

207 1514 350 1583 αύτῷ
411 1511 663 1584 βοήθειαν
727 1517 852 1586 πρὸς
915 1517 1008 1570 τὴν
1068 1514 1488 1586 σκευωρηθείσαν
1544 1511 1656 1581 (12)
1715 1508 1808 1562 ἐπ-

1960 1511 2147 1584 liquid
2187 1518 2394 1570 contra
2441 1518 2730 1570 structam
2765 1514 3136 1571 calumniam
3183 1515 3408 1571 habeat
3436 1534 3449 1571 :
3482 1517 3573 1571 sin

202 1608 384 1676 ἠριιαν
407 1617 422 1631 ·
460 1602 504 1655 εἰ
550 1599 608 1655 δὲ
640 1607 736 1675 μὴ,
771 1598 1187 1674 δημοσιευθῆναι
1211 1609 1335 1672 γοῦν
1376 1605 1464 1658 τὴν
1505 1605 1808 1675 προαίρεσιν

1957 1600 2140 1669 uinus,
2175 1607 2236 1657 ut
2267 1604 2644 1676 propositum
2675 1603 2854 1671 illius,
2884 1604 2988 1676 qui
3037 1604 3097 1660 in
3126 1604 3327 1677 ipsum
3356 1604 3573 1660 debac-

199 1699 293 1742 τοῦ
353 1691 430 1751 εἰς
481 1691 638 1743 αὐτόν
687 1690 1178 1764 ἐμπαροίνήσαντος.
1239 1691 1504 1763 Ἀρκούσα
1567 1692 1669 1762 γὰρ
1734 1699 1808 1760 τῷ

1957 1691 2132 1746 hatus
2189 1699 2295 1758 est,
2345 1693 2708 1766 divulgetur.
2769 1698 2896 1751 Non
2953 1694 3082 1752 leve
3139 1695 3299 1751 enim
3341 1695 3572 1751 homini

201 1777 511 1852 ἠδικημένῳ
561 1781 872 1855 παραμυθία
913 1781 942 1838 ἡ
994 1788 1092 1832 τῶν
1148 1778 1622 1831 ἐπιϐουλευσάντων
1667 1779 1808 1850 αύτῷ

1958 1781 2150 1852 ijuriis
2183 1783 2394 1838 aflecto
2435 1783 2740 1854 solatium,
2774 1800 2984 1841 eorum
3026 1786 3133 1859 qui
3169 1784 3283 1859 ipsi
3311 1785 3574 1842 insidiati

198 1877 298 1930 τῆς
328 1873 586 1944 πονηρίας
611 1874 918 1942 φανέρωσις.

1921 1876 2078 1940 sunt,
2108 1872 2509 1944 improbitatis
2538 1873 2884 1931 declaratio.

736 2000 1068 2048 ΕΠΙΣΤΟΛΗ
1110 1994 1281 2050 ΡΜΙΥ.

2408 2000 2743 2055 EPISTOLA
2785 2000 2867 2054 CX
2879 2000 3081 2056 LVIIl’.

341 2103 679 2159 Maximum
729 2104 994 2174 Trajano
1037 2102 1410 2159 commendat
1451 2103 1738 2173 Basilius,
1780 2121 1853 2164 ac
1890 2108 2066 2175 rogat
2106 2109 2172 2159 ut
2209 2105 2264 2159 ei
2299 2105 2364 2160 in
2400 2105 2630 2175 judicio
2665 2108 3075 2176 patrocinium
3113 2107 3440 2178 impendat.

875 2234 1134 2301 Τραῐανῷ.

2610 2232 2893 2301 Trajano.

275 2344 477 2403 Πολλὴν
546 2347 684 2418 φέρει
747 2348 856 2404 τοῖς
915 2346 1385 2416 καταπονουμένοις
1446 2346 1803 2419 παραμυθίαν,

1987 2345 2230 2402 Multum
2253 2345 2423 2403 affert
2447 2345 2681 2403 afﬂictis
2703 2346 2895 2404 solatii
2914 2346 3007 2402 vel
3027 2361 3208 2420 posse
3233 2347 3451 2404 deﬂere
3473 2362 3573 2404 ca-

199 2440 288 2486 καὶ
341 2437 404 2486 τὸ
461 2436 604 2505 ἔχειν
660 2429 1033 2506 ἀποδύρασθαι
1087 2433 1179 2494 τὰς
1247 2432 1438 2485 ἑαυτῶν
1501 2435 1802 2506 συμφοράς’

1955 2435 2216 2491 ιωὶῑιιῐοε
2261 2453 2438 2504 suas;
2471 2437 2757 2506 maxime,
2787 2453 2926 2493 cum
2969 2437 3131 2494 viros
3168 2437 3327 2494 nacti
3356 2437 3571 2494 fuerint

199 2528 288 2575 καὶ
339 2521 598 2594 μάλιστα,
650 2523 770 2574 ὅταν
816 2517 1016 2594 ἀνδρῶν
1066 2520 1366 2592 ἐπιτύχωσι
1409 2517 1704 2594 δυναμένων
1750 2522 1806 2574 ἐκ

1955 2541 2154 2580 iorum
2197 2525 2495 2597 probitate
2543 2525 2816 2593 idoneos,
2857 2527 2960 2598 qui
3005 2543 3213 2583 eorum
3262 2525 3571 2583 doloribus

205 2623 296 2672 τῆς
340 2619 437 2664 τού
486 2616 682 2686 τρόπον
733 2609 1120 2681 καλοκαγαθίας
1173 2611 1523 2682 συμπαθῆσαι
1559 2619 1668 2673 τοῖς
1710 2608 1804 2663 ἁλ-

1957 2621 2430 2670 ommoveantur.
2453 2615 2619 2672 Unde
2643 2621 2700 2672 et
2720 2618 2884 2672 omni
2903 2617 3132 2674 honore
3151 2617 3369 2687 dignus
3390 2617 3573 2673 frater

202 2709 416 2773 γεινοῖς.
455 2700 610 2752 Ὀθεν
657 2705 748 2752 καὶ
779 2700 804 2750 ό
835 2696 1252 2771 αἱδεσιμὼτατος
1299 2695 1520 2770 ἁδελφός
1545 2700 1802 2773 Μάξιμος,

1955 2704 2221 2770 [aximus,
2254 2703 2359 2775 qui
2389 2705 2596 2776 patriae
2632 2709 2850 2761 nostrae
2882 2705 3140 2778 praefuit,
3168 2705 3314 2762 talia
3351 2721 3571 2778 passus

201 2793 226 2843 ό
271 2801 366 2851 τῆς
415 2786 679 2864 πατρίδος
725 2791 870 2862 ἡμῶν
919 2790 1275 2861 ἡγησάμενος,
1303 2790 1480 2840 παθὼν
1525 2791 1610 2841 οἶα
1646 2786 1803 2842 ούδέ-

1957 2790 2117 2847 ualia
2146 2791 2417 2847 nondum
2443 2793 2768 2866 quisquam
2798 2788 3138 2861 hominum,
3166 2799 3221 2849 et
3242 2795 3364 2850 suis
3386 2794 3569 2849 rebus

200 2903 276 2934 πω
322 2884 442 2954 (l3)
491 2901 567 2942 τις
612 2880 894 2957 ἀνθρώπων
947 2883 1134 2948 ἕτερος,
1173 2885 1262 2933 καὶ
1315 2883 1518 2932 πάντων
1565 2883 1655 2953 μὲν
1701 2903 1802 2953 γυ-

1954 2880 2198 2937 mnibus
2230 2887 2359 2936 tum
2389 2882 2654 2954 paternis
2686 2887 2812 2937 tum
2839 2883 3090 2954 pristino
3133 2882 3340 2939 labore
3380 2884 3569 2956 partis

197 2973 413 3042 μνωθεὶς
468 2980 571 3023 τῶν
633 2974 950 3045 προσόντων,
1003 2972 1103 3022 ὅσα
1150 2989 1203 3022 τε
1257 2967 1317 3028 ἧν
1369 2970 1510 3040 αὐτῷ
1562 2979 1798 3046 πατρῷα,

1959 2970 2200 3034 udatus,
2219 2972 2396 3042 238
2420 2971 2752 3027 innumeris
2779 2972 3036 3028 afﬂictus
3058 2971 3324 3045 corporis
3344 2971 3568 3027 incom-

196 3067 281 3112 καὶ
347 3062 455 3113 ὅσα
510 3063 566 3112 ἐκ
627 3064 886 3135 προτέρων
946 3063 1112 3112 πόνων
1173 3060 1386 3132 ὑπῆρχε
1442 3061 1556 3130 (14)
1622 3079 1796 3111 συνει-

1949 3059 2130 3128 mdis,
2159 3060 2308 3115 dum
2339 3060 2644 3133 susdeque
2671 3066 2847 3130 errat,
2877 3077 2947 3117 ac
2977 3077 3050 3117 ne
3090 3061 3289 3133 ipsum
3318 3060 3565 3133 quidem

192 3149 436 3222 λεγμένα,
492 3151 875 3210 κακοπαθήσας
937 3145 995 3201 δὲ
1061 3156 1133 3218 τῷ
1188 3153 1394 3220 σώματι
1450 3152 1615 3220 μυρία
1677 3156 1792 3210 ταῖς

1948 3149 2052 3204 ivis
2090 3155 2335 3220 statum,
2368 3151 2540 3221 cujus
2581 3167 2769 3218 causa
2796 3151 2965 3210 liberi
3014 3150 3162 3207 nihil
3205 3150 3564 3207 intentatum

191 3239 294 3290 ἅνω
523 3243 614 3290 καὶ
669 3240 813 3290 κάτω
867 3237 1105 3302 πλάναις,
1165 3240 1256 3288 καὶ
1311 3233 1432 3289 οὐδὲ
1493 3237 1651 3295 αὐτὴν
1705 3242 1798 3295 τὴν

1944 3238 2247 3313 elmquere
2279 3240 2489 3304 solent,
2533 3240 2610 3297 ab
2659 3241 2894 3313 injuriis
2936 3241 3234 3313 integrum
3278 3240 3560 3308 retinens,

189 3327 464 3399 ἐπιτιμίαν
519 3326 901 3402 ἀνεπηρέαστον
955 3323 1248 3397 διασώσας,
1305 3327 1369 3387 ἧς
1426 3327 1570 3377 ἕνεκα
1629 3327 1800 3378 πάντα

1951 3327 2182 3386 luribus
2223 3330 2388 3404 apud
2428 3347 2524 3386 me
2563 3347 2739 3387 casus
2788 3348 2930 3387 suos
2960 3331 3323 3388 lamentatus
3353 3335 3461 3399 est,
3493 3347 3563 3387 ac

187 3424 364 3468 πονεῖν
429 3423 537 3478 τοῖς
600 3415 876 3490 ἐλευθέροις
945 3416 1200 3481 σύνηθες,
1270 3414 1432 3466 πολλά
1505 3417 1595 3486 μὲν
1661 3418 1791 3489 πρὸς

1947 3419 2159 3488 ogavit,
2195 3424 2256 3474 ut
2287 3418 2585 3475 malorum
2617 3436 2868 3475 suorum
2896 3420 3143 3475 Iliadem
3174 3419 3430 3477 breviter
3459 3419 3563 3475 tibi

186 3507 336 3577 ἡμᾶς
419 3510 538 3579 περὶ
611 3514 712 3556 τῶν
786 3503 1090 3577 συμϐάντων
1165 3503 1304 3573 αύτῷ
1381 3501 1794 3575 ἀπωλοφύρατο,

1948 3511 2045 3562 nte
2075 3507 2284 3563 oculos
2312 3524 2618 3581 ponerem.
2655 3511 2775 3580 Ego
2805 3515 3006 3566 autem
3038 3525 3177 3564 eum
3205 3508 3372 3565 aliter
3400 3507 3561 3564 illius

188 3595 400 3655 ἠξίωσε
455 3590 515 3645 δέ
568 3590 638 3646 δι’
687 3596 856 3667 ἡμῶν,
905 3595 971 3654 ὡς
1017 3592 1066 3644 ἓν
1117 3591 1376 3665 κεφαλαίῳ
1432 3595 1649 3665 φανερὰν
1705 3612 1794 3664 γε·

1945 3611 2210 3651 rrumnas
2247 3596 2447 3652 levare
2487 3613 2609 3653 non
2636 3613 2900 3670 possem,
2939 3597 3189 3654 libenter
3224 3597 3286 3652 id
3317 3597 3561 3669 praestiti

189 3683 390 3734 νέσθαι
435 3700 518 3733 σοι
553 3688 640 3740 τήν
681 3689 1006 3758 περιστᾶσαν
1046 3681 1185 3752 αύτῷ
1225 3689 1323 3734 τῶν
1367 3690 1536 3733 κακῶν
1568 3678 1792 3739 Ἰλιάδα.

1948 3685 2198 3754 eneﬁcii,
2223 3692 2286 3741 ut
2318 3702 2514 3758 pauca
2545 3703 2615 3741 ex
2639 3686 2840 3741 multis
2866 3703 3001 3759 quae
3024 3687 3101 3742 ab
3126 3703 3196 3742 eo
3223 3686 3448 3749 audivi,
3477 3686 3560 3740 di-

195 3768 386 3840 Κάγὼ,
436 3767 610 3829 ἐπείδή
660 3771 822 3832 ἄλλως
869 3767 1019 3824 οὐδὲν
1066 3769 1262 3843 ἀφελεῖν
1322 3770 1482 3822 αὑτοῦ
1528 3777 1628 3822 τῶν
1681 3766 1796 3823 δει-

1939 3774 2114 3830 nitati
2137 3780 2250 3830 tute
2271 3775 2574 3842 referrem,
2589 3775 3090 3848 quandoquidem
3107 3791 3241 3832 eum
3265 3773 3555 3846 pudebat,

185 3869 289 3912 νῶν
335 3857 631 3932 ἠδυνήθην,
671 3861 882 3934 ἑτοίμως
918 3864 1108 3918 ταύτην
1155 3858 1328 3913 ἔδωκα
1373 3866 1467 3920 τὴν
1502 3863 1662 3935 χάριν
1687 3883 1698 3895 ·
1735 3863 1793 3914 τό

1947 3868 1968 3919 ι
2011 3863 2157 3918 mihi
2185 3864 2524 3934 videbatur,
2561 3863 2931 3920 calamitates
2959 3880 3104 3920 suas
3131 3868 3332 3936 aperte
3370 3878 3557 3935 expo-

188 3951 350 4022 ὢλγα
394 3949 447 4002 ἐκ
495 3951 712 4019 πολλῶν,
744 3953 810 4002 ὧν
855 3955 1062 4009 ἤκουσα
1105 3971 1209 4026 παρ
1237 3972 1248 3984 ·
1284 3951 1463 4018 αὑτοῦ,
1498 3947 1794 4022 διαγγεῖλαι

1946 3967 2062 4008 ere.
2098 3956 2242 4008 Nam
2275 3969 2409 4024 quae
2456 3968 2723 4019 evenere,
2763 3953 2810 4008 si
2859 3957 3165 4009 auctorem
3194 3952 3427 4023 injuria:
3457 3967 3556 4007 ne-

187 4049 255 4112 τῇ
303 4045 617 4112 κοσμιότητί
649 4061 742 4094 σου
769 4063 782 4075 ο
816 4037 996 4100 ἐπειδή
1031 4041 1187 4102 αὐτὸς
1229 4039 1470 4115 ἓρυθριᾲν
1497 4060 1586 4113 μοι
1623 4037 1793 4094 ἐδόκει

1936 4057 2087 4113 ςιιίιω
2116 4058 2246 4098 esse
2273 4043 2710 4110 demonstrant,
2733 4046 2889 4098 certe
2917 4058 3055 4098 eum
3077 4041 3180 4114 qui
3205 4057 3425 4113 passus
3447 4045 3552 4109 est,

187 4133 288 4191 τὰς
331 4131 520 4184 ἑαυτοῦ
574 4135 839 4206 συμφορὰς
884 4128 1112 4205 ἐναργῶς
1159 4125 1550 4201 διηγήσασθαι.
1593 4130 1652 4183 Εἰ
1691 4133 1790 4205 γὰρ

1937 4129 2170 4186 maxima
2200 4131 2582 4187 miseratione
2601 4131 2853 4202 dignum
2875 4130 3233 4187 ostendunt:
3257 4129 3553 4203 siquidem

181 4225 279 4271 καὶ
347 4224 575 4295 πονηρόν
646 4225 732 4273 τὸν
799 4217 1095 4280 ἠδικηκότα
1162 4226 1447 4278 συνίστησι
1513 4222 1580 4272 τα
1648 4226 1790 4292 γενό-

1944 4220 2048 4276 lud
2087 4220 2287 4292 ipsum
2333 4221 2392 4276 in
2437 4221 2598 4277 mala
2641 4220 2927 4277 divinitus
2977 4220 3250 4275 immissa
3294 4219 3553 4276 incidere

183 4328 317 4382 μενοι
344 4312 482 4380 ([6),
542 4307 648 4360 ἀλλ’
683 4306 769 4362 οὖν
818 4329 874 4382 γε
912 4314 998 4362 τόν
1045 4310 1340 4363 πεποθόντὰ
1379 4317 1472 4370 τῆς
1521 4307 1790 4361 ἐλεεινοτά-

1944 4315 2260 4379 rgumenta
2285 4314 2373 4366 est
2401 4309 2862 4382 quodammodo
2889 4325 3025 4365 eum
3048 4309 3151 4381 qui
3180 4309 3307 4363 haec
3333 4308 3554 4380 patitur

183 4419 281 4458 της
319 4404 445 4450 ὄντα
483 4395 702 4473 μερίδος
742 4395 1006 4452 δείκνυσιν
1031 4421 1042 4432 ·
1087 4395 1267 4457 ἐπειδὴ
1319 4398 1445 4450 αὐτὸ
1486 4401 1544 4451 τό
1587 4417 1791 4473 περιπε-

1939 4398 2392 4456 ﬂlictationibus
2417 4414 2548 4454 esse
2591 4399 2895 4454 traditum.
2932 4397 3045 4454 Sed
3071 4402 3273 4452 tamen
3298 4396 3441 4452 satis
3465 4401 3554 4452 est

185 4496 299 4540 σιῖν
337 4496 445 4549 τοῖς
497 4488 765 4550 θεηλάτοις
809 4496 986 4550 κακοῖς
1033 4485 1302 4550 ἀπόδειξίν
1349 4507 1452 4549 πως
1479 4490 1618 4559 ἔχειν
1648 4484 1796 4540 δοκεῖ

1937 4488 1981 4545 li
2004 4489 2082 4545 ad
2105 4488 2381 4544 solatium
2405 4487 2807 4557 malorum,ut
2825 4486 3088 4556 benigno
3104 4485 3271 4541 illum
3293 4485 3553 4558 aspicias

177 4587 276 4631 τοῦ
336 4575 750 4652 παραδεδόσθαι
811 4586 920 4642 τοῖς
981 4581 1223 4632 πάθεσιν.
1291 4576 1425 4630 Ἀλλ’
1479 4575 1625 4652 ἀρκεῖ
1674 4579 1789 4649 (l7)

1942 4579 2096 4652 culo,
2113 4595 2181 4636 ac
2203 4579 2448 4635 uberem
2469 4577 2634 4634 illam
2652 4577 2926 4648 gratiam,
2942 4591 3128 4649 quam
3149 4591 3359 4632 omnes
3375 4591 3551 4650 expe-

183 4671 330 4737 α-ὶτῷ
390 4673 523 4744 πρὸς
575 4669 910 4744 παραμυθίαν
965 4676 1063 4722 τῶν
1119 4663 1426 4742 συμϐάντων
1481 4669 1540 4718 τὸ
1597 4665 1794 4739 εὐμενεῖ

1936 4669 2151 4738 iuntur,
2165 4685 2276 4725 nec
2297 4673 2496 4724 tamen
2517 4671 2774 4741 possunt
2789 4667 3109 4722 absumere
3127 4665 3397 4736 (gratiam
3416 4665 3552 4723 dico

182 4760 343 4813 αὐτόν
388 4758 724 4835 προσϐλέψαι
766 4767 836 4830 τῷ
883 4763 1080 4832 ὄμματι
1125 4777 1202 4826 σε,
1244 4761 1335 4809 καὶ
1381 4760 1475 4814 τὴν
1518 4754 1782 4830 πολυαρκῆ

1936 4758 2155 4815 :nitatis
2184 4759 2325 4828 tuae)
2356 4758 2537 4814 etiam
2569 4757 2630 4812 in
2679 4756 2846 4812 illum
2889 4755 3200 4811 extendas.
3236 4759 3298 4811 In
3325 4755 3552 4826 judicio

179 4854 370 4926 χάριν,
402 4850 467 4911 ἧς
521 4851 708 4910 πάντες
756 4846 1089 4909 ἀπολαύοντες
1139 4845 1376 4917 δαπανᾷν
1433 4845 1491 4896 ού
1541 4841 1786 4898 δύνανται

1913 4852 2097 4905 Lutem
2117 4863 2342 4918 magno
2363 4847 2416 4902 ei
2435 4847 2556 4903 fore
2573 4845 2651 4901 ad
2671 4844 3032 4901 vincendum
3056 4843 3336 4917 praesidio
3356 4849 3529 4917 patro

182 4946 293 5002 (τὴν
329 4948 430 5002 τῆς
479 4947 576 4999 σῆς
613 4940 927 5014 ἡμερότητος
971 4937 1146 5010 λέγω),
1195 4941 1286 4990 καὶ
1343 4935 1420 4989 ἐπ’
1473 4936 1626 4989 αὐτόν
1683 4934 1782 5009 ἀφ-

1936 4937 2118 4993 inium
2142 4942 2338 5005 tuum,
2357 4935 2535 4991 nobis
2559 4934 2844 4990 omnibus
2871 4939 3029 4990 certo
3051 4949 3414 5006 persuasum
3440 4939 3552 4990 est.

253 5137 371 5205 (lt)
409 5141 535 5198 τοῖς
565 5137 724 5192 οἴκοι.
758 5133 850 5192 Sic
891 5137 1010 5190 tres
1040 5132 1425 5191 vetustissimi
1455 5131 1692 5189 codices
1730 5135 1786 5188 et

1966 5135 2076 5205 (t5)
2116 5140 2243 5194 Ταῖς
2290 5132 2415 5186 ἄνω.
2472 5129 2559 5186 Ita
2607 5129 2786 5205 llarl.q,
2836 5129 3239 5205 Med..__.Coisl.
3301 5132 3550 5205 uterque

184 5202 442 5284 Clarum.
476 5207 629 5262 Editi
657 5213 762 5284 τοῖς
793 5205 1022 5284 οἰκείοις.
1044 5277 1060 5284 _
1193 5281 1201 5284 _
1280 5277 1330 5284 __

1897 5202 2406 5284 Rejg._'_utAerque‘et
2435 5207 2688 5284 uterque
2718 5203 2905 5284 Bigot.
2941 5202 3234 5284 Editimtg
3260 5202 3460 5284 regium.

254 5280 373 5349 (12)
413 5280 866 5349 Σκευωρηθεῑσαν,
927 5277 1083 5334 Harl.
1150 5281 1208 5334 et
1271 5277 1530 5334 Clarom.
1601 5293 1789 5328 σκαιω·

1938 5271 2076 5349 μδ)
2116 5278 2192 5326 Τὰ
2223 5271 2502 5349 γενόμενα,
2547 5275 2638 5349 Sic
2675 5279 2788 5329 tres
2815 5273 3203 5330 vetustissimi
3231 5271 3465 5326 codices
3495 5274 3550 5325 et

254 5298 373 5349 ιη)
413 5298 866 5352 ικευωρηυεισαν.
928 5298 1083 5334 nam.
1150 5298 1208 5334 et
1271 5298 1530 5334 uarom.
1601 5298 1789 5328 σκαιω⁴

189 5353 456 5422 μεθεῖσαν.
510 5420 528 5426 _
703 5424 736 5426 Η
815 5423 855 5426 μ
929 5421 944 5426 _
1256 5421 1267 5426 _
1643 5416 1786 5426 __....

1601 5298 1789 5328 σκαιω⁴
1967 5298 2076 5344 μοι
2117 5298 2192 5326 ια
2233 5298 2502 5348 ’ΐθομενα.
2547 5298 2638 5330 au;
2677 5298 2788 5329 u'es
2821 5298 3170 5330 vetustisst

1554 5419 1562 5426 _
1643 5421 1680 5426 _
1705 5416 1786 5426 ..Α
1900 5298 2319 5426 ali‘i‘nonnuili.
2343 5345 2596 5426 ⁵Ιξόμίτὲι
2625 5351 2909 5426 γεγονότα.Δ
2943 5419 2978 5426 n
3058 5415 3068 5426 '
3159 5413 3170 5423 .

257 5425 368 5494 (13)
410 5420 665 5477 οὐδέπω.
701 5424 783 5478 Ita
813 5421 970 5478 Harl.
997 5436 1137 5478 cum
1165 5421 1436 5494 quinque
1468 5419 1618 5475 aliis.
1643 5416 1792 5473 Editi

1970 5420 2082 5488 (Π)
2119 5417 2484 5494 Ἀρκείί-ῖιίδιθ
2513 5417 2585 5494 in
2599 5415 2858 5473 editione
2894 5421 2913 5470 t
2942 5415 3122 5472 Paris.
3150 5415 3318 5485 ἀρκεῖν
3341 5415 3548 5469 contra

196 5488 362 5548 ιῦπωξ
1183 5488 1206 5494 “
1337 5488 1360 5494 ’

1183 5488 1206 5494 “
1337 5488 1360 5494 ’
1901 5488 2186 5546 veterum
2204 5489 2479 5545 codicum
2506 5488 2710 5545 fidem.

271 5568 374 5642 (tt)
409 5568 672 5642 ἰ’τιῆρχι.
705 5569 824 5624 Hoc
849 5565 1103 5623 verbum
1131 5563 1483 5622 addidimus
1512 5577 1584 5618 ex
1616 5559 1793 5629 Harl.,
1980 5562 1996 5580 ⁸
2035 5560 2191 5617 Alias
2223 5561 2531 5618 CCLXXVI.
2568 5561 2793 5632 Scripta
2824 5573 2982 5614 anno
3012 5560 3134 5612 373.

196 5635 340 5692 led.
369 5645 422 5697 et
448 5635 716 5698 Clarum.
