4062 6214
448 268 553 349 599
1827 280 1885 338 s.
1924 277 2177 336 BASILII

447 418 637 489 Atque
661 412 934 472 omnium
959 410 1351 486 dignissimus
1383 414 1471 467 est
1499 409 1625 484 ipse
1652 408 1767 477 ille,
1791 405 1896 480 qui
1926 421 2095 462 meas
2126 407 2173 461 A

445 504 691 573 litteras,
723 509 789 561 ut
827 502 940 559 sibi
965 502 1192 577 aliquid
1218 501 1563 576 profuturas
1592 497 1884 572 poposcit,
1914 512 2097 568 quem

448 609 587 649 cum
617 594 748 651 aliis
777 593 1094 650 videamus
1125 593 1260 649 totis
1292 607 1415 647 suae
1445 590 1609 647 vocis
1636 587 1858 644 viribus
1887 585 2099 641 laudes

446 683 748 754 gravitatis
776 688 893 738 tua:
922 681 1372 755 praedicantem.

2212 278 2428 338 MAGNI
3699 285 3792 342 600

2212 407 2411 465 εθῆναι,
2462 404 2579 457 Ὀτι
2632 400 2691 458 δὲ
2746 408 2835 457 καὶ
2887 403 2935 457 ἓν
2988 401 3359 479 δικαστηρίοις
3414 407 3611 481 μεγάλη
3668 410 3803 482 αὐτῷ

2210 493 2414 569 ἀφορμὴ
2464 497 2593 570 πρὸς
2644 498 2736 552 τὴν
2783 498 2929 553 νίκην
2978 496 3007 553 ἡ
3062 496 3205 568 παρὰ
3253 504 3347 548 σοῦ
3402 497 3573 572 ῥοπὴ,
3623 502 3804 562 πάντες

2210 582 2436 657 ἀκριϐῶς
2504 585 2845 656 πεπείσμεθα.
2916 588 3248 646 Δικαιότατος

3325 582 3383 638 δὲ
3448 588 3651 639 πάντων
3718 595 3803 642 καὶ

2210 672 2366 734 αὐτὸς
2421 672 2586 738 οὗτος,
2637 674 2661 724 ὁ
2714 676 2808 731 τὴν
2859 671 3133 731 ἐπιστολὴν
3182 676 3357 747 ἡμῶν,
3416 678 3481 737 ὡς
3537 697 3585 728 τι
3638 677 3804 749 ὄφελος

448 773 589 844 αὐτῷ
631 772 901 845 ἐσομένην,
930 772 1258 832 ἐπιζητήσας
1286 791 1298 804 ·
1330 769 1382 821 ὃν
1410 771 1539 843 μετά
1568 775 1668 821 τῶν
1708 765 1871 819 ἄλλων
1903 759 2108 836 ἴδοιμεν
2152 769 2214 835 τῇ
2256 764 2391 815 κατὰ
2421 758 2643 835 δύναμιν
2688 763 2849 815 αὐτοῦ
2880 762 2987 835 (18)
3040 771 3176 837 φωνῇ
3226 768 3318 823 τὴν
3352 770 3448 824 σὴν
3480 766 3805 839 εὐφημοῦντα

452 864 767 936 σεμνότητα.

964 1004 1300 1062 EPISTOLA
1337 1002 1421 1059 CX
1428 1002 1582 1058 LlX'.

2731 1000 3069 1048 ΕΠΙΣΤΟΛΗ
3110 994 3284 1051 ΡΜΘ’.

447 1129 507 1186 Is
545 1129 628 1187 ad
657 1144 827 1201 quem
864 1130 1091 1199 scripta
1118 1135 1199 1185 est
1237 1126 1669 1202 limcepislola,
1704 1122 1941 1202 viderat
1976 1116 2319 1202 primordia
2359 1133 2767 1202 (erumnaruni
2796 1120 3093 1202 Maximi;
3128 1121 3233 1202 sed
3254 1128 3469 1202 postea
3491 1139 3695 1202 plena;
3737 1141 3805 1183 ac

518 1190 891 1258 contumelia
921 1190 1227 1270 graviores
1252 1190 1497 1267 inﬂictae
1525 1190 1685 1265 sunt,
1717 1209 1784 1251 ac
1824 1192 2084 1249 vicarius
2115 1190 2289 1246 modo
2318 1190 2667 1255 advenerat,
2700 1198 2767 1247 ut
2794 1194 2960 1249 mala
2998 1190 3284 1262 expleret.
3318 1190 3567 1252 Homini
3604 1199 3807 1255 miscr-

518 1274 671 1331 rimo
697 1288 866 1343 opem
894 1273 1183 1340 implorat
1212 1271 1499 1326 Basilius.

1134 1414 1422 1485 Trajano.

524 1544 657 1613 Ipse
700 1538 892 1597 oculis
938 1536 1137 1595 vidisti
1180 1537 1587 1594 calamitatem
1634 1530 1747 1590 viri
1795 1528 2108 1603 quondam

453 1629 618 1695 clari,
665 1629 772 1686 sed
818 1643 980 1685 nunc
1024 1627 1345 1684 miserrimi
1391 1625 1666 1683 omnium
1715 1619 1955 1679 Maximi
2004 1616 2111 1690 qui

452 1719 664 1792 patriae
692 1722 912 1775 nostrae
941 1717 1281 1790 praefuerat,
1314 1719 1495 1787 atque
1525 1713 1759 1770 utinam
1796 1725 1921 1766 non
1952 1722 2109 1780 praa-
2148 1740 2188 1795 Β

452 1808 696 1864 fuisset!
750 1808 1033 1863 Existimo
1087 1806 1248 1861 enim
1296 1804 1447 1871 fore,
1496 1808 1564 1858 ut
1611 1800 1785 1857 multi
1840 1797 2109 1869 gentium

455 1897 867 1967 gubernacula
895 1895 1149 1967 fugiant,
1179 1895 1227 1951 si
1258 1892 1807 1951 administrationes
1846 1888 1922 1944 ad
1950 1888 2108 1958 ejus-

452 1987 619 2043 modi
649 1986 875 2043 exitum
914 1982 1192 2042 rediturae
1232 1987 1389 2039 sunt.
1424 1984 1618 2049 Quare
1648 1979 1796 2053 quid
1836 1993 1991 2050 opus
2024 1978 2111 2031 est

455 2075 695 2146 singula
756 2090 1052 2141 enarrem,
1098 2078 1156 2130 et
1201 2089 1337 2145 quae
1405 2070 1552 2137 vidi,
1611 2076 1667 2126 et
1705 2084 1841 2142 quae
1882 2064 2107 2134 audivi,

452 2166 579 2221 viro
626 2165 705 2221 ob
749 2164 1033 2220 eximiam
1084 2162 1311 2233 ingenii
1359 2161 1549 2219 aciem
1597 2160 1835 2230 idoneo,
1887 2157 1991 2230 qui
2038 2171 2110 2211 ex

451 2254 662 2326 paucis
708 2252 880 2309 factis
927 2268 1001 2308 ea
1046 2267 1182 2325 quaa
1233 2252 1588 2307 omittuntur
1625 2247 1963 2306 existimet?
1996 2244 2111 2303 Sed

453 2346 657 2399 tamen
690 2342 840 2397 forte
872 2341 1180 2414 superﬂua
1205 2340 1373 2413 loqui
1403 2339 1509 2396 tibi
1536 2355 1660 2395 non
1688 2337 1960 2408 videbor,
1994 2335 2111 2392 hoc

456 2416 507 2487 si
538 2430 768 2501 dixero,
798 2446 938 2486 cum
968 2429 1159 2486 multa
1197 2434 1254 2486 et
1282 2430 1490 2502 gravia
1518 2433 1655 2485 ante
1684 2432 1855 2484 tuum
1888 2426 2110 2482 adven-

451 2524 584 2576 tum
632 2519 693 2575 in
744 2518 941 2592 ipsum
977 2523 1320 2592 perpetrata
1364 2519 1500 2585 sint,
1533 2535 1668 2591 quas
1704 2520 1917 2591 postea
1946 2519 2111 2586 gesta

454 2612 595 2666 sunt
625 2607 765 2665 talia
807 2624 959 2679 esse,
995 2612 1061 2665 ut
1088 2608 1399 2680 superiora
1428 2606 1872 2663 humanitatem
1911 2604 2109 2661 existi-

451 2714 620 2754 mare
671 2702 915 2769 cogant.
960 2701 1213 2755 Tantam
1263 2696 1641 2753 contumeliae
1687 2700 1742 2752 et
1798 2694 2008 2752 damni
2056 2698 2114 2751 et

453 2785 649 2859 ipsius
718 2787 988 2861 corporis
1042 2786 1573 2844 incommodorum
1626 2784 2110 2856 magnitudinem

456 2874 635 2947 239
657 2874 903 2945 habere,
925 2892 1062 2949 quae
1087 2875 1150 2932 in
1174 2874 1376 2948 ipsum
1403 2874 1800 2947 postmodum
1826 2890 1863 2930 a
1884 2872 2109 2928 vicario

455 2964 791 3035 excogitata
822 2970 980 3021 sunt.
1018 2967 1084 3021 Et
1113 2981 1275 3021 nunc
1318 2981 1457 3021 cum
1487 2962 1895 3020 cohortalibus
1928 2978 2111 3035 appa-

2804 1412 3041 1482 Τραῐανῷ
3078 1408 3214 1480 (19).

2294 1532 2394 1582 Καὶ
2446 1530 2603 1591 αὐτὸς
2663 1530 2909 1594 ὑπέϐαλες
2957 1534 3070 1605 (20)
3127 1533 3372 1607 ὀφθαλμῷ
3424 1538 3517 1595 τὴν
3578 1541 3810 1592 κακοπά-

2221 1619 2359 1670 θειαν
2405 1628 2496 1672 τοῦ
2546 1626 2790 1695 πρότερον
2843 1627 2932 1695 μὲν
2986 1620 3288 1696 εὐδοκίμου,
3339 1633 3427 1676 νῦν
3485 1623 3545 1679 δὲ
3600 1627 3811 1682 ἐλεεινο-

2218 1710 2375 1760 τάτου
2423 1711 2625 1762 πάντων
2678 1711 2942 1785 Μαξίμου,
2982 1720 3075 1765 τοῦ
3122 1713 3375 1787 ἄρξαντος
3413 1724 3508 1778 τῆς
3542 1715 3811 1791 πατρίδος

2219 1798 2393 1869 ἡμῶν,
2435 1801 2505 1861 ὡς
2552 1800 2645 1851 οὐκ
2688 1801 2868 1873 ὤφελεν
2919 1802 3070 1873 (21)Ῐ
3125 1800 3289 1876 Οἶμαι
3336 1806 3438 1879 γὰρ
3496 1804 3558 1857 ἂν
3610 1808 3810 1869 πολλοῖς

2219 1886 2479 1946 ἀπευκτὴν
2533 1892 2745 1942 ἔσεσθαι
2800 1896 2892 1951 τὴν
2948 1900 3045 1944 τῶν
3104 1891 3255 1945 ἐθνῶν
3319 1893 3531 1967 ἀρχὴν,
3588 1896 3629 1949 εἰ
3682 1902 3811 1973 πρὸς

2217 1986 2445 2030 τοιοῦτον
2512 1984 2672 2051 πέρας
2737 1980 2986 2053 μέλλουσι
3046 1988 3419 2058 καταστρέφειν
3473 1985 3528 2037 αἰ
3577 2006 3810 2061 προστα-

2220 2072 2351 2122 σίαι.
2401 2066 2563 2120 Ὠστε
2607 2073 2661 2121 τί
2706 2065 2790 2122 δεῖ
2837 2072 2976 2143 ἡμᾶς
3020 2073 3087 2123 τὰ
3132 2072 3250 2124 καθ’
3298 2074 3515 2127 ἕκαστον
3560 2073 3811 2148 ἐπαγγελ-

2216 2155 2339 2225 λειν,
2394 2160 2459 2208 ὡν
2516 2177 2568 2210 τε
2620 2156 2844 2231 εἴδομεν,
2905 2161 2973 2211 ὧν
3025 2179 3080 2213 τε
3135 2161 3453 2235 ἠκούσαμεν,
3514 2162 3666 2238 ἀνδρὶ
3720 2163 3813 2219 διὰ

2216 2245 2406 2303 πολλὴν
2461 2255 2554 2309 τῆς
2615 2243 2847 2309 διανοίας
2903 2248 3131 2312 ὀξύτητα
3180 2253 3337 2322 ἱκανῷ
3384 2252 3437 2315 ἐξ
3484 2253 3668 2326 ὀλίγων
3714 2264 3811 2307 τῶν

2215 2337 2557 2410 πραχθέντων
2604 2340 2983 2410 στοχάσασθαι
3028 2342 3096 2393 τὰ
3135 2340 3445 2413 λειπόμενα;
3474 2343 3612 2401 Πλὴν
3651 2343 3811 2398 ἐκεῖνό

2216 2444 2275 2495 γε
2319 2424 2491 2497 εἰπὼν,
2524 2429 2652 2489 ἴσως
2702 2427 2760 2479 οὐ
2808 2433 3047 2503 περιττός
3089 2448 3173 2482 σοι
3216 2436 3537 2505 φανήσομαι,
3568 2435 3646 2485 ὅτι
3687 2434 3812 2486 πολ-

2216 2513 2314 2565 λῶν
2373 2519 2526 2566 ὄντων
2579 2520 2669 2569 καὶ
2729 2513 2908 2569 δεινῶν
2960 2527 3060 2570 τῶν
3112 2519 3183 2581 εἰς
3239 2520 3393 2573 αὐτὸν
3460 2521 3813 2595 τολμηθέντων

2217 2606 2317 2677 πρὸ
2380 2611 2475 2666 τῆς
2542 2612 2636 2666 σῆς
2700 2610 3013 2679 παρουσίας,
3060 2616 3279 2661 τοιαῦτα
3336 2615 3510 2682 γέγονε
3559 2613 3626 2663 τὰ
3684 2616 3816 2685 μετά

2218 2700 2419 2760 ταῦτα,
2492 2695 2561 2756 ὡς
2626 2694 3011 2769 φιλανθρωπίαν
3076 2706 3297 2756 ποιῆσαι
3370 2702 3679 2773 νομισθῆναι
3748 2705 3817 2755 τὰ

2220 2784 2510 2855 φθάσαντα.
2577 2787 2849 2843 Τοσαύτην
2916 2782 3056 2859 εἶχεν
3125 2786 3412 2863 ὑπερϐολὴν
3470 2789 3665 2865 ὕϐρεως
3726 2797 3817 2845 καὶ

2224 2874 2435 2944 ζημίας,
2464 2877 2554 2925 καὶ
2591 2881 2681 2934 τῆς
2730 2874 2800 2936 εἰς
2843 2874 2969 2927 αὐτὸ
3014 2878 3072 2928 τὸ
3107 2884 3259 2950 σῶμα
3299 2881 3650 2942 κακοπαθείας
3677 2883 3815 2952 (22),

2218 2963 2282 3013 τὰ
2332 2957 2399 3019 δὴ
2450 2962 2663 3037 ὕστερον
2719 2963 2859 3035 αὐτῷ
2906 2966 3050 3036 παρὰ
3103 2974 3195 3017 τοῦ
3249 2976 3557 3043 κρατοῦντος
3614 2968 3818 3045 ἐξευρε-

452 3052 740 3110 ritoribus
769 3054 953 3124 venit,
984 3052 1050 3111 ut
1088 3053 1323 3127 reliqua
1355 3069 1465 3110 sua
1506 3052 1672 3121 mala
1716 3053 1812 3109 hic
1842 3051 2109 3151 impleat,

2221 3051 2385 3105 θέντα.
2438 3055 2538 3104 Καὶ
2586 3059 2672 3103 νῦν
2721 3054 3005 3129 ἔμφρουρος
3049 3056 3164 3115 ἣκει
3208 3057 3276 3109 τὰ
3316 3056 3536 3129 λείψανα
3574 3066 3672 3110 τῶν
3711 3056 3818 3112 ὧδε

452 3141 570 3198 nisi
600 3146 666 3198 tu
712 3159 1005 3214 magnam
1049 3147 1217 3200 tuam
1261 3159 1515 3199 manum
1556 3141 1928 3216 praetendere
1966 3140 2111 3196 velis

453 3229 697 3288 aﬂlicto.
749 3234 1275 3305 Supervacaneam
1304 3249 1433 3289 rem
1466 3232 1588 3288 scio
1632 3248 1727 3288 me
1758 3232 1974 3297 facere,
2006 3229 2112 3303 qui

452 3323 624 3376 tuam
657 3320 1038 3378 clementiam
1064 3321 1143 3378 ad
1168 3321 1607 3379 humanitatem
1637 3321 1939 3379 adhorter.
1963 3320 2112 3387 Quia

454 3412 657 3465 tamen
687 3410 850 3465 hunc
876 3410 1075 3467 virum
1102 3412 1281 3483 cupio
1300 3411 1528 3484 juvare,
1558 3411 1914 3481 dignitatem
1945 3416 2110 3468 tuam

454 3511 624 3570 rogo,
662 3502 726 3555 ut
765 3498 988 3555 innatas
1036 3498 1145 3556 tibi
1192 3499 1269 3555 ad
1315 3502 1547 3556 bonum
1593 3499 1981 3573 propensioni
2010 3499 2111 3555 ali-

454 3585 604 3661 quid
646 3603 785 3644 mea
833 3604 1019 3646 causa
1050 3589 1333 3661 adjicias:
1368 3590 1521 3646 adeo
1566 3594 1631 3645 ut
1677 3589 1997 3646 manifesta
2040 3587 2113 3647 sit

452 3677 687 3736 homini
716 3695 867 3737 mea;
898 3696 1008 3754 pro
1039 3680 1139 3738 illo
1169 3679 1611 3754 deprecationis
1638 3678 1881 3737 utilitas.

528 4054 551 4128 ἢ
587 4054 748 4128 Alias
772 4052 1108 4114 CCCXXV“.
1138 4055 1369 4128 Scripta
1393 4068 1571 4128 anno
1585 4057 1713 4128 373.

528 4126 640 4199 (£78)
681 4126 872 4199 Αὐτοῦ.
922 4130 1083 4183 Hanc
1126 4124 1339 4184 voce‘m
1392 4125 1740 4183 addidimus
1798 4140 1871 4182 ex
1926 4124 2106 4198 Harl.,

461 4197 695 4255 Med.'et
723 4197 982 4255 Clarom.

531 4270 939 4344 (ψλτραῑανῷ.
976 4268 1209 4344 Legitur
1234 4271 1307 4344 in
1338 4268 1621 4344 omnibus
1652 4266 1837 4344 editis
1863 4272 1919 4324 et
1964 4285 2109 4344 mss.

460 4339 771 4397 codicibus
820 4350 891 4412 τῷ
940 4340 1098 4411 αὐτῷ,
1150 4342 1357 4409 eidem,
1407 4340 1661 4412 Trajano
1716 4340 1982 4396 scilicet:
2033 4339 2111 4395 ad

458 4428 644 4502 quem
671 4411 895 4502 scripta
928 4411 1208 4502 superior‘
1237 4411 1739 4502 epistola‘uQuare
1768 4427 1892 4502 non
1924 4427 2113 4502 ausus
2142 4448 2188 4502 Β

460 4482 596 4537 sum
626 4482 1053 4539 hunc'titulum
1084 4482 1316 4539 mutare
1343 4500 1357 4549 ;
1390 4482 1496 4539 sed
1527 4487 1729 4538 tamen
1769 4482 1972 4538 nullus
2002 4482 2110 4537 du-

458 4552 605 4619 bito,
632 4553 781 4626 quin
806 4554 937 4626 haec
966 4553 1216 4626 epistola
1237 4554 1314 4609 ad
1340 4554 1661 4624 Trajanum
1696 4553 1941 4626 minime
1972 4553 2112 4626 scri-

460 4629 565 4698 pta
596 4625 689 4680 sit.
722 4629 773 4680 ls
818 4625 980 4698 enim
1007 4625 1106 4680 "ad
1148 4642 1331 4698 quem
1371 4626 1593 4698 scripta
1636 4629 1741 4698 est
1769 4625 1957 4681 oculis
1988 4625 2110 4698 suis

459 4694 693 4751 viderat
743 4695 1116 4753 calamitates
1166 4694 1431 4752 Maximi.
1485 4694 1557 4752 At
1611 4696 1906 4767 Trajanus
1962 4696 2112 4752 nihil

505 4782 708 4822 rorsus
739 4767 1013 4824 audierat
1034 4767 1108 4822 de
1133 4767 1226 4823 his
1248 4768 1571 4835 terumnis;
1600 4773 1659 4824 et
1696 4768 1918 4825 idcirco
1950 4767 2111 4824 Basi-

484 4838 610 4893 ium
654 4838 947 4895 Maximus
994 4840 1247 4908 rogavit,
1287 4844 1353 4896 ut
1395 4855 1498 4896 eas
1552 4840 1809 4911 Trajano
1850 4840 2112 4897 breviter

460 4915 805 4980 exponeret.

533 4980 645 5053 (2Q)
683 4980 971 5053 Ὑπέϐαλες.
1005 4980 1175 5052 Med.,
1209 4985 1346 5053 Reg.
1384 4982 1690 5039 secundus
1718 4986 1775 5039 et
1806 4981 1985 5039 Coisl.
2018 4998 2109 5040 se-

461 5051 698 5107 cundus
730 5052 991 5113 ὑπέλαϐες.

531 5124 643 5193 (2t)
685 5124 794 5175 Οὐκ
825 5123 1026 5197 ὤφελεν.
1061 5127 1143 5179 Ita
1174 5141 1321 5180 mss.
1356 5141 1478 5181 sex.
1511 5123 1659 5181 Editi
1689 5124 1781 5177 οὐκ
1808 5124 2035 5197 ὤφειλεν.

532 5197 637 5264 (22)
679 5198 1211 5269 KaxoyraOsiag.Hac
1240 5212 1387 5252 voce
1436 5212 1558 5253 non
1596 5198 1945 5269 quaestionis
1994 5202 2105 5253 tor-

460 5271 685 5340 menta,
706 5266 1175 5340 quibussubjici
1205 5282 1328 5340 non
1354 5266 1637 5340 poterant
1659 5268 1947 5340 praesides
1978 5284 2113 5340 pro-

458 5337 816 5411 vinciarum,
837 5339 953 5395 nisi
981 5337 1311 5411 incrimine
1332 5337 1686 5411 majestatis‘,
1703 5339 1809 5411 sed
1826 5355 1894 5395 ea
1914 5337 2112 5411 potius

461 5406 853 5466 incommoda
880 5408 1128 5480 intelligi
1154 5408 1397 5477 debent,
1428 5406 1565 5482 quas
1606 5409 1684 5466 ab
1713 5406 1957 5467 homine
1985 5411 2112 5469 lau-

2216 3150 2388 3193 κακῶν
2435 3140 2594 3194 αὐτοῦ
2634 3141 3049 3219 ἀποπληρώσων,
3088 3143 3171 3197 ἐὰν
3215 3150 3285 3218 μὴ
3341 3150 3405 3199 σὺ
3451 3151 3544 3206 τὴν
3587 3148 3821 3221 με’]αλην

2219 3237 2415 3283 σαυτοῦ
2474 3238 2633 3305 χεῖρα
2689 3233 2973 3307 ὑπερσχεῖν
3041 3232 3291 3307 ἐθελήσῃς
3355 3244 3427 3308 τῷ
3487 3256 3820 3291 καταπονου-

2217 3323 2372 3391 μένῳ,
2418 3324 2663 3395 Περιττὸν
2714 3324 2803 3393 μὲν
2852 3318 2939 3373 οὖν
2991 3320 3115 3375 οἶδα
3156 3332 3337 3394 ποιῶν,
3379 3328 3473 3383 τὴν
3523 3330 3618 3384 σὴν
3668 3346 3823 3399 χρη-

2221 3413 2452 3467 στότητα
2517 3410 2585 3472 εἰς
2653 3410 3037 3484 φιλανθρωπίαν
3103 3412 3435 3489 παρακαλῶν.
3505 3414 3644 3473 Πλὴν
3710 3414 3820 3467 ἀλλ’

2218 3495 2398 3557 ἐπειδὴ
2451 3496 2709 3572 βούλομαι
2764 3502 3002 3572 γενέσθαι
3049 3508 3317 3576 χρήσιμος
3362 3512 3435 3574 τῷ
3488 3500 3665 3577 ἀνδρὶ,
3711 3506 3823 3558 ἱκε-

2217 3590 2350 3640 τεύω
2403 3607 2496 3640 σου
2556 3593 2647 3647 τὴν
2704 3594 3106 3663 σεμνοπρέπειαν
3172 3593 3477 3665 προσθεῖναί
3531 3613 3583 3645 τι
3638 3600 3703 3665 τῇ
3765 3593 3829 3646 ἐκ

2220 3679 2419 3749 φύσεως
2449 3683 2566 3753 περὶ
2610 3682 2667 3731 τὸ
2696 3678 2851 3731 καλὸν
2883 3676 3091 3752 σπουδῇ
3137 3678 3171 3734 ὃ
3177 3680 3210 3732 ι’
3240 3682 3398 3753 ἡμᾶς,
3432 3684 3564 3735 ὥστε
3609 3681 3832 3758 ἐναργὲς

2218 3774 2290 3837 τῷ
2322 3763 2476 3842 ἀνδρὶ
2504 3770 2741 3840 γενέσθαι
2772 3776 2867 3833 τῆς
2897 3769 3023 3843 ὑπὲρ
3075 3768 3234 3823 αὐτοῦ
3264 3770 3642 3846 παρακλήσεως
3671 3773 3828 3845 ἡμῶν

2219 3859 2279 3909 τὸ
2310 3856 2505 3929 ὄφελος.

2220 4051 2353 4128 t_ior_i
2382 4052 2517 4128 vita:
2542 4056 2805 4125 assueto,
2838 4052 2988 4110 dum
3012 4052 3190 4111 bonis
3214 4053 3498 4128 omnibus
3525 4054 3834 4128 spoliatus

2221 4124 2389 4199 fugit,
2418 4125 2645 4199 _abesse
2688 4124 2811 4182 non
2853 4131 3133 4199 possunt.
3154 4124 3837 4199 _Hinchingpreécedenti

2221 4195 2497 4272 epistola,
2530 4200 2605 4272 _ut
2651 4212 2723 4251 ex
2773 4195 2908 4272 octo
2964 4197 3267 4253 veteribus
3303 4195 3483 4272 libris
3532 4197 3829 4272 legimus,

2222 4268 2488 4341 corporis
2526 4267 2936 4341 incommoda,
2982 4284 3118 4341 quas
3166 4268 3457 4326 Maximus
3506 4267 3830 4341 sustinuit;

2220 4353 2293 4393 ex
2344 4338 2499 4414 illius
2542 4338 2924 4409 potissimum
2972 4338 3121 4414 fuga
3168 4346 3223 4397 et
3269 4341 3454 4396 variis
3511 4338 3835 4414 susdeque

2222 4408 2522 4481 erroribus
2547 4408 2936 4481 repetuntur.
2970 4408 3210 4467 Videtur
3251 4416 3455 4468 autem
3494 4408 3836 4469 accusatus

2219 4479 2690 4553 repetundarum
2740 4481 2942 4545 fuisse,
2974 4486 3031 4537 et
3070 4482 3293 4539 idcirco
3323 4483 3607 4539 omnibus
3634 4484 3837 4540 rebus

2221 4551 2545 4634 spoliatus;
2573 4552 2853 4634 quiaetsi
2895 4552 3144 4634 minime
3190 4555 3499 4634 convictus
3543 4554 3673 4634 fuit,
3717 4571 3837 4634 per

2217 4623 2337 4679 vim
2382 4628 2581 4679 tamen
2620 4628 2677 4680 et
2718 4623 3175 4698 impressionem
3201 4625 3451 4698 vicarii,
3482 4623 3838 4698 quadrupli

2218 4710 2486 4779 poenam,
2517 4711 2715 4779 quam.
2752 4694 3247 4779 leges-convictis
3276 4694 3651 4779 inﬂigebant,
3686 4694 3843 4753 coa-

2219 4765 2348 4823 ctus
2390 4771 2479 4822 est
2516 4765 2881 4838 persolvere.
2914 4767 3058 4823 Hinc
3090 4767 3273 4824 etiam
3316 4765 3461 4824 οινίε
3491 4772 3648 4824 statu
3696 4784 3843 4825 non

2218 4838 2467 4910 omnino
2520 4837 2758 4910 excidit,
2802 4853 3105 4910 neceum
3157 4843 3361 4895 tamen
3410 4839 3717 4910 integrum
3777 4844 3849 4897 et

2216 4909 2471 4965 illaesum
2518 4909 2779 4983 retinuit,
2818 4912 2883 4965 ut
2930 4909 2991 4965 in
3041 4910 3335 4983 superiori
3378 4909 3630 4983 epistola
3679 4910 3850 4980 legi-

2216 4998 2375 5036 mus.
2406 4984 2553 5053 Nam
2580 4980 2815 5053 judices
2842 4980 3311 5053 repetundarum
3350 4980 3605 5037 convicti
3642 4983 3851 5038 ablu-

2217 5054 2293 5109 εἰς
2314 5052 2729 5109 codicillorum
2758 5052 3111 5123 insignibus,
3127 5060 3181 5109 et
3205 5053 3431 5123 honore
3457 5054 3645 5122 exuti,
3661 5055 3852 5110 inter

2214 5127 2492 5194 pessimos
2502 5139 2778 5249 ιφιιοεᾳιιε
2802 5131 2855 5179 et
2878 5124 3141 5193 plebeios
3175 5122 3576 5191 habebantur,
3590 5128 3658 5180 ut
3682 5140 3851 5181 san-

2215 5197 2367 5249 citur
2418 5197 2497 5249 Co
2548 5237 2562 5249 .
2625 5195 2845 5249 Theod.
2888 5194 2994 5249 lib.
3042 5211 3081 5249 1.
3133 5195 3217 5249 tit.
3267 5198 3361 5249 27.
3410 5195 3527 5249 leg.
3584 5200 3648 5249 l:
3714 5211 3851 5249 nec

2215 5197 2367 5252 citur
2418 5194 2562 5252 Cod.
2625 5194 2845 5252 Theod.
2888 5194 2994 5250 lib.
3042 5211 3081 5261 1,
3133 5195 3217 5251 tit.
3267 5198 3361 5259 27,
3410 5195 3527 5265 leg.
3584 5200 3648 5251 ιε
3714 5211 3851 5252 nec

2223 5272 2425 5323 tamen
2463 5266 2720 5322 infames
2749 5271 2804 5323 et
2833 5265 3201 5322 intestabiles
3226 5271 3415 5333 erant,
3443 5272 3509 5324 ut
3535 5266 3857 5325 observat

2223 5338 2619 5397 Gothofredus
2648 5338 2729 5395 ad
2757 5338 3037 5395 eamdem
3064 5337 3283 5408 legem.
