4062 6214
245 314 329 371 601
1257 301 1754 366 EPISTOLARUM
1791 297 2076 362 CLASSIS
2130 302 2177 364 II
2203 308 2418 369 EPIST.
2451 313 2558 370 CL.

786 437 1121 490 ΕΠΙΣΤΟΛΗ
1185 433 1280 488 PN

3485 310 3596 375 602

2501 436 2737 494 EPISTO
2746 437 2830 492 LA
2902 437 3031 493 CL‘.

241 526 591 601 Heraclidas
617 525 694 601 ab
721 527 1143 601 Amphilochio
1173 529 1515 601 accusatus;
1537 519 1701 601 quod
1715 530 2064 601 Anonos'ecum
2089 525 2382 583 secederet
2410 528 2470 583 in
2499 527 2728 583 deserta
2762 528 2913 592 loca,
2946 533 3012 582 ut
3038 531 3420 601 promiserat,
3457 531 3594 598 plu-

305 601 462 655 ribus
492 598 717 667 refellit
744 588 903 654 hanc
932 599 1431 654 criminationem.
1461 588 1726 669 Eiponit
1755 588 1905 669 quid
1933 605 2136 669 rerum,
2156 605 2299 667 agat
2330 601 2392 654 in
2419 615 2747 669 pauperum
2777 588 3141 666 hospitio'ad
3162 600 3365 657 urbem
3389 588 3591 658 Caesa-

304 683 504 743 ream,‘
532 665 707 741 seque
755 671 830 725 ab
859 669 1282 743 Amphilochio
1311 665 1854 743 separarihneqalr
1890 667 2164 743 quamvis
2195 665 2482 743 flocoru'm
2505 665 2849 743 intervallo
2880 665 3220 739 disjunctus
3250 674 3346 727 sit.
3380 674 3592 743 Refert

303 733 510 816 deinde
529 733 988 816 quleprwcepta
1017 757 1053 797 a
1083 740 1308 816 Basilio
1331 733 1624 816 acceperit
1655 733 2001 816 :_.h0.7'ttttur
2050 743 2115 791 ut
2160 740 2626 816 Amphilochius
2674 742 2755 798 ad
2796 733 3094 797 Basiliam
3128 744 3349 814 veniat,
3394 759 3432 801 a
3463 733 3589 816 'quo

303 814 526 870 erudiri
537 804 766 868 "melius
792 804 912 868 esse
935 813 1170 878 statuit,
1193 826 1374 883 quam
1403 804 1480 865 in‘
1497 805 1748 865 desertis
1781 804 1926 858 locis
1957 811 2184 877 vagari.

529 900 882 974 Ἀμφιλοχίῳ,
914 903 980 962 ὡς
1003 903 1148 975 παρὰ
1173 895 1514 976 Ἡρακλείδου

311 996 353 1048 1.
381 992 511 1064 Ἐγώ
549 995 640 1044 καὶ
676 999 774 1044 τῶν
822 991 1171 1064 όμιληθέντων
1219 992 1343 1064 ἡμῖν
1399 991 1530 1064 πρὸς
1583 984 1828 1052 ἀλλήλους

239 1085 349 1135 ποτε
395 1085 684 1154 μέμνημαι,
717 1085 806 1134 καὶ
842 1082 908 1133 ὧν
951 1099 1005 1134 τε
1053 1080 1210 1144 αὐτὸς
1248 1078 1405 1147 εἷπον,
1457 1078 1524 1130 ὧν
1554 1097 1607 1130 τε
1658 1081 1822 1136 ἤκου-

238 1189 304 1223 σα
355 1173 498 1246 παρὰ
542 1178 638 1232 τῆς
690 1168 946 1242 εὐγενείας
987 1189 1103 1239 σου,
1163 1169 1256 1222 οὐκ
1323 1167 1680 1242 ἐπιλέλησμαι.
1725 1168 1825 1220 Καὶ

233 1267 316 1312 νῦν
345 1258 463 1334 βίος
488 1264 580 1334 μέν
634 1279 698 1333 με
728 1256 990 1333 δημόσιος
1029 1259 1088 1313 οὐ
1134 1263 1369 1332 κατέχει.
1416 1257 1472 1312 Εἰ
1499 1260 1599 1332 γὰρ
1629 1261 1720 1309 καὶ
1758 1263 1820 1329 τῇ

234 1346 424 1424 καρδιᾳ
467 1351 494 1402 ό
543 1349 694 1411 αὐτὸς
752 1349 880 1422 εἰμι,
909 1352 999 1402 καὶ
1037 1349 1180 1403 οὔπω
1235 1353 1320 1402 τὸν
1349 1347 1567 1402 παλαιὸν
1621 1337 1823 1400 ἀπεδυ-

236 1441 402 1512 σάμην
441 1440 728 1514 ἄνθρωπον,
780 1438 913 1499 πλὴν
938 1447 1008 1512 τῷ
1063 1460 1122 1512 γε
1163 1443 1423 1512 σχήματι,
1475 1442 1564 1491 καὶ
1618 1445 1688 1509 τῷ
1726 1457 1824 1510 μα-

231 1531 352 1602 κρὰν
396 1527 616 1602 ἐμαυτὸν
655 1527 770 1599 (23)
812 1539 1038 1590 ποιῆσαι
1069 1535 1169 1582 τῶν
1200 1536 1290 1582 τοῦ
1330 1526 1453 1602 βίου
1477 1527 1822 1603 πραγμάτων,

228 1615 383 1682 ἔδοξα
430 1616 630 1691 λοιπὸν,
694 1618 800 1672 οἷον
841 1617 1200 1678 ἓπίϐεϐηκέναι
1257 1625 1350 1680 τῆς
1407 1615 1534 1671 ὁδοῦ
1567 1616 1678 1689 (24)
1727 1625 1823 1678 τῆς

224 1711 357 1761 κατά
395 1711 625 1782 Χριστὸν
680 1709 960 1773 πὸλιτείας.
1004 1711 1306 1782 Καθέζομαι
1359 1703 1418 1761 δε
1448 1706 1523 1760 ἐπ’
1573 1707 1818 1781 ἐμαυτοῦ,

225 1800 395 1873 ὧσπερ
451 1799 502 1851 οἱ
558 1797 630 1861 εἰς
683 1797 907 1872 πέλαγος
972 1798 1175 1872 ἀφιέναι
1233 1797 1516 1872 μέλλοντες,
1584 1795 1820 1851 ἀποσκο-

222 1889 384 1941 πεῦων
448 1890 507 1941 τὸ
580 1887 778 1961 μέλλον.

220 1980 493 2054 χρῄζουσι
531 1981 662 2052 πρὸς
702 1982 796 2038 τὴν
857 1977 1118 2048 εὔπλοιαν,
1176 1979 1324 2052 ἡμεῖς
1377 1973 1436 2031 δὲ
1492 1983 1583 2031 τοῦ
1641 1997 1821 2052 χειρα-

220 2073 547 2140 γωγήσοντος
611 2068 772 2141 ἡμᾶς,
839 2073 929 2121 καὶ
987 2066 1230 2141 ἀσφαλῶς
1287 2063 1380 2120 διὰ
1444 2074 1540 2120 τῶν
1580 2065 1820 2140 ἁλμυρῶν

859 1890 924 1941 Οἱ
989 1890 1078 1962 μὲν
1142 1891 1244 1964 γὰρ
1327 1887 1562 1950 πλέοντες
1623 1885 1820 1960 ἀνέμων

218 2159 461 2230 κυμάτων
534 2164 628 2210 τοῦ
704 2155 827 2231 βίου
902 2156 1359 2232 παραπέμψοντος.
1417 2156 1638 2231 Χρῂζείν
1721 2157 1819 2228 γὰρ

220 2245 441 2319 ἐμαυτὸν
499 2245 783 2320 λογίζομαι
838 2255 1041 2320 πρῶτον
1100 2249 1188 2319 μὲν
1251 2245 1470 2318 χαλινοῦ
1528 2247 1657 2319 πρὸς
1728 2248 1820 2302 τὴν

215 2338 453 2403 νεότητα,
514 2336 688 2387 ἔπειτα
726 2337 946 2408 κέντρων
1171 2337 1301 2407 πρὸς
1342 2336 1428 2387 τὸν
1489 2329 1683 2408 δρόμον
1732 2339 1823 2394 τῆς

218 2422 496 2484 εὗσεϐείας.
555 2425 759 2476 Τούτων
812 2419 871 2476 δε
923 2422 1165 2498 πρόξενος
1219 2422 1366 2495 λόγος
1418 2418 1680 2490 δηλονοτι,
1735 2429 1822 2473 νῦν

216 2517 306 2587 μεν
348 2509 708 2584 παιδαγωγῶν
739 2514 886 2586 ἡμῶν
934 2516 992 2565 τὸ
1024 2514 1270 2580 ἄτακτον,
1297 2519 1384 2564 νῦν
1437 2509 1497 2565 δε
1526 2513 1582 2564 τὸ
1629 2513 1822 2587 νωθρὸν

215 2611 306 2664 τῆς
368 2602 554 2675 ψυχῆς
606 2597 894 2676 διεγείρων.
965 2602 1125 2655 Πάλιν
1183 2621 1272 2675 μοι
1326 2605 1485 2677 ’χρεία
1541 2601 1823 2676 φαρμάκων

213 2693 412 2768 ἐτέρων,
474 2693 608 2744 ὥστε
668 2695 755 2744 τὸν
814 2690 868 2744 ἐκ
924 2699 1015 2753 τῆς
1083 2693 1360 2753 συνηθείας
1425 2689 1823 2744 ἀποπλύνασθαι

210 2783 395 2856 ῥύπον.
455 2775 621 2842 Οἶδας
675 2781 799 2853 γὰρ,
855 2782 934 2832 ὅτι
982 2780 1153 2853 ἡμεῖς,
1187 2781 1235 2833 οἱ
1281 2778 1440 2833 πολὺν
1489 2783 1680 2852 χρόνον
1735 2776 1818 2831 ἒν-

214 2872 589 2942 εθισθὲδτεςτῇ
624 2868 813 2944 ἀγορᾷ,
845 2865 1071 2942 ἀφειδῶς
1123 2871 1214 2943 μὲν
1263 2871 1450 2942 ἔχομεν
1507 2877 1606 2920 τῶν
1644 2867 1823 2943 ῥημά-

213 2980 333 3031 των,
369 2958 677 3032 ἀφυλάκτως
710 2954 769 3012 δε
806 2961 933 3034 πρὸς
980 2961 1074 3022 τὰς
1126 2957 1174 3011 ἓν
1214 2966 1276 3032 τῇ
1320 2954 1532 3031 διανοίᾳ
1583 2977 1825 3011 συνιστα-

210 3054 364 3124 μένας
431 3048 487 3102 ἐκ
554 3056 647 3102 τοῦ
704 3057 934 3122 πονηροῦ
997 3049 1111 3121 (26)
1177 3051 1486 3121 φαντασίας.
1530 3046 1826 3122 ’Πττὴμεθα

211 3137 271 3192 δὲ
347 3145 438 3191 καὶ
505 3146 679 3212 τιμῆς,
731 3143 820 3191 καὶ
880 3141 936 3191 τὸ
991 3135 1064 3211 ἐφ’
1124 3137 1328 3200 ἑαυτοῖς
1402 3158 1453 3190 τι
1511 3144 1707 3212 φρονεῖν
1765 3137 1824 3190 οὗ

206 3225 410 3303 ῥᾳδίως
468 3228 839 3301 ἀποτιθέμεθα.
901 3230 1040 3302 Πρὸς
1096 3235 1265 3280 ταῦτα
1314 3227 1540 3301 μεγάλου
1586 3245 1676 3300 μοι
1717 3221 1824 3280 δεῖν

207 3323 302 3370 καὶ
352 3316 599 3392 ἐμπείρου
653 3317 934 3390 λογίζομαι
999 3313 1354 3372 διδασκάλου.
1395 3313 1612 3369 Ἔπειτα
1650 3320 1824 3389 μέντοι

204 3412 301 3460 καὶ
352 3410 440 3459 τὸν
495 3406 758 3480 ὀφθαλμὸν
811 3415 903 3467 τῆς
931 3405 1118 3479 ψυχῆς
1178 3404 1630 3480 ἀποκαθαρθῆναι,
1693 3407 1825 3458 ὥστε

203 3503 384 3549 πᾶσαν
428 3501 521 3554 τήν
570 3495 670 3548 ἀπὸ
710 3504 806 3559 τῆς
837 3495 1050 3568 ἀγνοίας
1080 3493 1447 3562 ἐπισκότησιν,
1491 3496 1648 3548 οἱονεί
1708 3515 1825 3547 τινα

202 3585 405 3656 λήμην,
447 3582 794 3659 ἀφαιρεθέντα,
856 3581 1120 3638 δύνασθαι
1183 3581 1484 3645 ἒνατενίζειν
1535 3591 1605 3655 τῷ
1653 3583 1825 3636 κάλλει

208 3681 317 3734 τῆς
359 3669 514 3735 δόξης
556 3681 644 3726 τοῦ
684 3681 838 3743 Θεοῦ,
872 3673 930 3726 οὗ
978 3680 1168 3748 μικροῦ
1199 3674 1352 3748 ἔργου
1383 3677 1562 3747 κρίνω,
1605 3669 1721 3726 οὐδ’
1749 3671 1827 3726 ἐπ’

206 3761 391 3834 ὀλίγον
435 3767 526 3821 τὴν
574 3763 814 3836 ὠφέλειαν
847 3767 1030 3837 φέρειν.
1064 3761 1127 3816 Ἀ
1166 3767 1256 3814 καὶ
1293 3766 1388 3822 τὴν
1421 3766 1518 3821 σὴν
1547 3761 1828 3834 λογιότητα

203 3857 461 3928 συνορᾷν,
505 3857 595 3905 καὶ
644 3851 911 3926 ἐπιθυμεῖν
951 3851 1182 3928 ὑπάρξαι
1229 3853 1346 3904 τινὰ
1385 3850 1456 3912 εἰς
1501 3852 1693 3910 ταύτην
1733 3855 1826 3910 τὴν

202 3939 466 4013 βοήθειαν
497 3940 729 4016 ἀκριϐῶς
775 3939 1064 4015 ἐπίσταμαι
1114 3941 1225 4012 (27)
1259 3961 1271 3974 ·
1331 3943 1420 3992 καὶ
1450 3939 1534 3992 ἐάν
1572 3959 1696 3994 ποτε
1749 3936 1826 4011 δῷ

196 4031 225 4082 ὁ
290 4033 423 4090 Θεὸς
478 4031 550 4094 εἰς
607 4033 796 4084 ταυτὸν
855 4029 1137 4103 ἀφικέσθαι
1201 4037 1263 4102 τῇ
1329 4033 1644 4102 κοσμιότητί
1710 4047 1826 4099 σου,

199 4117 459 4178 δηλονότι
515 4121 732 4173 πλοίονα
785 4122 1100 4194 μαθήσομαι
1149 4119 1276 4193 ὑπὲρ
1322 4119 1390 4171 ὧν
1439 4119 1728 4194 φροντίζειν
1767 4137 1829 4192 με

193 4215 345 4282 χρη.
424 4216 535 4261 Νῦν
596 4211 696 4285 γὰρ
737 4212 837 4262 ὑπὸ
893 4208 1084 4269 πολλῆς
1144 4206 1374 4280 ἀμαθίας
1413 4203 1536 4260 οὐδὲ
1575 4209 1710 4260 ὅσων
1752 4205 1829 4260 ἐν-

197 4294 334 4359 δεής
369 4301 484 4363 (28)
518 4297 624 4370 εἰμι
665 4297 934 4372 γνωρίζειν
990 4293 1224 4368 δύναμαι
1256 4311 1269 4325 °
1307 4295 1434 4353 πλην
1461 4314 1520 4366 γε
1570 4294 1652 4347 ὃτι
1679 4292 1830 4348 οὐδὲν

193 4389 529 4460 μετεμέλησέ
592 4406 686 4459 μοι
759 4394 853 4448 τῆς
914 4392 1124 4461 πρώτης
1191 4381 1385 4460 ὁρμῆς,
1445 4382 1561 4437 οὔτε
1621 4383 1829 4445 ὀκλάζει

190 4497 304 4548 μου
357 4479 386 4534 ἠ
432 4476 589 4548 ψυχὴ
638 4477 763 4551 πρὸς
798 4480 883 4528 τὸν
916 4477 1112 4528 σκοπὸν
1172 4482 1264 4526 τοῦ
1316 4477 1452 4526 κατά
1494 4476 1622 4527 Θεὸν
1682 4472 1826 4546 βίου,

189 4568 332 4637 ὅπερ
403 4566 705 4636 ἡγωνίασας
762 4565 838 4618 ἐπ’
892 4565 1024 4638 ἐμοὶ,
1067 4564 1236 4625 καλῶς
1306 4567 1395 4615 καὶ
1461 4567 1829 4636 προσηκόντως

900 4659 1145 4729 στραφεις
1184 4653 1254 4715 εἰς
1302 4655 1369 4706 τὰ
1413 4651 1600 4720 ὀπίσω,
1664 4653 1824 4711 στήλη

191 4654 375 4725 ἑαυτῷ
404 4664 591 4722 ποιοῖ-ν,
624 4660 846 4726 μήποτε,

187 4749 440 4815 γένωμαι
499 4744 636 4810 ἀλὸς,
700 4745 821 4819 ὅπερ
878 4750 1006 4815 γυνὴ
1064 4763 1140 4804 τις
1182 4744 1385 4812 ἔπαθεν,
1428 4744 1599 4816 ὥσπερ
1632 4741 1824 4794 ἀκούω·

267 4870 325 4904 15
353 4869 503 4924 Gen.
537 4883 661 4934 x1x,
692 4870 782 4923 26.

269 5012 393 5082 (23)
431 5010 713 5082 Ἐμαυτόν.
743 5011 906 5067 Hanc
943 5024 1157 5067 vocem
1203 5007 1553 5066 addidimus
1595 5023 1670 5066 ex
1712 5023 1819 5066 no-

183 5096 341 5136 vem
371 5099 525 5137 mss.

265 5155 394 5221 (2i)
428 5160 539 5214 Tr};
589 5149 738 5208 ὁδοῦ.
791 5150 1010 5221 Regius
1039 5151 1292 5224 quidam
1336 5167 1452 5224 ms.
1485 5158 1578 5203 τοῦ
1632 5148 1816 5224 οὐδοῦ,

188 5224 386 5280 limen
425 5226 774 5296 ingressus:
827 5223 1267 5296 quiaquidem
1319 5223 1614 5296 scriptura
1643 5223 1819 5296 valde

182 5293 579 5366 arrideret,si
604 5293 875 5351 faverent
900 5293 1002 5366 alii
1023 5293 1281 5366 codices,
1309 5298 1414 5366 aut
1434 5293 1644 5366 vitium
1664 5295 1820 5366 ines-

183 5373 282 5422 set
317 5365 576 5436 vulgato
607 5365 930 5423 contextui.
965 5365 1151 5423 Paulo
1194 5371 1332 5440 post
1378 5365 1554 5422 Cois].
1586 5365 1818 5438 primus

187 5456 499 5495 σκοπευων,

265 5513 386 5590 {23)
415 5510 986 5590 Kéwrpm._9uatuor
1014 5525 1162 5590 mss.
1210 5512 1440 5590 κέντρου.
1468 5507 1650 5590 Paulo
1680 5511 1816 5590 post

192 5578 349 5656 editi
372 5578 656 5653 λόγος’τις.
691 5579 913 5656 Vocula
934 5579 1100 5656 deest
1125 5581 1186 5656 in
1216 5578 1485 5656 quinque
1513 5578 1814 5637 veteribus

187 5647 394 5725 libris,
436 5647 570 5712 non
599 5657 801 5710 tamen
831 5652 892 5707 in
920 5647 1382 5724 antiquissimis,

1861 891 1910 946 Α

2207 899 2646 971 Amphilochio,
2684 899 3029 958 Heraclida
3049 902 3310 960 nomine.

2010 990 2058 1042 t.
2094 990 2216 1060 Ego
2254 995 2310 1048 et
2347 1007 2576 1060 eorum,
2617 1007 2752 1064 qua:
2789 990 2942 1047 inter
2966 1005 3078 1046 nos
3112 990 3444 1064 aliquando
3473 993 3588 1050 dis-

1935 1077 2256 1149 seruimus,
2306 1080 2599 1136 memini:
2652 1095 2764 1136 nec
2812 1078 2959 1152 quid
3007 1077 3282 1147 dixerim,
3317 1079 3463 1152 quid
3519 1096 3592 1138 ex

1934 1179 2231 1235 generosa
2277 1172 2380 1226 tua
2427 1169 2627 1226 indole
2668 1168 2983 1236 audierim,
3043 1168 3262 1226 oblitus
3305 1185 3486 1240 sum;
3535 1175 3592 1227 et

1931 1269 2094 1311 nunc
2127 1257 2246 1314 vita
2275 1259 2519 1331 publica
2547 1275 2670 1316 non
2701 1258 3001 1314 distineor.
3032 1261 3392 1331 Quanquam
3424 1260 3592 1316 enim

1931 1345 2110 1401 corde
2139 1347 2300 1404 idem
2330 1365 2486 1421 sum,
2519 1366 2588 1406 ac
2641 1353 2904 1405 veterem
2947 1347 3258 1404 hominem
3308 1349 3584 1405 nondum

1931 1433 2100 1503 exui;
2129 1439 2333 1493 tamen
2380 1438 2518 1510 ipsa
2543 1437 2762 1511 specie,
2795 1442 2852 1494 et
2875 1437 3042 1511 quod
3092 1436 3272 1506 longe
3305 1453 3340 1492 a
3389 1437 3593 1494 saeculi

1931 1523 2183 1593 negotiis
2231 1528 2612 1592 recesserim,
2642 1527 2853 1584 videor
2897 1527 3025 1598 jam
3073 1527 3208 1583 vitae
3253 1527 3591 1584 secundum

1933 1612 2228 1671 Christum
2259 1616 2417 1673 viam
2445 1617 2760 1688 ingressus
2789 1631 2944 1672 esse.
2995 1615 3182 1672 Sedeo
3212 1621 3412 1672 autem
3461 1631 3593 1672 me-

1930 1717 2069 1758 cum
2103 1703 2253 1777 ipse,
2283 1706 2445 1763 velut
2487 1707 2589 1779 qui
2619 1723 2752 1763 sese
2797 1705 2950 1763 mari
2994 1705 3377 1762 commissuri
3425 1709 3580 1777 sunt,

1927 1792 2303 1865 prospiciens
2331 1795 2622 1854 futurum.
2676 1798 2826 1852 Nam
2881 1793 2986 1868 qui
3025 1795 3334 1866 navigant,
3393 1796 3590 1852 ventis

1927 1881 2201 1952 indigent
2247 1884 2326 1940 ad
2357 1885 2588 1942 felicem
2620 1901 2865 1941 cursum
2891 1903 2906 1955 ;
2952 1884 3128 1943 nobis
3148 1900 3288 1942 vero
3314 1901 3468 1958 opus
3499 1888 3590 1941 est

1927 1970 2034 2043 qui
2074 1987 2188 2029 nos
2220 1989 2409 2031 manu
2462 1973 2664 2040 ducat,
2700 1990 2768 2031 ac
2819 1979 2946 2031 tuto
2993 1990 3100 2048 per
3155 1991 3400 2032 amaros
3457 1975 3589 2031 vitae

1929 2058 2147 2116 ﬂuctus
2199 2062 2563 2119 transvehat.
2621 2065 2769 2119 Nam
2816 2062 3085 2132 indigere
3143 2079 3238 2119 me
3269 2063 3585 2137 perspicio,

1928 2149 2194 2222 primum
2247 2152 2494 2224 quidem
2561 2153 2728 2209 freno
2807 2153 3101 2209 adversus
3161 2153 3586 2225 juventutem;

1861 2242 1902 2296 Β
1931 2239 2148 2296 deinde
2200 2242 2458 2298 stimulis
2489 2243 2566 2299 ad
2609 2243 2846 2317 pietatis
2890 2260 3153 2299 cursum.
3211 2246 3429 2300 Horum
3485 2260 3590 2301 au-

1932 2333 2051 2386 tem
2079 2331 2449 2389 conciliatrix
2471 2334 2623 2390 ratio
2652 2332 2950 2398 videlicet,
2979 2348 3142 2389 nunc
3167 2333 3413 2406 quidem
3445 2337 3592 2390 tem-

1930 2433 2150 2491 perans
2171 2420 2336 2492 quod
2354 2421 2414 2476 in
2439 2420 2615 2477 nobis
2636 2421 3107 2495 incompositum
3130 2427 3414 2492 est,nunc
3444 2437 3588 2479 vero

1931 2511 2149 2564 animae
2196 2509 2497 2582 pigritiam
2529 2510 2820 2567 excitans.
2862 2514 3090 2567 Rursus
3123 2511 3365 2583 indigeo
3393 2527 3590 2568 reme-

1931 2596 2044 2652 diis
2075 2596 2225 2664 aliis,
2263 2603 2329 2654 ut
2377 2599 2584 2656 sordes
2628 2615 2700 2656 ex
2755 2601 3191 2657 consuetudine
3251 2604 3588 2658 contractas

1931 2689 2154 2741 eluam.
2191 2686 2314 2743 Scis
2346 2686 2506 2744 enim
2532 2704 2663 2759 nos,
2697 2688 2802 2761 qui
2830 2689 2932 2745 diu
2962 2688 3091 2746 foro
3118 2688 3437 2746 assuefacti
3467 2689 3588 2746 fui-

1931 2789 2092 2842 mus,
2147 2790 2258 2831 nec
2294 2791 2509 2849 parcos
2539 2789 2673 2833 esse
2721 2777 3068 2847 verborum,
3101 2793 3212 2834 nec
3234 2783 3442 2834 cautos
3481 2777 3588 2834 ad-

1931 2879 2140 2920 versus
2187 2855 2310 2936 eas,
2343 2882 2478 2939 quae
2534 2867 2594 2922 in
2641 2871 2840 2923 mente
2870 2867 3204 2924 excitantur
3227 2883 3263 2923 a
3301 2865 3586 2940 maligno,

1933 2954 2344 3023 cogitationes.
2377 2956 2684 3012 Vincimur
2730 2961 2932 3013 autem
2962 2961 3019 3013 et
3059 2957 3310 3026 honore,
3365 2972 3475 3012 nec
3504 2955 3591 3013 fa-

1934 3042 2042 3098 cile
2081 3042 2155 3100 de
2185 3043 2361 3100 nobis
2409 3045 2555 3117 ipsis
2603 3045 2812 3117 magni
2843 3045 3073 3119 aliquid
3105 3045 3325 3102 sentire
3369 3043 3589 3102 desini-

1934 3147 2091 3188 mus.
2134 3133 2431 3191 Adversus
2484 3134 2613 3191 haec
2667 3150 2894 3206 magno
2934 3135 3082 3191 mihi
3139 3123 3483 3207 opus-esse
3532 3137 3590 3190 et

1933 3221 2125 3294 perito
2169 3221 2429 3278 arbitror
2458 3223 2767 3294 magistro.
2817 3224 3040 3280 Deinde
3084 3239 3224 3279 vero
3268 3221 3590 3296 expurgari

1935 3309 2115 3366 etiam
2159 3312 2378 3368 animae
2437 3311 2691 3380 oculum,
2748 3317 2813 3369 ut
2869 3313 3154 3370 omnibus
3194 3312 3590 3384 ignorationis

1935 3399 2197 3455 tenebris
2243 3400 2416 3473 quasi
2461 3401 2820 3475 lippitudine
2870 3402 3073 3474 aliqua
3122 3401 3428 3472 liberatus,
3468 3401 3589 3457 fixo

1935 3489 2151 3545 intuitu
2191 3489 2696 3562 pulchritudinem
2735 3491 3068 3563 majestatis
3109 3492 3209 3548 Dei
3241 3491 3588 3564 conspicere

1868 3589 1908 3644 c
1937 3577 2146 3650 possit,
2176 3594 2298 3635 non
2331 3581 2500 3651 parvi
2537 3579 2764 3636 laboris
2788 3596 2917 3636 esse
2952 3595 3104 3651 reor,
3130 3596 3328 3653 neque
3381 3596 3591 3653 parum

1939 3667 2149 3723 aﬂerre
2191 3665 2474 3723 utilitatis.
2528 3673 2718 3740 Atque
2774 3669 2899 3725 haec
2938 3673 3102 3725 tuam
3151 3682 3394 3741 quoque
3447 3683 3590 3740 pru-

1938 3755 2200 3812 dentiam
2248 3757 2607 3829 perspicere,
2663 3773 2733 3814 ac
2780 3763 2988 3830 optare
3034 3761 3100 3814 ut
3157 3757 3370 3829 aliquis
3418 3755 3592 3812 detur

1939 3845 2019 3902 ad
2049 3861 2183 3902 eam
2222 3861 2350 3902 rem
2399 3846 2659 3917 adjutor,
2705 3846 3084 3920 exploratum
3130 3845 3325 3902 habeo
3360 3861 3373 3900 :
3417 3860 3489 3902 ac
3541 3845 3589 3900 si

1940 3936 2094 3989 Deus
2116 3932 2446 4006 aliquando
2485 3934 2736 3998 dederit,
2769 3939 2834 3990 ut
2858 3938 3026 3990 tuam
3055 3934 3405 4005 dignitatem
3444 3948 3590 3990 con-

1938 4021 2201 4093 veniam,
2234 4022 2409 4095 plura
2440 4028 2594 4080 certe
2616 4022 2690 4079 de
2715 4021 2940 4096 quibus
2969 4021 3287 4079 sollicitum
3320 4037 3416 4078 me
3460 4037 3590 4079 esse

1939 4126 2050 4183 par
2077 4115 2188 4183 est,
2221 4111 2508 4168 ediscam.
2542 4115 2707 4168 Nunc
2755 4111 2936 4183 enim,
2975 4111 3152 4185 25,0
3175 4127 3310 4185 quae
3343 4127 3480 4168 mea
3499 4114 3592 4168 est

1938 4200 2256 4273 imperitia,
2280 4207 2428 4273 quot
2453 4206 2508 4258 et
2532 4200 2773 4274 quantis
2797 4200 3101 4272 indigeam
3124 4217 3198 4257 ne
3225 4215 3590 4271 cognoscere

1940 4289 2185 4362 quidem
2233 4305 2524 4362 possum;
2582 4289 2686 4344 sed
2725 4294 2930 4345 tamen
2979 4305 3075 4344 me
3127 4289 3308 4362 primi
3336 4293 3590 4345 conatus

1941 4394 2063 4433 non
2103 4378 2371 4450 pmnitet,
2427 4394 2624 4450 neque
2679 4377 2845 4434 labat
2894 4382 2950 4434 et
2999 4376 3236 4433 vacillat
3283 4377 3488 4433 anima
3527 4376 3588 4432 in

1939 4467 2268 4539 propositio
2305 4466 2547 4522 vivendi
2578 4466 2914 4522 secundum
2945 4468 3160 4532 Deum;
3200 4464 3366 4538 quod
3386 4465 3588 4538 ipsum

1941 4557 2087 4612 mihi
2144 4557 2410 4624 timuisti,
2460 4555 2743 4628 praeclare
2773 4559 2949 4628 teque
3001 4554 3184 4626 digne
3220 4554 3468 4624 faciens,
3512 4570 3589 4611 ne

1940 4661 2265 4701 conversus
2315 4650 2662 4709 retrorsum,
2714 4643 2856 4700 salis
2907 4647 3105 4700 statua
3151 4642 3380 4712 fierem,
3421 4646 3589 4716 quod

1938 4734 2174 4790 mulieri
2202 4734 2444 4790 cuidam
2472 4733 2792 4804 contigisse
2822 4733 3004 4790 audio
3024 4735 3092 4788 ’6.
3127 4733 3240 4790 Sed
3261 4732 3462 4789 adhuc
3491 4749 3588 4789 me

2005 5004 2116 5075 (26)
2145 5003 2232 5056 Ἐκ
2259 5008 2352 5075 του
2383 5007 2632 5075 πονηροῦ.
2675 5000 3141 5075 Ουὶηφιθῌωεε.
3182 5000 3238 5055 ἐκ
3285 5008 3381 5064 τῆς
3429 5020 3586 5075 πονη-

1931 5071 2068 5151 ρίας.
2102 5071 2705 5151 sed_Co_isl._pi_'imus
2753 5071 3160 5151 et_Medica;_us
3205 5073 3589 5151 consentiunt

1932 5142 2070 5202 'cum
2101 5144 2293 5200 editis.
2323 5147 2385 5199 In
2407 5142 2718 5216 Harlaeano
2740 5148 2940 5201 autem
2972 5144 3177 5201 codice
3210 5161 3335 5200 non
3364 5142 3584 5216 reperi-

1931 5222 2027 5273 tur
2049 5217 2177 5272 hazc
2207 5215 2480 5288 epistola.

2003 5289 2116 5359 (27)
2173 5285 2512 5361 Ἐτξίσταμαι.
2562 5285 2710 5346 Med.
2762 5291 2817 5345 et
2886 5286 3057 5345 Coisl.
3121 5286 3352 5360 primus
3407 5288 3586 5338 πίπει-

1932 5378 2082 5414 cum.

1968 5411 2108 5514 ’(28)
2148 5427 2560 5514 ἒοοων-ἐνρδεήβζ
2585 5430 2758 5514 Coisl.
2789 5430 3040 5514 primus
3064 5434 3120 5514 et
3143 5425 3396 5513 quidam
3440 5429 3581 5499 Reg.

1927 5503 2047 5554 ὅσον
2088 5499 2289 5565 ἒνὸεὴς.
2321 5503 2480 5558 Infra
2503 5503 2664 5559 idem
2705 5499 2877 5559 Cois].
2910 5507 2965 5558 et
2989 5501 3136 5558 Med.
3160 5499 3232 5560 ὦς
3271 5499 3462 5555 ἀκούω.

1997 5576 2018 5596 ⁸
2045 5574 2205 5632 Alias
2235 5575 2523 5632 CCCXC".
2559 5575 2790 5648 Scripta
2818 5588 2979 5632 anno
3013 5576 3136 5629 373.
