4092 6210
531 283 634 338 603

1911 281 1969 334 S.
2009 275 2196 334 BASll

2306 274 2516 332 MAGNI
3725 295 3802 349 θοι

529 407 812 464 cohibent
861 411 1120 464 externa:
1168 410 1512 488 potestates,
1559 406 1735 480 quasi
1793 403 2176 473 magistratus

2311 399 2428 450 Αλλ¹
2460 403 2533 453 ἔτι
2588 407 2678 474 μέν
2709 422 2772 475 με
2809 408 2900 455 καὶ
2954 405 3007 454 αἱ
3067 403 3247 465 ἔξωθεν
3279 400 3438 476 ἀρχαὶ
3489 408 3808 482 συστελλονσιν,

529 497 894 553 desertorem
929 497 1190 569 aliquem
1215 502 1549 568 reposcant.
1585 497 1811 552 Detinet
1853 498 2053 550 autem
2083 505 2179 546 me

531 586 794 642 maxime
826 603 1027 641 meum
1075 587 1262 658 ipsius
1294 603 1417 651 cor,
1450 603 1656 642 eorum
1706 602 1840 658 quas
1888 583 2011 638 dixi
2067 580 2181 636 sibi

531 677 858 732 conscium.

602 770 654 821 2.
691 765 988 830 Quoniam
1023 769 1224 821 autem
1268 765 1593 821 meministi
1643 769 1978 837 pactorum,
2010 765 2184 833 teque

532 852 899 909 denuntiasti
931 859 1382 922 accusaturum,
1418 855 1562 910 mihi
1589 854 1650 909 in
1675 853 1792 908 hac
1829 867 1966 907 mea
2011 847 2186 904 tristi-

534 943 614 997 tia
640 943 824 997 risum
857 944 1118 1006 movisti,
1156 944 1319 1015 quod
1348 945 1678 999 etiamnum
1702 943 1904 997 rhetor
1934 940 2036 1006 sis,
2077 953 2188 993 nec

535 1047 571 1086 a
609 1031 820 1086 timore
875 1033 1222 1088 incutiendo
1273 1033 1570 1089 discedas.
1627 1036 1745 1102 Ego
1794 1044 2061 1101 namque
2107 1027 2188 1082 ita

533 1121 830 1189 existimo,
876 1122 990 1176 nisi
1043 1124 1292 1179 omnino
1347 1127 1408 1178 ut
1465 1122 1776 1195 imperitus
1831 1120 2106 1176 aberrem
2155 1132 2191 1170 a

533 1209 799 1278 veritate,
853 1227 1039 1266 unam
1097 1228 1226 1266 esse
1257 1211 1416 1266 viam
1469 1211 1547 1266 ad
1597 1211 1922 1266 Dominum
1973 1207 2194 1262 ducen-

536 1302 677 1362 tem,
733 1303 788 1353 et
851 1300 1199 1371 quicunque
1241 1299 1318 1354 ad
1371 1300 1571 1372 ipsum
1630 1302 1909 1372 pergunt.
1963 1294 2192 1351 itineris

535 1387 807 1455 ejusdem
849 1405 976 1443 esse
1005 1388 1222 1456 socios,
1277 1393 1333 1444 et
1364 1389 1576 1444 eodem
1622 1388 1758 1443 vitae
1804 1385 2025 1442 {cadere
2055 1398 2191 1456 pro-

538 1475 726 1544 gredi.
778 1477 971 1540 Quare
1019 1493 1142 1549 quo
1196 1477 1407 1533 abiens
1441 1477 1706 1549 separari
1761 1481 1879 1532 ate
1920 1489 2191 1548 possum,

536 1579 612 1620 ne
660 1569 859 1621 tecum
924 1566 1104 1622 simul
1153 1568 1373 1636 vivere,
1423 1573 1482 1624 et
1533 1573 1730 1624 tecum
1781 1566 2001 1622 servire
2051 1566 2188 1633 Deo,

539 1654 617 1710 ad
638 1669 819 1726 quem
840 1655 1021 1710 simul
1051 1657 1473 1727 confugimus?
1507 1660 1769 1729 Corpora
1798 1655 1959 1711 enim
1988 1657 2196 1708 nostra

2292 490 2464 564 ὥσπερ
2534 489 2878 550 λειποτάκτην
2935 494 3052 544 τινὰ
3107 501 3207 543 τῶν
3266 489 3517 564 ἀρχόντων
3559 495 3814 560 ἀναζητούν-

2290 596 2390 628 των
2445 581 2558 648 (29)
2586 596 2600 612 ⁸
2648 579 2828 652 ἐπέχει
2880 578 2938 633 δέ
2969 599 3031 653 με
3074 580 3302 653 μάλιστα
3338 583 3366 637 ἡ
3408 580 3521 653 ἐμοῦ
3549 584 3684 638 αὑτοῦ
3715 609 3813 664 καρ-

2294 663 2406 734 δία,
2432 667 2596 722 ἐκεῖνα
2622 679 2964 746 μαρτυροῦσα
3005 671 3162 744 ἑαυτῇ
3197 671 3322 744 ἅπερ
3347 675 3534 747 εἴρηκα.

2365 761 2422 812 2.
2475 755 2682 817 Ἐπειδὴ
2741 756 2800 812 δε
2859 761 3128 818 συνθηκῶν
3193 759 3468 833 ἐμνήσθης,
3508 768 3588 816 καὶ
3637 785 3817 840 κατηγο.

2293 854 2398 918 ρεῑν
2462 847 2770 921 ἐπηγγείλω,
2821 849 3042 921 γελάσαι
3099 869 3161 922 με
3228 848 3469 913 ἐποίησας
3506 851 3550 904 ἐν
3595 858 3731 927 ταύτῃ
3772 866 3817 928 τῇ

2295 942 2551 1008 κατηφείᾳ
2603 957 2728 1009 μου,
2769 939 2848 989 ὅτι
2901 942 2976 990 ἔτι
3019 939 3191 1012 ῥήτωρ
3249 935 3310 1008 εἶ,
3348 944 3546 1002 καὶτῆς
3583 938 3822 1006 δεινότητος

2299 1019 2391 1077 οὐκ
2446 1024 2760 1094 ἀφίστασαι.
2802 1032 2933 1098 Ἐγὼ
2991 1030 3091 1102 γὰρ
3134 1028 3268 1079 οὕτω
3325 1032 3510 1100 νομίζω
3556 1032 3672 1100 (30),
3705 1032 3741 1082 εἰ
3769 1038 3820 1104 μή

2299 1117 2464 1172 πάντη
2516 1117 2586 1176 ὡς
2643 1114 2849 1187 ἀμαθὴς
2909 1112 3248 1190 διαμαρτάνω
3309 1125 3402 1177 τῆς
3452 1116 3683 1186 ἀληθείας,
3732 1126 3825 1191 μίαν

2301 1205 2428 1255 εἶναι
2490 1200 2612 1256 ὀδόν
2667 1209 2752 1262 τὴν
2817 1207 2946 1277 πρὸς
3005 1208 3192 1279 Κύριον
3253 1207 3501 1276 οἷγουσαν,
3542 1212 3622 1258 καί
3677 1209 3828 1268 πάντας

2300 1297 2414 1352 τοὺς
2472 1297 2599 1365 πρὸς
2657 1293 2811 1346 αὐτόν
2867 1298 3239 1366 πορευομένους
3297 1290 3576 1346 συνοδευειν
3626 1293 3828 1362 αλλήλοις,

2300 1383 2389 1429 καὶ
2436 1399 2570 1432 κατα
2598 1385 2720 1452 μίαν
2763 1383 3025 1440 συνθήκην
3065 1391 3156 1434 τοῦ
3197 1381 3320 1454 βιου
3370 1384 3674 1455 πορεύεσθαι.
3708 1382 3832 1434 Ὠστι

2302 1476 2402 1519 που
2443 1467 2671 1521 ἀπελθὼν
2723 1473 3060 1544 χωρισθῆναί
3110 1491 3204 1524 σου
3237 1469 3485 1544 δύναμαι,
3515 1476 3596 1523 καὶ
3643 1477 3706 1543 μὴ
3737 1474 3836 1542 μετὰ

2306 1565 2400 1608 σου
2433 1558 2547 1630 ζῇν,
2581 1565 2670 1611 καὶ
2699 1563 2832 1632 μετὰ
2881 1569 2975 1612 σου
3017 1557 3277 1614 δουλεύειν
3337 1568 3468 1631 Θεῷ,
3559 1567 3686 1631 κοινῇ
3713 1578 3836 1632 προσ-

2303 1650 2588 1719 εφύγομεη
2633 1653 2708 1701 Τὰ
2755 1653 2844 1722 μὲν
2908 1654 3010 1726 γὰρ
3079 1656 3294 1723 σώματα
3347 1652 3488 1723 ἡμῶν
3547 1654 3704 1709 τόποις
3749 1644 3838 1699 διας

537 1743 685 1799 locis
714 1743 1172 1815 disjungentur;
1207 1747 1313 1801 sed
1343 1746 1611 1818 profecto
1663 1747 1761 1802 Dei
1809 1743 2021 1800 oculus
2069 1759 2194 1797 am-

2306 1738 2625 1793 σταθήσεται
2657 1755 2669 1766 ⁸
2704 1739 2729 1789 ό
2775 1736 2834 1791 δὲ
2889 1748 2980 1792 τοῦ
3012 1747 3144 1792 Θεοῦ
3195 1738 3456 1811 ὀφθαλμὸς
3485 1746 3616 1810 κοινῇ
3665 1735 3838 1808 ἀμφοτέο

539 1831 653 1888 bos
686 1832 864 1888 simul
911 1834 1208 1899 intuetur;
1259 1835 1556 1907 siquidem
1588 1840 1645 1890 et
1681 1835 1802 1890 vita
1845 1849 1982 1888 mea
2010 1832 2194 1903 digna

540 1919 738 1985 fuerit,
788 1937 926 1993 quae
970 1937 1006 1977 a
1038 1921 1134 1978 Dei
1162 1922 1351 1978 oculis
1383 1922 1832 1994 conspiciatur;
1887 1921 2001 1976 hoc
2033 1919 2193 1974 enim

538 2007 656 2078 legi
685 2007 904 2064 alicubi
935 2009 995 2066 in
1027 2010 1278 2066 Psalmis
1312 2028 1324 2065 :
1362 2012 1532 2067 Oculi
1591 2011 1834 2066 Domini
1866 2025 2044 2079 super
2088 2011 2193 2078 ju-

541 2104 659 2153 stas
679 2099 747 2154 ³⁷.
782 2098 1072 2171 Equidem
1096 2100 1274 2172 cupio
1298 2105 1354 2155 et
1383 2100 1489 2156 tibi
1519 2105 1576 2156 et
1602 2099 1790 2156 cuivis
1834 2097 1933 2154 alii
1970 2113 2192 2170 propo-

540 2185 719 2241 situm
753 2191 852 2242 tuo
888 2187 1077 2244 simile
1106 2189 1353 2244 habenti
1385 2189 1564 2244 etiam
1596 2204 1849 2260 corpore
1883 2186 2193 2258 conjungi,

542 2279 598 2330 et
641 2280 778 2330 ante
824 2278 1050 2332 Patrem
1099 2282 1400 2345 nostrum,
1455 2278 1561 2350 qui
1592 2278 1653 2332 in
1695 2277 1859 2333 emlis
1901 2282 2012 2342 est,
2072 2280 2195 2332 tota

542 2368 715 2420 nocte
744 2379 815 2420 ac
845 2364 939 2419 die
969 2369 1164 2422 tecum
1187 2382 1385 2436 genua
1419 2368 1673 2434 ﬂectere,
1719 2372 1776 2422 et
1805 2367 1852 2421 si
1879 2365 2014 2438 quis
2043 2365 2196 2421 alius

545 2457 656 2522 est,
687 2452 794 2526 qui
820 2453 928 2509 rite
963 2457 1148 2511 Deum
1178 2456 1437 2512 invocet.
1472 2457 1613 2512 Novi
1635 2456 1795 2512 enim
1823 2455 2195 2512 communio-

544 2558 683 2598 nem
717 2541 776 2597 in
817 2543 1098 2614 precibus
1145 2545 1400 2600 multum
1445 2545 1712 2600 utilitatis
1761 2544 1994 2602 atIerre.
2025 2543 2196 2609 Quod

545 2630 593 2686 si
641 2631 876 2703 quoties
918 2632 1062 2689 mihi
1108 2635 1418 2704 contigerit
1450 2634 1510 2690 in
1559 2634 1795 2690 diverso
1842 2633 2066 2703 angulo
2105 2633 2194 2704 ja-

545 2720 702 2776 centi
727 2720 1138 2790 ingemiscere,
1167 2723 1551 2779 mendacium
1587 2739 1683 2779 me
1707 2725 1958 2779 omnino
1990 2737 2197 2794 seque-

546 2812 673 2875 tur;
706 2825 978 2882 pugnare
1007 2827 1128 2867 non
1162 2828 1414 2884 possum
1470 2813 1760 2869 adversus
1789 2827 1860 2868 ea
1889 2829 2025 2885 quae
2069 2827 2105 2867 a
2143 2815 2198 2868 te

547 2895 704 2954 dicta
755 2904 912 2968 sunt,
937 2917 1154 2973 meque
1185 2902 1312 2973 ipse
1335 2907 1398 2958 ut
1430 2901 1784 2958 mendacem
1832 2901 2194 2968 condemno,

549 2985 600 3041 si
640 2986 789 3058 quid
818 2987 1119 3058 ejusmodi
1174 2990 1409 3047 locutus
1457 3007 1593 3046 sum
1633 2990 1968 3046 secundum
2005 2989 2197 3062 pristi-

544 3091 678 3131 nam
709 3075 1188 3150 indiﬂ‘erentiam,
1234 3079 1399 3152 quod
1449 3095 1546 3135 me
1604 3079 1904 3141 mendacii
1949 3078 2195 3134 crimine
2225 3105 2266 3159 ε

544 3165 895 3238 obstringat.

617 3258 669 3308 3.
722 3255 1048 3327 Postquam
1102 3273 1291 3331 prope
1340 3262 1674 3316 Caesaream
1714 3259 1869 3328 veni,
1911 3263 2195 3314 utrerum

548 3345 770 3398 statum
799 3345 1223 3417 perspicerem,
1271 3348 1331 3404 in
1361 3348 1494 3421 ipsa
1515 3349 1662 3404 urbe
1711 3348 1874 3404 nolui
1931 3363 2197 3404 commo-

546 3431 684 3502 rari,
720 3431 820 3487 sed
846 3433 925 3489 ad
952 3436 1297 3505 proximum
1338 3454 1676 3510 pauperum
1703 3438 2036 3510 hospitium
2060 3452 2198 3493 con-

546 3516 690 3591 fugi,
741 3525 806 3576 ut
829 3521 912 3577 ibi
936 3521 1232 3580 discerem
1270 3542 1404 3598 quae
1439 3527 1739 3582 volebam.
1784 3525 2006 3581 Deinde
2055 3541 2196 3581 cum

547 3624 618 3666 eo
647 3609 908 3668 venisset
934 3627 1007 3668 ex
1037 3629 1204 3670 more
1225 3614 1714 3686 religiosissimus
1739 3615 2085 3688 episcopus,
2112 3629 2200 3670 re-

547 3696 653 3755 tuli
683 3698 761 3755 ad
791 3715 930 3757 eum
955 3701 1177 3774 quibus
1202 3703 1276 3761 de
1325 3703 1506 3760 rebus
1563 3704 1960 3761 mandaverat
2005 3703 2200 3760 erudi-

546 3787 626 3846 tio
657 3794 780 3848 tua.
826 3792 967 3858 Quae
1019 3798 1220 3851 autem
1259 3795 1588 3868 respondit,
1648 3810 1718 3851 ea
1762 3811 1873 3851 nec
1904 3793 2199 3850 memoria

545 3879 785 3936 retineri
813 3888 1107 3953 poterant,
1142 3889 1199 3940 et
1223 3884 1491 3950 epistolae
1521 3885 1772 3940 modum
1806 3883 2194 3956 superabant.

549 3969 615 4022 ln
646 3985 886 4026 summa
928 3977 1128 4028 autem
1155 3973 1230 4028 de
1260 3978 1614 4046 paupertate
1669 3974 1832 4030 hunc
1875 3974 2021 4029 dixit
2067 3989 2197 4029 esse

548 4053 821 4119 modum,
855 4062 919 4112 ut
945 4065 1210 4114 extrema
1229 4061 1433 4116 tunica
1462 4077 1636 4116 suam
1672 4061 1928 4134 quisque
1958 4077 2197 4133 posses-

549 4139 783 4199 sionem
827 4143 1090 4202 definiat.
1139 4151 1330 4221 Atque
1385 4164 1457 4205 ex
1489 4149 1806 4220 Evangelio
1857 4150 2196 4206 testimonia

549 4231 916 4290 exhibebat:
973 4251 1164 4292 unum
1201 4238 1450 4310 quidem
1498 4239 1750 4295 Joannis
1791 4239 2063 4312 Baptistae
2109 4239 2194 4296 di-

549 4322 736 4380 centis
765 4340 777 4380 :
809 4325 922 4393 Qui
949 4326 1127 4383 habet
1156 4327 1307 4383 duas
1333 4329 1690 4397 tunicas,dct
1719 4345 1838 4386 non
1871 4328 2114 4386 habenti
2125 4331 2190 4386 ’3:

2300 1844 2419 1896 ρους
2486 1824 2643 1900 ἐφορᾷ
2699 1823 2941 1886 δηλονότι
2972 1849 2985 1861 ο
3055 1833 3194 1902 εἰπερ
3234 1824 3324 1880 οὖν
3378 1827 3512 1890 ἄξιος
3563 1827 3702 1878 καὶὸ
3749 1823 3840 1896 ἐμὸς

2303 1914 2419 1986 βίος
2486 1917 2585 1968 ὑπὸ
2651 1926 2750 1969 τῶν
2799 1917 3072 1991 ὀφθαλμῶν
3138 1926 3230 1971 τοῦ
3281 1925 3416 1971 Θεοῦ
3471 1912 3837 1968 ἐποπτεύεσθαι’

2305 2003 2520 2075 ἀνέγνων
2549 2009 2650 2081 γάρ
2707 2027 2807 2059 που
2854 2006 2902 2059 ἐν
2953 2007 3198 2080 Ψαλμοῖς,
3259 2009 3344 2060 ὃτι
3376 2004 3646 2078 Ὀφθαλμοὶ
3688 2006 3840 2076 Κυρίου

2302 2092 2385 2144 ἐπὶ
2438 2091 2695 2156 δικαίους.
2758 2097 2890 2168 Ἐγὼ
2942 2100 3032 2168 μὲν
3088 2100 3189 2172 γὰρ
3245 2100 3476 2169 εὔχομαι
3535 2097 3618 2146 καὶ
3666 2094 3842 2145 σοὶκαὶ

2302 2187 2458 2234 παντὶ
2509 2192 2582 2254 τῷ
2634 2184 3014 2257 παραπλησίως
3071 2187 3183 2256 (3t)
3242 2205 3332 2238 σοι
3384 2186 3740 2258 προαιρουμένῳ
3775 2183 3843 2229 καὶ

2303 2280 2374 2342 τῷ
2449 2279 2655 2344 σώματι
2696 2283 2943 2339 συνεῖναι,
2998 2279 3088 2326 καὶ
3130 2281 3308 2327 πᾶσαν
3369 2277 3526 2325 νύκτα
3574 2276 3654 2324 καὶ
3695 2272 3846 2340 ἡμέρωι

2301 2364 2433 2433 μετὰ
2489 2371 2584 2414 σοῦ
2639 2363 2825 2416 κλίνιιν
2867 2367 2933 2416 τὰ
2983 2369 3180 2436 γόνατα
3233 2367 3370 2439 πρὸς
3416 2366 3500 2415 τὸν
3531 2364 3713 2434 Πατέρα
3735 2359 3846 2427 ἡμῶν

2302 2454 2388 2501 τὸν
2443 2449 2492 2501 ἐν
2540 2459 2649 2514 τοῖς
2707 2452 2962 2527 οὐρανοῖς,
2996 2458 3085 2506 καὶ
3116 2457 3159 2506 εἰ
3197 2473 3277 2514 τις
3320 2453 3472 2514 ἄλλος
3522 2449 3664 2513 ἀξίως
3704 2445 3848 2498 ἐπικα-

2301 2537 2539 2612 λούμενος
2571 2545 2654 2594 τόν
2714 2547 2841 2594 Θεόν
2867 2561 2878 2571 ·
2904 2539 3028 2596 οἶδα
3055 2545 3157 2618 γὰρ
3202 2547 3299 2601 τὴν
3356 2541 3403 2594 ἐν
3434 2549 3544 2603 ταῖς
3584 2541 3849 2613 προσευχαῖς

2303 2636 2571 2683 κοινωνίαν
2645 2632 2774 2684 πολὺ
2823 2653 2880 2685 το
2939 2629 3125 2708 κέρδος
3171 2638 3434 2708 φέρουσαν
3479 2631 3588 2702 (32)
3617 2644 3630 2659 '
3676 2626 3746 2678 ἐὰν
3791 2619 3848 2674 ὄιν

2305 2722 2490 2780 ὅσοίκις
2547 2721 2748 2796 ὑπάρξῃ
2783 2741 2870 2775 μοι
2923 2725 2971 2774 ἓν
3004 2719 3240 2796 διαφόρῳ
3301 2717 3532 2794 γωνιδίῳ
3561 2715 3663 2790 (33)
3704 2710 3848 2784 παῖ)ερ

2303 2809 2534 2881 ριμμένῳ
2562 2811 2846 2878 στενάζειν,
2877 2809 3224 2870 ἀκολουθήσει
3282 2831 3380 2884 μοι
3433 2812 3623 2868 πάντως
3671 2807 3720 2856 τὸ
3751 2801 3849 2871 ψεύ-

2308 2894 2516 2964 δεσθαι,
2548 2901 2823 2970 μάχεσθαι
2870 2904 2960 2972 μὲν
2999 2902 3109 2972 (34)
3138 2904 3266 2976 πρὸς
3327 2904 3412 2953 τόν
3467 2899 3606 2970 λόγον
3633 2894 3715 2948 οὐκ
3754 2893 3849 2959 ἔχω,

2306 2982 2412 3044 ἤδη
2470 2983 2528 3039 δὲ
2575 2992 2644 3049 ὡς
2683 2988 2916 3059 ψεύστου
2951 2989 3170 3063 ἐμαυτὸν
3225 2994 3545 3062 κατακρίνω,
3577 2990 3615 3039 ιῖ
3637 3003 3684 3036 τι
3718 2983 3851 3032 τοιοῦ-

2303 3095 2388 3128 τον
2441 3079 2577 3129 κατὰ
2627 3082 2722 3136 τὴν
2771 3079 2993 3131 παλαιὰν
3019 3076 3341 3152 ἀδιαφορίαν
3396 3076 3715 3150 ἐφθεγξάμην,
3757 3069 3855 3135 ὁμε

2306 3172 2375 3235 τῷ
2405 3170 2622 3239 κρίματι
2647 3174 2738 3218 του
2763 3164 2993 3238 ψεύδους
3023 3165 3279 3220 ὑπόδικον
3317 3169 3561 3236 καθιστᾴ.

2377 3258 2434 3310 3.
2475 3259 2745 3327 Γενόμενος
2793 3253 2851 3308 δὲ
2905 3257 3128 3315 πλησίον
3162 3261 3507 3329 Καισαρείας,
3553 3255 3674 3304 ὥστε
3715 3261 3856 3317 γνωρι-

2308 3347 2399 3394 σαί
2429 3345 2495 3394 τὰ
2541 3347 2845 3417 πράγματα,
2901 3351 2992 3397 καὶ
3031 3345 3159 3418 αὐτῇ
3193 3344 3515 3420 παραϐαλεῖν
3543 3349 3601 3414 τῇ
3634 3336 3757 3390 πόλει
3797 3332 3848 3402 μὴ

2308 3430 2684 3506 ἀνασχόμενος,
2739 3443 2809 3506 τῷ
2861 3435 3082 3493 πλησίον
3111 3440 3443 3510 προσέφυγον
3487 3424 3854 3517 πτωχοτροφείῳ,

2308 3522 2442 3574 ὥστε
2515 3520 2618 3575 ἐκεῖ
2680 3526 2862 3596 μαθεῖν
2934 3529 3052 3597 περὶ
3107 3525 3174 3575 ὧν
3223 3523 3531 3597 ἐϐουλόμην.
3596 3514 3711 3572 Εἶτα
3756 3514 3856 3561 κατά

2310 3613 2584 3669 συνήθειαν
2643 3609 3033 3686 ἐπιδημήσαντι
3097 3621 3169 3685 τῷ
3234 3612 3607 3687 θεοφιλεστάτῳ
3644 3603 3856 3665 ἑπισκόπῳ

2309 3698 2565 3772 ἀνήνεγκα
2620 3707 2738 3777 περὶ
2805 3703 2870 3753 ὧν
2927 3701 3162 3766 ἐπέταξεν
3218 3703 3342 3774 (35)
3399 3704 3520 3774 ἡμῖν
3583 3699 3610 3755 ἡ
3669 3691 3858 3761 λογιότης

2309 3809 2428 3846 σου.
2471 3796 2570 3843 Καὶ
2609 3791 2643 3842 ἂ
2687 3794 2776 3863 μὶν
2834 3789 3162 3865 ἁπεκρίνατο,
3217 3794 3342 3844 οὔτε
3395 3798 3456 3863 τῇ
3516 3790 3678 3862 μνήμῃ
3731 3779 3858 3874 φυξίν

2307 3883 2506 3952 χθῆναι
2555 3880 2675 3956 παρ’
2731 3882 2876 3953 ἡμῶν
2925 3877 3147 3933 δυνατόν
3187 3881 3308 3952 (36)
3363 3877 3446 3944 ἦν,
3504 3881 3589 3928 καὶ
3631 3871 3860 3925 ἐπιστολῆς

2307 3969 2604 4046 ὑπερέϐαινε
2663 3975 2869 4046 μέτρον.
2937 3970 3019 4030 Ὠς
3091 3969 3140 4022 ἐν
3213 3969 3480 4043 κεφαλαίῳ
3539 3961 3595 4018 δὲ
3645 3962 3748 4032 περὶ
3790 3959 3858 4047 τῆς

2305 4057 2667 4132 ἀκτημοσύνης
2714 4059 2873 4112 ἐκεῖνο
2927 4062 3018 4132 ἔφη
3074 4062 3132 4111 τὸ
3197 4064 3388 4134 μέτρον
3453 4053 3596 4125 εἶναι,
3647 4053 3760 4101 ὥστε
3808 4057 3860 4134 αξ

2304 4151 2390 4201 τόν
2439 4151 2666 4221 ἔσχατον
2709 4157 2915 4222 χιτῶνα
2965 4151 3182 4202 ἕκαστον
3215 4149 3381 4220 ἐαυτῷ
3425 4141 3735 4219 περιιστάναι
3767 4128 3855 4203 (δι)

2303 4244 2396 4298 τὴν
2444 4249 2660 4300 κτῆσιν.
2717 4244 2816 4293 Καὶ
2853 4243 3139 4316 παρείχετο
3190 4242 3318 4312 ἡμῖν
3371 4238 3427 4290 ἐκ
3456 4243 3546 4289 τοῦ
3593 4226 3854 4299 εὐαγγελίου

2302 4333 2392 4392 τὰς
2446 4326 2735 4392 ἀποδείξεις
2778 4349 2791 4363 ’
2846 4333 2970 4402 μίαν
3009 4332 3118 4401 μὲν,
3179 4331 3244 4389 ὡς
3275 4329 3516 4382 Ἰωάννου
3573 4327 3658 4374 τοῦ
3704 4314 3857 4389 βαπτι-

551 4409 715 4470 aliud
754 4419 956 4472 autem
1009 4416 1242 4474 Domini
1281 4417 1558 4487 vetantis,
1588 4434 1665 4474 ne
1712 4417 1990 4490 discipuli
2041 4418 2196 4476 duas

2311 4426 2436 4473 σ’τοῦ
2477 4418 2710 4479 εἰπόντος
2751 4438 2764 4452 ⁸
2796 4416 2853 4470 Ὀ
2902 4419 3036 4489 ἔχων
3095 4412 3193 4469 δύο
3237 4424 3476 4489 χιτῶνας
3526 4403 3772 4485 μεταδότω
3809 4416 3860 4464 τῳ

624 4592 666 4628 ³⁷
699 4593 858 4650 Psal.
890 4610 1093 4662 χχχιιι,
1128 4600 1208 4652 16.
1287 4597 1333 4632 ³⁸
1362 4598 1499 4653 Luc.
1527 4612 1608 4668 ιιι,
1646 4602 1731 4656 Η.

619 4773 732 4844 (29)
762 4769 1199 4835 Ἀναζητοὺντων.
1224 4774 1307 4833 Ita
1340 4793 1489 4833 mss.
1522 4795 1620 4834 sex
1651 4777 1800 4836 Editi
1838 4777 2210 4843 ἀνεπιζητούν-

553 4862 671 4968 ἓῳν.
702 4845 929 4969 ιξὶάοω
971 4863 1097 4904 non
1126 4848 1280 4905 male
1305 4849 1479 4907 Coisl.
1515 4850 1747 4923 primus
1776 4856 1830 4908 et
1855 4850 2003 4909 Med.
2032 4851 2212 4924 ἐπέχει

595 4936 615 4968 ε
648 4937 718 4969 αα
756 4937 896 4969 ιστα.

687 4938 896 4975 αΑιστα.

625 4938 736 5064 (ςο)
775 4988 1168 5064 Ουτοι-νομίζω.
1199 4993 1370 5064 Deest
1397 4990 1531 5046 οὕτω
1561 4994 1622 5051 in
1652 5012 1756 5052 sex
1776 5011 1946 5064 mss.,
1970 5009 2094 5050 non
2130 4997 2213 5051 ta-

553 5073 693 5146 men
715 5059 776 5116 in
799 5061 978 5117 Coisl.
1007 5059 1062 5119 et
1091 5063 1261 5132 Med.,
1283 5080 1545 5136 quorum
1575 5067 1634 5122 in
1665 5059 1970 5139 postremo
1999 5065 2216 5135 legitur

553 5151 738 5280 eligi;
764 5204 1168 5280 Ποεραπλησίως.
1195 5208 1280 5280 Ita
1306 5207 1720 5280 Coisl.primus
1741 5225 1880 5265 cum
1908 5209 2037 5280 aliis
2061 5224 2209 5280 qua-

553 5278 710 5339 tuor,
736 5277 1195 5352 qui'busi'avent
1234 5277 1356 5352 duo
1391 5277 1579 5350 Regii,
1613 5279 1673 5334 in
1719 5281 1944 5352 quibus
1995 5277 2214 5352 legitur

551 5347 878 5422 παραπλίως.
903 5347 1050 5405 Editi
1083 5349 1326 5422 παραπλή
1339 5369 1475 5422 σιον,

623 5419 738 5489 (32)
797 5427 1076 5496 Φέρουσαν.
1136 5419 1273 5477 Tres
1343 5419 1580 5477 codices
1645 5422 2004 5479 recentiores
2053 5427 2207 5496 ἔχου-

556 5510 1025 5641 ῗαίέξὶζΓωνιδίῳ,
1047 5566 1152 5641 Δδίο
1185 5563 1362 5641 Coisl.
1405 5563 1648 5641 primus
1677 5567 1732 5641 et
1761 5565 1949 5622 Paris.
1978 5570 2034 5623 et
2080 5568 2212 5641 quig

553 5631 697 5689 dam
727 5631 1161 5705 Regius.'Alius
1186 5636 1354 5710 apud
1392 5631 1815 5694 Combeﬁsium
1848 5643 2028 5711 γωνίᾳ.
2062 5631 2212 5695 Editi

2314 4771 2554 4831 νονιδίω.

2323 4801 2816 4919 γοῖἓὶλῳδῐάχεσθαι
2843 4851 2954 4920 μέν.
2982 4846 3133 4904 Editi
3163 4845 3405 4920 addunt
3449 4845 3571 4918 γάρ,
3602 4835 3714 4920 βθᾲ

2317 4905 2420 4976 sus
2450 4905 3094 4982 v'itios'e'Quamobrem
3120 4934 3258 4974 cum
3288 4917 3423 4972 haec
3449 4905 3657 4970 vocula
3673 4905 3801 4982 desit
3820 4905 3865 4982 ιιι

2318 4990 2506 5048 tribus
2528 5006 2698 5059 mss.,
2711 4977 3051 5071 idel‘endam
3065 4990 3390 5071 _du_ximus.
3409 4977 3868 5071 Ibidemquatuol‘

2317 5078 2462 5117 mss.
2495 5076 2620 5118 non
2641 5061 3029 5118 vetustissimi
3051 5064 3130 5132 rb;
3151 5061 3387 5132 ψευστου
3426 5061 3668 5132 ἐμαυτρὶῦ.

2389 5135 2502 5205 (35)
2558 5133 2842 5205 Titinia.
2870 5136 2955 5189 Ita
2985 5119 3174 5190 Coislf
3208 5119 3460 5205 primus'
3491 5132 3548 5184 et
3584 5119 3720 5181 Med.
3761 5122 3867 5169 cum

2317 5202 2557 5280 duobus
2577 5202 2732 5260 aliis.
2800 5277 2830 5280 μ
3007 5273 3029 5280 _
3092 5276 3103 5280 _
3209 5202 3228 5205 —

2388 5278 2502 5349 (3s)
2532 5280 2776 5349 ᾼυνατόν.
2799 5277 2976 5349 Deest
3002 5273 3061 5335 ἦν
3089 5276 3150 5332 in
3170 5272 3480 5349 nonnullis
3508 5284 3647 5349 mss.
3665 5268 3871 5349 nonfg'

2316 5323 2692 5472 tiquissiemis.
2739 5323 2976 5418 Degitur
3001 5323 3396 5420 etiam—paulo
3417 5347 3553 5409 post
3580 5339 3639 5396 in
3658 5323 3872 5393 nonnul-

2316 5421 2384 5472 lis
2410 5421 2536 5472 ὑπεο
2578 5425 2730 5472 αίνει-

2311 5421 2384 5482 lis
2401 5421 2730 5493 ὑπερϐαίνει,

2387 5479 2518 5562 (37).
2555 5495 2913 5566 Περιιστάναι.
2957 5492 3133 5550 Coisl.
3186 5489 3421 5564 primus
3476 5489 3533 5542 et
3571 5479 3705 5540 Med.
3750 5489 3869 5547 τιτθί’

2321 5586 2414 5624 στη
2428 5583 2536 5618 σαι.
