4062 6214
235 302 331 356 605
1229 301 1710 366 EPISTOLARUM
1749 305 2032 364 CLASSIS
2073 310 2140 364 ll.
2182 302 2392 368 EPIST.
2435 313 2562 367 CLI.
3471 306 3577 365 606

234 429 299 496 μὴ
332 427 542 495 ἔχοντιο
599 425 771 499 ἑτέραν
811 423 890 494 δε,
943 430 1010 490 ὡς
1057 438 1149 482 τοῦ
1204 436 1396 506 Κυρίου
1428 438 1532 491 τοῖς
1559 432 1816 503 μαθηταῖς

1930 431 2164 487 tunicas
2183 433 2475 490 haberent
2499 437 2591 488 ξδ’.
2628 433 2905 488 Addebat
2949 437 3150 488 autem
3172 432 3265 488 his
3295 436 3352 488 et
3377 431 3527 487 illud
3563 447 3577 484 :

1929 521 1997 576 Si
2028 525 2116 576 vis
2135 525 2361 591 perfert
2371 540 2436 578 us
2459 539 2599 589 esse,
2627 523 2796 590 vade,
2823 521 2993 594 241
3027 522 3210 578 vende
3230 536 3362 592 qua:
3381 521 3580 586 habes,

1930 615 1984 665 et
2023 611 2100 665 da
2125 613 2492 682 pauperibus
2512 616 2576 665 ευ.
2605 611 2812 665 Aiebat
2836 617 2888 665 et
2909 611 3100 682 ipsam
3127 610 3463 680 margaritte
3479 623 3587 681 pa-

1929 699 2204 754 rabolam
2237 701 2312 755 ad
2341 701 2455 756 hoc
2487 701 2778 772 pertinere
2815 717 2827 754 :
2859 700 3025 771 quod
3057 700 3158 771 qui
3189 699 3582 768 margaritam

1931 804 2221 860 perquam
2257 791 2577 862 pretiosam
2609 790 2835 845 invenit
2859 794 3174 850 mercator,
3209 789 3420 843 abiens
3442 803 3584 842 ven-

1931 876 2301 933 tliditomnia
2330 895 2440 934 sua
2462 879 2644 944 bona,
2677 885 2733 933 et
2770 878 2931 933 illam
2965 877 3196 933 emit”.
3247 875 3582 931 Rursushis

1932 966 2214 1034 addebat,
2266 983 2385 1022 non
2429 972 2722 1039 oportere,
2756 966 2980 1038 utquis
3029 965 3142 1020 sibi
3174 965 3324 1036 ipse,
3378 979 3576 1018 rerum

1932 1070 2181 1109 suarum
2235 1055 2719 1112 distributionem
2786 1055 3140 1111 committat:
3207 1053 3314 1108 sed
3363 1051 3432 1122 ei,
3485 1052 3581 1107 cui

1931 1141 2046 1198 hoc
2075 1160 2296 1199 munus
2323 1145 2616 1200 creditum
2673 1150 2781 1212 est,
2846 1149 2911 1199 ut
2974 1160 3068 1199 res
3095 1157 3432 1216 pauperum
3465 1140 3582 1195 dis-

1930 1237 2163 1302 penset.
2227 1238 2416 1305 Atque
2443 1233 2724 1305 idipsum
2756 1249 2827 1288 ex
2873 1233 3030 1288 Actis
3082 1229 3483 1286 conﬁrmabat
3510 1232 3578 1298 ³³,

1930 1321 2155 1393 quippe
2202 1323 2346 1394 quia
2393 1323 2635 1378 vendita
2673 1323 2838 1378 bona
2886 1338 2994 1376 sua
3044 1322 3377 1384 afferentes,
3442 1324 3581 1374 ante

1931 1410 2344 1482 apostolorum
2412 1412 2596 1483 pedes
2656 1411 2982 1484 ponebant,
3043 1410 3201 1466 etab
3233 1409 3318 1463 eis
3349 1407 3580 1463 unicui-

1930 1514 2068 1570 que,
2119 1506 2299 1572 prout
2348 1501 2590 1557 cuilibet
2645 1517 2799 1572 opus
2862 1505 3007 1567 erat,
3082 1497 3575 1554 distribuebatur.

1933 1588 2174 1644 Dicebat
2229 1590 2388 1644 enim
2439 1590 2806 1662 experientia
2852 1605 3010 1661 opus
3062 1604 3217 1654 esse,
3273 1592 3337 1642 ut
3386 1585 3435 1641 is
3474 1585 3581 1658 qui

221 1676 302 1724 ότι
338 1674 400 1722 ἄν
453 1692 533 1734 τις
590 1679 775 1749 χρείαν
826 1674 964 1748 εἶχεν
990 1717 1002 1728 .
1047 1677 1218 1750 Ἔλεγε
1259 1681 1360 1752 γὰρ
1393 1679 1659 1752 ἐμπειρίας
1685 1684 1816 1752 χρῄ-

1929 1692 2066 1733 vere
2092 1693 2324 1751 pauper
2355 1685 2436 1735 est
2459 1680 2536 1736 ab
2568 1696 2660 1743 eo,
2692 1680 2793 1752 qui
2848 1695 2918 1734 ex
2959 1678 3210 1734 avaritia
3251 1675 3577 1743 mendicat,

225 1764 326 1823 ζειν
375 1767 470 1819 τήν
530 1759 816 1835 διάγνωσιν
871 1774 954 1818 τοῦ
1007 1765 1228 1834 ἀληθῶς,
1284 1764 1547 1840 δεομένου,
1597 1773 1687 1820 καὶ
1730 1775 1816 1821 τοῦ

1929 1772 2290 1823 secernatur.
2353 1771 2418 1824 Et
2467 1768 2715 1840 quidem
2760 1767 3034 1840 quisquis
3065 1765 3421 1822 calamitoso
3451 1764 3576 1832 dat,

1927 1853 2092 1910 dedit
2145 1856 2418 1924 Domino,
2464 1863 2520 1912 et
2562 1857 2640 1912 ab
2688 1873 2759 1912 eo
2785 1856 3122 1913 mercedem
3148 1854 3399 1925 accipiet
3433 1851 3577 1924 :qui

1927 1960 2069 2000 vero
2127 1945 2472 2002 errabundo
2524 1947 2690 2002 omni
2737 1946 2956 2012 tribuit,
3002 1944 3240 2018 projicit
3271 1943 3576 2012 cani,mo-

1924 2031 2074 2090 lesto
2097 2035 2340 2106 quidem
2360 2035 2440 2091 ob
2460 2036 2922 2108 impudentiam,
2955 2033 3063 2090 sed
3085 2049 3206 2089 non
3231 2030 3574 2088 miserando

1927 2122 2005 2179 ob
2025 2123 2438 2194 indigentiam.

236 512 677 585 ἀπαγορεύσαντος
728 520 799 587 μὴ
853 519 995 588 ἔχειν
1050 523 1155 578 (38)
1201 517 1297 572 ὃῦο
1343 530 1591 591 χιτῶνας.
1656 527 1822 594 Προσ-

236 604 383 654 ετίθει
437 599 495 654 δὲ
543 606 746 666 τούτοις
787 609 1002 657 καὶτὸ·
1071 608 1130 660 Εἰ
1199 609 1358 671 θέλεις
1429 609 1614 668 τέλειος
1673 605 1820 674 εἶναι,

234 693 411 761 ὕπαγε,
499 691 741 750 πώλησόν
836 714 929 746 σου
1010 699 1074 747 τὰ
1147 698 1478 770 ὑπάρχοντα,
1549 702 1638 748 καὶ
1731 693 1823 757 δός

234 788 484 850 πτωχοῖς.
542 781 714 853 Ἔλεγε
773 781 832 836 δὲ
888 789 977 836 καὶ
1028 790 1122 843 τὴν
1180 795 1270 838 τοῦ
1295 792 1623 862 μαργαρίτου
1653 806 1822 860 παρα-

235 868 382 924 ϐολὴν
433 869 503 931 εὶς
555 879 708 923 τοῦτο
755 877 919 945 φέρειν
950 895 962 907 ο
1016 877 1093 926 ὅτι
1155 877 1180 926 ὁ
1232 877 1504 950 ἔμποροςὸ
1552 878 1709 949 εὑρὼν
1734 879 1821 926 τὸν

233 957 503 1029 πολύτιμον
578 966 931 1034 μαργαρίτην,
1010 961 1240 1016 ἀπελθὼν
1314 964 1578 1022 ἐπώλησεν
1639 964 1821 1016 ἑαυτοῦ

232 1048 395 1098 πάντα
457 1050 520 1098 τα
576 1050 905 1123 ὑπάρχοντα,
957 1058 1046 1104 καὶ
1107 1053 1363 1128 ἠγόρασεν
1395 1053 1602 1106 ἐκεῖνον’
1654 1061 1823 1128 Προσ-

230 1138 380 1188 ετίθει
438 1134 497 1189 δὲ
545 1141 767 1207 τούτοις,
822 1143 904 1193 ὅτι
964 1139 1089 1195 οὐδὲ
1149 1143 1313 1214 ἐαυτῷ
1373 1164 1488 1195 τινα
1537 1143 1821 1217 ἐπιτρέπειν

227 1229 328 1297 χρὴ
379 1230 465 1282 τὴν
514 1234 613 1277 τῶν
661 1232 953 1302 χρημάτων
993 1227 1268 1304 διανομὴν,
1331 1231 1460 1284 ἀλλὰ
1504 1234 1671 1302 τῷτὰ
1723 1239 1821 1284 τῶν

226 1321 448 1384 πτωχῶν
523 1315 808 1389 οἰκονομεῖν
855 1326 1240 1392 πεπιστευμένῳ
1293 1325 1427 1390 (39).
1515 1322 1616 1374 Καὶ
1672 1340 1820 1372 τουτο

227 1401 325 1453 ἀπὸ
354 1411 453 1454 τῶν
479 1405 728 1476 Πραξεων
779 1407 1056 1462 ἐπιστοῦτο
1089 1427 1100 1440 ·
1153 1412 1254 1476 ὅτι,
1286 1411 1540 1472 πωλοῦτες
1563 1414 1625 1463 τα
1654 1431 1819 1484 προσ-

225 1496 343 1544 όντα
399 1493 595 1561 αὐτοῖς,
633 1500 870 1571 φέροντες
911 1497 1107 1551 ἐτίθουν
1159 1503 1302 1572 παρά
1347 1505 1468 1563 τοὺς
1525 1497 1692 1562 πόδας
1723 1509 1820 1552 τῶν

223 1580 541 1647 ἀποστόλων,
609 1591 699 1637 καὶ
752 1587 874 1660 παρ’
903 1586 1101 1640 ἐκείνων
1129 1585 1402 1642 διεδέδοτο
1432 1590 1655 1661 ἑκάστῳ,
1699 1591 1822 1642 καθο

227 1854 362 1902 κατα
382 1850 673 1914 πλεονεξίαν
722 1855 1008 1918 αἰτοῦντος.
1067 1862 1163 1909 Καὶ
1205 1858 1230 1908 ό
1287 1861 1377 1930 μὲν
1422 1867 1492 1929 τῷ
1542 1857 1820 1930 θλιϐομένῳ

223 1936 411 2000 διδοὺς
457 1949 529 2011 τῷ
584 1948 758 2016 Κυρίῳ
785 1941 964 2015 ἔδωκε,
1017 1951 1104 1996 καὶ
1144 1947 1266 2021 παρ’
1300 1951 1459 1999 αὐτοῦ
1489 1947 1708 2018 λήψεται
1737 1951 1819 1999 τόν

225 2031 414 2098 μισθόν
443 2047 455 2058 ·
520 2032 544 2081 ό
581 2027 639 2083 δε
694 2041 767 2103 τῷ
813 2039 1198 2108 περιερχομὲνῳ
1224 2037 1638 2109 παρασχόμενος
1694 2057 1819 2089 παν-

222 2124 271 2169 τί
300 2118 415 2187 (40)
451 2119 769 2194 προσίρῥιψε
807 2127 946 2189 κυνὶ,
993 2132 1218 2198 φορτικῷ
1277 2128 1367 2197 μὲν
1403 2122 1496 2177 διὰ
1537 2130 1630 2184 τὴν
1679 2124 1820 2178 ἀναί-

222 2203 389 2275 δειαν,
417 2208 513 2258 οὐκ
544 2207 738 2280 ἐλεεινῷ
768 2207 826 2263 δε
855 2208 949 2263 διὰ
975 2217 1067 2270 τὴν
1099 2209 1320 2268 ἔνδειαν.

294 2299 344 2350 4.
390 2301 518 2370 Περὶ
567 2294 626 2350 δε
679 2307 770 2350 τοῦ
819 2309 927 2361 πῶς
956 2305 1066 2376 χρὴ
1100 2299 1251 2373 βιοῦν
1298 2304 1435 2375 ἡμᾶς
1461 2303 1577 2356 καθ’
1601 2306 1816 2376 ἡμέραν,

219 2383 373 2455 όλίγα
427 2389 518 2456 μὲν
575 2389 700 2458 ἔφθη
762 2388 979 2460 εἰρηκὼς
1009 2392 1077 2452 ὡς
1108 2394 1237 2464 πρός
1289 2394 1347 2443 τὸ
1393 2399 1484 2452 τῆς
1534 2395 1820 2453 ὑποθέσεως

1999 2310 2050 2361 It.
2095 2306 2410 2372 Quomodo
2463 2311 2659 2361 autem
2702 2321 2814 2361 nos
2845 2303 3111 2377 quotidie
3149 2302 3349 2358 vivere
3395 2317 3574 2374 opor-

1929 2400 2066 2465 teat,
2108 2396 2182 2450 de
2214 2411 2283 2451 eo
2314 2411 2513 2467 pauca
2569 2395 2766 2450 dicere
2805 2393 3069 2466 incoepit,
3102 2407 3212 2465 pro
3239 2391 3322 2447 rei
3348 2390 3579 2460 magni-

1927 2484 2172 2550 tudine;
2228 2483 2332 2539 sed
2387 2483 2598 2539 vellem
2648 2483 2726 2538 ab
2779 2483 2912 2554 ipso
2961 2481 3060 2536 illo
3112 2480 3397 2536 disceres.
3452 2481 3580 2534 Non

1927 2573 2086 2628 enim
2119 2588 2153 2627 a
2198 2588 2294 2628 me
2343 2572 2665 2628 oblitterari
2699 2575 3042 2627 accuratam
3075 2569 3582 2625 documentorum

1929 2661 2294 2730 diligentiam
2325 2661 2626 2716 convenit.
2673 2659 2806 2716 Mihi
2859 2665 3060 2714 autem
3119 2659 3178 2712 in
3228 2655 3450 2728 optatis
3471 2659 3581 2723 est,

1928 2755 2124 2805 tecum
2169 2748 2499 2821 aliquando
2547 2748 2716 2804 illum
2774 2747 2960 2818 adire,
2987 2753 3048 2802 ut
3087 2751 3138 2801 et
3166 2744 3460 2800 memoria
3489 2758 3584 2798 ac-

1927 2843 2130 2894 curate
2159 2837 2318 2893 dicta
2346 2837 2628 2899 retinens,
2683 2841 2786 2892 tua
2834 2836 3012 2892 etiam
3040 2834 3231 2907 ipsius
3262 2831 3580 2905 prudentia

1926 2943 2062 2999 qua:
2119 2926 2412 2982 defuerint
2464 2925 2754 2983 invenias.
2813 2925 2957 2980 Illud
3021 2923 3179 2979 enim
3225 2920 3471 2977 memini
3501 2935 3574 2974 ex

213 3015 312 3057 τῶν
347 3006 547 3059 πολλῶν
596 3008 663 3059 ὧν
713 3013 936 3077 ἤκουσα,
992 3013 1071 3066 δτι
1144 3014 1172 3070 ἡ
1229 3017 1346 3086 περὶ
1412 3023 1505 3066 τοῦ
1550 3023 1656 3076 πῶς
1708 3023 1816 3092 χρὴ

1929 3015 2126 3070 multis
2185 3031 2319 3088 qua:
2378 3014 2604 3080 audivi,
2658 3013 2999 3069 doctrinam
3056 3011 3220 3067 illam
3260 3007 3572 3082 quomodo

212 3096 310 3167 ζῇν
367 3100 452 3148 τόν
499 3103 818 3171 Χριστιανὸν
873 3096 1202 3153 διδασκαλία
1257 3101 1315 3154 οῦ
1374 3112 1622 3156 τοσοῦτον
1645 3102 1816 3158 δεῖται

1929 3104 2325 3159 Christianum
2363 3105 2564 3159 vivere
2605 3107 2898 3176 oporteat,
2965 3117 3087 3157 non
3137 3104 3368 3156 tantum
3414 3096 3570 3152 indi-

1924 3209 2061 3263 gere
2128 3209 2424 3257 sermone,
2481 3197 2779 3266 quantum
2851 3190 3130 3262 exemplo
3193 3186 3570 3261 quotidiana.

1924 3283 2056 3339 Scio
2111 3287 2312 3338 autem
2370 3281 2484 3337 nisi
2533 3287 2588 3338 te
2640 3282 2928 3336 detineret
2975 3278 3278 3335 vinculum
3299 3275 3570 3332 fovendae

1921 3371 2111 3444 patris
2135 3370 2477 3436 senectutis,
2509 3385 2622 3425 nec
2668 3374 2724 3426 te
2765 3369 3105 3442 quidquam
3131 3366 3293 3423 aliud
3325 3371 3570 3436 antepo-

1921 3461 2177 3516 siturum
2219 3459 2490 3532 episcopi
2537 3457 2858 3531 colloquio,
2912 3474 3022 3514 nec
3066 3457 3214 3512 mihi
3257 3459 3566 3512 auctorem

1920 3550 2210 3619 futurum,
2235 3554 2298 3605 ut
2322 3565 2392 3606 eo
2423 3548 2626 3605 relicto
2657 3549 2718 3604 in
2751 3548 2998 3604 desertis
3021 3547 3168 3603 locis
3197 3561 3402 3617 vager.
3433 3546 3572 3617 Spe-

1920 3641 2112 3696 luncae
2161 3639 2321 3695 enim
2348 3644 2405 3695 et
2453 3654 2604 3694 saxa
2659 3641 3009 3711 exspectant
3054 3653 3160 3692 nos
3194 3655 3207 3692 ε
3247 3635 3355 3691 sed
3381 3634 3569 3690 homi-

1921 3746 2067 3786 num
2119 3727 2389 3785 subsidia
2432 3727 2610 3784 nobis
2658 3743 2781 3784 non
2823 3743 3060 3800 semper
3097 3726 3337 3782 adsunt.
3379 3725 3573 3788 Quare

1921 3819 1971 3875 si
2017 3833 2115 3874 me
2172 3817 2276 3874 tibi
2337 3816 2658 3872 consilium
2705 3814 2850 3871 dare
2905 3815 3150 3888 pateris,
3178 3809 3572 3887 persuadebis

1919 3907 2098 3982 patri,
2149 3910 2213 3962 ut
2258 3905 2361 3961 tibi
2398 3921 2434 3961 a
2484 3922 2547 3962 se
2577 3905 2656 3961 ad
2701 3905 2880 3961 breve
2930 3909 3166 3977 tempus
3221 3898 3570 3958 discedendi

1921 3995 2212 4054 concedat
2230 3993 2596 4064 facultatem,
2625 3999 2679 4050 et
2708 3993 2904 4050 virum
2935 3991 3220 4058 adeundi,
3253 3989 3357 4063 qui
3378 3987 3570 4044 multa

1921 4103 2059 4143 cum
2084 4086 2238 4142 facto
2264 4082 2519 4140 aliorum
2547 4083 2836 4158 periculo,
2893 4088 3018 4140 tum
3081 4098 3192 4138 sua
3220 4080 3409 4154 ipsius
3431 4093 3568 4152 pru-

1921 4176 2123 4233 dentia
2153 4179 2208 4231 et
2235 4174 2402 4232 novit
2430 4179 2484 4231 et
2515 4174 2819 4248 impertire
2850 4172 3213 4229 adeuntibus
3240 4174 3458 4244 potest.

220 2475 476 2543 μέγεθος·
535 2475 666 2532 πλὴν
723 2475 831 2528 ἀλλ’
889 2476 1174 2550 ἐϐουλόμην
1222 2480 1348 2554 παρ’
1418 2481 1578 2533 αὐτοῦ
1629 2480 1820 2534 ἐκείνου

220 2581 279 2614 σε
325 2565 532 2633 μαθεῖν.
599 2563 718 2636 Ἐμὲ
762 2568 864 2640 γὰρ
920 2565 1185 2638 ἀφανίζειν
1238 2573 1332 2626 τὴν
1396 2567 1660 2643 ἀκρίϐειαν
1722 2581 1820 2624 τῶν

218 2646 570 2723 διδαγμάτων
617 2653 711 2705 οὐκ
759 2654 985 2725 εὔλογον.
1018 2656 1273 2728 ηὐχόμην
1323 2654 1382 2709 δῖε
1411 2661 1542 2729 μετὰ
1574 2667 1667 2712 σοῦ
1700 2680 1820 2713 ποτε

215 2739 536 2793 καταλαϐεῖν
586 2741 761 2811 αὐτόν,
820 2746 921 2812 ἵνα,
970 2749 1060 2797 καὶ
1117 2753 1177 2817 τῇ
1220 2753 1398 2819 μνήμῃ
1446 2747 1671 2821 ἀκρὶϐῶς
1720 2771 1819 2821 φυτ

213 2827 376 2890 λείξας
438 2832 506 2881 τα
539 2829 812 2902 λεχθέντα,
884 2837 972 2884 καὶ
1019 2841 1080 2906 τῇ
1127 2843 1348 2887 σεαυτοῦ
1399 2841 1603 2888 συνέσει
1658 2858 1817 2912 προσ-

214 2917 422 2993 εξεῦρῃς
476 2922 541 2970 τὰ
580 2919 845 2976 λείποντα.
900 2923 1088 2974 Ἐκεῖνο
1124 2925 1224 2998 γὰρ
1285 2925 1399 2993 (41)
1452 2930 1719 2999 μέμνημαι
1764 2927 1817 2980 ἐκ

208 3184 386 3254 λόγου,
444 3187 568 3238 ὅσον
644 3196 736 3240 τοῦ
818 3191 1167 3264 κκθημερινοῦ
1234 3189 1634 3264 ὑποδείγματος.
1715 3202 1815 3248 Καὶ

207 3271 354 3340 οἶδα,
397 3277 496 3336 ὃτι,
529 3277 568 3327 εἰ
592 3282 664 3348 μή
711 3297 768 3329 σε
823 3275 1066 3349 κατεῖχεν
1111 3281 1136 3330 ό
1165 3276 1360 3352 δεσμός
1380 3289 1474 3343 τῆς
1493 3289 1814 3357 γηροκομίας

207 3370 305 3413 τοῦ
346 3367 563 3436 πατρὸς,
615 3365 710 3416 οὐκ
756 3365 815 3416 ἆν
863 3367 981 3417 οὔτε
1019 3366 1168 3428 αὐτὸς
1211 3367 1332 3420 ἄλλο
1375 3389 1427 3420 τι
1456 3376 1814 3445 προετίμησας

205 3461 308 3513 τῆς
338 3459 631 3526 σνντυχίας
677 3463 769 3506 τοῦ
828 3453 1136 3522 ἐπισκόπου,
1185 3457 1292 3509 οὔτ’
1335 3457 1394 3508 ἆν
1426 3457 1539 3531 ἐμοὶ
1575 3459 1814 3512 συνεϐού-

203 3541 405 3604 λευσας
462 3544 773 3597 καταλπόντι
826 3554 1004 3598 τοῦτον
1072 3546 1143 3608 εἰς
1212 3547 1430 3620 ἐρημίας
1495 3547 1808 3605 πλανᾶσθαι.

206 3635 297 3684 Τὰ
373 3636 464 3703 μεν
519 3635 613 3706 γὰρ
687 3633 924 3694 σπήλαια
979 3639 1069 3687 καὶ
1135 3638 1189 3687 αἱ
1237 3641 1422 3712 πέτραι
1475 3636 1812 3711 ἀναμένουσιν

213 3723 400 3793 ἡμᾶς·
461 3724 514 3774 αἱ
554 3719 611 3776 δὲ
662 3727 806 3799 παρὰ
875 3733 974 3777 τῶν
1027 3721 1228 3798 ἀνδρῶν
1296 3726 1532 3798 ὠφέλειαι
1587 3729 1681 3780 οὐκ
1735 3727 1814 3781 ἀεὶ

206 3811 340 3882 ἡμῖν
385 3816 791 3885 παραμένουσιν.
851 3813 1030 3880 "Qa-rs,
1083 3813 1125 3866 εἰ
1167 3813 1332 3887 ἀνέχῃ
1418 3835 1518 3888 μου
1575 3817 1812 3890 συμϐου-

201 3900 466 3969 λεύοντος,
536 3909 796 3964 τυπώσεις
860 3907 947 3955 τὸν
1014 3908 1212 3979 πατέρα
1275 3907 1460 3977 μικρὸν
1527 3905 1812 3981 ἐπιτρέπειν

206 4010 297 4042 σοι
329 3990 623 4066 ἀναχωρεῖν
679 3992 856 4061 αὐτοῦ,
909 3999 999 4046 καὶ
1050 3997 1452 4068 περιτυγχάνειν
1483 3996 1593 4068 (42)
1662 3995 1815 4072 ἀνδρὶ

199 4080 376 4132 πολλα
427 4086 519 4133 καὶ
572 4080 627 4133 ἐκ
681 4090 772 4143 τῆς
823 4082 1004 4160 ἐτέρων
1049 4087 1245 4156 πείρας,
1288 4088 1376 4136 καὶ
1403 4083 1457 4136 ἐκ
1488 4093 1581 4147 τῆς
1620 4085 1811 4148 οἰκείας

200 4175 457 4230 συνέσεως
500 4176 591 4222 καὶ
651 4167 836 4240 εἰδότι,
897 4177 988 4224 καὶ
1059 4175 1308 4246 παρέχειν
1356 4180 1464 4236 τοῖς
1498 4183 1810 4249 προσιοῦσιν

197 4261 345 4330 αὐτῷ
376 4257 672 4334 δυναμένῷ.

739 4365 1074 4414 ΕΠΙΣΤΟΛΙΙ
1124 4361 1288 4418 ΡΝΧ.

2476 4361 2806 4420 EPISTOLA
2861 4362 3008 4417 CLl‘.

197 4449 434 4524 Invitat
467 4449 552 4505 ad
575 4451 981 4524 scribendum,
1011 4466 1083 4508 ac
1123 4452 1399 4524 declarat
1438 4451 1878 4509 nonnullorum
1898 4452 2152 4524 factum,
2189 4453 2296 4524 qui
2329 4451 2724 4508 discesserant
2754 4467 2791 4507 a
2831 4449 3243 4524 communione
3266 4445 3565 4524 _(episcopi_

273 4523 366 4576 sui
397 4521 731 4592 Eustathii),
759 4539 879 4578 non
905 4517 1022 4578 sibi
1058 4537 1178 4579 esse
1209 4523 1530 4591 voluptati,
1561 4517 2061 4594 quemadmodum
2089 4517 2448 4581 nec‘merces
2483 4525 2737 4580 libenter
2765 4523 3116 4594 navigantes
3137 4517 3424 4590 ejiciunt;
3463 4517 3566 4574 sed

275 4599 476 4649 tamen
500 4608 537 4650 a
567 4608 627 4651 se
656 4608 776 4650 non
802 4593 1156 4664 improbari,
1190 4595 1333 4666 quia
1355 4593 1628 4652 veritatis
1655 4595 2027 4653 amatoribus
2057 4596 2212 4652 nihil
2240 4598 2359 4653 Deo
2389 4596 2718 4666 antiquius.

625 4693 902 4764 Εὐσταθίῳ
945 4691 1223 4766 ἀρχιοὲτρῳ
1254 4693 1388 4766 (43).

2387 4692 2710 4750 Eustathio
2755 4689 3084 4750 archiatro.

271 4786 339 4836 [ἵ
363 4801 416 4834 τι
443 4781 620 4854 ἅῳελος
639 4783 1025 4857 ἡμετέρωνρὶιί)
1045 4785 1372 4856 γραμμάτον,
1397 4781 1601 4856 μηδένα
1619 4787 1809 4860 χρόνον

1993 4783 2212 4856 Siqua
2253 4783 2475 4840 utilitas
2535 4782 2866 4839 litterarum
2917 4785 3279 4851 nostrarum,
3329 4777 3563 4836 nullum

268 4873 344 4906 ευ
387 4870 590 4928 Matth.
625 4887 678 4938 x,
713 4875 796 4926 ιο.
875 4872 922 4906 ἐν
964 4871 1165 4928 Matth.
1196 4887 1314 4942 xxx,
1345 4875 1435 4928 ει.
1512 4873 1560 4907 ³ο
1600 4873 1797 4930 Matth.

1929 4889 1957 4942 ι,
1987 4877 2076 4929 43.
2153 4873 2198 4908 ³ί
2242 4875 2368 4928 Act.
2399 4888 2456 4943 ιι,
2491 4875 2579 4927 45.

262 4963 386 5040 (33)
429 4962 513 5040 μὴ
547 4962 708 5031 ἔχειν.
733 4959 975 5040 Negatio
1006 4959 1214 5040 addita
1246 4977 1312 5040 es
1343 4976 1448 5040 se;
1474 4973 1625 5040 mss.
1913 4962 2029 5040 Sed
2055 4960 2228 5040 Qoisl.
2266 4965 2323 5016 et
2373 4960 2532 5040 Med:
2554 4977 2690 5040 cum
2733 4960 2907 5040 editis
2943 4960 3343 5040 consentiunt.
3379 4959 3562 5040 Paulo

264 5030 380 5112 (3?)
426 5030 858 5112 ῐΙεττιό-ετςευξνῳξ⁹
895 5032 988 5112 Sic
1036 5032 1188 5088 Med.
1255 5037 1311 5112 et
1347 5032 1520 5112 Coisl.
1551 5037 1804 5112 uterque

1929 5038 2048 5112 inte
2077 5033 2190 5104 legi
2213 5036 2418 5112 posset
2449 5030 2714 5112 φυλάξαις,
2766 5030 2910 5112 nihil
2937 5037 3139 5112 tamen
3167 5031 3558 5095 mutavimus,

185 5108 246 5178 et
280 5104 495 5178 plures
557 5101 863 5178 alii.‘E_diti
908 5101 1804 5178 ἐμπεπιστευμένῳ.ηιᾶξιιάρᾴῡω
1910 5105 2055 5178 quia
2074 5101 2818 5178 cu'm—editisconsentiunt
2843 5103 3082 5159 codices
3107 5121 3254 5159 mss.

181 5174 447 5244 vigebat
469 5174 587 5230 hoc
617 5174 954 5229 institutum
976 5174 1050 5244 in
1080 5174 1458 5230 monasteriis
1489 5175 1707 5243 Basilii,
1740 5181 1806 5233 ut

178 5243 355 5317 patet
382 5261 456 5301 ex
487 5244 726 5314 Regulis
751 5243 1106 5317 majoribus,
1138 5246 1420 5317 interrog.
1447 5250 1500 5302 9.
1523 5245 1681 5302 Alter
1709 5247 1802 5304 Bi-

182 5315 312 5392 got.
348 5317 708 5388 ἐπισταμένῳ.
738 5315 898 5372 Infra
927 5315 1067 5373 editi
1086 5320 1332 5392 χρῄσειν.
1358 5315 1625 5383 Quatuor
1653 5335 1799 5376 mss.

182 5395 254 5443 ut
283 5390 342 5445 in
377 5395 565 5445 textu.

261 5464 375 5530 ($0)
395 5464 838 5534 γῐῐαρασχὸμενος
876 5465 1048 5534 παντί.
1080 5463 1212 5534 Ηωο
1249 5459 1436 5518 verba
1459 5459 1521 5517 in
1541 5463 1802 5534 quatuor

193 5545 342 5586 mss.
370 5531 599 5588 desunt
626 5531 751 5588 nOn
776 5531 1229 5604 antiquissimis.

276 5604 375 5675 (Η)
415 5605 616 5659 Ἐκεῖνο
673 5606 796 5675 γάρ.
849 5605 1121 5677 Quinque
1188 5620 1338 5662 mss.
1397 5605 1621 5657 Ἐκείνου
1673 5606 1792 5681 γάρ.

1983 5180 2092 5248 (42)
2134 5177 2559 5248 Περιτυγχάνειν.
2593 5171 2739 5248 Med.
2786 5177 3186 5248 συντυγχάνειν.

1980 5239 2094 5327 (ἔθ’)
2126 5239 2426 5327 Εῇἂτᾳσίὲςῇ
2460 5245 2756 5327 ἀρχιάτρῳ,
2847 5249 2932 5327 ita
2955 5239 3318 5327 "Vaticanus.
3356 5239 3561 5327 ‘cod‘ex

1906 5313 2796 5398 legitu_r_lonice'upZiiyicgg'in
2847 5317 3174 5398 Harlaaano,
3222 5313 3396 5398 Cplisl.
3427 5317 3559 5398 utro

1905 5405 2024 5461 que
2046 5392 2252 5461 etReg.
2275 5387 2689 5446 securido.A'lii
2710 5405 2848 5444 cum
2880 5387 3348 5461 CdlllSAE'JG'F-amius
3377 5387 3554 5461 ἰατρῷ.

1977 5461 2092 5532 (4i)
2130 5457 2434 5538 ἰῐμετέρων.
2487 5463 2625 5517 Tres
2683 5459 3069 5516 vetustissimi
3095 5457 3426 5582 codicesret
3453 5457 3536 5512 Va

3347 5541 3536 5582 icanu:

3347 5541 3557 5584 icanus

1977 5603 1994 5625 “
2030 5601 2188 5660 Alias
2217 5605 2432 5660 LXXXI.
2466 5603 2698 5676 Scripta
2723 5617 2884 5660 anno
2909 5605 3030 5659 373.
