4092 6210
218 281 314 337 609
1217 274 1699 336 EPISTOLARUM
1728 272 2018 335 CLASSIS
2042 277 2109 333 ll.
2143 280 2357 340 EPIST.
2390 283 2573 341 CLIV.

3470 297 3577 352 610

217 406 474 475 τοσούτῳ.
506 402 569 457 Εἰ
599 399 660 457 δὲ
700 421 830 476 προς
877 412 939 477 τῇ
988 401 1143 477 λοιπῇ
1200 423 1295 458 σου
1344 403 1498 479 ἀρετῇ
1544 404 1635 453 καὶ
1670 406 1825 452 τοῦτο

1952 400 2209 459 ιχὶιίὺοτο
2239 420 2461 463 vereor.
2492 407 2663 473 Quod
2694 407 2743 463 si
2773 410 2851 465 ad
2878 410 3143 484 reliquas
3163 414 3411 473 virtutes
3443 420 3581 475 tuas

220 491 501 559 κατιδίξω,
546 494 608 546 οὗ
661 499 815 567 μόνον
853 498 1157 567 πεμπόμενα
1185 494 1309 569 παρ’
1367 496 1514 566 ἡμῶν
1569 488 1827 563 δέχεσθαι

221 603 533 658 γραμματα,
568 582 697 635 ἀλλὰ
737 588 828 636 καὶ
858 582 1179 657 magicam
1230 583 1504 659 ἐριζητείν,
1572 577 1689 634 ἰδοὺ
1736 584 1827 632 καὶ

222 677 484 749 γράφομεν
513 681 603 725 νῦν
628 671 1022 747 τεθαρρηκότως
1055 678 1194 742 (53),
1218 678 1308 726 καὶ
1339 672 1608 747 γράψομέν
1651 690 1710 742 γε
1756 669 1827 730 εἰς

225 769 283 817 τὸ
310 762 491 837 ἑφεξῆς
522 784 535 797 ·
569 762 846 835 εὐχόμενοι
874 771 946 834 τῷ
986 762 1119 835 ἀγίῳ
1166 771 1281 835 Θεῷ
1325 759 1548 821 δοθῆναί
1600 780 1685 813 σοι
1732 763 1825 818 τὴν

227 852 451 927 ἀμοιϐήν
478 860 575 917 τῆς
597 856 719 925 περὶ
750 854 887 924 ἡμᾶς
918 860 1095 925 τιμῆς.
1122 852 1271 925 Ὑπὶρ
1304 848 1363 904 δὲ
1392 859 1483 911 τῆς
1514 849 1828 911 Ἐκκλησίας

226 942 500 1017 προέλαϐες
530 944 677 1014 ἡμῶν
708 944 803 1003 τὰς
843 941 1213 1015 παρακλήσεις,
1255 942 1425 994 πάντα
1459 944 1683 999 ποιήσας
1727 939 1827 990 ὅσα

228 1034 291 1086 ἆν
316 1035 464 1104 ἡμεῖς
493 1030 914 1103 ἐπεξητήσαμεν·
945 1037 1111 1091 Ποιεῖς
1139 1027 1198 1084 δὲ
1228 1029 1321 1082 οὐκ
1343 1028 1630 1103 ἀνθρώποις
1658 1047 1826 1100 χαρι-

227 1124 454 1195 ζόμενος,
491 1120 622 1172 ἀλλὰ
652 1128 766 1192 Θεῷ
792 1128 864 1191 τῷ
898 1125 1176 1194 τιμήσαντί
1203 1139 1261 1173 σε
1293 1141 1306 1154 ·
1340 1120 1393 1182 ὃς
1423 1121 1489 1172 τὰ
1518 1122 1607 1192 μὲν
1638 1114 1825 1171 ἔδωκεν

226 1212 271 1264 ἰν
299 1221 364 1284 τῇ
390 1219 482 1263 νῦν
516 1210 627 1282 ζωῆ
658 1209 851 1281 ἀγαθὰ,
875 1212 943 1261 τὰ
967 1206 1026 1263 δὲ
1053 1206 1212 1262 δώσει
1230 1208 1280 1262 ἐν
1311 1216 1383 1280 τῷ
1404 1206 1637 1281 μέλλοντι
1658 1207 1825 1275 αἰῶνι,

227 1301 334 1355 ἀνθ’
352 1302 422 1353 ὧν
452 1302 587 1373 μετὰ
609 1299 850 1359 ἀληθείας
881 1298 1160 1373 ἕπορεύθης
1181 1302 1272 1357 τὴν
1296 1295 1421 1350 ὁδὸν
1443 1297 1626 1366 αὐτοῦ,
1646 1295 1824 1355 ἀκλινῆ

225 1396 315 1449 τὴν
344 1387 578 1463 καρδίαν
609 1388 658 1441 ἓν
696 1396 758 1461 τῇ
793 1389 1039 1464 ὀρθότητι
1067 1396 1162 1451 τῆς
1189 1392 1418 1451 πίστεως
1439 1386 1528 1440 ἀπ’
1560 1386 1736 1462 ἀρχῆς
1758 1385 1829 1449 εἰς

227 1481 364 1544 τέλος
388 1477 823 1553 διασωσάμενος.

765 1688 1105 1737 ΕΠΙΣΤΟΛΗ
1136 1682 1294 1736 ΡΝΓ.

1934 491 2061 546 haec
2087 495 2360 564 accessit,
2383 500 2447 553 ut
2482 513 2603 553 non
2634 498 2818 555 modo
2842 499 3070 557 litteras
3099 519 3235 576 quae
3259 522 3294 561 a
3320 523 3416 563 me
3450 509 3587 566 mit-

1934 584 2140 638 tuntur
2172 586 2484 658 suscipias,
2530 588 2635 643 sed
2657 603 2759 644 eas
2790 589 2969 647 etiam
2999 608 3135 663 quae
3181 610 3304 651 non
3345 597 3590 655 mittun-

1933 673 2048 738 tur,
2081 674 2392 745 requiras;
2426 691 2562 731 ecce
2599 681 2655 732 et
2684 693 2847 734 nunc
2879 680 3249 739 conﬁdenter
3277 686 3493 758 scribo,
3531 693 3588 747 et

1935 761 2196 817 scribam
2230 762 2550 835 deinceps:
2582 768 2770 821 Deum
2829 773 3106 825 sanctum
3145 788 3347 843 orans,
3388 780 3452 832 ut
3484 777 3589 833 tibi

1933 850 2201 923 honoris,
2236 867 2421 924 quem
2447 854 2592 909 mihi
2630 854 2841 925 habes,
2873 857 3034 913 vices
3086 863 3397 932 rependat.
3432 868 3589 923 Meas

1935 954 2117 1012 porro
2143 956 2254 1013 pro
2286 941 2552 999 Ecclesia
2573 959 2781 1015 preces
2803 946 3192 1011 antevertisti,
3213 966 3350 1006 cum
3378 955 3587 1012 omnia

1932 1028 2164 1100 feceris,
2218 1046 2596 1104 quaecunque
2628 1047 2738 1102 ego
2783 1033 3115 1106 petiissem.
3161 1038 3327 1094 Facis
3380 1044 3583 1099 autem

1934 1133 2061 1174 non
2085 1118 2433 1176 hominibus
2466 1121 2832 1194 gratiﬁcans,
2859 1123 2968 1179 sed
2994 1124 3315 1183 honoranti
3339 1133 3394 1183 te
3424 1132 3542 1186 Deo
3567 1151 3579 1188 :

1934 1206 2039 1280 qui
2070 1207 2174 1263 tibi
2206 1208 2322 1264 alia
2348 1210 2595 1281 quidem
2625 1211 2787 1268 bona
2807 1212 2870 1267 in
2892 1215 3171 1284 praesenti
3192 1216 3312 1273 vita
3335 1217 3584 1289 largitus

1936 1302 2047 1367 est,
2076 1297 2192 1353 alia
2222 1302 2423 1353 autem
2472 1298 2641 1355 dabit
2696 1302 2756 1355 in
2814 1301 3014 1359 futuro
3074 1320 3223 1377 aevo,
3267 1312 3586 1380 propterea

1937 1386 2104 1459 quod
2131 1402 2269 1441 cum
2297 1387 2545 1443 veritate
2575 1390 2635 1443 in
2662 1389 2820 1445 illius
2849 1391 2958 1446 viis
2990 1393 3334 1462 ambulasti,
3363 1412 3434 1453 ac
3485 1414 3589 1455 cor

1937 1480 2108 1531 tuum
2140 1475 2218 1531 ab
2248 1476 2415 1532 initio
2447 1477 2525 1533 ad
2546 1494 2739 1551 usque
2765 1479 2948 1535 ﬁnem
2987 1481 3048 1537 in
3078 1481 3220 1540 ﬁdei
3250 1484 3586 1556 integritate

1938 1564 2261 1621 immotum
2289 1581 2359 1622 ac
2390 1566 2822 1623 inconcussum
2853 1571 3127 1627 servasti.

2364 1681 2537 1754 243
2584 1684 2926 1742 EPISTOLA
2963 1687 3166 1743 CLIII“.

323 1811 576 1868 Gratias
605 1812 736 1881 agit
776 1810 1002 1865 Victori
1025 1810 1295 1866 Basilius
1324 1808 1486 1881 quod
1512 1808 1609 1865 sui
1628 1821 1856 1865 memor
1874 1806 1969 1872 sit,
2002 1822 2112 1864 nec
2142 1822 2406 1865 amorem
2431 1810 2502 1865 ob
2530 1811 2725 1868 ullam
2757 1813 3126 1871 calumniam
3153 1816 3493 1878 imminuat.

729 1940 941 2011 Βίκτορι
965 1934 1068 1989 ἀπὸ
1106 1937 1337 1991 ὑπάτων.

292 2036 512 2097 Ὁσάκις
566 2034 627 2087 ἂν
675 2036 802 2109 ἡμῖν
856 2034 1059 2108 ὑπάρξῃ
1118 2036 1427 2110 γράμμασιν
1476 2032 1711 2105 ἐντυχεῖν
1741 2039 1833 2093 τῆς

229 2130 585 2200 κοσμιότητός
619 2145 737 2192 σου,
798 2126 1114 2184 τοσαυτάκις
1164 2126 1324 2198 χάριν
1382 2122 1728 2195 ὁμολογοῦμεν
1760 2130 1832 2192 τῷ

230 2225 359 2286 Θεῷ,
391 2217 471 2267 δτι
505 2210 773 2286 διαμένεις
792 2217 881 2265 καὶ
904 2215 1225 2285 μεμνημένος
1252 2213 1420 2284 ἡμῶν,
1451 2216 1541 2263 καὶ
1570 2210 1656 2263 ὑπ’
1688 2207 1835 2263 οὐδε-

226 2312 352 2377 μιᾶς
377 2302 640 2364 διαϐολῆς
668 2307 758 2361 τὴν
786 2302 994 2373 ἀγάπην
1027 2300 1268 2370 ἐλαττῶν,
1317 2300 1376 2359 ῆν
1406 2300 1547 2363 ἅπαξ
1570 2304 1743 2373 κρίσει
1767 2306 1828 2371 τῇ

228 2395 486 2468 ὀρθοτάτῃ
551 2393 582 2452 ἦ
651 2394 901 2463 συνηθείᾳ
944 2398 1161 2465 χρηστῇ
1224 2389 1489 2443 ἀναλαϐεῖν
1540 2385 1825 2452 κατεδέξω.

226 2485 517 2558 Εὖχὸμεθα
550 2478 638 2535 οὖν
691 2490 763 2552 τῷ
812 2482 941 2553 ἁγίῳ
990 2488 1103 2550 Θεῷ
1152 2483 1241 2532 καὶ
1298 2481 1355 2533 σὲ
1387 2476 1650 2552 διαμεῖναι
1694 2478 1743 2530 ἐν
1769 2486 1829 2550 τῆ

232 2577 385 2646 ὁμοία
412 2577 549 2648 πρὸς
574 2574 716 2645 ἡμᾶς
740 2567 996 2636 διαθέσει,
1039 2573 1128 2620 καὶ
1157 2570 1298 2641 ἡμᾶς
1346 2567 1523 2631 ἀξίους
1572 2567 1700 2621 εἶναι
1741 2577 1834 2630 τῆς

232 2668 369 2737 παρά
400 2670 501 2716 σοῦ
530 2669 709 2735 τιμῆς,
746 2660 804 2719 ἢν
827 2665 982 2731 τιμᾷς
1016 2661 1157 2731 ἡμᾶς
1189 2654 1282 2710 διά
1307 2665 1398 2711 τοῦ
1428 2659 1753 2733 γράμματος.

774 2780 1101 2830 ΕΡΙΣΤΟΛΗ
1142 2770 1298 2826 ΡΝΔ’.

2464 1935 2690 1993 Victori
2710 1939 3070 1995 ex~consuli.

2014 2032 2253 2097 Quoties
2286 2031 2433 2088 mihi
2464 2034 2753 2104 contingit
2802 2034 3027 2092 litteras
3056 2035 3251 2110 legere
3281 2038 3591 2110 dignitatis

1939 2124 2074 2193 tum,
2109 2122 2277 2178 toties
2308 2122 2531 2192 gratias
2573 2139 2687 2194 ago
2719 2125 2837 2180 Deo
2882 2129 3110 2197 sancto,
3141 2127 3308 2199 quod
3356 2136 3591 2201 perstes

1940 2216 1997 2268 et
2025 2228 2259 2268 memor
2289 2213 2428 2281 mei,
2451 2217 2508 2270 et
2526 2229 2818 2279 amorem,
2842 2231 3022 2287 quem
3046 2216 3232 2272 semel
3255 2218 3588 2277 rectissimo

1937 2300 2189 2373 judicio,
2223 2304 2327 2358 aut
2353 2301 2518 2359 bona
2548 2303 2983 2361 consuetudine
3014 2306 3312 2377 suscipere
3333 2307 3589 2375 voluisti,

1940 2390 2170 2447 nullam
2228 2390 2307 2447 ob
2361 2392 2729 2449 calumniam
2786 2393 3173 2451 imminueris.
3203 2398 3367 2466 Rogo
3414 2396 3593 2467 igitur

1944 2483 2129 2536 Deum
2162 2484 2541 2545 sanctum,ut
2570 2486 2627 2537 et
2656 2488 2718 2538 tu
2744 2498 3103 2555 permaneas
3130 2484 3192 2540 in
3216 2485 3430 2543 eodem
3452 2503 3595 2557 erga

1942 2585 2040 2625 me
2068 2570 2295 2638 animo,
2328 2575 2384 2626 et
2409 2585 2521 2640 ego
2547 2571 2769 2641 dignus
2801 2572 2917 2629 sim
2937 2573 3189 2642 honore,
3216 2591 3339 2641 quo
3367 2592 3462 2633 me
3487 2593 3595 2651 per

1944 2657 2260 2730 epistolam
2282 2660 2685 2731 prosequeris.

2470 2772 3067 2843 Episromjcuv".

237 2903 573 2980 Respondet
604 2902 874 2980 Basitius
907 2899 1125 2980 litteris
1152 2896 1645 2980 Ascﬂolz‘i,_cu_jus
1680 2895 1893 2952 laudat
1922 2895 2303 2980 charitatem,
2330 2900 2396 2950 ut
2427 2911 2548 2951 rem
2583 2909 2846 2980 maxime
2868 2912 3098 2980 raram,
3127 2912 3198 2953 ac
3227 2899 3490 2980 studium
3531 2902 3599 2956 in

301 2967 714 3032 beatissimum
746 2973 1168 3041 Athanasium,
1219 2974 1286 3025 ut
1317 2970 1712 3025 certissimum
1759 2981 1928 3025 same
1975 2967 2266 3023 doctrinae
2316 2973 2762 3039 argumentum.
2798 2968 2990 3036 Rogat
3022 2974 3088 3023 ut
3136 2969 3401 3040 qualibet
3432 2986 3599 3028 occa-

298 3051 469 3105 sione
487 3046 698 3102 oblata
724 3044 967 3101 scribat.

434 3168 710 3241 Ἀσχολίῳ
750 3167 878 3239 (54),
915 3164 1182 3238 ἐπισκόπῳ
1223 3161 1629 3223 Θεσσαλονίκης.

307 3287 491 3349 Καλῶς
522 3286 795 3353 ἐποίησας,
826 3288 915 3335 καὶ
946 3284 1079 3334 κατά
1107 3285 1190 3335 τὸν
1212 3291 1306 3343 τῆς
1338 3286 1689 3353 πνευματικῆς
1710 3276 1839 3349 ἀγοί-

235 3398 339 3439 πης
364 3382 545 3449 νόμον,
571 3373 833 3446 κατάρξας
871 3380 970 3427 τῶν
1018 3376 1143 3444 πρὸς
1194 3374 1335 3443 ἡμᾶς
1367 3371 1709 3445 γραμμάτων,
1752 3372 1841 3420 καὶ

236 3476 307 3537 τῷ
343 3466 526 3537 ἀγαθῷ
572 3460 927 3535 ὑποδείγματι
983 3464 1113 3536 πρὸς
1164 3464 1250 3513 τὸν
1290 3463 1466 3532 ὅμοιον
1508 3458 1662 3520 ζῆλον
1702 3460 1843 3529 ἡμᾶς

246 3555 669 3625 ἐπικαλεσάμενος.
702 3558 801 3606 Καὶ
821 3554 920 3626 γάρ
952 3551 981 3610 ὴ
1012 3554 1100 3623 μὲν
1127 3558 1219 3603 τοῦ
1244 3554 1447 3622 κόσμου
1503 3548 1648 3620 φιλία
1676 3547 1841 3619 ὀφθα-

244 3644 395 3715 λμῶν
427 3638 593 3694 δεῖται
634 3647 722 3694 καὶ
764 3644 1079 3712 συντυχίας,
1131 3641 1262 3691 ὥστε
1310 3637 1498 3691 ἐκεῖθεν
1544 3636 1719 3709 ἀρχὴν
1748 3642 1844 3698 τῆς

249 3733 534 3794 συνηθείας
555 3732 788 3801 γενέσθαι
817 3750 830 3763 ⁸
865 3730 913 3783 οἱ
944 3726 1003 3781 δὲ
1032 3735 1391 3801 πνευματικῶς
1420 3725 1626 3798 ἀγαπᾷν
1647 3721 1845 3786 εἰδότες

242 3823 307 3876 οὗ
327 3829 392 3894 τῇ
422 3825 576 3895 σαρκὶ
600 3819 825 3894 προξένῳ
853 3821 1143 3893 κέχρηνται
1170 3826 1262 3878 τῆς
1290 3816 1481 3889 φιλίας,
1503 3814 1633 3869 ἀλλὰ
1659 3821 1720 3886 τῇ
1750 3821 1844 3877 τῆς

239 3917 477 3975 πίστεως
534 3914 773 3981 κοινωνίᾳ
828 3911 959 3984 πρὸς
1014 3912 1107 3967 τὴν
1164 3910 1512 3979 πνευματικὴν
1568 3904 1844 3976 συνάφειαν

241 4006 484 4075 ᾶγονταί.
517 4003 686 4074 Χάρις
716 3995 805 4051 οὖν
841 4007 914 4070 τῷ
944 4002 1116 4073 Κυρίῳ
1152 4004 1225 4068 τῷ
1249 3995 1671 4070 παρακαλέσαντι
1700 3995 1845 4066 ἡμῶν

240 4097 337 4155 τὰς
360 4088 612 4163 καρδίας,
641 4088 689 4142 ἐν
727 4096 798 4160 τῷ
830 4084 1000 4151 δεῖξαι
1031 4088 1161 4155 (55),
1212 4088 1290 4139 ὃτι
1319 4085 1414 4138 οὐκ
1444 4084 1492 4137 ἐν
1524 4090 1659 4138 πᾶσι
1701 4087 1848 4137 κατέ-

236 4183 444 4253 ψυκται
472 4182 503 4238 ἠ
536 4178 713 4250 ἀγάπη
742 4199 754 4211 -
788 4175 896 4229 ἀλλ’
932 4177 1036 4229 εἰσί
1060 4195 1159 4229 που
1188 4184 1278 4236 τῆς
1303 4176 1576 4247 οἰκουμένη
1589 4195 1627 4243 ς,
1675 4176 1723 4226 οἱ
1752 4181 1847 4235 τῆς

237 4277 485 4346 Χριστοῦ
517 4270 797 4342 μαθητιίας
828 4270 912 4319 τὸν
933 4274 1255 4340 χαρακτῆρα
1284 4261 1593 4325 δεικνύντες.
1619 4267 1719 4316 Καὶ
1742 4267 1850 4315 τοί-

238 4384 331 4414 νυν
354 4358 504 4423 ἔδοξέ
530 4378 621 4431 μοι
646 4361 705 4410 τὸ
735 4356 851 4409 καθ’
883 4358 1013 4427 ὑμᾶς
1040 4354 1257 4429 ἐοικέναι
1286 4360 1507 4427 πρᾶγμα
1558 4354 1774 4426 ἄστροις
1800 4350 1847 4403 ἐν

241 4457 521 4524 νυκτερινῇ
554 4450 827 4519 συναφείᾳ,
850 4444 1023 4505 ἄλλοις
1052 4443 1166 4496 κατ’
1193 4442 1322 4495 ἄλλα
1349 4445 1479 4515 μέρη
1512 4449 1603 4494 τοῦ
1630 4441 1847 4514 οὐρανοῦ

2174 3160 2479 3231 Ascholio,
2511 3162 2783 3232 episcopo
2830 3161 3365 3222 Thessalonicensi.

2020 3277 2198 3335 Recte
2227 3278 2433 3348 fecisti,
2465 3283 2522 3334 et
2561 3279 2894 3335 secundum
2926 3279 3261 3337 dilectionis
3311 3282 3594 3354 spiritua-

1947 3366 2020 3423 lis
2046 3367 2265 3437 legem,
2292 3367 2456 3438 quod
2489 3368 2649 3439 prior
2698 3370 2777 3425 ad
2822 3384 2935 3425 nos
2982 3369 3312 3442 scripseris,
3362 3388 3596 3445 nosque

1950 3456 2190 3526 egregio
2220 3455 2496 3528 exemplo
2523 3457 2603 3512 ad
2632 3456 2825 3513 simile
2850 3458 3116 3514 studium
3149 3462 3594 3531 provocaveris.

1950 3548 2099 3602 Nam
2126 3545 2341 3601 mundi
2362 3545 2623 3602 amicitia
2651 3546 2838 3602 oculis
2864 3546 3089 3618 indiget
3134 3564 3204 3604 ac
3251 3564 3599 3619 congressu,

1952 3638 2018 3692 ut
2043 3635 2185 3691 inde
2226 3638 2511 3691 nascatur
2540 3637 2989 3692 consuetudinis
3040 3637 3311 3695 initium:
3363 3641 3467 3695 sed
3497 3641 3602 3712 qui

1953 3723 2336 3797 spiritualiter
2386 3739 2591 3781 amare
2666 3724 2882 3796 sciunt,
2954 3741 3348 3799 nequaquam
3422 3744 3603 3786 carne

1953 3817 2201 3870 utuntur
2230 3812 2505 3870 amicitiae
2536 3813 2969 3881 conciliatrice;
3000 3814 3106 3870 sed
3134 3815 3274 3871 ﬁdei
3324 3831 3603 3874 commu-

1953 3903 2133 3961 nione
2179 3902 2259 3959 ad
2307 3902 2676 3975 spiritualem
2732 3903 3219 3975 conjunctionem
3280 3905 3603 3965 ducuntur.

1955 3993 2159 4065 Itaque
2186 3995 2382 4062 grates
2433 3994 2569 4058 Deo,
2602 3992 2707 4065 qui
2755 3994 2942 4049 corda
2998 3998 3211 4051 nostra
3253 3996 3603 4053 consolatus

1955 4086 2063 4150 est,
2116 4081 2264 4137 dum
2318 4081 2669 4137 charitatem
2716 4096 2840 4137 non
2891 4083 2952 4138 in
2990 4083 3277 4139 omnibus
3306 4084 3607 4142 refrixisse

1956 4170 2217 4227 ostendit
2244 4191 2255 4224 :
2292 4170 2398 4226 sed
2422 4169 2669 4243 reperiri
2699 4170 2920 4228 alicubi
2947 4176 3261 4237 terrarum,
3286 4173 3390 4245 qui
3421 4174 3605 4230 disci-

1955 4259 2236 4333 pulorum
2260 4259 2468 4316 Christi
2500 4259 2808 4331 propriam
2856 4265 3063 4317 notam
3102 4277 3225 4333 prae
3282 4279 3346 4317 se
3384 4262 3604 4319 ferant.

1955 4349 2044 4406 Ad
2074 4365 2171 4405 res
2201 4348 2449 4421 quidem
2474 4353 2686 4405 vestrae
2716 4348 3051 4420 persimiles
3099 4349 3246 4405 mihi
3295 4350 3434 4405 visae
3466 4355 3608 4407 sunt

1959 4437 2254 4494 sideribus
2281 4437 2343 4492 in
2377 4436 2672 4493 nebulosa
2700 4441 2875 4493 nocte
2898 4436 3046 4493 alias
3072 4437 3203 4493 aliis
3242 4438 3371 4493 coeli
3403 4444 3605 4510 partes

244 4537 668 4611 διαλάμπουσαν
700 4536 767 4586 ὧν
799 4538 1069 4609 χαρίεσσα
1106 4535 1196 4605 μὲν
1236 4534 1265 4590 ἡ
1299 4532 1623 4605 )·αμπρότης’
1669 4534 1839 4605 χαρά

1958 4526 2427 4584 illustrantibus:
2463 4542 2723 4599 quorum
2754 4530 2960 4596 gratus
3008 4526 3255 4598 quidem
3296 4527 3604 4600 splendor,

246 4649 430 4704 στιρον
464 4626 527 4680 δί
581 4623 757 4684 δήπου
795 4627 854 4676 τὸ
913 4619 1336 4696 ἀπροσδόκητον.
1386 4628 1627 4674 Τοιοῦτοι
1674 4616 1734 4673 δὲ
1763 4623 1851 4672 καὶ

245 4724 412 4795 ὑμεῖς,
463 4721 518 4772 οἱ
564 4725 665 4770 τῶν
718 4714 1035 4773 Ἐκκλησιῶν
1075 4721 1359 4788 φωστῆρες,
1396 4710 1563 4783 ὀλίγοι
1599 4709 1853 4770 παντελῶς

241 4819 334 4864 καὶ
365 4810 717 4883 εὗαρίθμητοι
751 4806 800 4857 ἐν
847 4812 909 4877 τῇ
963 4804 1248 4875 σκυθρωπῇ
1290 4804 1455 4874 ταύτῃ
1506 4801 1848 4865 καταστάσει,

243 4904 348 4954 οἷον
376 4900 426 4953 ἐν
461 4899 766 4968 σκοτομήνη
800 4891 1207 4966 διαφαινόμενοι,
1227 4895 1351 4965 πρὸς
1372 4899 1443 4963 τῷ
1464 4889 1518 4942 ἐκ
1549 4897 1637 4949 τῆς
1665 4888 1854 4964 ἀρετῆς

244 4995 511 5065 χαρίεντι,
548 4990 626 5039 ἔτι
650 4990 741 5037 καὶ
769 4991 842 5055 τῷ
876 4986 1078 5054 σπανίῳ
1106 4990 1198 5043 τῆς
1242 4983 1510 5054 εὑρέσεως,
1537 4982 1595 5031 τὸ
1632 4981 1852 5053 περιπό-

315 5169 427 5248 t5?)
464 5162 902 5248 Ἰζεθαρρηκότωςζ
922 5160 1013 5248 Sic
1046 5164 1300 5248 uterque
1313 5155 1493 5248 .(I‘insl:
1531 5171 1672 5248 cum
1700 5152 1851 5248 aliis.

246 5225 395 5297 Edili
413 5225 830 5313 vaGa‘éﬁimé-TK:
864 5231 1045 5313 Paulo
1071 5225 1217 5313 ρο-ξῐ
1232 5229 1530 5313 ϐςίἱῐίλτρρς
1568 5231 1625 5313 τέ
1654 5225 1851 5313 ἐφεξῆςἒ

245 5314 379 5368 Tres
406 5297 828 5382 antiquissimi
850 5297 1107 5369 codices,
1145 5301 1338 5371 Harl.,
1370 5297 1553 5366 Méd.,
1583 5297 1758 5356 Coi’sl.
1793 5300 1857 5354 ut

252 5384 524 5440 intextu.
642 5450 652 5453 Α
825 5449 833 5453 Α
925 5448 965 5453 μ
1356 5445 1366 5453 ,
1454 5441 1485 5453 _,
1559 5440 1569 5452 ,
1647 5440 1656 5451 .
1784 5439 1822 5453 ,.

320 5460 427 5523 (Si)
455 5450 757 5525 Ἀσχολίῳ,
782 5449 893 5504 etc.
925 5444 1175 5525 Ita-editi
1202 5448 1256 5499 et
1275 5439 1856 5525 vetustissimicodi:

265 5508 467 5582 easint
495 5508 781 5581 in”Coi'sl.
808 5516 1095 5579 secundo,
1137 5518 1277 5584 Reg.
1320 5512 1607 5569 secundo.
1641 5513 1763 5567 Vat.
1802 5514 1857 5567 et

268 5597 431 5653 Paris.
476 5598 567 5654 sic
627 5592 849 5665 legitur
885 5588 1091 5647 titulus
1140 5585 1405 5660 Ἀσχολίῳ
1461 5586 1739 5658 μονάζοντι
1768 5587 1857 5635 καὶ

1960 4617 2067 4674 sed
2096 4633 2167 4673 eo
2207 4617 2449 4686 gratior,
2504 4616 2671 4689 quod
2719 4631 2842 4672 non
2898 4620 3297 4687 exspectatur.
3335 4618 3502 4676 Tales
3555 4624 3612 4678 et

1959 4722 2070 4763 vos
2090 4706 2252 4772 estis,
2286 4705 2682 4762 Ecclesiarum
2711 4705 2963 4771 lumina,
2987 4706 3165 4776 pauci
3190 4706 3526 4764 admodum
3554 4715 3610 4767 et

1961 4795 2130 4852 facile
2156 4794 2581 4860 numerabiles,
2609 4794 2670 4850 in
2700 4795 2813 4851 hac
2843 4793 2993 4849 tristi
3021 4810 3223 4850 rerum
3245 4796 3607 4870 conditione,

1963 4883 2137 4956 quasi
2167 4883 2226 4938 in
2258 4887 2432 4939 nocte
2470 4883 2636 4937 illuni
2679 4887 3081 4949 coruscantes,
3124 4890 3340 4956 praeter
3381 4888 3613 4945 virtutis

1965 4972 2242 5043 gratiam,
2275 4970 2414 5025 inde
2443 4973 2622 5026 etiam
2649 4971 2817 5043 quod
2844 4971 2964 5028 rari
2996 4971 3119 5028 sitis
3150 4973 3420 5043 inventu,
3460 4976 3613 5032 desi-

1963 5148 2315 5224 πρεσϐυτέρῳ,
2348 5147 2631 5224 Ascholio
2671 5149 2961 5224 monacho
2990 5156 3044 5207 et
3072 5152 3434 5223 presbytero.
3469 5155 3610 5221 Reg.

1964 5219 2195 5354 gigans
2224 5219 2301 5277 'et
2358 5221 2539 5291 Bigot.
2602 5219 2829 5277 habent
2871 5219 3107 5279 tantum
3155 5219 3419 5295 Ἀσχολίῳ
3457 5219 3613 5295 μονᾶ-

2036 5364 2148 5436 (55)
2178 5363 2259 5415 Ἐν
2289 5360 2573 5436 redargui.
2603 5366 2688 5420 Ita
2717 5363 2887 5433 Med.,
2912 5364 3064 5420 Harl.
3088 5368 3143 5420 et
3166 5363 3337 5421 Coisl.
3362 5364 3612 5436 primus.

1968 5433 2201 5491 Editi'éx
2231 5433 2339 5487 τοῦν
2355 5433 2543 5499 δεῖξαι.

2037 5508 2055 5527 '
2084 5505 2243 5578 Alias
2274 5509 2714 5564 CCCCXXXVIH.
2750 5505 2978 5578 Scripta
3006 5519 3167 5561 anno
3206 5510 3330 5563 373.

2038 5578 2084 5600 "
2113 5577 2273 5635 Alias
2305 5580 2677 5636 CCCXXXVII.
2702 5578 2929 5650 Scripta
2958 5590 3120 5633 anno
3150 5580 3278 5636 373.
