  <div class='ocr_page' id='page_1' title='image "/cluster/home/n/w/nwhite01/storage/ocr_20150623/32/hvd.32044048207401/312.png"; bbox 0 0 4062 6214; ppageno 0'>
   <div class='ocr_carea' id='block_1_1' title="bbox 219 239 299 295">
    <p class='ocr_par' dir='ltr' id='par_1_1' title="bbox 219 239 299 295">
     <span class='ocr_line' id='line_1_1' title="bbox 219 239 299 295; baseline -0.013 0"><span class='ocrx_word' id='word_1_1' title='bbox 219 239 299 295; x_wconf 76' lang='grc'>613</span> 
     </span>
    </p>
   </div>
   <div class='ocr_carea' id='block_1_2' title="bbox 1145 221 2534 283">
    <p class='ocr_par' dir='ltr' id='par_1_2' title="bbox 1145 221 2534 283">
     <span class='ocr_line' id='line_1_2' title="bbox 1145 221 2534 283; baseline 0 -1"><span class='ocrx_word' id='word_1_2' title='bbox 1145 221 1632 282; x_wconf 75' lang='lat' dir='ltr'>EPISTOLARUM</span> <span class='ocrx_word' id='word_1_3' title='bbox 1669 221 1954 280; x_wconf 85' lang='lat' dir='ltr'>CLASSIS</span> <span class='ocrx_word' id='word_1_4' title='bbox 1993 225 2057 280; x_wconf 89' lang='grc'><strong>11.</strong></span> <span class='ocrx_word' id='word_1_5' title='bbox 2101 227 2314 283; x_wconf 84' lang='lat' dir='ltr'>EPIST.</span> <span class='ocrx_word' id='word_1_6' title='bbox 2357 223 2534 283; x_wconf 82' lang='lat' dir='ltr'>CLVI.</span> 
     </span>
    </p>
   </div>
   <div class='ocr_carea' id='block_1_3' title="bbox 3415 235 3522 292">
    <p class='ocr_par' dir='ltr' id='par_1_3' title="bbox 3415 235 3522 292">
     <span class='ocr_line' id='line_1_3' title="bbox 3415 235 3522 292; baseline 0.019 -2"><span class='ocrx_word' id='word_1_7' title='bbox 3415 235 3522 292; x_wconf 72' lang='grc'><strong>614</strong></span> 
     </span>
    </p>
   </div>
   <div class='ocr_carea' id='block_1_4' title="bbox 216 346 1793 430">
    <p class='ocr_par' dir='ltr' id='par_1_4' title="bbox 216 346 1793 430">
     <span class='ocr_line' id='line_1_4' title="bbox 216 346 1793 430; baseline -0.009 -18"><span class='ocrx_word' id='word_1_8' title='bbox 216 367 286 417; x_wconf 81' lang='grc' dir='ltr'>καὶ</span> <span class='ocrx_word' id='word_1_9' title='bbox 327 359 433 430; x_wconf 68' lang='grc' dir='ltr'>ὑπὲρ</span> <span class='ocrx_word' id='word_1_10' title='bbox 475 361 570 406; x_wconf 87' lang='grc' dir='ltr'>τῶν</span> <span class='ocrx_word' id='word_1_11' title='bbox 618 351 666 404; x_wconf 75' lang='grc' dir='ltr'>ἓν</span> <span class='ocrx_word' id='word_1_12' title='bbox 717 348 1042 425; x_wconf 79' lang='grc' dir='ltr'>ἀποδημίαις</span> <span class='ocrx_word' id='word_1_13' title='bbox 1092 347 1324 423; x_wconf 75' lang='grc' dir='ltr'>ἀδελφῶν</span> <span class='ocrx_word' id='word_1_14' title='bbox 1365 346 1622 420; x_wconf 79' lang='grc' dir='ltr'>δεόμεθα,</span> <span class='ocrx_word' id='word_1_15' title='bbox 1666 351 1755 399; x_wconf 85' lang='grc' dir='ltr'>καὶ</span> <span class='ocrx_word' id='word_1_16' title='bbox 1791 397 1793 404; x_wconf 81' lang='grc'>,</span> 
     </span>
    </p>
   </div>
   <div class='ocr_carea' id='block_1_5' title="bbox 1899 346 3522 430">
    <p class='ocr_par' dir='ltr' id='par_1_5' title="bbox 1899 347 3522 430">
     <span class='ocr_line' id='line_1_5' title="bbox 1899 347 3522 430; baseline 0.007 -26"><span class='ocrx_word' id='word_1_17' title='bbox 1899 347 2092 420; x_wconf 71' lang='lat' dir='ltr'>[uibus</span> <span class='ocrx_word' id='word_1_18' title='bbox 2113 355 2171 407; x_wconf 91' lang='lat' dir='ltr'>et</span> <span class='ocrx_word' id='word_1_19' title='bbox 2189 367 2296 423; x_wconf 91' lang='lat' dir='ltr'>pro</span> <span class='ocrx_word' id='word_1_20' title='bbox 2319 351 2601 408; x_wconf 77' lang='lat' dir='ltr'>fratribus</span> <span class='ocrx_word' id='word_1_21' title='bbox 2619 354 3146 424; x_wconf 77' lang='lat' dir='ltr'>peregrinantibus</span> <span class='ocrx_word' id='word_1_22' title='bbox 3168 373 3522 430; x_wconf 81' lang='lat' dir='ltr'>precamur;</span> 
     </span>
    </p>
   </div>
   <div class='ocr_carea' id='block_1_6' title="bbox 218 439 1756 525">
    <p class='ocr_par' dir='ltr' id='par_1_6' title="bbox 218 439 1756 525">
     <span class='ocr_line' id='line_1_6' title="bbox 218 439 1756 525; baseline -0.01 -19"><span class='ocrx_word' id='word_1_23' title='bbox 218 455 316 525; x_wconf 70' lang='grc' dir='ltr'>ὑπὲρ</span> <span class='ocrx_word' id='word_1_24' title='bbox 382 454 467 498; x_wconf 84' lang='grc' dir='ltr'>τῶν</span> <span class='ocrx_word' id='word_1_25' title='bbox 528 442 576 494; x_wconf 76' lang='grc' dir='ltr'>ἐν</span> <span class='ocrx_word' id='word_1_26' title='bbox 645 450 756 503; x_wconf 88' lang='grc' dir='ltr'>ταῖς</span> <span class='ocrx_word' id='word_1_27' title='bbox 822 447 1122 515; x_wconf 74' lang='grc' dir='ltr'>στρατείαις</span> <span class='ocrx_word' id='word_1_28' title='bbox 1187 439 1598 512; x_wconf 74' lang='grc' dir='ltr'>ἐξεταζομένων,</span> <span class='ocrx_word' id='word_1_29' title='bbox 1665 443 1756 490; x_wconf 84' lang='grc' dir='ltr'>καὶ</span> 
     </span>
    </p>
   </div>
   <div class='ocr_carea' id='block_1_7' title="bbox 215 528 1761 612">
    <p class='ocr_par' dir='ltr' id='par_1_7' title="bbox 215 528 1761 612">
     <span class='ocr_line' id='line_1_7' title="bbox 215 528 1761 612; baseline -0.009 -19"><span class='ocrx_word' id='word_1_30' title='bbox 215 543 315 612; x_wconf 73' lang='grc' dir='ltr'>ὑπερ</span> <span class='ocrx_word' id='word_1_31' title='bbox 363 533 846 609; x_wconf 74' lang='grc' dir='ltr'>παρρησιαζομένων</span> <span class='ocrx_word' id='word_1_32' title='bbox 908 528 1001 584; x_wconf 73' lang='grc' dir='ltr'>διὰ</span> <span class='ocrx_word' id='word_1_33' title='bbox 1057 534 1116 583; x_wconf 72' lang='grc' dir='ltr'>τὸ</span> <span class='ocrx_word' id='word_1_34' title='bbox 1173 533 1334 602; x_wconf 78' lang='grc' dir='ltr'>ὄνομα</span> <span class='ocrx_word' id='word_1_35' title='bbox 1393 533 1611 604; x_wconf 80' lang='grc' dir='ltr'>Κυρίου,</span> <span class='ocrx_word' id='word_1_36' title='bbox 1670 532 1761 579; x_wconf 85' lang='grc' dir='ltr'>καὶ</span> 
     </span>
    </p>
   </div>
   <div class='ocr_carea' id='block_1_8' title="bbox 216 615 1759 701">
    <p class='ocr_par' dir='ltr' id='par_1_8' title="bbox 216 615 1759 701">
     <span class='ocr_line' id='line_1_8' title="bbox 216 615 1759 701; baseline -0.008 -21"><span class='ocrx_word' id='word_1_37' title='bbox 216 631 316 701; x_wconf 71' lang='grc' dir='ltr'>ὑπὲρ</span> <span class='ocrx_word' id='word_1_38' title='bbox 365 633 450 677; x_wconf 82' lang='grc' dir='ltr'>τῶν</span> <span class='ocrx_word' id='word_1_39' title='bbox 497 626 618 683; x_wconf 81' lang='grc' dir='ltr'>τοὺς</span> <span class='ocrx_word' id='word_1_40' title='bbox 667 625 1048 694; x_wconf 82' lang='grc' dir='ltr'>πνευματικούς</span> <span class='ocrx_word' id='word_1_41' title='bbox 1113 623 1342 694; x_wconf 83' lang='grc' dir='ltr'>καρπούς</span> <span class='ocrx_word' id='word_1_42' title='bbox 1394 615 1759 689; x_wconf 82' lang='grc' dir='ltr'>ἐπιδεικνυμέ-</span> 
     </span>
    </p>
   </div>
   <div class='ocr_carea' id='block_1_9' title="bbox 213 708 1760 784">
    <p class='ocr_par' dir='ltr' id='par_1_9' title="bbox 213 708 1760 784">
     <span class='ocr_line' id='line_1_9' title="bbox 213 708 1760 784; baseline -0.006 -16"><span class='ocrx_word' id='word_1_43' title='bbox 213 739 308 784; x_wconf 80' lang='grc' dir='ltr'>νων,</span> <span class='ocrx_word' id='word_1_44' title='bbox 353 713 393 765; x_wconf 82' lang='grc' dir='ltr'>ἐν</span> <span class='ocrx_word' id='word_1_45' title='bbox 438 720 494 784; x_wconf 77' lang='grc' dir='ltr'>τῇ</span> <span class='ocrx_word' id='word_1_46' title='bbox 558 710 686 783; x_wconf 75' lang='grc' dir='ltr'>ἁγίᾳ</span> <span class='ocrx_word' id='word_1_47' title='bbox 737 708 1020 782; x_wconf 74' lang='grc' dir='ltr'>Ἐκκλησία</span> <span class='ocrx_word' id='word_1_48' title='bbox 1067 711 1158 770; x_wconf 82' lang='grc' dir='ltr'>τὰς</span> <span class='ocrx_word' id='word_1_49' title='bbox 1217 708 1378 780; x_wconf 84' lang='grc' dir='ltr'>εύχὰς</span> <span class='ocrx_word' id='word_1_50' title='bbox 1431 708 1760 780; x_wconf 84' lang='grc' dir='ltr'>ποιούμεθα·</span> 
     </span>
    </p>
   </div>
   <div class='ocr_carea' id='block_1_10' title="bbox 217 796 1765 870">
    <p class='ocr_par' dir='ltr' id='par_1_10' title="bbox 217 796 1765 870">
     <span class='ocr_line' id='line_1_10' title="bbox 217 796 1765 870; baseline -0.006 -12"><span class='ocrx_word' id='word_1_51' title='bbox 217 809 269 858; x_wconf 79' lang='grc' dir='ltr'>ὧν</span> <span class='ocrx_word' id='word_1_52' title='bbox 299 806 473 862; x_wconf 81' lang='grc' dir='ltr'>πάντως</span> <span class='ocrx_word' id='word_1_53' title='bbox 523 799 570 852; x_wconf 83' lang='grc' dir='ltr'>ἐν</span> <span class='ocrx_word' id='word_1_54' title='bbox 617 807 727 861; x_wconf 88' lang='grc' dir='ltr'>τοῖς</span> <span class='ocrx_word' id='word_1_55' title='bbox 765 799 996 852; x_wconf 79' lang='grc' dir='ltr'>πλείοσιν</span> <span class='ocrx_word' id='word_1_56' title='bbox 1023 800 1135 870; x_wconf 86' lang='grc'>(66)</span> <span class='ocrx_word' id='word_1_57' title='bbox 1183 799 1211 858; x_wconf 77' lang='grc' dir='ltr'>ἦ</span> <span class='ocrx_word' id='word_1_58' title='bbox 1254 803 1346 850; x_wconf 82' lang='grc' dir='ltr'>καὶ</span> <span class='ocrx_word' id='word_1_59' title='bbox 1393 796 1442 850; x_wconf 79' lang='grc' dir='ltr'>ἓν</span> <span class='ocrx_word' id='word_1_60' title='bbox 1486 803 1592 859; x_wconf 84' lang='grc' dir='ltr'>τοῖς</span> <span class='ocrx_word' id='word_1_61' title='bbox 1631 803 1765 850; x_wconf 85' lang='grc' dir='ltr'>πᾶσι</span> 
     </span>
    </p>
   </div>
   <div class='ocr_carea' id='block_1_11' title="bbox 213 887 1766 966">
    <p class='ocr_par' dir='ltr' id='par_1_11' title="bbox 213 887 1766 966">
     <span class='ocr_line' id='line_1_11' title="bbox 213 887 1766 966; baseline -0.02 -8"><span class='ocrx_word' id='word_1_62' title='bbox 213 893 444 966; x_wconf 71' lang='grc' dir='ltr'>νομίζομεν</span> <span class='ocrx_word' id='word_1_63' title='bbox 501 893 594 942; x_wconf 80' lang='grc' dir='ltr'>καὶ</span> <span class='ocrx_word' id='word_1_64' title='bbox 659 893 752 947; x_wconf 71' lang='grc' dir='ltr'>τὴν</span> <span class='ocrx_word' id='word_1_65' title='bbox 813 892 910 947; x_wconf 72' lang='grc' dir='ltr'>σὴν</span> <span class='ocrx_word' id='word_1_66' title='bbox 979 887 1521 962; x_wconf 79' lang='grc' dir='ltr'>ἐμπεριλαμϐάνεσθαι</span> <span class='ocrx_word' id='word_1_67' title='bbox 1596 891 1766 960; x_wconf 66' lang='grc' dir='ltr'>τιμιά-</span> 
     </span>
    </p>
   </div>
   <div class='ocr_carea' id='block_1_12' title="bbox 215 974 1766 1050">
    <p class='ocr_par' dir='ltr' id='par_1_12' title="bbox 215 974 1766 1050">
     <span class='ocr_line' id='line_1_12' title="bbox 215 974 1766 1050; baseline -0.005 -15"><span class='ocrx_word' id='word_1_68' title='bbox 215 1001 341 1040; x_wconf 65' lang='lat' dir='ltr'>mra.</span> <span class='ocrx_word' id='word_1_69' title='bbox 377 975 502 1050; x_wconf 75' lang='grc' dir='ltr'>’ἰδίᾳ</span> <span class='ocrx_word' id='word_1_70' title='bbox 553 974 613 1030; x_wconf 84' lang='grc' dir='ltr'>δέ</span> <span class='ocrx_word' id='word_1_71' title='bbox 659 996 754 1029; x_wconf 87' lang='grc' dir='ltr'>σου</span> <span class='ocrx_word' id='word_1_72' title='bbox 802 979 948 1049; x_wconf 66' lang='grc' dir='ltr'>ἡμεῖς</span> <span class='ocrx_word' id='word_1_73' title='bbox 991 985 1102 1038; x_wconf 84' lang='grc' dir='ltr'>πῶς</span> <span class='ocrx_word' id='word_1_74' title='bbox 1151 976 1210 1028; x_wconf 80' lang='grc' dir='ltr'>ἀν</span> <span class='ocrx_word' id='word_1_75' title='bbox 1261 975 1644 1048; x_wconf 77' lang='grc' dir='ltr'>ἐπιλαθώμεθα,</span> <span class='ocrx_word' id='word_1_76' title='bbox 1673 995 1766 1028; x_wconf 90' lang='grc' dir='ltr'>το-</span> 
     </span>
    </p>
   </div>
   <div class='ocr_carea' id='block_1_13' title="bbox 215 1061 1766 1139">
    <p class='ocr_par' dir='ltr' id='par_1_13' title="bbox 215 1061 1766 1139">
     <span class='ocr_line' id='line_1_13' title="bbox 215 1061 1766 1139; baseline -0.005 -17"><span class='ocrx_word' id='word_1_77' title='bbox 215 1077 354 1124; x_wconf 70' lang='grc' dir='ltr'>σαῦτα</span> <span class='ocrx_word' id='word_1_78' title='bbox 387 1071 594 1139; x_wconf 82' lang='grc' dir='ltr'>ἔχοντες</span> <span class='ocrx_word' id='word_1_79' title='bbox 640 1069 708 1119; x_wconf 86' lang='grc' dir='ltr'>τά</span> <span class='ocrx_word' id='word_1_80' title='bbox 747 1075 991 1118; x_wconf 77' lang='grc' dir='ltr'>κινοῦντα</span> <span class='ocrx_word' id='word_1_81' title='bbox 1015 1069 1042 1124; x_wconf 76' lang='grc' dir='ltr'>ἡ</span> <span class='ocrx_word' id='word_1_82' title='bbox 1052 1073 1152 1138; x_wconf 80' lang='grc' dir='ltr'>μᾶς</span> <span class='ocrx_word' id='word_1_83' title='bbox 1193 1069 1323 1138; x_wconf 84' lang='grc' dir='ltr'>πρὸς</span> <span class='ocrx_word' id='word_1_84' title='bbox 1346 1071 1576 1138; x_wconf 75' lang='grc' dir='ltr'>μνήμην,</span> <span class='ocrx_word' id='word_1_85' title='bbox 1611 1061 1766 1118; x_wconf 84' lang='grc' dir='ltr'>ἀδελ-</span> 
     </span>
    </p>
   </div>
   <div class='ocr_carea' id='block_1_14' title="bbox 212 1151 1768 1232">
    <p class='ocr_par' dir='ltr' id='par_1_14' title="bbox 212 1151 1768 1232">
     <span class='ocr_line' id='line_1_14' title="bbox 212 1151 1768 1232; baseline -0.004 -23"><span class='ocrx_word' id='word_1_86' title='bbox 212 1165 292 1232; x_wconf 64' lang='grc' dir='ltr'>φὴν</span> <span class='ocrx_word' id='word_1_87' title='bbox 347 1157 584 1212; x_wconf 75' lang='grc' dir='ltr'>τοιαύτην</span> <span class='ocrx_word' id='word_1_88' title='bbox 615 1197 628 1220; x_wconf 89' lang='grc'>,</span> <span class='ocrx_word' id='word_1_89' title='bbox 705 1151 1016 1226; x_wconf 69' lang='grc' dir='ltr'>ἀδελφιδούς</span> <span class='ocrx_word' id='word_1_90' title='bbox 1088 1157 1397 1220; x_wconf 86' lang='grc' dir='ltr'>τοιούτους,</span> <span class='ocrx_word' id='word_1_91' title='bbox 1467 1158 1768 1225; x_wconf 80' lang='grc' dir='ltr'>συγγένειαν</span> 
     </span>
    </p>
   </div>
   <div class='ocr_carea' id='block_1_15' title="bbox 210 1241 1770 1319">
    <p class='ocr_par' dir='ltr' id='par_1_15' title="bbox 210 1241 1770 1319">
     <span class='ocr_line' id='line_1_15' title="bbox 210 1241 1770 1319; baseline -0.004 -19"><span class='ocrx_word' id='word_1_92' title='bbox 210 1247 320 1300; x_wconf 70' lang='grc' dir='ltr'>οὕτω</span> <span class='ocrx_word' id='word_1_93' title='bbox 363 1249 628 1319; x_wconf 75' lang='grc' dir='ltr'>χρηστὴν,</span> <span class='ocrx_word' id='word_1_94' title='bbox 677 1244 836 1304; x_wconf 76' lang='grc' dir='ltr'>οὕτως</span> <span class='ocrx_word' id='word_1_95' title='bbox 886 1242 1172 1315; x_wconf 76' lang='grc' dir='ltr'>ἀγαπῶσαν</span> <span class='ocrx_word' id='word_1_96' title='bbox 1225 1245 1386 1316; x_wconf 76' lang='grc' dir='ltr'>ἡμᾶς,</span> <span class='ocrx_word' id='word_1_97' title='bbox 1437 1241 1596 1311; x_wconf 85' lang='grc' dir='ltr'>οἶκον,</span> <span class='ocrx_word' id='word_1_98' title='bbox 1640 1241 1770 1294; x_wconf 79' lang='grc' dir='ltr'>οἰκέ-</span> 
     </span>
    </p>
   </div>
   <div class='ocr_carea' id='block_1_16' title="bbox 209 1331 1772 1406">
    <p class='ocr_par' dir='ltr' id='par_1_16' title="bbox 209 1331 1772 1406">
     <span class='ocr_line' id='line_1_16' title="bbox 209 1331 1772 1406; baseline -0.003 -18"><span class='ocrx_word' id='word_1_99' title='bbox 209 1355 301 1404; x_wconf 86' lang='grc' dir='ltr'>τας,</span> <span class='ocrx_word' id='word_1_100' title='bbox 339 1333 543 1406; x_wconf 65' lang='grc' dir='ltr'>φᾶουςσ</span> <span class='ocrx_word' id='word_1_101' title='bbox 589 1331 642 1395; x_wconf 81' lang='grc' dir='ltr'><em>ἐξ</em></span> <span class='ocrx_word' id='word_1_102' title='bbox 693 1333 780 1403; x_wconf 79' lang='grc' dir='ltr'>ὧν,</span> <span class='ocrx_word' id='word_1_103' title='bbox 830 1331 925 1384; x_wconf 76' lang='grc' dir='ltr'>κᾶν</span> <span class='ocrx_word' id='word_1_104' title='bbox 973 1337 1042 1404; x_wconf 78' lang='grc' dir='ltr'>μή</span> <span class='ocrx_word' id='word_1_105' title='bbox 1098 1331 1428 1405; x_wconf 73' lang='grc' dir='ltr'>βουλώμεθα,</span> <span class='ocrx_word' id='word_1_106' title='bbox 1481 1331 1772 1404; x_wconf 71' lang='grc' dir='ltr'>ἀναγκαίως</span> 
     </span>
    </p>
   </div>
   <div class='ocr_carea' id='block_1_17' title="bbox 209 1419 1766 1496">
    <p class='ocr_par' dir='ltr' id='par_1_17' title="bbox 209 1419 1766 1496">
     <span class='ocr_line' id='line_1_17' title="bbox 209 1419 1766 1496; baseline -0.003 -19"><span class='ocrx_word' id='word_1_107' title='bbox 209 1423 674 1496; x_wconf 71' lang='grc' dir='ltr'>ὑπομιμνησκόμεθοὶ</span> <span class='ocrx_word' id='word_1_108' title='bbox 755 1441 850 1474; x_wconf 89' lang='grc' dir='ltr'>σου</span> <span class='ocrx_word' id='word_1_109' title='bbox 928 1429 1018 1482; x_wconf 79' lang='grc' dir='ltr'>τῆς</span> <span class='ocrx_word' id='word_1_110' title='bbox 1093 1419 1296 1492; x_wconf 78' lang='grc' dir='ltr'>ἀγαθῆς</span> <span class='ocrx_word' id='word_1_111' title='bbox 1373 1426 1766 1495; x_wconf 84' lang='grc' dir='ltr'>προαιρέσεως;</span> 
     </span>
    </p>
   </div>
   <div class='ocr_carea' id='block_1_18' title="bbox 211 1507 1773 1587">
    <p class='ocr_par' dir='ltr' id='par_1_18' title="bbox 211 1507 1773 1587">
     <span class='ocr_line' id='line_1_18' title="bbox 211 1507 1773 1587; baseline -0.003 -20"><span class='ocrx_word' id='word_1_112' title='bbox 211 1519 310 1587; x_wconf 81' lang='grc' dir='ltr'>Περὶ</span> <span class='ocrx_word' id='word_1_113' title='bbox 352 1509 406 1565; x_wconf 68' lang='grc' dir='ltr'>δὲ</span> <span class='ocrx_word' id='word_1_114' title='bbox 451 1508 612 1564; x_wconf 69' lang='grc' dir='ltr'>τοῦδε</span> <span class='ocrx_word' id='word_1_115' title='bbox 654 1513 680 1563; x_wconf 84' lang='grc' dir='ltr'><strong><em>ὁ</em></strong></span> <span class='ocrx_word' id='word_1_116' title='bbox 726 1508 943 1584; x_wconf 71' lang='grc' dir='ltr'>ἀδελφός</span> <span class='ocrx_word' id='word_1_117' title='bbox 974 1513 1000 1563; x_wconf 83' lang='grc' dir='ltr'><strong><em>ὁ</em></strong></span> <span class='ocrx_word' id='word_1_118' title='bbox 1037 1507 1184 1564; x_wconf 81' lang='grc' dir='ltr'>δεῖνα</span> <span class='ocrx_word' id='word_1_119' title='bbox 1220 1508 1372 1562; x_wconf 81' lang='grc' dir='ltr'>ούδεν</span> <span class='ocrx_word' id='word_1_120' title='bbox 1412 1513 1536 1583; x_wconf 77' lang='grc' dir='ltr'>ἡμῖν</span> <span class='ocrx_word' id='word_1_121' title='bbox 1566 1515 1773 1582; x_wconf 73' lang='grc' dir='ltr'>ἤνεγκεν</span> 
     </span>
    </p>
   </div>
   <div class='ocr_carea' id='block_1_19' title="bbox 209 1596 1778 1674">
    <p class='ocr_par' dir='ltr' id='par_1_19' title="bbox 209 1596 1778 1674">
     <span class='ocr_line' id='line_1_19' title="bbox 209 1596 1778 1674; baseline -0.002 -20"><span class='ocrx_word' id='word_1_122' title='bbox 209 1602 440 1673; x_wconf 73' lang='grc' dir='ltr'>ἐπαχθὲς,</span> <span class='ocrx_word' id='word_1_123' title='bbox 509 1596 636 1652; x_wconf 77' lang='grc' dir='ltr'>ούδε</span> <span class='ocrx_word' id='word_1_124' title='bbox 711 1599 834 1674; x_wconf 86' lang='grc' dir='ltr'>παρ’</span> <span class='ocrx_word' id='word_1_125' title='bbox 898 1602 1042 1672; x_wconf 75' lang='grc' dir='ltr'>ἡμῶν</span> <span class='ocrx_word' id='word_1_126' title='bbox 1111 1598 1424 1672; x_wconf 76' lang='grc' dir='ltr'>βλάπτουσα</span> <span class='ocrx_word' id='word_1_127' title='bbox 1484 1599 1630 1652; x_wconf 80' lang='grc' dir='ltr'>ούτόν</span> <span class='ocrx_word' id='word_1_128' title='bbox 1697 1620 1778 1662; x_wconf 91' lang='grc' dir='ltr'>τις</span> 
     </span>
    </p>
   </div>
   <div class='ocr_carea' id='block_1_20' title="bbox 206 1685 1858 1765">
    <p class='ocr_par' dir='ltr' id='par_1_20' title="bbox 206 1685 1858 1765">
     <span class='ocr_line' id='line_1_20' title="bbox 206 1685 1858 1765; baseline -0.002 -22"><span class='ocrx_word' id='word_1_129' title='bbox 206 1696 350 1765; x_wconf 76' lang='grc' dir='ltr'>κρίσις</span> <span class='ocrx_word' id='word_1_130' title='bbox 393 1690 714 1752; x_wconf 66' lang='grc' dir='ltr'>ἐξενήνεκται</span> <span class='ocrx_word' id='word_1_131' title='bbox 771 1685 1016 1760; x_wconf 73' lang='grc' dir='ltr'>οὐδεμία.</span> <span class='ocrx_word' id='word_1_132' title='bbox 1070 1688 1268 1762; x_wconf 71' lang='grc' dir='ltr'>Τρέψον</span> <span class='ocrx_word' id='word_1_133' title='bbox 1325 1686 1414 1740; x_wconf 77' lang='grc' dir='ltr'>οὖν</span> <span class='ocrx_word' id='word_1_134' title='bbox 1465 1693 1559 1747; x_wconf 77' lang='grc' dir='ltr'>τὴν</span> <span class='ocrx_word' id='word_1_135' title='bbox 1609 1689 1775 1748; x_wconf 75' lang='grc' dir='ltr'>λύπην</span> <span class='ocrx_word' id='word_1_136' title='bbox 1815 1707 1858 1762; x_wconf 79' lang='grc' dir='ltr'>Β</span> 
     </span>
    </p>
   </div>
   <div class='ocr_carea' id='block_1_21' title="bbox 207 1774 1780 1852">
    <p class='ocr_par' dir='ltr' id='par_1_21' title="bbox 207 1774 1780 1852">
     <span class='ocr_line' id='line_1_21' title="bbox 207 1774 1780 1852; baseline 0.001 -22"><span class='ocrx_word' id='word_1_137' title='bbox 207 1778 274 1832; x_wconf 82' lang='grc' dir='ltr'>ἐπὶ</span> <span class='ocrx_word' id='word_1_138' title='bbox 307 1783 416 1840; x_wconf 80' lang='grc' dir='ltr'>τούς</span> <span class='ocrx_word' id='word_1_139' title='bbox 461 1779 530 1830; x_wconf 85' lang='grc' dir='ltr'>τά</span> <span class='ocrx_word' id='word_1_140' title='bbox 576 1774 748 1848; x_wconf 72' lang='grc' dir='ltr'>ψευδῆ</span> <span class='ocrx_word' id='word_1_141' title='bbox 803 1774 1252 1850; x_wconf 74' lang='grc' dir='ltr'>διηγησαμένους,</span> <span class='ocrx_word' id='word_1_142' title='bbox 1294 1775 1556 1838; x_wconf 81' lang='grc' dir='ltr'>ἀπολύσας</span> <span class='ocrx_word' id='word_1_143' title='bbox 1603 1781 1780 1852; x_wconf 76' lang='grc' dir='ltr'>πάσης</span> 
     </span>
    </p>
   </div>
   <div class='ocr_carea' id='block_1_22' title="bbox 205 1864 1782 1941">
    <p class='ocr_par' dir='ltr' id='par_1_22' title="bbox 205 1864 1782 1941">
     <span class='ocr_line' id='line_1_22' title="bbox 205 1864 1782 1941; baseline 0.001 -21"><span class='ocrx_word' id='word_1_144' title='bbox 205 1868 415 1940; x_wconf 64' lang='grc' dir='ltr'>μέμψεως</span> <span class='ocrx_word' id='word_1_145' title='bbox 465 1871 678 1920; x_wconf 83' lang='grc' dir='ltr'>καὶτὸν</span> <span class='ocrx_word' id='word_1_146' title='bbox 729 1873 1136 1941; x_wconf 82' lang='grc' dir='ltr'>χωρεπίσκοπον</span> <span class='ocrx_word' id='word_1_147' title='bbox 1176 1872 1265 1920; x_wconf 83' lang='grc' dir='ltr'>καὶ</span> <span class='ocrx_word' id='word_1_148' title='bbox 1323 1865 1429 1940; x_wconf 76' lang='grc' dir='ltr'>ἐμέ.</span> <span class='ocrx_word' id='word_1_149' title='bbox 1461 1867 1522 1920; x_wconf 81' lang='lat' dir='ltr'>Ei</span> <span class='ocrx_word' id='word_1_150' title='bbox 1569 1864 1630 1920; x_wconf 81' lang='grc' dir='ltr'>δέ</span> <span class='ocrx_word' id='word_1_151' title='bbox 1665 1888 1782 1921; x_wconf 88' lang='grc' dir='ltr'>τινα</span> 
     </span>
    </p>
   </div>
   <div class='ocr_carea' id='block_1_23' title="bbox 209 1953 1780 2029">
    <p class='ocr_par' dir='ltr' id='par_1_23' title="bbox 209 1953 1780 2029">
     <span class='ocr_line' id='line_1_23' title="bbox 209 1953 1780 2029; baseline 0.001 -21"><span class='ocrx_word' id='word_1_152' title='bbox 209 1955 340 2014; x_wconf 72' lang='grc' dir='ltr'>δίκην</span> <span class='ocrx_word' id='word_1_153' title='bbox 374 1958 632 2029; x_wconf 76' lang='grc' dir='ltr'>γυμνάζει</span> <span class='ocrx_word' id='word_1_154' title='bbox 664 1956 690 2008; x_wconf 82' lang='grc' dir='ltr'>ὁ</span> <span class='ocrx_word' id='word_1_155' title='bbox 723 1956 1072 2028; x_wconf 84' lang='grc' dir='ltr'>σχολοστικὸς</span> <span class='ocrx_word' id='word_1_156' title='bbox 1103 1961 1134 2008; x_wconf 80' lang='grc' dir='ltr'>ὅ</span> <span class='ocrx_word' id='word_1_157' title='bbox 1160 1953 1324 2018; x_wconf 84' lang='grc' dir='ltr'>δεῖνα,</span> <span class='ocrx_word' id='word_1_158' title='bbox 1362 1959 1476 2027; x_wconf 80' lang='grc' dir='ltr'>ἔχει</span> <span class='ocrx_word' id='word_1_159' title='bbox 1519 1953 1553 2009; x_wconf 84' lang='grc' dir='ltr'>δ</span> <span class='ocrx_word' id='word_1_160' title='bbox 1559 1963 1780 2016; x_wconf 76' lang='grc' dir='ltr'>ικαστή-</span> 
     </span>
    </p>
   </div>
   <div class='ocr_carea' id='block_1_24' title="bbox 204 2042 1782 2120">
    <p class='ocr_par' dir='ltr' id='par_1_24' title="bbox 204 2042 1782 2120">
     <span class='ocr_line' id='line_1_24' title="bbox 204 2042 1782 2120; baseline 0 -22"><span class='ocrx_word' id='word_1_161' title='bbox 204 2067 280 2120; x_wconf 79' lang='grc' dir='ltr'>ρια</span> <span class='ocrx_word' id='word_1_162' title='bbox 304 2042 538 2118; x_wconf 72' lang='grc' dir='ltr'>δημόσια</span> <span class='ocrx_word' id='word_1_163' title='bbox 587 2051 678 2098; x_wconf 82' lang='grc' dir='ltr'>καὶ</span> <span class='ocrx_word' id='word_1_164' title='bbox 723 2050 932 2118; x_wconf 86' lang='grc' dir='ltr'>νόμους.</span> <span class='ocrx_word' id='word_1_165' title='bbox 974 2046 1130 2108; x_wconf 82' lang='grc' dir='ltr'>Ἀξιῶ</span> <span class='ocrx_word' id='word_1_166' title='bbox 1173 2043 1260 2098; x_wconf 82' lang='grc' dir='ltr'>οὖν</span> <span class='ocrx_word' id='word_1_167' title='bbox 1297 2046 1428 2117; x_wconf 79' lang='grc' dir='ltr'>ὑμᾶς</span> <span class='ocrx_word' id='word_1_168' title='bbox 1459 2048 1544 2098; x_wconf 83' lang='grc' dir='ltr'>ἐπὶ</span> <span class='ocrx_word' id='word_1_169' title='bbox 1583 2049 1782 2108; x_wconf 79' lang='grc' dir='ltr'>τούτοις</span> 
     </span>
    </p>
   </div>
   <div class='ocr_carea' id='block_1_25' title="bbox 207 2132 1778 2210">
    <p class='ocr_par' dir='ltr' id='par_1_25' title="bbox 207 2132 1778 2210">
     <span class='ocr_line' id='line_1_25' title="bbox 207 2132 1778 2210; baseline 0 -22"><span class='ocrx_word' id='word_1_170' title='bbox 207 2134 438 2210; x_wconf 79' lang='grc' dir='ltr'>μηδεμίαν</span> <span class='ocrx_word' id='word_1_171' title='bbox 467 2140 617 2208; x_wconf 80' lang='grc' dir='ltr'>ἔχειν</span> <span class='ocrx_word' id='word_1_172' title='bbox 666 2135 884 2209; x_wconf 67' lang='grc' dir='ltr'>μέμψιν.</span> <span class='ocrx_word' id='word_1_173' title='bbox 931 2135 1095 2195; x_wconf 80' lang='grc' dir='ltr'>Αύτος</span> <span class='ocrx_word' id='word_1_174' title='bbox 1145 2132 1204 2187; x_wconf 77' lang='grc' dir='ltr'>δὲ</span> <span class='ocrx_word' id='word_1_175' title='bbox 1251 2136 1353 2187; x_wconf 83' lang='grc' dir='ltr'>ὅσα</span> <span class='ocrx_word' id='word_1_176' title='bbox 1394 2141 1558 2195; x_wconf 84' lang='grc' dir='ltr'>ποιεῖς</span> <span class='ocrx_word' id='word_1_177' title='bbox 1589 2133 1778 2206; x_wconf 80' lang='grc' dir='ltr'>ἀγαθὰ,</span> 
     </span>
    </p>
   </div>
   <div class='ocr_carea' id='block_1_26' title="bbox 208 2221 1783 2300">
    <p class='ocr_par' dir='ltr' id='par_1_26' title="bbox 208 2221 1783 2300">
     <span class='ocr_line' id='line_1_26' title="bbox 208 2221 1783 2300; baseline -0.001 -22"><span class='ocrx_word' id='word_1_178' title='bbox 208 2234 380 2279; x_wconf 82' lang='grc' dir='ltr'>σεαυτῶ</span> <span class='ocrx_word' id='word_1_179' title='bbox 427 2228 814 2300; x_wconf 75' lang='grc' dir='ltr'>θησαυρίζεις·</span> <span class='ocrx_word' id='word_1_180' title='bbox 857 2229 946 2276; x_wconf 81' lang='grc' dir='ltr'>καὶ</span> <span class='ocrx_word' id='word_1_181' title='bbox 992 2224 1052 2281; x_wconf 77' lang='grc' dir='ltr'>ἣν</span> <span class='ocrx_word' id='word_1_182' title='bbox 1099 2227 1308 2297; x_wconf 75' lang='grc' dir='ltr'>παρέχῃ</span> <span class='ocrx_word' id='word_1_183' title='bbox 1344 2221 1635 2276; x_wconf 73' lang='grc' dir='ltr'>ἀνάπαυσιν</span> <span class='ocrx_word' id='word_1_184' title='bbox 1675 2233 1783 2286; x_wconf 86' lang='grc' dir='ltr'>τοῖς</span> 
     </span>
    </p>
   </div>
   <div class='ocr_carea' id='block_1_27' title="bbox 207 2308 1784 2387">
    <p class='ocr_par' dir='ltr' id='par_1_27' title="bbox 207 2308 1784 2387">
     <span class='ocr_line' id='line_1_27' title="bbox 207 2308 1784 2387; baseline -0.001 -22"><span class='ocrx_word' id='word_1_185' title='bbox 207 2311 284 2366; x_wconf 78' lang='grc' dir='ltr'>διὰ</span> <span class='ocrx_word' id='word_1_186' title='bbox 304 2319 356 2366; x_wconf 86' lang='grc' dir='ltr'>τό</span> <span class='ocrx_word' id='word_1_187' title='bbox 389 2319 556 2387; x_wconf 77' lang='grc' dir='ltr'>ὄνομα</span> <span class='ocrx_word' id='word_1_188' title='bbox 603 2321 695 2366; x_wconf 84' lang='grc' dir='ltr'>τοῦ</span> <span class='ocrx_word' id='word_1_189' title='bbox 746 2318 942 2387; x_wconf 79' lang='grc' dir='ltr'>Κυρίου</span> <span class='ocrx_word' id='word_1_190' title='bbox 974 2308 1327 2384; x_wconf 78' lang='grc' dir='ltr'>διωκομένοις,</span> <span class='ocrx_word' id='word_1_191' title='bbox 1354 2314 1548 2368; x_wconf 80' lang='grc' dir='ltr'>ταύτην</span> <span class='ocrx_word' id='word_1_192' title='bbox 1583 2321 1784 2383; x_wconf 82' lang='grc' dir='ltr'>σεαυτῷ</span> 
     </span>
    </p>
   </div>
   <div class='ocr_carea' id='block_1_28' title="bbox 207 2398 1782 2478">
    <p class='ocr_par' dir='ltr' id='par_1_28' title="bbox 207 2398 1782 2478">
     <span class='ocr_line' id='line_1_28' title="bbox 207 2398 1782 2478; baseline -0.001 -24"><span class='ocrx_word' id='word_1_193' title='bbox 207 2401 246 2454; x_wconf 79' lang='grc' dir='ltr'>ἐν</span> <span class='ocrx_word' id='word_1_194' title='bbox 291 2407 447 2478; x_wconf 71' lang='grc' dir='ltr'>ἡμέρα</span> <span class='ocrx_word' id='word_1_195' title='bbox 496 2411 599 2464; x_wconf 75' lang='grc' dir='ltr'>τῆς</span> <span class='ocrx_word' id='word_1_196' title='bbox 652 2398 1083 2474; x_wconf 85' lang='grc' dir='ltr'>μισθαποδοσίας</span> <span class='ocrx_word' id='word_1_197' title='bbox 1138 2401 1552 2474; x_wconf 77' lang='grc' dir='ltr'>προετοιμάζεις.</span> <span class='ocrx_word' id='word_1_198' title='bbox 1605 2401 1782 2463; x_wconf 80' lang='grc' dir='ltr'>Καλῶς</span> 
     </span>
    </p>
   </div>
   <div class='ocr_carea' id='block_1_29' title="bbox 207 2487 1785 2564">
    <p class='ocr_par' dir='ltr' id='par_1_29' title="bbox 207 2487 1785 2564">
     <span class='ocr_line' id='line_1_29' title="bbox 207 2487 1785 2564; baseline -0.002 -20"><span class='ocrx_word' id='word_1_199' title='bbox 207 2490 256 2544; x_wconf 68' lang='grc' dir='ltr'>δὲ</span> <span class='ocrx_word' id='word_1_200' title='bbox 287 2498 538 2560; x_wconf 72' lang='grc' dir='ltr'>ποιήσεις,</span> <span class='ocrx_word' id='word_1_201' title='bbox 577 2489 665 2542; x_wconf 80' lang='grc' dir='ltr'>ἐὰν</span> <span class='ocrx_word' id='word_1_202' title='bbox 713 2493 800 2542; x_wconf 79' lang='grc' dir='ltr'>καὶ</span> <span class='ocrx_word' id='word_1_203' title='bbox 849 2489 1070 2559; x_wconf 63' lang='grc' dir='ltr'>λείψανα</span> <span class='ocrx_word' id='word_1_204' title='bbox 1119 2492 1396 2564; x_wconf 87' lang='grc' dir='ltr'>μαρτύρων</span> <span class='ocrx_word' id='word_1_205' title='bbox 1565 2487 1785 2564; x_wconf 86' lang='grc' dir='ltr'>πατρίδι</span> 
     </span>
    </p>
   </div>
   <div class='ocr_carea' id='block_1_30' title="bbox 208 2575 1785 2654">
    <p class='ocr_par' dir='ltr' id='par_1_30' title="bbox 208 2575 1785 2654">
     <span class='ocr_line' id='line_1_30' title="bbox 208 2575 1785 2654; baseline -0.001 -22"><span class='ocrx_word' id='word_1_206' title='bbox 208 2580 476 2654; x_wconf 62' lang='grc' dir='ltr'>ἐκπέμψῃς·</span> <span class='ocrx_word' id='word_1_207' title='bbox 543 2583 710 2652; x_wconf 82' lang='grc' dir='ltr'>εἰπερ,</span> <span class='ocrx_word' id='word_1_208' title='bbox 767 2581 834 2639; x_wconf 81' lang='grc' dir='ltr'>ὡς</span> <span class='ocrx_word' id='word_1_209' title='bbox 887 2576 1178 2638; x_wconf 81' lang='grc' dir='ltr'>ἐπέστειλας</span> <span class='ocrx_word' id='word_1_210' title='bbox 1233 2580 1379 2650; x_wconf 76' lang='grc' dir='ltr'>ἡμῖν,</span> <span class='ocrx_word' id='word_1_211' title='bbox 1431 2579 1456 2630; x_wconf 85' lang='grc' dir='ltr'><strong><em>ὁ</em></strong></span> <span class='ocrx_word' id='word_1_212' title='bbox 1505 2576 1607 2629; x_wconf 78' lang='grc' dir='ltr'>ἐκεῖ</span> <span class='ocrx_word' id='word_1_213' title='bbox 1664 2575 1785 2631; x_wconf 79' lang='grc' dir='ltr'>διω-</span> 
     </span>
    </p>
   </div>
   <div class='ocr_carea' id='block_1_31' title="bbox 205 2670 1329 2742">
    <p class='ocr_par' dir='ltr' id='par_1_31' title="bbox 205 2670 1329 2742">
     <span class='ocr_line' id='line_1_31' title="bbox 205 2670 1329 2742; baseline -0.004 -20"><span class='ocrx_word' id='word_1_214' title='bbox 205 2673 312 2742; x_wconf 70' lang='grc' dir='ltr'>γμός</span> <span class='ocrx_word' id='word_1_215' title='bbox 333 2678 466 2723; x_wconf 83' lang='grc' dir='ltr'>ποιεῖ</span> <span class='ocrx_word' id='word_1_216' title='bbox 491 2673 594 2722; x_wconf 84' lang='grc' dir='ltr'>καὶ</span> <span class='ocrx_word' id='word_1_217' title='bbox 621 2675 708 2720; x_wconf 82' lang='grc' dir='ltr'>νῦν</span> <span class='ocrx_word' id='word_1_218' title='bbox 733 2670 1004 2741; x_wconf 88' lang='grc' dir='ltr'>μύρτυρας</span> <span class='ocrx_word' id='word_1_219' title='bbox 1031 2675 1101 2738; x_wconf 81' lang='grc' dir='ltr'>τῷ</span> <span class='ocrx_word' id='word_1_220' title='bbox 1135 2671 1329 2740; x_wconf 80' lang='grc' dir='ltr'>Κυρίῳ,</span> 
     </span>
    </p>
   </div>
   <div class='ocr_carea' id='block_1_32' title="bbox 725 2809 1258 2874">
    <p class='ocr_par' dir='ltr' id='par_1_32' title="bbox 725 2809 1258 2874">
     <span class='ocr_line' id='line_1_32' title="bbox 725 2809 1258 2874; baseline 0.002 -11"><span class='ocrx_word' id='word_1_221' title='bbox 725 2815 1062 2864; x_wconf 72' lang='grc' dir='ltr'>ΕΠΙΣΤοΛῆ</span> <span class='ocrx_word' id='word_1_222' title='bbox 1103 2809 1258 2874; x_wconf 81' lang='grc' dir='ltr'>ΡΝς·’.</span> 
     </span>
    </p>
   </div>
   <div class='ocr_carea' id='block_1_33' title="bbox 205 2935 1870 3004">
    <p class='ocr_par' dir='ltr' id='par_1_33' title="bbox 205 2935 1870 3004">
     <span class='ocr_line' id='line_1_33' title="bbox 205 2935 1870 3004; baseline -0.001 -14"><span class='ocrx_word' id='word_1_223' title='bbox 205 2936 416 2992; x_wconf 82' lang='lat' dir='ltr'><strong><em>Laudat</em></strong></span> <span class='ocrx_word' id='word_1_224' title='bbox 434 2937 716 2992; x_wconf 78' lang='lat' dir='ltr'>Basilius</span> <span class='ocrx_word' id='word_1_225' title='bbox 739 2935 803 2990; x_wconf 89' lang='lat' dir='ltr'>in</span> <span class='ocrx_word' id='word_1_226' title='bbox 829 2935 1094 3004; x_wconf 80' lang='lat' dir='ltr'>Evagrio</span> <span class='ocrx_word' id='word_1_227' title='bbox 1123 2939 1176 2990; x_wconf 88' lang='lat' dir='ltr'>et</span> <span class='ocrx_word' id='word_1_228' title='bbox 1197 2935 1323 3002; x_wconf 86' lang='lat' dir='ltr'>ipse</span> <span class='ocrx_word' id='word_1_229' title='bbox 1344 2949 1472 3002; x_wconf 65' lang='lat' dir='ltr'>prw</span> <span class='ocrx_word' id='word_1_230' title='bbox 1495 2949 1557 2990; x_wconf 86' lang='lat' dir='ltr'>se</span> <span class='ocrx_word' id='word_1_231' title='bbox 1579 2936 1700 3004; x_wconf 77' lang='lat' dir='ltr'>fert</span> <span class='ocrx_word' id='word_1_232' title='bbox 1729 2935 1870 2989; x_wconf 85' lang='lat' dir='ltr'>stud</span> 
     </span>
    </p>
   </div>
   <div class='ocr_carea' id='block_1_34' title="bbox 1869 439 3522 519">
    <p class='ocr_par' dir='ltr' id='par_1_34' title="bbox 1869 439 3522 519">
     <span class='ocr_line' id='line_1_34' title="bbox 1869 439 3522 519; baseline 0.007 -26"><span class='ocrx_word' id='word_1_233' title='bbox 1869 443 1925 494; x_wconf 90' lang='lat' dir='ltr'>et</span> <span class='ocrx_word' id='word_1_234' title='bbox 1955 455 2064 510; x_wconf 91' lang='lat' dir='ltr'>pro</span> <span class='ocrx_word' id='word_1_235' title='bbox 2111 439 2184 496; x_wconf 91' lang='lat' dir='ltr'>iis</span> <span class='ocrx_word' id='word_1_236' title='bbox 2215 440 2321 512; x_wconf 88' lang='lat' dir='ltr'>qui</span> <span class='ocrx_word' id='word_1_237' title='bbox 2365 441 2519 496; x_wconf 88' lang='lat' dir='ltr'>inter</span> <span class='ocrx_word' id='word_1_238' title='bbox 2547 442 2836 498; x_wconf 77' lang='lat' dir='ltr'>militares</span> <span class='ocrx_word' id='word_1_239' title='bbox 2867 445 3070 516; x_wconf 90' lang='lat' dir='ltr'>copias</span> <span class='ocrx_word' id='word_1_240' title='bbox 3113 453 3522 519; x_wconf 79' lang='lat' dir='ltr'>recensentur,</span> 
     </span>
    </p>
   </div>
   <div class='ocr_carea' id='block_1_35' title="bbox 1870 529 3520 610">
    <p class='ocr_par' dir='ltr' id='par_1_35' title="bbox 1870 529 3520 610">
     <span class='ocr_line' id='line_1_35' title="bbox 1870 529 3520 610; baseline 0.007 -26"><span class='ocrx_word' id='word_1_241' title='bbox 1870 532 1926 584; x_wconf 91' lang='lat' dir='ltr'>et</span> <span class='ocrx_word' id='word_1_242' title='bbox 1955 544 2064 601; x_wconf 90' lang='lat' dir='ltr'>pro</span> <span class='ocrx_word' id='word_1_243' title='bbox 2091 529 2162 585; x_wconf 89' lang='lat' dir='ltr'>iis</span> <span class='ocrx_word' id='word_1_244' title='bbox 2193 530 2300 602; x_wconf 85' lang='lat' dir='ltr'>qui</span> <span class='ocrx_word' id='word_1_245' title='bbox 2325 531 2404 586; x_wconf 90' lang='lat' dir='ltr'>ob</span> <span class='ocrx_word' id='word_1_246' title='bbox 2437 531 2672 587; x_wconf 81' lang='lat' dir='ltr'>Domini</span> <span class='ocrx_word' id='word_1_247' title='bbox 2697 547 2922 588; x_wconf 86' lang='lat' dir='ltr'>nomen</span> <span class='ocrx_word' id='word_1_248' title='bbox 2951 533 3140 592; x_wconf 81' lang='lat' dir='ltr'>libere</span> <span class='ocrx_word' id='word_1_249' title='bbox 3165 535 3520 610; x_wconf 85' lang='lat' dir='ltr'>loquuntur,</span> 
     </span>
    </p>
   </div>
   <div class='ocr_carea' id='block_1_36' title="bbox 1871 619 3524 698">
    <p class='ocr_par' dir='ltr' id='par_1_36' title="bbox 1871 619 3524 698">
     <span class='ocr_line' id='line_1_36' title="bbox 1871 619 3524 698; baseline 0.006 -24"><span class='ocrx_word' id='word_1_250' title='bbox 1871 623 1926 674; x_wconf 91' lang='lat' dir='ltr'>et</span> <span class='ocrx_word' id='word_1_251' title='bbox 1955 634 2066 690; x_wconf 89' lang='lat' dir='ltr'>pro</span> <span class='ocrx_word' id='word_1_252' title='bbox 2097 619 2172 674; x_wconf 86' lang='lat' dir='ltr'>iis</span> <span class='ocrx_word' id='word_1_253' title='bbox 2201 621 2306 692; x_wconf 85' lang='lat' dir='ltr'>qui</span> <span class='ocrx_word' id='word_1_254' title='bbox 2337 620 2673 692; x_wconf 88' lang='lat' dir='ltr'>spirituales</span> <span class='ocrx_word' id='word_1_255' title='bbox 2714 622 2942 678; x_wconf 86' lang='lat' dir='ltr'>fructus</span> <span class='ocrx_word' id='word_1_256' title='bbox 2971 623 3175 692; x_wconf 87' lang='lat' dir='ltr'>edunt,</span> <span class='ocrx_word' id='word_1_257' title='bbox 3209 643 3418 698; x_wconf 88' lang='lat' dir='ltr'>preces</span> <span class='ocrx_word' id='word_1_258' title='bbox 3461 628 3524 684; x_wconf 89' lang='lat' dir='ltr'>in</span> 
     </span>
    </p>
   </div>
   <div class='ocr_carea' id='block_1_37' title="bbox 1873 709 3523 789">
    <p class='ocr_par' dir='ltr' id='par_1_37' title="bbox 1873 709 3523 789">
     <span class='ocr_line' id='line_1_37' title="bbox 1873 709 3523 789; baseline 0.006 -26"><span class='ocrx_word' id='word_1_259' title='bbox 1873 715 2082 765; x_wconf 88' lang='lat' dir='ltr'>sancta</span> <span class='ocrx_word' id='word_1_260' title='bbox 2113 709 2376 766; x_wconf 83' lang='lat' dir='ltr'>Ecclesia</span> <span class='ocrx_word' id='word_1_261' title='bbox 2405 709 2696 766; x_wconf 86' lang='lat' dir='ltr'>facimus:</span> <span class='ocrx_word' id='word_1_262' title='bbox 2729 727 2991 783; x_wconf 88' lang='lat' dir='ltr'>quorum</span> <span class='ocrx_word' id='word_1_263' title='bbox 3021 715 3270 772; x_wconf 89' lang='lat' dir='ltr'>omnino</span> <span class='ocrx_word' id='word_1_264' title='bbox 3301 716 3362 772; x_wconf 91' lang='lat' dir='ltr'>in</span> <span class='ocrx_word' id='word_1_265' title='bbox 3393 717 3523 789; x_wconf 91' lang='lat' dir='ltr'>ple-</span> 
     </span>
    </p>
   </div>
   <div class='ocr_carea' id='block_1_38' title="bbox 1871 797 3526 878">
    <p class='ocr_par' dir='ltr' id='par_1_38' title="bbox 1871 797 3526 878">
     <span class='ocr_line' id='line_1_38' title="bbox 1871 797 3526 878; baseline 0.006 -26"><span class='ocrx_word' id='word_1_266' title='bbox 1871 797 2073 870; x_wconf 89' lang='lat' dir='ltr'>risque</span> <span class='ocrx_word' id='word_1_267' title='bbox 2094 797 2188 854; x_wconf 88' lang='lat' dir='ltr'>vel</span> <span class='ocrx_word' id='word_1_268' title='bbox 2209 797 2388 855; x_wconf 88' lang='lat' dir='ltr'>etiam</span> <span class='ocrx_word' id='word_1_269' title='bbox 2409 799 2470 854; x_wconf 91' lang='lat' dir='ltr'>in</span> <span class='ocrx_word' id='word_1_270' title='bbox 2491 799 2775 854; x_wconf 87' lang='lat' dir='ltr'>omnibus</span> <span class='ocrx_word' id='word_1_271' title='bbox 2801 799 3167 858; x_wconf 82' lang='lat' dir='ltr'>arbitramur</span> <span class='ocrx_word' id='word_1_272' title='bbox 3187 807 3352 860; x_wconf 90' lang='lat' dir='ltr'>tuam</span> <span class='ocrx_word' id='word_1_273' title='bbox 3375 821 3526 878; x_wconf 92' lang='lat' dir='ltr'>quo-</span> 
     </span>
    </p>
   </div>
   <div class='ocr_carea' id='block_1_39' title="bbox 1874 888 3525 965">
    <p class='ocr_par' dir='ltr' id='par_1_39' title="bbox 1874 888 3525 965">
     <span class='ocr_line' id='line_1_39' title="bbox 1874 888 3525 965; baseline 0.005 -23"><span class='ocrx_word' id='word_1_274' title='bbox 1874 903 1992 959; x_wconf 91' lang='lat' dir='ltr'>que</span> <span class='ocrx_word' id='word_1_275' title='bbox 2035 888 2446 959; x_wconf 80' lang='lat' dir='ltr'>praestantiam</span> <span class='ocrx_word' id='word_1_276' title='bbox 2497 888 2947 960; x_wconf 87' lang='lat' dir='ltr'>comprehendi.</span> <span class='ocrx_word' id='word_1_277' title='bbox 2984 893 3270 948; x_wconf 72' lang='lat' dir='ltr'>Caeterum</span> <span class='ocrx_word' id='word_1_278' title='bbox 3306 895 3411 965; x_wconf 91' lang='lat' dir='ltr'>qui</span> <span class='ocrx_word' id='word_1_279' title='bbox 3441 895 3525 950; x_wconf 91' lang='lat' dir='ltr'>tui</span> 
     </span>
    </p>
   </div>
   <div class='ocr_carea' id='block_1_40' title="bbox 1875 975 3525 1052">
    <p class='ocr_par' dir='ltr' id='par_1_40' title="bbox 1875 975 3525 1052">
     <span class='ocr_line' id='line_1_40' title="bbox 1875 975 3525 1052; baseline 0.004 -21"><span class='ocrx_word' id='word_1_280' title='bbox 1875 975 2155 1049; x_wconf 82' lang='lat' dir='ltr'>privatim</span> <span class='ocrx_word' id='word_1_281' title='bbox 2185 992 2428 1048; x_wconf 89' lang='lat' dir='ltr'>possem</span> <span class='ocrx_word' id='word_1_282' title='bbox 2461 976 2752 1046; x_wconf 78' lang='lat' dir='ltr'>oblivisci.</span> <span class='ocrx_word' id='word_1_283' title='bbox 2783 993 2922 1032; x_wconf 90' lang='lat' dir='ltr'>cum</span> <span class='ocrx_word' id='word_1_284' title='bbox 2971 981 3094 1035; x_wconf 88' lang='lat' dir='ltr'>tam</span> <span class='ocrx_word' id='word_1_285' title='bbox 3143 980 3334 1038; x_wconf 87' lang='lat' dir='ltr'>multa</span> <span class='ocrx_word' id='word_1_286' title='bbox 3383 983 3525 1052; x_wconf 90' lang='lat' dir='ltr'>sint,</span> 
     </span>
    </p>
   </div>
   <div class='ocr_carea' id='block_1_41' title="bbox 1875 1065 3529 1137">
    <p class='ocr_par' dir='ltr' id='par_1_41' title="bbox 1875 1065 3529 1137">
     <span class='ocr_line' id='line_1_41' title="bbox 1875 1065 3529 1137; baseline 0.004 -17"><span class='ocrx_word' id='word_1_287' title='bbox 1875 1081 2012 1137; x_wconf 76' lang='lat' dir='ltr'>quos</span> <span class='ocrx_word' id='word_1_288' title='bbox 2038 1070 2460 1120; x_wconf 89' lang='lat' dir='ltr'>commoveant</span> <span class='ocrx_word' id='word_1_289' title='bbox 2485 1081 2582 1120; x_wconf 89' lang='lat' dir='ltr'>me</span> <span class='ocrx_word' id='word_1_290' title='bbox 2613 1065 2690 1120; x_wconf 90' lang='lat' dir='ltr'>ad</span> <span class='ocrx_word' id='word_1_291' title='bbox 2719 1065 3236 1123; x_wconf 83' lang='lat' dir='ltr'>recordationem:</span> <span class='ocrx_word' id='word_1_292' title='bbox 3273 1069 3403 1125; x_wconf 87' lang='lat' dir='ltr'>talis</span> <span class='ocrx_word' id='word_1_293' title='bbox 3434 1085 3529 1126; x_wconf 86' lang='lat' dir='ltr'>so-</span> 
     </span>
    </p>
   </div>
   <div class='ocr_carea' id='block_1_42' title="bbox 1875 1153 3530 1228">
    <p class='ocr_par' dir='ltr' id='par_1_42' title="bbox 1875 1153 3530 1228">
     <span class='ocr_line' id='line_1_42' title="bbox 1875 1153 3530 1228; baseline 0.003 -18"><span class='ocrx_word' id='word_1_294' title='bbox 1875 1169 1997 1222; x_wconf 84' lang='lat' dir='ltr'>ror,</span> <span class='ocrx_word' id='word_1_295' title='bbox 2029 1153 2129 1209; x_wconf 87' lang='lat' dir='ltr'>ﬁlii</span> <span class='ocrx_word' id='word_1_296' title='bbox 2177 1154 2400 1210; x_wconf 88' lang='lat' dir='ltr'>sororis</span> <span class='ocrx_word' id='word_1_297' title='bbox 2435 1153 2602 1222; x_wconf 86' lang='lat' dir='ltr'>tales,</span> <span class='ocrx_word' id='word_1_298' title='bbox 2629 1155 2908 1226; x_wconf 81' lang='lat' dir='ltr'>cognatio</span> <span class='ocrx_word' id='word_1_299' title='bbox 2953 1161 3071 1212; x_wconf 88' lang='lat' dir='ltr'>tam</span> <span class='ocrx_word' id='word_1_300' title='bbox 3119 1159 3381 1228; x_wconf 88' lang='lat' dir='ltr'>egregia,</span> <span class='ocrx_word' id='word_1_301' title='bbox 3411 1165 3530 1216; x_wconf 90' lang='lat' dir='ltr'>tam</span> 
     </span>
    </p>
   </div>
   <div class='ocr_carea' id='block_1_43' title="bbox 1879 1242 3536 1319">
    <p class='ocr_par' dir='ltr' id='par_1_43' title="bbox 1879 1242 3536 1319">
     <span class='ocr_line' id='line_1_43' title="bbox 1879 1242 3536 1319; baseline 0.003 -21"><span class='ocrx_word' id='word_1_302' title='bbox 1879 1242 2065 1298; x_wconf 85' lang='lat' dir='ltr'>nostri</span> <span class='ocrx_word' id='word_1_303' title='bbox 2091 1259 2328 1310; x_wconf 88' lang='lat' dir='ltr'>amans,</span> <span class='ocrx_word' id='word_1_304' title='bbox 2355 1243 2595 1312; x_wconf 89' lang='lat' dir='ltr'>domus,</span> <span class='ocrx_word' id='word_1_305' title='bbox 2628 1243 2958 1314; x_wconf 89' lang='lat' dir='ltr'>domestici,</span> <span class='ocrx_word' id='word_1_306' title='bbox 2995 1245 3208 1302; x_wconf 86' lang='lat' dir='ltr'>amici:</span> <span class='ocrx_word' id='word_1_307' title='bbox 3243 1263 3378 1318; x_wconf 70' lang='lat' dir='ltr'>quae</span> <span class='ocrx_word' id='word_1_308' title='bbox 3405 1249 3536 1319; x_wconf 91' lang='lat' dir='ltr'>qui-</span> 
     </span>
    </p>
   </div>
   <div class='ocr_carea' id='block_1_44' title="bbox 1880 1332 3536 1400">
    <p class='ocr_par' dir='ltr' id='par_1_44' title="bbox 1880 1332 3536 1400">
     <span class='ocr_line' id='line_1_44' title="bbox 1880 1332 3536 1400; baseline 0.003 -12"><span class='ocrx_word' id='word_1_309' title='bbox 1880 1332 2018 1388; x_wconf 89' lang='lat' dir='ltr'>dem</span> <span class='ocrx_word' id='word_1_310' title='bbox 2041 1332 2238 1400; x_wconf 89' lang='lat' dir='ltr'>nobis,</span> <span class='ocrx_word' id='word_1_311' title='bbox 2258 1332 2491 1388; x_wconf 89' lang='lat' dir='ltr'>etiamsi</span> <span class='ocrx_word' id='word_1_312' title='bbox 2513 1332 2801 1398; x_wconf 86' lang='lat' dir='ltr'>nolimus,</span> <span class='ocrx_word' id='word_1_313' title='bbox 2821 1333 3050 1390; x_wconf 89' lang='lat' dir='ltr'>bonam</span> <span class='ocrx_word' id='word_1_314' title='bbox 3073 1339 3240 1392; x_wconf 89' lang='lat' dir='ltr'>tuam</span> <span class='ocrx_word' id='word_1_315' title='bbox 3261 1337 3536 1394; x_wconf 87' lang='lat' dir='ltr'>volunta-</span> 
     </span>
    </p>
   </div>
   <div class='ocr_carea' id='block_1_45' title="bbox 1883 1421 3532 1489">
    <p class='ocr_par' dir='ltr' id='par_1_45' title="bbox 1883 1421 3532 1489">
     <span class='ocr_line' id='line_1_45' title="bbox 1883 1421 3532 1489; baseline 0.003 -12"><span class='ocrx_word' id='word_1_316' title='bbox 1883 1425 2000 1478; x_wconf 88' lang='lat' dir='ltr'>tem</span> <span class='ocrx_word' id='word_1_317' title='bbox 2029 1421 2090 1476; x_wconf 92' lang='lat' dir='ltr'><strong>in</strong></span> <span class='ocrx_word' id='word_1_318' title='bbox 2119 1421 2476 1476; x_wconf 89' lang='lat' dir='ltr'>memoriam</span> <span class='ocrx_word' id='word_1_319' title='bbox 2497 1422 2836 1478; x_wconf 72' lang='lat' dir='ltr'>necesLsario</span> <span class='ocrx_word' id='word_1_320' title='bbox 2864 1425 3192 1480; x_wconf 80' lang='lat' dir='ltr'>revocant?</span> <span class='ocrx_word' id='word_1_321' title='bbox 3221 1426 3394 1489; x_wconf 86' lang='lat' dir='ltr'>Quod</span> <span class='ocrx_word' id='word_1_322' title='bbox 3423 1442 3532 1482; x_wconf 87' lang='lat' dir='ltr'>au-</span> 
     </span>
    </p>
   </div>
   <div class='ocr_carea' id='block_1_46' title="bbox 1884 1510 3537 1576">
    <p class='ocr_par' dir='ltr' id='par_1_46' title="bbox 1884 1510 3537 1576">
     <span class='ocr_line' id='line_1_46' title="bbox 1884 1510 3537 1576; baseline 0.002 -9"><span class='ocrx_word' id='word_1_323' title='bbox 1884 1515 2002 1567; x_wconf 90' lang='lat' dir='ltr'>tem</span> <span class='ocrx_word' id='word_1_324' title='bbox 2033 1511 2114 1566; x_wconf 88' lang='lat' dir='ltr'>ad</span> <span class='ocrx_word' id='word_1_325' title='bbox 2143 1511 2306 1566; x_wconf 89' lang='lat' dir='ltr'>aliud</span> <span class='ocrx_word' id='word_1_326' title='bbox 2338 1511 2565 1576; x_wconf 83' lang='lat' dir='ltr'>attinet,</span> <span class='ocrx_word' id='word_1_327' title='bbox 2597 1510 2690 1566; x_wconf 90' lang='lat' dir='ltr'>ille</span> <span class='ocrx_word' id='word_1_328' title='bbox 2728 1510 2910 1568; x_wconf 89' lang='lat' dir='ltr'>frater</span> <span class='ocrx_word' id='word_1_329' title='bbox 2952 1512 3100 1568; x_wconf 82' lang='lat' dir='ltr'>nihil</span> <span class='ocrx_word' id='word_1_330' title='bbox 3143 1514 3312 1570; x_wconf 87' lang='lat' dir='ltr'>mihil</span> <span class='ocrx_word' id='word_1_331' title='bbox 3341 1515 3537 1572; x_wconf 88' lang='lat' dir='ltr'>intulit</span> 
     </span>
    </p>
   </div>
   <div class='ocr_carea' id='block_1_47' title="bbox 1885 1599 3534 1676">
    <p class='ocr_par' dir='ltr' id='par_1_47' title="bbox 1885 1599 3534 1676">
     <span class='ocr_line' id='line_1_47' title="bbox 1885 1599 3534 1676; baseline 0.002 -19"><span class='ocrx_word' id='word_1_332' title='bbox 1885 1601 2192 1666; x_wconf 84' lang='lat' dir='ltr'>molestiae,</span> <span class='ocrx_word' id='word_1_333' title='bbox 2213 1616 2408 1672; x_wconf 91' lang='lat' dir='ltr'>neque</span> <span class='ocrx_word' id='word_1_334' title='bbox 2434 1600 2730 1656; x_wconf 88' lang='lat' dir='ltr'>sententia</span> <span class='ocrx_word' id='word_1_335' title='bbox 2751 1599 2872 1656; x_wconf 89' lang='lat' dir='ltr'>ulla</span> <span class='ocrx_word' id='word_1_336' title='bbox 2897 1601 3007 1658; x_wconf 83' lang='lat' dir='ltr'>fuit</span> <span class='ocrx_word' id='word_1_337' title='bbox 3027 1617 3062 1658; x_wconf 89' lang='lat' dir='ltr'>a</span> <span class='ocrx_word' id='word_1_338' title='bbox 3082 1602 3259 1659; x_wconf 90' lang='lat' dir='ltr'>nobis</span> <span class='ocrx_word' id='word_1_339' title='bbox 3278 1605 3534 1676; x_wconf 88' lang='lat' dir='ltr'>prolata,</span> 
     </span>
    </p>
   </div>
   <div class='ocr_carea' id='block_1_48' title="bbox 1887 1687 3537 1764">
    <p class='ocr_par' dir='ltr' id='par_1_48' title="bbox 1887 1687 3537 1764">
     <span class='ocr_line' id='line_1_48' title="bbox 1887 1687 3537 1764; baseline 0.004 -21"><span class='ocrx_word' id='word_1_340' title='bbox 1887 1688 2208 1762; x_wconf 70' lang='lat' dir='ltr'>quasillum</span> <span class='ocrx_word' id='word_1_341' title='bbox 2233 1687 2494 1744; x_wconf 67' lang='lat' dir='ltr'>laederet.</span> <span class='ocrx_word' id='word_1_342' title='bbox 2513 1689 2789 1743; x_wconf 88' lang='lat' dir='ltr'>Dolorem</span> <span class='ocrx_word' id='word_1_343' title='bbox 2815 1689 3016 1761; x_wconf 83' lang='lat' dir='ltr'>itaque</span> <span class='ocrx_word' id='word_1_344' title='bbox 3040 1689 3102 1745; x_wconf 89' lang='lat' dir='ltr'>in</span> <span class='ocrx_word' id='word_1_345' title='bbox 3123 1707 3227 1746; x_wconf 92' lang='lat' dir='ltr'>eos</span> <span class='ocrx_word' id='word_1_346' title='bbox 3247 1693 3351 1764; x_wconf 88' lang='lat' dir='ltr'>qui</span> <span class='ocrx_word' id='word_1_347' title='bbox 3373 1709 3537 1750; x_wconf 91' lang='lat' dir='ltr'>men-</span> 
     </span>
    </p>
   </div>
   <div class='ocr_carea' id='block_1_49' title="bbox 1889 1777 3539 1854">
    <p class='ocr_par' dir='ltr' id='par_1_49' title="bbox 1889 1777 3539 1854">
     <span class='ocr_line' id='line_1_49' title="bbox 1889 1777 3539 1854; baseline 0.003 -20"><span class='ocrx_word' id='word_1_348' title='bbox 1889 1777 2063 1834; x_wconf 88' lang='lat' dir='ltr'>dacia</span> <span class='ocrx_word' id='word_1_349' title='bbox 2109 1777 2456 1840; x_wconf 89' lang='lat' dir='ltr'>retulerunt,</span> <span class='ocrx_word' id='word_1_350' title='bbox 2497 1782 2795 1846; x_wconf 85' lang='lat' dir='ltr'>converte,</span> <span class='ocrx_word' id='word_1_351' title='bbox 2825 1793 3042 1850; x_wconf 91' lang='lat' dir='ltr'>meque</span> <span class='ocrx_word' id='word_1_352' title='bbox 3082 1783 3139 1835; x_wconf 92' lang='lat' dir='ltr'>et</span> <span class='ocrx_word' id='word_1_353' title='bbox 3167 1780 3539 1854; x_wconf 88' lang='lat' dir='ltr'>chorepisco-</span> 
     </span>
    </p>
   </div>
   <div class='ocr_carea' id='block_1_50' title="bbox 1889 1865 3538 1940">
    <p class='ocr_par' dir='ltr' id='par_1_50' title="bbox 1889 1865 3538 1940">
     <span class='ocr_line' id='line_1_50' title="bbox 1889 1865 3538 1940; baseline 0.004 -18"><span class='ocrx_word' id='word_1_354' title='bbox 1889 1883 2038 1940; x_wconf 90' lang='lat' dir='ltr'>pum</span> <span class='ocrx_word' id='word_1_355' title='bbox 2080 1865 2546 1938; x_wconf 84' lang='lat' dir='ltr'>reprehensione</span> <span class='ocrx_word' id='word_1_356' title='bbox 2593 1865 2761 1922; x_wconf 89' lang='lat' dir='ltr'>omni</span> <span class='ocrx_word' id='word_1_357' title='bbox 2789 1867 3052 1922; x_wconf 80' lang='lat' dir='ltr'>exsolve.</span> <span class='ocrx_word' id='word_1_358' title='bbox 3095 1869 3262 1934; x_wconf 87' lang='lat' dir='ltr'>Quod</span> <span class='ocrx_word' id='word_1_359' title='bbox 3295 1871 3344 1925; x_wconf 90' lang='lat' dir='ltr'>si</span> <span class='ocrx_word' id='word_1_360' title='bbox 3371 1869 3538 1928; x_wconf 88' lang='lat' dir='ltr'>litem</span> 
     </span>
    </p>
   </div>
   <div class='ocr_carea' id='block_1_51' title="bbox 1889 1955 3541 2032">
    <p class='ocr_par' dir='ltr' id='par_1_51' title="bbox 1889 1955 3541 2032">
     <span class='ocr_line' id='line_1_51' title="bbox 1889 1955 3541 2032; baseline 0.002 -18"><span class='ocrx_word' id='word_1_361' title='bbox 1889 1959 2160 2014; x_wconf 88' lang='lat' dir='ltr'>intendat</span> <span class='ocrx_word' id='word_1_362' title='bbox 2205 1955 2298 2012; x_wconf 91' lang='lat' dir='ltr'>ille</span> <span class='ocrx_word' id='word_1_363' title='bbox 2348 1955 2762 2024; x_wconf 89' lang='lat' dir='ltr'>scholasticus,</span> <span class='ocrx_word' id='word_1_364' title='bbox 2811 1957 3135 2014; x_wconf 87' lang='lat' dir='ltr'>tribunalia</span> <span class='ocrx_word' id='word_1_365' title='bbox 3185 1959 3432 2032; x_wconf 89' lang='lat' dir='ltr'>publica</span> <span class='ocrx_word' id='word_1_366' title='bbox 3482 1967 3541 2018; x_wconf 90' lang='lat' dir='ltr'>et</span> 
     </span>
    </p>
   </div>
   <div class='ocr_carea' id='block_1_52' title="bbox 1887 2045 3542 2121">
    <p class='ocr_par' dir='ltr' id='par_1_52' title="bbox 1887 2045 3542 2121">
     <span class='ocr_line' id='line_1_52' title="bbox 1887 2045 3542 2121; baseline 0.002 -18"><span class='ocrx_word' id='word_1_367' title='bbox 1887 2047 2051 2116; x_wconf 84' lang='lat' dir='ltr'>leges</span> <span class='ocrx_word' id='word_1_368' title='bbox 2077 2045 2277 2102; x_wconf 88' lang='lat' dir='ltr'>habet.</span> <span class='ocrx_word' id='word_1_369' title='bbox 2311 2048 2514 2118; x_wconf 89' lang='lat' dir='ltr'>Itaque</span> <span class='ocrx_word' id='word_1_370' title='bbox 2537 2050 2588 2100; x_wconf 92' lang='lat' dir='ltr'>te</span> <span class='ocrx_word' id='word_1_371' title='bbox 2609 2061 2780 2115; x_wconf 86' lang='lat' dir='ltr'>rogo,</span> <span class='ocrx_word' id='word_1_372' title='bbox 2803 2052 2866 2104; x_wconf 90' lang='lat' dir='ltr'>ut</span> <span class='ocrx_word' id='word_1_373' title='bbox 2892 2047 2966 2102; x_wconf 93' lang='lat' dir='ltr'>de</span> <span class='ocrx_word' id='word_1_374' title='bbox 2995 2047 3088 2103; x_wconf 92' lang='lat' dir='ltr'>his</span> <span class='ocrx_word' id='word_1_375' title='bbox 3115 2049 3264 2104; x_wconf 89' lang='lat' dir='ltr'>nihil</span> <span class='ocrx_word' id='word_1_376' title='bbox 3296 2065 3542 2121; x_wconf 87' lang='lat' dir='ltr'>prorsus</span> 
     </span>
    </p>
   </div>
   <div class='ocr_carea' id='block_1_53' title="bbox 1891 2135 3542 2213">
    <p class='ocr_par' dir='ltr' id='par_1_53' title="bbox 1891 2135 3542 2213">
     <span class='ocr_line' id='line_1_53' title="bbox 1891 2135 3542 2213; baseline 0.003 -21"><span class='ocrx_word' id='word_1_377' title='bbox 1891 2135 2302 2208; x_wconf 88' lang='lat' dir='ltr'>conqueraris.</span> <span class='ocrx_word' id='word_1_378' title='bbox 2324 2138 2408 2190; x_wconf 89' lang='lat' dir='ltr'>Tu</span> <span class='ocrx_word' id='word_1_379' title='bbox 2427 2151 2568 2190; x_wconf 90' lang='lat' dir='ltr'>vero</span> <span class='ocrx_word' id='word_1_380' title='bbox 2589 2135 2888 2208; x_wconf 85' lang='lat' dir='ltr'>quidquid</span> <span class='ocrx_word' id='word_1_381' title='bbox 2919 2136 3066 2192; x_wconf 79' lang='lat' dir='ltr'>facis</span> <span class='ocrx_word' id='word_1_382' title='bbox 3092 2137 3259 2208; x_wconf 86' lang='lat' dir='ltr'>boni,</span> <span class='ocrx_word' id='word_1_383' title='bbox 3285 2139 3388 2194; x_wconf 85' lang='lat' dir='ltr'>tibi</span> <span class='ocrx_word' id='word_1_384' title='bbox 3413 2140 3542 2213; x_wconf 91' lang='lat' dir='ltr'>ipse</span> 
     </span>
    </p>
   </div>
   <div class='ocr_carea' id='block_1_54' title="bbox 1891 2223 3542 2300">
    <p class='ocr_par' dir='ltr' id='par_1_54' title="bbox 1891 2223 3542 2300">
     <span class='ocr_line' id='line_1_54' title="bbox 1891 2223 3542 2300; baseline 0.003 -20"><span class='ocrx_word' id='word_1_385' title='bbox 1891 2223 2156 2294; x_wconf 78' lang='lat' dir='ltr'>colligis:</span> <span class='ocrx_word' id='word_1_386' title='bbox 2193 2227 2248 2278; x_wconf 94' lang='lat' dir='ltr'>et</span> <span class='ocrx_word' id='word_1_387' title='bbox 2276 2223 2442 2296; x_wconf 92' lang='lat' dir='ltr'>quod</span> <span class='ocrx_word' id='word_1_388' title='bbox 2472 2223 2749 2280; x_wconf 90' lang='lat' dir='ltr'>levamen</span> <span class='ocrx_word' id='word_1_389' title='bbox 2779 2224 2958 2280; x_wconf 80' lang='lat' dir='ltr'>atiers</span> <span class='ocrx_word' id='word_1_390' title='bbox 2985 2225 3078 2280; x_wconf 90' lang='lat' dir='ltr'>his</span> <span class='ocrx_word' id='word_1_391' title='bbox 3106 2226 3210 2298; x_wconf 93' lang='lat' dir='ltr'>qui</span> <span class='ocrx_word' id='word_1_392' title='bbox 3243 2226 3419 2300; x_wconf 72' lang='grc'>245</span> <span class='ocrx_word' id='word_1_393' title='bbox 3463 2228 3542 2285; x_wconf 93' lang='lat' dir='ltr'>ob</span> 
     </span>
    </p>
   </div>
   <div class='ocr_carea' id='block_1_55' title="bbox 1893 2312 3546 2386">
    <p class='ocr_par' dir='ltr' id='par_1_55' title="bbox 1893 2312 3546 2386">
     <span class='ocr_line' id='line_1_55' title="bbox 1893 2312 3546 2386; baseline 0.002 -16"><span class='ocrx_word' id='word_1_394' title='bbox 1893 2312 2130 2370; x_wconf 88' lang='lat' dir='ltr'>Domini</span> <span class='ocrx_word' id='word_1_395' title='bbox 2150 2328 2374 2368; x_wconf 89' lang='lat' dir='ltr'>nomen</span> <span class='ocrx_word' id='word_1_396' title='bbox 2405 2313 2884 2384; x_wconf 88' lang='lat' dir='ltr'>persecutionem</span> <span class='ocrx_word' id='word_1_397' title='bbox 2914 2316 3244 2386; x_wconf 85' lang='lat' dir='ltr'>patiuntur.</span> <span class='ocrx_word' id='word_1_398' title='bbox 3267 2316 3410 2373; x_wconf 88' lang='lat' dir='ltr'>illud</span> <span class='ocrx_word' id='word_1_399' title='bbox 3439 2317 3546 2374; x_wconf 90' lang='lat' dir='ltr'>tibi</span> 
     </span>
    </p>
   </div>
   <div class='ocr_carea' id='block_1_56' title="bbox 1891 2401 3547 2479">
    <p class='ocr_par' dir='ltr' id='par_1_56' title="bbox 1891 2401 3547 2479">
     <span class='ocr_line' id='line_1_56' title="bbox 1891 2401 3547 2479; baseline 0.003 -22"><span class='ocrx_word' id='word_1_400' title='bbox 1891 2401 2006 2474; x_wconf 89' lang='lat' dir='ltr'>ipsi</span> <span class='ocrx_word' id='word_1_401' title='bbox 2034 2401 2096 2457; x_wconf 92' lang='lat' dir='ltr'><strong>in</strong></span> <span class='ocrx_word' id='word_1_402' title='bbox 2125 2405 2509 2456; x_wconf 89' lang='lat' dir='ltr'>antecessum</span> <span class='ocrx_word' id='word_1_403' title='bbox 2549 2401 2609 2456; x_wconf 89' lang='lat' dir='ltr'>in</span> <span class='ocrx_word' id='word_1_404' title='bbox 2639 2401 2734 2457; x_wconf 91' lang='lat' dir='ltr'>die</span> <span class='ocrx_word' id='word_1_405' title='bbox 2763 2404 3266 2460; x_wconf 87' lang='lat' dir='ltr'>remunerationis</span> <span class='ocrx_word' id='word_1_406' title='bbox 3313 2421 3547 2479; x_wconf 83' lang='lat' dir='ltr'>praepa-</span> 
     </span>
    </p>
   </div>
   <div class='ocr_carea' id='block_1_57' title="bbox 1892 2489 3546 2566">
    <p class='ocr_par' dir='ltr' id='par_1_57' title="bbox 1892 2489 3546 2566">
     <span class='ocr_line' id='line_1_57' title="bbox 1892 2489 3546 2566; baseline 0.004 -20"><span class='ocrx_word' id='word_1_407' title='bbox 1892 2507 2012 2546; x_wconf 88' lang='lat' dir='ltr'>ras.</span> <span class='ocrx_word' id='word_1_408' title='bbox 2045 2492 2218 2545; x_wconf 82' lang='lat' dir='ltr'>Recte</span> <span class='ocrx_word' id='word_1_409' title='bbox 2247 2495 2448 2546; x_wconf 90' lang='lat' dir='ltr'>autem</span> <span class='ocrx_word' id='word_1_410' title='bbox 2479 2489 2712 2560; x_wconf 86' lang='lat' dir='ltr'>feceris,</span> <span class='ocrx_word' id='word_1_411' title='bbox 2747 2491 2794 2546; x_wconf 91' lang='lat' dir='ltr'>si</span> <span class='ocrx_word' id='word_1_412' title='bbox 2821 2497 2878 2546; x_wconf 91' lang='lat' dir='ltr'>et</span> <span class='ocrx_word' id='word_1_413' title='bbox 2901 2492 3182 2564; x_wconf 85' lang='lat' dir='ltr'>reliquias</span> <span class='ocrx_word' id='word_1_414' title='bbox 3211 2500 3546 2566; x_wconf 88' lang='lat' dir='ltr'>martyrum</span> 
     </span>
    </p>
   </div>
   <div class='ocr_carea' id='block_1_58' title="bbox 1893 2577 3548 2656">
    <p class='ocr_par' dir='ltr' id='par_1_58' title="bbox 1893 2577 3548 2656">
     <span class='ocr_line' id='line_1_58' title="bbox 1893 2577 3548 2656; baseline 0.004 -23"><span class='ocrx_word' id='word_1_415' title='bbox 1893 2578 2100 2651; x_wconf 69' lang='lat' dir='ltr'>patrias</span> <span class='ocrx_word' id='word_1_416' title='bbox 2129 2577 2368 2644; x_wconf 88' lang='lat' dir='ltr'>mittas;</span> <span class='ocrx_word' id='word_1_417' title='bbox 2401 2577 2696 2650; x_wconf 87' lang='lat' dir='ltr'>siquidem</span> <span class='ocrx_word' id='word_1_418' title='bbox 2747 2583 2812 2636; x_wconf 88' lang='lat' dir='ltr'>ut</span> <span class='ocrx_word' id='word_1_419' title='bbox 2853 2579 3029 2636; x_wconf 90' lang='lat' dir='ltr'>nobis</span> <span class='ocrx_word' id='word_1_420' title='bbox 3072 2581 3384 2654; x_wconf 87' lang='lat' dir='ltr'>scripsisti,</span> <span class='ocrx_word' id='word_1_421' title='bbox 3417 2600 3548 2656; x_wconf 88' lang='lat' dir='ltr'>per-</span> 
     </span>
    </p>
   </div>
   <div class='ocr_carea' id='block_1_59' title="bbox 1896 2666 3428 2743">
    <p class='ocr_par' dir='ltr' id='par_1_59' title="bbox 1896 2666 3428 2743">
     <span class='ocr_line' id='line_1_59' title="bbox 1896 2666 3428 2743; baseline 0.003 -20"><span class='ocrx_word' id='word_1_422' title='bbox 1896 2668 2122 2724; x_wconf 89' lang='lat' dir='ltr'>secutio</span> <span class='ocrx_word' id='word_1_423' title='bbox 2151 2666 2269 2723; x_wconf 90' lang='lat' dir='ltr'>illic</span> <span class='ocrx_word' id='word_1_424' title='bbox 2300 2667 2632 2724; x_wconf 89' lang='lat' dir='ltr'>etiamnum</span> <span class='ocrx_word' id='word_1_425' title='bbox 2659 2668 2912 2725; x_wconf 90' lang='lat' dir='ltr'>Domino</span> <span class='ocrx_word' id='word_1_426' title='bbox 2941 2675 3239 2743; x_wconf 76' lang='lat' dir='ltr'>martyres</span> <span class='ocrx_word' id='word_1_427' title='bbox 3271 2671 3428 2730; x_wconf 85' lang='lat' dir='ltr'>facit.</span> 
     </span>
    </p>
   </div>
   <div class='ocr_carea' id='block_1_60' title="bbox 2433 2811 3011 2869">
    <p class='ocr_par' dir='ltr' id='par_1_60' title="bbox 2433 2811 3011 2869">
     <span class='ocr_line' id='line_1_60' title="bbox 2433 2811 3011 2869; baseline 0.007 -5"><span class='ocrx_word' id='word_1_428' title='bbox 2433 2811 2472 2864; x_wconf 87' lang='lat' dir='ltr'><strong>E</strong></span> <span class='ocrx_word' id='word_1_429' title='bbox 2485 2811 2770 2866; x_wconf 78' lang='lat' dir='ltr'>PISTOLA</span> <span class='ocrx_word' id='word_1_430' title='bbox 2814 2813 3011 2869; x_wconf 78' lang='lat' dir='ltr'>CLVI&#39;.</span> 
     </span>
    </p>
   </div>
   <div class='ocr_carea' id='block_1_61' title="bbox 1875 2933 3551 3006">
    <p class='ocr_par' dir='ltr' id='par_1_61' title="bbox 1875 2933 3551 3006">
     <span class='ocr_line' id='line_1_61' title="bbox 1875 2933 3551 3006; baseline 0.003 -18"><span class='ocrx_word' id='word_1_431' title='bbox 1875 2937 1996 2989; x_wconf 87' lang='lat' dir='ltr'>ium</span> <span class='ocrx_word' id='word_1_432' title='bbox 2015 2935 2216 3002; x_wconf 78' lang='lat' dir='ltr'>pacis;</span> <span class='ocrx_word' id='word_1_433' title='bbox 2231 2933 2334 2988; x_wconf 87' lang='lat' dir='ltr'>sed</span> <span class='ocrx_word' id='word_1_434' title='bbox 2361 2949 2489 2989; x_wconf 89' lang='lat' dir='ltr'>eam</span> <span class='ocrx_word' id='word_1_435' title='bbox 2513 2935 2837 2992; x_wconf 79' lang='lat' dir='ltr'>conciliare</span> <span class='ocrx_word' id='word_1_436' title='bbox 2857 2936 3290 3004; x_wconf 66' lang='lat' dir='ltr'>difﬁcillimum</span> <span class='ocrx_word' id='word_1_437' title='bbox 3313 2938 3551 3006; x_wconf 80' lang='lat' dir='ltr'>fatetur</span> 
     </span>
    </p>
   </div>
   <div class='ocr_carea' id='block_1_62' title="bbox 263 3005 3546 3076">
    <p class='ocr_par' dir='ltr' id='par_1_62' title="bbox 263 3005 3546 3076">
     <span class='ocr_line' id='line_1_62' title="bbox 263 3005 3546 3076; baseline 0 -13"><span class='ocrx_word' id='word_1_438' title='bbox 263 3023 388 3075; x_wconf 81' lang='lat' dir='ltr'>esse,</span> <span class='ocrx_word' id='word_1_439' title='bbox 419 3023 528 3064; x_wconf 84' lang='lat' dir='ltr'>nec</span> <span class='ocrx_word' id='word_1_440' title='bbox 557 3006 676 3062; x_wconf 83' lang='lat' dir='ltr'>sibi</span> <span class='ocrx_word' id='word_1_441' title='bbox 699 3021 1030 3074; x_wconf 80' lang='lat' dir='ltr'>congruere</span> <span class='ocrx_word' id='word_1_442' title='bbox 1059 3013 1124 3060; x_wconf 87' lang='lat' dir='ltr'>ut</span> <span class='ocrx_word' id='word_1_443' title='bbox 1156 3005 1220 3059; x_wconf 86' lang='lat' dir='ltr'>id</span> <span class='ocrx_word' id='word_1_444' title='bbox 1256 3007 1417 3060; x_wconf 82' lang='lat' dir='ltr'>solus</span> <span class='ocrx_word' id='word_1_445' title='bbox 1451 3006 1882 3076; x_wconf 78' lang='lat' dir='ltr'>aggrediatur;</span> <span class='ocrx_word' id='word_1_446' title='bbox 1915 3021 2046 3061; x_wconf 87' lang='lat' dir='ltr'>cum</span> <span class='ocrx_word' id='word_1_447' title='bbox 2077 3006 2408 3076; x_wconf 71' lang='lat' dir='ltr'>przrsertim</span> <span class='ocrx_word' id='word_1_448' title='bbox 2447 3007 2755 3074; x_wconf 86' lang='lat' dir='ltr'>episcopus</span> <span class='ocrx_word' id='word_1_449' title='bbox 2785 3009 2858 3062; x_wconf 86' lang='lat' dir='ltr'>sit</span> <span class='ocrx_word' id='word_1_450' title='bbox 2891 3009 3224 3064; x_wconf 67' lang='lat' dir='ltr'>Antiochia:</span> <span class='ocrx_word' id='word_1_451' title='bbox 3247 3005 3546 3076; x_wconf 79' lang='lat' dir='ltr'>Meletius,</span> 
     </span>
    </p>
   </div>
   <div class='ocr_carea' id='block_1_63' title="bbox 265 3075 3547 3148">
    <p class='ocr_par' dir='ltr' id='par_1_63' title="bbox 265 3075 3547 3148">
     <span class='ocr_line' id='line_1_63' title="bbox 265 3075 3547 3148; baseline 0 -14"><span class='ocrx_word' id='word_1_452' title='bbox 265 3079 338 3134; x_wconf 89' lang='lat' dir='ltr'>ad</span> <span class='ocrx_word' id='word_1_453' title='bbox 366 3095 532 3148; x_wconf 85' lang='lat' dir='ltr'>quem</span> <span class='ocrx_word' id='word_1_454' title='bbox 565 3078 875 3148; x_wconf 80' lang='lat' dir='ltr'>proﬁcisci</span> <span class='ocrx_word' id='word_1_455' title='bbox 895 3092 1014 3131; x_wconf 85' lang='lat' dir='ltr'>non</span> <span class='ocrx_word' id='word_1_456' title='bbox 1035 3081 1258 3146; x_wconf 77' lang='lat' dir='ltr'>potest;</span> <span class='ocrx_word' id='word_1_457' title='bbox 1277 3077 1382 3148; x_wconf 86' lang='lat' dir='ltr'>sed</span> <span class='ocrx_word' id='word_1_458' title='bbox 1407 3082 1604 3133; x_wconf 81' lang='lat' dir='ltr'>tamen</span> <span class='ocrx_word' id='word_1_459' title='bbox 1628 3075 1999 3146; x_wconf 83' lang='lat' dir='ltr'>scripturum</span> <span class='ocrx_word' id='word_1_460' title='bbox 2026 3092 2085 3132; x_wconf 87' lang='lat' dir='ltr'>se</span> <span class='ocrx_word' id='word_1_461' title='bbox 2101 3075 2181 3131; x_wconf 90' lang='lat' dir='ltr'>ad</span> <span class='ocrx_word' id='word_1_462' title='bbox 2205 3077 2380 3130; x_wconf 77' lang='lat' dir='ltr'>illum</span> <span class='ocrx_word' id='word_1_463' title='bbox 2410 3078 3028 3144; x_wconf 87' lang='lat' dir='ltr'>promittit.Dectarat</span> <span class='ocrx_word' id='word_1_464' title='bbox 3058 3094 3119 3134; x_wconf 88' lang='lat' dir='ltr'>se</span> <span class='ocrx_word' id='word_1_465' title='bbox 3143 3095 3249 3134; x_wconf 81' lang='lat' dir='ltr'>nec</span> <span class='ocrx_word' id='word_1_466' title='bbox 3277 3082 3547 3148; x_wconf 82' lang='lat' dir='ltr'>partium</span> 
     </span>
    </p>
   </div>
   <div class='ocr_carea' id='block_1_64' title="bbox 267 3147 1504 3214">
    <p class='ocr_par' dir='ltr' id='par_1_64' title="bbox 267 3147 1504 3214">
     <span class='ocr_line' id='line_1_64' title="bbox 267 3147 1504 3214; baseline -0.002 -10"><span class='ocrx_word' id='word_1_467' title='bbox 267 3147 594 3204; x_wconf 73' lang='lat' dir='ltr'>studiosum</span> <span class='ocrx_word' id='word_1_468' title='bbox 625 3163 766 3214; x_wconf 82' lang='lat' dir='ltr'>esse,</span> <span class='ocrx_word' id='word_1_469' title='bbox 794 3163 902 3204; x_wconf 84' lang='lat' dir='ltr'>nec</span> <span class='ocrx_word' id='word_1_470' title='bbox 927 3147 1413 3203; x_wconf 84' lang='lat' dir='ltr'>accusationibus</span> <span class='ocrx_word' id='word_1_471' title='bbox 1441 3149 1504 3202; x_wconf 84' lang='lat' dir='ltr'>in</span> 
     </span>
    </p>
   </div>
   <div class='ocr_carea' id='block_1_65' title="bbox 1589 3149 3552 3221">
    <p class='ocr_par' dir='ltr' id='par_1_65' title="bbox 1589 3149 3552 3221">
     <span class='ocr_line' id='line_1_65' title="bbox 1589 3149 3552 3221; baseline 0.002 -19"><span class='ocrx_word' id='word_1_472' title='bbox 1589 3162 1904 3221; x_wconf 83' lang='lat' dir='ltr'>uemquam</span> <span class='ocrx_word' id='word_1_473' title='bbox 1935 3153 2442 3216; x_wconf 70' lang='lat' dir='ltr'>praeoccupatum.</span> <span class='ocrx_word' id='word_1_474' title='bbox 2479 3149 2700 3203; x_wconf 77' lang='lat' dir='ltr'>Mirum</span> <span class='ocrx_word' id='word_1_475' title='bbox 2730 3149 2846 3204; x_wconf 83' lang='lat' dir='ltr'>sibi</span> <span class='ocrx_word' id='word_1_476' title='bbox 2880 3150 3170 3206; x_wconf 82' lang='lat' dir='ltr'>accidisse</span> <span class='ocrx_word' id='word_1_477' title='bbox 3198 3150 3361 3220; x_wconf 86' lang='lat' dir='ltr'>dicit,</span> <span class='ocrx_word' id='word_1_478' title='bbox 3392 3151 3552 3221; x_wconf 80' lang='lat' dir='ltr'>quod</span> 
     </span>
    </p>
   </div>
   <div class='ocr_carea' id='block_1_66' title="bbox 265 3219 3549 3289">
    <p class='ocr_par' dir='ltr' id='par_1_66' title="bbox 265 3219 3549 3289">
     <span class='ocr_line' id='line_1_66' title="bbox 265 3219 3549 3289; baseline 0 -13"><span class='ocrx_word' id='word_1_479' title='bbox 265 3235 334 3276; x_wconf 71' lang='lat' dir='ltr'>ex</span> <span class='ocrx_word' id='word_1_480' title='bbox 359 3221 668 3277; x_wconf 81' lang='lat' dir='ltr'>Dorotheo</span> <span class='ocrx_word' id='word_1_481' title='bbox 715 3224 1051 3288; x_wconf 85' lang='lat' dir='ltr'>acceperat,</span> <span class='ocrx_word' id='word_1_482' title='bbox 1082 3219 1416 3288; x_wconf 86' lang='lat' dir='ltr'>Evagrium</span> <span class='ocrx_word' id='word_1_483' title='bbox 1463 3219 1727 3275; x_wconf 81' lang='lat' dir='ltr'>noluisse</span> <span class='ocrx_word' id='word_1_484' title='bbox 1752 3221 2044 3275; x_wconf 81' lang='lat' dir='ltr'>Dorothei</span> <span class='ocrx_word' id='word_1_485' title='bbox 2084 3223 2408 3273; x_wconf 84' lang='lat' dir='ltr'>conventus</span> <span class='ocrx_word' id='word_1_486' title='bbox 2439 3234 2560 3274; x_wconf 88' lang='lat' dir='ltr'>esse</span> <span class='ocrx_word' id='word_1_487' title='bbox 2591 3221 2970 3289; x_wconf 86' lang='lat' dir='ltr'>participem.</span> <span class='ocrx_word' id='word_1_488' title='bbox 3011 3221 3198 3276; x_wconf 85' lang='lat' dir='ltr'>Addit</span> <span class='ocrx_word' id='word_1_489' title='bbox 3244 3221 3358 3276; x_wconf 84' lang='lat' dir='ltr'>sibi</span> <span class='ocrx_word' id='word_1_490' title='bbox 3401 3219 3549 3278; x_wconf 85' lang='lat' dir='ltr'>inte-</span> 
     </span>
    </p>
   </div>
   <div class='ocr_carea' id='block_1_67' title="bbox 267 3290 1850 3360">
    <p class='ocr_par' dir='ltr' id='par_1_67' title="bbox 267 3290 1850 3360">
     <span class='ocr_line' id='line_1_67' title="bbox 267 3290 1850 3360; baseline 0.001 -16"><span class='ocrx_word' id='word_1_491' title='bbox 267 3307 428 3360; x_wconf 83' lang='lat' dir='ltr'>grum</span> <span class='ocrx_word' id='word_1_492' title='bbox 457 3307 590 3348; x_wconf 81' lang='lat' dir='ltr'>non</span> <span class='ocrx_word' id='word_1_493' title='bbox 629 3306 752 3347; x_wconf 85' lang='lat' dir='ltr'>esse</span> <span class='ocrx_word' id='word_1_494' title='bbox 782 3291 1030 3346; x_wconf 81' lang='lat' dir='ltr'>Romam</span> <span class='ocrx_word' id='word_1_495' title='bbox 1068 3291 1351 3345; x_wconf 83' lang='lat' dir='ltr'>mittere:</span> <span class='ocrx_word' id='word_1_496' title='bbox 1379 3290 1646 3345; x_wconf 87' lang='lat' dir='ltr'>am&#39;mam</span> <span class='ocrx_word' id='word_1_497' title='bbox 1681 3305 1850 3346; x_wconf 87' lang='lat' dir='ltr'>suam</span> 
     </span>
    </p>
   </div>
   <div class='ocr_carea' id='block_1_68' title="bbox 270 3360 1758 3432">
    <p class='ocr_par' dir='ltr' id='par_1_68' title="bbox 270 3360 1758 3432">
     <span class='ocr_line' id='line_1_68' title="bbox 270 3360 1758 3432; baseline 0.001 -17"><span class='ocrx_word' id='word_1_498' title='bbox 270 3378 364 3418; x_wconf 83' lang='lat' dir='ltr'>suo</span> <span class='ocrx_word' id='word_1_499' title='bbox 390 3363 682 3421; x_wconf 62' lang='lat' dir='ltr'>Ecclesiae</span> <span class='ocrx_word' id='word_1_500' title='bbox 710 3360 1094 3432; x_wconf 72' lang='lat' dir='ltr'>defendenda:</span> <span class='ocrx_word' id='word_1_501' title='bbox 1122 3361 1319 3415; x_wconf 79' lang='lat' dir='ltr'>studio</span> <span class='ocrx_word' id='word_1_502' title='bbox 1345 3362 1758 3416; x_wconf 85' lang='lat' dir='ltr'>remissurum.</span> 
     </span>
    </p>
   </div>
   <div class='ocr_carea' id='block_1_69' title="bbox 1833 3505 1873 3558">
    <p class='ocr_par' dir='ltr' id='par_1_69' title="bbox 1833 3505 1873 3558">
     <span class='ocr_line' id='line_1_69' title="bbox 1833 3505 1873 3558; baseline 0 0"><span class='ocrx_word' id='word_1_503' title='bbox 1833 3505 1873 3558; x_wconf 88' lang='lat' dir='ltr'><strong>C</strong></span> 
     </span>
    </p>
   </div>
   <div class='ocr_carea' id='block_1_70' title="bbox 678 3501 1311 3579">
    <p class='ocr_par' dir='ltr' id='par_1_70' title="bbox 678 3501 1311 3579">
     <span class='ocr_line' id='line_1_70' title="bbox 678 3501 1311 3579; baseline 0 -22"><span class='ocrx_word' id='word_1_504' title='bbox 678 3504 921 3579; x_wconf 83' lang='grc' dir='ltr'>Εύαγρίῳ</span> <span class='ocrx_word' id='word_1_505' title='bbox 957 3501 1311 3578; x_wconf 77' lang='grc' dir='ltr'>πρεσϐυτέρῳ.</span> 
     </span>
    </p>
   </div>
   <div class='ocr_carea' id='block_1_71' title="bbox 287 3621 1802 3700">
    <p class='ocr_par' dir='ltr' id='par_1_71' title="bbox 287 3621 1802 3700">
     <span class='ocr_line' id='line_1_71' title="bbox 287 3621 1802 3700; baseline -0.002 -20"><span class='ocrx_word' id='word_1_506' title='bbox 287 3632 334 3681; x_wconf 82' lang='grc'><strong>1.</strong></span> <span class='ocrx_word' id='word_1_507' title='bbox 369 3634 620 3681; x_wconf 71' lang='grc' dir='ltr'>Τοσοῦτον</span> <span class='ocrx_word' id='word_1_508' title='bbox 651 3626 888 3699; x_wconf 83' lang='grc' dir='ltr'>ἀπέσχον</span> <span class='ocrx_word' id='word_1_509' title='bbox 935 3633 1028 3678; x_wconf 77' lang='grc' dir='ltr'>τού</span> <span class='ocrx_word' id='word_1_510' title='bbox 1082 3621 1412 3700; x_wconf 79' lang='grc' dir='ltr'>δυσχερᾶναι</span> <span class='ocrx_word' id='word_1_511' title='bbox 1455 3645 1583 3699; x_wconf 85' lang='grc' dir='ltr'>προς</span> <span class='ocrx_word' id='word_1_512' title='bbox 1613 3629 1672 3678; x_wconf 89' lang='grc' dir='ltr'>τὸ</span> <span class='ocrx_word' id='word_1_513' title='bbox 1703 3633 1802 3698; x_wconf 82' lang='grc' dir='ltr'>μῆ-</span> 
     </span>
    </p>
   </div>
   <div class='ocr_carea' id='block_1_72' title="bbox 219 3712 1802 3790">
    <p class='ocr_par' dir='ltr' id='par_1_72' title="bbox 219 3712 1802 3790">
     <span class='ocr_line' id='line_1_72' title="bbox 219 3712 1802 3790; baseline 0.001 -25"><span class='ocrx_word' id='word_1_514' title='bbox 219 3733 302 3776; x_wconf 85' lang='grc' dir='ltr'>κος</span> <span class='ocrx_word' id='word_1_515' title='bbox 345 3723 438 3767; x_wconf 85' lang='grc' dir='ltr'>τῶν</span> <span class='ocrx_word' id='word_1_516' title='bbox 495 3719 842 3790; x_wconf 72' lang='grc' dir='ltr'>γραμμάτων,</span> <span class='ocrx_word' id='word_1_517' title='bbox 899 3717 1033 3767; x_wconf 83' lang='grc' dir='ltr'>ὥστε</span> <span class='ocrx_word' id='word_1_518' title='bbox 1093 3719 1183 3766; x_wconf 83' lang='grc' dir='ltr'>καὶ</span> <span class='ocrx_word' id='word_1_519' title='bbox 1246 3717 1412 3788; x_wconf 88' lang='grc' dir='ltr'>μικρά</span> <span class='ocrx_word' id='word_1_520' title='bbox 1471 3733 1564 3786; x_wconf 90' lang='grc' dir='ltr'>μοι</span> <span class='ocrx_word' id='word_1_521' title='bbox 1625 3712 1802 3777; x_wconf 82' lang='grc' dir='ltr'>ἔδοξεν</span> 
     </span>
    </p>
   </div>
   <div class='ocr_carea' id='block_1_73' title="bbox 213 3799 1804 3875">
    <p class='ocr_par' dir='ltr' id='par_1_73' title="bbox 213 3799 1804 3875">
     <span class='ocr_line' id='line_1_73' title="bbox 213 3799 1804 3875; baseline 0 -20"><span class='ocrx_word' id='word_1_522' title='bbox 213 3799 332 3855; x_wconf 64' lang='grc' dir='ltr'>εἷναι</span> <span class='ocrx_word' id='word_1_523' title='bbox 369 3807 396 3862; x_wconf 73' lang='grc' dir='ltr'><em>ἡ</em></span> <span class='ocrx_word' id='word_1_524' title='bbox 429 3803 678 3863; x_wconf 82' lang='grc' dir='ltr'>ἐπιστολή</span> <span class='ocrx_word' id='word_1_525' title='bbox 736 3805 836 3856; x_wconf 77' lang='grc' dir='ltr'>ὑπὸ</span> <span class='ocrx_word' id='word_1_526' title='bbox 883 3811 976 3862; x_wconf 78' lang='grc' dir='ltr'>τῆς</span> <span class='ocrx_word' id='word_1_527' title='bbox 1017 3804 1152 3855; x_wconf 87' lang='grc' dir='ltr'>κατά</span> <span class='ocrx_word' id='word_1_528' title='bbox 1189 3807 1279 3860; x_wconf 81' lang='grc' dir='ltr'>τὴν</span> <span class='ocrx_word' id='word_1_529' title='bbox 1329 3801 1619 3875; x_wconf 76' lang='grc' dir='ltr'>ἀνάγνωσιν</span> <span class='ocrx_word' id='word_1_530' title='bbox 1671 3800 1804 3861; x_wconf 78' lang='grc' dir='ltr'>ἡδο-</span> 
     </span>
    </p>
   </div>
   <div class='ocr_carea' id='block_1_74' title="bbox 209 3891 1804 3970">
    <p class='ocr_par' dir='ltr' id='par_1_74' title="bbox 209 3891 1804 3970">
     <span class='ocr_line' id='line_1_74' title="bbox 209 3891 1804 3970; baseline -0.003 -22"><span class='ocrx_word' id='word_1_531' title='bbox 209 3901 312 3954; x_wconf 73' lang='grc' dir='ltr'>νῆς.</span> <span class='ocrx_word' id='word_1_532' title='bbox 361 3898 422 3946; x_wconf 92' lang='grc' dir='ltr'>Τί</span> <span class='ocrx_word' id='word_1_533' title='bbox 473 3899 574 3970; x_wconf 75' lang='grc' dir='ltr'>γὰρ</span> <span class='ocrx_word' id='word_1_534' title='bbox 639 3891 790 3952; x_wconf 76' lang='grc' dir='ltr'>ἣδιον</span> <span class='ocrx_word' id='word_1_535' title='bbox 847 3895 1094 3966; x_wconf 76' lang='grc' dir='ltr'>ἄκουσμα</span> <span class='ocrx_word' id='word_1_536' title='bbox 1150 3900 1240 3944; x_wconf 84' lang='grc' dir='ltr'>τοῦ</span> <span class='ocrx_word' id='word_1_537' title='bbox 1292 3900 1386 3954; x_wconf 85' lang='grc' dir='ltr'>τῆς</span> <span class='ocrx_word' id='word_1_538' title='bbox 1446 3892 1648 3967; x_wconf 78' lang='grc' dir='ltr'>εἰρήνης</span> <span class='ocrx_word' id='word_1_539' title='bbox 1697 3892 1804 3944; x_wconf 82' lang='grc' dir='ltr'>ὀνό-</span> 
     </span>
    </p>
   </div>
   <div class='ocr_carea' id='block_1_75' title="bbox 213 3979 1806 4056">
    <p class='ocr_par' dir='ltr' id='par_1_75' title="bbox 213 3979 1806 4056">
     <span class='ocr_line' id='line_1_75' title="bbox 213 3979 1806 4056; baseline -0.001 -23"><span class='ocrx_word' id='word_1_540' title='bbox 213 3999 395 4054; x_wconf 81' lang='grc' dir='ltr'>ματος;</span> <span class='ocrx_word' id='word_1_541' title='bbox 428 3983 456 4042; x_wconf 69' lang='grc' dir='ltr'><strong><em>ἦ</em></strong></span> <span class='ocrx_word' id='word_1_542' title='bbox 501 3989 556 4036; x_wconf 88' lang='grc' dir='ltr'>τί</span> <span class='ocrx_word' id='word_1_543' title='bbox 591 3991 686 4035; x_wconf 80' lang='grc' dir='ltr'>τού</span> <span class='ocrx_word' id='word_1_544' title='bbox 721 3985 846 4056; x_wconf 70' lang='grc' dir='ltr'>ὑπὲρ</span> <span class='ocrx_word' id='word_1_545' title='bbox 884 3982 994 4052; x_wconf 76' lang='lat'>(67)</span> <span class='ocrx_word' id='word_1_546' title='bbox 1044 3990 1143 4033; x_wconf 80' lang='grc' dir='ltr'>τῶν</span> <span class='ocrx_word' id='word_1_547' title='bbox 1174 3983 1421 4033; x_wconf 82' lang='grc' dir='ltr'>τοιούτων</span> <span class='ocrx_word' id='word_1_548' title='bbox 1462 3979 1806 4054; x_wconf 79' lang='grc' dir='ltr'>βουλεύεσθαι</span> 
     </span>
    </p>
   </div>
   <div class='ocr_carea' id='block_1_76' title="bbox 215 4069 1808 4146">
    <p class='ocr_par' dir='ltr' id='par_1_76' title="bbox 215 4069 1808 4146">
     <span class='ocr_line' id='line_1_76' title="bbox 215 4069 1808 4146; baseline 0.001 -25"><span class='ocrx_word' id='word_1_549' title='bbox 215 4073 696 4146; x_wconf 79' lang='grc' dir='ltr'>ἱεροπρεπέστερον,</span> <span class='ocrx_word' id='word_1_550' title='bbox 743 4076 834 4123; x_wconf 85' lang='grc' dir='ltr'>καὶ</span> <span class='ocrx_word' id='word_1_551' title='bbox 889 4069 1078 4142; x_wconf 85' lang='grc' dir='ltr'>μᾶλλον</span> <span class='ocrx_word' id='word_1_552' title='bbox 1134 4077 1206 4140; x_wconf 84' lang='grc' dir='ltr'>τῷ</span> <span class='ocrx_word' id='word_1_553' title='bbox 1258 4073 1432 4142; x_wconf 80' lang='grc' dir='ltr'>Κυρίῳ</span> <span class='ocrx_word' id='word_1_554' title='bbox 1488 4073 1808 4143; x_wconf 81' lang='grc' dir='ltr'>κεχαρισμέ-</span> 
     </span>
    </p>
   </div>
   <div class='ocr_carea' id='block_1_77' title="bbox 209 4155 1808 4235">
    <p class='ocr_par' dir='ltr' id='par_1_77' title="bbox 209 4155 1808 4235">
     <span class='ocr_line' id='line_1_77' title="bbox 209 4155 1808 4235; baseline 0 -25"><span class='ocrx_word' id='word_1_555' title='bbox 209 4179 314 4228; x_wconf 72' lang='grc' dir='ltr'>νονς</span> <span class='ocrx_word' id='word_1_556' title='bbox 344 4167 428 4214; x_wconf 79' lang='grc' dir='ltr'>Σοὶ</span> <span class='ocrx_word' id='word_1_557' title='bbox 465 4165 562 4235; x_wconf 79' lang='grc' dir='ltr'>μεν</span> <span class='ocrx_word' id='word_1_558' title='bbox 621 4157 710 4212; x_wconf 73' lang='grc' dir='ltr'>οὖν</span> <span class='ocrx_word' id='word_1_559' title='bbox 739 4161 1018 4234; x_wconf 83' lang='grc' dir='ltr'>παράσχοι</span> <span class='ocrx_word' id='word_1_560' title='bbox 1066 4159 1091 4210; x_wconf 83' lang='grc' dir='ltr'><em>ὁ</em></span> <span class='ocrx_word' id='word_1_561' title='bbox 1147 4161 1338 4232; x_wconf 81' lang='grc' dir='ltr'>Κύριος</span> <span class='ocrx_word' id='word_1_562' title='bbox 1375 4155 1682 4231; x_wconf 72' lang='grc' dir='ltr'>τὸνμισθὸν</span> <span class='ocrx_word' id='word_1_563' title='bbox 1712 4167 1808 4220; x_wconf 81' lang='grc' dir='ltr'>τῆς</span> 
     </span>
    </p>
   </div>
   <div class='ocr_carea' id='block_1_78' title="bbox 207 4249 1808 4324">
    <p class='ocr_par' dir='ltr' id='par_1_78' title="bbox 207 4249 1808 4324">
     <span class='ocr_line' id='line_1_78' title="bbox 207 4249 1808 4324; baseline -0.001 -24"><span class='ocrx_word' id='word_1_564' title='bbox 207 4251 568 4323; x_wconf 73' lang='grc' dir='ltr'>εἰρηνοποιίας,</span> <span class='ocrx_word' id='word_1_565' title='bbox 619 4251 751 4302; x_wconf 74' lang='grc' dir='ltr'>οὕτω</span> <span class='ocrx_word' id='word_1_566' title='bbox 817 4249 981 4309; x_wconf 80' lang='grc' dir='ltr'>καλῶς</span> <span class='ocrx_word' id='word_1_567' title='bbox 1037 4253 1453 4324; x_wconf 82' lang='grc' dir='ltr'>προαιρουμένῳ,</span> <span class='ocrx_word' id='word_1_568' title='bbox 1501 4253 1591 4300; x_wconf 85' lang='grc' dir='ltr'>καὶ</span> <span class='ocrx_word' id='word_1_569' title='bbox 1645 4267 1808 4300; x_wconf 83' lang='grc' dir='ltr'>σπου-</span> 
     </span>
    </p>
   </div>
   <div class='ocr_carea' id='block_1_79' title="bbox 1541 4332 1809 4410">
    <p class='ocr_par' dir='ltr' id='par_1_79' title="bbox 1541 4332 1809 4410">
     <span class='ocr_line' id='line_1_79' title="bbox 1541 4332 1809 4410; baseline -0.004 -21"><span class='ocrx_word' id='word_1_570' title='bbox 1541 4338 1676 4410; x_wconf 81' lang='grc' dir='ltr'>ἠμᾶς</span> <span class='ocrx_word' id='word_1_571' title='bbox 1750 4332 1809 4388; x_wconf 70' lang='grc' dir='ltr'>δὲ</span> 
     </span>
    </p>
   </div>
   <div class='ocr_carea' id='block_1_80' title="bbox 205 4426 1806 4501">
    <p class='ocr_par' dir='ltr' id='par_1_80' title="bbox 205 4426 1806 4501">
     <span class='ocr_line' id='line_1_80' title="bbox 205 4426 1806 4501; baseline 0 -25"><span class='ocrx_word' id='word_1_572' title='bbox 205 4429 390 4499; x_wconf 73' lang='grc' dir='ltr'>νόμιζε,</span> <span class='ocrx_word' id='word_1_573' title='bbox 455 4434 622 4500; x_wconf 84' lang='grc' dir='ltr'>τιμία</span> <span class='ocrx_word' id='word_1_574' title='bbox 673 4426 886 4499; x_wconf 71' lang='grc' dir='ltr'>κεφαλὴ,</span> <span class='ocrx_word' id='word_1_575' title='bbox 947 4428 1091 4480; x_wconf 82' lang='grc' dir='ltr'>ἕνεκα</span> <span class='ocrx_word' id='word_1_576' title='bbox 1149 4429 1240 4498; x_wconf 71' lang='grc' dir='ltr'>μὲν</span> <span class='ocrx_word' id='word_1_577' title='bbox 1297 4433 1388 4478; x_wconf 82' lang='grc' dir='ltr'>τοῦ</span> <span class='ocrx_word' id='word_1_578' title='bbox 1449 4427 1806 4501; x_wconf 71' lang='grc' dir='ltr'>προῃρῆσθαι,</span> 
     </span>
    </p>
   </div>
   <div class='ocr_carea' id='block_1_81' title="bbox 209 4333 1472 4413">
    <p class='ocr_par' dir='ltr' id='par_1_81' title="bbox 209 4333 1472 4413">
     <span class='ocr_line' id='line_1_81' title="bbox 209 4333 1472 4413; baseline -0.001 -24"><span class='ocrx_word' id='word_1_579' title='bbox 209 4333 354 4400; x_wconf 78' lang='grc' dir='ltr'>δαίως</span> <span class='ocrx_word' id='word_1_580' title='bbox 417 4339 710 4412; x_wconf 82' lang='grc' dir='ltr'>ἐγκειμενῳ</span> <span class='ocrx_word' id='word_1_581' title='bbox 783 4340 1057 4413; x_wconf 85' lang='grc' dir='ltr'>πράγματι</span> <span class='ocrx_word' id='word_1_582' title='bbox 1121 4345 1430 4410; x_wconf 86' lang='grc' dir='ltr'>μακαριστῲ</span> <span class='ocrx_word' id='word_1_583' title='bbox 1460 4357 1472 4370; x_wconf 84' lang='grc'><strong><em>-</em></strong></span> 
     </span>
    </p>
   </div>
   <div class='ocr_carea' id='block_1_82' title="bbox 207 4513 1808 4590">
    <p class='ocr_par' dir='ltr' id='par_1_82' title="bbox 207 4513 1808 4590">
     <span class='ocr_line' id='line_1_82' title="bbox 207 4513 1808 4590; baseline 0 -25"><span class='ocrx_word' id='word_1_584' title='bbox 207 4535 288 4567; x_wconf 76' lang='grc' dir='ltr'>και</span> <span class='ocrx_word' id='word_1_585' title='bbox 315 4520 582 4590; x_wconf 72' lang='grc' dir='ltr'>εὔχεσθαι</span> <span class='ocrx_word' id='word_1_586' title='bbox 624 4513 754 4569; x_wconf 85' lang='grc' dir='ltr'>ἰδεῖν</span> <span class='ocrx_word' id='word_1_587' title='bbox 807 4535 930 4568; x_wconf 86' lang='grc' dir='ltr'>ποτε</span> <span class='ocrx_word' id='word_1_588' title='bbox 959 4520 1052 4573; x_wconf 72' lang='grc' dir='ltr'>τὴν</span> <span class='ocrx_word' id='word_1_589' title='bbox 1100 4517 1298 4589; x_wconf 79' lang='grc' dir='ltr'>ἡμέραν</span> <span class='ocrx_word' id='word_1_590' title='bbox 1342 4513 1390 4566; x_wconf 79' lang='grc' dir='ltr'>ἐν</span> <span class='ocrx_word' id='word_1_591' title='bbox 1435 4515 1682 4587; x_wconf 73' lang='grc' dir='ltr'>ᾖπάντες</span> <span class='ocrx_word' id='word_1_592' title='bbox 1723 4517 1808 4566; x_wconf 87' lang='grc' dir='ltr'>τὸν</span> 
     </span>
    </p>
   </div>
   <div class='ocr_carea' id='block_1_83' title="bbox 207 4601 1808 4682">
    <p class='ocr_par' dir='ltr' id='par_1_83' title="bbox 207 4601 1808 4682">
     <span class='ocr_line' id='line_1_83' title="bbox 207 4601 1808 4682; baseline -0.001 -26"><span class='ocrx_word' id='word_1_593' title='bbox 207 4607 348 4658; x_wconf 65' lang='grc' dir='ltr'>αὐτὸν</span> <span class='ocrx_word' id='word_1_594' title='bbox 392 4609 756 4682; x_wconf 74' lang='grc' dir='ltr'>πληρώσουσι</span> <span class='ocrx_word' id='word_1_595' title='bbox 804 4605 1068 4677; x_wconf 85' lang='grc' dir='ltr'>σύλλογον,</span> <span class='ocrx_word' id='word_1_596' title='bbox 1104 4607 1153 4657; x_wconf 87' lang='grc' dir='ltr'>οἱ</span> <span class='ocrx_word' id='word_1_597' title='bbox 1200 4612 1316 4667; x_wconf 87' lang='grc' dir='ltr'>ταῖς</span> <span class='ocrx_word' id='word_1_598' title='bbox 1366 4601 1624 4666; x_wconf 74' lang='grc' dir='ltr'>διανοίαις</span> <span class='ocrx_word' id='word_1_599' title='bbox 1657 4603 1808 4662; x_wconf 78' lang='grc' dir='ltr'>ἀλλή-</span> 
     </span>
    </p>
   </div>
   <div class='ocr_carea' id='block_1_84' title="bbox 207 4691 1809 4769">
    <p class='ocr_par' dir='ltr' id='par_1_84' title="bbox 207 4691 1809 4769">
     <span class='ocr_line' id='line_1_84' title="bbox 207 4691 1809 4769; baseline 0 -25"><span class='ocrx_word' id='word_1_600' title='bbox 207 4693 296 4745; x_wconf 80' lang='grc' dir='ltr'>λων</span> <span class='ocrx_word' id='word_1_601' title='bbox 343 4702 414 4768; x_wconf 74' lang='grc' dir='ltr'>μὴ</span> <span class='ocrx_word' id='word_1_602' title='bbox 470 4695 891 4768; x_wconf 83' lang='grc' dir='ltr'>ἀπεσχισμένοι,</span> <span class='ocrx_word' id='word_1_603' title='bbox 941 4691 1132 4768; x_wconf 74' lang='grc' dir='ltr'>μηδενὶ</span> <span class='ocrx_word' id='word_1_604' title='bbox 1189 4701 1526 4769; x_wconf 76' lang='grc' dir='ltr'>παραχωρεῖν</span> <span class='ocrx_word' id='word_1_605' title='bbox 1585 4701 1683 4744; x_wconf 82' lang='grc' dir='ltr'>τῶν</span> <span class='ocrx_word' id='word_1_606' title='bbox 1739 4691 1809 4753; x_wconf 85' lang='grc' dir='ltr'>εἰς</span> 
     </span>
    </p>
   </div>
   <div class='ocr_carea' id='block_1_85' title="bbox 205 4781 1808 4855">
    <p class='ocr_par' dir='ltr' id='par_1_85' title="bbox 205 4781 1808 4855">
     <span class='ocr_line' id='line_1_85' title="bbox 205 4781 1808 4855; baseline -0.001 -20"><span class='ocrx_word' id='word_1_607' title='bbox 205 4787 290 4840; x_wconf 76' lang='grc' dir='ltr'>τήν</span> <span class='ocrx_word' id='word_1_608' title='bbox 337 4781 595 4842; x_wconf 76' lang='grc' dir='ltr'>σπουδὴν</span> <span class='ocrx_word' id='word_1_609' title='bbox 647 4786 846 4834; x_wconf 87' lang='grc' dir='ltr'>ταύτων</span> <span class='ocrx_word' id='word_1_610' title='bbox 903 4786 1182 4855; x_wconf 82' lang='grc' dir='ltr'>πρωτείων.</span> <span class='ocrx_word' id='word_1_611' title='bbox 1233 4785 1332 4834; x_wconf 80' lang='grc' dir='ltr'>Καὶ</span> <span class='ocrx_word' id='word_1_612' title='bbox 1379 4784 1480 4855; x_wconf 79' lang='grc' dir='ltr'>γὰρ</span> <span class='ocrx_word' id='word_1_613' title='bbox 1523 4781 1582 4832; x_wconf 82' lang='grc' dir='ltr'>ἀν</span> <span class='ocrx_word' id='word_1_614' title='bbox 1637 4784 1808 4852; x_wconf 79' lang='grc' dir='ltr'>εἴημεν</span> 
     </span>
    </p>
   </div>
   <div class='ocr_carea' id='block_1_86' title="bbox 207 4869 1809 4945">
    <p class='ocr_par' dir='ltr' id='par_1_86' title="bbox 207 4869 1809 4945">
     <span class='ocr_line' id='line_1_86' title="bbox 207 4869 1809 4945; baseline 0.001 -26"><span class='ocrx_word' id='word_1_615' title='bbox 207 4873 264 4930; x_wconf 73' lang='grc' dir='ltr'>ὡς</span> <span class='ocrx_word' id='word_1_616' title='bbox 331 4872 544 4934; x_wconf 77' lang='grc' dir='ltr'>ἀληθῶς</span> <span class='ocrx_word' id='word_1_617' title='bbox 621 4873 824 4924; x_wconf 84' lang='grc' dir='ltr'>πάντων</span> <span class='ocrx_word' id='word_1_618' title='bbox 895 4869 1176 4945; x_wconf 79' lang='grc' dir='ltr'>ἀνθρώπων</span> <span class='ocrx_word' id='word_1_619' title='bbox 1244 4869 1570 4922; x_wconf 82' lang='grc' dir='ltr'>ἀτοπώτατοί</span> <span class='ocrx_word' id='word_1_620' title='bbox 1599 4911 1612 4936; x_wconf 88' lang='grc'>,</span> <span class='ocrx_word' id='word_1_621' title='bbox 1683 4875 1809 4942; x_wconf 82' lang='grc' dir='ltr'>σχί-</span> 
     </span>
    </p>
   </div>
   <div class='ocr_carea' id='block_1_87' title="bbox 209 4954 1805 5032">
    <p class='ocr_par' dir='ltr' id='par_1_87' title="bbox 209 4954 1805 5032">
     <span class='ocr_line' id='line_1_87' title="bbox 209 4954 1805 5032; baseline -0.002 -21"><span class='ocrx_word' id='word_1_622' title='bbox 209 4979 360 5032; x_wconf 61' lang='lat' dir='ltr'>suum</span> <span class='ocrx_word' id='word_1_623' title='bbox 411 4967 510 5014; x_wconf 78' lang='grc' dir='ltr'>καὶ</span> <span class='ocrx_word' id='word_1_624' title='bbox 573 4967 892 5032; x_wconf 84' lang='grc' dir='ltr'>κατατομαῖς</span> <span class='ocrx_word' id='word_1_625' title='bbox 938 4959 1258 5017; x_wconf 81' lang='grc' dir='ltr'>Ἐκκληοίῶν</span> <span class='ocrx_word' id='word_1_626' title='bbox 1315 4954 1624 5030; x_wconf 65' lang='grc' dir='ltr'>ἐφηδόμενοι</span> <span class='ocrx_word' id='word_1_627' title='bbox 1674 4958 1805 5030; x_wconf 80' lang='grc'>(68),</span> 
     </span>
    </p>
   </div>
   <div class='ocr_carea' id='block_1_88' title="bbox 207 5047 1810 5122">
    <p class='ocr_par' dir='ltr' id='par_1_88' title="bbox 207 5047 1810 5122">
     <span class='ocr_line' id='line_1_88' title="bbox 207 5047 1810 5122; baseline 0.001 -25"><span class='ocrx_word' id='word_1_628' title='bbox 207 5053 284 5100; x_wconf 75' lang='grc' dir='ltr'>καὶ</span> <span class='ocrx_word' id='word_1_629' title='bbox 327 5057 396 5122; x_wconf 75' lang='grc' dir='ltr'>μὴ</span> <span class='ocrx_word' id='word_1_630' title='bbox 449 5055 552 5108; x_wconf 76' lang='grc' dir='ltr'>τὴν</span> <span class='ocrx_word' id='word_1_631' title='bbox 605 5051 883 5122; x_wconf 61' lang='grc' dir='ltr'>συνάφειαν</span> <span class='ocrx_word' id='word_1_632' title='bbox 926 5057 1027 5101; x_wconf 86' lang='grc' dir='ltr'>τῶν</span> <span class='ocrx_word' id='word_1_633' title='bbox 1071 5047 1234 5120; x_wconf 82' lang='grc' dir='ltr'>μελῶν</span> <span class='ocrx_word' id='word_1_634' title='bbox 1286 5055 1377 5099; x_wconf 76' lang='grc' dir='ltr'>τοῦ</span> <span class='ocrx_word' id='word_1_635' title='bbox 1431 5053 1672 5119; x_wconf 79' lang='grc' dir='ltr'>σώματος</span> <span class='ocrx_word' id='word_1_636' title='bbox 1717 5055 1810 5098; x_wconf 84' lang='grc' dir='ltr'>τού</span> 
     </span>
    </p>
   </div>
   <div class='ocr_carea' id='block_1_89' title="bbox 209 5134 1809 5210">
    <p class='ocr_par' dir='ltr' id='par_1_89' title="bbox 209 5134 1809 5210">
     <span class='ocr_line' id='line_1_89' title="bbox 209 5134 1809 5210; baseline -0.002 -21"><span class='ocrx_word' id='word_1_637' title='bbox 209 5143 426 5210; x_wconf 70' lang='grc' dir='ltr'>Χριστοῦ</span> <span class='ocrx_word' id='word_1_638' title='bbox 487 5143 550 5192; x_wconf 82' lang='grc' dir='ltr'>τὸ</span> <span class='ocrx_word' id='word_1_639' title='bbox 605 5142 852 5210; x_wconf 78' lang='grc' dir='ltr'>μέγιστον</span> <span class='ocrx_word' id='word_1_640' title='bbox 909 5145 1008 5188; x_wconf 84' lang='grc' dir='ltr'>τῶν</span> <span class='ocrx_word' id='word_1_641' title='bbox 1057 5135 1266 5207; x_wconf 76' lang='grc' dir='ltr'>ἀγαθῶν</span> <span class='ocrx_word' id='word_1_642' title='bbox 1323 5137 1598 5206; x_wconf 81' lang='grc' dir='ltr'>τιθέμενοι.</span> <span class='ocrx_word' id='word_1_643' title='bbox 1649 5134 1809 5188; x_wconf 84' lang='grc' dir='ltr'>Ὀσον</span> 
     </span>
    </p>
   </div>
   <div class='ocr_carea' id='block_1_90' title="bbox 209 5226 1815 5298">
    <p class='ocr_par' dir='ltr' id='par_1_90' title="bbox 209 5226 1815 5298">
     <span class='ocr_line' id='line_1_90' title="bbox 209 5226 1815 5298; baseline 0 -22"><span class='ocrx_word' id='word_1_644' title='bbox 209 5231 364 5294; x_wconf 75' lang='grc' dir='ltr'>μέντοι</span> <span class='ocrx_word' id='word_1_645' title='bbox 413 5237 510 5288; x_wconf 78' lang='grc' dir='ltr'>τῆς</span> <span class='ocrx_word' id='word_1_646' title='bbox 567 5226 852 5298; x_wconf 81' lang='grc' dir='ltr'>ἐπιθυμίας</span> <span class='ocrx_word' id='word_1_647' title='bbox 903 5227 1028 5298; x_wconf 74' lang='grc' dir='ltr'>ἡμῖν</span> <span class='ocrx_word' id='word_1_648' title='bbox 1075 5229 1330 5298; x_wconf 80' lang='grc' dir='ltr'>πείρεστι,</span> <span class='ocrx_word' id='word_1_649' title='bbox 1375 5231 1620 5277; x_wconf 85' lang='grc' dir='ltr'>τοσοῦτον</span> <span class='ocrx_word' id='word_1_650' title='bbox 1662 5228 1815 5296; x_wconf 86' lang='grc' dir='ltr'>γίνω-</span> 
     </span>
    </p>
   </div>
   <div class='ocr_carea' id='block_1_91' title="bbox 225 5383 1814 5458">
    <p class='ocr_par' dir='ltr' id='par_1_91' title="bbox 225 5383 1814 5458">
     <span class='ocr_line' id='line_1_91' title="bbox 225 5383 1814 5458; baseline -0.001 -16"><span class='ocrx_word' id='word_1_651' title='bbox 225 5449 234 5458; x_wconf 83' lang='lat'><em>_</em></span> <span class='ocrx_word' id='word_1_652' title='bbox 275 5391 376 5452; x_wconf 43' lang='lat'>(.66)</span> <span class='ocrx_word' id='word_1_653' title='bbox 419 5389 504 5440; x_wconf 84' lang='grc' dir='ltr'>Ἐν</span> <span class='ocrx_word' id='word_1_654' title='bbox 554 5393 672 5446; x_wconf 83' lang='grc' dir='ltr'>τοῖς</span> <span class='ocrx_word' id='word_1_655' title='bbox 716 5385 966 5458; x_wconf 72' lang='grc' dir='ltr'>πλείοσιν.</span> <span class='ocrx_word' id='word_1_656' title='bbox 1018 5385 1102 5441; x_wconf 89' lang='lat' dir='ltr'>Ita</span> <span class='ocrx_word' id='word_1_657' title='bbox 1140 5383 1437 5458; x_wconf 74' lang='lat' dir='ltr'>quinque</span> <span class='ocrx_word' id='word_1_658' title='bbox 1467 5399 1615 5440; x_wconf 86' lang='lat' dir='ltr'>mss.</span> <span class='ocrx_word' id='word_1_659' title='bbox 1642 5383 1814 5458; x_wconf 63' lang='grc' dir='ltr'>ΔΕάἱῐί</span> 
     </span>
    </p>
   </div>
   <div class='ocr_carea' id='block_1_92' title="bbox 222 5454 1814 5536">
    <p class='ocr_par' dir='ltr' id='par_1_92' title="bbox 222 5454 1814 5536">
     <span class='ocr_line' id='line_1_92' title="bbox 222 5454 1814 5536; baseline -0.01 -15"><span class='ocrx_word' id='word_1_660' title='bbox 222 5454 262 5500; x_wconf 60' lang='grc' dir='ltr'>ἓν</span> <span class='ocrx_word' id='word_1_661' title='bbox 285 5465 378 5536; x_wconf 59' lang='grc' dir='ltr'>Τοῖς</span> <span class='ocrx_word' id='word_1_662' title='bbox 405 5465 664 5534; x_wconf 74' lang='grc' dir='ltr'>χρόνοις.</span> <span class='ocrx_word' id='word_1_663' title='bbox 698 5456 894 5514; x_wconf 77' lang='lat' dir='ltr'>Codex</span> <span class='ocrx_word' id='word_1_664' title='bbox 925 5473 962 5513; x_wconf 90' lang='lat' dir='ltr'>a</span> <span class='ocrx_word' id='word_1_665' title='bbox 987 5454 1350 5513; x_wconf 77' lang='lat' dir='ltr'>Combeﬁsio</span> <span class='ocrx_word' id='word_1_666' title='bbox 1389 5454 1604 5512; x_wconf 88' lang='lat' dir='ltr'>citatus</span> <span class='ocrx_word' id='word_1_667' title='bbox 1634 5455 1682 5508; x_wconf 62' lang='lat' dir='ltr'>iv</span> <span class='ocrx_word' id='word_1_668' title='bbox 1709 5460 1814 5517; x_wconf 80' lang='grc' dir='ltr'>τοῖς</span> 
     </span>
    </p>
   </div>
   <div class='ocr_carea' id='block_1_93' title="bbox 225 5541 429 5596">
    <p class='ocr_par' dir='ltr' id='par_1_93' title="bbox 225 5541 429 5596">
     <span class='ocr_line' id='line_1_93' title="bbox 225 5541 429 5596; baseline 0.029 -21"><span class='ocrx_word' id='word_1_669' title='bbox 225 5541 429 5596; x_wconf 72' lang='grc' dir='ltr'>κρωτοις.</span> 
     </span>
    </p>
   </div>
   <div class='ocr_carea' id='block_1_94' title="bbox 1897 3289 3558 3365">
    <p class='ocr_par' dir='ltr' id='par_1_94' title="bbox 1897 3289 3558 3365">
     <span class='ocr_line' id='line_1_94' title="bbox 1897 3289 3558 3365; baseline 0.004 -21"><span class='ocrx_word' id='word_1_670' title='bbox 1897 3290 1970 3344; x_wconf 76' lang='lat' dir='ltr'>ab</span> <span class='ocrx_word' id='word_1_671' title='bbox 2013 3289 2376 3346; x_wconf 84' lang='lat' dir='ltr'>adversariis</span> <span class='ocrx_word' id='word_1_672' title='bbox 2405 3292 2617 3361; x_wconf 70' lang='lat' dir='ltr'>qua&#39;ri,</span> <span class='ocrx_word' id='word_1_673' title='bbox 2655 3306 2761 3346; x_wconf 84' lang='lat' dir='ltr'>nec</span> <span class='ocrx_word' id='word_1_674' title='bbox 2793 3297 2990 3348; x_wconf 87' lang='lat' dir='ltr'>tamen</span> <span class='ocrx_word' id='word_1_675' title='bbox 3025 3308 3084 3348; x_wconf 87' lang='lat' dir='ltr'>se</span> <span class='ocrx_word' id='word_1_676' title='bbox 3129 3293 3458 3365; x_wconf 85' lang='lat' dir='ltr'>quidquam</span> <span class='ocrx_word' id='word_1_677' title='bbox 3483 3295 3558 3350; x_wconf 87' lang='lat' dir='ltr'>de</span> 
     </span>
    </p>
   </div>
   <div class='ocr_carea' id='block_1_95' title="bbox 2405 3503 3074 3575">
    <p class='ocr_par' dir='ltr' id='par_1_95' title="bbox 2405 3503 3074 3575">
     <span class='ocr_line' id='line_1_95' title="bbox 2405 3503 3074 3575; baseline 0.003 -17"><span class='ocrx_word' id='word_1_678' title='bbox 2405 3503 2671 3573; x_wconf 85' lang='lat' dir='ltr'>Evagrio</span> <span class='ocrx_word' id='word_1_679' title='bbox 2707 3503 3074 3575; x_wconf 80' lang='lat' dir='ltr'>presbytero.</span> 
     </span>
    </p>
   </div>
   <div class='ocr_carea' id='block_1_96' title="bbox 1987 3625 3562 3700">
    <p class='ocr_par' dir='ltr' id='par_1_96' title="bbox 1987 3625 3562 3700">
     <span class='ocr_line' id='line_1_96' title="bbox 1987 3625 3562 3700; baseline 0.004 -20"><span class='ocrx_word' id='word_1_680' title='bbox 1987 3630 2035 3680; x_wconf 84' lang='lat' dir='ltr'>l.</span> <span class='ocrx_word' id='word_1_681' title='bbox 2079 3627 2333 3681; x_wconf 87' lang='lat' dir='ltr'>Tantum</span> <span class='ocrx_word' id='word_1_682' title='bbox 2374 3625 2562 3681; x_wconf 86' lang='lat' dir='ltr'>abfuit</span> <span class='ocrx_word' id='word_1_683' title='bbox 2593 3629 2657 3682; x_wconf 92' lang='lat' dir='ltr'>ut</span> <span class='ocrx_word' id='word_1_684' title='bbox 2691 3626 2939 3684; x_wconf 89' lang='lat' dir='ltr'>moleste</span> <span class='ocrx_word' id='word_1_685' title='bbox 2983 3627 3200 3685; x_wconf 82' lang='lat' dir='ltr'>ferrem</span> <span class='ocrx_word' id='word_1_686' title='bbox 3243 3629 3562 3700; x_wconf 86' lang='lat' dir='ltr'>longitudi-</span> 
     </span>
    </p>
   </div>
   <div class='ocr_carea' id='block_1_97' title="bbox 1911 3713 3564 3780">
    <p class='ocr_par' dir='ltr' id='par_1_97' title="bbox 1911 3713 3564 3780">
     <span class='ocr_line' id='line_1_97' title="bbox 1911 3713 3564 3780; baseline 0.004 -12"><span class='ocrx_word' id='word_1_687' title='bbox 1911 3729 2049 3770; x_wconf 90' lang='lat' dir='ltr'>nem</span> <span class='ocrx_word' id='word_1_688' title='bbox 2099 3713 2448 3780; x_wconf 90' lang='lat' dir='ltr'>litterarum,</span> <span class='ocrx_word' id='word_1_689' title='bbox 2502 3719 2565 3769; x_wconf 91' lang='lat' dir='ltr'>ut</span> <span class='ocrx_word' id='word_1_690' title='bbox 2611 3721 2819 3771; x_wconf 88' lang='lat' dir='ltr'>contra</span> <span class='ocrx_word' id='word_1_691' title='bbox 2858 3716 3057 3772; x_wconf 88' lang='lat' dir='ltr'>brevis</span> <span class='ocrx_word' id='word_1_692' title='bbox 3111 3717 3257 3772; x_wconf 89' lang='lat' dir='ltr'>mihi</span> <span class='ocrx_word' id='word_1_693' title='bbox 3306 3719 3438 3773; x_wconf 88' lang='lat' dir='ltr'>visa</span> <span class='ocrx_word' id='word_1_694' title='bbox 3490 3717 3564 3774; x_wconf 85' lang='lat' dir='ltr'>sit</span> 
     </span>
    </p>
   </div>
   <div class='ocr_carea' id='block_1_98' title="bbox 1913 3802 3562 3878">
    <p class='ocr_par' dir='ltr' id='par_1_98' title="bbox 1913 3802 3562 3878">
     <span class='ocr_line' id='line_1_98' title="bbox 1913 3802 3562 3878; baseline 0.002 -21"><span class='ocrx_word' id='word_1_695' title='bbox 1913 3802 2168 3874; x_wconf 89' lang='lat' dir='ltr'>epistola</span> <span class='ocrx_word' id='word_1_696' title='bbox 2199 3819 2322 3874; x_wconf 73' lang='lat' dir='ltr'>pl‘tB</span> <span class='ocrx_word' id='word_1_697' title='bbox 2361 3802 2600 3871; x_wconf 83' lang='lat' dir='ltr'>legendi</span> <span class='ocrx_word' id='word_1_698' title='bbox 2647 3803 2982 3876; x_wconf 82' lang='lat' dir='ltr'>voluptate.</span> <span class='ocrx_word' id='word_1_699' title='bbox 3013 3806 3164 3871; x_wconf 89' lang='lat' dir='ltr'>Quid</span> <span class='ocrx_word' id='word_1_700' title='bbox 3204 3805 3359 3861; x_wconf 87' lang='lat' dir='ltr'>enim</span> <span class='ocrx_word' id='word_1_701' title='bbox 3395 3806 3562 3878; x_wconf 89' lang='lat' dir='ltr'>pacis</span> 
     </span>
    </p>
   </div>
   <div class='ocr_carea' id='block_1_99' title="bbox 1912 3891 3566 3965">
    <p class='ocr_par' dir='ltr' id='par_1_99' title="bbox 1912 3891 3566 3965">
     <span class='ocr_line' id='line_1_99' title="bbox 1912 3891 3566 3965; baseline 0.003 -19"><span class='ocrx_word' id='word_1_702' title='bbox 1912 3891 2158 3946; x_wconf 88' lang='lat' dir='ltr'>nomine</span> <span class='ocrx_word' id='word_1_703' title='bbox 2201 3891 2529 3962; x_wconf 89' lang='lat' dir='ltr'>jucundius</span> <span class='ocrx_word' id='word_1_704' title='bbox 2569 3891 2823 3947; x_wconf 87' lang='lat' dir='ltr'>auditu?</span> <span class='ocrx_word' id='word_1_705' title='bbox 2853 3897 2956 3948; x_wconf 90' lang='lat' dir='ltr'>aut</span> <span class='ocrx_word' id='word_1_706' title='bbox 3003 3894 3150 3965; x_wconf 91' lang='lat' dir='ltr'>quid</span> <span class='ocrx_word' id='word_1_707' title='bbox 3195 3895 3464 3950; x_wconf 89' lang='lat' dir='ltr'>sanctius</span> <span class='ocrx_word' id='word_1_708' title='bbox 3507 3899 3566 3951; x_wconf 88' lang='lat' dir='ltr'>et</span> 
     </span>
    </p>
   </div>
   <div class='ocr_carea' id='block_1_100' title="bbox 1915 3978 3564 4052">
    <p class='ocr_par' dir='ltr' id='par_1_100' title="bbox 1915 3978 3564 4052">
     <span class='ocr_line' id='line_1_100' title="bbox 1915 3978 3564 4052; baseline 0.002 -18"><span class='ocrx_word' id='word_1_709' title='bbox 1915 3978 2169 4034; x_wconf 89' lang='lat' dir='ltr'>Domino</span> <span class='ocrx_word' id='word_1_710' title='bbox 2197 3979 2446 4047; x_wconf 85' lang='lat' dir='ltr'>gratius,</span> <span class='ocrx_word' id='word_1_711' title='bbox 2479 3996 2664 4051; x_wconf 86' lang='lat' dir='ltr'>quam</span> <span class='ocrx_word' id='word_1_712' title='bbox 2696 3980 2770 4036; x_wconf 89' lang='lat' dir='ltr'>de</span> <span class='ocrx_word' id='word_1_713' title='bbox 2817 3981 2998 4036; x_wconf 86' lang='lat' dir='ltr'>rebus</span> <span class='ocrx_word' id='word_1_714' title='bbox 3029 3982 3381 4052; x_wconf 90' lang='lat' dir='ltr'>hujusmodi</span> <span class='ocrx_word' id='word_1_715' title='bbox 3425 3999 3564 4038; x_wconf 92' lang='lat' dir='ltr'>con-</span> 
     </span>
    </p>
   </div>
   <div class='ocr_carea' id='block_1_101' title="bbox 1914 4065 3561 4140">
    <p class='ocr_par' dir='ltr' id='par_1_101' title="bbox 1914 4065 3561 4140">
     <span class='ocr_line' id='line_1_101' title="bbox 1914 4065 3561 4140; baseline 0.004 -20"><span class='ocrx_word' id='word_1_716' title='bbox 1914 4065 2110 4121; x_wconf 88' lang='lat' dir='ltr'>silium</span> <span class='ocrx_word' id='word_1_717' title='bbox 2139 4067 2286 4121; x_wconf 89' lang='lat' dir='ltr'>inire</span> <span class='ocrx_word' id='word_1_718' title='bbox 2306 4069 2334 4122; x_wconf 86' lang='lat'><strong>?</strong></span> <span class='ocrx_word' id='word_1_719' title='bbox 2363 4067 2488 4122; x_wconf 84' lang='lat' dir='ltr'>&#39;l&#39;ibi</span> <span class='ocrx_word' id='word_1_720' title='bbox 2516 4068 2696 4138; x_wconf 84' lang='lat' dir='ltr'>igitur</span> <span class='ocrx_word' id='word_1_721' title='bbox 2725 4073 2968 4140; x_wconf 75' lang='lat' dir='ltr'>praestet</span> <span class='ocrx_word' id='word_1_722' title='bbox 3011 4070 3300 4125; x_wconf 89' lang='lat' dir='ltr'>Dominus</span> <span class='ocrx_word' id='word_1_723' title='bbox 3339 4087 3561 4128; x_wconf 89' lang='lat' dir='ltr'>merce-</span> 
     </span>
    </p>
   </div>
   <div class='ocr_carea' id='block_1_102' title="bbox 1915 4155 3564 4232">
    <p class='ocr_par' dir='ltr' id='par_1_102' title="bbox 1915 4155 3564 4232">
     <span class='ocr_line' id='line_1_102' title="bbox 1915 4155 3564 4232; baseline 0.003 -22"><span class='ocrx_word' id='word_1_724' title='bbox 1915 4155 2054 4210; x_wconf 89' lang='lat' dir='ltr'>dem</span> <span class='ocrx_word' id='word_1_725' title='bbox 2084 4155 2536 4227; x_wconf 82' lang='lat' dir='ltr'>pacilicationis,</span> <span class='ocrx_word' id='word_1_726' title='bbox 2571 4163 2694 4212; x_wconf 89' lang='lat' dir='ltr'>tam</span> <span class='ocrx_word' id='word_1_727' title='bbox 2727 4157 3014 4229; x_wconf 59' lang='lat' dir='ltr'>praeclara</span> <span class='ocrx_word' id='word_1_728' title='bbox 3046 4157 3148 4214; x_wconf 85' lang='lat' dir='ltr'>tibi</span> <span class='ocrx_word' id='word_1_729' title='bbox 3181 4159 3564 4232; x_wconf 90' lang='lat' dir='ltr'>proponenti,</span> 
     </span>
    </p>
   </div>
   <div class='ocr_carea' id='block_1_103' title="bbox 1914 4245 3566 4318">
    <p class='ocr_par' dir='ltr' id='par_1_103' title="bbox 1914 4245 3566 4318">
     <span class='ocr_line' id='line_1_103' title="bbox 1914 4245 3566 4318; baseline 0.002 -18"><span class='ocrx_word' id='word_1_730' title='bbox 1914 4249 1972 4301; x_wconf 90' lang='lat' dir='ltr'>et</span> <span class='ocrx_word' id='word_1_731' title='bbox 2010 4249 2134 4301; x_wconf 85' lang='lat' dir='ltr'>tam</span> <span class='ocrx_word' id='word_1_732' title='bbox 2177 4245 2442 4300; x_wconf 87' lang='lat' dir='ltr'>studiose</span> <span class='ocrx_word' id='word_1_733' title='bbox 2481 4248 2542 4300; x_wconf 91' lang='lat' dir='ltr'>in</span> <span class='ocrx_word' id='word_1_734' title='bbox 2589 4262 2736 4316; x_wconf 88' lang='lat' dir='ltr'>rem,</span> <span class='ocrx_word' id='word_1_735' title='bbox 2788 4263 2924 4318; x_wconf 61' lang='lat' dir='ltr'>quae</span> <span class='ocrx_word' id='word_1_736' title='bbox 2962 4246 3140 4303; x_wconf 87' lang='lat' dir='ltr'>beata</span> <span class='ocrx_word' id='word_1_737' title='bbox 3185 4249 3566 4318; x_wconf 65' lang='lat' dir='ltr'>praedicatur,</span> 
     </span>
    </p>
   </div>
   <div class='ocr_carea' id='block_1_104' title="bbox 1915 4335 3568 4408">
    <p class='ocr_par' dir='ltr' id='par_1_104' title="bbox 1915 4335 3568 4408">
     <span class='ocr_line' id='line_1_104' title="bbox 1915 4335 3568 4408; baseline 0.001 -18"><span class='ocrx_word' id='word_1_738' title='bbox 1915 4335 2304 4391; x_wconf 82' lang='lat' dir='ltr'>incumbenti.</span> <span class='ocrx_word' id='word_1_739' title='bbox 2345 4337 2462 4390; x_wconf 82' lang='lat' dir='ltr'>Nos</span> <span class='ocrx_word' id='word_1_740' title='bbox 2507 4341 2707 4391; x_wconf 90' lang='lat' dir='ltr'>autem</span> <span class='ocrx_word' id='word_1_741' title='bbox 2735 4336 3029 4398; x_wconf 83' lang='lat' dir='ltr'>existima,</span> <span class='ocrx_word' id='word_1_742' title='bbox 3063 4341 3244 4408; x_wconf 88' lang='lat' dir='ltr'>caput</span> <span class='ocrx_word' id='word_1_743' title='bbox 3277 4353 3568 4392; x_wconf 85' lang='lat' dir='ltr'>veneran-</span> 
     </span>
    </p>
   </div>
   <div class='ocr_carea' id='block_1_105' title="bbox 1913 4423 3566 4496">
    <p class='ocr_par' dir='ltr' id='par_1_105' title="bbox 1913 4423 3566 4496">
     <span class='ocr_line' id='line_1_105' title="bbox 1913 4423 3566 4496; baseline 0.001 -16"><span class='ocrx_word' id='word_1_744' title='bbox 1913 4423 2083 4488; x_wconf 88' lang='lat' dir='ltr'>dum,</span> <span class='ocrx_word' id='word_1_745' title='bbox 2115 4423 2282 4496; x_wconf 91' lang='lat' dir='ltr'>quod</span> <span class='ocrx_word' id='word_1_746' title='bbox 2312 4427 2542 4495; x_wconf 91' lang='lat' dir='ltr'>spectat</span> <span class='ocrx_word' id='word_1_747' title='bbox 2581 4423 2660 4479; x_wconf 91' lang='lat' dir='ltr'>ad</span> <span class='ocrx_word' id='word_1_748' title='bbox 2703 4423 3070 4480; x_wconf 87' lang='lat' dir='ltr'>voluntatem</span> <span class='ocrx_word' id='word_1_749' title='bbox 3103 4429 3160 4480; x_wconf 89' lang='lat' dir='ltr'>et</span> <span class='ocrx_word' id='word_1_750' title='bbox 3200 4423 3566 4482; x_wconf 89' lang='lat' dir='ltr'>desiderium</span> 
     </span>
    </p>
   </div>
   <div class='ocr_carea' id='block_1_106' title="bbox 1913 4512 3566 4586">
    <p class='ocr_par' dir='ltr' id='par_1_106' title="bbox 1913 4512 3566 4586">
     <span class='ocr_line' id='line_1_106' title="bbox 1913 4512 3566 4586; baseline 0.002 -18"><span class='ocrx_word' id='word_1_751' title='bbox 1913 4512 2154 4570; x_wconf 89' lang='lat' dir='ltr'>videndi</span> <span class='ocrx_word' id='word_1_752' title='bbox 2186 4512 2516 4586; x_wconf 87' lang='lat' dir='ltr'>aliquando</span> <span class='ocrx_word' id='word_1_753' title='bbox 2545 4512 2700 4568; x_wconf 90' lang='lat' dir='ltr'>illius</span> <span class='ocrx_word' id='word_1_754' title='bbox 2726 4512 2862 4578; x_wconf 90' lang='lat' dir='ltr'>diei,</span> <span class='ocrx_word' id='word_1_755' title='bbox 2890 4529 3014 4585; x_wconf 87' lang='lat' dir='ltr'>quo</span> <span class='ocrx_word' id='word_1_756' title='bbox 3039 4529 3252 4568; x_wconf 88' lang='lat' dir='ltr'>omnes</span> <span class='ocrx_word' id='word_1_757' title='bbox 3283 4521 3566 4571; x_wconf 87' lang='lat' dir='ltr'>eumdem</span> 
     </span>
    </p>
   </div>
   <div class='ocr_carea' id='block_1_107' title="bbox 1915 4600 3568 4674">
    <p class='ocr_par' dir='ltr' id='par_1_107' title="bbox 1915 4600 3568 4674">
     <span class='ocr_line' id='line_1_107' title="bbox 1915 4600 3568 4674; baseline 0.002 -18"><span class='ocrx_word' id='word_1_758' title='bbox 1915 4607 2134 4657; x_wconf 70' lang='lat' dir='ltr'>cretum</span> <span class='ocrx_word' id='word_1_759' title='bbox 2155 4600 2494 4674; x_wconf 91' lang='lat' dir='ltr'>implebunt</span> <span class='ocrx_word' id='word_1_760' title='bbox 2513 4601 2616 4674; x_wconf 92' lang='lat' dir='ltr'>qui</span> <span class='ocrx_word' id='word_1_761' title='bbox 2639 4601 2932 4656; x_wconf 88' lang='lat' dir='ltr'>sententia</span> <span class='ocrx_word' id='word_1_762' title='bbox 2961 4601 3114 4657; x_wconf 91' lang='lat' dir='ltr'>inter</span> <span class='ocrx_word' id='word_1_763' title='bbox 3143 4619 3205 4657; x_wconf 92' lang='lat' dir='ltr'>se</span> <span class='ocrx_word' id='word_1_764' title='bbox 3235 4602 3413 4658; x_wconf 86' lang='lat' dir='ltr'>divisi</span> <span class='ocrx_word' id='word_1_765' title='bbox 3443 4619 3568 4660; x_wconf 89' lang='lat' dir='ltr'>non</span> 
     </span>
    </p>
   </div>
   <div class='ocr_carea' id='block_1_108' title="bbox 1917 4688 3569 4762">
    <p class='ocr_par' dir='ltr' id='par_1_108' title="bbox 1917 4688 3569 4762">
     <span class='ocr_line' id='line_1_108' title="bbox 1917 4688 3569 4762; baseline 0.002 -17"><span class='ocrx_word' id='word_1_766' title='bbox 1917 4695 2077 4758; x_wconf 91' lang='lat' dir='ltr'>sunt,</span> <span class='ocrx_word' id='word_1_767' title='bbox 2100 4689 2326 4745; x_wconf 89' lang='lat' dir='ltr'>nemini</span> <span class='ocrx_word' id='word_1_768' title='bbox 2352 4689 2412 4746; x_wconf 90' lang='lat' dir='ltr'>in</span> <span class='ocrx_word' id='word_1_769' title='bbox 2441 4689 2556 4745; x_wconf 92' lang='lat' dir='ltr'>hoc</span> <span class='ocrx_word' id='word_1_770' title='bbox 2584 4688 2784 4745; x_wconf 76' lang='lat' dir='ltr'>studio</span> <span class='ocrx_word' id='word_1_771' title='bbox 2806 4689 3035 4762; x_wconf 89' lang='lat' dir='ltr'>primas</span> <span class='ocrx_word' id='word_1_772' title='bbox 3059 4690 3408 4746; x_wconf 91' lang='lat' dir='ltr'>concedere.</span> <span class='ocrx_word' id='word_1_773' title='bbox 3437 4694 3569 4748; x_wconf 90' lang='lat' dir='ltr'>Pro-</span> 
     </span>
    </p>
   </div>
   <div class='ocr_carea' id='block_1_109' title="bbox 1915 4778 3573 4836">
    <p class='ocr_par' dir='ltr' id='par_1_109' title="bbox 1915 4778 3573 4836">
     <span class='ocr_line' id='line_1_109' title="bbox 1915 4778 3573 4836; baseline 0.002 -2"><span class='ocrx_word' id='word_1_774' title='bbox 1915 4780 2067 4834; x_wconf 84' lang='lat' dir='ltr'>fecto</span> <span class='ocrx_word' id='word_1_775' title='bbox 2085 4779 2244 4833; x_wconf 88' lang='lat' dir='ltr'>enim</span> <span class='ocrx_word' id='word_1_776' title='bbox 2263 4794 2532 4833; x_wconf 89' lang='lat' dir='ltr'>essemus</span> <span class='ocrx_word' id='word_1_777' title='bbox 2548 4794 2685 4834; x_wconf 90' lang='lat' dir='ltr'>vere</span> <span class='ocrx_word' id='word_1_778' title='bbox 2707 4778 3050 4834; x_wconf 88' lang='lat' dir='ltr'>mortalium</span> <span class='ocrx_word' id='word_1_779' title='bbox 3070 4780 3338 4836; x_wconf 90' lang='lat' dir='ltr'>omnium</span> <span class='ocrx_word' id='word_1_780' title='bbox 3365 4779 3573 4836; x_wconf 90' lang='lat' dir='ltr'>absur-</span> 
     </span>
    </p>
   </div>
   <div class='ocr_carea' id='block_1_110' title="bbox 1915 4865 3568 4932">
    <p class='ocr_par' dir='ltr' id='par_1_110' title="bbox 1915 4865 3568 4932">
     <span class='ocr_line' id='line_1_110' title="bbox 1915 4865 3568 4932; baseline 0.001 -10"><span class='ocrx_word' id='word_1_781' title='bbox 1915 4867 2176 4932; x_wconf 90' lang='lat' dir='ltr'>dissimi,</span> <span class='ocrx_word' id='word_1_782' title='bbox 2205 4867 2252 4920; x_wconf 91' lang='lat' dir='ltr'>si</span> <span class='ocrx_word' id='word_1_783' title='bbox 2287 4865 2717 4921; x_wconf 88' lang='lat' dir='ltr'>schismatibus</span> <span class='ocrx_word' id='word_1_784' title='bbox 2750 4882 2820 4921; x_wconf 90' lang='lat' dir='ltr'>ac</span> <span class='ocrx_word' id='word_1_785' title='bbox 2850 4867 3253 4923; x_wconf 85' lang='lat' dir='ltr'>divisionibus</span> <span class='ocrx_word' id='word_1_786' title='bbox 3283 4867 3568 4924; x_wconf 88' lang='lat' dir='ltr'>Ecclesia-</span> 
     </span>
    </p>
   </div>
   <div class='ocr_carea' id='block_1_111' title="bbox 1915 4953 3567 5026">
    <p class='ocr_par' dir='ltr' id='par_1_111' title="bbox 1915 4953 3567 5026">
     <span class='ocr_line' id='line_1_111' title="bbox 1915 4953 3567 5026; baseline 0 -15"><span class='ocrx_word' id='word_1_787' title='bbox 1915 4972 2052 5012; x_wconf 87' lang='lat' dir='ltr'>rum</span> <span class='ocrx_word' id='word_1_788' title='bbox 2095 4953 2552 5014; x_wconf 88' lang='lat' dir='ltr'>oblectaremur,</span> <span class='ocrx_word' id='word_1_789' title='bbox 2587 4971 2696 5009; x_wconf 87' lang='lat' dir='ltr'>nec</span> <span class='ocrx_word' id='word_1_790' title='bbox 2741 4955 3225 5026; x_wconf 87' lang='lat' dir='ltr'>conjunctionem</span> <span class='ocrx_word' id='word_1_791' title='bbox 3256 4955 3567 5012; x_wconf 87' lang='lat' dir='ltr'>membro-</span> 
     </span>
    </p>
   </div>
   <div class='ocr_carea' id='block_1_112' title="bbox 1916 5042 3568 5114">
    <p class='ocr_par' dir='ltr' id='par_1_112' title="bbox 1916 5042 3568 5114">
     <span class='ocr_line' id='line_1_112' title="bbox 1916 5042 3568 5114; baseline -0.002 -13"><span class='ocrx_word' id='word_1_792' title='bbox 1916 5061 2050 5101; x_wconf 89' lang='lat' dir='ltr'>rum</span> <span class='ocrx_word' id='word_1_793' title='bbox 2083 5042 2350 5114; x_wconf 87' lang='lat' dir='ltr'>corporis</span> <span class='ocrx_word' id='word_1_794' title='bbox 2385 5043 2596 5099; x_wconf 87' lang='lat' dir='ltr'>Christi</span> <span class='ocrx_word' id='word_1_795' title='bbox 2624 5044 2958 5100; x_wconf 83' lang='lat' dir='ltr'>maximum</span> <span class='ocrx_word' id='word_1_796' title='bbox 2991 5046 3292 5100; x_wconf 88' lang='lat' dir='ltr'>bonorum</span> <span class='ocrx_word' id='word_1_797' title='bbox 3324 5045 3568 5098; x_wconf 89' lang='lat' dir='ltr'>ducere-</span> 
     </span>
    </p>
   </div>
   <div class='ocr_carea' id='block_1_113' title="bbox 1919 5131 3566 5203">
    <p class='ocr_par' dir='ltr' id='par_1_113' title="bbox 1919 5131 3566 5203">
     <span class='ocr_line' id='line_1_113' title="bbox 1919 5131 3566 5203; baseline -0.004 -13"><span class='ocrx_word' id='word_1_798' title='bbox 1919 5151 2073 5190; x_wconf 88' lang='lat' dir='ltr'>mus.</span> <span class='ocrx_word' id='word_1_799' title='bbox 2123 5139 2194 5187; x_wconf 86' lang='lat' dir='ltr'>At</span> <span class='ocrx_word' id='word_1_800' title='bbox 2231 5135 2524 5203; x_wconf 86' lang='lat' dir='ltr'>quantum</span> <span class='ocrx_word' id='word_1_801' title='bbox 2577 5131 2750 5188; x_wconf 84' lang='lat' dir='ltr'>nobis</span> <span class='ocrx_word' id='word_1_802' title='bbox 2799 5133 2954 5189; x_wconf 89' lang='lat' dir='ltr'>inest</span> <span class='ocrx_word' id='word_1_803' title='bbox 2998 5133 3300 5198; x_wconf 88' lang='lat' dir='ltr'>desiderii,</span> <span class='ocrx_word' id='word_1_804' title='bbox 3335 5137 3566 5187; x_wconf 89' lang='lat' dir='ltr'>tantum</span> 
     </span>
    </p>
   </div>
   <div class='ocr_carea' id='block_1_114' title="bbox 1919 5219 3568 5294">
    <p class='ocr_par' dir='ltr' id='par_1_114' title="bbox 1919 5219 3568 5294">
     <span class='ocr_line' id='line_1_114' title="bbox 1919 5219 3568 5294; baseline -0.002 -16"><span class='ocrx_word' id='word_1_805' title='bbox 1919 5223 2066 5278; x_wconf 91' lang='lat' dir='ltr'>scito</span> <span class='ocrx_word' id='word_1_806' title='bbox 2095 5221 2391 5278; x_wconf 83' lang='lat' dir='ltr'>facultatis</span> <span class='ocrx_word' id='word_1_807' title='bbox 2421 5223 2651 5277; x_wconf 88' lang='lat' dir='ltr'>deesse.</span> <span class='ocrx_word' id='word_1_808' title='bbox 2685 5225 2810 5278; x_wconf 82' lang='lat' dir='ltr'>Non</span> <span class='ocrx_word' id='word_1_809' title='bbox 2839 5222 3000 5278; x_wconf 89' lang='lat' dir='ltr'>enim</span> <span class='ocrx_word' id='word_1_810' title='bbox 3039 5225 3276 5294; x_wconf 84' lang='lat' dir='ltr'>ignorat</span> <span class='ocrx_word' id='word_1_811' title='bbox 3308 5219 3568 5292; x_wconf 87' lang='lat' dir='ltr'>perfecta</span> 
     </span>
    </p>
   </div>
   <div class='ocr_carea' id='block_1_115' title="bbox 1991 5377 3385 5454">
    <p class='ocr_par' dir='ltr' id='par_1_115' title="bbox 1991 5377 3385 5454">
     <span class='ocr_line' id='line_1_115' title="bbox 1991 5377 3385 5454; baseline -0.004 -18"><span class='ocrx_word' id='word_1_812' title='bbox 1991 5383 2103 5452; x_wconf 80' lang='lat'><strong>(67)</strong></span> <span class='ocrx_word' id='word_1_813' title='bbox 2141 5383 2206 5454; x_wconf 73' lang='grc' dir='ltr'>Ἢ</span> <span class='ocrx_word' id='word_1_814' title='bbox 2238 5385 2407 5454; x_wconf 40' lang='grc' dir='ltr'>τί-τοῦ</span> <span class='ocrx_word' id='word_1_815' title='bbox 2439 5383 2589 5454; x_wconf 81' lang='grc' dir='ltr'>ύπέρ.</span> <span class='ocrx_word' id='word_1_816' title='bbox 2621 5384 2788 5454; x_wconf 85' lang='lat' dir='ltr'>Deest</span> <span class='ocrx_word' id='word_1_817' title='bbox 2816 5385 2844 5440; x_wconf 73' lang='grc' dir='ltr'>ἦ</span> <span class='ocrx_word' id='word_1_818' title='bbox 2879 5381 2938 5436; x_wconf 91' lang='lat' dir='ltr'>in</span> <span class='ocrx_word' id='word_1_819' title='bbox 2970 5381 3204 5454; x_wconf 81' lang='lat' dir='ltr'>Med._et</span> <span class='ocrx_word' id='word_1_820' title='bbox 3235 5377 3385 5454; x_wconf 63' lang='lat' dir='ltr'>Harl.</span> 
     </span>
    </p>
   </div>
   <div class='ocr_carea' id='block_1_116' title="bbox 1995 5445 3567 5526">
    <p class='ocr_par' dir='ltr' id='par_1_116' title="bbox 1995 5445 3567 5526">
     <span class='ocr_line' id='line_1_116' title="bbox 1995 5445 3567 5526; baseline -0.001 -18"><span class='ocrx_word' id='word_1_821' title='bbox 1995 5445 2114 5526; x_wconf 58' lang='lat' dir='ltr'>i68l</span> <span class='ocrx_word' id='word_1_822' title='bbox 2128 5451 2500 5526; x_wconf 15' lang='lat' dir='ltr'>i‘Eyndopsvor.</span> <span class='ocrx_word' id='word_1_823' title='bbox 2515 5445 2670 5526; x_wconf 81' lang='lat' dir='ltr'>liarl.</span> <span class='ocrx_word' id='word_1_824' title='bbox 2687 5459 2742 5508; x_wconf 83' lang='lat' dir='ltr'>et</span> <span class='ocrx_word' id='word_1_825' title='bbox 2763 5455 2903 5521; x_wconf 80' lang='lat' dir='ltr'>Heg.</span> <span class='ocrx_word' id='word_1_826' title='bbox 2921 5449 3220 5526; x_wconf 83' lang='lat' dir='ltr'>secundus</span> <span class='ocrx_word' id='word_1_827' title='bbox 3247 5445 3567 5521; x_wconf 72' lang='grc' dir='ltr'>ἔνηδὸμενοι.</span> 
     </span>
    </p>
   </div>
   <div class='ocr_carea' id='block_1_117' title="bbox 1995 5523 3140 5598">
    <p class='ocr_par' dir='ltr' id='par_1_117' title="bbox 1995 5523 3140 5598">
     <span class='ocr_line' id='line_1_117' title="bbox 1995 5523 3140 5598; baseline -0.002 -20"><span class='ocrx_word' id='word_1_828' title='bbox 1995 5526 2016 5546; x_wconf 82' lang='lat'>&#39;</span> <span class='ocrx_word' id='word_1_829' title='bbox 2053 5523 2212 5581; x_wconf 87' lang='lat' dir='ltr'>Alias</span> <span class='ocrx_word' id='word_1_830' title='bbox 2243 5523 2528 5582; x_wconf 77' lang='lat' dir='ltr'>CCCXL“.</span> <span class='ocrx_word' id='word_1_831' title='bbox 2564 5525 2795 5598; x_wconf 85' lang='lat' dir='ltr'>Scripta</span> <span class='ocrx_word' id='word_1_832' title='bbox 2824 5537 2984 5579; x_wconf 88' lang='lat' dir='ltr'>anno</span> <span class='ocrx_word' id='word_1_833' title='bbox 3017 5525 3140 5577; x_wconf 88' lang='lat'>373.</span> 
     </span>
    </p>
   </div>
  </div>
