4092 6210
585 231 689 286 615

585 357 692 412 tua
719 351 1061 428 prudentia,
1083 354 1353 425 tempore
1378 351 1769 410 corroborata
1793 351 1956 409 mala
1972 349 2239 424 primum

587 444 837 517 quidem
903 447 1173 515 tempore
1220 442 1490 511 indigere
1537 447 1604 498 ut
1653 447 1976 499 sanentur:
2023 438 2240 495 deinde

586 535 736 591 forte
784 550 856 591 ac
902 532 1086 590 ﬁrma
1127 533 1345 604 agendi
1391 532 1641 600 ratione,
1694 533 1744 589 si
1789 533 1926 606 quis
1981 531 2116 587 velit
2163 529 2242 586 ad

585 624 780 680 imum
838 623 1043 696 ipsum
1094 622 1451 695 pertingere,
1505 623 1659 680 adeo
1707 627 1772 679 ut
1821 621 2241 694 agrotantium

587 713 786 770 morbi
841 711 1130 769 radicitus
1181 711 1526 768 evellantnr.
1581 715 1709 768 Non
1763 716 1817 769 te
1873 711 2025 782 fugit
2074 710 2240 784 quod

587 802 743 874 dico,
779 817 848 858 ac
880 800 931 856 si
962 799 1180 857 clarius
1208 797 1585 875 loquendum
1615 801 1815 858 nullus
1846 800 2040 857 timor.

655 1073 710 1124 2.
751 1071 1034 1124 Amorem
1088 1067 1179 1123 sui
1229 1068 1666 1125 consuetudine
1716 1068 1948 1125 diutina
2003 1067 2238 1124 radices

583 1157 645 1214 in
699 1157 918 1214 animis
963 1157 1292 1214 habentem
1338 1173 1535 1228 neque
1576 1159 1667 1214 vir
1713 1173 1871 1214 unus
1911 1157 2237 1230 exstirpare

583 1251 800 1320 potest,
833 1262 944 1303 nec
995 1246 1248 1318 epistola
1286 1261 1429 1315 una,
1457 1262 1568 1302 nec
1597 1250 1836 1319 tempus
1881 1247 2082 1303 breve.
2133 1248 2238 1303 Su-

582 1337 883 1408 spiciones
912 1336 1075 1390 enim
1105 1351 1176 1391 ac
1206 1335 1750 1392 contradictionum
1776 1337 1992 1408 iurgia,
2017 1336 2132 1392 nisi
2162 1336 2236 1392 sit

580 1425 799 1497 aliquis
824 1424 990 1497 pacis
1015 1429 1326 1498 sequester
1346 1426 1696 1482 auctoritate
1716 1425 2234 1498 pollens,omnino

578 1515 704 1571 tolli
733 1530 856 1570 non
879 1519 1152 1586 possunt.
1178 1515 1351 1581 Quod
1377 1515 1424 1570 si
1455 1515 1658 1586 gratia
1679 1515 1783 1571 rivi
1813 1516 1876 1571 in
1905 1531 2001 1572 me
2032 1515 2236 1572 afﬂue-

576 1607 729 1670 rent,
758 1604 807 1659 si
836 1608 892 1660 et
923 1619 1201 1660 sermone
1231 1607 1289 1660 et
1321 1618 1501 1677 opere
1527 1609 1585 1660 et
1615 1605 1792 1660 donis
1823 1604 2232 1677 spiritualibus

576 1696 835 1752 idoneus
865 1710 1085 1765 essem,
1112 1699 1178 1751 ut
1207 1710 1312 1751 eos
1343 1695 1450 1768 qui
1476 1695 1588 1752 sibi
1614 1696 1877 1752 invicem
1906 1696 2228 1752 adversan-

577 1789 693 1855 tur,
727 1785 1046 1852 ﬂecterem,
1078 1784 1387 1856 negotium
1419 1789 1651 1841 tantum
1693 1789 1857 1842 esset
1901 1786 2229 1857 suscipien-

575 1875 745 1930 dum.
779 1877 944 1931 Forte
965 1877 1168 1931 tamen
1189 1889 1265 1930 ne
1286 1879 1428 1930 tunc
1448 1875 1695 1948 quidem
1717 1875 1892 1932 nobis
1915 1875 2227 1944 suaderes,

573 1968 640 2020 ut
668 1963 778 2020 soli
804 1964 882 2019 ad
908 1963 1395 2020 emendationem
1423 1965 1911 2034 aggrederemur,
1935 1981 2075 2021 cum
2104 1965 2230 2038 epi-

575 2069 794 2128 scopus
827 2053 901 2109 sit
931 2054 1030 2110 Dei
1055 2054 1266 2124 gratia,
1296 2054 1376 2110 ad
1399 2069 1582 2126 quem
1613 2054 1886 2111 Ecclesia
1912 2069 2057 2111 cura
2081 2071 2228 2127 pra-

571 2145 748 2218 cipue
794 2144 1065 2217 pertinet,
1107 2145 1213 2217 qui
1256 2159 1454 2217 neque
1497 2145 1578 2200 ad
1617 2159 1732 2200 nos
1768 2145 1968 2201 venire
2009 2149 2224 2216 potest,

570 2249 770 2308 neque
791 2233 971 2291 nobis
997 2234 1236 2290 interim
1262 2233 1341 2290 ob
1361 2233 2010 2307 hiemem'peregrinari
2029 2234 2222 2303 facile,

569 2323 664 2381 vel
693 2324 892 2397 potius
930 2323 1095 2380 nullo
1137 2323 1324 2380 modo
1366 2323 1667 2392 integrum
1698 2327 1805 2392 est,
1852 2339 1978 2380 non
2025 2323 2223 2380 solum

569 2413 712 2487 quia
741 2429 961 2486 corpus
992 2413 1138 2468 mihi
1171 2412 1347 2485 246
1378 2412 1723 2468 inﬁrmitate
1756 2411 1987 2468 diutina
2015 2413 2222 2469 confe-

568 2508 732 2559 ctum
763 2506 872 2573 est,
901 2502 1005 2558 sed
1033 2503 1210 2558 etiam
1234 2502 1378 2575 quia
1408 2502 1898 2558 Armeniacorum
1925 2503 2222 2559 montium

566 2591 852 2648 transitus
891 2591 1076 2664 paulo
1105 2594 1247 2663 post
1275 2589 1376 2647 ﬁet
1404 2591 1732 2663 impervius
1779 2590 1959 2647 etiam
2006 2591 2078 2646 iis
2115 2592 2222 2664 qui

567 2683 739 2737 atate
770 2679 1020 2737 omnino
1067 2681 1291 2750 vigent.
1324 2683 1514 2752 Atque
1561 2680 1692 2736 hac
1740 2679 1986 2753 quidem
2031 2680 2084 2737 ei
2113 2697 2220 2754 per

564 2769 791 2826 litteras
849 2769 1188 2839 signiﬁcare
1240 2785 1364 2825 non
1425 2769 1747 2838 gravabor.
1807 2769 1959 2826 Nihil
2015 2774 2218 2826 tamen

567 2864 815 2932 expecto
845 2875 916 2915 ex
946 2859 1153 2914 litteris
1201 2858 1453 2930 alicujus
1501 2858 1793 2914 momenti
1842 2863 2214 2928 eventurum,

565 2952 695 3005 tum
718 2949 830 3005 viri
859 2953 1207 3004 accuratam
1234 2947 1453 3018 agendi
1483 2949 1777 3004 rationem
1805 2948 2215 3018 considerans,

565 3041 693 3094 tum
720 3037 916 3110 ipsam
941 3037 1275 3094 litterarum
1295 3040 1595 3106 naturam,
1611 3035 1755 3109 quia
1778 3052 1902 3092 non
1926 3036 2074 3094 solet
2093 3037 2217 3094 ido-

566 3143 716 3183 neus
738 3143 871 3182 esse
893 3127 972 3182 ad
993 3126 1149 3184 clare
1171 3125 1663 3199 persuadendum
1692 3142 1889 3183 sermo
1912 3129 2218 3184 transmis-

565 3232 690 3271 sus.
716 3219 864 3271 Nam
891 3215 1080 3272 multa
1107 3231 1260 3288 opus
1287 3220 1377 3271 est
1404 3215 1621 3283 dicere,
1645 3215 1935 3286 achulta
1959 3217 2214 3272 vicissim

564 3303 795 3372 audire,
829 3308 884 3360 et
921 3320 1057 3376 qua
1089 3304 1452 3375 objiciuntur
1481 3303 1788 3371 solvenda,
1821 3309 1876 3360 et
1905 3304 2215 3363 inferenda

563 3409 698 3467 qua
747 3392 1116 3463 suffulciunt,
1151 3409 1413 3464 quorum
1461 3392 1606 3448 nihil
1651 3397 1844 3464 potest
1882 3393 2212 3452 litterarum

563 3498 780 3548 sermo,
816 3481 974 3537 iners
1012 3486 1070 3537 et
1094 3481 1402 3537 inanimus
1431 3481 1494 3536 in
1524 3481 1730 3537 charta
1760 3481 2079 3552 projeclus.
2110 3487 2232 3540 Ve-v

559 3576 924 3636 rumtamen,
953 3571 1118 3645 quod
1135 3572 1264 3642 jam
1295 3571 1436 3638 dixi,
1461 3570 1719 3627 scribere
1739 3587 1862 3627 non
1886 3573 2208 3642 gravabor.

561 3662 725 3720 Scias
771 3667 994 3730 autem,
1040 3660 1218 3718 frater
1256 3676 1393 3716 vere
1439 3660 1882 3731 religiosissime
1929 3665 1988 3718 et
2031 3663 2208 3720 nobis

559 3750 1088 3819 desideratissime,
1122 3749 1352 3806 nullam
1381 3749 1530 3806 mihi
1559 3765 1697 3804 cum
1736 3766 2071 3822 quoquam,
2108 3753 2208 3808 Dei

559 3840 772 3910 gratia,
805 3841 1269 3912 privatam'esse
1309 3839 1776 3895 contentionem.
1818 3843 2016 3912 Neque
2047 3839 2207 3895 enim

558 3928 808 3984 memini
855 3945 951 3984 me
1008 3929 1239 3984 curiose
1291 3929 1588 4001 inquirere
1641 3927 1930 3995 crimina,
1983 3929 2206 4002 quibus

557 4017 816 4088 quisque
859 4017 1156 4072 obnoxius
1201 4021 1286 4072 est
1316 4022 1420 4072 aut
1467 4017 1700 4072 dicitur.
1731 4019 1925 4083 Quare
1975 4018 2055 4075 sic
2099 4035 2208 4076 vos

557 4104 862 4160 attendere
889 4105 1195 4160 sententia
1227 4120 1374 4159 mea
1398 4105 1676 4160 convenit
1703 4110 1766 4160 ut
1796 4106 2076 4175 hominis,
2101 4109 2206 4181 qui

555 4193 701 4250 nihil
731 4210 803 4249 ex
828 4193 1231 4267 propensione
1259 4193 1450 4249 facere
1495 4194 1707 4266 possit,
1735 4211 1927 4268 neque
1967 4213 2207 4255 accusa-

554 4283 817 4342 tionibus
843 4285 904 4340 in
925 4300 1297 4358 quemquam
1327 4289 1783 4357 praoccupatus
1811 4285 1904 4342 sit.
1928 4289 2206 4343 Tantum-

623 4428 738 4502 (69)
777 4427 1158 4502 Ἀγωγῆςε-Πό.
1188 4443 1348 4502 mss_._
1367 4431 1521 4502 octo.
1565 4427 1716 4502 Editi
1764 4425 2054 4502 διαγωγῆς.
2089 4434 2203 4488 Nec

552 4495 740 4573 multo
784 4495 930 4573 post:
966 4498 1106 4554 editi
1135 4505 1224 4551 καὶ
1254 4495 1423 4573 ουδεὶς
1456 4501 1491 4573 -ό
1529 4498 1698 4573 φόϐος.
1729 4495 1908 4573 Deest
1943 4495 2204 4573 'conjun-

553 4569 668 4624 ctio
720 4569 782 4693 iq
840 4569 1030 4625 tribus
1081 4569 1498 4627 vetustissimis
1537 4569 1862 4626 codicibus
1911 4578 1968 4628 et
2019 4569 2201 4645 Regio

553 4654 760 4693 secum
785 4655 840 4693 ο.

552 4654 840 4694 880111100.

621 4710 736 4779 (70)
773 4709 955 4785 Ἀνήρ..
984 4712 1156 4785 Deest
1182 4710 1240 4785 in
1275 4709 1448 4767 Coisl.
1479 4709 1674 4784 primo
1704 4716 1762 4767 et
1791 4712 1940 4768 Med.

625 4785 738 4854 (7i)
776 4779 909 4843 Τοὺξ
934 4779 1461 4854 ἀντιδιατιθεμένους.
1484 4779 1574 4838 lta
1603 4798 1707 4838 sex
1737 4800 1880 4839 mss.
1915 4786 2063 4843 Editi
2090 4795 2199 4851 τοῖς

551 4849 1069 4925 ἀντιδιατιθεμένοις.
1261 4849 1269 4854 ’
2059 4891 2064 4896 ’

618 4923 1111 5000 (7:2).’Ayﬁxa._lta
1164 4925 1350 4992 llarl.,
1405 4925 1551 4982 Med.
1604 4929 1662 5000 et
1715 4926 2195 5000 Coislaprimus.

547 4993 721 5068 Editi
742 4993 938 5053 ἀνήκει.
972 4996 1151 5068 Paulo
1189 5001 1324 5068 post
1366 5002 1482 5053 tres
1511 4999 1757 5054 eosdem
1791 4993 2027 5054 codices
2058 5017 2195 5057 cum

547 5067 728 5138 Regio
771 5065 1038 5144 secundo
1086 5065 1395 5144 sequimur
1424 5067 1484 5144 in
1514 5069 1628 5144 h_ac
1657 5085 1802 5126 voce
1830 5068 2195 5144 ἀποδημήσειν

545 5137 657 5210 pro
688 5153 758 5194 eo
783 5137 949 5210 quod
983 5142 1107 5194 erat
1135 5137 1208 5212 in
1225 5138 1396 5212 editis
1427 5137 1738 5212 ἀποδημεῖν.

619 5212 728 5284 (7,3)
765 5209 919 5284 Σῶμα
942 5228 1052 5281 μοι.
1086 5209 1238 5265 Med.
1268 5215 1325 5266 et
1353 5210 1530 5267 Coisl.
1565 5209 1796 5284 primus
1826 5217 1883 5270 et
1925 5229 2083 5270 unus
2123 5231 2193 5271 ex

545 5282 740 5348 Regiis
769 5283 920 5353 σῶμά
950 5301 1074 5353 μου.

619 5336 732 5426 (ἤιε)
760 5336 1011 5426 ξᾊξατὸι.
1043 5336 1133 5408 Sic
1176 5350 1333 5426 editi
1366 5355 1430 5426 et
1470 5352 1641 5426 Harl._
1671 5354 1939 5410 secunda
1969 5373 2188 5426 manu;

545 5427 606 5497 at
627 5419 851 5497 infaliis
883 5429 1111 5497 septem
1142 5438 1288 5497 mss.
1319 5421 1533 5497 legitur
1576 5419 1848 5482 ἀδύνατοι,
1881 5426 1972 5482 Sic
2012 5419 2191 5484 etiam'

544 5491 756 5565 habuit
785 5491 1132 5552 Harlaanus
1181 5491 1609 5565 codexprima
1657 5510 1870 5554 manu.
1918 5497 2192 5557 Credide-

543 5563 659 5620 rim
689 5566 973 5624 Basilium
999 5565 1308 5640 scripsisse
1337 5561 1546 5623 οἷδῦτοι.

1969 224 2025 283 S.
2067 217 2317 279 BASILII
2353 217 2573 278 MAGNI

3765 251 3844 307 616

2279 347 2325 400 Α
2359 365 2450 400 σκε
2492 355 2588 410 τῆς
2639 348 2904 425 δυνάμεως
2950 352 3133 412 ἐνδεῖν.
3187 355 3262 409 Οὐ
3308 358 3402 432 γὰρ
3449 358 3598 433 ἀγνοεῖ
3633 385 3709 421 σου
3737 373 3761 429 ἠ
3787 392 3852 427 τε.

2353 434 2466 490 λεία
2530 443 2814 514 φρόνησις,
2881 445 2961 498 ὅτι
3020 448 3088 498 τὰ
3151 451 3327 522 χρόνῳ
3385 455 3686 524 κραωνθέντα
3743 465 3851 523 πάθη

2352 533 2593 598 πρῶτον,
2653 532 2742 602 μὲν
2799 538 2998 608 χρόνου
3057 531 3227 588 δεῖται
3281 539 3408 611 πρὸς
3459 544 3542 598 τὴν
3593 539 3853 618 διόρθωσιν

2352 615 2526 706 ἔπειτα
2592 617 2823 694 ἰσχυρᾶς
2888 628 2978 676 καὶ
3040 623 3377 700 εὐτονωτέρας
3431 629 3617 701 οἶγωγῆς
3665 615 3772 706 (69),
3825 640 3854 690 εἰ

2350 704 2523 776 μέλλοι
2582 727 2665 771 τις
2727 718 2820 764 τοῦ
2887 711 3083 785 βάθους
3140 716 3300 767 αὑτοῦ
3363 704 3706 791 καθικνεῖσθαι,
3744 704 3858 783 Idm

2349 795 2610 872 πρόρριζα
2662 797 2841 862 ἐξελεῖν
2899 810 2996 854 τῶν
3049 808 3342 876 καμνόντων
3395 809 3456 857 τὰ
3506 807 3849 882 ἀρρωστήματα,

2352 881 2520 948 Οἶδας
2567 885 2625 941 δὲ
2665 888 2691 941 ὃ
2738 889 2889 962 λέγω,
2917 896 3008 945 καὶ
3036 893 3080 946 εἰ
3109 890 3191 946 δεῖ
3229 897 3516 968 τρανότερον
3544 881 3702 970 εἰπεῖν,
3726 881 3858 966 οὐδεὶς

2349 975 2376 1026 ό
2405 975 2582 1047 φόϐος.

2418 1069 2473 1123 2.
2514 1071 2619 1125 Τὴν
2659 1068 2930 1140 φιλαυτίαν
2979 1072 3080 1124 ἔθει
3119 1081 3302 1147 μακρῷ
3337 1080 3448 1135 ταῖς
3490 1074 3678 1148 ψυχαῖς
3704 1076 3863 1153 ἐρριζω-

2350 1157 2524 1208 θείσαν
2574 1158 2642 1218 εἷς
2684 1157 2812 1232 ἀνὴρ
2849 1160 2966 1230 (70)
3010 1159 3196 1214 ἀνελεῖν
3240 1162 3344 1234 οὐχ
3391 1165 3488 1224 οἶός
3530 1184 3606 1229 τε,
3650 1163 3746 1218 οὐδ’
3787 1167 3862 1220 ἐπι-

2349 1244 2505 1303 στολή
2531 1251 2647 1318 μία,
2682 1244 2806 1300 οὐδὲ
2829 1254 3019 1322 χρόνος
3061 1249 3290 1325 βραχὺς.
3322 1254 3423 1313 Τάς
3450 1255 3544 1328 γὰρ
3573 1255 3779 1316 ὑπονοίας
3800 1262 3866 1310 καὶ

2345 1336 2435 1396 τὰς
2501 1334 2554 1398 ἐξ
2615 1334 2915 1410 ἀντιλογιῶν
2970 1339 3295 1416 παρατριϐὰς
3358 1342 3599 1404 παντελῶς
3655 1342 3868 1419 ἀναιρεθῆ-

2343 1443 2448 1490 ναι,
2507 1430 2579 1497 μὴ
2640 1425 2945 1489 ἀξιοπίστου
3002 1433 3138 1493 τινὸς
3200 1435 3546 1503 μεσιτεύοντος
3713 1434 3866 1508 εἰρήνῃ,

2346 1512 2642 1586 ἀμήχανον.
2705 1521 2803 1569 Καὶ
2859 1518 2901 1570 εἰ
2956 1521 3047 1591 μὲν
3101 1518 3289 1595 ἐτέρῥει
3351 1523 3472 1594 ἡμῖν
3522 1524 3584 1574 τὰ
3632 1526 3754 1597 παρά
3799 1532 3870 1583 τῆς

2343 1605 2588 1676 χάριτος,
2638 1609 2727 1657 καὶ
2777 1603 2901 1680 ἦμεν
2948 1604 3164 1661 δυνατοὶ
3211 1609 3346 1682 λόγῳ
3393 1614 3480 1662 καὶ
3524 1612 3646 1683 ἔργῳ
3685 1616 3868 1671 καὶτοῖς

2266 1699 2311 1756 Β
2342 1702 2708 1766 πνευματικοῖς
2752 1701 3062 1770 χαρίσμασι
3114 1693 3437 1757 δυσωπῆσαι
3485 1703 3596 1760 τοὺς
3638 1697 3872 1752 ἀντιδιατι-

2343 1785 2581 1856 θεμένους
2640 1786 2751 1856 (71)
2785 1828 2800 1854 ,
2869 1784 2974 1840 ἔδει
3053 1787 3452 1860 κατατολμῆσαι
3516 1795 3602 1842 τοῦ
3668 1791 3868 1841 τοσούτου

2338 1876 2648 1946 πράγματος
2677 1896 2689 1908 -
2742 1877 2891 1948 τάχα
2944 1873 3004 1929 δὲ
3067 1873 3184 1930 οὐδ’
3241 1877 3301 1929 ἂν
3356 1882 3471 1931 τότε
3536 1877 3870 1939 συνεϐούλευσας

2339 1963 2464 2035 ἡμῖν
2512 1968 2684 2036 μόνοις
2732 1963 2891 2018 ἐλθεῖν
2936 1965 3018 2018 ἐπὶ
3072 1971 3160 2026 τὴν
3219 1966 3585 2043 ἐπανόρθωσιν,
3638 1972 3758 2028 ὄντος
3802 1974 3869 2018 τοῦ

2339 2051 2625 2106 ἐπισκόπου
2655 2062 2716 2127 τῇ
2746 2061 2836 2107 τοῦ
2873 2063 3006 2108 Θεοῦ
3036 2058 3244 2132 χάριτι,
3348 2061 3378 2116 ἡ
3413 2062 3612 2131 φροντὶς
3639 2057 3770 2116 ἀνῆκε
3791 2057 3874 2127 (72)

2335 2145 2734 2214 προηγουμένως
2791 2151 2887 2205 τῆς
2938 2143 3300 2217 Ἐκκλησίαςιο
3362 2144 3416 2198 ὃν
3480 2150 3590 2199 οὔτε
3645 2145 3773 2197 αὐτόν
3819 2143 3872 2195 ἕλ-

2338 2230 2439 2282 θεῖν
2489 2234 2621 2304 πρὸς
2672 2233 2812 2304 ἡμᾶς
2854 2234 2958 2285 οἷόν
3006 2253 3081 2299 τε,
3117 2239 3206 2287 καὶ
3249 2236 3380 2308 ἡμῖν
3424 2232 3759 2308 ἀποδημήσειν
3782 2235 3874 2291 τέως

2333 2319 2434 2370 ὑπὸ
2478 2327 2570 2371 τοῦ
2627 2328 2888 2393 χειμῶνος
2935 2322 2994 2375 οὐ
3046 2319 3255 2398 ῥᾴδιον,
3311 2323 3501 2397 μᾶλλον
3554 2321 3611 2376 δὲ
3667 2320 3876 2381 παντελῶς

2334 2404 2610 2476 ἀδύνατον,
2663 2412 2721 2462 οὐ
2774 2415 2926 2483 μόνον
2979 2414 3165 2464 καθότι
3209 2416 3268 2465 τό
3327 2415 3480 2486 σῶμά
3534 2431 3618 2486 μοι
3660 2412 3758 2482 (73)
3799 2411 3874 2461 ὑπὸ

2333 2505 2537 2571 μακρᾶς
2594 2497 2884 2575 ἀρρωστίας
2941 2500 3240 2576 ἀπείρηκεν,
3297 2501 3408 2554 ἀλλ’
3461 2504 3541 2555 ὅτι
3581 2506 3663 2554 καὶ
3709 2502 3754 2552 αἱ
3803 2505 3878 2550 τῶν

2332 2588 2679 2663 Ἀρμενιακῶν
2747 2593 2800 2642 αἱ
2873 2590 3178 2665 ὑπερϐάσεις
3243 2596 3437 2668 μικρὸν
3515 2592 3713 2665 ὕστερον
3772 2587 3876 2640 ἄϐα-

2329 2698 2410 2730 τοι
2441 2679 2553 2751 (74)
2595 2685 2828 2751 γίνονται
2873 2683 2960 2733 καὶ
3011 2687 3121 2744 τοῖς
3169 2683 3311 2735 πάνυ
3361 2681 3480 2736 καθ’
3525 2681 3717 2741 ἠλικίαν
3757 2695 3878 2752 σφρι-

2328 2776 2485 2840 γῶσι.
2529 2772 2800 2842 Γραμματι
2831 2766 2890 2823 δὲ
2937 2769 3076 2842 αὐτῷ
3127 2777 3369 2844 σημᾶναι
3526 2779 3682 2824 ταῦτα
3707 2769 3756 2821 οὐ
3779 2785 3878 2838 παρ-

2331 2863 2640 2930 αιτήσομαι.
2698 2860 2773 2910 Οὐ
2831 2863 3003 2932 μέντοι
3060 2857 3353 2935 προσδοκῶ
3406 2881 3458 2914 τι
3507 2864 3559 2914 ἐκ
3612 2868 3702 2912 τῶν
3750 2876 3881 2928 γραμ-

2325 2949 2500 3020 μάτων
2565 2945 2831 3020 ἀξιόλογον
2883 2947 3269 3018 ἀποϐήσεσθαι,
3333 2959 3429 3014 τῆς
3486 2970 3539 3004 τε
3592 2948 3678 3002 τοῦ
3729 2942 3878 3018 ἀνδρὸς

2255 3053 2296 3110 C
2325 3034 2589 3110 οῖκριϐεῖας
2639 3037 3024 3111 στοχαζόμενος
3071 3044 3161 3091 καὶ
3215 3040 3384 3102 αὐτῆς
3441 3048 3535 3101 τῆς
3587 3041 3763 3112 φύσεως
3805 3041 3878 3085 τῶν

2323 3129 2644 3200 γραμμάτων
2670 3149 2682 3161 ο
2715 3129 2796 3180 ὅτι
2843 3127 2902 3180 οὐ
2950 3133 3168 3201 πέφυκεν
3213 3128 3456 3204 ἐναργῶς
3495 3125 3745 3198 ὃύνασγαι
3780 3118 3881 3175 δνσ-

2325 3223 2476 3268 ωπεῖν
2516 3216 2541 3267 ό
2577 3212 3009 3289 διαπεμπόμενος,
3037 3217 3206 3289 λόγος.
3253 3219 3436 3271 Πολλά
3462 3221 3554 3270 καὶ
3593 3216 3879 3278 duram-36am,

2322 3308 2411 3357 καὶ
2462 3304 2621 3358 λῦσαι
2673 3309 2737 3358 τά
2789 3307 3171 3377 ὑποπίπτοντα,
3225 3313 3324 3360 καὶ
3380 3307 3753 3378 ἀνθυπενεγκεῑν

2320 3394 2388 3447 τά
2437 3394 2785 3467 ὑφορμοῦντα,
2834 3394 2900 3446 ὧν
2960 3392 3110 3449 οὐδὲν
3156 3393 3390 3451 δύναται
3444 3399 3469 3449 ὁ
3519 3395 3566 3449 ἐν
3611 3401 3713 3456 τοῖς
3753 3392 3881 3466 γράμ-

2321 3503 2453 3556 μασι
2494 3483 2659 3556 λόγος,
2697 3483 2851 3558 ἀργός
2899 3489 2988 3537 καὶ
3028 3485 3245 3558 ἄψυχος
3294 3487 3345 3540 ea
3386 3495 3461 3559 τῷ
3494 3489 3664 3559 χάρτῃ
3695 3481 3882 3556 διερριμ-

2320 3578 2488 3646 μένος.
2556 3573 2694 3632 Πλὴν
2749 3573 2877 3642 ἀλλ’,
2937 3576 3058 3648 ὅπερ
3123 3579 3273 3648 ἔφην,
3334 3579 3433 3629 οὐκ
3491 3576 3756 3631 ἀποκνήσω
3799 3567 3876 3639 (77)

2320 3662 2546 3738 φράψαι.
2607 3667 2832 3715 Γίνωσκε
2897 3666 3072 3736 μέντοι
3102 3708 3115 3734 ,
3179 3668 3249 3728 ὡς
3323 3664 3529 3727 ἀληθῶς
3595 3661 3881 3717 εὐλαϐέστατε

2317 3755 2407 3804 καὶ
2455 3751 2782 3811 πολυπόθητε
2837 3754 2963 3825 ἡμῖν
3009 3749 3215 3826 ἀδελφὲ,
3267 3755 3354 3809 ὅτι
3405 3751 3629 3828 οὐδεμία
3676 3770 3754 3825 μοι
3786 3747 3881 3819 πρὸς

2317 3837 2507 3894 οὐδένα
2536 3850 2596 3914 τῇ
2627 3848 2718 3893 τοῦ
2758 3848 2889 3893 Θεοῦ
2934 3843 3125 3916 χάριτι
3157 3839 3464 3904 ἰδιάζουσοὶ
3489 3842 3601 3896 ἐστι
3631 3837 3884 3915 φιλονεικία.

2317 3927 2458 3983 Οὐδὲ
2518 3934 2618 4005 γάρ
2681 3929 3190 4004 πολυπραγμονήσας
3260 3929 3393 3986 οἶδα
3459 3937 3523 3986 τὰ
3587 3929 3881 4002 ἐγκλήματα,

2315 4019 2388 4081 οἶς
2457 4019 2670 4080 ἕκαστος
2744 4020 3032 4081 amem;
3105 4022 3133 4080 ἧ
3213 4024 3365 4075 ἔστιν
3402 4065 3416 4090 ,
3489 4022 3518 4080 ᾖ
3591 4016 3880 4092 ὀνομάζεται.

2313 4107 2473 4162 Ὠστε
2538 4108 2700 4172 οὕτως
2758 4109 2890 4181 ὑμᾶς
2956 4113 3243 4182 προσέχειν
3307 4119 3374 4184 τῇ
3449 4113 3669 4184 ἡμετέρα
3717 4103 3885 4169 διανοίᾳ

2313 4203 2590 4272 προσήχει,
2643 4201 2712 4260 ὡς
2762 4193 2927 4270 μηδὲν
2977 4201 3122 4272 ἡμῶν
3173 4196 3489 4273 δυναμένων
3533 4207 3745 4259 ποιῆσαι
3782 4190 3886 4243 κατά

2313 4287 2624 4361 πρόσκλισιν
2671 4287 2802 4359 (78),
2861 4283 2998 4360 μηδὲ
3045 4287 3483 4364 προειλημμένων
3537 4289 3607 4352 εἰς
3657 4290 3742 4344 τὴν
3781 4280 3885 4334 κατέ

2237 4410 2279 4465 θ
2384 4431 2494 4503 (75)
2526 4431 3881 4506 ξημᾷναιίΓτοεωεε.ῃοηαηιίᾳιιὶεεὶωἱσημῆνᾳι.

2381 4502 2496 4573 (76)
2539 4502 2974 4574 Ἀνθυπενεγκείν.
3017 4504 3194 4573 Coisl,
3237 4502 3489 4574 prim-us
3536 4503 3879 4574 c’cv‘rmavrlniv.

2310 4565 2488 4629 Idem'
2515 4574 2705 4629 codex
2744 4565 2883 4630 cum
2918 4574 3098 4641 Harl.,
3126 4565 3310 4642 Med.,
3353 4576 3541 4634 Coisl.
3572 4565 3815 4632 secundo
3845 4565 3882 4619 ei

2310 4647 2449 4714 Reg.
2482 4644 2757 4719 habebnk
2787 4647 3115 4719 ὑφορμῶντα.

2380 4712 2490 4786 (77)
2530 4717 2640 4768 Οὐκ
2667 4712 2964 4775 ἆποκν’ἡσὼ.
2992 4721 3075 4773 ita
3105 4733 3207 4773 sex
3241 4733 3399 4774 mss.
3430 4717 3586 4774 Editi
3612 4712 3740 4769 οὐδ’.
3844 4776 3854 4786 ,

2377 4788 2490 4858 (78)
2516 4787 2871 4863 ,Πρόσιιᾏισιλ
2921 4788 3134 4863 Nititur
3190 4789 3331 4846 hac
3394 4791 3694 4863 scriptura
3743 4787 3884 4863 86810

2308 4856 2586 4933 secundo
2605 4859 2810 4915 codice
2857 4863 2912 4933 et
2935 4860 3134 4933 _Coisl.
3166 4863 3495 4933 secundo,
3521 4856 3600 4917 'et
3643 4856 3889 4933 Harl.ﬂsej

2307 4929 2508 5004 cunda
2534 4947 2760 5004 _manu.
2800 4930 2949 4986 Editi
2992 4930 3356 5004 πρόσκλησιν,
3409 4924 3514 4988 Hic
3555 4936 3747 5004 autem
3782 4924 3887 5004 licet

2306 5001 2783 5074 animadvertere
2823 4994 3130 5074 summam
3173 5002 3384 5074 Basilii
3414 5005 3574 5060 inter
3609 5002 3764 5074 ipsas
3788 4994 3886 5074 dis:

2307 5071 2616 5127 sensiones
2682 5071 3051 5128 charitatem.
3118 5072 3433 5130 Meletium
3503 5080 3560 5130 et
3623 5066 3798 5128 causa
3845 5066 3887 5116 et

2305 5144 2618 5218 sanctitate
2655 5145 2949 5218 potiorem
2996 5144 3284 5218 deserere
3323 5160 3457 5202 non
3504 5148 3775 5218 poterat;
3805 5132 3883 5215 59d

2303 5229 2341 5287 a
2382 5214 2630 5287 Paulino
2656 5211 3416 5287 illiusquesectatoribus,
3463 5211 3532 5272 ut
3572 5211 3884 5287 orthodoxis

2302 5284 2618 5352 fratribus,
2683 5281 3006 5355 diligendis
3072 5301 3192 5342 non
3276 5281 3667 5344 discedebat.
3736 5281 3883 5356 idqujl

2302 5356 2746 5429 conﬁrmatiin
2802 5358 2972 5429 epist.
3029 5361 3143 5429 2H_
3187 5358 3307 5429 ad_
3346 5361 3692 5416 Terentium
3737 5365 3884 5429 carm:

2301 5435 2435 5505 _tem.
2476 5428 2762 5505 Eamdem
2789 5421 3509 5505 animLmoderationem
3540 5445 3678 5505 _pra
3721 5421 3886 5505 seniori

2285 5498 2360 5555 'in
2420 5499 2591 5573 epist.
2633 5503 2739 5555 258
2774 5499 2888 5573 _qd
2955 5499 3400 5573 Epiphaniam,
3447 5491 3888 5573 ubi‘hsigniticat

2297 5585 2360 5628 se
2424 5561 2620 5629 multa
2682 5571 2932 5644 quidem
2994 5561 3080 5630 ex"
3118 5561 3421 5629 fra‘ribus
3479 5561 3776 5631 audivisse
3825 5561 3886 5620 de
