4092 6210
217 269 278 322 821
1118 256 1603 315 EPISTOLARUM
1649 251 1951 311 CLASSIS.
2001 254 2048 310 ΙΙ
2086 254 2309 317 EPIST.
2355 259 2510 319 CLX.

3400 266 3506 323 622

213 387 428 443 ἀκόλουθον
451 390 516 455 τῷ
545 380 882 456 βαπτίσματι
920 384 1014 440 τὴν
1053 380 1332 455 ὁμολογίαν
1381 389 1476 444 τῆς
1513 384 1737 442 πίστεως

1860 376 1996 434 ritus
2025 381 2246 451 sancti;
2279 386 2750 441 consentaneam
2787 382 3139 458 baptismati
3176 386 3507 447 confessio-

210 476 513 555 παρεχόμεθα,
563 470 840 525 ἀκόλουθον
894 467 954 525 δὲ
1007 475 1097 524 καὶ
1152 476 1246 530 την
1304 468 1606 544 δοξολογίαν
1672 476 1734 542 τῇ

211 576 379 622 πίστει·
444 558 843 625 συνδοξαζοντες
906 565 1075 636 Πατρὶ
1146 565 1237 613 καὶ
1301 562 1406 632 Υἰῷ
1466 563 1523 613 τὸ
1588 558 1739 631 ἅγιον

211 664 391 730 Πνεῦμα,
424 660 485 724 τῷ
521 653 799 706 πεπεῖσθαι
846 654 917 724 μὴ
975 648 1238 726 ἀλλότριον
1286 651 1414 703 εἶναι
1456 657 1552 712 τῆς
1605 650 1741 710 Θείας

208 749 386 818 φύσεως.
434 741 503 795 Ού
539 743 641 816 γὰρ
690 748 791 794 τῶν
841 739 1013 793 αὐτῶν
1054 744 1282 812 μετέσχε
1331 747 1495 812 τιμῶν
1533 741 1591 792 τὸ
1641 735 1741 790 ἁπ-

210 836 444 906 εξειωμένον
468 832 601 883 κατὰ
636 834 732 889 την
762 831 937 902 φύσιν.
977 832 1111 891 Τοὺς
1158 824 1218 882 δὲ
1254 832 1457 902 κτίσμα
1499 826 1741 899 λέγοντας

201 928 248 978 τὸ
291 928 460 994 Πνεῦμα
501 923 560 974 τό
607 919 755 990 οἶγιον
801 916 1055 991 ἐλεοῦμεν,
1100 920 1165 979 ὡς
1203 916 1273 980 εἰς
1302 920 1360 970 τὸ
1411 916 1738 991 ἀσυγχώρη-

203 1032 274 1065 τον
314 1019 469 1083 πτῶμα
496 1008 610 1080 (94)
668 1015 760 1069 τῆς
810 1007 885 1070 εἰς
936 1007 1062 1060 αύτό
1110 1005 1448 1081 βλασφημίας
1503 1002 1599 1059 διὰ
1641 1013 1738 1067 τῆς

196 1103 394 1162 τοιαύτης
440 1105 602 1171 φωνῆς
646 1101 1083 1158 καταπίπτοντας.
1135 1094 1258 1149 Ὀτι
1306 1098 1408 1170 γὰρ
1454 1091 1739 1170 διώρισται

196 1196 332 1251 κτίσις
382 1191 631 1256 θεότητος,
688 1182 899 1249 ούδενός
947 1185 1103 1257 λόγου
1167 1182 1396 1259 προσδεῖ
1441 1191 1547 1247 τοῖς
1602 1186 1739 1238 κατὰ

192 1282 341 1355 μικρὸν
373 1279 476 1347 (95)
523 1283 641 1338 ταῖς
706 1281 933 1351 Γραφαῖς
980 1272 1500 1347 ἐγγεγυμνασμένων
1547 1272 1606 1326 Ἡ
1645 1276 1736 1347 μὲν

192 1372 271 1440 γὰρ
294 1372 442 1427 κτίσις
478 1361 734 1436 δουλεύει,
773 1367 831 1417 τό
885 1360 945 1417 δε
996 1370 1205 1436 Πνεῦμα
1252 1362 1522 1436 ἔλευθεροίο
1556 1364 1585 1422 η
1627 1367 1738 1416 κτί-

196 1475 259 1517 σις
284 1458 404 1518 ζωῆς
428 1451 693 1528 προσδεής
722 1452 860 1524 ἐστι,
877 1456 937 1506 τὸ
968 1454 1176 1526 Πνεῦμα
1197 1451 1310 1506 ἐστι
1338 1455 1397 1505 τό
1425 1452 1732 1514 ζωοποιοῦν·

189 1549 381 1607 sntiat;
408 1542 762 1607 διδασκαλίας
800 1539 1134 1616 προσδεῖται,
1181 1546 1239 1595 τό
1293 1549 1504 1616 Πνευμα
1541 1541 1654 1594 ἐστι
1677 1544 1736 1595 τό

192 1631 422 1687 διδάσκονο
453 1636 481 1693 ἡ
512 1638 689 1694 κτίσις
716 1632 1014 1705 ἁγιάζεται,
1046 1634 1105 1684 τό
1127 1633 1336 1706 Πνεῦμα
1365 1630 1478 1684 ἔστι
1506 1635 1565 1684 τό
1587 1631 1738 1704 ἁγια-

1847 483 1988 524 nem
2023 469 2185 540 ﬁdei,
2217 477 2686 531 consentaneam
2725 474 2906 530 etiam
2938 474 3080 533 ﬁdei
3118 476 3504 549 gloriﬁcatio-

1846 573 1989 614 nem
2010 559 2393 620 adhibemus:
2415 562 2701 636 Spiritum
2727 568 3003 620 sanctum
3021 581 3147 622 una
3170 583 3309 624 cum
3333 571 3503 627 Patre

1849 653 1907 705 et
1927 648 2069 706 Filio
2099 651 2521 724 gloriﬁcantes;
2553 670 2625 711 eo
2649 654 2816 727 quod
2844 669 3208 727 persuasum
3231 659 3307 716 sit
3324 659 3502 718 nobis

1845 737 2017 795 illum
2054 756 2092 797 a
2129 744 2351 798 natura
2385 742 2594 800 divina
2632 758 2758 799 non
2797 758 2930 799 esse
2972 743 3258 803 alienum.
3299 751 3503 823 Neque

1847 826 2007 885 enim
2047 831 2400 888 eorumdem
2445 831 2749 889 honorum
2795 836 2956 889 esset
2998 834 3297 909 particeps
3334 837 3504 911 quod

1847 916 2110 976 alienum
2153 920 2306 978 foret
2335 922 2671 979 secundum
2702 925 3007 979 naturam.
3043 925 3264 982 Eorum
3300 931 3504 985 autem

1845 1010 1951 1082 qui
1981 1011 2263 1084 Spiritum
2299 1020 2579 1069 sanctum
2621 1015 2957 1070 creaturam
2989 1027 3121 1069 esse
3144 1012 3375 1086 dicunt,
3395 1015 3509 1073 mi-

1847 1114 2135 1167 seremur,
2157 1105 2217 1158 ut
2237 1101 2343 1174 qui
2363 1102 2425 1159 in
2446 1106 2763 1175 peccatum
2779 1117 2904 1157 non
2926 1101 3329 1160 condonabile
3344 1103 3508 1161 blas-

1842 1188 2101 1260 phemiae
2126 1189 2186 1246 in
2210 1189 2378 1247 illum
2402 1190 2658 1259 emissae,
2676 1206 2784 1263 per
2803 1190 2963 1247 hanc
2982 1206 3196 1247 vocem
3212 1191 3504 1250 incidant.

1845 1281 1992 1335 Nam
2022 1294 2148 1335 rem
2188 1285 2453 1337 creatam
2484 1295 2521 1335 a
2552 1279 2866 1335 divivitate
2901 1278 3163 1337 divisam
3197 1296 3328 1337 esse
3357 1281 3510 1341 nihil

1844 1382 1998 1440 opus
2028 1373 2115 1424 est
2144 1384 2249 1425 eos
2278 1385 2543 1439 monere,
2571 1369 2675 1442 qui
2700 1367 2791 1425 vel
2824 1368 3121 1426 tantillum
3151 1369 3214 1427 in
3241 1371 3507 1445 Scriptu-

1845 1457 1924 1514 ris
1948 1459 2252 1515 exercitati
2272 1463 2431 1515 sunt.
2460 1463 2744 1517 Creatura
2766 1458 2966 1527 servit,
2994 1459 3248 1532 Spiritus
3267 1459 3504 1531 liberat;

1846 1550 2119 1604 creatura
2160 1548 2280 1605 vita
2323 1547 2574 1619 indiget,
2628 1547 2880 1620 Spiritus
2926 1552 3016 1604 est
3063 1547 3170 1620 qui
3209 1547 3503 1620 viviﬁcat;

1846 1641 2120 1693 creatura
2147 1637 2425 1694 doctrina
2452 1641 2605 1709 eget,
2627 1636 2878 1709 Spiritus
2899 1641 2989 1694 est
3004 1636 3110 1710 qui
3131 1636 3328 1704 docet;
3345 1653 3509 1697 crea-

188 1726 273 1785 ζον.
309 1724 402 1777 Κάν
422 1722 670 1796 ἀγγέλους
701 1726 815 1795 εἰπη
828 1741 869 1790 ς,
895 1719 991 1773 κᾶν
1023 1719 1403 1797 ἀρχαγγέλους,
1435 1718 1530 1773 κᾶν
1563 1723 1740 1784 πασας

1860 1730 1981 1782 :ura
2009 1725 2441 1796 sanctiﬁcatur,
2468 1724 2721 1798 Spiritus
2753 1728 2839 1780 est
2869 1725 2975 1798 qui
3000 1725 3351 1782 sanctiﬁcat.
3373 1724 3507 1783 Sive

186 1816 638 1887 τὰςύπερκοσμίους
671 1812 782 1884 (96)
833 1807 1099 1885 δυνάμεις,
1163 1807 1256 1862 διά
1303 1817 1394 1862 τοῦ
1443 1813 1741 1883 Πνεύματος

181 1907 253 1960 τήν
278 1903 563 1975 ἁγιωσύνην
593 1899 968 1974 λαμϐάνουσιν.
993 1898 1131 1953 Αύτό
1160 1895 1219 1951 δε
1242 1902 1300 1952 τὸ
1340 1906 1551 1973 Πνεῦμα
1579 1919 1741 1972 φυσι-

180 1996 255 2049 κήν
279 1994 377 2062 ἔχει
404 1996 491 2049 τὴν
516 1990 804 2062 ἁγιότητα,
831 1987 889 2040 ού
914 1990 1051 2040 κατὰ
1063 1989 1226 2063 χάριν
1254 1987 1430 2050 λαϐὸν,
1463 1986 1591 2041 ἀλλὰ
1614 2009 1742 2042 συν-

178 2084 453 2153 ονσιωμένην
510 2080 681 2150 αὐτῷ·
750 2080 862 2132 ὅθεν
927 2082 1018 2129 καὶ
1083 2085 1179 2139 τῆς
1240 2082 1601 2152 προσηγορίας
1647 2087 1743 2142 τῆς

178 2178 248 2222 τοῦ
298 2171 441 2242 ἁγίου
520 2168 799 2244 ἐξαιρέτως
863 2169 1174 2239 τετύχηκεν.
1234 2166 1302 2221 ⁸0
1361 2172 1533 2221 τοίνυν
1593 2171 1744 2242 φύσει

176 2260 310 2331 ἅγιον,
356 2262 423 2322 ὡς
466 2278 631 2335 φύσει
672 2259 821 2330 ἅγιος
871 2258 897 2309 ὀ
956 2261 1158 2331 Πατὴρ,
1204 2262 1295 2310 καὶ
1346 2260 1497 2330 φύσει
1538 2256 1743 2330 ἅγιοςὸ

174 2352 285 2417 Υἱός,
334 2353 442 2402 οὔτε
494 2349 656 2402 αὐτοὶ
702 2354 793 2408 τῆς
870 2348 1003 2407 θείας
1060 2351 1151 2399 καὶ
1205 2351 1470 2420 μακαρίας
1521 2343 1746 2424 Τριάδος

172 2443 371 2514 χωρίσαι
396 2445 481 2491 καὶ
504 2436 783 2509 διατεμεῖν
831 2435 1145 2509 ἀνεχόμεθα,
1192 2439 1308 2489 οὔτε
1358 2441 1481 2497 τοὺς
1525 2436 1745 2500 εὐκόλως

171 2536 218 2598 τῇ
272 2534 425 2582 κτίσει
489 2528 951 2603 συναριθμοῦντας
1022 2521 1396 2599 ἀποδεχόμεθα
1428 2567 1442 2582 .
1517 2533 1695 2580 Ταῦτα
1727 2569 1743 2595 ,

180 2618 320 2691 ὥσπερ
368 2616 412 2670 ἰν
455 2617 771 2690 κεφαλαίῳ,
840 2613 1134 2688 ἀρκούντως
1314 2614 1552 2689 εὐλαϐείᾳ
1602 2617 1745 2689 ὑμῶν

176 2704 385 2776 εἰρήσθω.
453 2706 583 2760 Ἀπὸ
654 2708 756 2779 γὰρ
816 2711 1016 2777 μικρῶν
1070 2705 1378 2778 σπερμάτων
1425 2710 1748 2780 γεωργήσετε

178 2798 223 2846 τὸ
252 2800 403 2848 πλεῖον
437 2805 528 2857 τῆς
591 2793 883 2856 εὐσεϐείας,
930 2801 1299 2869 συνεργοῦντος
1338 2794 1457 2867 ύμῖν
1489 2798 1601 2867 (97)
1654 2802 1746 2848 τοῦ

174 2883 298 2955 ἁγίου
335 2889 654 2960 Πνεύματος.
707 2881 866 2937 Δίδου
912 2886 1010 2958 γὰρ
1064 2893 1206 2957 σοφῷ
1241 2883 1501 2958 ἀφορμὴν,
1527 2890 1618 2939 καὶ
1652 2905 1746 2939 σο-

173 2980 359 3049 ρώτερος
404 2980 576 3034 ἔσται.
636 2979 749 3033 Τὴν
806 2969 866 3026 δὲ
904 2973 1216 3047 τελειοτέραν
1270 2970 1625 3029 διδασκαλίαν
1681 2975 1748 3049 εἰς

1847 1812 2069 1870 dixeris
2115 1813 2385 1884 angelos,
2437 1813 2563 1870 sive
2606 1811 3031 1883 archangelos,
3072 1812 3196 1870 sive
3239 1812 3509 1872 cmlestes

1848 1918 2062 1960 omnes
2091 1907 2438 1976 potestates,
2469 1918 2580 1976 per
2601 1901 2885 1975 Spiritum
2916 1902 3385 1961 sanctimoniam
3406 1918 3510 1961 ac-

1848 1991 2100 2065 cipiunt.
2131 1991 2382 2065 Spiritus
2411 1995 2610 2048 autem
2639 1990 2977 2047 naturalem
3005 1989 3191 2048 habet
3218 1991 3511 2050 sanctita-

1850 2087 1990 2153 tem,
2023 2096 2149 2138 non
2179 2081 2373 2152 gratia
2400 2084 2733 2154 acceptam,
2768 2078 2877 2136 sed
2904 2079 3094 2153 ipsius
3124 2082 3395 2137 essentia;
3415 2081 3509 2139 in-

1852 2170 2027 2228 sitam
2053 2187 2066 2226 :
2102 2168 2263 2227 unde
2291 2174 2349 2226 et
2373 2169 2562 2226 sancti
2593 2167 3064 2242 appellationem
3096 2168 3388 2241 singulari
3410 2186 3511 2228 ra-

1852 2258 2012 2316 tione
2034 2258 2282 2317 obtinet.
2309 2258 2483 2325 Quod
2504 2261 2874 2329 ergonatura
2887 2260 3165 2314 sanctum
3177 2262 3285 2323 est,
3302 2274 3513 2332 quem-

1852 2347 2187 2405 admodum
2218 2350 2389 2404 Pater
2432 2351 2651 2404 natura
2696 2350 2943 2404 sanctus
2980 2351 3094 2416 est,
3125 2350 3182 2404 et
3201 2346 3380 2404 Filius
3408 2363 3516 2405 na-

1852 2442 1989 2495 tura
2014 2440 2278 2504 sanctus;
2299 2436 2362 2493 id
2391 2452 2502 2493 nec
2532 2436 2796 2510 patimur
2817 2451 2854 2494 a
2872 2435 3054 2494 beata
3076 2450 3148 2493 ac
3171 2435 3375 2495 divina
3393 2435 3516 2495 Tri-

1852 2526 2038 2584 nitate
2078 2524 2344 2599 separari
2374 2529 2432 2582 et
2470 2524 2783 2596 abscindi;
2831 2540 2942 2581 nec
2980 2523 3355 2582 admittimus
3384 2541 3514 2596 eos,

1853 2619 1960 2691 qui
2004 2615 2176 2673 facile
2220 2614 2427 2688 ipsum
2470 2614 2628 2671 inter
2665 2618 2971 2672 creaturas
3014 2619 3348 2673 recensent.
3381 2618 3516 2673 Haec

1855 2705 2031 2780 quasi
2061 2705 2123 2761 in
2162 2719 2403 2760 summa
2432 2702 2594 2760 dicta
2632 2702 2771 2773 sint,
2817 2706 3032 2759 vestrae
3077 2708 3282 2761 tamen
3310 2704 3519 2777 pietati

1856 2786 2000 2852 satis
2030 2792 2297 2866 copiose.
2339 2794 2488 2849 Nam
2527 2790 2606 2848 ab
2636 2790 2868 2860 exiguis
2900 2791 3233 2849 seminibus
3265 2792 3517 2849 uberem

1855 2882 2093 2958 pietatis
2120 2880 2400 2949 fructum,
2439 2879 2662 2954 Spiritu
2695 2884 2904 2936 sancto
2940 2878 3115 2936 vobis
3161 2879 3513 2953 opitulante,

1856 2970 2191 3030 demetetis.
2235 2971 2331 3027 Da
2370 2971 2525 3027 enim
2567 2969 2936 3026 occasionem
2974 2968 3254 3041 sapienti,
3301 2974 3360 3026 et
3400 2969 3515 3026 erit

168 3067 245 3120 τήν
300 3065 407 3118 κατ’
470 3064 782 3139 ὀφθαλμοὺς
844 3067 1136 3134 συντυχίαν
1202 3064 1622 3137 ὑπερθησόμεθα·
1674 3061 1749 3117 δι’

1860 3061 2267 3134 sapientior”.
2291 3062 2580 3117 Craterum
2601 3056 2883 3115 uberiora
2910 3056 3277 3115 documenta
3294 3057 3357 3115 in
3376 3072 3518 3115 con-

167 3153 217 3211 ξς
253 3159 335 3206 καὶ
374 3159 438 3207 τὰ
494 3153 831 3227 ἀντικείμενα
875 3150 1244 3221 ἐπιλύσασθαι,
1285 3157 1375 3205 καὶ
1430 3153 1750 3229 πλατυτέρας

165 3244 242 3302 τὰς
295 3240 345 3294 ἔκ
404 3251 502 3296 τῶν
560 3250 787 3317 Γραρῶν
841 3242 1222 3316 παρασχέσθαι
1281 3247 1593 3317 μαρτυρίας,
1660 3248 1751 3297 καὶ

163 3333 313 3382 πάντα
354 3336 510 3384 τύπον
566 3337 665 3385 τόν
724 3332 847 3403 ὑγιῆ
902 3338 1000 3392 τῆς
1056 3334 1283 3392 πίστεως
1350 3328 1752 3404 βεϐαιώσασθαι

166 3414 385 3476 δυνατόν.
416 3425 484 3473 T6
514 3418 576 3474 δε
608 3428 708 3472 νῦν
750 3422 872 3492 ἔχον
905 3424 1221 3493 συγγνώμην
1263 3424 1469 3493 νείματε
1502 3429 1564 3494 τῇ
1609 3419 1749 3497 βρα-

158 3512 367 3577 χύτητι.
404 3515 502 3563 Καὶ
536 3513 643 3586 γὰρ
693 3505 805 3562 ούδ²
841 3507 901 3560 ἂν
946 3508 1210 3563 ἐπέστειλα
1245 3513 1339 3567 τὴν
1378 3507 1573 3583 ἀρχὴν,
1603 3510 1745 3583 εἰμὴ

158 3598 368 3668 μείζονα
395 3599 623 3672 ἡγούμην
655 3603 754 3658 τὴν
796 3597 999 3672 βλάϐην
1044 3597 1378 3672 ἀρνήσασθαι
1405 3604 1500 3659 τὴν
1539 3602 1750 3659 αἴτησιν

156 3685 424 3753 παντελῶς,
455 3688 484 3747 ἦ
512 3687 728 3750 ἐλλιπῶς
748 3690 1151 3762 παρασχέσθαι.

702 3801 943 3850 ΕΠΙΣΤΟ
956 3801 1040 3848 Ml
1081 3794 1189 3850 ΡΞ.

1857 3167 2133 3225 gressum
2173 3147 2543 3216 differemus,
2574 3147 2636 3204 in
2666 3163 2789 3221 quo
2818 3150 2877 3203 et
2904 3145 3144 3218 objecta
3181 3146 3434 3218 solvere,
3459 3149 3515 3205 et

1860 3239 2158 3314 ampliora
2183 3254 2255 3294 ex
2286 3237 2604 3311 Scripturis
2636 3236 2903 3311 proferre
2941 3235 3307 3308 testimonia,
3335 3241 3394 3294 et
3420 3253 3518 3296 sa-

1856 3346 2001 3387 nam
2032 3344 2279 3385 omnem
2302 3326 2443 3383 ﬁdei
2462 3326 2759 3383 rationem
2783 3327 3142 3383 conﬁrmare
3161 3326 3517 3401 poterimus.

1859 3418 2406 3492 lmpraesentiarum
2428 3422 2629 3473 autem
2650 3415 2928 3473 brevitati
2948 3416 3415 3487 ignoscite.Nam
3441 3433 3520 3475 ne

1859 3506 2237 3580 scripsissem
2264 3504 2512 3579 quidem
2542 3503 2812 3575 omnino,
2839 3502 2955 3560 nisi
2983 3503 3282 3561 damnum
3317 3506 3520 3577 majus

1859 3596 2297 3653 existimassem
2327 3594 2510 3667 petita
2550 3606 2798 3667 prorsus
2832 3593 3152 3666 denegare,
3197 3609 3386 3669 quam
3432 3594 3520 3652 in-

1860 3688 2073 3745 choate
2106 3684 2471 3743 satisfacere.
2972 3692 2985 3751 ι

2305 3790 2483 3865 249
2514 3792 2851 3849 EPISTOLA
2889 3790 3067 3848 CLX'.

145 3899 281 3974 cum
308 3902 575 3958 Basilius
606 3903 696 3960 ab
723 3904 897 3959 initio
917 3905 1280 3974 episcopatus
1304 3903 1711 3973 prohibuisset
1733 3900 2188 3974 matrimonium
2214 3914 2346 3956 cum
2362 3899 2850 3974 uxorismortuw
2865 3909 3109 3974 sorore;
3134 3898 3383 3974 quidam
3405 3897 3522 3974 hac

208 3972 323 4038 lege
349 3975 609 4044 offensus
640 3976 883 4030 litteras
903 3969 1012 4029 sub
1043 3969 1290 4030 Diodori
1304 3969 1545 4030 nomine
1574 3974 1865 4031 adversus
1889 3988 2021 4044 eum
2051 3971 2446 4044 circumtulit.
2475 3970 2624 4027 Inde
2653 3976 2804 4044 nata
2826 3969 3269 4044 occasiojiujus
3301 3969 3525 4044 Basilii

202 4041 475 4111 epistolas.
495 4048 565 4101 in
598 4061 732 4117 qua
761 4044 1062 4101 decretum
1084 4060 1257 4117 suum
1284 4045 1551 4114 defendit
1573 4061 1648 4102 ex
1669 4042 2100 4102 consuetudine
2122 4041 2406 4117 Ecclesia:
2425 4056 2579 4097 sua:
2605 4041 2902 4111 obiectum
2932 4055 3010 4117 ea:
3037 4041 3259 4111 Moysis
3283 4042 3523 4117 silentio

199 4112 624 4184 argumentum
670 4117 978 4185 dissolvit;
1008 4118 1125 4170 imo
1165 4112 1429 4185 Mog/sem
1459 4133 1581 4172 non
1613 4119 1870 4174 tacuisse
1908 4112 2211 4173 contendit
2234 4127 2257 4170 .'
2285 4127 2357 4169 ac
2388 4118 2690 4182 postremo
2724 4113 3070 4170 naturalem
3112 4114 3523 4185 cognationem

198 4185 286 4241 his
308 4191 544 4257 nuptiis
579 4188 895 4257 confundi
920 4187 1315 4244 demonstrat.

810 4299 851 4346 Α
863 4289 1088 4370 ιοδώρῳ.

206 4402 247 4452 l.
290 4400 534 4473 ’Δρίκετο
572 4404 714 4474 ἠμιν
754 4403 1044 4475 γράμματα
1082 4405 1175 4459 τὴν
1216 4398 1503 4474 ἑπιγραγὴν
1561 4404 1756 4475 ἔχοντα

139 4484 406 4561 Διοδώρου,
452 4495 524 4543 τα
586 4487 656 4542 δὲ
714 4488 893 4562 ἐφεξῆς
941 4489 1095 4542 ἄλλον
1144 4493 1279 4550 τινός
1328 4494 1590 4565 πρέποντα
1630 4487 1760 4543 εἶναι

140 4576 311 4644 μᾶλλον
356 4581 386 4639 ἡ
442 4577 761 4653 Διοδώρου.
821 4587 967 4632 Δοκεί
1012 4582 1112 4653 γάρ
1157 4585 1247 4651 μοί
1297 4599 1377 4642 τις
1435 4589 1535 4632 τῶν
1589 4599 1762 4653 τεχνι-

140 4674 228 4715 id”
265 4670 400 4737 (98),
460 4675 526 4722 τὸ
611 4673 719 4721 σὸν
765 4674 1046 4744 πρόσωπον
1098 4666 1318 4738 ὑποδύς,
1377 4669 1542 4732 οὕτως
1585 4668 1764 4722 ἑαυτὸν

204 4790 248 4824 ³³
283 4792 465 4851 Prov.
506 4811 596 4861 lx,
637 4798 700 4850 9.

348 4925 585 4992 Πτῶμα.
620 4919 765 4972 Duo
788 4933 934 4992 φξβ,
969 4924 1230 4992 πταῖσμα.

202 4989 305 5055 (93,
346 4987 494 5043 Κατᾶ
521 4992 760 5064 μικρόν.
792 4988 940 5064 Editi
960 4987 1054 5064 καν
1076 4987 1283 5063 μικρόν,
1306 5003 1442 5060 (μιῐὲ
1465 4987 1639 5064 lectio
1663 4987 1770 5044 etsi

150 5070 486 5131 suasponte
516 5059 692 5117 nihil
729 5059 908 5131 habet
933 5059 1219 5131 vitii.'no'n
1251 5064 1453 5131 tamen
1488 5059 1772 5131 videtura

152 5128 339 5186 Basilio
369 5133 672 5188 adhibita
700 5131 817 5185 hoc
849 5129 1009 5187 loco.
1034 5130 1175 5185 Plus
1196 5130 1354 5186 enim
1384 5130 1772 5186 tribuendum

154 5202 564 5260 vetustissimis
602 5199 1183 5273 tribusgcrodicibus,
1221 5201 1281 5256 in
1307 5200 1530 5273 quibus
1561 5201 1775 5273 legitur

154 5274 267 5349 ξιπά
283 5281 731 5349 μικρὸν,(ιᾳξὶω
752 5271 922 5349 editis
945 5279 1002 5327 et
1023 5271 1155 5349 aliis
1181 5271 1666 5328 mssIVerisimile
1690 5278 1778 5349 est

158 5336 623 5419 lianclo'quciidi
655 5343 963 5419 ratiqnem
989 5349 1052 5419 ut
1073 5343 1270 5419 minus
1292 5349 1635 5419 accuratam
1660 5360 1695 5399 a
1714 5344 1775 5419 li-

164 5408 347 5469 brariis
360 5408 635 5473 immuta
645 5421 783 5471 tam
800 5412 1005 5469 fuisse.
1025 5413 1136 5470 Sed
1155 5420 1352 5470 tamen
1370 5429 1439 5469 ea
1454 5414 1704 5470 Basilius
1718 5415 1779 5470 in

166 5481 322 5557 Rbus
347 5487 700 5557 simillimis
730 5499 1001 5557 persaepe
1029 5485 1231 5541 utitur.
1263 5485 1520 5557 Eosdem
1543 5485 1782 5557 codices

168 5551 332 5620 Paulo
342 5565 477 5633 post
495 5551 848 5633 sequimur
868 5551 1066 5613 in'hac
1085 5570 1233 5613 voce
1262 5551 1599 5632 προσδεῖται.
1631 5555 1787 5615 Editi

2556 4290 2836 4348 Diodoro.

1941 4405 1990 4456 t.
2030 4401 2334 4455 Venerunt
2383 4397 2563 4455 nobis
2605 4397 2815 4454 litterae
2863 4399 3107 4455 nomine
3147 4398 3386 4457 Diodori
3431 4400 3526 4458 in-

1866 4490 2126 4561 Scriptve,
2173 4491 2235 4544 at
2270 4487 2332 4543 in
2370 4487 2619 4561 reliquis
2654 4487 2932 4560 quemvis
2975 4487 3161 4545 alium
3191 4490 3392 4562 potius
3421 4489 3527 4547 de-

1868 4582 2070 4634 centes
2132 4592 2320 4650 quam
2388 4576 2740 4635 Diodorum.
2791 4575 3030 4633 Videtur
3085 4578 3247 4635 enim
3293 4582 3528 4637 astutus

1872 4668 2087 4743 aliquis
2112 4681 2439 4740 personam
2469 4671 2639 4724 tuam
2664 4665 2945 4738 induens,
2984 4667 3069 4724 sic
3113 4668 3231 4725 sibi
3268 4668 3532 4728 voluisse

1879 4913 2072 4971 δεῖται.

1948 4991 2061 5066 (96)
2100 4988 2202 5047 Τὰς
2230 4987 2633 5061 ὑπερκοσμίους.
2658 4985 2752 5043 Sic
2775 5002 2921 5046 mss.
2945 4988 3237 5048 sex.Editi
3262 4992 3357 5054 τὰς
3386 4991 3536 5066 ύπερ-

1879 5079 1939 5113 κο
1946 5079 2097 5120 σμιας
2105 5101 2117 5114 .

1953 5116 2066 5212 (il?)
2083 5116 2095 5120 '
2110 5131 2500 5212 Κυνεργόῡντος,
2511 5128 2813 5212 Opim-ila?!
2826 5139 3228 5212 .pwspypﬂuro;
3258 5136 3407 5207 ἡμῖν.

1955 5203 2067 5272 (98)
2103 5206 2195 5262 Τις
2223 5200 2324 5251 τῶν
2351 5200 2627 5272 τεχνίκῷν.
2663 5202 2771 5256 Pro
2797 5200 2889 5257 his
2909 5200 3159 5260 vocibus
3182 5200 3359 5260 habet
3380 5203 3539 5260 Harl.

1886 5268 2076 5328 codex
2108 5272 2359 5346 rixari;
2390 5268 2510 5346 τῶν,
2522 5268 2798 5346 βαναύσων
2828 5281 3099 5345 τεχνιτῶν,
3126 5274 3289 5343 forte
3319 5275 3543 5346 aliqua:

1888 5358 1965 5401 ex
2002 5341 2363 5399 mechanicis
2387 5341 2739 5412 artiﬁcibus.
2781 5341 3093 5400 Medicaaus
3122 5341 3262 5402 cum
3304 5341 3545 5402 duobus

1892 5414 2022 5472 aliis
2051 5421 2151 5486 τῶν
2184 5412 2463 5486 βαναύσων
2492 5423 2709 5486 τεχνῶν.

1968 5487 1991 5507 '
2028 5484 2193 5543 Alias
2215 5485 2477 5542 CXCVII.
2507 5484 2737 5559 scripta
2766 5484 2924 5544 circa
2950 5501 3048 5544 an.
3084 5488 3206 5543 373.
