4062 6214
557 237 659 300 623

556 367 968 425 auctoritatem
999 367 1166 440 apud
1196 368 1502 425 auditores
1535 381 1909 442 comparare.
1942 363 2054 432 Qui
2080 363 2216 437 qui-
2243 365 2290 419 Α

556 457 696 513 dem
736 456 810 512 ab
845 455 1047 530 aliquo
1088 457 1512 527 interrogatus,
1551 472 1629 512 an
1670 455 1782 511 sibi
1820 455 2023 510 liceret
2051 469 2216 507 mor—

556 551 672 602 tuae
710 545 916 602 uxoris
957 561 1227 602 sororem
1266 545 1326 601 in
1366 545 1819 602 matrimonium
1851 544 2088 609 ducere,
2127 541 2217 596 in-

554 635 1019 705 terrogationem
1059 651 1181 691 non
1215 635 1575 707 perhorruit,
1619 634 1726 690 sed
1765 631 2000 705 placide
2034 631 2212 687 etiam

557 724 803 794 audivit,
853 739 923 779 ac
975 723 1259 780 lascivum
1313 724 1628 780 libidinem
1685 722 1912 778 fortiter
1967 736 2215 792 prorsus

556 818 612 870 et
639 813 995 887 pugnaciter
1040 813 1293 883 adjuvit.
1341 813 1515 878 Quod
1565 813 1613 867 si
1663 812 1945 868 adessent
1985 809 2212 876 litterae,

555 919 657 960 eas
701 904 779 960 ad
822 907 878 959 te
922 903 1245 970 misissem,
1295 904 1562 975 satisque
1611 902 1868 958 haberes
1919 899 2217 956 facultatis

557 997 612 1049 et
642 993 721 1048 ad
757 996 924 1048 tuam
957 996 1014 1048 et
1043 992 1121 1048 ad
1149 992 1412 1048 veritatis
1457 992 1895 1048 defensionem.
1932 989 2045 1046 Sed
2072 989 2218 1061 quia

554 1082 660 1154 qui
716 1081 846 1138 illas
902 1081 1265 1149 ostenderat,
1319 1098 1528 1137 rursus
1577 1080 1843 1150 abstulit,
1895 1084 1954 1135 et
2009 1082 2218 1134 contra

553 1187 686 1238 nos,
705 1172 810 1244 qui
838 1170 900 1226 id
930 1172 1006 1226 ab
1038 1171 1204 1226 initio
1234 1170 1680 1242 prohibuimus,
1712 1169 1875 1224 velut
1917 1173 2217 1240 tropaeum

557 1261 865 1331 quoddam
915 1259 1298 1324 circumtulit,
1346 1259 1652 1314 licentiam
1699 1274 1760 1313 se
1790 1257 2014 1313 habere
2053 1256 2218 1312 dicti-

555 1355 691 1405 tans
716 1349 936 1420 scripto
962 1347 1351 1414 mandatam;
1381 1363 1543 1403 nunc
1571 1347 1649 1403 ad
1679 1351 1735 1402 te
1768 1345 2002 1418 scripsi,
2027 1345 2217 1401 ut'du-

555 1438 694 1510 plici
722 1453 908 1493 manu
939 1437 1208 1509 spuriam
1239 1437 1404 1493 illam
1427 1436 1744 1509 epistolam
1766 1450 2213 1508 oppugnemus;

553 1543 667 1584 nec
696 1526 1034 1599 quidquam
1081 1525 1135 1582 ei
1177 1526 1414 1582 roboris
1457 1524 1896 1599 relinquamus,
1935 1540 2011 1580 ne
2044 1523 2214 1580 facile

553 1617 742 1689 possit
764 1615 1104 1685 legentibus
1135 1630 1377 1673 nocere.

624 1729 677 1779 2.
738 1726 1003 1778 Primum
1061 1723 1286 1795 itaque,
1343 1722 1511 1794 quod
1566 1721 1627 1777 in
1687 1721 1987 1791 ejusmodi
2035 1720 2216 1777 rebus

552 1811 888 1869 maximum
911 1815 1264 1880 est,morem
1288 1815 1561 1867 nostrum
1585 1809 1846 1881 objicere
1865 1826 2211 1882 possumus,

552 1906 619 1957 ut
643 1901 766 1957 vim
793 1900 941 1971 legis
969 1899 1319 1969 habentem,
1349 1916 1418 1956 eo
1439 1899 1606 1972 quod
1635 1899 1814 1955 nobis
1843 1915 1878 1955 a
1908 1899 2049 1954 viris
2077 1915 2214 1955 san-

553 1991 660 2047 ctis
691 1989 924 2047 traditae
965 1991 1082 2046 sint
1109 1978 1351 2062 regulae.
1400 1991 1522 2045 Mos
1553 1993 1758 2045 autem
1790 1988 1885 2044 ille
1917 1993 2005 2044 est
2043 1988 2208 2060 ejus-

551 2079 740 2151 modi,
770 2084 835 2136 ut
860 2080 908 2135 si
938 2079 1073 2152 quis
1102 2079 1466 2151 impuritatis
1491 2077 1635 2134 vitio
1661 2077 1992 2151 aliquando
2020 2078 2212 2134 victus

550 2169 612 2225 in
639 2169 903 2225 illicitam
931 2167 1193 2224 duarum
1225 2183 1502 2223 sororum
1542 2166 2032 2238 conjunctiouem
2063 2167 2211 2223 inci-

548 2256 721 2325 derit,
752 2272 948 2330 neque
987 2255 1048 2312 id
1097 2255 1552 2312 matrimonium
1583 2256 1979 2325 existimetur,
2015 2271 2210 2329 neque

548 2346 798 2402 omnino
853 2343 914 2401 in
961 2343 1234 2400 Ecclesiae
1284 2349 1506 2400 cretum
1562 2344 1978 2412 admittantur,
2018 2345 2210 2418 prius-

545 2449 734 2506 quam
765 2449 801 2490 a
827 2449 888 2489 se
917 2432 1174 2488 invicem
1196 2432 1575 2488 dirimentur.
1594 2433 1789 2499 Quare
1807 2432 2042 2488 etiamsi
2063 2433 2209 2489 nihil

546 2523 711 2579 aliud
739 2523 857 2578 dici
894 2527 1122 2596 posset,
1171 2523 1316 2578 satis
1362 2527 1518 2579 esset
1547 2522 1680 2594 ipsa
1717 2521 2090 2578 consuetudo
2129 2523 2209 2579 ad

542 2612 690 2669 boni
729 2611 1090 2669 custodiam.
1125 2611 1240 2667 Sed
1269 2611 1416 2684 quia
1458 2611 1564 2684 qui
1592 2611 1753 2668 hanc
1785 2611 2021 2684 scripsit
2048 2613 2203 2684 epis-

545 2701 749 2771 tolam,
781 2700 1121 2758 adulterino
1168 2706 1527 2770 argumento
1565 2700 1796 2756 malum
1825 2705 2064 2756 tantum
2105 2717 2204 2757 co-

541 2795 721 2847 natus
750 2791 939 2847 estin
987 2805 1187 2846 mores
1237 2789 1555 2846 hominum
1601 2790 1908 2857 inducere,
1958 2805 2204 2846 necesse

1929 240 1984 296 S.
2029 235 2279 294 BASlLlI
2315 235 2533 297 MAGNI

3760 257 3854 314 624

2326 362 2630 427 ἀξιόπιστον
2689 365 2931 425 ἐθελῆσαι
2980 372 3204 425 ποιῆσαι
3257 372 3370 428 τοῖς
3414 367 3743 444 ἀκροωμένοις,
3789 379 3869 445 ’ος

2323 473 2398 523 γε,
2430 452 2706 527 ἐρωτηθεὶς
2746 457 2844 507 ὑπὸ
2896 474 3049 526 τινος,
3101 455 3144 508 εἰ
3205 457 3410 528 θεμιτὸν
3464 458 3593 529 αὐτῷ
3619 461 3717 532 (99)
3767 472 3872 538 πρὸς

2322 546 2489 616 γάμον
2566 543 2858 616 ἀγαγέσθαι
2923 551 3020 606 τῆς
3091 548 3344 615 γυναικὸς
3392 545 3748 612 τελευτησάσης
3795 559 3872 614 τὴν

2324 629 2570 704 ἀδελφὴν,
2615 634 2708 686 οὐκ
2750 632 2919 708 ἔφριξε
2965 639 3060 692 τὴν
3107 632 3384 707 ἐρώτησιν,
3435 633 3556 687 ἀλλὰ
3606 643 3691 690 xui.
3723 644 3876 716 πράως

2323 723 2502 794 ἤνεγκε
2529 727 2625 781 τὴν
2684 721 2862 790 ἀκοὴν,
2914 727 3004 774 καὶ
3061 724 3120 774 τὸ
3176 722 3388 795 ἀσελγὲς
3439 722 3727 799 ἐπιθύμημα
3763 734 3873 784 πάνυ

2321 815 2567 883 γενναίως
2617 812 2694 882 (1)
2757 817 2846 864 καὶ
2913 810 3270 883 ἀγωνιστικῶς
3331 816 3728 888 συγκατέπραξιν
3760 859 3772 872 .
3828 821 3878 873 Εἰ

2321 903 2410 973 μὲν
2441 901 2527 953 οὖν
2559 909 2731 976 παρῆν
2774 920 2863 973 μοι
2919 903 2978 953 τὸ
3029 902 3270 973 γράμμα,
3322 901 3444 953 αὐτό
3503 901 3560 953 ἂν
3616 902 3876 975 ἀπέστειλα,

2321 994 2411 1042 καὶ
2467 989 2697 1065 ἐξήρκεις
2739 993 2814 1061 (2)
2865 998 3038 1061 σαυτῷ
3089 1009 3144 1043 τε
3199 990 3391 1063 ἀμῦναι
3439 996 3528 1044 καὶ
3581 1001 3640 1065 τῇ
3674 992 3876 1068 ἀληθείᾳ·

2323 1078 2430 1132 ἐπεὶ
2462 1077 2521 1132 δὲ
2569 1081 2594 1132 ὁ
2638 1077 2815 1143 δείξας
2861 1080 3014 1132 πάλιν
3061 1078 3314 1152 ἀφείλετο,
3368 1086 3457 1132 καὶ
3491 1082 3659 1157 ὥσπερ
3701 1103 3747 1138 τι
3780 1091 3885 1160 τρό-

2322 1189 2474 1221 παιον
2526 1170 2645 1223 καθ’
2703 1172 2850 1242 ἡμῶν
2905 1174 3186 1245 περιέφερε,
3237 1170 3596 1224 κεκωλυκότων
3641 1191 3697 1224 το
3727 1172 3773 1236 ἐξ
3813 1173 3888 1247 ἆρ-

2321 1266 2450 1329 χῆς,
2500 1261 2757 1335 ἔγγραφον
2797 1261 2938 1331 ἔχειν
2990 1259 3150 1332 λέγων
3205 1264 3297 1318 τὴν
3349 1258 3610 1322 ἐξουσίαν’
3659 1259 3893 1315 ἐπέστειλα

2321 1354 2409 1398 νῦν
2469 1366 2572 1413 σοι,
2632 1349 2767 1400 ὥστε
2812 1345 2972 1420 διπλῇ
3135 1353 3281 1420 χειρὶ
3330 1350 3473 1420 ἡμᾶς
3511 1349 3666 1402 ἐλθεῖν
3708 1351 3784 1402 ἐπὶ
3817 1355 3890 1403 τὸν

2321 1437 2467 1488 νόθον
2499 1435 2684 1488 ἐκεῖνον
2728 1436 2896 1508 λόγον,
2931 1441 3019 1488 καὶ
3073 1433 3338 1509 μηδεμίαν
3375 1437 3519 1508 αὐτῷ
3566 1438 3719 1510 ἰσχὺν
3755 1459 3895 1492 κατα·

2321 1525 2506 1595 λιπεῖν,
2563 1528 2645 1578 ἵνα
2690 1530 2760 1599 μὴ
2810 1527 2910 1598 ἔχη
2954 1524 3202 1599 βλάπτειν
3251 1523 3456 1602 ῥᾳδίως
3505 1530 3625 1589 τοὺς
3671 1527 3898 1601 ἐντυγχάο

2245 1610 2284 1663 Β
2321 1633 2499 1677 νοντας
2513 1657 2525 1669 .

2391 1726 2444 1776 2.
2479 1728 2688 1797 Πρῶτον
2718 1724 2807 1794 μὲν
2853 1718 2962 1789 οὖν,
3012 1721 3038 1774 ὃ
3091 1726 3338 1794 μέγιστον
3392 1722 3479 1776 ἐπὶ
3537 1731 3635 1775 τῶν
3681 1725 3900 1776 τοιούτων

2321 1808 2456 1874 ἐστὶ,
2487 1813 2544 1863 τὸ
2584 1811 2708 1883 παρ’
2752 1813 2878 1884 ἡμῖν
2919 1811 3105 1878 ἓθος,ὃ
3163 1814 3349 1885 ἔχομεν
3409 1811 3734 1884 προϐάλλειν,
3765 1816 3903 1885 νόμον

2321 1895 2541 1971 δύναμιν
2579 1900 2726 1970 ἔχον,
2771 1893 2865 1950 διὰ
2892 1901 2951 1950 τὸ
2978 1898 3060 1971 ὑφ’
3095 1898 3254 1970 ἁγίων
3285 1896 3499 1975 ἀνδρῶν
3543 1902 3665 1962 τοὺς
3711 1903 3907 1974 θεσμοὺς

2320 1989 2444 2056 ἡμῖν
2509 1984 2898 2061 παραδοθῆναι.
2970 1995 3134 2041 Τοῦτο
3193 1985 3251 2041 δὲ
3315 1994 3564 2042 τοιοῦτον
3632 1989 3783 2042 ἐστιν·
3838 1992 3908 2043 ἐάν

2317 2095 2412 2143 τις,
2443 2077 2598 2129 πάθει
2645 2075 2974 2151 ἀκαθαρσίας
3003 2080 3126 2131 ποτε
3182 2080 3492 2152 κρατηθεὶς,
3553 2077 3754 2152 ἆκπέση
3799 2081 3912 2152 πρὸς

2320 2159 2461 2218 δυεῖν
2503 2159 2735 2238 ἀδελφῶν
2783 2165 3010 2239 ἄθεσμον
3041 2171 3330 2232 κοινωνίαν,
3392 2171 3528 2240 μήτε
3573 2169 3738 2240 γάμον
3782 2169 3913 2238 ἡγεῖ-

2319 2257 2444 2306 σθαι
2469 2262 2649 2306 τοῦτον
2677 2256 2777 2325 (3),
2822 2254 2948 2328 μηθ’
2997 2256 3126 2318 ὅλως
3169 2257 3241 2318 εἰς
3297 2257 3637 2317 Ἐκκλησίας
3683 2257 3918 2329 πλήρωμα

2313 2339 2719 2417 παραδέχεσθαι
2755 2349 3025 2420 πρότερον,
3082 2345 3111 2405 ἢ
3163 2342 3434 2399 διαλῦσαι
3481 2345 3671 2406 αὐτοὺς
3715 2345 3797 2397 ἀπ’
3842 2343 3917 2396 ἀλ-

2313 2429 2500 2489 λήλων.
2532 2430 2694 2485 Ὠστε
2736 2433 2779 2485 εἰ
2827 2439 2916 2486 καὶ
2963 2430 3130 2506 μηδὲν
3184 2435 3351 2510 ἕτερον
3419 2435 3582 2488 εἰπεῖν
3614 2432 3699 2501 ἧν,
3746 2432 3921 2507 ἐξήρκει

2311 2524 2370 2573 τὸ
2417 2523 2527 2583 ἔθος
2575 2527 2706 2596 πρὸς
2741 2527 2835 2581 τὴν
2868 2531 2960 2576 τοῦ
3004 2524 3163 2577 καλοῦ
3194 2525 3266 2594 (4)
3303 2525 3582 2597 φυλακὴν.
3626 2520 3832 2582 Ἐπειδὴ
3872 2519 3922 2575 δὲ

2315 2611 2340 2662 ὁ
2397 2613 2490 2669 τὴν
2558 2609 2832 2670 ἐπιστολὴν
2901 2611 3159 2688 γράψας,
3229 2612 3639 2690 ἐπιχειρήματι
3709 2608 3924 2683 κιϐδήλῳ

2313 2703 2472 2752 κακὸν
2501 2707 2748 2754 τοσοῦτον
2781 2699 3025 2776 ἐπειράθη
3085 2709 3157 2773 τῷ
3211 2701 3314 2775 βίῳ
3378 2703 3691 2776 ἐπαγαγεῖν,
3750 2702 3922 2773 ἁνάγιη

2313 2785 2452 2859 μηδὲ
2480 2790 2621 2860 ἡμᾶς
2661 2797 2755 2852 τῆς
2803 2789 2860 2843 ἐκ
2909 2799 3008 2843 τῶν
3055 2789 3320 2864 λογισμῶν
3388 2790 3654 2866 βοηθείας
3707 2793 3926 2867 ὑφέσθαι·

541 2884 648 2952 est,
676 2882 736 2936 ut
763 2894 874 2935 nec
898 2877 1426 2935 ratiocinationum
1457 2878 1798 2934 subsidium
1831 2878 2197 2947 omittamus,

2313 2883 2486 2930 καίτοι
2514 2899 2574 2951 γε
2616 2877 2699 2932 ἐπὶ
2741 2887 2840 2932 τῶν
2896 2876 3102 2952 σφόδρα
3149 2880 3391 2956 ἐναργῶν
3437 2883 3640 2957 μείζων
3700 2883 3806 2936 ἐστὶ
3849 2887 3925 2934 τοῦ

537 2985 914 3042 quanquam,
945 2967 1006 3024 in
1037 2967 1218 3024 rebus
1263 2967 1440 3023 valde
1483 2967 1851 3040 conspicuis,
1885 2983 2202 3039 argumen-

537 3058 762 3116 tatione
791 3058 989 3131 potior
1017 3061 1109 3113 est
1135 3056 1614 3130 uniuscujusque
1645 3058 1951 3130 praeuotio.

611 3168 664 3220 3.
709 3163 1009 3236 Scriptum
1058 3166 1165 3228 est,
1219 3161 1434 3235 inquit,
1483 3161 1544 3218 in
1591 3162 1883 3219 Levitico:
1947 3163 2200 3220 Uxorem

535 3269 718 3322 super
758 3267 963 3308 sorore
1005 3255 1134 3322 ejus
1183 3267 1303 3308 non
1351 3252 1610 3321 accipies
1649 3253 1948 3317 aemulam,
1991 3251 2072 3308 ad
2108 3267 2200 3308 re-

538 3341 859 3398 velandam
914 3341 1353 3409 turpitudinem
1401 3343 1530 3411 ejus
1577 3357 1762 3410 super
1809 3357 1958 3405 eam,
2000 3341 2201 3398 adhuc

535 3433 768 3489 vivente
807 3446 876 3487 ea
908 3429 1151 3485 ³³.1ι]ἀθ
1196 3430 1377 3499 igitur
1426 3429 1817 3486 manifestum
1875 3447 2005 3486 esse
2058 3429 2200 3496 dicit

532 3525 790 3577 mortuae
821 3535 1092 3576 sororem
1127 3519 1400 3591 accipere
1433 3519 1632 3578 licere.
1665 3519 1754 3576 Ad
1783 3519 1898 3576 hoc
1929 3520 2197 3592 primum

531 3611 782 3684 quidem
826 3609 1049 3679 dicam,
1095 3625 1477 3682 quaecunque
1524 3609 1620 3666 lex
1665 3609 1828 3676 dicit,
1881 3609 1952 3665 iis
1981 3609 2084 3682 qui
2134 3610 2196 3666 in

527 3702 660 3771 lege
701 3704 842 3756 sunt
872 3699 1110 3766 dicere;
1153 3698 1381 3771 alioqui
1423 3698 1507 3754 sic
1553 3702 1610 3754 et
1662 3698 2104 3754 circumcisioni
2141 3701 2197 3754 et

531 3789 800 3845 Sabbato
831 3793 887 3844 et
925 3787 1304 3844 abstinentia:
1337 3786 1615 3843 ciborum
1647 3787 2059 3857 subjiciemur.
2092 3790 2195 3843 Ne-

527 3894 646 3951 que
677 3878 836 3933 enim
877 3878 926 3933 si
966 3877 1115 3949 quid
1157 3877 1543 3932 inveniamus
1582 3877 1933 3948 appositum
1965 3877 2191 3932 nostris

525 3965 962 4038 voluptatibus,
986 3966 1134 4035 jugo
1167 3965 1468 4020 servitutis
1508 3964 1657 4034 legis
1701 3980 1814 4020 nos
1857 3965 1974 4038 ipsi
2007 3965 2192 4036 subji-

526 4054 792 4110 ciemus:
826 4053 873 4108 si
903 4053 1049 4126 quid
1081 4057 1282 4108 autem
1307 4052 1501 4108 visum
1531 4052 1705 4108 fuerit
1733 4069 1913 4124 grave
1936 4054 1997 4109 in
2027 4053 2187 4125 lega-

523 4143 702 4213 libus,
749 4149 890 4199 tunc
933 4143 1011 4199 ad
1053 4142 1409 4211 libertatem,
1447 4143 1623 4214 250
1669 4159 1805 4215 quae
1852 4143 1913 4198 in
1956 4144 2188 4201 Christo

2313 2968 2466 3040 λόγου
2494 2969 2524 3027 ἠ
2557 2967 2680 3040 παρ’
2713 2966 2936 3022 ἑκάστου
2961 2975 3038 3034 (5)
3069 2969 3363 3044 πρόληψις,

2383 3167 2435 3220 3.
2499 3166 2814 3239 Γέγραπται,
2873 3169 3052 3238 φησὶν,
3115 3165 3162 3218 ἐν
3214 3173 3287 3238 τῷ
3355 3175 3658 3241 Λευῖτικῷ·
3719 3172 3929 3220 Γυναῖκα

2312 3251 2408 3306 ἐπ’
2483 3248 2676 3327 ἀδελφῇ
2746 3253 2903 3316 αὐτῆς
2974 3253 3032 3306 οὗ
3098 3253 3239 3328 λήψῃ
3332 3254 3631 3318 ἁντίξηλον
3669 3301 3683 3326 ,
3751 3259 3929 3309 ἀποκα-

2308 3340 2474 3412 λύψαι
2520 3346 2613 3401 τὴν
2662 3341 3051 3416 ἀσχημοσύνην
3083 3343 3242 3405 αὐτῆς
3290 3345 3377 3398 ἐπ’
3429 3346 3600 3421 αὐτῇ,
3650 3349 3727 3400 ἔτι
3769 3347 3929 3407 ζώσης

3332 3254 3631 3318 ἁντίξηλον
3669 3301 3683 3326 ,

2309 3430 2437 3490 αὐτῆ
2452 3452 2491 3494 ς.
2524 3430 2682 3491 Δῆλον
2738 3428 2805 3490 δὴ
2859 3428 2946 3484 οὖν
2982 3432 3036 3484 ἐκ
3067 3451 3249 3484 τουτου
3287 3431 3433 3487 εἶναί
3468 3456 3663 3509 φησιν,
3700 3438 3781 3488 ὃτι
3825 3455 3933 3504 συγ-

2306 3518 2561 3593 χωρεῖται
2615 3519 2891 3594 λαμϐάνειν
2954 3520 3374 3585 τελευτησάσης.
3443 3528 3595 3600 Πρὸς
3665 3520 3734 3584 δή
3799 3531 3928 3577 τοῦτο

2305 3618 2508 3682 πρῶτον
2573 3613 2663 3682 μὲν
2715 3607 2874 3662 ἐκεῖνο
2926 3609 3043 3685 ἐρᾶν
3117 3613 3218 3678 ὅτι,
3289 3615 3402 3666 ὅσοι
3465 3614 3493 3665 ό
3565 3620 3732 3685 νόμος
3796 3613 3930 3685 λέγει,

2303 3707 2413 3759 τοῖς
2439 3699 2485 3751 ἐν
2511 3707 2583 3768 τῷ
2613 3704 2752 3772 νόμῳ
2777 3698 2919 3752 λαλεῖ
2948 3701 3047 3772 (6)·
3097 3699 3206 3754 ἐπεὶ
3237 3702 3388 3754 οὕτω
3427 3723 3493 3775 γε
3535 3709 3632 3756 καὶ
3668 3710 3930 3779 περιτομῇ,

2303 3794 2392 3841 καὶ
2446 3789 2715 3862 Σαϐϐάτῳ,
2765 3795 2853 3842 καὶ
2909 3789 3087 3864 ἀποχῇ
3151 3791 3468 3866 βρωμάτων
3532 3797 3938 3867 ὑποκεισὸμεθα.

2303 3878 2378 3930 Οὐ
2407 3881 2510 3952 γὰρ
2538 3875 2629 3949 δὴ,
2665 3879 2750 3932 ἐὰν
2779 3883 2870 3952 μὲν
2900 3900 2952 3932 τι
2996 3881 3220 3954 εὕρωμεν
3274 3889 3600 3959 συντρέχον
3651 3888 3800 3958 ἡμῶν
3837 3891 3940 3941 ταῖς

2301 3965 2533 4035 ἡδοναῖς,
2584 3977 2656 4040 τῷ
2713 3973 2852 4041 ζυγῷ
2898 3977 2990 4032 τῆς
3051 3965 3294 4034 δουλείας
3350 3981 3457 4025 τοῦ
3516 3979 3690 4049 νόμου
3745 3975 3942 4033 ἑαυτοὺς

2300 4058 2653 4130 ὑποθήσομεν·
2711 4057 2793 4111 ἐὰν
2851 4055 2910 4112 δέ
2969 4079 3019 4112 τι
3086 4067 3216 4133 φανῇ
3285 4059 3448 4137 βαρὺ
3520 4073 3631 4116 τῶν
3698 4069 3937 4136 νομίμων,

2298 4151 2414 4199 τότε
2469 4151 2600 4221 πρὸς
2660 4152 2754 4205 τὴν
2821 4151 2871 4200 ἐν
2934 4150 3148 4223 Χριστῷ
3207 4149 3530 4225 ἐλευθερίαν
3608 4151 3941 4229 ἁπόδραμού·

525 4239 633 4299 est,
668 4233 1106 4303 confligiemus.
1150 4232 1503 4301 Interrogati
1536 4211 1747 4286 sumus
1777 4247 1856 4288 au
1895 4232 2186 4304 scriptum

2311 4239 2470 4291 1390c.
2509 4211 2906 4309 "llpmrwnpsv
2974 4211 3072 4308 (7)
3120 4211 3181 4290 ἐἰ
3263 4211 3598 4315 γέγραπται
3674 4211 3939 4316 λαμϐάνειν

523 4322 617 4390 sit,
660 4327 725 4380 ut
762 4322 1092 4395 accipiatur
1133 4335 1288 4376 uxor
1329 4325 1469 4393 post
1511 4319 1704 4393 ipsius
1752 4336 2043 4378 sororem.
2090 4323 2186 4379 Di-

593 4485 641 4519 ³³
680 4483 838 4541 Levit
861 4499 1013 4552 xvm,
1048 4482 1133 4538 18.

590 4629 704 4698 (99)
744 4628 916 4698 Αὐτῷ.
951 4627 1042 4683 Sic
1067 4629 1186 4681 tres
1217 4625 1606 4682 vetustissimi
1637 4626 1876 4684 codices
1905 4632 1963 4684 et
1995 4629 2170 4687 Coisl.

519 4699 839 4754 secundus.
874 4698 1022 4753 Euiti
1052 4698 1224 4752 αὐτὸν,
1251 4702 1424 4753 Deest
1444 4713 1515 4752 ea
1539 4714 1654 4753 vox
1678 4699 1738 4752 in
1761 4699 1967 4754 codice
1996 4701 2168 4757 Coisl.

515 4772 619 4842 qui
660 4771 878 4825 saeculo
915 4785 1076 4842 nono
1120 4773 1414 4834 exara’us,
1460 4773 1639 4840 atque
1670 4771 1826 4842 hanc
1857 4771 2174 4842 epistolam

516 4840 654 4896 cum
685 4842 815 4897 aliis
852 4840 1228 4911 synodorum
1257 4845 1315 4896 et
1340 4846 1692 4896 sanctorum
1719 4840 1960 4898 Patrum
1994 4859 2175 4900 cano-

512 4913 692 4968 nibus
714 4911 1146 4984 complectitur.

584 4985 662 5055 τι)
704 4981 949 5037 Γ;νναῖω<
989 4981 1138 5056 Editi
1185 4981 1418 5056 addunt
1473 4983 1636 5054 αὐτῷ,
1683 4984 1852 5056 quod
1900 4983 2068 5041 deest
2106 4985 2167 5041 in

512 5053 704 5111 treus
734 5053 1158 5110 vetustissimis
1189 5053 1521 5109 codicibus.

584 5129 658 5197 (9.)
701 5125 980 5201 ’EE.§px£;g.
1016 5125 1107 5181 Sic
1138 5140 1281 5179 mss.
1309 5140 1550 5180 novem.
1583 5125 1733 5180 Editi
1757 5124 1981 5198 ἐξήρκει.

582 5200 657 5268 (3)
694 5197 908 5252 Teo-So).
938 5201 1180 5269 [taceto
1220 5210 1364 5249 mss.
1405 5211 1667 5268 quorum
1697 5211 1960 5269 quatuor
1984 5197 2162 5268 longe

506 5266 923 5326 vetustissimi.
965 5266 1108 5321 Ῐηῖιῖἱίί
1141 5273 1315 5319 τοῦτο.

577 5342 654 5411 (4;
697 5340 885 5394 Kuh-3.
923 5341 1014 5395 Sic
1045 5336 1281 5411 editi__et_
1317 5335 1742 5411 codicesiiarl.
1785 5343 1842 5394 et
1870 5339 2016 5395 Med.
2063 5342 2160 5396 Le-

508 5405 665 5482 gitur
703 5411 761 5465 in
802 5411 991 5482 tribus
1040 5405 1423 5482 tioislinianis
1472 5406 1785 5482 codicibus
1811 5415 1866 5466 et
1892 5416 2158 5482 quatuor

507 5480 637 5554 aliis
677 5490 859 5554 rutro“,
893 5481 984 5554 ad‘
1011 5481 1236 5554 malum
1278 5478 1626 5554 cavendum.
1676 5481 1812 5536 Utra
1859 5478 2155 5554 scriptura

505 5551 700 5620 potior
724 5548 914 5610 videri
950 5551 1186 5622 debeat,
1228 5564 1340 5606 nec
1375 5548 1547 5608 facile
1587 5557 1676 5610 est
1719 5548 1999 5625 statuere;
2038 5570 2153 5612 nec

2295 4331 2518 4397 γυναῖκα
2582 4324 2656 4378 ἐπ’
2725 4323 2954 4401 ἀδελφῇ.
3010 4329 3261 4400 Εἴπομεν,
3335 4331 3478 4407 ὅπερ
3539 4331 3784 4408 ἀσφαλες
3829 4333 3938 4404 ἡμῖν

2290 4627 2491 4710 magni
2525 4628 2834 4710 momenti.
2868 4628 3182 4710 Yulg‘atain
3212 4631 3504 4692 retinere
3533 4637 3737 4694 malui
3763 4650 3936 4710 quam

2288 4699 2614 4779 conﬁrmat
2645 4700 2959 4768 Gregorius
3007 4701 3438 4779 Nazianzenus
3483 4713 3655 4765 orat.
3688 4699 3855 4776 xxiii,
3885 4723 3938 4779 p.

2285 4770 2552 4848 HQ,_ubi_
2575 4773 2866 4848 Heronem
2895 4787 3272 4848 caueiuesse
3299 4775 3491 4848 dicit,
3519 4798 3652 4836 non
3689 4770 3941 4845 latratu,

2282 4842 2385 4896 sed
2415 4841 2552 4897 boni
2577 4843 2966 4914 custodz’aLet
3000 4844 3242 4914 vigiliis,
3270 4864 3407 4914 pro
3445 4841 3827 4908 cim'marum
3858 4841 3942 4906 εαέ

2285 4915 2408 5000 lute
2436 4915 2743 5000 susceptis.
2780 4909 2931 5000 plicis
2963 4909 3076 4971 τῆν’
3100 4909 3330 5000 eam
3373 4917 3523 5000 Eme.
3572 4928 3678 4983 τὴν
3714 4925 3941 5000 φυλακήν

2279 4992 2369 5037 τοῦ
2400 4983 2578 5051 καλοῦ,
2611 4990 2700 5036 καὶ
2739 4989 2795 5037 τὸ
2823 4985 2949 5040 ὑπὲρ
2979 4994 3078 5036 τῶν
3104 4985 3304 5057 ψυχῶν
3353 4992 3689 5063 ἄγρυπνον⁹

2347 5058 2425 5122 (5)
2460 5048 2851 5128 marituma.
2887 5048 3153 5128 Quatuor
3177 5048 3339 5115 mss.
3381 5048 3792 5123 recentiores
3824 5063 3939 5128 παρ’

2277 5126 2496 5198 ἐκάοτῳ.
2541 5123 2641 5182 ’8ἰο
2693 5127 2871 5198 etiam
2922 5126 3102 5183 habet
3131 5131 3589 5194 vetustissima
3628 5123 3941 5196 canonum

2273 5197 2541 5253 collectio
2568 5197 2946 5254 Coisliniaua.

2337 5268 3287 5354 (19‘)ululat.Qauatuor‘codices‘uon
3304 5275 3936 5354 antiquissimiléysz.

2340 5340 2410 5422 (.7)
2443 5341 2836 5422 ’Πρωτηθημενε
2879 5343 3006 5395 Non
3039 5340 3190 5422 male
3233 5340 3680 5422 unusiéodex
3721 5340 3938 5422 Regius

2267 5411 2553 5486 ἠρώτησεν,
2597 5416 2652 5466 et
2699 5411 2880 5484 paulo
2926 5417 3062 5486 post
3098 5415 3364 5486 εἰσίωμεν,
3421 5411 3937 5486 interrogauit...

2264 5465 2554 5611 ἅίσαὴιὲεξ
2597 5465 2716 5539 etc:
2747 5465 3063 5540 consentit
3095 5483 3154 5539 in
3184 5465 3937 5556 secuhda-2;oe’e'

2265 5569 2451 5610 secuu
2505 5569 2593 5610 us.

2265 5569 2593 5610 secundus.
