4092 6210
228 310 337 366 625

1252 302 1737 364 EPISTOLARUM
1775 297 2059 360 CLASSIS
2097 301 2165 358 II.
2205 303 2417 363 EPIST.
2458 307 2605 363 CLX.
3480 312 3601 367 626

227 438 323 486 καὶ
366 433 571 499 ἀληθὲς,
603 432 683 483 ὅτι
713 430 771 483 ού
798 434 1113 504 γέγραπται.
1169 435 1237 485 Τὸ
1297 429 1346 485 δ’
1379 431 1434 484 ἐκ
1463 439 1559 493 τῆς
1596 437 1686 483 τοῦ
1717 428 1836 482 ἀκο-

1958 425 2171 496 cimus,
2199 430 2363 502 quod
2396 435 2589 488 tutum
2620 431 2795 488 nobis
2826 435 2913 490 est
2941 436 2998 491 et
3028 449 3259 506 verum,
3298 433 3414 491 hoc
3472 432 3613 490 scri-

226 523 423 575 λούθου
484 520 752 595 ἐπιφορᾶς,
806 525 860 573 τὸ
914 524 1174 580 σιωπηθεν
1236 521 1638 593 συλλογίζεσθαι
1694 538 1845 591 νομο-

227 615 497 672 θετούντός
536 610 697 677 ἐστιν,
740 610 799 662 ού
838 614 903 662 τὰ
939 620 1030 664 τού
1062 616 1219 683 νόμου
1245 611 1473 683 λέγοντος
1502 625 1516 640 ·
1553 610 1659 662 ἐπεὶ
1710 609 1844 661 οὕτω

223 721 288 773 γε
348 701 555 764 ἐξέσται
638 708 710 770 τῷ
782 699 1077 772 βουλομένῳ
1138 700 1537 773 κατατολμῆσαι
1602 703 1692 751 καὶ
1771 701 1844 749 ἔτι

225 791 417 852 ζώσης
455 800 547 851 τῆς
579 792 829 861 γυναικὸς
858 789 1134 862 λαμϐάνειν
1188 795 1281 847 την
1322 788 1569 861 ἀδελφήν,
1616 791 1685 840 Τὸ
1742 789 1842 858 γὰρ

222 880 364 931 αὐτὸ
415 888 563 932 τοῦτο
628 884 869 951 σόφισμα
920 884 1009 931 καὶ
1075 878 1153 932 ἐπ’
1219 878 1409 932 ἐκείνου
1451 878 1689 950 ἁρμόζει.
1751 880 1842 927 Γέ-

212 989 461 1043 γραπται
511 966 636 1041 γάρ,
694 973 875 1039 φησὶν.
927 968 1001 1020 Ou’
1076 968 1217 1042 λήψῃ
1282 967 1575 1037 ἀντίζηλον,
1634 970 1702 1028 ὡς
1748 970 1842 1023 τήν

212 1078 279 1130 γε
334 1059 435 1121 ἔξω
488 1066 579 1109 τού
621 1057 782 1118 ζῆλον
813 1056 984 1109 λαϐεῖν
1040 1058 1134 1110 ούκ
1191 1057 1462 1110 ἐκώλυσεν.
1505 1057 1562 1108 Ὀ
1613 1052 1679 1113 δὴ
1726 1075 1844 1107 συν-

214 1155 428 1219 ηγορῶν
493 1156 564 1217 τῷ
638 1148 794 1199 πάθει
869 1144 1198 1207 ἀζηλότυπον
1260 1146 1389 1199 εἶναι
1449 1144 1727 1220 διοριεῖται
1783 1148 1841 1195 τὸ

219 1234 355 1298 ἦθος
413 1245 514 1287 τῶν
565 1232 818 1308 ἀδελφῶν.
890 1237 1245 1310 ’Λνηρημένης
1321 1234 1407 1289 οὖν
1482 1245 1572 1296 τῆς
1648 1235 1837 1296 αἰτίας,

212 1322 290 1378 δι’
336 1326 400 1383 ἢν
424 1324 756 1401 ἀπηγόρευσε
811 1330 903 1384 τὴν
956 1325 1254 1400 ἀμφοτέρων
1309 1331 1633 1391 συνοίκησιν,
1694 1328 1841 1376 τίτό

211 1415 418 1467 κωλύον
478 1417 629 1467 ἔσται
683 1416 755 1485 (8)
808 1414 1085 1487 λαμϐάνειν
1136 1418 1228 1477 τὰς
1287 1413 1554 1487 ἀδελφάς
1606 1413 1741 1468 Ἀλλ’
1782 1412 1839 1465 ού

211 1508 524 1577 ἹέἹΡσπται
574 1512 764 1572 ταῦτα,
841 1510 1091 1577 φήσομεν.
1136 1505 1269 1558 Ἀλλ’
1324 1502 1449 1557 ούδε
1496 1504 1662 1556 ἐκεῖνα
1722 1505 1840 1577 ὥρι-

215 1614 367 1649 σται.
408 1594 469 1647 Ἰἰ
529 1590 588 1646 δε
645 1596 812 1646 ἔννοια
866 1602 958 1646 τοῦ
1035 1593 1319 1648 ἀκολούθου
1375 1596 1560 1666 ὁμοίως
1607 1592 1835 1665 ἀμφοτέ-

212 1702 339 1754 ραις
366 1688 437 1747 (9)
465 1687 559 1741 τὴν
582 1679 765 1735 ἄδειαν
814 1680 1061 1736 δίδωσιν.
1089 1680 1237 1737 Ἔδει
1278 1680 1356 1751 δὲ,
1385 1689 1474 1735 καὶ
1507 1686 1691 1757 μικρὸν
1722 1682 1835 1752 (10)

217 1773 311 1826 ἐπὶ
385 1776 455 1825 τὰ
526 1778 745 1825 κατόπιν
830 1782 921 1833 τῆς
994 1775 1299 1845 νομοθεσίας
1382 1768 1834 1845 ἐπαναδραμυντετ,

218 1862 573 1933 ἀπηλλάχθαι
648 1863 989 1933 πραγμάτων.
1034 1861 1203 1916 "Eous
1276 1864 1375 1935 γὰρ
1436 1862 1495 1915 ού
1560 1868 1660 1913 πᾶν
1707 1857 1841 1923 εἶδος

222 1951 624 2025 ἁμαρτημάτων
716 1950 1114 2023 περιλαμϐάνειν
1192 1953 1218 2003 ό
1293 1953 1577 2024 νομοθέτης
1617 1967 1629 1980 ⁶
1733 1948 1838 2001 ἀλλ’

226 2037 379 2103 ἰδίως
436 2039 774 2113 ἀπαγορεύειν
830 2042 895 2092 τὰ
940 2048 1039 2093 τῶν
1081 2041 1405 2112 Αἰγυπτίων,
1469 2042 1580 2093 ὅθεν
1648 2038 1841 2113 ἀπῆρεν

222 2132 250 2182 ό
298 2128 542 2204 Ἰσραὴλ,
587 2133 677 2181 καὶ
728 2130 796 2182 τὰ
842 2149 943 2181 των
999 2134 1325 2198 Χαναναίων,
1385 2133 1515 2202 πρὸς
1577 2128 1666 2190 ούς
1721 2130 1840 2201 μεθ-

223 2223 463 2272 ίσταται.
499 2217 651 2289 Ἐχει
701 2220 804 2291 γὰρ
856 2218 1016 2279 οὕτως
1073 2221 1102 2278 ἠ
1136 2217 1265 2282 λέξις
1298 2233 1313 2248 ⁹
1361 2219 1506 2271 Κατά
1549 2220 1615 2269 τὰ
1660 2215 1837 2274 ἐπιτη-

221 2306 475 2381 δεύματα
547 2316 639 2367 τῆς
715 2307 1005 2378 Αἰγύπτου,
1084 2306 1133 2359 ἐν
1336 2312 1687 2381 παρῳκήσατε
1760 2305 1837 2359 ἐπ’

217 2398 411 2463 αὐτῆς,
474 2397 535 2449 ού
601 2402 849 2455 ποιήσετε
882 2414 897 2429 ο
964 2403 1055 2451 καὶ
1115 2400 1252 2449 κατά
1314 2400 1381 2449 τὰ
1444 2392 1840 2468 ἐπιτηδεύματα

216 2496 321 2559 γῆς
398 2488 630 2550 Χαναάν,
710 2486 782 2547 εἰς
854 2486 915 2544 ἣν
964 2485 1062 2558 ἐγὼ
1123 2486 1314 2549 εἰσάξω
1390 2487 1521 2557 ὑμᾶς
1579 2484 1702 2554 ἐκεῖ,
1778 2484 1836 2536 ού

219 2583 493 2647 ποιήσετε,
571 2581 662 2629 καὶ
737 2575 786 2628 ἐν
859 2584 969 2639 τοῖς
1038 2596 1277 2649 νομιμοις
1351 2576 1461 2647 (11)
1538 2575 1703 2627 αὐτῶν
1779 2574 1836 2626 ού

219 2668 567 2740 πορεύσεσθε.
612 2664 773 2718 Ὥστε
847 2674 1000 2718 τοῦτο
1077 2665 1207 2726 εἰκός
1270 2684 1371 2718 που
1420 2664 1533 2735 (12)
1593 2667 1649 2717 τὸ
1702 2659 1837 2723 εἶδος

220 2766 316 2816 τῆς
381 2754 642 2829 ἁμαρτίας
695 2760 766 2827 μὴ
824 2754 1261 2827 ἐμπολιτεύεσθαι
1334 2758 1449 2806 τό.·ε
1524 2755 1670 2827 παρά
1725 2759 1835 2813 τοῖς

223 2848 398 2898 ἔθνεσι
426 2861 444 2879 ο
506 2841 591 2897 διὸ
632 2841 773 2917 μηδὲ
816 2852 913 2905 τῆς
960 2842 1036 2897 ἐπ’
1094 2844 1234 2914 αὐτῷ
1294 2843 1525 2915 φυλακῆς
1568 2838 1833 2915 προσδεη-

227 2937 383 2993 θῆναι
428 2937 515 2986 τὸν
570 2935 877 3006 νομοθέτην,
921 2932 1026 2984 ἀλλ’
1072 2931 1390 3007 ἀρκεσθῆναι
1431 2934 1501 3003 τῷ
1559 2927 1833 3003 ἀδιδάκτῳ

223 3026 332 3076 ἔθει
404 3026 529 3098 πρὸς
583 3028 676 3081 την
736 3028 829 3075 τοῦ
881 3024 1082 3095 μύσους
1131 3018 1403 3080 διαϐολήν.
1449 3028 1558 3081 Πῶς
1610 3016 1718 3087 οὖν,
1774 3022 1831 3071 τὸ

1957 522 2129 588 ptum
2160 534 2282 575 non
2309 537 2460 576 esse.
2498 521 2671 587 Quod
2720 527 2920 578 autem
2970 523 3202 581 silentio
3255 524 3611 597 praetermis-

1958 623 2091 661 sum
2134 614 2241 673 est,
2272 609 2333 664 id
2364 626 2470 682 per
2495 612 2934 667 consecutionis
2955 613 3280 670 illationem
3310 614 3606 685 colligere,

1954 694 2312 764 legislatoris
2342 704 2582 769 est,non
2603 700 2797 771 legem
2824 704 3463 775 rec1tantis;siquidem
3492 704 3609 759 hoc

1956 792 2131 857 pacto
2154 787 2352 845 licebit
2383 790 2602 846 volenti
2632 790 2863 846 facinus
2899 792 3165 861 aggredi,
3199 794 3381 849 etiam
3410 792 3609 850 adhuc

1954 876 2207 933 viventis
2268 880 2472 935 uxoris
2520 881 2791 953 accipere
2858 896 3146 936 sororem.
3207 885 3356 938 Nam
3406 883 3610 953 ipsum

1952 966 2103 1022 illud
2132 970 2445 1041 sophisma
2475 970 2655 1025 etiam
2704 969 2783 1026 ad
2809 984 2945 1025 eam
2966 985 3094 1025 rem
3123 970 3472 1043 appositum
3502 976 3610 1028 est.

1957 1057 2254 1129 Scriptum
2324 1063 2430 1127 est,
2491 1058 2706 1131 inquit,
2770 1060 2895 1114 Non
2958 1060 3214 1127 accipies
3276 1060 3609 1115 aemulam:

1953 1146 2206 1216 proinde
2248 1148 2437 1219 accipi
2470 1164 2605 1203 ραω
2632 1152 2797 1204 extra
2845 1147 3294 1203 aemulationem
3320 1162 3443 1204 non
3472 1162 3611 1219 pro-

1952 1234 2164 1291 hibuit.
2222 1236 2331 1302 Qui
2370 1241 2572 1293 autem
2620 1236 2855 1292 libidini
2885 1236 3382 1309 patrocinabitur,
3431 1252 3614 1293 temu-

1952 1323 2192 1380 lationis
2218 1330 2523 1397 expertem
2553 1341 2685 1381 esse
2732 1324 3062 1381 atiirmabit
3108 1325 3378 1380 indolem
3437 1341 3613 1381 soro-

1954 1430 2111 1470 rum.
2143 1416 2334 1481 Quare
2391 1414 2627 1471 sublata
2679 1429 2884 1482 causa,
2917 1413 2997 1469 ob
3044 1429 3233 1485 quam
3287 1414 3610 1472 ambarum

1955 1503 2330 1559 connubium
2386 1504 2713 1575 prohibuit,
2764 1503 2912 1575 quid
2964 1503 3257 1574 impediet
3287 1504 3615 1574 quominus

1959 1607 2193 1647 sorores
2257 1591 2631 1663 accipiantur
2654 1592 2681 1647 ?
2732 1591 2847 1646 Sed
2872 1590 3001 1646 haec
3029 1590 3250 1662 scripta
3297 1605 3424 1646 non
3453 1595 3612 1660 sunt,

1959 1680 2209 1737 aiemus.
2250 1680 2365 1736 Sed
2420 1696 2616 1751 neque
2675 1679 2776 1735 illa
2823 1683 3046 1736 statuta
3104 1683 3263 1734 sunt.
3313 1678 3612 1735 Consecu-

1888 1782 1928 1837 Β
1959 1768 2134 1825 tionis
2175 1773 2377 1825 autem
2408 1768 2797 1837 intelligentia
2824 1768 3046 1839 pariter
3083 1767 3385 1823 ambabus
3429 1767 3609 1824 licen-

1956 1860 2100 1915 tiam
2157 1858 2381 1916 tribuit.
2440 1861 2656 1914 Verum
2705 1857 3023 1929 oportebat
3074 1857 3382 1930 paulisper
3424 1858 3501 1914 ad
3539 1874 3611 1915 ea

1954 1964 2090 2019 quae
2142 1946 2337 2015 legem
2406 1945 2754 2018 praecedunt
2816 1945 3203 2012 recurrendo,
3262 1944 3608 2001 ditﬁcultate

1950 2036 2211 2092 liberari.
2264 2036 2505 2091 Videtur
2531 2035 2693 2091 enim
2719 2050 2844 2091 non
2874 2051 3055 2091 omne
3089 2039 3475 2107 peccatorum
3505 2050 3607 2103 ge-

1949 2142 2066 2182 nus
2114 2125 2627 2198 comprehendere
2665 2124 3016 2195 legislator:
3076 2124 3183 2180 sed
3230 2124 3608 2196 peculiariter

1946 2215 2360 2288 Egyptiorum
2408 2212 2571 2270 unde
2628 2214 2810 2270 Israel
2866 2214 3108 2281 exierat,
3142 2217 3198 2269 et
3242 2213 3608 2271 Chananaao-

1946 2320 2081 2361 rum
2112 2304 2191 2360 ad
2237 2320 2393 2376 quos
2449 2302 2938 2372 transferebatur,
2987 2319 3187 2359 mores
3232 2302 3605 2360 interdicere.

1950 2395 2041 2452 Sic
2071 2394 2232 2450 enim
2276 2394 2457 2450 habet
2486 2393 2565 2449 ad
2612 2393 2907 2449 verbum:
2940 2392 3276 2449 Secundum
3326 2393 3606 2449 instituta

1949 2490 2125 2541 terra?
2172 2485 2460 2554 Egypti,
2504 2485 2567 2539 in
2602 2498 2724 2553 qua
2783 2483 3099 2539 habitastis
3130 2484 3192 2537 in
3236 2497 3326 2549 ea,
3357 2499 3478 2539 non
3510 2484 3607 2553 fa-

1948 2574 2108 2629 cietis
2140 2592 2152 2626 :
2182 2579 2235 2629 et
2262 2572 2589 2628 secundum
2621 2573 2902 2627 instituta
2955 2578 3129 2627 terra?
3174 2571 3487 2639 Chanaan,
3541 2574 3605 2627 in

1946 2677 2125 2733 quam
2157 2677 2261 2732 ego
2313 2662 2598 2718 inducam
2628 2677 2727 2717 vos
2775 2662 2947 2728 illuc,
2976 2677 3095 2717 non
3124 2662 3387 2731 facietis,
3418 2677 3604 2732 neque

1945 2752 2009 2807 in
2044 2752 2320 2821 legitimis
2374 2766 2579 2807 eorum
2628 2750 3014 2807 ambulabitis
3042 2751 3111 2803 ³⁵.
3147 2750 3477 2806 Verisimile
3515 2756 3604 2807 est

1944 2840 2059 2897 hoc
2089 2841 2318 2912 peccati
2348 2855 2542 2909 genus
2576 2844 2719 2895 tunc
2742 2840 2893 2894 inter
2924 2843 3130 2908 gentes
3162 2854 3285 2895 non
3316 2838 3597 2907 viguisse.

1944 2930 2318 3002 Quapropter
2346 2945 2504 3001 opus
2536 2944 2657 2985 non
2687 2929 2796 2984 fuit
2824 2928 3173 2999 legislatori,
3208 2932 3273 2983 ut
3300 2927 3447 2982 illud
3501 2944 3598 2983 ca-

1940 3018 2207 3076 vendum
2238 3023 2503 3075 curaret:
2530 3019 2633 3074 sed
2658 3018 2803 3074 satis
2841 3018 2894 3073 ei
2925 3017 3033 3072 fuit
3060 3034 3194 3072 mos
3233 3032 3355 3073 non
3386 3016 3599 3072 doctus

222 3115 404 3186 μεῐζον
479 3112 863 3185 ἀπαγορεύσας,
928 3115 984 3163 τὸ
1037 3111 1244 3163 θιαττον
1315 3109 1651 3178 ἐσιώπησεν;
1712 3107 1832 3161 Ὀτι

1948 3108 2022 3165 ad
2070 3108 2306 3164 sceleris
2342 3108 2895 3180 reprehensionem.
2922 3106 3242 3172 Quomodo
3263 3106 3443 3175 igitur
3468 3122 3598 3162 ma-

221 3201 400 3256 ἐδόκει
450 3202 663 3262 πολλοὺς
704 3211 803 3253 τῶν
851 3202 1198 3275 φιλοσάρκων,
1246 3205 1376 3276 πρὸς
1406 3204 1463 3253 τὸ
1512 3204 1584 3252 ἔτι
1640 3200 1832 3260 ζώσαις

222 3290 469 3363 ἀδελφαῖς
544 3298 821 3362 συνοικεῖν,
900 3294 959 3343 τὸ
1037 3287 1337 3363 ὑπόδειγμα
1422 3288 1666 3362 βλάπτειν
1740 3296 1831 3340 τοῦ

218 3382 581 3457 πατριάρχου.
624 3380 790 3452 Ἡμᾶς
850 3377 909 3433 δὲ
968 3384 1017 3432 τί
1055 3384 1165 3452 χρὴ
1220 3387 1423 3447 ποιεῖν;
1481 3381 1559 3431 Τὰ
1605 3397 1832 3451 γεγραμ-

220 3476 356 3545 μένα
426 3470 609 3541 λέγειν,
670 3472 699 3529 ἦ
762 3473 826 3522 τὰ
869 3472 1201 3528 σιωπηθέντα
1273 3468 1825 3543 προσεξεργάζεσθαις

223 3560 433 3613 Αὐτίκα
493 3563 549 3612 τό
604 3564 670 3631 μὴ
736 3556 845 3612 δεῖν
893 3567 992 3632 μιᾶ
1043 3560 1226 3634 ἑταίρα
1278 3560 1579 3633 κεχρῆσθαι
1637 3562 1833 3631 πατέρα

222 3653 325 3701 καὶ
365 3652 474 3700 υιόν
521 3646 568 3699 ἐν
621 3652 707 3719 μὲν
762 3657 871 3711 τοῖς
926 3653 1104 3721 νόμοις
1162 3652 1370 3710 τούτοις
1409 3648 1467 3700 ού
1518 3651 1830 3720 γέγραπται,

224 3739 378 3809 παρά
420 3734 478 3790 δὲ
511 3745 580 3807 τῷ
610 3743 856 3810 Προφήτη
918 3743 1175 3810 μεγίστης
1222 3741 1538 3812 κατηγορίας
1588 3736 1828 3798 ἠξίωται.

220 3829 347 3889 Υἱὸς
401 3829 522 3902 γὰρ,
579 3833 735 3899 φησὶ,
782 3832 873 3880 καὶ
933 3833 1102 3902 πατὴρ
1168 3830 1294 3901 πρὸς
1354 3830 1448 3885 τὴν
1496 3825 1657 3884 αὐτὴν
1714 3840 1832 3878 παι’

222 3913 421 3973 δίσκην
453 3916 859 3990 εἰσεπορεύοντο.
916 3921 1066 3969 Πόσα
1118 3913 1176 3970 δὲ
1224 3913 1339 3974 εῖδη
1400 3914 1529 3967 ἄλλα
1574 3924 1673 3967 τῶν
1703 3913 1829 3967 ἀκα-

223 4008 427 4079 θάρτων
478 4007 657 4059 παθῶν
731 4009 790 4058 τό
835 4008 925 4078 μεν
972 4014 1071 4058 τῶν
1139 4002 1399 4079 δαιμόνων
1458 4002 1829 4057 διδασκαλεῖον

221 4094 513 4167 ἐξεῦρεν,η
570 4092 629 4147 δὲ
690 4096 801 4147 θεία
866 4098 1039 4170 Γραφή
1120 4093 1477 4162 ἀπεσιώπησε,
1544 4097 1602 4145 τὸ
1646 4098 1828 4166 σεμνὸν

219 4184 417 4247 ἑαυτῆς
467 4192 585 4245 ταῖς
620 4193 719 4237 τῶν
780 4185 1022 4257 αἰσχρῶν
1053 4184 1358 4256 ὀνομασίαις
1398 4183 1829 4259 καταρρυπαίνειν

222 4275 332 4345 οὐχ
379 4277 693 4347 αἱρουμένη,
746 4272 875 4326 ἀλλά
927 4280 1152 4345 γενικοῖς
1200 4274 1420 4345 ὀνόμασι
1476 4276 1564 4334 τὰς
1602 4272 1829 4348 ἀκαθαρ-

221 4370 343 4423 σίας
401 4360 681 4416 διέϐαλενῐ
734 4362 820 4426 Ὠς
867 4369 957 4416 καὶ
1034 4362 1321 4426 ἀπόστολος
1396 4363 1593 4425 Παῦλος
1650 4384 1780 4436 φησι
1812 4380 1825 4392 ’

1936 3198 2067 3269 jore
2125 3197 2326 3264 vetito,
2375 3198 2578 3253 minus
2636 3196 3068 3270 praetermisit?
3098 3196 3245 3256 Quia
3281 3194 3598 3251 videbatur

1940 3286 2145 3343 multis
2178 3287 2343 3342 carni
2367 3286 2839 3357 indulgentibus,
2882 3291 2946 3342 ut
2975 3302 3114 3341 cum
3147 3284 3455 3342 sororibus
3484 3285 3596 3341 ad-

1939 3376 2061 3432 huc
2116 3376 2454 3433 viventibus
2506 3376 2867 3444 habitarent,
2917 3376 3169 3432 noxium
3216 3391 3344 3432 esse
3395 3392 3595 3432 exem-

1941 3466 2111 3539 plum
2139 3466 2517 3538 patriarchae.
2546 3469 2661 3521 Nos
2694 3473 2896 3523 autem
2926 3466 3073 3538 quid
3102 3465 3297 3522 facere
3327 3466 3597 3538 oportet?

1944 3557 2087 3621 Quae
2119 3556 2340 3628 scripta
2372 3560 2511 3612 sunt
2540 3556 2758 3623 dicere,
2805 3572 2881 3612 an
2922 3555 3325 3628 praetermissa
3350 3570 3595 3611 accura-

1942 3646 2059 3701 tius
2115 3646 2417 3701 scrutari?
2488 3645 2778 3713 Protinus,
2828 3662 2952 3701 non
3010 3650 3282 3717 oportere
3335 3644 3418 3699 uti
3472 3658 3596 3699 una

1942 3735 2149 3807 pellice
2190 3740 2419 3808 patrem
2451 3740 2507 3791 et
2542 3734 2753 3805 ﬁlium,
2785 3736 2844 3789 in
2892 3735 2987 3790 his
3045 3734 3279 3803 legibus
3306 3734 3594 3801 scriptum

1941 3835 2201 3891 nonest,
2236 3825 2341 3880 sed
2395 3825 2560 3897 apud
2613 3824 2979 3897 Prophetam
3038 3822 3271 3878 crimini
3328 3822 3594 3878 maximo

1938 3914 2135 3981 datur,
2167 3915 2359 3969 Filius
2385 3916 2562 3985 enim,
2615 3914 2827 3986 inquit,
2872 3919 2926 3969 et
2973 3918 3146 3982 pater
3192 3912 3273 3968 ad
3330 3912 3592 3967 eamdem

1937 4004 2205 4073 puellam
2236 4004 2733 4074 ingrediebantur
2755 4004 2822 4059 ³³.
2858 4004 3013 4067 Quot
3033 4006 3235 4057 autem
3276 4000 3394 4057 alia
3432 4000 3594 4072 cupi-

1936 4093 2193 4149 ditatum
2248 4092 2635 4165 impurarum
2666 4107 2889 4162 genera
2946 4092 3299 4147 daemonum
3346 4090 3595 4163 quidem

1936 4182 2207 4239 doctrina
2232 4182 2612 4251 excogitavit,
2646 4182 2829 4238 tacuit
2857 4197 3005 4237 vero
3029 4181 3236 4237 divina
3269 4181 3592 4253 Scriptura,

1934 4270 2311 4327 honestatem
2338 4287 2509 4326 suam
2552 4286 2752 4326 rerum
2775 4272 3042 4343 turpium
3088 4269 3592 4341 appellationibus

1937 4360 2161 4417 foedare
2196 4359 2543 4426 nolens,sed
2576 4360 2907 4431 generatim
2956 4359 3333 4430 impuritates
3366 4359 3593 4430 vitupe-

222 4460 449 4526 Πορνεία
499 4450 558 4505 δὲ
615 4457 705 4504 καὶ
748 4452 1049 4528 ἀκαθαρσία
1104 4460 1251 4505 πᾶσα
1295 4449 1434 4526 μηδὲ
1496 4453 1829 4525 ὀνομαζέσθω

1948 4449 2126 4505 ravit!
2163 4450 2254 4504 Sic
2290 4455 2349 4505 ut
2398 4454 2453 4504 et
2482 4449 2806 4521 Apostolus
2845 4448 3063 4503 Paulus
3093 4448 3174 4502 ait
3206 4464 3217 4501 :
3250 4448 3594 4503 Fomicatio

219 4540 271 4595 ἐν
332 4544 479 4614 ύμῖν,
531 4543 703 4603 καθὼς
754 4547 936 4615 πρέπει
992 4542 1164 4614 ἁγίοις
1206 4564 1218 4575 ·
1274 4551 1345 4613 τῷ
1383 4550 1479 4603 τῆς
1508 4541 1830 4617 ἀκαθαρσίας

222 4635 442 4704 ὀνόματι
501 4634 595 4694 τάς

219 4731 324 4775 τῶν
372 4721 588 4780 θηλειῶν
616 4720 1027 4793 περιλαμϐάνων.
1053 4720 1213 4774 Ὠστε
1243 4721 1300 4773 ού
1354 4723 1555 4783 πάντως
1596 4724 1625 4780 ἡ
1658 4726 1827 4780 σιωπὴ

222 4808 411 4864 ἄδειαν
445 4814 582 4885 φέρει
610 4817 719 4873 τοῖς
750 4805 1069 4883 φιληδόνοις.

642 4652 692 4684 τε
751 4640 846 4684 τῶν
896 4632 1113 4707 ἀρρένων
1163 4632 1533 4707 ἀρρητοποιίάς
1590 4637 1679 4685 καὶ
1742 4636 1833 4695 τὰς

1940 4546 2137 4596 autem
2170 4546 2223 4595 et
2254 4541 2443 4595 omnis
2478 4539 2858 4595 immunditia
2890 4554 2963 4593 ne
2992 4540 3334 4593 nominetur
3359 4538 3594 4608 quidem

1941 4630 1997 4685 in
2045 4630 2225 4699 vobis,
2259 4631 2415 4685 sicut
2446 4630 2609 4685 decet
2659 4634 2897 4684 sanctos
2915 4629 2962 4661 3°
2997 4646 3009 4682 :
3043 4626 3439 4682 immunditiis
3493 4642 3597 4682 no-

1942 4717 2103 4773 mine
2124 4724 2245 4774 tum
2272 4718 2536 4775 virorum
2556 4723 2682 4773 tum
2702 4717 3023 4773 mulierum
3044 4716 3307 4773 obscena
3330 4717 3599 4773 facinora

1943 4809 2489 4881 comprehenderis.
2541 4811 2734 4874 Quare
2765 4824 2889 4865 non
2923 4808 3173 4865 omnino
3205 4808 3505 4865 silentium
3535 4807 3598 4864 li-

1946 4898 2207 4955 centiam
2230 4897 2333 4954 dat
2356 4897 2733 4973 voluptariis.

295 5045 345 5081 3‘
373 5043 553 5103 Levit.
585 5046 741 5115 xviu,
774 5047 825 5101 3.
904 5043 951 5080 ³⁵
984 5046 1252 5113 Amosu,
1279 5044 1333 5100 7.
1412 5044 1459 5079 ³⁸
1482 5044 1758 5118 Ephes,v,
1782 5048 1833 5102 3.

1951 5222 2068 5279 bus
2095 5220 2516 5278 vetustissimis
2537 5237 2684 5278 mss.

2022 5298 2127 5359 U2)
2156 5300 2319 5345 Τούτο
2351 5294 2481 5354 εἰκός
2523 5314 2643 5347 που.
2667 5292 2812 5349 Edili
2840 5293 2981 5346 τοῦτ’
3015 5293 3057 5346 εἰ
3080 5297 3170 5345 καί
3192 5313 3311 5357 που,
3344 5296 3401 5347 et
3422 5288 3602 5362 paulo

1954 5372 2093 5438 post
2118 5366 2346 5437 φυλακῆς
2373 5362 2796 5438 προσγδεχθῆναι.
2828 5368 3048 5438 omnes
3072 5382 3215 5418 mss.
3241 5368 3305 5418 ut
3334 5363 3393 5416 in
3417 5367 3601 5438 textu,

1957 5432 2262 5508 iiisiquod
2296 5432 2847 5491 non'nullinhabent
2907 5434 3181 5493 δεηθῆναι.
3210 5439 3355 5508 -Νοιι
3414 5432 3604 5508 multo

1958 5512 2095 5579 post
2119 5505 2274 5563 ἷξάὶῑί
2306 5509 2508 5569 πολλοῖς
2540 5517 2649 5579 τῶν
2688 5508 3033 5579 φιλοοάοῖεων,
3065 5505 3231 5576 qucd
3261 5505 3605 5561 emendavi-

1959 5578 2096 5635 mus
2124 5596 2238 5651 ope
2260 5580 2483 5635 codicis
2505 5578 2676 5633 Cois].
2698 5578 2974 5634 Secundi.

298 5222 372 5285 (8)
424 5222 631 5277 Κωλύον
679 5226 849 5280 ἔσται.
900 5222 987 5279 Ita
1032 5238 1177 5278 mss.
1235 5226 1396 5279 octo.
1455 5222 1603 5279 Editi
1645 5222 1840 5277 κωλύον

229 5315 363 5350 εστι.

298 5370 378 5441 ς9)
418 5366 781 5441 ξΑμφοτέραις.
844 5370 929 5422 Ita
978 5369 1095 5422 tres
1147 5366 1535 5423 vetustissimi
1583 5368 1840 5423 codices.

236 5437 381 5493 Ιίὐίἰί
409 5437 743 5511 ἀμφοτέροις,

308 5514 419 5582 HO)
454 5509 551 5561 Kal
588 5509 794 5582 μικρὸν.
824 5512 994 5565 Deest
1016 5510 1363 5580 conjunctio
1390 5509 1450 5582 in
1477 5525 1597 5565 uno
1640 5509 1845 5565 codice

246 5580 423 5649 Regio
445 5588 503 5636 et
527 5580 595 5636 in
614 5580 979 5638 Coislimana
1009 5597 1315 5636 canonum
1346 5581 1713 5638 colleci‘one.

314 5658 432 5715 (Η)
461 5653 545 5707 Ἐν
573 5662 677 5713 τοῖς
707 5660 970 5725 νομίμοις.
1002 5654 1354 5725 Ρτιυροείιὶο
1404 5652 1613 5710 addita
1655 5669 1728 5709 ex
1760 5653 1855 5709 tri-
