  <div class='ocr_page' id='page_1' title='image "/cluster/home/n/w/nwhite01/storage/ocr_20150623/32/hvd.32044048207401/319.png"; bbox 0 0 4092 6210; ppageno 0'>
   <div class='ocr_carea' id='block_1_1' title="bbox 578 310 688 367">
    <p class='ocr_par' dir='ltr' id='par_1_1' title="bbox 578 310 688 367">
     <span class='ocr_line' id='line_1_1' title="bbox 578 310 688 367; baseline -0.009 0"><span class='ocrx_word' id='word_1_1' title='bbox 578 310 688 367; x_wconf 79' lang='lat'><strong>627</strong></span> 
     </span>
    </p>
   </div>
   <div class='ocr_carea' id='block_1_2' title="bbox 1952 293 2579 364">
    <p class='ocr_par' dir='ltr' id='par_1_2' title="bbox 1952 293 2579 364">
     <span class='ocr_line' id='line_1_2' title="bbox 1952 293 2579 364; baseline 0.003 -2"><span class='ocrx_word' id='word_1_2' title='bbox 1952 305 2010 362; x_wconf 91' lang='lat' dir='ltr'><strong>S.</strong></span> <span class='ocrx_word' id='word_1_3' title='bbox 2049 293 2301 360; x_wconf 77' lang='lat' dir='ltr'><strong>BASILII</strong></span> <span class='ocrx_word' id='word_1_4' title='bbox 2337 301 2579 364; x_wconf 81' lang='lat' dir='ltr'><strong>MAGNI.</strong></span> 
     </span>
    </p>
   </div>
   <div class='ocr_carea' id='block_1_3' title="bbox 3803 323 3893 376">
    <p class='ocr_par' dir='ltr' id='par_1_3' title="bbox 3803 323 3893 376">
     <span class='ocr_line' id='line_1_3' title="bbox 3803 323 3893 376; baseline -0.022 0"><span class='ocrx_word' id='word_1_5' title='bbox 3803 323 3893 376; x_wconf 77' lang='lat'><strong>628</strong></span> 
     </span>
    </p>
   </div>
   <div class='ocr_carea' id='block_1_4' title="bbox 636 426 2242 515">
    <p class='ocr_par' dir='ltr' id='par_1_4' title="bbox 636 426 2226 506">
     <span class='ocr_line' id='line_1_4' title="bbox 636 426 2226 506; baseline -0.006 -16"><span class='ocrx_word' id='word_1_6' title='bbox 636 436 697 490; x_wconf 74' lang='grc'><strong>4.</strong></span> <span class='ocrx_word' id='word_1_7' title='bbox 718 435 840 506; x_wconf 87' lang='lat' dir='ltr'><strong>Ego</strong></span> <span class='ocrx_word' id='word_1_8' title='bbox 860 434 1063 489; x_wconf 88' lang='lat' dir='ltr'><strong>autem</strong></span> <span class='ocrx_word' id='word_1_9' title='bbox 1087 445 1285 504; x_wconf 87' lang='lat' dir='ltr'><strong>neque</strong></span> <span class='ocrx_word' id='word_1_10' title='bbox 1309 430 1557 489; x_wconf 83' lang='lat' dir='ltr'><strong>tacitam</strong></span> <span class='ocrx_word' id='word_1_11' title='bbox 1586 431 1748 489; x_wconf 85' lang='lat' dir='ltr'>illam</span> <span class='ocrx_word' id='word_1_12' title='bbox 1783 432 2018 504; x_wconf 86' lang='lat' dir='ltr'><strong>partem</strong></span> <span class='ocrx_word' id='word_1_13' title='bbox 2044 426 2226 485; x_wconf 88' lang='lat' dir='ltr'><strong>fuisse</strong></span> 
     </span>
    </p>
   </div>
   <div class='ocr_carea' id='block_1_5' title="bbox 2349 426 3893 515">
    <p class='ocr_par' dir='ltr' id='par_1_5' title="bbox 2409 430 3893 515">
     <span class='ocr_line' id='line_1_5' title="bbox 2409 430 3893 515; baseline 0.004 -28"><span class='ocrx_word' id='word_1_14' title='bbox 2409 433 2461 487; x_wconf 85' lang='grc'>4.</span> <span class='ocrx_word' id='word_1_15' title='bbox 2496 431 2626 504; x_wconf 76' lang='grc' dir='ltr'><strong>Ἐγὼ</strong></span> <span class='ocrx_word' id='word_1_16' title='bbox 2682 430 2741 487; x_wconf 70' lang='grc' dir='ltr'><strong>δὲ</strong></span> <span class='ocrx_word' id='word_1_17' title='bbox 2787 430 2911 487; x_wconf 64' lang='grc' dir='ltr'><strong>οὐδὲ</strong></span> <span class='ocrx_word' id='word_1_18' title='bbox 2969 437 3338 495; x_wconf 78' lang='grc' dir='ltr'>σεσιωπῆσθαι</span> <span class='ocrx_word' id='word_1_19' title='bbox 3375 440 3526 511; x_wconf 75' lang='grc' dir='ltr'>μέρος</span> <span class='ocrx_word' id='word_1_20' title='bbox 3578 445 3719 493; x_wconf 77' lang='grc' dir='ltr'>τοῦτο</span> <span class='ocrx_word' id='word_1_21' title='bbox 3756 461 3893 515; x_wconf 69' lang='grc' dir='ltr'>φημι,</span> 
     </span>
    </p>
   </div>
   <div class='ocr_carea' id='block_1_6' title="bbox 566 517 2229 591">
    <p class='ocr_par' dir='ltr' id='par_1_6' title="bbox 566 517 2229 591">
     <span class='ocr_line' id='line_1_6' title="bbox 566 517 2229 591; baseline -0.005 -10"><span class='ocrx_word' id='word_1_22' title='bbox 566 523 704 581; x_wconf 87' lang='lat' dir='ltr'><strong>dico</strong></span> <span class='ocrx_word' id='word_1_23' title='bbox 736 539 750 578; x_wconf 89' lang='lat'><strong>:</strong></span> <span class='ocrx_word' id='word_1_24' title='bbox 801 523 925 579; x_wconf 92' lang='lat' dir='ltr'><strong>imo</strong></span> <span class='ocrx_word' id='word_1_25' title='bbox 951 522 1132 578; x_wconf 89' lang='lat' dir='ltr'><strong>etiam</strong></span> <span class='ocrx_word' id='word_1_26' title='bbox 1164 536 1200 578; x_wconf 91' lang='lat' dir='ltr'><strong>a</strong></span> <span class='ocrx_word' id='word_1_27' title='bbox 1241 519 1582 591; x_wconf 84' lang='lat' dir='ltr'><strong>legislatore</strong></span> <span class='ocrx_word' id='word_1_28' title='bbox 1606 521 1991 579; x_wconf 86' lang='lat' dir='ltr'><strong>vehementer</strong></span> <span class='ocrx_word' id='word_1_29' title='bbox 2020 517 2229 574; x_wconf 90' lang='lat' dir='ltr'><strong>admo-</strong></span> 
     </span>
    </p>
   </div>
   <div class='ocr_carea' id='block_1_7' title="bbox 566 608 2226 683">
    <p class='ocr_par' dir='ltr' id='par_1_7' title="bbox 566 608 2226 683">
     <span class='ocr_line' id='line_1_7' title="bbox 566 608 2226 683; baseline -0.002 -14"><span class='ocrx_word' id='word_1_30' title='bbox 566 611 717 669; x_wconf 89' lang='lat' dir='ltr'><strong>dum</strong></span> <span class='ocrx_word' id='word_1_31' title='bbox 748 611 933 668; x_wconf 86' lang='lat' dir='ltr'><strong>fuisse</strong></span> <span class='ocrx_word' id='word_1_32' title='bbox 956 610 1344 683; x_wconf 84' lang='lat' dir='ltr'><strong>prohibitam.</strong></span> <span class='ocrx_word' id='word_1_33' title='bbox 1378 610 1528 666; x_wconf 90' lang='lat' dir='ltr'>Illud</span> <span class='ocrx_word' id='word_1_34' title='bbox 1554 611 1739 678; x_wconf 88' lang='lat' dir='ltr'><strong>enim,</strong></span> <span class='ocrx_word' id='word_1_35' title='bbox 1760 611 1898 667; x_wconf 88' lang='lat' dir='ltr'><strong>Non</strong></span> <span class='ocrx_word' id='word_1_36' title='bbox 1929 608 2226 680; x_wconf 82' lang='lat' dir='ltr'><strong>ingredie-</strong></span> 
     </span>
    </p>
   </div>
   <div class='ocr_carea' id='block_1_8' title="bbox 567 699 2227 771">
    <p class='ocr_par' dir='ltr' id='par_1_8' title="bbox 567 699 2227 771">
     <span class='ocr_line' id='line_1_8' title="bbox 567 699 2227 771; baseline -0.003 -12"><span class='ocrx_word' id='word_1_37' title='bbox 567 704 655 759; x_wconf 88' lang='lat' dir='ltr'><strong>ris</strong></span> <span class='ocrx_word' id='word_1_38' title='bbox 684 701 766 759; x_wconf 89' lang='lat' dir='ltr'><strong>ad</strong></span> <span class='ocrx_word' id='word_1_39' title='bbox 790 715 1023 758; x_wconf 86' lang='lat' dir='ltr'><strong>omnem</strong></span> <span class='ocrx_word' id='word_1_40' title='bbox 1074 700 1278 757; x_wconf 81' lang='lat' dir='ltr'><strong>carnis</strong></span> <span class='ocrx_word' id='word_1_41' title='bbox 1308 704 1426 756; x_wconf 63' lang='lat' dir='ltr'><strong>tum</strong></span> <span class='ocrx_word' id='word_1_42' title='bbox 1454 701 1702 771; x_wconf 86' lang='lat' dir='ltr'><strong>a/ﬁnem</strong></span> <span class='ocrx_word' id='word_1_43' title='bbox 1732 701 1816 756; x_wconf 91' lang='lat' dir='ltr'><strong>ad</strong></span> <span class='ocrx_word' id='word_1_44' title='bbox 1838 699 2227 756; x_wconf 76' lang='lat' dir='ltr'><strong>revelandam</strong></span> 
     </span>
    </p>
   </div>
   <div class='ocr_carea' id='block_1_9' title="bbox 570 787 2227 860">
    <p class='ocr_par' dir='ltr' id='par_1_9' title="bbox 570 787 2227 860">
     <span class='ocr_line' id='line_1_9' title="bbox 570 787 2227 860; baseline -0.004 -10"><span class='ocrx_word' id='word_1_45' title='bbox 570 806 773 850; x_wconf 81' lang='lat' dir='ltr'><strong>earum</strong></span> <span class='ocrx_word' id='word_1_46' title='bbox 805 789 1241 860; x_wconf 78' lang='lat' dir='ltr'><strong>turpitudinem</strong></span> <span class='ocrx_word' id='word_1_47' title='bbox 1265 789 1507 852; x_wconf 72' lang='lat' dir='ltr'><strong>37,hanc</strong></span> <span class='ocrx_word' id='word_1_48' title='bbox 1536 789 1718 846; x_wconf 86' lang='lat' dir='ltr'><strong>etiam</strong></span> <span class='ocrx_word' id='word_1_49' title='bbox 1745 787 2064 845; x_wconf 80' lang='lat' dir='ltr'><strong>afﬁnitates</strong></span> <span class='ocrx_word' id='word_1_50' title='bbox 2096 803 2227 860; x_wconf 89' lang='lat' dir='ltr'><strong>spe-</strong></span> 
     </span>
    </p>
   </div>
   <div class='ocr_carea' id='block_1_10' title="bbox 571 876 2230 953">
    <p class='ocr_par' dir='ltr' id='par_1_10' title="bbox 571 876 2230 953">
     <span class='ocr_line' id='line_1_10' title="bbox 571 876 2230 953; baseline -0.003 -15"><span class='ocrx_word' id='word_1_51' title='bbox 571 881 725 938; x_wconf 90' lang='lat' dir='ltr'><strong>ciem</strong></span> <span class='ocrx_word' id='word_1_52' title='bbox 744 879 1181 953; x_wconf 83' lang='lat' dir='ltr'><strong>complectitur.</strong></span> <span class='ocrx_word' id='word_1_53' title='bbox 1216 879 1446 936; x_wconf 84' lang='lat' dir='ltr'><strong>Etenim</strong></span> <span class='ocrx_word' id='word_1_54' title='bbox 1475 879 1624 953; x_wconf 90' lang='lat' dir='ltr'><strong>quid</strong></span> <span class='ocrx_word' id='word_1_55' title='bbox 1663 879 1835 952; x_wconf 78' lang='lat'><strong>251</strong></span> <span class='ocrx_word' id='word_1_56' title='bbox 1873 878 2004 935; x_wconf 89' lang='lat' dir='ltr'><strong>viro</strong></span> <span class='ocrx_word' id='word_1_57' title='bbox 2052 876 2230 934; x_wconf 79' lang='lat' dir='ltr'><strong>afﬁne</strong></span> 
     </span>
    </p>
   </div>
   <div class='ocr_carea' id='block_1_11' title="bbox 573 968 2235 1043">
    <p class='ocr_par' dir='ltr' id='par_1_11' title="bbox 573 968 2235 1043">
     <span class='ocr_line' id='line_1_11' title="bbox 573 968 2235 1043; baseline -0.002 -15"><span class='ocrx_word' id='word_1_58' title='bbox 573 973 772 1041; x_wconf 86' lang='lat' dir='ltr'><strong>magis</strong></span> <span class='ocrx_word' id='word_1_59' title='bbox 798 974 889 1027; x_wconf 87' lang='lat' dir='ltr'><strong>est</strong></span> <span class='ocrx_word' id='word_1_60' title='bbox 917 984 1106 1043; x_wconf 91' lang='lat' dir='ltr'><strong>quam</strong></span> <span class='ocrx_word' id='word_1_61' title='bbox 1138 985 1252 1026; x_wconf 90' lang='lat' dir='ltr'><strong>sua</strong></span> <span class='ocrx_word' id='word_1_62' title='bbox 1297 968 1491 1042; x_wconf 86' lang='lat' dir='ltr'><strong>ipsius</strong></span> <span class='ocrx_word' id='word_1_63' title='bbox 1534 984 1710 1037; x_wconf 86' lang='lat' dir='ltr'><strong>uxor,</strong></span> <span class='ocrx_word' id='word_1_64' title='bbox 1741 969 1866 1026; x_wconf 93' lang='lat' dir='ltr'><strong>imo</strong></span> <span class='ocrx_word' id='word_1_65' title='bbox 1902 983 2091 1042; x_wconf 88' lang='lat' dir='ltr'><strong>quam</strong></span> <span class='ocrx_word' id='word_1_66' title='bbox 2122 982 2235 1024; x_wconf 88' lang='lat' dir='ltr'><strong>sua</strong></span> 
     </span>
    </p>
   </div>
   <div class='ocr_carea' id='block_1_12' title="bbox 570 1055 2234 1133">
    <p class='ocr_par' dir='ltr' id='par_1_12' title="bbox 570 1055 2234 1133">
     <span class='ocr_line' id='line_1_12' title="bbox 570 1055 2234 1133; baseline -0.002 -17"><span class='ocrx_word' id='word_1_67' title='bbox 570 1059 763 1133; x_wconf 86' lang='lat' dir='ltr'><strong>ipsius</strong></span> <span class='ocrx_word' id='word_1_68' title='bbox 793 1060 985 1117; x_wconf 85' lang='lat' dir='ltr'><strong>caro?</strong></span> <span class='ocrx_word' id='word_1_69' title='bbox 1038 1062 1167 1116; x_wconf 86' lang='lat' dir='ltr'><strong>Non</strong></span> <span class='ocrx_word' id='word_1_70' title='bbox 1196 1058 1359 1115; x_wconf 88' lang='lat' dir='ltr'><strong>enim</strong></span> <span class='ocrx_word' id='word_1_71' title='bbox 1412 1059 1678 1132; x_wconf 85' lang='lat' dir='ltr'><strong>amplius</strong></span> <span class='ocrx_word' id='word_1_72' title='bbox 1728 1058 1865 1114; x_wconf 70' lang='lat' dir='ltr'><strong>duae</strong></span> <span class='ocrx_word' id='word_1_73' title='bbox 1918 1061 2077 1129; x_wconf 90' lang='lat' dir='ltr'><strong>sunt,</strong></span> <span class='ocrx_word' id='word_1_74' title='bbox 2126 1055 2234 1113; x_wconf 88' lang='lat' dir='ltr'><strong>sed</strong></span> 
     </span>
    </p>
   </div>
   <div class='ocr_carea' id='block_1_13' title="bbox 571 1144 2232 1221">
    <p class='ocr_par' dir='ltr' id='par_1_13' title="bbox 571 1144 2232 1221">
     <span class='ocr_line' id='line_1_13' title="bbox 571 1144 2232 1221; baseline -0.002 -17"><span class='ocrx_word' id='word_1_75' title='bbox 571 1163 698 1205; x_wconf 89' lang='lat' dir='ltr'><strong>una</strong></span> <span class='ocrx_word' id='word_1_76' title='bbox 725 1163 886 1205; x_wconf 90' lang='lat' dir='ltr'><strong>caro.</strong></span> <span class='ocrx_word' id='word_1_77' title='bbox 936 1150 1145 1221; x_wconf 88' lang='lat' dir='ltr'><strong>Itaque</strong></span> <span class='ocrx_word' id='word_1_78' title='bbox 1178 1162 1287 1219; x_wconf 90' lang='lat' dir='ltr'><strong>per</strong></span> <span class='ocrx_word' id='word_1_79' title='bbox 1313 1162 1565 1204; x_wconf 82' lang='lat' dir='ltr'><strong>uxorem</strong></span> <span class='ocrx_word' id='word_1_80' title='bbox 1616 1162 1788 1204; x_wconf 90' lang='lat' dir='ltr'><strong>soror</strong></span> <span class='ocrx_word' id='word_1_81' title='bbox 1817 1145 1898 1202; x_wconf 87' lang='lat' dir='ltr'><strong>ad</strong></span> <span class='ocrx_word' id='word_1_82' title='bbox 1956 1145 2069 1201; x_wconf 87' lang='lat' dir='ltr'><strong>viri</strong></span> <span class='ocrx_word' id='word_1_83' title='bbox 2100 1144 2232 1201; x_wconf 79' lang='lat' dir='ltr'><strong>afﬂ-</strong></span> 
     </span>
    </p>
   </div>
   <div class='ocr_carea' id='block_1_14' title="bbox 573 1235 2236 1302">
    <p class='ocr_par' dir='ltr' id='par_1_14' title="bbox 573 1235 2236 1302">
     <span class='ocr_line' id='line_1_14' title="bbox 573 1235 2236 1302; baseline -0.003 -8"><span class='ocrx_word' id='word_1_84' title='bbox 573 1236 826 1294; x_wconf 90' lang='lat' dir='ltr'><strong>nitatem</strong></span> <span class='ocrx_word' id='word_1_85' title='bbox 885 1237 1117 1293; x_wconf 87' lang='lat' dir='ltr'><strong>transit.</strong></span> <span class='ocrx_word' id='word_1_86' title='bbox 1173 1235 1707 1302; x_wconf 88' lang='lat' dir='ltr'><strong>Quemadmodum</strong></span> <span class='ocrx_word' id='word_1_87' title='bbox 1765 1235 1927 1291; x_wconf 89' lang='lat' dir='ltr'><strong>enim</strong></span> <span class='ocrx_word' id='word_1_88' title='bbox 1980 1237 2236 1291; x_wconf 85' lang='lat' dir='ltr'><strong>matrem</strong></span> 
     </span>
    </p>
   </div>
   <div class='ocr_carea' id='block_1_15' title="bbox 573 1324 2236 1400">
    <p class='ocr_par' dir='ltr' id='par_1_15' title="bbox 573 1324 2236 1400">
     <span class='ocr_line' id='line_1_15' title="bbox 573 1324 2236 1400; baseline -0.002 -15"><span class='ocrx_word' id='word_1_89' title='bbox 573 1330 780 1385; x_wconf 83' lang='lat' dir='ltr'><strong>uxoris</strong></span> <span class='ocrx_word' id='word_1_90' title='bbox 816 1342 942 1383; x_wconf 94' lang='lat' dir='ltr'><strong>non</strong></span> <span class='ocrx_word' id='word_1_91' title='bbox 971 1330 1259 1394; x_wconf 86' lang='lat' dir='ltr'><strong>assumet,</strong></span> <span class='ocrx_word' id='word_1_92' title='bbox 1306 1341 1506 1400; x_wconf 87' lang='lat' dir='ltr'><strong>neque</strong></span> <span class='ocrx_word' id='word_1_93' title='bbox 1560 1325 1749 1382; x_wconf 86' lang='lat' dir='ltr'><strong>ﬁliam</strong></span> <span class='ocrx_word' id='word_1_94' title='bbox 1806 1324 2034 1391; x_wconf 80' lang='lat' dir='ltr'><strong>uxoris,</strong></span> <span class='ocrx_word' id='word_1_95' title='bbox 2090 1340 2236 1398; x_wconf 90' lang='lat' dir='ltr'><strong>pro-</strong></span> 
     </span>
    </p>
   </div>
   <div class='ocr_carea' id='block_1_16' title="bbox 575 1414 2239 1490">
    <p class='ocr_par' dir='ltr' id='par_1_16' title="bbox 575 1414 2239 1490">
     <span class='ocr_line' id='line_1_16' title="bbox 575 1414 2239 1490; baseline -0.002 -17"><span class='ocrx_word' id='word_1_96' title='bbox 575 1421 783 1490; x_wconf 87' lang='lat' dir='ltr'><strong>pterea</strong></span> <span class='ocrx_word' id='word_1_97' title='bbox 811 1414 978 1489; x_wconf 88' lang='lat' dir='ltr'><strong>quod</strong></span> <span class='ocrx_word' id='word_1_98' title='bbox 1026 1429 1221 1487; x_wconf 88' lang='lat' dir='ltr'><strong>neque</strong></span> <span class='ocrx_word' id='word_1_99' title='bbox 1256 1430 1431 1471; x_wconf 90' lang='lat' dir='ltr'><strong>suam</strong></span> <span class='ocrx_word' id='word_1_100' title='bbox 1483 1414 1675 1487; x_wconf 87' lang='lat' dir='ltr'><strong>ipsius</strong></span> <span class='ocrx_word' id='word_1_101' title='bbox 1713 1418 1994 1483; x_wconf 87' lang='lat' dir='ltr'><strong>matrem,</strong></span> <span class='ocrx_word' id='word_1_102' title='bbox 2042 1428 2239 1487; x_wconf 89' lang='lat' dir='ltr'><strong>neque</strong></span> 
     </span>
    </p>
   </div>
   <div class='ocr_carea' id='block_1_17' title="bbox 581 1502 2241 1577">
    <p class='ocr_par' dir='ltr' id='par_1_17' title="bbox 581 1502 2241 1577">
     <span class='ocr_line' id='line_1_17' title="bbox 581 1502 2241 1577; baseline -0.002 -16"><span class='ocrx_word' id='word_1_103' title='bbox 581 1520 759 1561; x_wconf 91' lang='lat' dir='ltr'><strong>suam</strong></span> <span class='ocrx_word' id='word_1_104' title='bbox 776 1504 971 1577; x_wconf 89' lang='lat' dir='ltr'><strong>ipsius</strong></span> <span class='ocrx_word' id='word_1_105' title='bbox 1009 1503 1238 1573; x_wconf 83' lang='lat' dir='ltr'><strong>ﬁliam;</strong></span> <span class='ocrx_word' id='word_1_106' title='bbox 1283 1502 1367 1560; x_wconf 88' lang='lat' dir='ltr'><strong>ita</strong></span> <span class='ocrx_word' id='word_1_107' title='bbox 1394 1519 1507 1561; x_wconf 93' lang='lat' dir='ltr'><strong>nec</strong></span> <span class='ocrx_word' id='word_1_108' title='bbox 1550 1503 1757 1561; x_wconf 81' lang='lat' dir='ltr'><strong>uxoris</strong></span> <span class='ocrx_word' id='word_1_109' title='bbox 1788 1518 2078 1572; x_wconf 89' lang='lat' dir='ltr'><strong>sororem,</strong></span> <span class='ocrx_word' id='word_1_110' title='bbox 2104 1518 2241 1576; x_wconf 83' lang='lat' dir='ltr'><strong>pro-</strong></span> 
     </span>
    </p>
   </div>
   <div class='ocr_carea' id='block_1_18' title="bbox 576 1591 2241 1667">
    <p class='ocr_par' dir='ltr' id='par_1_18' title="bbox 576 1591 2241 1667">
     <span class='ocr_line' id='line_1_18' title="bbox 576 1591 2241 1667; baseline -0.001 -18"><span class='ocrx_word' id='word_1_111' title='bbox 576 1596 785 1667; x_wconf 89' lang='lat' dir='ltr'><strong>pterea</strong></span> <span class='ocrx_word' id='word_1_112' title='bbox 826 1591 997 1666; x_wconf 86' lang='lat' dir='ltr'><strong>quod</strong></span> <span class='ocrx_word' id='word_1_113' title='bbox 1025 1606 1225 1665; x_wconf 89' lang='lat' dir='ltr'><strong>neque</strong></span> <span class='ocrx_word' id='word_1_114' title='bbox 1253 1607 1427 1649; x_wconf 88' lang='lat' dir='ltr'><strong>suam</strong></span> <span class='ocrx_word' id='word_1_115' title='bbox 1458 1591 1651 1666; x_wconf 91' lang='lat' dir='ltr'><strong>ipsius</strong></span> <span class='ocrx_word' id='word_1_116' title='bbox 1681 1608 1972 1648; x_wconf 88' lang='lat' dir='ltr'><strong>sororem.</strong></span> <span class='ocrx_word' id='word_1_117' title='bbox 2022 1593 2088 1647; x_wconf 89' lang='lat' dir='ltr'><strong>Et</strong></span> <span class='ocrx_word' id='word_1_118' title='bbox 2115 1591 2241 1647; x_wconf 89' lang='lat' dir='ltr'><strong>vice</strong></span> 
     </span>
    </p>
   </div>
   <div class='ocr_carea' id='block_1_19' title="bbox 576 1679 2244 1754">
    <p class='ocr_par' dir='ltr' id='par_1_19' title="bbox 576 1679 2244 1754">
     <span class='ocr_line' id='line_1_19' title="bbox 576 1679 2244 1754; baseline -0.002 -16"><span class='ocrx_word' id='word_1_119' title='bbox 576 1696 778 1745; x_wconf 88' lang='lat' dir='ltr'><strong>versa,</strong></span> <span class='ocrx_word' id='word_1_120' title='bbox 809 1695 1007 1754; x_wconf 89' lang='lat' dir='ltr'><strong>neque</strong></span> <span class='ocrx_word' id='word_1_121' title='bbox 1032 1679 1208 1736; x_wconf 80' lang='lat' dir='ltr'><strong>uxori</strong></span> <span class='ocrx_word' id='word_1_122' title='bbox 1235 1679 1438 1737; x_wconf 89' lang='lat' dir='ltr'><strong>licebit</strong></span> <span class='ocrx_word' id='word_1_123' title='bbox 1467 1696 1598 1737; x_wconf 88' lang='lat' dir='ltr'><strong>sese</strong></span> <span class='ocrx_word' id='word_1_124' title='bbox 1626 1679 1738 1736; x_wconf 92' lang='lat' dir='ltr'><strong>viri</strong></span> <span class='ocrx_word' id='word_1_125' title='bbox 1771 1679 2059 1737; x_wconf 80' lang='lat' dir='ltr'><strong>afﬁnibus</strong></span> <span class='ocrx_word' id='word_1_126' title='bbox 2102 1694 2244 1736; x_wconf 91' lang='lat' dir='ltr'><strong>con-</strong></span> 
     </span>
    </p>
   </div>
   <div class='ocr_carea' id='block_1_20' title="bbox 2339 518 3897 603">
    <p class='ocr_par' dir='ltr' id='par_1_20' title="bbox 2339 518 3897 603">
     <span class='ocr_line' id='line_1_20' title="bbox 2339 518 3897 603; baseline 0.009 -31"><span class='ocrx_word' id='word_1_127' title='bbox 2339 518 2466 573; x_wconf 76' lang='grc' dir='ltr'>ἆλλά</span> <span class='ocrx_word' id='word_1_128' title='bbox 2520 526 2611 574; x_wconf 83' lang='grc' dir='ltr'><strong>καὶ</strong></span> <span class='ocrx_word' id='word_1_129' title='bbox 2662 524 2793 576; x_wconf 73' lang='grc' dir='ltr'>πάνυ</span> <span class='ocrx_word' id='word_1_130' title='bbox 2857 521 3097 600; x_wconf 67' lang='grc' dir='ltr'><strong>σφοδρῶς</strong></span> <span class='ocrx_word' id='word_1_131' title='bbox 3127 523 3531 600; x_wconf 77' lang='grc' dir='ltr'>ἀπηγορευκέναι</span> <span class='ocrx_word' id='word_1_132' title='bbox 3574 532 3655 580; x_wconf 82' lang='grc' dir='ltr'><strong>τόν</strong></span> <span class='ocrx_word' id='word_1_133' title='bbox 3717 535 3897 603; x_wconf 76' lang='grc' dir='ltr'>νομοθέ-</span> 
     </span>
    </p>
   </div>
   <div class='ocr_carea' id='block_1_21' title="bbox 2337 613 3893 688">
    <p class='ocr_par' dir='ltr' id='par_1_21' title="bbox 2337 613 3893 688">
     <span class='ocr_line' id='line_1_21' title="bbox 2337 613 3893 688; baseline 0.006 -25"><span class='ocrx_word' id='word_1_134' title='bbox 2337 629 2454 669; x_wconf 87' lang='grc' dir='ltr'>την.</span> <span class='ocrx_word' id='word_1_135' title='bbox 2520 614 2589 665; x_wconf 83' lang='grc' dir='ltr'><strong>Τό</strong></span> <span class='ocrx_word' id='word_1_136' title='bbox 2645 615 2769 688; x_wconf 75' lang='grc' dir='ltr'>γὰρ,</span> <span class='ocrx_word' id='word_1_137' title='bbox 2821 615 2932 666; x_wconf 69' lang='grc' dir='ltr'><strong>Οὐκ</strong></span> <span class='ocrx_word' id='word_1_138' title='bbox 2998 613 3261 688; x_wconf 64' lang='grc' dir='ltr'>εἰσελεύση</span> <span class='ocrx_word' id='word_1_139' title='bbox 3326 620 3451 688; x_wconf 84' lang='grc' dir='ltr'>πρὸς</span> <span class='ocrx_word' id='word_1_140' title='bbox 3518 616 3681 669; x_wconf 57' lang='lat' dir='ltr'><strong>«ista</strong></span> <span class='ocrx_word' id='word_1_141' title='bbox 3735 619 3893 673; x_wconf 77' lang='grc' dir='ltr'>οἰκεῖον</span> 
     </span>
    </p>
   </div>
   <div class='ocr_carea' id='block_1_22' title="bbox 2341 701 3893 777">
    <p class='ocr_par' dir='ltr' id='par_1_22' title="bbox 2341 701 3893 777">
     <span class='ocr_line' id='line_1_22' title="bbox 2341 701 3893 777; baseline 0.006 -26"><span class='ocrx_word' id='word_1_142' title='bbox 2341 718 2536 776; x_wconf 78' lang='grc' dir='ltr'>σαρκός</span> <span class='ocrx_word' id='word_1_143' title='bbox 2624 720 2739 769; x_wconf 85' lang='grc' dir='ltr'>σου,</span> <span class='ocrx_word' id='word_1_144' title='bbox 2823 701 3157 775; x_wconf 67' lang='grc' dir='ltr'>ἀποκαλύψαι</span> <span class='ocrx_word' id='word_1_145' title='bbox 3260 701 3637 777; x_wconf 68' lang='grc' dir='ltr'><strong>ἀσχημοσύνην</strong></span> <span class='ocrx_word' id='word_1_146' title='bbox 3732 709 3893 775; x_wconf 72' lang='grc' dir='ltr'>αὐτῶν,</span> 
     </span>
    </p>
   </div>
   <div class='ocr_carea' id='block_1_23' title="bbox 2341 787 3896 866">
    <p class='ocr_par' dir='ltr' id='par_1_23' title="bbox 2341 787 3896 866">
     <span class='ocr_line' id='line_1_23' title="bbox 2341 787 3896 866; baseline 0.007 -25"><span class='ocrx_word' id='word_1_147' title='bbox 2341 787 2726 866; x_wconf 74' lang='grc' dir='ltr'>ἓμπεριεκτικόν</span> <span class='ocrx_word' id='word_1_148' title='bbox 2785 790 2898 845; x_wconf 79' lang='grc' dir='ltr'>ἔστι</span> <span class='ocrx_word' id='word_1_149' title='bbox 2934 798 3024 845; x_wconf 82' lang='grc' dir='ltr'><strong>καὶ</strong></span> <span class='ocrx_word' id='word_1_150' title='bbox 3049 796 3233 845; x_wconf 73' lang='grc' dir='ltr'>τούτου</span> <span class='ocrx_word' id='word_1_151' title='bbox 3260 801 3351 846; x_wconf 73' lang='grc' dir='ltr'>τοῦ</span> <span class='ocrx_word' id='word_1_152' title='bbox 3407 790 3579 857; x_wconf 70' lang='grc' dir='ltr'>εἴδους</span> <span class='ocrx_word' id='word_1_153' title='bbox 3613 803 3698 857; x_wconf 77' lang='grc' dir='ltr'><strong>τῆς</strong></span> <span class='ocrx_word' id='word_1_154' title='bbox 3745 797 3896 851; x_wconf 70' lang='grc' dir='ltr'>οἰκειόο</span> 
     </span>
    </p>
   </div>
   <div class='ocr_carea' id='block_1_24' title="bbox 2341 880 3893 960">
    <p class='ocr_par' dir='ltr' id='par_1_24' title="bbox 2341 880 3893 960">
     <span class='ocr_line' id='line_1_24' title="bbox 2341 880 3893 960; baseline 0.006 -29"><span class='ocrx_word' id='word_1_155' title='bbox 2341 898 2519 941; x_wconf 84' lang='grc' dir='ltr'>τητος.</span> <span class='ocrx_word' id='word_1_156' title='bbox 2548 885 2612 933; x_wconf 88' lang='grc' dir='ltr'>Τί</span> <span class='ocrx_word' id='word_1_157' title='bbox 2648 882 2749 957; x_wconf 73' lang='grc' dir='ltr'>γὰρ</span> <span class='ocrx_word' id='word_1_158' title='bbox 2781 880 2841 934; x_wconf 78' lang='grc' dir='ltr'><strong>ἂν</strong></span> <span class='ocrx_word' id='word_1_159' title='bbox 2889 886 3089 954; x_wconf 74' lang='grc' dir='ltr'>γένοιτο</span> <span class='ocrx_word' id='word_1_160' title='bbox 3134 882 3433 958; x_wconf 80' lang='grc' dir='ltr'>οἰκειότερον</span> <span class='ocrx_word' id='word_1_161' title='bbox 3484 881 3633 960; x_wconf 77' lang='grc' dir='ltr'>ἀνδρὶ</span> <span class='ocrx_word' id='word_1_162' title='bbox 3681 894 3769 949; x_wconf 70' lang='grc' dir='ltr'><strong>τῆς</strong></span> <span class='ocrx_word' id='word_1_163' title='bbox 3795 887 3893 939; x_wconf 82' lang='grc' dir='ltr'><strong>ἑαυ-</strong></span> 
     </span>
    </p>
   </div>
   <div class='ocr_carea' id='block_1_25' title="bbox 2341 968 3894 1049">
    <p class='ocr_par' dir='ltr' id='par_1_25' title="bbox 2341 968 3894 1049">
     <span class='ocr_line' id='line_1_25' title="bbox 2341 968 3894 1049; baseline 0.005 -29"><span class='ocrx_word' id='word_1_164' title='bbox 2341 977 2434 1021; x_wconf 78' lang='grc' dir='ltr'>τοῦ</span> <span class='ocrx_word' id='word_1_165' title='bbox 2458 973 2723 1041; x_wconf 77' lang='grc' dir='ltr'>γυναικὸς,</span> <span class='ocrx_word' id='word_1_166' title='bbox 2777 970 2967 1044; x_wconf 73' lang='grc' dir='ltr'>μᾶλλον</span> <span class='ocrx_word' id='word_1_167' title='bbox 2997 968 3057 1024; x_wconf 66' lang='grc' dir='ltr'><strong>δὲ</strong></span> <span class='ocrx_word' id='word_1_168' title='bbox 3099 980 3195 1035; x_wconf 82' lang='grc' dir='ltr'><strong>τῆς</strong></span> <span class='ocrx_word' id='word_1_169' title='bbox 3234 972 3415 1025; x_wconf 78' lang='grc' dir='ltr'>ἑαυτοῦ</span> <span class='ocrx_word' id='word_1_170' title='bbox 3455 978 3682 1048; x_wconf 77' lang='grc' dir='ltr'>σαρκόςς</span> <span class='ocrx_word' id='word_1_171' title='bbox 3721 975 3789 1026; x_wconf 66' lang='grc' dir='ltr'><strong>Οὐ</strong></span> <span class='ocrx_word' id='word_1_172' title='bbox 3813 978 3894 1049; x_wconf 70' lang='grc' dir='ltr'><strong>γὰρ</strong></span> 
     </span>
    </p>
   </div>
   <div class='ocr_carea' id='block_1_26' title="bbox 2344 1056 3898 1136">
    <p class='ocr_par' dir='ltr' id='par_1_26' title="bbox 2344 1056 3898 1136">
     <span class='ocr_line' id='line_1_26' title="bbox 2344 1056 3898 1136; baseline 0.005 -26"><span class='ocrx_word' id='word_1_173' title='bbox 2344 1060 2419 1110; x_wconf 77' lang='grc' dir='ltr'><strong><em>ἔτι</em></strong></span> <span class='ocrx_word' id='word_1_174' title='bbox 2446 1059 2548 1112; x_wconf 85' lang='grc' dir='ltr'>εἰσὶ</span> <span class='ocrx_word' id='word_1_175' title='bbox 2579 1056 2696 1127; x_wconf 78' lang='grc' dir='ltr'>δύο,</span> <span class='ocrx_word' id='word_1_176' title='bbox 2725 1058 2849 1113; x_wconf 75' lang='grc' dir='ltr'>ἀλλὰ</span> <span class='ocrx_word' id='word_1_177' title='bbox 2894 1062 3026 1135; x_wconf 70' lang='grc' dir='ltr'>σὰρξ</span> <span class='ocrx_word' id='word_1_178' title='bbox 3076 1066 3193 1135; x_wconf 86' lang='grc' dir='ltr'>μία.</span> <span class='ocrx_word' id='word_1_179' title='bbox 3223 1061 3384 1115; x_wconf 83' lang='grc' dir='ltr'>Ὠστε</span> <span class='ocrx_word' id='word_1_180' title='bbox 3433 1059 3525 1115; x_wconf 72' lang='grc' dir='ltr'><strong>διὰ</strong></span> <span class='ocrx_word' id='word_1_181' title='bbox 3554 1072 3646 1126; x_wconf 79' lang='grc' dir='ltr'><strong>τῆς</strong></span> <span class='ocrx_word' id='word_1_182' title='bbox 3690 1070 3898 1136; x_wconf 77' lang='grc' dir='ltr'>γυναικὸς</span> 
     </span>
    </p>
   </div>
   <div class='ocr_carea' id='block_1_27' title="bbox 2344 1144 3896 1224">
    <p class='ocr_par' dir='ltr' id='par_1_27' title="bbox 2344 1144 3896 1224">
     <span class='ocr_line' id='line_1_27' title="bbox 2344 1144 3896 1224; baseline 0.005 -26"><span class='ocrx_word' id='word_1_183' title='bbox 2344 1149 2375 1206; x_wconf 79' lang='grc' dir='ltr'><strong>ἠ</strong></span> <span class='ocrx_word' id='word_1_184' title='bbox 2411 1144 2608 1220; x_wconf 73' lang='grc' dir='ltr'><strong>ἀδελφὴ</strong></span> <span class='ocrx_word' id='word_1_185' title='bbox 2662 1153 2791 1223; x_wconf 78' lang='grc' dir='ltr'>πρὸς</span> <span class='ocrx_word' id='word_1_186' title='bbox 2821 1154 2915 1208; x_wconf 77' lang='grc' dir='ltr'>τὴν</span> <span class='ocrx_word' id='word_1_187' title='bbox 2945 1158 3037 1203; x_wconf 78' lang='grc' dir='ltr'>τοῦ</span> <span class='ocrx_word' id='word_1_188' title='bbox 3070 1148 3263 1224; x_wconf 74' lang='grc' dir='ltr'><strong>ἀνδρὸς</strong></span> <span class='ocrx_word' id='word_1_189' title='bbox 3304 1152 3594 1209; x_wconf 73' lang='grc' dir='ltr'>οἰκειότητα</span> <span class='ocrx_word' id='word_1_190' title='bbox 3622 1153 3896 1224; x_wconf 75' lang='grc' dir='ltr'>μεταϐαίνει·</span> 
     </span>
    </p>
   </div>
   <div class='ocr_carea' id='block_1_28' title="bbox 2344 1231 3902 1315">
    <p class='ocr_par' dir='ltr' id='par_1_28' title="bbox 2344 1231 3902 1315">
     <span class='ocr_line' id='line_1_28' title="bbox 2344 1231 3902 1315; baseline 0.004 -26"><span class='ocrx_word' id='word_1_191' title='bbox 2344 1231 2428 1298; x_wconf 70' lang='grc' dir='ltr'><strong>Ὠς</strong></span> <span class='ocrx_word' id='word_1_192' title='bbox 2481 1239 2584 1310; x_wconf 73' lang='grc' dir='ltr'>γὰρ</span> <span class='ocrx_word' id='word_1_193' title='bbox 2622 1242 2824 1313; x_wconf 84' lang='grc' dir='ltr'>μητέρα</span> <span class='ocrx_word' id='word_1_194' title='bbox 2872 1243 3115 1311; x_wconf 75' lang='grc' dir='ltr'><strong>γυναικὸς</strong></span> <span class='ocrx_word' id='word_1_195' title='bbox 3161 1239 3220 1291; x_wconf 69' lang='grc' dir='ltr'>οὐ</span> <span class='ocrx_word' id='word_1_196' title='bbox 3240 1239 3483 1311; x_wconf 63' lang='grc' dir='ltr'>λήψεται,</span> <span class='ocrx_word' id='word_1_197' title='bbox 3535 1237 3653 1294; x_wconf 66' lang='grc' dir='ltr'><strong>οὐδὲ</strong></span> <span class='ocrx_word' id='word_1_198' title='bbox 3679 1243 3902 1315; x_wconf 70' lang='grc' dir='ltr'>θυγατέρα</span> 
     </span>
    </p>
   </div>
   <div class='ocr_carea' id='block_1_29' title="bbox 2343 1325 3904 1404">
    <p class='ocr_par' dir='ltr' id='par_1_29' title="bbox 2343 1325 3904 1404">
     <span class='ocr_line' id='line_1_29' title="bbox 2343 1325 3904 1404; baseline 0.003 -24"><span class='ocrx_word' id='word_1_199' title='bbox 2343 1335 2440 1388; x_wconf 85' lang='grc' dir='ltr'><strong>τῆς</strong></span> <span class='ocrx_word' id='word_1_200' title='bbox 2483 1331 2748 1400; x_wconf 68' lang='grc' dir='ltr'>γυναικὸς,</span> <span class='ocrx_word' id='word_1_201' title='bbox 2783 1325 2924 1381; x_wconf 73' lang='grc' dir='ltr'>διότι</span> <span class='ocrx_word' id='word_1_202' title='bbox 2972 1326 3113 1402; x_wconf 71' lang='grc' dir='ltr'>μηδὲ</span> <span class='ocrx_word' id='word_1_203' title='bbox 3155 1334 3250 1388; x_wconf 78' lang='grc' dir='ltr'>τὴν</span> <span class='ocrx_word' id='word_1_204' title='bbox 3310 1329 3495 1383; x_wconf 74' lang='grc' dir='ltr'>ἑαυτοῦ</span> <span class='ocrx_word' id='word_1_205' title='bbox 3547 1335 3754 1404; x_wconf 74' lang='grc' dir='ltr'>μητέρα,</span> <span class='ocrx_word' id='word_1_206' title='bbox 3791 1329 3904 1404; x_wconf 65' lang='grc' dir='ltr'>μηδὶ</span> 
     </span>
    </p>
   </div>
   <div class='ocr_carea' id='block_1_30' title="bbox 2347 1416 3901 1495">
    <p class='ocr_par' dir='ltr' id='par_1_30' title="bbox 2347 1416 3901 1495">
     <span class='ocr_line' id='line_1_30' title="bbox 2347 1416 3901 1495; baseline 0.002 -25"><span class='ocrx_word' id='word_1_207' title='bbox 2347 1423 2442 1477; x_wconf 75' lang='grc' dir='ltr'>τὴν</span> <span class='ocrx_word' id='word_1_208' title='bbox 2482 1417 2666 1471; x_wconf 77' lang='grc' dir='ltr'>ἑαυτοῦ</span> <span class='ocrx_word' id='word_1_209' title='bbox 2699 1420 2995 1495; x_wconf 74' lang='grc' dir='ltr'>θυγατέραο</span> <span class='ocrx_word' id='word_1_210' title='bbox 3037 1420 3199 1482; x_wconf 74' lang='grc' dir='ltr'>οὕτως</span> <span class='ocrx_word' id='word_1_211' title='bbox 3253 1416 3370 1473; x_wconf 75' lang='grc' dir='ltr'><strong>οὐδ’</strong></span> <span class='ocrx_word' id='word_1_212' title='bbox 3426 1417 3648 1493; x_wconf 72' lang='grc' dir='ltr'>ἀδελφὴν</span> <span class='ocrx_word' id='word_1_213' title='bbox 3674 1426 3901 1494; x_wconf 69' lang='grc' dir='ltr'>γυναικὸς,</span> 
     </span>
    </p>
   </div>
   <div class='ocr_carea' id='block_1_31' title="bbox 2351 1504 3901 1583">
    <p class='ocr_par' dir='ltr' id='par_1_31' title="bbox 2351 1504 3901 1583">
     <span class='ocr_line' id='line_1_31' title="bbox 2351 1504 3901 1583; baseline 0.002 -23"><span class='ocrx_word' id='word_1_214' title='bbox 2351 1504 2490 1560; x_wconf 72' lang='grc' dir='ltr'>διότι</span> <span class='ocrx_word' id='word_1_215' title='bbox 2527 1504 2666 1581; x_wconf 72' lang='grc' dir='ltr'>μηδὲ</span> <span class='ocrx_word' id='word_1_216' title='bbox 2693 1505 2911 1581; x_wconf 72' lang='grc' dir='ltr'>ἀδελφὴν</span> <span class='ocrx_word' id='word_1_217' title='bbox 2942 1508 3148 1563; x_wconf 74' lang='grc' dir='ltr'>ἑαυτοῦ.</span> <span class='ocrx_word' id='word_1_218' title='bbox 3199 1513 3300 1563; x_wconf 80' lang='grc' dir='ltr'><strong>Καὶ</strong></span> <span class='ocrx_word' id='word_1_219' title='bbox 3343 1512 3400 1562; x_wconf 86' lang='grc' dir='ltr'>τὸ</span> <span class='ocrx_word' id='word_1_220' title='bbox 3425 1507 3687 1575; x_wconf 70' lang='grc' dir='ltr'>ἀνάπαλιν,</span> <span class='ocrx_word' id='word_1_221' title='bbox 3713 1506 3823 1563; x_wconf 63' lang='grc' dir='ltr'><strong>οὐδὲ</strong></span> <span class='ocrx_word' id='word_1_222' title='bbox 3850 1519 3901 1583; x_wconf 75' lang='grc' dir='ltr'><strong>τῇ</strong></span> 
     </span>
    </p>
   </div>
   <div class='ocr_carea' id='block_1_32' title="bbox 2348 1594 3902 1670">
    <p class='ocr_par' dir='ltr' id='par_1_32' title="bbox 2348 1594 3902 1670">
     <span class='ocr_line' id='line_1_32' title="bbox 2348 1594 3902 1670; baseline 0.001 -22"><span class='ocrx_word' id='word_1_223' title='bbox 2348 1602 2561 1669; x_wconf 76' lang='grc' dir='ltr'><strong>γυναικὶ</strong></span> <span class='ocrx_word' id='word_1_224' title='bbox 2610 1596 2813 1661; x_wconf 77' lang='grc' dir='ltr'><strong>ἐξέσται</strong></span> <span class='ocrx_word' id='word_1_225' title='bbox 2858 1605 2969 1658; x_wconf 85' lang='grc' dir='ltr'>τοῖς</span> <span class='ocrx_word' id='word_1_226' title='bbox 3025 1597 3238 1659; x_wconf 79' lang='grc' dir='ltr'><strong>οἰκείοις</strong></span> <span class='ocrx_word' id='word_1_227' title='bbox 3282 1605 3375 1651; x_wconf 78' lang='grc' dir='ltr'>τοῦ</span> <span class='ocrx_word' id='word_1_228' title='bbox 3430 1594 3613 1670; x_wconf 69' lang='grc' dir='ltr'>ἀνδρὸς</span> <span class='ocrx_word' id='word_1_229' title='bbox 3668 1607 3902 1651; x_wconf 79' lang='grc' dir='ltr'><strong>συνοικεῖν.</strong></span> 
     </span>
    </p>
   </div>
   <div class='ocr_carea' id='block_1_33' title="bbox 2354 1681 3907 1761">
    <p class='ocr_par' dir='ltr' id='par_1_33' title="bbox 2354 1681 3907 1761">
     <span class='ocr_line' id='line_1_33' title="bbox 2354 1681 3907 1761; baseline -0.002 -21"><span class='ocrx_word' id='word_1_230' title='bbox 2354 1689 2515 1740; x_wconf 81' lang='grc' dir='ltr'>Κοινὰ</span> <span class='ocrx_word' id='word_1_231' title='bbox 2568 1689 2669 1761; x_wconf 75' lang='grc' dir='ltr'><strong>γὰρ</strong></span> <span class='ocrx_word' id='word_1_232' title='bbox 2732 1685 2810 1738; x_wconf 80' lang='grc' dir='ltr'><strong>ἐπ’</strong></span> <span class='ocrx_word' id='word_1_233' title='bbox 2864 1685 3163 1760; x_wconf 65' lang='grc' dir='ltr'>ἀμφοτέρων</span> <span class='ocrx_word' id='word_1_234' title='bbox 3225 1695 3320 1749; x_wconf 84' lang='grc' dir='ltr'>τῆς</span> <span class='ocrx_word' id='word_1_235' title='bbox 3400 1691 3688 1759; x_wconf 73' lang='grc' dir='ltr'>συγγενείας</span> <span class='ocrx_word' id='word_1_236' title='bbox 3738 1687 3797 1737; x_wconf 77' lang='grc' dir='ltr'>τὰ</span> <span class='ocrx_word' id='word_1_237' title='bbox 3838 1681 3907 1737; x_wconf 77' lang='grc' dir='ltr'><strong>δί-</strong></span> 
     </span>
    </p>
   </div>
   <div class='ocr_carea' id='block_1_34' title="bbox 574 1767 2242 1851">
    <p class='ocr_par' dir='ltr' id='par_1_34' title="bbox 574 1767 2242 1843">
     <span class='ocr_line' id='line_1_34' title="bbox 574 1767 2242 1843; baseline -0.002 -16"><span class='ocrx_word' id='word_1_238' title='bbox 574 1771 851 1843; x_wconf 88' lang='lat' dir='ltr'><strong>jungere.</strong></span> <span class='ocrx_word' id='word_1_239' title='bbox 878 1771 1027 1828; x_wconf 91' lang='lat' dir='ltr'><strong>Sunt</strong></span> <span class='ocrx_word' id='word_1_240' title='bbox 1053 1768 1217 1826; x_wconf 89' lang='lat' dir='ltr'><strong>enim</strong></span> <span class='ocrx_word' id='word_1_241' title='bbox 1255 1771 1535 1842; x_wconf 87' lang='lat' dir='ltr'><strong>utrinque</strong></span> <span class='ocrx_word' id='word_1_242' title='bbox 1559 1769 1909 1826; x_wconf 88' lang='lat' dir='ltr'><strong>communia</strong></span> <span class='ocrx_word' id='word_1_243' title='bbox 1935 1767 2242 1825; x_wconf 79' lang='lat' dir='ltr'><strong>afﬁnitatis</strong></span> 
     </span>
    </p>
   </div>
   <div class='ocr_carea' id='block_1_35' title="bbox 2349 1767 3905 1851">
    <p class='ocr_par' dir='ltr' id='par_1_35' title="bbox 2352 1772 3905 1851">
     <span class='ocr_line' id='line_1_35' title="bbox 2352 1772 3905 1851; baseline -0.002 -22"><span class='ocrx_word' id='word_1_244' title='bbox 2352 1796 2497 1830; x_wconf 80' lang='grc' dir='ltr'>καιοι.</span> <span class='ocrx_word' id='word_1_245' title='bbox 2542 1777 2671 1848; x_wconf 75' lang='grc' dir='ltr'><strong>Ἐγὼ</strong></span> <span class='ocrx_word' id='word_1_246' title='bbox 2723 1772 2783 1829; x_wconf 64' lang='grc' dir='ltr'><strong>δὲ</strong></span> <span class='ocrx_word' id='word_1_247' title='bbox 2855 1781 3011 1829; x_wconf 84' lang='grc' dir='ltr'>παντὶ</span> <span class='ocrx_word' id='word_1_248' title='bbox 3082 1784 3153 1847; x_wconf 81' lang='grc' dir='ltr'>τῷ</span> <span class='ocrx_word' id='word_1_249' title='bbox 3209 1780 3327 1851; x_wconf 77' lang='grc' dir='ltr'>περὶ</span> <span class='ocrx_word' id='word_1_250' title='bbox 3379 1777 3552 1849; x_wconf 75' lang='grc' dir='ltr'>γάμου</span> <span class='ocrx_word' id='word_1_251' title='bbox 3597 1773 3905 1849; x_wconf 71' lang='grc' dir='ltr'>βουλευομένῳ</span> 
     </span>
    </p>
   </div>
   <div class='ocr_carea' id='block_1_36' title="bbox 578 1856 2245 1933">
    <p class='ocr_par' dir='ltr' id='par_1_36' title="bbox 578 1856 2245 1933">
     <span class='ocr_line' id='line_1_36' title="bbox 578 1856 2245 1933; baseline -0.002 -17"><span class='ocrx_word' id='word_1_252' title='bbox 578 1860 738 1932; x_wconf 85' lang='lat' dir='ltr'><strong>jura.</strong></span> <span class='ocrx_word' id='word_1_253' title='bbox 787 1862 912 1926; x_wconf 85' lang='lat' dir='ltr'><strong>Ego</strong></span> <span class='ocrx_word' id='word_1_254' title='bbox 961 1875 1146 1933; x_wconf 90' lang='lat' dir='ltr'><strong>porro</strong></span> <span class='ocrx_word' id='word_1_255' title='bbox 1198 1858 1444 1916; x_wconf 89' lang='lat' dir='ltr'><strong>cuilibet</strong></span> <span class='ocrx_word' id='word_1_256' title='bbox 1494 1858 1571 1915; x_wconf 90' lang='lat' dir='ltr'><strong>de</strong></span> <span class='ocrx_word' id='word_1_257' title='bbox 1626 1858 1852 1932; x_wconf 90' lang='lat' dir='ltr'><strong>nuptiis</strong></span> <span class='ocrx_word' id='word_1_258' title='bbox 1903 1856 2245 1915; x_wconf 87' lang='lat' dir='ltr'><strong>consulenti</strong></span> 
     </span>
    </p>
   </div>
   <div class='ocr_carea' id='block_1_37' title="bbox 582 1946 2241 2022">
    <p class='ocr_par' dir='ltr' id='par_1_37' title="bbox 582 1946 2241 2022">
     <span class='ocr_line' id='line_1_37' title="bbox 582 1946 2241 2022; baseline -0.002 -17"><span class='ocrx_word' id='word_1_259' title='bbox 582 1948 886 2020; x_wconf 85' lang='lat' dir='ltr'><strong>testiﬁcor,</strong></span> <span class='ocrx_word' id='word_1_260' title='bbox 919 1948 1223 2022; x_wconf 65' lang='lat' dir='ltr'><strong>praeterire</strong></span> <span class='ocrx_word' id='word_1_261' title='bbox 1250 1948 1515 2019; x_wconf 81' lang='lat' dir='ltr'><strong>ﬁguram</strong></span> <span class='ocrx_word' id='word_1_262' title='bbox 1542 1947 1725 2019; x_wconf 86' lang='lat' dir='ltr'><strong>hujus</strong></span> <span class='ocrx_word' id='word_1_263' title='bbox 1750 1946 1987 2017; x_wconf 88' lang='lat' dir='ltr'><strong>mundi,</strong></span> <span class='ocrx_word' id='word_1_264' title='bbox 2009 1950 2067 2003; x_wconf 92' lang='lat' dir='ltr'><strong>et</strong></span> <span class='ocrx_word' id='word_1_265' title='bbox 2096 1950 2241 2002; x_wconf 88' lang='lat' dir='ltr'><strong>tem-</strong></span> 
     </span>
    </p>
   </div>
   <div class='ocr_carea' id='block_1_38' title="bbox 583 2037 2244 2112">
    <p class='ocr_par' dir='ltr' id='par_1_38' title="bbox 583 2037 2244 2112">
     <span class='ocr_line' id='line_1_38' title="bbox 583 2037 2244 2112; baseline -0.002 -17"><span class='ocrx_word' id='word_1_266' title='bbox 583 2055 701 2112; x_wconf 90' lang='lat' dir='ltr'><strong>pus</strong></span> <span class='ocrx_word' id='word_1_267' title='bbox 728 2037 910 2095; x_wconf 83' lang='lat' dir='ltr'><strong>breve</strong></span> <span class='ocrx_word' id='word_1_268' title='bbox 941 2038 1175 2101; x_wconf 89' lang='lat' dir='ltr'><strong>esse,Ut</strong></span> <span class='ocrx_word' id='word_1_269' title='bbox 1198 2038 1303 2109; x_wconf 89' lang='lat' dir='ltr'><strong>qui</strong></span> <span class='ocrx_word' id='word_1_270' title='bbox 1333 2037 1555 2094; x_wconf 83' lang='lat' dir='ltr'><strong>habent</strong></span> <span class='ocrx_word' id='word_1_271' title='bbox 1571 2051 1789 2093; x_wconf 71' lang='lat' dir='ltr'><strong>uxores</strong></span> <span class='ocrx_word' id='word_1_272' title='bbox 1816 2042 2106 2108; x_wconf 86' lang='lat' dir='ltr'><strong>tanquam</strong></span> <span class='ocrx_word' id='word_1_273' title='bbox 2122 2050 2244 2092; x_wconf 86' lang='lat' dir='ltr'><strong>non</strong></span> 
     </span>
    </p>
   </div>
   <div class='ocr_carea' id='block_1_39' title="bbox 589 2124 2240 2199">
    <p class='ocr_par' dir='ltr' id='par_1_39' title="bbox 589 2124 2240 2199">
     <span class='ocr_line' id='line_1_39' title="bbox 589 2124 2240 2199; baseline -0.004 -12"><span class='ocrx_word' id='word_1_274' title='bbox 589 2129 871 2187; x_wconf 85' lang='lat' dir='ltr'><strong>habentes</strong></span> <span class='ocrx_word' id='word_1_275' title='bbox 894 2128 1016 2185; x_wconf 88' lang='lat' dir='ltr'><strong>sint</strong></span> <span class='ocrx_word' id='word_1_276' title='bbox 1029 2126 1280 2194; x_wconf 67' lang='lat' dir='ltr'><strong>3°.Quod</strong></span> <span class='ocrx_word' id='word_1_277' title='bbox 1306 2127 1357 2183; x_wconf 90' lang='lat' dir='ltr'><strong>si</strong></span> <span class='ocrx_word' id='word_1_278' title='bbox 1374 2126 1522 2183; x_wconf 90' lang='lat' dir='ltr'><strong>mihi</strong></span> <span class='ocrx_word' id='word_1_279' title='bbox 1549 2141 1870 2199; x_wconf 89' lang='lat' dir='ltr'><strong>perperam</strong></span> <span class='ocrx_word' id='word_1_280' title='bbox 1893 2125 2055 2197; x_wconf 81' lang='lat' dir='ltr'><strong>legat</strong></span> <span class='ocrx_word' id='word_1_281' title='bbox 2074 2124 2240 2181; x_wconf 91' lang='lat' dir='ltr'><strong>illud:</strong></span> 
     </span>
    </p>
   </div>
   <div class='ocr_carea' id='block_1_40' title="bbox 590 2215 2247 2287">
    <p class='ocr_par' dir='ltr' id='par_1_40' title="bbox 590 2215 2247 2287">
     <span class='ocr_line' id='line_1_40' title="bbox 590 2215 2247 2287; baseline -0.002 -12"><span class='ocrx_word' id='word_1_282' title='bbox 590 2219 852 2276; x_wconf 81' lang='lat' dir='ltr'><strong>Crescite</strong></span> <span class='ocrx_word' id='word_1_283' title='bbox 880 2222 936 2275; x_wconf 91' lang='lat' dir='ltr'><strong>et</strong></span> <span class='ocrx_word' id='word_1_284' title='bbox 964 2216 1530 2287; x_wconf 71' lang='lat' dir='ltr'><strong>multiplicamini”:</strong></span> <span class='ocrx_word' id='word_1_285' title='bbox 1552 2215 1720 2272; x_wconf 90' lang='lat' dir='ltr'><strong>rideo</strong></span> <span class='ocrx_word' id='word_1_286' title='bbox 1746 2215 1951 2286; x_wconf 87' lang='lat' dir='ltr'><strong>legum</strong></span> <span class='ocrx_word' id='word_1_287' title='bbox 1972 2219 2247 2287; x_wconf 88' lang='lat' dir='ltr'><strong>tempora</strong></span> 
     </span>
    </p>
   </div>
   <div class='ocr_carea' id='block_1_41' title="bbox 586 2303 2244 2377">
    <p class='ocr_par' dir='ltr' id='par_1_41' title="bbox 586 2303 2244 2377">
     <span class='ocr_line' id='line_1_41' title="bbox 586 2303 2244 2377; baseline -0.001 -14"><span class='ocrx_word' id='word_1_288' title='bbox 586 2313 711 2363; x_wconf 88' lang='lat' dir='ltr'><strong>non</strong></span> <span class='ocrx_word' id='word_1_289' title='bbox 740 2303 1640 2363; x_wconf 84' lang='lat' dir='ltr'><strong>discernentem.Fornicationis</strong></span> <span class='ocrx_word' id='word_1_290' title='bbox 1660 2304 1996 2362; x_wconf 89' lang='lat' dir='ltr'><strong>remedium</strong></span> <span class='ocrx_word' id='word_1_291' title='bbox 2017 2304 2244 2377; x_wconf 66' lang='lat' dir='ltr'><strong>nuptias</strong></span> 
     </span>
    </p>
   </div>
   <div class='ocr_carea' id='block_1_42' title="bbox 588 2392 2246 2463">
    <p class='ocr_par' dir='ltr' id='par_1_42' title="bbox 588 2392 2246 2463">
     <span class='ocr_line' id='line_1_42' title="bbox 588 2392 2246 2463; baseline -0.001 -12"><span class='ocrx_word' id='word_1_292' title='bbox 588 2393 893 2463; x_wconf 68' lang='lat' dir='ltr'><strong>secundas,</strong></span> <span class='ocrx_word' id='word_1_293' title='bbox 923 2409 1049 2451; x_wconf 92' lang='lat' dir='ltr'><strong>non</strong></span> <span class='ocrx_word' id='word_1_294' title='bbox 1078 2393 1321 2451; x_wconf 85' lang='lat' dir='ltr'><strong>occasio</strong></span> <span class='ocrx_word' id='word_1_295' title='bbox 1358 2392 1640 2450; x_wconf 69' lang='lat' dir='ltr'><strong>lasciviae.</strong></span> <span class='ocrx_word' id='word_1_296' title='bbox 1691 2393 1749 2450; x_wconf 88' lang='lat' dir='ltr'><strong>Si</strong></span> <span class='ocrx_word' id='word_1_297' title='bbox 1791 2409 1856 2450; x_wconf 88' lang='lat' dir='ltr'><strong>se</strong></span> <span class='ocrx_word' id='word_1_298' title='bbox 1885 2408 2009 2450; x_wconf 89' lang='lat' dir='ltr'><strong>non</strong></span> <span class='ocrx_word' id='word_1_299' title='bbox 2060 2393 2246 2449; x_wconf 86' lang='lat' dir='ltr'><strong>conti-</strong></span> 
     </span>
    </p>
   </div>
   <div class='ocr_carea' id='block_1_43' title="bbox 586 2481 2245 2557">
    <p class='ocr_par' dir='ltr' id='par_1_43' title="bbox 586 2481 2245 2557">
     <span class='ocr_line' id='line_1_43' title="bbox 586 2481 2245 2557; baseline -0.002 -16"><span class='ocrx_word' id='word_1_300' title='bbox 586 2484 1014 2554; x_wconf 88' lang='lat' dir='ltr'><strong>nent;nubant,</strong></span> <span class='ocrx_word' id='word_1_301' title='bbox 1062 2482 1259 2557; x_wconf 90' lang='lat' dir='ltr'><strong>inquit</strong></span> <span class='ocrx_word' id='word_1_302' title='bbox 1274 2484 1341 2554; x_wconf 68' lang='grc' dir='ltr'><strong>⁸ο,</strong></span> <span class='ocrx_word' id='word_1_303' title='bbox 1372 2498 1497 2541; x_wconf 93' lang='lat' dir='ltr'><strong>non</strong></span> <span class='ocrx_word' id='word_1_304' title='bbox 1533 2498 1674 2540; x_wconf 87' lang='lat' dir='ltr'><strong>vero</strong></span> <span class='ocrx_word' id='word_1_305' title='bbox 1703 2487 1762 2540; x_wconf 89' lang='lat' dir='ltr'><strong>et</strong></span> <span class='ocrx_word' id='word_1_306' title='bbox 1814 2482 2113 2540; x_wconf 89' lang='lat' dir='ltr'><strong>nubentes</strong></span> <span class='ocrx_word' id='word_1_307' title='bbox 2161 2481 2245 2539; x_wconf 88' lang='lat' dir='ltr'><strong>le-</strong></span> 
     </span>
    </p>
   </div>
   <div class='ocr_carea' id='block_1_44' title="bbox 591 2573 1008 2645">
    <p class='ocr_par' dir='ltr' id='par_1_44' title="bbox 591 2573 1008 2645">
     <span class='ocr_line' id='line_1_44' title="bbox 591 2573 1008 2645; baseline -0.005 -15"><span class='ocrx_word' id='word_1_308' title='bbox 591 2587 730 2645; x_wconf 82' lang='lat' dir='ltr'><strong>gem</strong></span> <span class='ocrx_word' id='word_1_309' title='bbox 756 2573 1008 2630; x_wconf 84' lang='lat' dir='ltr'><strong>violent.</strong></span> 
     </span>
    </p>
   </div>
   <div class='ocr_carea' id='block_1_45' title="bbox 661 2659 2245 2735">
    <p class='ocr_par' dir='ltr' id='par_1_45' title="bbox 661 2659 2245 2735">
     <span class='ocr_line' id='line_1_45' title="bbox 661 2659 2245 2735; baseline -0.001 -16"><span class='ocrx_word' id='word_1_310' title='bbox 661 2668 719 2720; x_wconf 84' lang='lat'><strong>5.</strong></span> <span class='ocrx_word' id='word_1_311' title='bbox 763 2662 860 2720; x_wconf 85' lang='lat' dir='ltr'><strong>Isti</strong></span> <span class='ocrx_word' id='word_1_312' title='bbox 885 2666 1107 2734; x_wconf 89' lang='lat' dir='ltr'><strong>autem,</strong></span> <span class='ocrx_word' id='word_1_313' title='bbox 1141 2676 1402 2735; x_wconf 91' lang='lat' dir='ltr'><strong>quorum</strong></span> <span class='ocrx_word' id='word_1_314' title='bbox 1418 2660 1658 2718; x_wconf 88' lang='lat' dir='ltr'><strong>animus</strong></span> <span class='ocrx_word' id='word_1_315' title='bbox 1687 2660 1833 2718; x_wconf 83' lang='lat' dir='ltr'><strong>vitio</strong></span> <span class='ocrx_word' id='word_1_316' title='bbox 1862 2659 2245 2734; x_wconf 87' lang='lat' dir='ltr'><strong>turpitudinis</strong></span> 
     </span>
    </p>
   </div>
   <div class='ocr_carea' id='block_1_46' title="bbox 585 2750 2243 2829">
    <p class='ocr_par' dir='ltr' id='par_1_46' title="bbox 585 2750 2243 2829">
     <span class='ocr_line' id='line_1_46' title="bbox 585 2750 2243 2829; baseline -0.003 -17"><span class='ocrx_word' id='word_1_317' title='bbox 585 2754 789 2829; x_wconf 92' lang='lat' dir='ltr'><strong>lippus</strong></span> <span class='ocrx_word' id='word_1_318' title='bbox 819 2756 927 2821; x_wconf 91' lang='lat' dir='ltr'><strong>est,</strong></span> <span class='ocrx_word' id='word_1_319' title='bbox 947 2768 1023 2809; x_wconf 90' lang='lat' dir='ltr'><strong>ne</strong></span> <span class='ocrx_word' id='word_1_320' title='bbox 1053 2751 1132 2809; x_wconf 91' lang='lat' dir='ltr'><strong>ad</strong></span> <span class='ocrx_word' id='word_1_321' title='bbox 1156 2756 1432 2809; x_wconf 87' lang='lat' dir='ltr'><strong>naturam</strong></span> <span class='ocrx_word' id='word_1_322' title='bbox 1464 2750 1713 2825; x_wconf 88' lang='lat' dir='ltr'><strong>quidem</strong></span> <span class='ocrx_word' id='word_1_323' title='bbox 1732 2751 2080 2825; x_wconf 85' lang='lat' dir='ltr'><strong>respiciunt,</strong></span> <span class='ocrx_word' id='word_1_324' title='bbox 2103 2766 2243 2825; x_wconf 61' lang='lat' dir='ltr'><strong>qua:</strong></span> 
     </span>
    </p>
   </div>
   <div class='ocr_carea' id='block_1_47' title="bbox 582 2841 2243 2919">
    <p class='ocr_par' dir='ltr' id='par_1_47' title="bbox 582 2841 2243 2919">
     <span class='ocr_line' id='line_1_47' title="bbox 582 2841 2243 2919; baseline -0.004 -16"><span class='ocrx_word' id='word_1_325' title='bbox 582 2846 715 2919; x_wconf 90' lang='lat' dir='ltr'><strong>jam</strong></span> <span class='ocrx_word' id='word_1_326' title='bbox 738 2843 884 2902; x_wconf 86' lang='lat' dir='ltr'><strong>olim</strong></span> <span class='ocrx_word' id='word_1_327' title='bbox 911 2842 1145 2915; x_wconf 83' lang='lat' dir='ltr'><strong>generis</strong></span> <span class='ocrx_word' id='word_1_328' title='bbox 1175 2843 1427 2899; x_wconf 88' lang='lat' dir='ltr'><strong>nomina</strong></span> <span class='ocrx_word' id='word_1_329' title='bbox 1463 2841 1764 2899; x_wconf 82' lang='lat' dir='ltr'><strong>discrevit.</strong></span> <span class='ocrx_word' id='word_1_330' title='bbox 1800 2844 1883 2898; x_wconf 80' lang='lat' dir='ltr'><strong>Ex</strong></span> <span class='ocrx_word' id='word_1_331' title='bbox 1912 2857 2036 2915; x_wconf 87' lang='lat' dir='ltr'><strong>qua</strong></span> <span class='ocrx_word' id='word_1_332' title='bbox 2080 2841 2243 2899; x_wconf 91' lang='lat' dir='ltr'><strong>enim</strong></span> 
     </span>
    </p>
   </div>
   <div class='ocr_carea' id='block_1_48' title="bbox 588 2930 2246 3007">
    <p class='ocr_par' dir='ltr' id='par_1_48' title="bbox 588 2930 2246 3007">
     <span class='ocr_line' id='line_1_48' title="bbox 588 2930 2246 3007; baseline -0.003 -15"><span class='ocrx_word' id='word_1_333' title='bbox 588 2932 945 3007; x_wconf 87' lang='lat' dir='ltr'><strong>cognatione</strong></span> <span class='ocrx_word' id='word_1_334' title='bbox 970 2936 1145 2990; x_wconf 89' lang='lat' dir='ltr'><strong>natos</strong></span> <span class='ocrx_word' id='word_1_335' title='bbox 1168 2930 1611 3005; x_wconf 87' lang='lat' dir='ltr'><strong>appellabunt?</strong></span> <span class='ocrx_word' id='word_1_336' title='bbox 1638 2932 1970 2998; x_wconf 87' lang='lat' dir='ltr'><strong>Fratresne,</strong></span> <span class='ocrx_word' id='word_1_337' title='bbox 1998 2946 2077 2987; x_wconf 90' lang='lat' dir='ltr'><strong>an</strong></span> <span class='ocrx_word' id='word_1_338' title='bbox 2107 2946 2246 2988; x_wconf 89' lang='lat' dir='ltr'><strong>con-</strong></span> 
     </span>
    </p>
   </div>
   <div class='ocr_carea' id='block_1_49' title="bbox 589 3019 2244 3092">
    <p class='ocr_par' dir='ltr' id='par_1_49' title="bbox 589 3019 2244 3092">
     <span class='ocr_line' id='line_1_49' title="bbox 589 3019 2244 3092; baseline -0.003 -11"><span class='ocrx_word' id='word_1_339' title='bbox 589 3023 872 3081; x_wconf 90' lang='lat' dir='ltr'><strong>sobrinos</strong></span> <span class='ocrx_word' id='word_1_340' title='bbox 892 3020 1255 3078; x_wconf 84' lang='lat' dir='ltr'><strong>vocabunt?</strong></span> <span class='ocrx_word' id='word_1_341' title='bbox 1292 3019 1591 3092; x_wconf 88' lang='lat' dir='ltr'><strong>siquidem</strong></span> <span class='ocrx_word' id='word_1_342' title='bbox 1650 3035 1873 3076; x_wconf 89' lang='lat' dir='ltr'><strong>nomen</strong></span> <span class='ocrx_word' id='word_1_343' title='bbox 1920 3023 2244 3092; x_wconf 91' lang='lat' dir='ltr'><strong>utrumque</strong></span> 
     </span>
    </p>
   </div>
   <div class='ocr_carea' id='block_1_50' title="bbox 589 3108 2314 3185">
    <p class='ocr_par' dir='ltr' id='par_1_50' title="bbox 589 3108 2314 3185">
     <span class='ocr_line' id='line_1_50' title="bbox 589 3108 2314 3185; baseline -0.003 -15"><span class='ocrx_word' id='word_1_344' title='bbox 589 3112 674 3171; x_wconf 89' lang='lat' dir='ltr'><strong>eis</strong></span> <span class='ocrx_word' id='word_1_345' title='bbox 726 3111 807 3169; x_wconf 91' lang='lat' dir='ltr'><strong>ob</strong></span> <span class='ocrx_word' id='word_1_346' title='bbox 855 3109 1276 3168; x_wconf 87' lang='lat' dir='ltr'><strong>confusionem</strong></span> <span class='ocrx_word' id='word_1_347' title='bbox 1308 3109 1603 3179; x_wconf 86' lang='lat' dir='ltr'><strong>congruit.</strong></span> <span class='ocrx_word' id='word_1_348' title='bbox 1662 3112 1740 3165; x_wconf 86' lang='lat' dir='ltr'><strong>Ne</strong></span> <span class='ocrx_word' id='word_1_349' title='bbox 1792 3108 2005 3173; x_wconf 88' lang='lat' dir='ltr'><strong>facias,</strong></span> <span class='ocrx_word' id='word_1_350' title='bbox 2058 3124 2095 3166; x_wconf 97' lang='lat' dir='ltr'><strong>o</strong></span> <span class='ocrx_word' id='word_1_351' title='bbox 2140 3108 2246 3165; x_wconf 90' lang='lat' dir='ltr'><strong>ho-</strong></span> <span class='ocrx_word' id='word_1_352' title='bbox 2274 3130 2314 3185; x_wconf 69' lang='grc' dir='ltr'><strong><em>ε</em></strong></span> 
     </span>
    </p>
   </div>
   <div class='ocr_carea' id='block_1_51' title="bbox 590 3198 2247 3271">
    <p class='ocr_par' dir='ltr' id='par_1_51' title="bbox 590 3198 2247 3271">
     <span class='ocr_line' id='line_1_51' title="bbox 590 3198 2247 3271; baseline -0.004 -11"><span class='ocrx_word' id='word_1_353' title='bbox 590 3219 715 3271; x_wconf 91' lang='lat' dir='ltr'><strong>mo,</strong></span> <span class='ocrx_word' id='word_1_354' title='bbox 777 3202 1026 3258; x_wconf 90' lang='lat' dir='ltr'><strong>amitam</strong></span> <span class='ocrx_word' id='word_1_355' title='bbox 1061 3214 1388 3257; x_wconf 88' lang='lat' dir='ltr'><strong>novercam</strong></span> <span class='ocrx_word' id='word_1_356' title='bbox 1426 3198 1789 3268; x_wconf 85' lang='lat' dir='ltr'><strong>infantium;</strong></span> <span class='ocrx_word' id='word_1_357' title='bbox 1842 3213 1954 3254; x_wconf 91' lang='lat' dir='ltr'><strong>nec</strong></span> <span class='ocrx_word' id='word_1_358' title='bbox 1998 3213 2136 3270; x_wconf 74' lang='lat' dir='ltr'><strong>quae</strong></span> <span class='ocrx_word' id='word_1_359' title='bbox 2184 3198 2247 3255; x_wconf 90' lang='lat' dir='ltr'><strong>in</strong></span> 
     </span>
    </p>
   </div>
   <div class='ocr_carea' id='block_1_52' title="bbox 591 3285 2250 3359">
    <p class='ocr_par' dir='ltr' id='par_1_52' title="bbox 591 3285 2250 3359">
     <span class='ocr_line' id='line_1_52' title="bbox 591 3285 2250 3359; baseline -0.003 -12"><span class='ocrx_word' id='word_1_360' title='bbox 591 3289 803 3347; x_wconf 88' lang='lat' dir='ltr'><strong>matris</strong></span> <span class='ocrx_word' id='word_1_361' title='bbox 824 3288 960 3346; x_wconf 92' lang='lat' dir='ltr'><strong>loco</strong></span> <span class='ocrx_word' id='word_1_362' title='bbox 986 3288 1188 3345; x_wconf 77' lang='lat' dir='ltr'><strong>fovere</strong></span> <span class='ocrx_word' id='word_1_363' title='bbox 1216 3287 1417 3358; x_wconf 89' lang='lat' dir='ltr'><strong>debet,</strong></span> <span class='ocrx_word' id='word_1_364' title='bbox 1449 3302 1586 3343; x_wconf 88' lang='lat' dir='ltr'><strong>eam</strong></span> <span class='ocrx_word' id='word_1_365' title='bbox 1615 3285 1999 3343; x_wconf 76' lang='lat' dir='ltr'><strong>aemulatione</strong></span> <span class='ocrx_word' id='word_1_366' title='bbox 2028 3285 2250 3359; x_wconf 88' lang='lat' dir='ltr'><strong>impla-</strong></span> 
     </span>
    </p>
   </div>
   <div class='ocr_carea' id='block_1_53' title="bbox 591 3376 2247 3448">
    <p class='ocr_par' dir='ltr' id='par_1_53' title="bbox 591 3376 2247 3448">
     <span class='ocr_line' id='line_1_53' title="bbox 591 3376 2247 3448; baseline -0.002 -12"><span class='ocrx_word' id='word_1_367' title='bbox 591 3378 772 3436; x_wconf 89' lang='lat' dir='ltr'><strong>cabili</strong></span> <span class='ocrx_word' id='word_1_368' title='bbox 826 3377 1178 3435; x_wconf 85' lang='lat' dir='ltr'><strong>armaveris.</strong></span> <span class='ocrx_word' id='word_1_369' title='bbox 1212 3381 1362 3434; x_wconf 89' lang='lat' dir='ltr'><strong>Nam</strong></span> <span class='ocrx_word' id='word_1_370' title='bbox 1405 3376 1601 3434; x_wconf 92' lang='lat' dir='ltr'><strong>solum</strong></span> <span class='ocrx_word' id='word_1_371' title='bbox 1628 3392 2027 3433; x_wconf 87' lang='lat' dir='ltr'><strong>novercarum</strong></span> <span class='ocrx_word' id='word_1_372' title='bbox 2055 3391 2247 3448; x_wconf 86' lang='lat' dir='ltr'><strong>genus</strong></span> 
     </span>
    </p>
   </div>
   <div class='ocr_carea' id='block_1_54' title="bbox 590 3465 2249 3540">
    <p class='ocr_par' dir='ltr' id='par_1_54' title="bbox 590 3465 2249 3540">
     <span class='ocr_line' id='line_1_54' title="bbox 590 3465 2249 3540; baseline -0.001 -15"><span class='ocrx_word' id='word_1_373' title='bbox 590 3468 774 3525; x_wconf 90' lang='lat' dir='ltr'><strong>etiam</strong></span> <span class='ocrx_word' id='word_1_374' title='bbox 794 3472 932 3540; x_wconf 91' lang='lat' dir='ltr'><strong>post</strong></span> <span class='ocrx_word' id='word_1_375' title='bbox 951 3471 1207 3523; x_wconf 84' lang='lat' dir='ltr'><strong>mortem</strong></span> <span class='ocrx_word' id='word_1_376' title='bbox 1237 3465 1447 3523; x_wconf 90' lang='lat' dir='ltr'><strong>odium</strong></span> <span class='ocrx_word' id='word_1_377' title='bbox 1473 3482 1543 3523; x_wconf 87' lang='lat' dir='ltr'><strong>ac</strong></span> <span class='ocrx_word' id='word_1_378' title='bbox 1565 3465 1940 3523; x_wconf 79' lang='lat' dir='ltr'><strong>inimicitiam</strong></span> <span class='ocrx_word' id='word_1_379' title='bbox 1960 3465 2249 3525; x_wconf 77' lang='lat' dir='ltr'><strong>extendit.</strong></span> 
     </span>
    </p>
   </div>
   <div class='ocr_carea' id='block_1_55' title="bbox 591 3555 2249 3629">
    <p class='ocr_par' dir='ltr' id='par_1_55' title="bbox 591 3555 2249 3629">
     <span class='ocr_line' id='line_1_55' title="bbox 591 3555 2249 3629; baseline -0.001 -14"><span class='ocrx_word' id='word_1_380' title='bbox 591 3559 741 3629; x_wconf 88' lang='lat' dir='ltr'><strong>lmo,</strong></span> <span class='ocrx_word' id='word_1_381' title='bbox 772 3556 874 3614; x_wconf 88' lang='lat' dir='ltr'><strong>alii</strong></span> <span class='ocrx_word' id='word_1_382' title='bbox 901 3555 1127 3613; x_wconf 88' lang='lat' dir='ltr'><strong>inimici</strong></span> <span class='ocrx_word' id='word_1_383' title='bbox 1155 3556 1410 3613; x_wconf 89' lang='lat' dir='ltr'><strong>mortuis</strong></span> <span class='ocrx_word' id='word_1_384' title='bbox 1436 3555 1933 3623; x_wconf 86' lang='lat' dir='ltr'><strong>reconciliantur;</strong></span> <span class='ocrx_word' id='word_1_385' title='bbox 1974 3571 2249 3613; x_wconf 61' lang='lat' dir='ltr'><strong>novercas</strong></span> 
     </span>
    </p>
   </div>
   <div class='ocr_carea' id='block_1_56' title="bbox 590 3644 2249 3720">
    <p class='ocr_par' dir='ltr' id='par_1_56' title="bbox 590 3644 2249 3720">
     <span class='ocr_line' id='line_1_56' title="bbox 590 3644 2249 3720; baseline -0.002 -16"><span class='ocrx_word' id='word_1_386' title='bbox 590 3646 789 3705; x_wconf 90' lang='lat' dir='ltr'><strong>odisse</strong></span> <span class='ocrx_word' id='word_1_387' title='bbox 816 3650 955 3720; x_wconf 88' lang='lat' dir='ltr'><strong>post</strong></span> <span class='ocrx_word' id='word_1_388' title='bbox 986 3650 1242 3703; x_wconf 86' lang='lat' dir='ltr'><strong>mortem</strong></span> <span class='ocrx_word' id='word_1_389' title='bbox 1296 3644 1609 3718; x_wconf 88' lang='lat' dir='ltr'><strong>incipiunt.</strong></span> <span class='ocrx_word' id='word_1_390' title='bbox 1649 3647 1899 3703; x_wconf 89' lang='lat' dir='ltr'><strong>Summa</strong></span> <span class='ocrx_word' id='word_1_391' title='bbox 1947 3645 2249 3702; x_wconf 89' lang='lat' dir='ltr'><strong>dictorum</strong></span> 
     </span>
    </p>
   </div>
   <div class='ocr_carea' id='block_1_57' title="bbox 591 3734 2251 3808">
    <p class='ocr_par' dir='ltr' id='par_1_57' title="bbox 591 3734 2251 3808">
     <span class='ocr_line' id='line_1_57' title="bbox 591 3734 2251 3808; baseline -0.002 -14"><span class='ocrx_word' id='word_1_392' title='bbox 591 3736 721 3794; x_wconf 70' lang='lat' dir='ltr'><strong>haec</strong></span> <span class='ocrx_word' id='word_1_393' title='bbox 744 3740 834 3794; x_wconf 91' lang='lat' dir='ltr'><strong>est</strong></span> <span class='ocrx_word' id='word_1_394' title='bbox 866 3752 879 3791; x_wconf 90' lang='lat'><strong>:</strong></span> <span class='ocrx_word' id='word_1_395' title='bbox 940 3735 998 3793; x_wconf 91' lang='lat' dir='ltr'><strong>Si</strong></span> <span class='ocrx_word' id='word_1_396' title='bbox 1043 3735 1180 3808; x_wconf 91' lang='lat' dir='ltr'><strong>quis</strong></span> <span class='ocrx_word' id='word_1_397' title='bbox 1226 3734 1489 3806; x_wconf 85' lang='lat' dir='ltr'><strong>legitime</strong></span> <span class='ocrx_word' id='word_1_398' title='bbox 1520 3735 1763 3808; x_wconf 89' lang='lat' dir='ltr'><strong>nuptias</strong></span> <span class='ocrx_word' id='word_1_399' title='bbox 1807 3734 2054 3808; x_wconf 84' lang='lat' dir='ltr'><strong>appetit,</strong></span> <span class='ocrx_word' id='word_1_400' title='bbox 2090 3739 2251 3792; x_wconf 89' lang='lat' dir='ltr'><strong>totus</strong></span> 
     </span>
    </p>
   </div>
   <div class='ocr_carea' id='block_1_58' title="bbox 592 3824 2250 3899">
    <p class='ocr_par' dir='ltr' id='par_1_58' title="bbox 592 3824 2250 3899">
     <span class='ocr_line' id='line_1_58' title="bbox 592 3824 2250 3899; baseline -0.002 -15"><span class='ocrx_word' id='word_1_401' title='bbox 592 3827 757 3885; x_wconf 84' lang='lat' dir='ltr'><strong>orbis</strong></span> <span class='ocrx_word' id='word_1_402' title='bbox 796 3830 1089 3884; x_wconf 85' lang='lat' dir='ltr'><strong>terrarum</strong></span> <span class='ocrx_word' id='word_1_403' title='bbox 1119 3829 1323 3899; x_wconf 87' lang='lat' dir='ltr'><strong>patet:</strong></span> <span class='ocrx_word' id='word_1_404' title='bbox 1358 3825 1450 3882; x_wconf 91' lang='lat' dir='ltr'><strong>sin</strong></span> <span class='ocrx_word' id='word_1_405' title='bbox 1499 3824 1747 3882; x_wconf 86' lang='lat' dir='ltr'><strong>libidine</strong></span> <span class='ocrx_word' id='word_1_406' title='bbox 1776 3824 2122 3897; x_wconf 89' lang='lat' dir='ltr'><strong>impellitur,</strong></span> <span class='ocrx_word' id='word_1_407' title='bbox 2170 3824 2250 3881; x_wconf 93' lang='lat' dir='ltr'><strong>ob</strong></span> 
     </span>
    </p>
   </div>
   <div class='ocr_carea' id='block_1_59' title="bbox 589 3914 2249 3985">
    <p class='ocr_par' dir='ltr' id='par_1_59' title="bbox 589 3914 2249 3985">
     <span class='ocr_line' id='line_1_59' title="bbox 589 3914 2249 3985; baseline -0.001 -13"><span class='ocrx_word' id='word_1_408' title='bbox 589 3916 654 3973; x_wconf 91' lang='lat' dir='ltr'><strong>id</strong></span> <span class='ocrx_word' id='word_1_409' title='bbox 679 3915 872 3985; x_wconf 86' lang='lat' dir='ltr'><strong>magis</strong></span> <span class='ocrx_word' id='word_1_410' title='bbox 900 3915 1081 3971; x_wconf 90' lang='lat' dir='ltr'><strong>etiam</strong></span> <span class='ocrx_word' id='word_1_411' title='bbox 1111 3914 1571 3979; x_wconf 81' lang='lat' dir='ltr'><strong>excludatur,Ut</strong></span> <span class='ocrx_word' id='word_1_412' title='bbox 1589 3915 1783 3971; x_wconf 80' lang='lat' dir='ltr'><strong>discat</strong></span> <span class='ocrx_word' id='word_1_413' title='bbox 1803 3929 1906 3971; x_wconf 88' lang='lat' dir='ltr'><strong>vas</strong></span> <span class='ocrx_word' id='word_1_414' title='bbox 1925 3930 2098 3971; x_wconf 90' lang='lat' dir='ltr'><strong>suum</strong></span> <span class='ocrx_word' id='word_1_415' title='bbox 2119 3929 2249 3984; x_wconf 82' lang='lat' dir='ltr'><strong>pos-</strong></span> 
     </span>
    </p>
   </div>
   <div class='ocr_carea' id='block_1_60' title="bbox 591 4001 2252 4072">
    <p class='ocr_par' dir='ltr' id='par_1_60' title="bbox 591 4001 2252 4072">
     <span class='ocr_line' id='line_1_60' title="bbox 591 4001 2252 4072; baseline 0 -14"><span class='ocrx_word' id='word_1_416' title='bbox 591 4003 786 4059; x_wconf 85' lang='lat' dir='ltr'><strong>sidere</strong></span> <span class='ocrx_word' id='word_1_417' title='bbox 811 4004 875 4058; x_wconf 90' lang='lat' dir='ltr'><strong>in</strong></span> <span class='ocrx_word' id='word_1_418' title='bbox 905 4002 1383 4070; x_wconf 79' lang='lat' dir='ltr'><strong>sanctiﬁcatione</strong></span> <span class='ocrx_word' id='word_1_419' title='bbox 1405 4007 1458 4057; x_wconf 85' lang='lat' dir='ltr'><strong>et</strong></span> <span class='ocrx_word' id='word_1_420' title='bbox 1491 4001 1860 4065; x_wconf 69' lang='lat' dir='ltr'><strong>honoremon</strong></span> <span class='ocrx_word' id='word_1_421' title='bbox 1886 4003 1948 4057; x_wconf 87' lang='lat' dir='ltr'><strong>in</strong></span> <span class='ocrx_word' id='word_1_422' title='bbox 1974 4003 2252 4072; x_wconf 82' lang='lat' dir='ltr'><strong>passione</strong></span> 
     </span>
    </p>
   </div>
   <div class='ocr_carea' id='block_1_61' title="bbox 594 4088 2250 4163">
    <p class='ocr_par' dir='ltr' id='par_1_61' title="bbox 594 4088 2250 4163">
     <span class='ocr_line' id='line_1_61' title="bbox 594 4088 2250 4163; baseline 0 -17"><span class='ocrx_word' id='word_1_423' title='bbox 594 4089 877 4147; x_wconf 82' lang='lat' dir='ltr'><strong>desiderii</strong></span> <span class='ocrx_word' id='word_1_424' title='bbox 901 4091 968 4143; x_wconf 78' lang='lat'><strong>“.</strong></span> <span class='ocrx_word' id='word_1_425' title='bbox 992 4091 1076 4145; x_wconf 88' lang='lat' dir='ltr'><strong>Me</strong></span> <span class='ocrx_word' id='word_1_426' title='bbox 1106 4089 1287 4160; x_wconf 89' lang='lat' dir='ltr'><strong>plura</strong></span> <span class='ocrx_word' id='word_1_427' title='bbox 1314 4088 1515 4145; x_wconf 91' lang='lat' dir='ltr'><strong>dicere</strong></span> <span class='ocrx_word' id='word_1_428' title='bbox 1544 4094 1861 4160; x_wconf 86' lang='lat' dir='ltr'><strong>parantem</strong></span> <span class='ocrx_word' id='word_1_429' title='bbox 1885 4089 2109 4148; x_wconf 89' lang='lat' dir='ltr'><strong>modus</strong></span> <span class='ocrx_word' id='word_1_430' title='bbox 2131 4089 2250 4163; x_wconf 89' lang='lat' dir='ltr'><strong>epi-</strong></span> 
     </span>
    </p>
   </div>
   <div class='ocr_carea' id='block_1_62' title="bbox 593 4176 2248 4247">
    <p class='ocr_par' dir='ltr' id='par_1_62' title="bbox 593 4176 2248 4247">
     <span class='ocr_line' id='line_1_62' title="bbox 593 4176 2248 4247; baseline 0.001 -13"><span class='ocrx_word' id='word_1_431' title='bbox 593 4178 759 4235; x_wconf 72' lang='lat' dir='ltr'><strong>stolm</strong></span> <span class='ocrx_word' id='word_1_432' title='bbox 782 4176 1041 4234; x_wconf 86' lang='lat' dir='ltr'><strong>cohibet.</strong></span> <span class='ocrx_word' id='word_1_433' title='bbox 1083 4178 1297 4233; x_wconf 91' lang='lat' dir='ltr'><strong>Precor</strong></span> <span class='ocrx_word' id='word_1_434' title='bbox 1327 4182 1552 4247; x_wconf 88' lang='lat' dir='ltr'><strong>autem,</strong></span> <span class='ocrx_word' id='word_1_435' title='bbox 1593 4180 1659 4234; x_wconf 88' lang='lat' dir='ltr'><strong>ut</strong></span> <span class='ocrx_word' id='word_1_436' title='bbox 1682 4178 1775 4234; x_wconf 82' lang='lat' dir='ltr'><strong>vel</strong></span> <span class='ocrx_word' id='word_1_437' title='bbox 1801 4183 2006 4235; x_wconf 89' lang='lat' dir='ltr'><strong>nostra</strong></span> <span class='ocrx_word' id='word_1_438' title='bbox 2035 4177 2248 4235; x_wconf 91' lang='lat' dir='ltr'><strong>admo-</strong></span> 
     </span>
    </p>
   </div>
   <div class='ocr_carea' id='block_1_63' title="bbox 595 4265 2247 4339">
    <p class='ocr_par' dir='ltr' id='par_1_63' title="bbox 595 4265 2247 4339">
     <span class='ocr_line' id='line_1_63' title="bbox 595 4265 2247 4339; baseline 0.001 -16"><span class='ocrx_word' id='word_1_439' title='bbox 595 4268 739 4325; x_wconf 91' lang='lat' dir='ltr'><strong>nitio</strong></span> <span class='ocrx_word' id='word_1_440' title='bbox 784 4265 997 4323; x_wconf 90' lang='lat' dir='ltr'><strong>vitium</strong></span> <span class='ocrx_word' id='word_1_441' title='bbox 1039 4270 1298 4339; x_wconf 90' lang='lat' dir='ltr'><strong>superet,</strong></span> <span class='ocrx_word' id='word_1_442' title='bbox 1327 4265 1419 4322; x_wconf 79' lang='lat' dir='ltr'><strong>vel</strong></span> <span class='ocrx_word' id='word_1_443' title='bbox 1458 4282 1583 4323; x_wconf 92' lang='lat' dir='ltr'><strong>non</strong></span> <span class='ocrx_word' id='word_1_444' title='bbox 1613 4270 1813 4339; x_wconf 90' lang='lat' dir='ltr'><strong>serpat</strong></span> <span class='ocrx_word' id='word_1_445' title='bbox 1864 4266 1928 4323; x_wconf 91' lang='lat' dir='ltr'><strong>in</strong></span> <span class='ocrx_word' id='word_1_446' title='bbox 1972 4272 2247 4325; x_wconf 89' lang='lat' dir='ltr'><strong>nostram</strong></span> 
     </span>
    </p>
   </div>
   <div class='ocr_carea' id='block_1_64' title="bbox 592 4355 2246 4431">
    <p class='ocr_par' dir='ltr' id='par_1_64' title="bbox 592 4355 2246 4431">
     <span class='ocr_line' id='line_1_64' title="bbox 592 4355 2246 4431; baseline -0.001 -15"><span class='ocrx_word' id='word_1_447' title='bbox 592 4358 901 4431; x_wconf 85' lang='lat' dir='ltr'><strong>regionem</strong></span> <span class='ocrx_word' id='word_1_448' title='bbox 925 4357 1041 4415; x_wconf 90' lang='lat' dir='ltr'><strong>hoc</strong></span> <span class='ocrx_word' id='word_1_449' title='bbox 1058 4355 1404 4430; x_wconf 89' lang='lat' dir='ltr'><strong>piaculum;</strong></span> <span class='ocrx_word' id='word_1_450' title='bbox 1429 4356 1535 4413; x_wconf 88' lang='lat' dir='ltr'><strong>sed</strong></span> <span class='ocrx_word' id='word_1_451' title='bbox 1559 4357 1621 4414; x_wconf 90' lang='lat' dir='ltr'><strong>in</strong></span> <span class='ocrx_word' id='word_1_452' title='bbox 1650 4356 1876 4431; x_wconf 88' lang='lat' dir='ltr'><strong>quibus</strong></span> <span class='ocrx_word' id='word_1_453' title='bbox 1907 4357 2246 4415; x_wconf 89' lang='lat' dir='ltr'><strong>admissum</strong></span> 
     </span>
    </p>
   </div>
   <div class='ocr_carea' id='block_1_65' title="bbox 593 4446 1460 4520">
    <p class='ocr_par' dir='ltr' id='par_1_65' title="bbox 593 4446 1460 4520">
     <span class='ocr_line' id='line_1_65' title="bbox 593 4446 1460 4520; baseline -0.005 -14"><span class='ocrx_word' id='word_1_454' title='bbox 593 4453 681 4506; x_wconf 92' lang='lat' dir='ltr'><strong>est</strong></span> <span class='ocrx_word' id='word_1_455' title='bbox 697 4448 863 4517; x_wconf 91' lang='lat' dir='ltr'><strong>locis,</strong></span> <span class='ocrx_word' id='word_1_456' title='bbox 886 4446 948 4504; x_wconf 89' lang='lat' dir='ltr'><strong>in</strong></span> <span class='ocrx_word' id='word_1_457' title='bbox 973 4446 1069 4503; x_wconf 87' lang='lat' dir='ltr'><strong>his</strong></span> <span class='ocrx_word' id='word_1_458' title='bbox 1088 4449 1460 4520; x_wconf 88' lang='lat' dir='ltr'><strong>permaneat.</strong></span> 
     </span>
    </p>
   </div>
   <div class='ocr_carea' id='block_1_66' title="bbox 661 4820 1759 4894">
    <p class='ocr_par' dir='ltr' id='par_1_66' title="bbox 661 4820 1759 4894">
     <span class='ocr_line' id='line_1_66' title="bbox 661 4820 1759 4894; baseline -0.001 -14"><span class='ocrx_word' id='word_1_459' title='bbox 661 4822 706 4859; x_wconf 68' lang='grc'><strong>⁸⁷</strong></span> <span class='ocrx_word' id='word_1_460' title='bbox 740 4820 926 4880; x_wconf 90' lang='lat' dir='ltr'><strong>Levit.</strong></span> <span class='ocrx_word' id='word_1_461' title='bbox 949 4835 1108 4894; x_wconf 84' lang='lat' dir='ltr'><strong>xvm,</strong></span> <span class='ocrx_word' id='word_1_462' title='bbox 1130 4826 1184 4880; x_wconf 88' lang='lat'><strong>6.</strong></span> <span class='ocrx_word' id='word_1_463' title='bbox 1261 4823 1309 4859; x_wconf 80' lang='grc'><strong>³⁸</strong></span> <span class='ocrx_word' id='word_1_464' title='bbox 1336 4825 1358 4879; x_wconf 93' lang='grc' dir='ltr'>ῐ</span> <span class='ocrx_word' id='word_1_465' title='bbox 1388 4824 1517 4880; x_wconf 89' lang='lat' dir='ltr'><strong>Cor.</strong></span> <span class='ocrx_word' id='word_1_466' title='bbox 1549 4836 1648 4893; x_wconf 81' lang='lat' dir='ltr'><strong>vn,</strong></span> <span class='ocrx_word' id='word_1_467' title='bbox 1668 4825 1759 4881; x_wconf 82' lang='lat'><strong>29.</strong></span> 
     </span>
    </p>
   </div>
   <div class='ocr_carea' id='block_1_67' title="bbox 663 4999 2235 5071">
    <p class='ocr_par' dir='ltr' id='par_1_67' title="bbox 663 4999 2235 5071">
     <span class='ocr_line' id='line_1_67' title="bbox 663 4999 2235 5071; baseline 0.003 -17"><span class='ocrx_word' id='word_1_468' title='bbox 663 5001 780 5071; x_wconf 87' lang='lat' dir='ltr'><strong>(l3)</strong></span> <span class='ocrx_word' id='word_1_469' title='bbox 806 5003 875 5053; x_wconf 90' lang='grc' dir='ltr'><strong>Τὸ</strong></span> <span class='ocrx_word' id='word_1_470' title='bbox 925 5003 1083 5071; x_wconf 72' lang='grc' dir='ltr'>γένος.</span> <span class='ocrx_word' id='word_1_471' title='bbox 1118 4999 1211 5059; x_wconf 86' lang='lat' dir='ltr'><strong>Sic</strong></span> <span class='ocrx_word' id='word_1_472' title='bbox 1252 5005 1369 5058; x_wconf 91' lang='lat' dir='ltr'><strong>tres</strong></span> <span class='ocrx_word' id='word_1_473' title='bbox 1399 5001 1782 5060; x_wconf 87' lang='lat' dir='ltr'><strong>vetustissimi</strong></span> <span class='ocrx_word' id='word_1_474' title='bbox 1811 5000 2051 5059; x_wconf 90' lang='lat' dir='ltr'><strong>codices</strong></span> <span class='ocrx_word' id='word_1_475' title='bbox 2099 5017 2235 5059; x_wconf 92' lang='lat' dir='ltr'><strong>cum</strong></span> 
     </span>
    </p>
   </div>
   <div class='ocr_carea' id='block_1_68' title="bbox 595 5070 2237 5147">
    <p class='ocr_par' dir='ltr' id='par_1_68' title="bbox 595 5070 2237 5147">
     <span class='ocr_line' id='line_1_68' title="bbox 595 5070 2237 5147; baseline 0.003 -22"><span class='ocrx_word' id='word_1_476' title='bbox 595 5070 1038 5147; x_wconf 79' lang='lat' dir='ltr'><strong>pluribusaliis.</strong></span> <span class='ocrx_word' id='word_1_477' title='bbox 1068 5072 1218 5129; x_wconf 87' lang='lat' dir='ltr'><strong>Editi</strong></span> <span class='ocrx_word' id='word_1_478' title='bbox 1247 5077 1305 5126; x_wconf 87' lang='grc' dir='ltr'>τὸ</span> <span class='ocrx_word' id='word_1_479' title='bbox 1330 5082 1501 5147; x_wconf 82' lang='grc' dir='ltr'>μῖσος.</span> <span class='ocrx_word' id='word_1_480' title='bbox 1535 5074 1764 5131; x_wconf 78' lang='lat' dir='ltr'><strong>Ibidem</strong></span> <span class='ocrx_word' id='word_1_481' title='bbox 1797 5073 1973 5131; x_wconf 90' lang='lat' dir='ltr'><strong>Coisl.</strong></span> <span class='ocrx_word' id='word_1_482' title='bbox 2006 5073 2237 5147; x_wconf 90' lang='lat' dir='ltr'><strong>primus</strong></span> 
     </span>
    </p>
   </div>
   <div class='ocr_carea' id='block_1_69' title="bbox 591 5144 1827 5207">
    <p class='ocr_par' dir='ltr' id='par_1_69' title="bbox 591 5144 1827 5207">
     <span class='ocr_line' id='line_1_69' title="bbox 591 5144 1827 5207; baseline 0.011 -14"><span class='ocrx_word' id='word_1_483' title='bbox 591 5148 680 5194; x_wconf 79' lang='grc' dir='ltr'><strong>καὶ</strong></span> <span class='ocrx_word' id='word_1_484' title='bbox 709 5144 835 5207; x_wconf 79' lang='grc' dir='ltr'>ὑπερ</span> <span class='ocrx_word' id='word_1_485' title='bbox 862 5145 1099 5199; x_wconf 74' lang='grc' dir='ltr'>θάνατον.</span> <span class='ocrx_word' id='word_1_486' title='bbox 1330 5144 1340 5147; x_wconf 56' lang='grc'><em>’</em></span> <span class='ocrx_word' id='word_1_487' title='bbox 1820 5198 1827 5207; x_wconf 93' lang='grc'><strong>.</strong></span> 
     </span>
    </p>
   </div>
   <div class='ocr_carea' id='block_1_70' title="bbox 660 5197 2063 5289">
    <p class='ocr_par' dir='ltr' id='par_1_70' title="bbox 660 5197 2063 5289">
     <span class='ocr_line' id='line_1_70' title="bbox 660 5197 2063 5289; baseline 0.001 -20"><span class='ocrx_word' id='word_1_488' title='bbox 660 5216 770 5289; x_wconf 78' lang='grc'><strong>(14)</strong></span> <span class='ocrx_word' id='word_1_489' title='bbox 802 5197 1029 5289; x_wconf 77' lang='grc' dir='ltr'>Ἐπίχει.</span> <span class='ocrx_word' id='word_1_490' title='bbox 1057 5197 1149 5272; x_wconf 80' lang='lat' dir='ltr'><strong>Sic</strong></span> <span class='ocrx_word' id='word_1_491' title='bbox 1172 5214 1646 5289; x_wconf 4' lang='lat' dir='ltr'><strong>iidechodices.</strong></span> <span class='ocrx_word' id='word_1_492' title='bbox 1671 5198 1827 5289; x_wconf 76' lang='lat' dir='ltr'><strong>Editi</strong></span> <span class='ocrx_word' id='word_1_493' title='bbox 1845 5215 2063 5289; x_wconf 79' lang='grc' dir='ltr'>ἐπέσχε.</span> 
     </span>
    </p>
   </div>
   <div class='ocr_carea' id='block_1_71' title="bbox 662 5287 2261 5367">
    <p class='ocr_par' dir='ltr' id='par_1_71' title="bbox 662 5287 2261 5367">
     <span class='ocr_line' id='line_1_71' title="bbox 662 5287 2261 5367; baseline 0 -26"><span class='ocrx_word' id='word_1_494' title='bbox 662 5287 867 5367; x_wconf 44' lang='lat' dir='ltr'><strong>(lii)???</strong></span> <span class='ocrx_word' id='word_1_495' title='bbox 890 5288 1142 5367; x_wconf 49' lang='grc' dir='ltr'>ᾗμετέρᾳ.</span> <span class='ocrx_word' id='word_1_496' title='bbox 1174 5287 1538 5367; x_wconf 56' lang='grc' dir='ltr'><strong>ξᾳτερὶοἱΐιες</strong></span> <span class='ocrx_word' id='word_1_497' title='bbox 1561 5301 1629 5343; x_wconf 87' lang='lat' dir='ltr'><strong>ex</strong></span> <span class='ocrx_word' id='word_1_498' title='bbox 1650 5287 2036 5367; x_wconf 74' lang='lat' dir='ltr'><strong>conclusione</strong></span> <span class='ocrx_word' id='word_1_499' title='bbox 2050 5287 2261 5367; x_wconf 87' lang='lat' dir='ltr'><strong>_huj_us.</strong></span> 
     </span>
    </p>
   </div>
   <div class='ocr_carea' id='block_1_72' title="bbox 591 5356 2235 5433">
    <p class='ocr_par' dir='ltr' id='par_1_72' title="bbox 591 5356 2235 5433">
     <span class='ocr_line' id='line_1_72' title="bbox 591 5356 2235 5433; baseline 0.004 -25"><span class='ocrx_word' id='word_1_500' title='bbox 591 5356 856 5430; x_wconf 68' lang='lat' dir='ltr'><strong>npistOlaé</strong></span> <span class='ocrx_word' id='word_1_501' title='bbox 887 5356 1145 5415; x_wconf 80' lang='lat' dir='ltr'><strong>incestas</strong></span> <span class='ocrx_word' id='word_1_502' title='bbox 1182 5356 1616 5431; x_wconf 44' lang='lat' dir='ltr'><strong>illas—nuptias,</strong></span> <span class='ocrx_word' id='word_1_503' title='bbox 1642 5373 1781 5431; x_wconf 63' lang='lat' dir='ltr'><strong>quas</strong></span> <span class='ocrx_word' id='word_1_504' title='bbox 1810 5358 1950 5416; x_wconf 91' lang='lat' dir='ltr'><strong>huic</strong></span> <span class='ocrx_word' id='word_1_505' title='bbox 1967 5356 2235 5433; x_wconf 62' lang='lat' dir='ltr'><strong>epistola!</strong></span> 
     </span>
    </p>
   </div>
   <div class='ocr_carea' id='block_1_73' title="bbox 2247 5548 2320 5565">
    <p class='ocr_par' dir='ltr' id='par_1_73' title="bbox 2247 5548 2320 5565">
     <span class='ocr_line' id='line_1_73' title="bbox 2247 5548 2320 5565; baseline 0.027 -2"><span class='ocrx_word' id='word_1_506' title='bbox 2247 5548 2320 5565; x_wconf 65' lang='lat'><strong>~</strong></span> 
     </span>
    </p>
   </div>
   <div class='ocr_carea' id='block_1_74' title="bbox 1836 4822 2446 4895">
    <p class='ocr_par' dir='ltr' id='par_1_74' title="bbox 1836 4822 2446 4895">
     <span class='ocr_line' id='line_1_74' title="bbox 1836 4822 2446 4895; baseline 0 -15"><span class='ocrx_word' id='word_1_507' title='bbox 1836 4822 1884 4860; x_wconf 76' lang='grc'><strong>³⁸</strong></span> <span class='ocrx_word' id='word_1_508' title='bbox 1918 4824 2060 4880; x_wconf 88' lang='lat' dir='ltr'><strong>Gen.</strong></span> <span class='ocrx_word' id='word_1_509' title='bbox 2083 4839 2124 4895; x_wconf 80' lang='grc' dir='ltr'><strong>ι,</strong></span> <span class='ocrx_word' id='word_1_510' title='bbox 2149 4825 2256 4894; x_wconf 85' lang='lat'><strong>28;</strong></span> <span class='ocrx_word' id='word_1_511' title='bbox 2285 4840 2362 4894; x_wconf 80' lang='lat' dir='ltr'><strong>ix,</strong></span> <span class='ocrx_word' id='word_1_512' title='bbox 2399 4827 2446 4880; x_wconf 90' lang='lat' dir='ltr'><strong>l.</strong></span> 
     </span>
    </p>
   </div>
   <div class='ocr_carea' id='block_1_75' title="bbox 2354 1861 3904 1942">
    <p class='ocr_par' dir='ltr' id='par_1_75' title="bbox 2354 1861 3904 1942">
     <span class='ocr_line' id='line_1_75' title="bbox 2354 1861 3904 1942; baseline -0.003 -24"><span class='ocrx_word' id='word_1_513' title='bbox 2354 1861 2801 1942; x_wconf 72' lang='grc' dir='ltr'><strong>διαμαρτύρομαι,</strong></span> <span class='ocrx_word' id='word_1_514' title='bbox 2848 1866 2929 1918; x_wconf 86' lang='grc' dir='ltr'>ὃτί</span> <span class='ocrx_word' id='word_1_515' title='bbox 2970 1866 3197 1938; x_wconf 72' lang='grc' dir='ltr'><strong>παράγει</strong></span> <span class='ocrx_word' id='word_1_516' title='bbox 3251 1868 3310 1917; x_wconf 85' lang='grc' dir='ltr'>τὸ</span> <span class='ocrx_word' id='word_1_517' title='bbox 3367 1872 3558 1937; x_wconf 80' lang='grc' dir='ltr'>σχῆμα</span> <span class='ocrx_word' id='word_1_518' title='bbox 3602 1872 3688 1917; x_wconf 81' lang='grc' dir='ltr'>τοῦ</span> <span class='ocrx_word' id='word_1_519' title='bbox 3738 1869 3904 1935; x_wconf 79' lang='grc' dir='ltr'>κόσμον</span> 
     </span>
    </p>
   </div>
   <div class='ocr_carea' id='block_1_76' title="bbox 2352 1952 3904 2030">
    <p class='ocr_par' dir='ltr' id='par_1_76' title="bbox 2352 1952 3904 2030">
     <span class='ocr_line' id='line_1_76' title="bbox 2352 1952 3904 2030; baseline -0.004 -21"><span class='ocrx_word' id='word_1_520' title='bbox 2352 1958 2560 2021; x_wconf 78' lang='grc' dir='ltr'>τούτου,</span> <span class='ocrx_word' id='word_1_521' title='bbox 2615 1960 2705 2007; x_wconf 82' lang='grc' dir='ltr'><strong>καὶ</strong></span> <span class='ocrx_word' id='word_1_522' title='bbox 2745 1957 2771 2007; x_wconf 90' lang='grc' dir='ltr'><strong>ό</strong></span> <span class='ocrx_word' id='word_1_523' title='bbox 2819 1958 2996 2030; x_wconf 79' lang='grc' dir='ltr'>καιρός</span> <span class='ocrx_word' id='word_1_524' title='bbox 3064 1954 3473 2028; x_wconf 79' lang='grc' dir='ltr'>συνεσταλμένος</span> <span class='ocrx_word' id='word_1_525' title='bbox 3514 1954 3666 2022; x_wconf 74' lang='grc' dir='ltr'>ἐστὶν,</span> <span class='ocrx_word' id='word_1_526' title='bbox 3710 1952 3808 2008; x_wconf 84' lang='grc' dir='ltr'>Ἰνοι</span> <span class='ocrx_word' id='word_1_527' title='bbox 3837 1956 3904 2003; x_wconf 70' lang='grc' dir='ltr'><strong>καὶ</strong></span> 
     </span>
    </p>
   </div>
   <div class='ocr_carea' id='block_1_77' title="bbox 2354 2037 3905 2117">
    <p class='ocr_par' dir='ltr' id='par_1_77' title="bbox 2354 2037 3905 2117">
     <span class='ocr_line' id='line_1_77' title="bbox 2354 2037 3905 2117; baseline -0.003 -20"><span class='ocrx_word' id='word_1_528' title='bbox 2354 2048 2403 2098; x_wconf 88' lang='grc' dir='ltr'>οἱ</span> <span class='ocrx_word' id='word_1_529' title='bbox 2462 2048 2669 2117; x_wconf 81' lang='grc' dir='ltr'>ἔχοντες</span> <span class='ocrx_word' id='word_1_530' title='bbox 2733 2051 2987 2116; x_wconf 70' lang='grc' dir='ltr'><strong>γυναῖκας</strong></span> <span class='ocrx_word' id='word_1_531' title='bbox 3034 2047 3103 2105; x_wconf 82' lang='grc' dir='ltr'>ὡς</span> <span class='ocrx_word' id='word_1_532' title='bbox 3150 2048 3221 2117; x_wconf 76' lang='grc' dir='ltr'>μὴ</span> <span class='ocrx_word' id='word_1_533' title='bbox 3272 2046 3483 2116; x_wconf 77' lang='grc' dir='ltr'>ἔχοντες</span> <span class='ocrx_word' id='word_1_534' title='bbox 3535 2041 3676 2096; x_wconf 80' lang='grc' dir='ltr'>ὦσιν.</span> <span class='ocrx_word' id='word_1_535' title='bbox 3713 2041 3813 2096; x_wconf 73' lang='grc' dir='ltr'><strong>Ἐὰν</strong></span> <span class='ocrx_word' id='word_1_536' title='bbox 3859 2037 3905 2093; x_wconf 72' lang='grc' dir='ltr'>ὄλέ</span> 
     </span>
    </p>
   </div>
   <div class='ocr_carea' id='block_1_78' title="bbox 3230 2129 3906 2197">
    <p class='ocr_par' dir='ltr' id='par_1_78' title="bbox 3230 2129 3906 2197">
     <span class='ocr_line' id='line_1_78' title="bbox 3230 2129 3906 2197; baseline -0.009 -12"><span class='ocrx_word' id='word_1_537' title='bbox 3230 2133 3525 2197; x_wconf 66' lang='grc' dir='ltr'>Αεᾶξοὶνεσθε</span> <span class='ocrx_word' id='word_1_538' title='bbox 3603 2138 3687 2185; x_wconf 78' lang='grc' dir='ltr'><strong>καὶ</strong></span> <span class='ocrx_word' id='word_1_539' title='bbox 3766 2129 3906 2187; x_wconf 68' lang='grc' dir='ltr'>πληθύ</span> 
     </span>
    </p>
   </div>
   <div class='ocr_carea' id='block_1_79' title="bbox 2352 2222 3908 2295">
    <p class='ocr_par' dir='ltr' id='par_1_79' title="bbox 2352 2222 3908 2295">
     <span class='ocr_line' id='line_1_79' title="bbox 2352 2222 3908 2295; baseline -0.003 -20"><span class='ocrx_word' id='word_1_540' title='bbox 2352 2226 2499 2278; x_wconf 86' lang='grc' dir='ltr'>νεσθε</span> <span class='ocrx_word' id='word_1_541' title='bbox 2529 2240 2544 2255; x_wconf 86' lang='grc'>⁶</span> <span class='ocrx_word' id='word_1_542' title='bbox 2593 2222 2860 2295; x_wconf 71' lang='grc' dir='ltr'><strong>καταγελῶ</strong></span> <span class='ocrx_word' id='word_1_543' title='bbox 2898 2230 2988 2276; x_wconf 79' lang='grc' dir='ltr'><strong>τοῦ</strong></span> <span class='ocrx_word' id='word_1_544' title='bbox 3043 2231 3143 2276; x_wconf 85' lang='grc' dir='ltr'>τῶν</span> <span class='ocrx_word' id='word_1_545' title='bbox 3199 2225 3517 2295; x_wconf 78' lang='grc' dir='ltr'>νομοθεσιῶν</span> <span class='ocrx_word' id='word_1_546' title='bbox 3566 2225 3681 2283; x_wconf 80' lang='grc' dir='ltr'>τοὺς</span> <span class='ocrx_word' id='word_1_547' title='bbox 3730 2222 3908 2292; x_wconf 80' lang='grc' dir='ltr'>καιροὺς</span> 
     </span>
    </p>
   </div>
   <div class='ocr_carea' id='block_1_80' title="bbox 2353 2136 3139 2210">
    <p class='ocr_par' dir='ltr' id='par_1_80' title="bbox 2353 2136 3139 2210">
     <span class='ocr_line' id='line_1_80' title="bbox 2353 2136 3139 2210; baseline -0.001 -22"><span class='ocrx_word' id='word_1_548' title='bbox 2353 2154 2443 2208; x_wconf 88' lang='grc' dir='ltr'><strong>μοι</strong></span> <span class='ocrx_word' id='word_1_549' title='bbox 2530 2142 2969 2210; x_wconf 73' lang='grc' dir='ltr'>παραναγινῶσκη</span> <span class='ocrx_word' id='word_1_550' title='bbox 3040 2136 3099 2187; x_wconf 86' lang='grc' dir='ltr'>τὸ</span> <span class='ocrx_word' id='word_1_551' title='bbox 3112 2138 3139 2205; x_wconf 84' lang='grc'>’,</span> 
     </span>
    </p>
   </div>
   <div class='ocr_carea' id='block_1_81' title="bbox 2353 2308 3910 2388">
    <p class='ocr_par' dir='ltr' id='par_1_81' title="bbox 2353 2308 3910 2388">
     <span class='ocr_line' id='line_1_81' title="bbox 2353 2308 3910 2388; baseline -0.004 -23"><span class='ocrx_word' id='word_1_552' title='bbox 2353 2318 2424 2387; x_wconf 81' lang='grc' dir='ltr'>μὴ</span> <span class='ocrx_word' id='word_1_553' title='bbox 2460 2308 2833 2388; x_wconf 77' lang='grc' dir='ltr'>διακρίνοντος.</span> <span class='ocrx_word' id='word_1_554' title='bbox 2882 2316 3125 2387; x_wconf 82' lang='grc' dir='ltr'>Πορνείας</span> <span class='ocrx_word' id='word_1_555' title='bbox 3152 2314 3468 2386; x_wconf 83' lang='grc' dir='ltr'>παραμυθία</span> <span class='ocrx_word' id='word_1_556' title='bbox 3505 2314 3530 2364; x_wconf 87' lang='grc' dir='ltr'><strong><em>ὁ</em></strong></span> <span class='ocrx_word' id='word_1_557' title='bbox 3583 2308 3797 2384; x_wconf 75' lang='grc' dir='ltr'>δεύτερος</span> <span class='ocrx_word' id='word_1_558' title='bbox 3835 2309 3910 2379; x_wconf 68' lang='grc' dir='ltr'><strong>γά-</strong></span> 
     </span>
    </p>
   </div>
   <div class='ocr_carea' id='block_1_82' title="bbox 2354 2398 3906 2477">
    <p class='ocr_par' dir='ltr' id='par_1_82' title="bbox 2354 2398 3906 2477">
     <span class='ocr_line' id='line_1_82' title="bbox 2354 2398 3906 2477; baseline -0.006 -21"><span class='ocrx_word' id='word_1_559' title='bbox 2354 2422 2465 2477; x_wconf 80' lang='grc' dir='ltr'>μος,</span> <span class='ocrx_word' id='word_1_560' title='bbox 2496 2402 2591 2455; x_wconf 74' lang='grc' dir='ltr'><strong>οὐκ</strong></span> <span class='ocrx_word' id='word_1_561' title='bbox 2618 2398 2743 2475; x_wconf 65' lang='grc' dir='ltr'>ἐφόθ</span> <span class='ocrx_word' id='word_1_562' title='bbox 2750 2422 2822 2455; x_wconf 92' lang='grc' dir='ltr'><strong>ιον</strong></span> <span class='ocrx_word' id='word_1_563' title='bbox 2846 2402 2918 2464; x_wconf 78' lang='grc' dir='ltr'><strong>εἰς</strong></span> <span class='ocrx_word' id='word_1_564' title='bbox 2957 2400 3323 2475; x_wconf 75' lang='grc' dir='ltr'>ἁσέλγειαν.Εἰ</span> <span class='ocrx_word' id='word_1_565' title='bbox 3350 2402 3449 2455; x_wconf 74' lang='grc' dir='ltr'><strong>οὐκ</strong></span> <span class='ocrx_word' id='word_1_566' title='bbox 3479 2402 3906 2476; x_wconf 59' lang='grc' dir='ltr'>ἐοίκαρτερτᾶονται,</span> 
     </span>
    </p>
   </div>
   <div class='ocr_carea' id='block_1_83' title="bbox 2352 2488 3910 2566">
    <p class='ocr_par' dir='ltr' id='par_1_83' title="bbox 2352 2488 3910 2566">
     <span class='ocr_line' id='line_1_83' title="bbox 2352 2488 3910 2566; baseline -0.004 -21"><span class='ocrx_word' id='word_1_567' title='bbox 2352 2493 2772 2566; x_wconf 67' lang='grc' dir='ltr'><strong>γαμησάτωσαν,</strong></span> <span class='ocrx_word' id='word_1_568' title='bbox 2799 2496 2956 2566; x_wconf 72' lang='grc' dir='ltr'>φησίν</span> <span class='ocrx_word' id='word_1_569' title='bbox 2983 2505 2998 2522; x_wconf 88' lang='grc'><strong>·</strong></span> <span class='ocrx_word' id='word_1_570' title='bbox 3040 2491 3167 2563; x_wconf 67' lang='grc' dir='ltr'>οὐχὶ</span> <span class='ocrx_word' id='word_1_571' title='bbox 3210 2488 3268 2545; x_wconf 63' lang='grc' dir='ltr'><strong>δὲ</strong></span> <span class='ocrx_word' id='word_1_572' title='bbox 3305 2496 3402 2544; x_wconf 76' lang='grc' dir='ltr'><strong>καὶ</strong></span> <span class='ocrx_word' id='word_1_573' title='bbox 3430 2498 3702 2565; x_wconf 69' lang='grc' dir='ltr'>γαμοῦντες</span> <span class='ocrx_word' id='word_1_574' title='bbox 3727 2503 3910 2561; x_wconf 80' lang='grc' dir='ltr'>παρανο-</span> 
     </span>
    </p>
   </div>
   <div class='ocr_carea' id='block_1_84' title="bbox 2353 2587 2632 2655">
    <p class='ocr_par' dir='ltr' id='par_1_84' title="bbox 2353 2587 2632 2655">
     <span class='ocr_line' id='line_1_84' title="bbox 2353 2587 2632 2655; baseline 0 -20"><span class='ocrx_word' id='word_1_575' title='bbox 2353 2587 2632 2655; x_wconf 80' lang='grc' dir='ltr'>μείτωσαν.</span> 
     </span>
    </p>
   </div>
   <div class='ocr_carea' id='block_1_85' title="bbox 2426 2668 3907 2747">
    <p class='ocr_par' dir='ltr' id='par_1_85' title="bbox 2426 2668 3907 2747">
     <span class='ocr_line' id='line_1_85' title="bbox 2426 2668 3907 2747; baseline -0.003 -20"><span class='ocrx_word' id='word_1_576' title='bbox 2426 2677 2477 2728; x_wconf 83' lang='grc'>5.</span> <span class='ocrx_word' id='word_1_577' title='bbox 2512 2669 2669 2742; x_wconf 64' lang='grc' dir='ltr'><strong>Οἰξδὲ</strong></span> <span class='ocrx_word' id='word_1_578' title='bbox 2706 2668 2830 2724; x_wconf 62' lang='grc' dir='ltr'><strong>οὐδὲ</strong></span> <span class='ocrx_word' id='word_1_579' title='bbox 2855 2674 2985 2747; x_wconf 82' lang='grc' dir='ltr'>πρὸς</span> <span class='ocrx_word' id='word_1_580' title='bbox 3011 2676 3104 2730; x_wconf 78' lang='grc' dir='ltr'>τὴν</span> <span class='ocrx_word' id='word_1_581' title='bbox 3139 2674 3293 2744; x_wconf 73' lang='grc' dir='ltr'>φύσιν</span> <span class='ocrx_word' id='word_1_582' title='bbox 3335 2670 3728 2741; x_wconf 75' lang='grc' dir='ltr'>ἀποϐλέπουσιν,</span> <span class='ocrx_word' id='word_1_583' title='bbox 3755 2670 3797 2721; x_wconf 86' lang='grc' dir='ltr'>οἱ</span> <span class='ocrx_word' id='word_1_584' title='bbox 3836 2670 3907 2723; x_wconf 74' lang='grc' dir='ltr'>τὴν</span> 
     </span>
    </p>
   </div>
   <div class='ocr_carea' id='block_1_86' title="bbox 2351 2753 3905 2835">
    <p class='ocr_par' dir='ltr' id='par_1_86' title="bbox 2351 2753 3905 2835">
     <span class='ocr_line' id='line_1_86' title="bbox 2351 2753 3905 2835; baseline -0.005 -21"><span class='ocrx_word' id='word_1_585' title='bbox 2351 2761 2539 2835; x_wconf 62' lang='grc' dir='ltr'>ψυχὴν</span> <span class='ocrx_word' id='word_1_586' title='bbox 2566 2761 2829 2835; x_wconf 76' lang='grc' dir='ltr'>λημῶντες</span> <span class='ocrx_word' id='word_1_587' title='bbox 2885 2769 2956 2833; x_wconf 79' lang='grc' dir='ltr'><strong>τῷ</strong></span> <span class='ocrx_word' id='word_1_588' title='bbox 3005 2762 3162 2814; x_wconf 68' lang='grc' dir='ltr'>πάθει</span> <span class='ocrx_word' id='word_1_589' title='bbox 3208 2768 3306 2823; x_wconf 82' lang='grc' dir='ltr'><strong>τῆς</strong></span> <span class='ocrx_word' id='word_1_590' title='bbox 3346 2760 3579 2835; x_wconf 79' lang='grc' dir='ltr'>ἀτιμίας,</span> <span class='ocrx_word' id='word_1_591' title='bbox 3618 2761 3764 2813; x_wconf 76' lang='grc' dir='ltr'>πάλαι</span> <span class='ocrx_word' id='word_1_592' title='bbox 3814 2753 3905 2809; x_wconf 81' lang='grc' dir='ltr'><strong>δια·</strong></span> 
     </span>
    </p>
   </div>
   <div class='ocr_carea' id='block_1_87' title="bbox 2351 2850 3906 2927">
    <p class='ocr_par' dir='ltr' id='par_1_87' title="bbox 2351 2850 3906 2927">
     <span class='ocr_line' id='line_1_87' title="bbox 2351 2850 3906 2927; baseline -0.006 -22"><span class='ocrx_word' id='word_1_593' title='bbox 2351 2856 2603 2925; x_wconf 82' lang='grc' dir='ltr'><strong>κρίνασαν</strong></span> <span class='ocrx_word' id='word_1_594' title='bbox 2668 2852 2762 2912; x_wconf 71' lang='grc' dir='ltr'>τὰς</span> <span class='ocrx_word' id='word_1_595' title='bbox 2824 2858 2914 2902; x_wconf 75' lang='grc' dir='ltr'><strong>τοῦ</strong></span> <span class='ocrx_word' id='word_1_596' title='bbox 2979 2854 3162 2922; x_wconf 78' lang='grc' dir='ltr'>γένους</span> <span class='ocrx_word' id='word_1_597' title='bbox 3217 2856 3600 2927; x_wconf 72' lang='grc' dir='ltr'>προσηγορίας.</span> <span class='ocrx_word' id='word_1_598' title='bbox 3649 2850 3731 2902; x_wconf 78' lang='grc' dir='ltr'><strong>Ἐκ</strong></span> <span class='ocrx_word' id='word_1_599' title='bbox 3783 2850 3906 2903; x_wconf 76' lang='grc' dir='ltr'>ποίας</span> 
     </span>
    </p>
   </div>
   <div class='ocr_carea' id='block_1_88' title="bbox 2350 2941 3904 3016">
    <p class='ocr_par' dir='ltr' id='par_1_88' title="bbox 2350 2941 3904 3016">
     <span class='ocr_line' id='line_1_88' title="bbox 2350 2941 3904 3016; baseline -0.006 -22"><span class='ocrx_word' id='word_1_600' title='bbox 2350 2944 2450 3013; x_wconf 76' lang='grc' dir='ltr'><strong>γὰρ</strong></span> <span class='ocrx_word' id='word_1_601' title='bbox 2482 2944 2784 3013; x_wconf 65' lang='grc' dir='ltr'>συγγενείας</span> <span class='ocrx_word' id='word_1_602' title='bbox 2830 2943 2951 3002; x_wconf 64' lang='grc' dir='ltr'>τοὺς</span> <span class='ocrx_word' id='word_1_603' title='bbox 3004 2942 3344 3012; x_wconf 73' lang='grc' dir='ltr'><strong>γεννηθέντας</strong></span> <span class='ocrx_word' id='word_1_604' title='bbox 3402 2941 3904 3016; x_wconf 71' lang='grc' dir='ltr'>προσαγορεύσουσιν;</span> 
     </span>
    </p>
   </div>
   <div class='ocr_carea' id='block_1_89' title="bbox 2352 3018 3904 3104">
    <p class='ocr_par' dir='ltr' id='par_1_89' title="bbox 2352 3018 3904 3104">
     <span class='ocr_line' id='line_1_89' title="bbox 2352 3018 3904 3104; baseline -0.008 -19"><span class='ocrx_word' id='word_1_605' title='bbox 2352 3018 2632 3102; x_wconf 65' lang='grc' dir='ltr'>’Λὸελφοὺς</span> <span class='ocrx_word' id='word_1_606' title='bbox 2680 3029 2866 3090; x_wconf 72' lang='grc' dir='ltr'>αὐτοὺς</span> <span class='ocrx_word' id='word_1_607' title='bbox 2923 3027 3152 3088; x_wconf 76' lang='grc' dir='ltr'>αλλήλων</span> <span class='ocrx_word' id='word_1_608' title='bbox 3207 3030 3235 3089; x_wconf 80' lang='grc' dir='ltr'><strong>ἣ</strong></span> <span class='ocrx_word' id='word_1_609' title='bbox 3288 3027 3537 3101; x_wconf 68' lang='grc' dir='ltr'>ἀνεψιοὺς</span> <span class='ocrx_word' id='word_1_610' title='bbox 3567 3033 3904 3104; x_wconf 56' lang='lat' dir='ltr'><strong>apostasiam;</strong></span> 
     </span>
    </p>
   </div>
   <div class='ocr_carea' id='block_1_90' title="bbox 2356 3116 3908 3195">
    <p class='ocr_par' dir='ltr' id='par_1_90' title="bbox 2356 3116 3908 3195">
     <span class='ocr_line' id='line_1_90' title="bbox 2356 3116 3908 3195; baseline -0.004 -22"><span class='ocrx_word' id='word_1_611' title='bbox 2356 3120 2620 3195; x_wconf 75' lang='grc' dir='ltr'>ἀμφότερα</span> <span class='ocrx_word' id='word_1_612' title='bbox 2670 3122 2772 3195; x_wconf 70' lang='grc' dir='ltr'><strong>γὰρ</strong></span> <span class='ocrx_word' id='word_1_613' title='bbox 2825 3118 3005 3180; x_wconf 68' lang='grc' dir='ltr'><strong>αὐτοῖς</strong></span> <span class='ocrx_word' id='word_1_614' title='bbox 3041 3123 3412 3193; x_wconf 75' lang='grc' dir='ltr'><strong>προσαρμόσει</strong></span> <span class='ocrx_word' id='word_1_615' title='bbox 3472 3116 3565 3172; x_wconf 73' lang='grc' dir='ltr'><strong>διὰ</strong></span> <span class='ocrx_word' id='word_1_616' title='bbox 3621 3122 3705 3175; x_wconf 73' lang='grc' dir='ltr'>τήν</span> <span class='ocrx_word' id='word_1_617' title='bbox 3743 3117 3908 3184; x_wconf 77' lang='grc' dir='ltr'>σύγχν·</span> 
     </span>
    </p>
   </div>
   <div class='ocr_carea' id='block_1_91' title="bbox 2359 3204 3909 3283">
    <p class='ocr_par' dir='ltr' id='par_1_91' title="bbox 2359 3204 3909 3283">
     <span class='ocr_line' id='line_1_91' title="bbox 2359 3204 3909 3283; baseline -0.006 -19"><span class='ocrx_word' id='word_1_618' title='bbox 2359 3231 2463 3268; x_wconf 91' lang='grc' dir='ltr'>σιν.</span> <span class='ocrx_word' id='word_1_619' title='bbox 2516 3214 2602 3268; x_wconf 80' lang='grc' dir='ltr'><strong>Μὴ</strong></span> <span class='ocrx_word' id='word_1_620' title='bbox 2662 3215 2913 3283; x_wconf 66' lang='grc' dir='ltr'>ποιήσῃς,</span> <span class='ocrx_word' id='word_1_621' title='bbox 2955 3206 2995 3259; x_wconf 83' lang='grc' dir='ltr'><strong><em>ὦ</em></strong></span> <span class='ocrx_word' id='word_1_622' title='bbox 3047 3209 3305 3283; x_wconf 78' lang='grc' dir='ltr'>ἄνθρωπέ,</span> <span class='ocrx_word' id='word_1_623' title='bbox 3370 3214 3466 3268; x_wconf 77' lang='grc' dir='ltr'>τὴν</span> <span class='ocrx_word' id='word_1_624' title='bbox 3524 3209 3655 3261; x_wconf 81' lang='grc' dir='ltr'>θείαν</span> <span class='ocrx_word' id='word_1_625' title='bbox 3697 3204 3909 3278; x_wconf 64' lang='grc' dir='ltr'>μητρυιὰν</span> 
     </span>
    </p>
   </div>
   <div class='ocr_carea' id='block_1_92' title="bbox 2356 3290 3908 3372">
    <p class='ocr_par' dir='ltr' id='par_1_92' title="bbox 2356 3290 3908 3372">
     <span class='ocr_line' id='line_1_92' title="bbox 2356 3290 3908 3372; baseline -0.01 -18"><span class='ocrx_word' id='word_1_626' title='bbox 2356 3309 2456 3354; x_wconf 87' lang='grc' dir='ltr'>τῶν</span> <span class='ocrx_word' id='word_1_627' title='bbox 2528 3303 2724 3359; x_wconf 81' lang='grc' dir='ltr'>νηπίων</span> <span class='ocrx_word' id='word_1_628' title='bbox 2759 3319 2771 3331; x_wconf 90' lang='grc'><strong>·</strong></span> <span class='ocrx_word' id='word_1_629' title='bbox 2848 3293 2988 3371; x_wconf 72' lang='grc' dir='ltr'>μηδὲ</span> <span class='ocrx_word' id='word_1_630' title='bbox 3060 3302 3154 3356; x_wconf 79' lang='grc' dir='ltr'>τὴν</span> <span class='ocrx_word' id='word_1_631' title='bbox 3213 3296 3265 3349; x_wconf 77' lang='grc' dir='ltr'>ἐν</span> <span class='ocrx_word' id='word_1_632' title='bbox 3318 3301 3522 3372; x_wconf 79' lang='grc' dir='ltr'>μητρός</span> <span class='ocrx_word' id='word_1_633' title='bbox 3563 3296 3697 3358; x_wconf 67' lang='grc' dir='ltr'><strong><em>τάξει</em></strong></span> <span class='ocrx_word' id='word_1_634' title='bbox 3741 3290 3908 3345; x_wconf 71' lang='grc' dir='ltr'>θάλπειν</span> 
     </span>
    </p>
   </div>
   <div class='ocr_carea' id='block_1_93' title="bbox 2359 3382 3909 3464">
    <p class='ocr_par' dir='ltr' id='par_1_93' title="bbox 2359 3382 3909 3464">
     <span class='ocr_line' id='line_1_93' title="bbox 2359 3382 3909 3464; baseline -0.005 -22"><span class='ocrx_word' id='word_1_635' title='bbox 2359 3389 2682 3464; x_wconf 61' lang='grc' dir='ltr'>ὀφείλουσαν,</span> <span class='ocrx_word' id='word_1_636' title='bbox 2732 3389 2927 3445; x_wconf 71' lang='grc' dir='ltr'>ταύτην</span> <span class='ocrx_word' id='word_1_637' title='bbox 2993 3384 3277 3460; x_wconf 69' lang='grc' dir='ltr'>ἓςοοπλίσης</span> <span class='ocrx_word' id='word_1_638' title='bbox 3334 3389 3451 3449; x_wconf 74' lang='grc' dir='ltr'>ταῖς</span> <span class='ocrx_word' id='word_1_639' title='bbox 3504 3384 3792 3459; x_wconf 73' lang='grc' dir='ltr'>ἀμειλίκτως</span> <span class='ocrx_word' id='word_1_640' title='bbox 3841 3382 3909 3441; x_wconf 77' lang='grc' dir='ltr'><strong>ζη-</strong></span> 
     </span>
    </p>
   </div>
   <div class='ocr_carea' id='block_1_94' title="bbox 2357 3474 3907 3550">
    <p class='ocr_par' dir='ltr' id='par_1_94' title="bbox 2357 3474 3907 3550">
     <span class='ocr_line' id='line_1_94' title="bbox 2357 3474 3907 3550; baseline -0.01 -17"><span class='ocrx_word' id='word_1_641' title='bbox 2357 3479 2644 3539; x_wconf 86' lang='grc' dir='ltr'>λοτυπίαις.</span> <span class='ocrx_word' id='word_1_642' title='bbox 2692 3480 2859 3531; x_wconf 83' lang='grc' dir='ltr'>Μόνον</span> <span class='ocrx_word' id='word_1_643' title='bbox 2913 3478 3015 3550; x_wconf 76' lang='grc' dir='ltr'><strong>γὰρ</strong></span> <span class='ocrx_word' id='word_1_644' title='bbox 3075 3479 3134 3529; x_wconf 85' lang='grc' dir='ltr'>τὸ</span> <span class='ocrx_word' id='word_1_645' title='bbox 3178 3479 3321 3549; x_wconf 78' lang='grc' dir='ltr'>γένος</span> <span class='ocrx_word' id='word_1_646' title='bbox 3379 3477 3494 3547; x_wconf 78' lang='grc'><strong>(13)</strong></span> <span class='ocrx_word' id='word_1_647' title='bbox 3539 3482 3634 3528; x_wconf 85' lang='grc' dir='ltr'><strong>τῶν</strong></span> <span class='ocrx_word' id='word_1_648' title='bbox 3690 3474 3907 3546; x_wconf 83' lang='grc' dir='ltr'>μητρυιῶν</span> 
     </span>
    </p>
   </div>
   <div class='ocr_carea' id='block_1_95' title="bbox 2358 3554 3906 3642">
    <p class='ocr_par' dir='ltr' id='par_1_95' title="bbox 2358 3554 3906 3642">
     <span class='ocr_line' id='line_1_95' title="bbox 2358 3554 3906 3642; baseline -0.01 -20"><span class='ocrx_word' id='word_1_649' title='bbox 2358 3573 2449 3622; x_wconf 83' lang='grc' dir='ltr'><strong>καὶ</strong></span> <span class='ocrx_word' id='word_1_650' title='bbox 2494 3568 2623 3641; x_wconf 78' lang='grc' dir='ltr'>μετὰ</span> <span class='ocrx_word' id='word_1_651' title='bbox 2663 3566 2877 3619; x_wconf 78' lang='grc' dir='ltr'>θάνατον</span> <span class='ocrx_word' id='word_1_652' title='bbox 2917 3564 3114 3618; x_wconf 72' lang='grc' dir='ltr'>ἐλαύνει</span> <span class='ocrx_word' id='word_1_653' title='bbox 3151 3569 3245 3624; x_wconf 75' lang='grc' dir='ltr'>τὴν</span> <span class='ocrx_word' id='word_1_654' title='bbox 3301 3567 3504 3642; x_wconf 80' lang='grc' dir='ltr'>ἔχθραν</span> <span class='ocrx_word' id='word_1_655' title='bbox 3533 3582 3546 3595; x_wconf 90' lang='grc'><strong>·</strong></span> <span class='ocrx_word' id='word_1_656' title='bbox 3598 3561 3771 3637; x_wconf 75' lang='grc' dir='ltr'>μᾶλλον</span> <span class='ocrx_word' id='word_1_657' title='bbox 3798 3554 3844 3610; x_wconf 63' lang='grc' dir='ltr'><strong>δὲ</strong></span> <span class='ocrx_word' id='word_1_658' title='bbox 3871 3556 3906 3607; x_wconf 88' lang='grc' dir='ltr'>οἱ</span> 
     </span>
    </p>
   </div>
   <div class='ocr_carea' id='block_1_96' title="bbox 2360 3645 3903 3732">
    <p class='ocr_par' dir='ltr' id='par_1_96' title="bbox 2360 3645 3903 3732">
     <span class='ocr_line' id='line_1_96' title="bbox 2360 3645 3903 3732; baseline -0.008 -21"><span class='ocrx_word' id='word_1_659' title='bbox 2360 3660 2448 3732; x_wconf 68' lang='grc' dir='ltr'>μὲν</span> <span class='ocrx_word' id='word_1_660' title='bbox 2502 3655 2665 3718; x_wconf 83' lang='grc' dir='ltr'>ἄλλως</span> <span class='ocrx_word' id='word_1_661' title='bbox 2706 3654 2941 3728; x_wconf 78' lang='grc' dir='ltr'>πολέμιοι</span> <span class='ocrx_word' id='word_1_662' title='bbox 3005 3661 3111 3715; x_wconf 82' lang='grc' dir='ltr'>τοῖς</span> <span class='ocrx_word' id='word_1_663' title='bbox 3170 3656 3454 3714; x_wconf 76' lang='grc' dir='ltr'><strong>τεθνηκόσι</strong></span> <span class='ocrx_word' id='word_1_664' title='bbox 3504 3647 3829 3707; x_wconf 67' lang='grc' dir='ltr'>σπένδονταιθ</span> <span class='ocrx_word' id='word_1_665' title='bbox 3863 3645 3903 3695; x_wconf 78' lang='grc' dir='ltr'><strong>αἱ</strong></span> 
     </span>
    </p>
   </div>
   <div class='ocr_carea' id='block_1_97' title="bbox 2360 3741 3906 3822">
    <p class='ocr_par' dir='ltr' id='par_1_97' title="bbox 2360 3741 3906 3822">
     <span class='ocr_line' id='line_1_97' title="bbox 2360 3741 3906 3822; baseline -0.006 -22"><span class='ocrx_word' id='word_1_666' title='bbox 2360 3744 2421 3800; x_wconf 62' lang='grc' dir='ltr'><strong>δὲ</strong></span> <span class='ocrx_word' id='word_1_667' title='bbox 2449 3749 2704 3822; x_wconf 79' lang='grc' dir='ltr'>μητρυιαὶ</span> <span class='ocrx_word' id='word_1_668' title='bbox 2741 3751 2832 3797; x_wconf 80' lang='grc' dir='ltr'>τοῦ</span> <span class='ocrx_word' id='word_1_669' title='bbox 2880 3748 3070 3817; x_wconf 81' lang='grc' dir='ltr'>μίσους</span> <span class='ocrx_word' id='word_1_670' title='bbox 3116 3746 3245 3810; x_wconf 79' lang='grc' dir='ltr'>μετὰ</span> <span class='ocrx_word' id='word_1_671' title='bbox 3284 3747 3375 3796; x_wconf 87' lang='grc' dir='ltr'><strong>τόν</strong></span> <span class='ocrx_word' id='word_1_672' title='bbox 3432 3745 3641 3797; x_wconf 70' lang='grc' dir='ltr'>θάνατον</span> <span class='ocrx_word' id='word_1_673' title='bbox 3674 3741 3906 3812; x_wconf 71' lang='grc' dir='ltr'>ἄρχονται-</span> 
     </span>
    </p>
   </div>
   <div class='ocr_carea' id='block_1_98' title="bbox 2362 3827 3909 3910">
    <p class='ocr_par' dir='ltr' id='par_1_98' title="bbox 2362 3827 3909 3910">
     <span class='ocr_line' id='line_1_98' title="bbox 2362 3827 3909 3910; baseline -0.007 -19"><span class='ocrx_word' id='word_1_674' title='bbox 2362 3836 2646 3910; x_wconf 68' lang='grc' dir='ltr'>Κεφοξλαιον</span> <span class='ocrx_word' id='word_1_675' title='bbox 2698 3831 2757 3888; x_wconf 59' lang='grc' dir='ltr'><strong>δὲ</strong></span> <span class='ocrx_word' id='word_1_676' title='bbox 2811 3841 2912 3887; x_wconf 82' lang='grc' dir='ltr'><strong>τῶν</strong></span> <span class='ocrx_word' id='word_1_677' title='bbox 2943 3834 3241 3909; x_wconf 70' lang='grc' dir='ltr'>εἰρημένων,</span> <span class='ocrx_word' id='word_1_678' title='bbox 3277 3834 3340 3887; x_wconf 84' lang='grc' dir='ltr'>Εἰ</span> <span class='ocrx_word' id='word_1_679' title='bbox 3370 3836 3462 3908; x_wconf 65' lang='grc' dir='ltr'>μὶν</span> <span class='ocrx_word' id='word_1_680' title='bbox 3490 3836 3623 3906; x_wconf 83' lang='grc' dir='ltr'>νόμῳ</span> <span class='ocrx_word' id='word_1_681' title='bbox 3671 3847 3744 3889; x_wconf 85' lang='grc' dir='ltr'><strong>τις</strong></span> <span class='ocrx_word' id='word_1_682' title='bbox 3784 3827 3909 3899; x_wconf 71' lang='grc' dir='ltr'>ὁρμά·</span> 
     </span>
    </p>
   </div>
   <div class='ocr_carea' id='block_1_99' title="bbox 2358 3908 3911 4002">
    <p class='ocr_par' dir='ltr' id='par_1_99' title="bbox 2358 3921 3911 4002">
     <span class='ocr_line' id='line_1_99' title="bbox 2358 3921 3911 4002; baseline -0.004 -24"><span class='ocrx_word' id='word_1_683' title='bbox 2358 3944 2446 3978; x_wconf 84' lang='grc' dir='ltr'><strong>ται</strong></span> <span class='ocrx_word' id='word_1_684' title='bbox 2474 3928 2605 4002; x_wconf 84' lang='grc' dir='ltr'>πρὸς</span> <span class='ocrx_word' id='word_1_685' title='bbox 2652 3928 2738 3978; x_wconf 86' lang='grc' dir='ltr'>τὸν</span> <span class='ocrx_word' id='word_1_686' title='bbox 2789 3925 2979 3997; x_wconf 73' lang='grc' dir='ltr'>γάμον,</span> <span class='ocrx_word' id='word_1_687' title='bbox 3009 3927 3267 3982; x_wconf 69' lang='grc' dir='ltr'>ἣνοικταισ</span> <span class='ocrx_word' id='word_1_688' title='bbox 3299 3930 3454 3977; x_wconf 79' lang='grc' dir='ltr'>πᾶσα</span> <span class='ocrx_word' id='word_1_689' title='bbox 3482 3925 3511 3983; x_wconf 76' lang='grc' dir='ltr'>ἡ</span> <span class='ocrx_word' id='word_1_690' title='bbox 3561 3921 3807 3991; x_wconf 74' lang='grc' dir='ltr'>οἰκουμένη</span> <span class='ocrx_word' id='word_1_691' title='bbox 3841 3930 3853 3943; x_wconf 88' lang='grc'>⁶</span> <span class='ocrx_word' id='word_1_692' title='bbox 3878 3929 3911 3961; x_wconf 76' lang='grc' dir='ltr'>ει</span> 
     </span>
    </p>
   </div>
   <div class='ocr_carea' id='block_1_100' title="bbox 2360 4002 3909 4088">
    <p class='ocr_par' dir='ltr' id='par_1_100' title="bbox 2360 4002 3909 4088">
     <span class='ocr_line' id='line_1_100' title="bbox 2360 4002 3909 4088; baseline -0.006 -20"><span class='ocrx_word' id='word_1_693' title='bbox 2360 4011 2420 4068; x_wconf 74' lang='grc' dir='ltr'><strong>δὲ</strong></span> <span class='ocrx_word' id='word_1_694' title='bbox 2449 4015 2685 4088; x_wconf 72' lang='grc' dir='ltr'>ἐμπαθὴς</span> <span class='ocrx_word' id='word_1_695' title='bbox 2711 4013 2852 4085; x_wconf 66' lang='grc' dir='ltr'><strong>αὐτῷ</strong></span> <span class='ocrx_word' id='word_1_696' title='bbox 2881 4015 2912 4072; x_wconf 81' lang='grc' dir='ltr'><strong>ἠ</strong></span> <span class='ocrx_word' id='word_1_697' title='bbox 2941 4009 3175 4082; x_wconf 78' lang='grc' dir='ltr'>σπουδὴ,</span> <span class='ocrx_word' id='word_1_698' title='bbox 3207 4009 3301 4065; x_wconf 72' lang='grc' dir='ltr'><strong>διὰ</strong></span> <span class='ocrx_word' id='word_1_699' title='bbox 3341 4021 3495 4067; x_wconf 84' lang='grc' dir='ltr'>τοῦτο</span> <span class='ocrx_word' id='word_1_700' title='bbox 3538 4015 3625 4064; x_wconf 77' lang='grc' dir='ltr'><strong>καὶ</strong></span> <span class='ocrx_word' id='word_1_701' title='bbox 3651 4007 3783 4062; x_wconf 74' lang='grc' dir='ltr'>πλέον</span> <span class='ocrx_word' id='word_1_702' title='bbox 3809 4002 3909 4055; x_wconf 78' lang='grc' dir='ltr'>ἀπο·</span> 
     </span>
    </p>
   </div>
   <div class='ocr_carea' id='block_1_101' title="bbox 2357 4087 3905 4176">
    <p class='ocr_par' dir='ltr' id='par_1_101' title="bbox 2357 4087 3905 4176">
     <span class='ocr_line' id='line_1_101' title="bbox 2357 4087 3905 4176; baseline -0.008 -19"><span class='ocrx_word' id='word_1_703' title='bbox 2357 4103 2670 4171; x_wconf 76' lang='grc' dir='ltr'>κλεισθήτω,</span> <span class='ocrx_word' id='word_1_704' title='bbox 2701 4102 2811 4157; x_wconf 83' lang='grc' dir='ltr'><strong>Ἰνα</strong></span> <span class='ocrx_word' id='word_1_705' title='bbox 2869 4103 3009 4176; x_wconf 73' lang='grc' dir='ltr'>μοίθῃ</span> <span class='ocrx_word' id='word_1_706' title='bbox 3061 4106 3121 4155; x_wconf 87' lang='grc' dir='ltr'>τὸ</span> <span class='ocrx_word' id='word_1_707' title='bbox 3162 4101 3352 4156; x_wconf 75' lang='grc' dir='ltr'>ἑαυτοῦ</span> <span class='ocrx_word' id='word_1_708' title='bbox 3403 4110 3580 4162; x_wconf 81' lang='grc' dir='ltr'>σκεῦος</span> <span class='ocrx_word' id='word_1_709' title='bbox 3631 4096 3832 4151; x_wconf 78' lang='grc' dir='ltr'>κτάσθαι</span> <span class='ocrx_word' id='word_1_710' title='bbox 3870 4087 3905 4140; x_wconf 71' lang='grc' dir='ltr'>ἓν</span> 
     </span>
    </p>
   </div>
   <div class='ocr_carea' id='block_1_102' title="bbox 2359 4181 3907 4267">
    <p class='ocr_par' dir='ltr' id='par_1_102' title="bbox 2359 4181 3907 4267">
     <span class='ocr_line' id='line_1_102' title="bbox 2359 4181 3907 4267; baseline -0.008 -21"><span class='ocrx_word' id='word_1_711' title='bbox 2359 4194 2606 4267; x_wconf 74' lang='grc' dir='ltr'>ἀγιασμῳ</span> <span class='ocrx_word' id='word_1_712' title='bbox 2635 4197 2726 4246; x_wconf 79' lang='grc' dir='ltr'><strong>καὶ</strong></span> <span class='ocrx_word' id='word_1_713' title='bbox 2756 4199 2905 4266; x_wconf 75' lang='grc' dir='ltr'>τιμῇ,</span> <span class='ocrx_word' id='word_1_714' title='bbox 2937 4195 3008 4266; x_wconf 79' lang='grc' dir='ltr'>μὴ</span> <span class='ocrx_word' id='word_1_715' title='bbox 3035 4190 3082 4244; x_wconf 76' lang='grc' dir='ltr'>ἓν</span> <span class='ocrx_word' id='word_1_716' title='bbox 3113 4193 3267 4246; x_wconf 83' lang='grc' dir='ltr'>ποίθει</span> <span class='ocrx_word' id='word_1_717' title='bbox 3294 4190 3594 4265; x_wconf 72' lang='grc' dir='ltr'>ἐπιθυμίας.</span> <span class='ocrx_word' id='word_1_718' title='bbox 3648 4181 3835 4241; x_wconf 81' lang='grc' dir='ltr'>Πλεῐονοὶ</span> <span class='ocrx_word' id='word_1_719' title='bbox 3858 4185 3907 4251; x_wconf 66' lang='grc' dir='ltr'><strong>με</strong></span> 
     </span>
    </p>
   </div>
   <div class='ocr_carea' id='block_1_103' title="bbox 2356 4270 3907 4359">
    <p class='ocr_par' dir='ltr' id='par_1_103' title="bbox 2356 4270 3907 4359">
     <span class='ocr_line' id='line_1_103' title="bbox 2356 4270 3907 4359; baseline -0.013 -21"><span class='ocrx_word' id='word_1_720' title='bbox 2356 4284 2519 4357; x_wconf 72' lang='grc' dir='ltr'>λέγειν</span> <span class='ocrx_word' id='word_1_721' title='bbox 2550 4285 2850 4359; x_wconf 76' lang='grc' dir='ltr'>ὡρμημένον</span> <span class='ocrx_word' id='word_1_722' title='bbox 2873 4282 2930 4336; x_wconf 87' lang='grc' dir='ltr'>τό</span> <span class='ocrx_word' id='word_1_723' title='bbox 2958 4286 3142 4359; x_wconf 82' lang='grc' dir='ltr'>μέτρον</span> <span class='ocrx_word' id='word_1_724' title='bbox 3172 4280 3355 4355; x_wconf 73' lang='grc' dir='ltr'>ίπέχει</span> <span class='ocrx_word' id='word_1_725' title='bbox 3398 4282 3513 4355; x_wconf 73' lang='grc'><strong>(14)</strong></span> <span class='ocrx_word' id='word_1_726' title='bbox 3541 4287 3631 4340; x_wconf 82' lang='grc' dir='ltr'><strong>τῆς</strong></span> <span class='ocrx_word' id='word_1_727' title='bbox 3663 4270 3907 4330; x_wconf 71' lang='grc' dir='ltr'>ἐπιστολῆς·</span> 
     </span>
    </p>
   </div>
   <div class='ocr_carea' id='block_1_104' title="bbox 2360 4362 3906 4448">
    <p class='ocr_par' dir='ltr' id='par_1_104' title="bbox 2360 4362 3906 4448">
     <span class='ocr_line' id='line_1_104' title="bbox 2360 4362 3906 4448; baseline -0.01 -21"><span class='ocrx_word' id='word_1_728' title='bbox 2360 4376 2605 4448; x_wconf 78' lang='grc' dir='ltr'>Εὕχομαι</span> <span class='ocrx_word' id='word_1_729' title='bbox 2631 4370 2691 4427; x_wconf 69' lang='grc' dir='ltr'><strong>δὲ</strong></span> <span class='ocrx_word' id='word_1_730' title='bbox 2720 4374 2749 4433; x_wconf 77' lang='grc' dir='ltr'>ἢ</span> <span class='ocrx_word' id='word_1_731' title='bbox 2792 4377 2888 4433; x_wconf 76' lang='grc' dir='ltr'><strong>την</strong></span> <span class='ocrx_word' id='word_1_732' title='bbox 2925 4392 3232 4448; x_wconf 77' lang='grc' dir='ltr'>παραινεσιν</span> <span class='ocrx_word' id='word_1_733' title='bbox 3271 4374 3421 4446; x_wconf 83' lang='grc' dir='ltr'>ἡμῶν</span> <span class='ocrx_word' id='word_1_734' title='bbox 3472 4370 3795 4446; x_wconf 80' lang='grc' dir='ltr'>ἰσχυροτέραν</span> <span class='ocrx_word' id='word_1_735' title='bbox 3840 4362 3906 4412; x_wconf 72' lang='grc' dir='ltr'>τοῦ</span> 
     </span>
    </p>
   </div>
   <div class='ocr_carea' id='block_1_105' title="bbox 2279 4450 3908 4544">
    <p class='ocr_par' dir='ltr' id='par_1_105' title="bbox 2279 4450 3908 4544">
     <span class='ocr_line' id='line_1_105' title="bbox 2279 4450 3908 4544; baseline -0.002 -25"><span class='ocrx_word' id='word_1_736' title='bbox 2279 4489 2323 4544; x_wconf 80' lang='lat' dir='ltr'><strong>D</strong></span> <span class='ocrx_word' id='word_1_737' title='bbox 2356 4466 2553 4525; x_wconf 74' lang='grc' dir='ltr'>πάθους</span> <span class='ocrx_word' id='word_1_738' title='bbox 2609 4460 3018 4537; x_wconf 73' lang='grc' dir='ltr'>ἀποδειχθῆναι,</span> <span class='ocrx_word' id='word_1_739' title='bbox 3060 4463 3090 4523; x_wconf 77' lang='grc' dir='ltr'><strong><em>ἦ</em></strong></span> <span class='ocrx_word' id='word_1_740' title='bbox 3132 4467 3205 4536; x_wconf 78' lang='grc' dir='ltr'>μὴ</span> <span class='ocrx_word' id='word_1_741' title='bbox 3257 4458 3592 4536; x_wconf 72' lang='grc' dir='ltr'>ἐπιδημῆσαι</span> <span class='ocrx_word' id='word_1_742' title='bbox 3619 4465 3677 4531; x_wconf 74' lang='grc' dir='ltr'><strong>τῇ</strong></span> <span class='ocrx_word' id='word_1_743' title='bbox 3731 4450 3908 4544; x_wconf 39' lang='grc' dir='ltr'><strong>ἡμετέρᾳ</strong></span> 
     </span>
    </p>
   </div>
   <div class='ocr_carea' id='block_1_106' title="bbox 2352 4537 3906 4627">
    <p class='ocr_par' dir='ltr' id='par_1_106' title="bbox 2352 4537 3906 4627">
     <span class='ocr_line' id='line_1_106' title="bbox 2352 4537 3906 4627; baseline -0.015 -17"><span class='ocrx_word' id='word_1_744' title='bbox 2352 4555 2466 4627; x_wconf 78' lang='grc'>(15)</span> <span class='ocrx_word' id='word_1_745' title='bbox 2493 4556 2550 4607; x_wconf 88' lang='grc' dir='ltr'>τὸ</span> <span class='ocrx_word' id='word_1_746' title='bbox 2572 4554 2700 4627; x_wconf 74' lang='grc' dir='ltr'><strong>ἄγος</strong></span> <span class='ocrx_word' id='word_1_747' title='bbox 2729 4560 2882 4607; x_wconf 85' lang='grc' dir='ltr'>τοῦτο</span> <span class='ocrx_word' id='word_1_748' title='bbox 2918 4574 2931 4588; x_wconf 78' lang='grc' dir='ltr'><strong>ο</strong></span> <span class='ocrx_word' id='word_1_749' title='bbox 2961 4550 3070 4606; x_wconf 78' lang='grc' dir='ltr'>ἀλλ’</span> <span class='ocrx_word' id='word_1_750' title='bbox 3099 4552 3148 4605; x_wconf 77' lang='grc' dir='ltr'>ἕν</span> <span class='ocrx_word' id='word_1_751' title='bbox 3174 4552 3251 4615; x_wconf 80' lang='grc' dir='ltr'><strong>οἷς</strong></span> <span class='ocrx_word' id='word_1_752' title='bbox 3281 4550 3342 4605; x_wconf 78' lang='grc' dir='ltr'>ἂν</span> <span class='ocrx_word' id='word_1_753' title='bbox 3373 4550 3624 4624; x_wconf 75' lang='grc' dir='ltr'>ἐτολμήθη</span> <span class='ocrx_word' id='word_1_754' title='bbox 3646 4549 3806 4604; x_wconf 84' lang='grc' dir='ltr'>τόποις</span> <span class='ocrx_word' id='word_1_755' title='bbox 3824 4537 3906 4591; x_wconf 73' lang='grc' dir='ltr'><strong>ἕνα·</strong></span> 
     </span>
    </p>
   </div>
   <div class='ocr_carea' id='block_1_107' title="bbox 2356 4650 2619 4718">
    <p class='ocr_par' dir='ltr' id='par_1_107' title="bbox 2356 4650 2619 4718">
     <span class='ocr_line' id='line_1_107' title="bbox 2356 4650 2619 4718; baseline 0 -21"><span class='ocrx_word' id='word_1_756' title='bbox 2356 4650 2619 4718; x_wconf 84' lang='grc' dir='ltr'>πομεῖναι,</span> 
     </span>
    </p>
   </div>
   <div class='ocr_carea' id='block_1_108' title="bbox 2528 4820 3598 4893">
    <p class='ocr_par' dir='ltr' id='par_1_108' title="bbox 2528 4820 3598 4893">
     <span class='ocr_line' id='line_1_108' title="bbox 2528 4820 3598 4893; baseline -0.005 -14"><span class='ocrx_word' id='word_1_757' title='bbox 2528 4824 2575 4859; x_wconf 69' lang='grc' dir='ltr'>ιο</span> <span class='ocrx_word' id='word_1_758' title='bbox 2605 4825 2627 4879; x_wconf 92' lang='lat' dir='ltr'><strong>I</strong></span> <span class='ocrx_word' id='word_1_759' title='bbox 2656 4825 2785 4880; x_wconf 91' lang='lat' dir='ltr'><strong>Cor.</strong></span> <span class='ocrx_word' id='word_1_760' title='bbox 2821 4836 2918 4893; x_wconf 83' lang='lat' dir='ltr'><strong>vn,</strong></span> <span class='ocrx_word' id='word_1_761' title='bbox 2939 4824 2995 4880; x_wconf 88' lang='lat'><strong>9.</strong></span> <span class='ocrx_word' id='word_1_762' title='bbox 3072 4821 3117 4858; x_wconf 79' lang='grc'><strong>⁶¹</strong></span> <span class='ocrx_word' id='word_1_763' title='bbox 3151 4820 3409 4879; x_wconf 88' lang='lat' dir='ltr'><strong>IThess.</strong></span> <span class='ocrx_word' id='word_1_764' title='bbox 3442 4836 3513 4893; x_wconf 77' lang='lat' dir='ltr'><strong>iv,</strong></span> <span class='ocrx_word' id='word_1_765' title='bbox 3546 4822 3598 4875; x_wconf 78' lang='grc'>4.</span> 
     </span>
    </p>
   </div>
   <div class='ocr_carea' id='block_1_109' title="bbox 2348 4986 3899 5064">
    <p class='ocr_par' dir='ltr' id='par_1_109' title="bbox 2348 4986 3899 5064">
     <span class='ocr_line' id='line_1_109' title="bbox 2348 4986 3899 5064; baseline -0.015 -5"><span class='ocrx_word' id='word_1_766' title='bbox 2348 5000 2733 5059; x_wconf 90' lang='lat' dir='ltr'><strong>occasionem</strong></span> <span class='ocrx_word' id='word_1_767' title='bbox 2765 4999 3079 5064; x_wconf 86' lang='lat' dir='ltr'><strong>dederunt.</strong></span> <span class='ocrx_word' id='word_1_768' title='bbox 3094 5015 3221 5058; x_wconf 91' lang='lat' dir='ltr'><strong>non</strong></span> <span class='ocrx_word' id='word_1_769' title='bbox 3244 5003 3583 5058; x_wconf 88' lang='lat' dir='ltr'><strong>contractas</strong></span> <span class='ocrx_word' id='word_1_770' title='bbox 3604 4994 3662 5051; x_wconf 90' lang='lat' dir='ltr'><strong>in</strong></span> <span class='ocrx_word' id='word_1_771' title='bbox 3686 4986 3899 5048; x_wconf 83' lang='lat' dir='ltr'><strong>Ecclesia</strong></span> 
     </span>
    </p>
   </div>
   <div class='ocr_carea' id='block_1_110' title="bbox 2350 5066 3899 5146">
    <p class='ocr_par' dir='ltr' id='par_1_110' title="bbox 2350 5066 3899 5146">
     <span class='ocr_line' id='line_1_110' title="bbox 2350 5066 3899 5146; baseline -0.009 -16"><span class='ocrx_word' id='word_1_772' title='bbox 2350 5072 2733 5146; x_wconf 68' lang='lat' dir='ltr'><strong>Caesariensis</strong></span> <span class='ocrx_word' id='word_1_773' title='bbox 2786 5072 2990 5146; x_wconf 84' lang='lat' dir='ltr'><strong>fuisse.</strong></span> <span class='ocrx_word' id='word_1_774' title='bbox 3046 5077 3129 5146; x_wconf 52' lang='lat' dir='ltr'><strong>ac</strong></span> <span class='ocrx_word' id='word_1_775' title='bbox 3158 5073 3452 5146; x_wconf 80' lang='lat' dir='ltr'><strong>profecto,_</strong></span> <span class='ocrx_word' id='word_1_776' title='bbox 3478 5084 3599 5146; x_wconf 87' lang='lat' dir='ltr'><strong>qua</strong></span> <span class='ocrx_word' id='word_1_777' title='bbox 3634 5066 3899 5146; x_wconf 44' lang='lat' dir='ltr'><strong>erantcog-</strong></span> 
     </span>
    </p>
   </div>
   <div class='ocr_carea' id='block_1_111' title="bbox 2346 5128 3896 5220">
    <p class='ocr_par' dir='ltr' id='par_1_111' title="bbox 2346 5128 3896 5220">
     <span class='ocr_line' id='line_1_111' title="bbox 2346 5128 3896 5220; baseline -0.008 -18"><span class='ocrx_word' id='word_1_778' title='bbox 2346 5128 2449 5220; x_wconf 67' lang='lat' dir='ltr'><strong>tan</strong></span> <span class='ocrx_word' id='word_1_779' title='bbox 2456 5128 2534 5201; x_wconf 83' lang='lat' dir='ltr'><strong>tia</strong></span> <span class='ocrx_word' id='word_1_780' title='bbox 2556 5128 2806 5220; x_wconf 73' lang='lat' dir='ltr'><strong>Basilius</strong></span> <span class='ocrx_word' id='word_1_781' title='bbox 2831 5128 3595 5220; x_wconf 59' lang='lat' dir='ltr'><strong>invindicandisEcclesiae</strong></span> <span class='ocrx_word' id='word_1_782' title='bbox 3621 5149 3737 5220; x_wconf 71' lang='lat' dir='ltr'><strong>suae</strong></span> <span class='ocrx_word' id='word_1_783' title='bbox 3757 5128 3896 5220; x_wconf 41' lang='lat' dir='ltr'><strong>ius}:</strong></span> 
     </span>
    </p>
   </div>
   <div class='ocr_carea' id='block_1_112' title="bbox 2345 5203 3896 5289">
    <p class='ocr_par' dir='ltr' id='par_1_112' title="bbox 2345 5203 3896 5289">
     <span class='ocr_line' id='line_1_112' title="bbox 2345 5203 3896 5289; baseline 0.009 -17"><span class='ocrx_word' id='word_1_784' title='bbox 2345 5216 2505 5283; x_wconf 79' lang='lat' dir='ltr'><strong>tutis,</strong></span> <span class='ocrx_word' id='word_1_785' title='bbox 2528 5216 2800 5289; x_wconf 79' lang='lat' dir='ltr'><strong>mimime</strong></span> <span class='ocrx_word' id='word_1_786' title='bbox 2815 5215 3072 5289; x_wconf 78' lang='lat' dir='ltr'><strong>dubium</strong></span> <span class='ocrx_word' id='word_1_787' title='bbox 3092 5216 3243 5289; x_wconf 82' lang='lat' dir='ltr'><strong>quin</strong></span> <span class='ocrx_word' id='word_1_788' title='bbox 3262 5214 3442 5289; x_wconf 81' lang='lat' dir='ltr'><strong>ei,qui</strong></span> <span class='ocrx_word' id='word_1_789' title='bbox 3470 5209 3666 5289; x_wconf 55' lang='grc' dir='ltr'>μκοῖίε</span> <span class='ocrx_word' id='word_1_790' title='bbox 3680 5203 3896 5289; x_wconf 55' lang='grc' dir='ltr'><strong>,Ψοξῳζῗ</strong></span> 
     </span>
    </p>
   </div>
   <div class='ocr_carea' id='block_1_113' title="bbox 2345 5269 3896 5359">
    <p class='ocr_par' dir='ltr' id='par_1_113' title="bbox 2345 5269 3896 5359">
     <span class='ocr_line' id='line_1_113' title="bbox 2345 5269 3896 5359; baseline -0.014 -16"><span class='ocrx_word' id='word_1_791' title='bbox 2345 5269 2934 5359; x_wconf 43' lang='lat' dir='ltr'><strong>assignantur;</strong></span> <span class='ocrx_word' id='word_1_792' title='bbox 2946 5269 3136 5359; x_wconf 57' lang='lat'><strong>18333</strong></span> <span class='ocrx_word' id='word_1_793' title='bbox 3150 5269 3379 5354; x_wconf 47' lang='lat' dir='ltr'><strong>sua}?</strong></span> <span class='ocrx_word' id='word_1_794' title='bbox 3395 5269 3652 5359; x_wconf 73' lang='lat' dir='ltr'><strong>epistolae</strong></span> <span class='ocrx_word' id='word_1_795' title='bbox 3679 5269 3896 5334; x_wconf 84' lang='lat' dir='ltr'><strong>Diodoro</strong></span> 
     </span>
    </p>
   </div>
   <div class='ocr_carea' id='block_1_114' title="bbox 2345 5358 2962 5434">
    <p class='ocr_par' dir='ltr' id='par_1_114' title="bbox 2345 5358 2962 5434">
     <span class='ocr_line' id='line_1_114' title="bbox 2345 5358 2962 5434; baseline -0.006 -17"><span class='ocrx_word' id='word_1_796' title='bbox 2345 5358 2559 5417; x_wconf 69' lang='lat' dir='ltr'><strong>atﬁctze</strong></span> <span class='ocrx_word' id='word_1_797' title='bbox 2589 5359 2962 5434; x_wconf 64' lang='lat' dir='ltr'><strong>praesidium.</strong></span> 
     </span>
    </p>
   </div>
  </div>
