4062 6214
216 318 301 375 629

701 490 1040 539 ΕΠΙΣΤΟΛΗ
1072 482 1227 538 ΡΞΑᾟ

1155 301 1640 363 ΕΡΙδΤΟΙιΑΒυὶί
1676 298 1955 357 CLASSIS
1995 299 2064 356 II.
2102 296 2317 356 EPIST.
2359 299 2534 357 CLXI.

3426 298 3533 354 630

2410 477 2750 534 EPISTOLA
2791 477 2989 532 CLXl'.

225 610 667 683 Amphilochium
700 611 1047 683 consolatur
1070 608 1357 683 Basilius,
1386 612 1515 683 tum_
1530 620 1665 683 cum
1691 602 1930 683 fugeret
1961 599 2421 683 ordinationem,
2464 603 2935 683 g_ratia:_reti_bus
2958 604 3296 683 irrcti!_um._
3317 601 3535 683 Horta-

284 673 369 740 tur
388 689 443 737 ut
464 697 668 751 prava:
696 682 984 738 doctrina
1007 682 1334 750 pravisque
1362 676 1625 733 moribus
1647 679 1993 751 constanter
2022 674 2290 730 obszstat.
2319 676 2512 744 Rogat
2552 681 2615 730 ut
2643 676 2696 730 si
2723 691 2780 730 se
2809 676 2985 745 longo
3015 675 3219 730 morbo
3256 673 3533 729 debilita-

284 764 386 812 tum
416 749 664 809 iﬁvzsere
690 754 851 823 velit,
878 767 985 808 nec
1010 749 1244 820 tempus
1264 766 1373 807 nec
1398 756 1632 819 signum
1662 749 1979 815 exspectet.

351 877 659 951 Ἀμφιλοχίῳ
689 879 825 949 (16),
853 876 1269 953 χειροτονηθέντι
1295 874 1581 945 ἕπισκόπῳ’

272 984 614 1056 1.Εύλογητός
643 986 669 1036 ό
714 988 861 1050 Θεὸς,
894 986 919 1037 ὁ
972 988 1089 1045 τοὺς
1138 983 1255 1036 καθ’
1310 982 1534 1039 ἑκάστην
1580 980 1755 1051 γενεὰν

210 1077 566 1150 ιύαριστοῦντας
620 1074 761 1145 αύτῷ
826 1072 1174 1146 ὶκλεγόμενος,
1225 1077 1315 1124 καὶ
1374 1070 1641 1144 γνωρίζων
1693 1070 1757 1120 τὰ

210 1168 335 1223 σκεύη
365 1174 449 1226 τῆς
477 1163 713 1234 ἐκλογῆς,
763 1168 853 1215 καὶ
895 1167 1237 1238 κεχρημένος,
1281 1162 1457 1222 αὐτοῖς
1504 1162 1634 1233 πρὸς
1664 1162 1756 1215 την

205 1256 480 1328 λειτουργίαν
502 1262 602 1306 τῶν
626 1255 787 1324 ἁγίων
812 1272 824 1286 ’
858 1254 884 1304 ό
909 1258 997 1304 καὶ
1021 1260 1110 1304 νῦν
1136 1271 1192 1304 σε
1216 1254 1489 1324 φεύγοντα,
1516 1252 1584 1309 ὡς
1606 1248 1758 1307 αὐτὸς

202 1348 299 1416 φης,
334 1347 428 1414 οὐχ
480 1344 644 1415 ἡμᾶς,
685 1341 814 1393 ἀλλὰ
864 1346 957 1400 τὴν
1007 1338 1079 1393 δι’
1129 1343 1274 1413 ἡμῶν
1316 1337 1757 1412 προσδοκωμένην

202 1432 373 1503 κλῆσιν,
397 1440 502 1494 τοῖς
528 1431 773 1504 ἀφύκτοις
791 1428 1029 1492 δικτύοις
1048 1439 1141 1491 τῆς
1162 1434 1383 1505 χάριτος
1412 1431 1754 1500 σαγηνεύσας,

202 1526 271 1573 καὶ
298 1520 489 1592 ἀγαγὼν
525 1520 598 1581 εἰς
624 1522 689 1572 τὰ
714 1524 853 1593 μέσα
882 1528 972 1580 τῆς
1004 1516 1281 1584 Πισιδίας,
1305 1521 1437 1570 ὥστε
1464 1516 1761 1591 ἀνθρώπους

202 1614 381 1685 ζωγρεῖν
409 1619 477 1681 τῷ
522 1614 717 1685 Κυρίῳ,
759 1614 849 1661 καὶ
902 1608 1061 1662 ἕλκειν
1120 1606 1220 1661 ἀπὸ
1269 1616 1359 1659 τοῦ
1404 1606 1572 1681 βυθοῦ
1603 1607 1675 1668 εἰς
1698 1612 1758 1661 τὸ

200 1709 284 1772 φῶς
304 1704 411 1762 τούς
442 1698 835 1773 ἑζωγρημένους
888 1700 988 1751 ύπό
1018 1706 1109 1750 τοῦ
1144 1694 1395 1750 διαϐόλου
1428 1698 1500 1759 εἰς
1527 1702 1584 1750 τὸ
1633 1697 1759 1751 ἐκεί⁴

196 1809 263 1841 νον
288 1789 484 1862 θέλημα.
518 1793 651 1860 Λέγε
679 1784 767 1840 οὖν
796 1792 889 1840 καὶ
922 1792 989 1840 σύ
1024 1790 1089 1840 τὰ
1126 1795 1218 1840 τοῦ
1248 1792 1513 1862 μακαρίου
1541 1783 1707 1839 Δαϐίδ
1742 1808 1754 1821 ο

198 1886 283 1931 Ποῦ
304 1880 530 1953 πορευθώ
564 1876 665 1930 ἀπὸ
703 1885 797 1930 τοῦ
849 1880 1133 1949 πνεύματός
1174 1893 1313 1943 σου;
1368 1882 1458 1928 καὶ
1517 1875 1616 1928 ἀπὸ
1666 1884 1755 1928 τοῦ

194 1974 434 2042 προσώπου
468 1986 569 2020 σου
599 1975 689 2019 τοῦ
721 1969 867 2039 φύγω
893 1983 906 2033 ;
934 1973 1162 2019 Τοιαῦτα
1188 1968 1290 2041 γὰρ
1324 1967 1754 2041 θαυματουργεῖὸ

196 2055 516 2129 φιλάνθρωπος
560 2057 705 2128 ἡμῶν
736 2058 1020 2116 Δεσπότης.
1060 2053 1209 2105 ’Ὀνοι
1255 2054 1367 2124 (l7)
1419 2052 1749 2118 ἀπόλλυνται,

195 2146 259 2196 ἶνα
283 2144 519 2217 βασιλεὺς
557 2144 769 2218 Ἰσραὴλ
787 2148 1022 2215 γένηται.
1047 2142 1182 2197 Ἀλλ’
1205 2141 1388 2203 ἐκεῖνος
1416 2146 1526 2215 μὲν,
1551 2142 1753 2216 Ἰσραηο

191 2232 309 2296 λίτης
330 2235 410 2302 ὡν,
453 2242 529 2305 τῷ
564 2233 774 2306 Ἰσραὴλ
819 2229 979 2290 ἐδόθη
1016 2254 1029 2265 ·
1062 2235 1119 2284 σε
1173 2228 1231 2284 δὲ
1274 2234 1302 2289 ἡ
1340 2231 1630 2304 θρεψαμένῃ
1664 2237 1753 2284 καὶ

191 2326 293 2395 πρὸς
318 2332 569 2375 τοσοῦτον
602 2320 969 2374 ἆτναϐιϐάσασα
998 2329 1090 2383 τῆς
1123 2320 1312 2393 ἀρετῆς
1336 2320 1468 2391 ὕφος
1498 2320 1591 2372 οὐκ
1616 2323 1749 2392 ἔχειν

1784 2120 1824 2173 Β

192 2410 292 2464 ἀλλὰ
326 2418 409 2471 τὴν
459 2416 674 2485 γείτονα
708 2414 806 2486 ὁρᾷ
842 2419 915 2481 τῷ
964 2407 1083 2482 ἰδίῳ
1131 2414 1313 2483 κόσμῳ
1354 2414 1749 2482 σεμνυνομένην.

190 2499 363 2561 Ἐπειδή
395 2499 451 2554 δε
478 2504 559 2564 εἷς
582 2501 707 2564 λαός
742 2503 928 2564 πάντες
979 2503 1027 2553 οἱ
1066 2500 1137 2562 εἰς
1184 2503 1414 2573 Χριστόν
1458 2499 1751 2565 ἠλπικότες,

192 2596 260 2643 καὶ
282 2597 367 2663 μία
392 2591 687 2649 Ἐκκλησία
715 2599 803 2642 νύν
848 2592 896 2643 οἱ
946 2596 1205 2665 Χριστοῦ,
1244 2586 1338 2640 κᾶν
1389 2587 1443 2641 ἐκ
1489 2585 1753 2662 διαφόρων

190 2686 324 2732 τόπων
350 2684 831 2756 προσαγορεύηται,
854 2684 1035 2755 χαίρει
1060 2683 1144 2730 καὶ
1164 2680 1192 2736 ἡ
1222 2683 1409 2753 πατρὶς
1433 2682 1524 2729 καὶ
1548 2678 1754 2751 εύφραι·

190 2788 299 2821 mat
324 2778 431 2831 ταῖς
458 2778 559 2823 τοῦ
617 2774 811 2843 Κυρίου
852 2769 1190 2841 οἰκονομίαις,
1250 2772 1340 2819 καὶ
1393 2767 1497 2839 οὐχ
1545 2768 1754 2838 ἡγεῖται

189 2860 254 2910 ἕνα
275 2856 429 2935 ἄνδρα
457 2859 817 2932 ἐζημιῶσθαι,
851 2857 979 2910 ἀλλὰ
1009 2854 1081 2910 δι’
1132 2856 1240 2919 ἐνὸς
1279 2856 1594 2916 Ἐκκλησίας
1633 2858 1753 2918 ὅλας

188 2949 573 3021 προσειληφέναι.
624 2953 791 3002 Μόνον
838 2950 1116 3021 παράσχοι
1164 2948 1414 3021 ὁΚύριος
1463 2951 1551 2998 καὶ
1584 2951 1750 3019 παρό-

185 3056 283 3099 ντας
308 3040 419 3112 όρᾴν
447 3042 593 3111 ἡμᾶς
622 3038 759 3109 (l8),
792 3041 876 3090 καὶ
912 3035 1132 3098 ἀπόντας
1178 3034 1380 3088 ἀκούειν
1434 3040 1526 3095 την
1566 3054 1751 3108 προκο-

185 3132 267 3183 πήν
292 3127 394 3195 σού,
424 3133 515 3187 τὴν
555 3126 606 3180 ἐν
632 3135 704 3198 τῷ
750 3125 1065 3199 Ευαγγελίῳ,
1100 3129 1189 3178 καὶ
1237 3129 1331 3183 τὴν
1380 3124 1617 3188 εὐταξίαν
1649 3133 1748 3177 τῶν

188 3215 341 3276 Ἐκκλη
350 3228 465 3271 σιῶν
472 3257 484 3269 .

243 3345 286 3396 2.
316 3340 592 3418 Ἀνδρίζου
619 3346 791 3396 τοίνυν
819 3345 910 3395 καὶ
947 3360 1127 3414 ισχυε,
1174 3343 1264 3393 καὶ
1290 3342 1612 3415 προποριύου
1654 3350 1746 3394 τοῦ

261 3395 267 3396 ί
407 3395 443 3418 ίι
473 3395 481 3397 ⁷
501 3395 544 3408 ν’
663 3395 667 3396 '
1004 3395 1048 3414 Iv
1111 3395 1126 3412 1
1330 3395 1339 3413 ι
1461 3395 1470 3415 ι

184 3427 306 3495 λαοῦ,
342 3434 389 3483 ὃν
426 3432 707 3485 ἐπίστευσε
762 3440 823 3504 τῇ
881 3428 1031 3501 δεξιᾴ
1086 3449 1180 3482 σου
1237 3434 1267 3481 ό
1318 3429 1590 3499 ’Υ-,ἷιιστος.
1644 3395 1815 3483 Κοιὶο

186 3518 241 3577 ὡς
295 3525 477 3593 νοήμων
531 3520 850 3594 κυϐέρνησιν
904 3521 1274 3591 ποιησάμενος,
1343 3520 1520 3578 πάσης
1587 3519 1743 3580 ζάλης

187 3604 278 3658 ἀπὸ
304 3617 389 3659 τῶν
420 3613 682 3685 αἱρετικῶν
722 3610 1022 3682 πνευμάτων
1056 3607 1380 3681 ἐγειρομένης
1427 3606 1743 3682 ὑψηλότερος

188 3701 421 3769 γῖιόμενος
627 3704 840 3772 γνώμη,
920 3697 1241 3749 ἀϐάπτιστον
1316 3704 1419 3757 τοῖς
1494 3696 1743 3770 ἁλμυροῖς

183 3789 257 3838 καὶ
292 3797 478 3861 πικροῖς
505 3798 605 3852 τῆς
634 3785 949 3850 κακοδοξίας
1003 3790 1203 3860 κύμασι
1258 3784 1580 3859 διαφύλασσε
1630 3788 1741 3860 (l9)

182 3881 260 3935 τὴν
317 3877 524 3948 ὁλκάδα,
602 3878 860 3953 ἀναμένων
920 3882 1014 3937 τὴν
1080 3877 1328 3950 γαλήνην,
1406 3876 1468 3935 ἣν
1535 3883 1744 3935 ποιήσει

182 3964 425 4041 ὁΚύριος,
470 3966 683 4023 ἐπειδάν
740 3970 917 4042 εύρεθῇ
962 3971 1098 4040 φωνή
1156 3965 1279 4030 ἀξία
1316 3974 1406 4019 τοῦ
1448 3962 1743 4025 διαναστῆ-

182 4073 258 4107 σαι
291 4058 429 4111 αὐτόν
471 4063 608 4135 πρὸς
651 4064 744 4118 τὴν
802 4058 1104 4131 ἐπιτίμησιν
1160 4065 1257 4111 τῶν
1314 4060 1614 4128 πνευμάτων
1654 4062 1744 4110 καὶ

179 4152 255 4206 τῆς
323 4148 613 4212 θαλάσσης.
689 4149 749 4202 Εἰ
815 4145 873 4201 δὲ
936 4146 1111 4221 βούλει
1178 4150 1317 4219 ἡμᾶς
1389 4146 1567 4199 λοιπόν
1644 4150 1741 4199 ύπό

174 4242 251 4296 τῆς
282 4246 478 4313 μακρᾶς
521 4238 822 4313 ἀρρωστίας
875 4235 1231 4310 ἐπειγομένους
1281 4237 1385 4306 (20)
1452 4240 1579 4312 πρός
1650 4241 1742 4295 τὸν

178 4320 434 4396 ἀναγκαίαν
492 4325 675 4391 ἔξοδον
723 4326 1133 4398 ἐπισκέψασθαι,
1183 4330 1315 4399 μήτε
1370 4330 1550 4398 καιρόν
1614 4325 1741 4378 ἀνα-

176 4421 326 4488 μείνης
388 4424 522 4489 μήτε
593 4420 650 4469 τό
714 4416 834 4491 παρ’
892 4419 1038 4489 ἡμῶν
1090 4418 1371 4487 σύνθημα·
1424 4412 1600 4486 εἰδὼς,
1663 4418 1743 4468 ὅτι

177 4515 421 4579 πατρικοῖς
498 4506 832 4578 σπλάγχνοις
892 4511 1039 4558 πᾶσα
1105 4504 1343 4579 εὐκαιρία
1416 4503 1529 4557 ἐστὶ
1604 4524 1743 4579 περι·
1775 4537 1817 4590 D

174 4598 480 4651 πτύσσεσθαι
544 4602 719 4650 τέκνον
796 4595 1084 4669 ἀγαπητόν,
1161 4600 1252 4648 καὶ
1323 4594 1479 4667 λόγου
1553 4599 1742 4658 παντός

176 4690 389 4756 κρείττων
429 4690 459 4745 ἡ
504 4689 645 4739 κατὰ
698 4686 884 4759 ψυχὴν
942 4682 1197 4745 διάθεσις.
1259 4686 1419 4759 Βάρος
1474 4680 1533 4736 δὲ
1583 4684 1742 4760 ὑπερ-

177 4771 321 4829 ἧαῖνον
356 4784 449 4838 την
492 4775 721 4852 δύναμιν
759 4782 828 4851 μὴ
868 4774 1086 4853 ὀδύρου.
1126 4777 1185 4829 Εἰ
1221 4778 1311 4849 μὲν
1354 4779 1454 4851 γὰρ
1496 4776 1647 4837 αὑτός
1687 4774 1744 4837 ἧς

179 4864 390 4935 apem.»
423 4874 595 4943 φέρειν
624 4872 683 4922 τό
710 4866 1003 4942 βάσταγμα
1038 4874 1210 4935 τοῦτο,
1244 4863 1367 4919 οὐδὲ
1397 4866 1559 4929 οὕτως
1589 4864 1649 4918 ἆν
1684 4862 1744 4924 ἦν

236 5062 273 5099 ⁸³
300 5066 445 5123 Psal.
475 5080 759 5134 cxxxvm,
792 5070 850 5124 7.
924 5064 971 5101 ‘3
1003 5060 1024 5120 Ῑ
1056 5068 1194 5137 Reg.
1228 5079 1302 5128 ιχ,
1326 5068 1379 5121 3.

237 5261 719 5337 Heraeorum),
752 5266 863 5337 ete.
904 5262 1073 5337 Hune
1101 5261 1339 5337 titulum
1379 5260 1749 5337 eruimus_ex

187 5331 455 5411 codicibus
470 5331 911 5411 'Qois'l.'primo,
934 5333 1105 5403 Med.,
1138 5333 1277 5411 _Vat.
1314 5337 1368 5389 et
1398 5348 1519 5388 uno
1549 5348 1620 5387 ex
1642 5334 1747 5387 Re-

192 5405 290 5477 8ii_s.
313 5406 450 5477 Editi
482 5405 717 5463 habent
743 5411 975 5463 tantum
999 5415 1067 5477 τῷ
1089 5405 1249 5475 αύτῷ.

250 5474 339 5550 tt?)
363 5475 535 5533 Ὀνοι.
552 5481 639 5534 Ita
666 5478 837 5534 Cois].
860 5474 1095 5550 primus
1112 5482 1169 5533 et
1188 5474 1487 5550 Med.cum
1510 5474 1749 5550 duobus

202 5541 346 5615 Regiis
366 5554 421 5606 et
445 5554 709 5622 utroque
732 5541 915 5620 Bigot.
950 5548 1115 5622 Editi
1138 5549 1338 5622 ἐχθροί,
1364 5548 1594 5622 mimici
1618 5562 1751 5617 per-

194 5622 461 5678 euntNon
474 5620 673 5679 exstat
690 5621 818 5678 haec
838 5621 1087 5695 epistola
1102 5620 1163 5676 in
1186 5620 1389 5678 cedice
1413 5621 1748 5675 Hartzeano.

1789 873 1835 925 Α

2168 870 2615 943 Amphilochia,
2641 870 2923 927 ordinato
2954 870 3242 940 episcopo.

1946 980 1994 1033 t.
2037 976 2386 1033 Benedictus
2442 980 2615 1044 Deus,
2670 977 2772 1050 qui
2826 976 2942 1032 sibi
2981 976 3289 1049 placentes
3320 977 3381 1033 in
3414 976 3531 1033 sin-

1870 1065 2025 1136 gulis
2054 1067 2331 1122 eetatibus
2356 1066 2538 1137 eligit,
2591 1066 3018 1138 electionisque
3049 1067 3303 1122 secernit
3348 1082 3526 1131 vasa,

1869 1161 1927 1211 et
1948 1146 2041 1210 his
2069 1155 2255 1212 utitur
2285 1156 2360 1211 ad
2386 1156 2788 1212 ministerium
2818 1160 3171 1211 sanctorum
3196 1173 3209 1210 :
3234 1156 3338 1228 qui
3366 1171 3528 1211 nunc

1869 1245 2051 1301 etiam
2082 1249 2158 1311 te,
2191 1262 2330 1300 cum
2364 1245 2620 1313 fugeres,
2662 1251 2727 1301 ut
2760 1249 2946 1301 tumet
2987 1245 3208 1315 dixisti,
3239 1260 3363 1301 non
3393 1261 3525 1314 nos,

1870 1334 1975 1389 sed
2006 1336 2382 1390 vocationem
2414 1352 2602 1407 quam
2657 1351 2763 1407 per
2807 1351 2918 1390 nos
2961 1334 3226 1390 futuram
3260 1335 3529 1407 suspica-

1870 1423 2051 1492 baris,
2082 1423 2530 1479 inevitabilibus
2565 1425 2768 1493 gratiae
2798 1424 3023 1480 retibus
3062 1423 3330 1493 illigavit,
3362 1440 3433 1479 ac
3462 1424 3525 1479 in

1871 1511 2135 1567 mediam
2169 1512 2449 1569 Pisidiam
2494 1513 2758 1581 deduxit,
2810 1517 2875 1568 ut
2932 1512 3209 1568 homines
3270 1512 3522 1567 Domino

1871 1601 2096 1672 capias,
2132 1606 2187 1657 et
2217 1618 2289 1657 ex
2325 1602 2627 1674 profundo
2658 1602 2971 1673 pertrahas
3004 1600 3082 1657 ad
3120 1600 3337 1671 lucem,
3367 1615 3524 1671 quos

1870 1691 2025 1762 cepit
2052 1691 2349 1763 diabolus,
2373 1698 2437 1748 ut
2461 1709 2636 1748 suam
2658 1692 2845 1765 ipsius
2875 1692 3100 1748 faciant
3126 1691 3519 1747 voluntatem.

1870 1780 1972 1835 Dic
2005 1781 2179 1853 252
2214 1781 2391 1853 igitur
2420 1787 2477 1837 et
2501 1787 2564 1838 tu
2594 1798 2730 1855 quae
2765 1782 2980 1838 beatus
3027 1781 3216 1837 David
3244 1780 3517 1837 dicebat:

1870 1870 1994 1938 Quo
2022 1871 2116 1927 ibo
2135 1887 2171 1928 a
2194 1874 2410 1941 spiritu
2434 1879 2531 1929 tuo
2548 1877 2576 1928 ?
2603 1879 2657 1929 et
2686 1889 2801 1945 quo
2823 1888 2860 1929 a
2878 1874 3039 1944 facie
3071 1878 3175 1929 tua
3189 1870 3522 1943 fugiam"?

1866 1960 2028 2017 Talia
2053 1962 2214 2017 enim
2245 1967 2530 2035 operatur
2576 1961 2869 2019 miracula
2908 1962 3380 2032 benignissimus
3410 1962 3520 2017 Do-

1865 2050 2066 2106 minus
2095 2056 2318 2107 noster.
2352 2052 2546 2108 Asinae
2576 2056 2829 2124 pereunt
2847 2054 2915 2122 ‘3,
2938 2056 3004 2107 ut
3051 2068 3155 2107 rex
3182 2050 3363 2108 Israel
3391 2051 3518 2107 ﬁat.

1866 2139 1979 2195 Sed
2013 2139 2108 2195 ille
2140 2156 2280 2195 cum
2322 2140 2589 2197 Israelita
2642 2145 2820 2211 esset,
2860 2140 3062 2197 Israeli
3087 2140 3265 2197 datus
3291 2144 3381 2196 est
3416 2157 3429 2195 :
3465 2144 3518 2196 te

1864 2244 2005 2284 vero
2058 2244 2181 2285 non
2230 2229 2408 2286 habet
2455 2246 2590 2303 qua:
2630 2230 2911 2286 enutrivit
2939 2236 2995 2286 et
3025 2229 3104 2287 ad
3129 2234 3363 2286 tantum
3389 2246 3521 2303 per-

1864 2318 2037 2375 duxit
2066 2318 2298 2374 virtutis
2329 2320 2561 2391 apicem
2598 2337 2610 2375 :
2655 2320 2762 2375 sed
2800 2319 3065 2375 vicinam
3090 2319 3249 2375 videt
3275 2318 3520 2391 proprio

1862 2412 2078 2463 ornatu
2132 2409 2439 2464 decoram.
2491 2409 2605 2465 Sed
2662 2409 2805 2481 quia
2852 2425 3011 2465 unus
3068 2408 3333 2481 populus
3382 2412 3523 2465 sunt

1862 2502 2166 2569 quotquot
2195 2497 2256 2552 in
2288 2498 2590 2553 Christum
2625 2502 2889 2569 sperant,
2916 2502 2973 2554 et
2996 2513 3158 2553 nunc
3184 2513 3307 2553 una
3327 2496 3520 2553 Eccle-

1866 2587 1955 2641 sia
1983 2587 2088 2658 qui
2121 2587 2332 2643 Christi
2382 2591 2540 2652 sunt,
2592 2604 2950 2660 quanquam
3000 2605 3073 2643 ex
3119 2587 3322 2643 multis
3372 2586 3520 2644 locis

1863 2676 2244 2744 nominatur;
2288 2677 2511 2745 gaudet
2561 2678 2742 2733 etiam
2791 2678 3007 2749 patria,
3057 2682 3115 2733 et
3140 2677 3374 2734 laetatur
3405 2680 3519 2733 Do-

1862 2765 2011 2821 mini
2058 2764 2629 2837 dispensationibus,
2684 2782 2881 2838 neque
2929 2766 3202 2823 amisisse
3234 2782 3295 2821 se
3326 2782 3519 2822 unum

1860 2856 2058 2911 virum
2113 2855 2429 2919 existimat,
2482 2854 2587 2910 sed
2641 2871 2749 2927 per
2796 2872 2986 2911 unum
3034 2859 3189 2911 totas
3228 2854 3519 2911 Ecclesiae

1862 2943 2273 3017 acquisivisse.
2305 2944 2749 2999 Tantummodo
2779 2943 3069 3014 largiatur
3118 2943 3425 3006 Dominus,
3456 2948 3520 3000 ut

1862 3039 1918 3091 et
1972 3038 2299 3102 praesentes
2351 3033 2689 3100 videamus,
2742 3038 2798 3089 et
2857 3033 3141 3089 absentes
3193 3033 3518 3089 audiamus

1859 3129 2030 3182 tuum
2060 3124 2114 3179 in
2144 3123 2468 3193 Evangelio
2495 3123 2830 3195 profectum
2860 3139 2931 3180 ac
2960 3128 3189 3180 rectum
3228 3122 3519 3181 Ecclesia-

1857 3231 1993 3272 rum
2023 3213 2320 3270 ordinem.

1926 3346 1982 3401 2.
2020 3339 2273 3399 Proinde
2292 3356 2401 3411 age
2429 3341 2688 3407 viriliter,
2723 3342 3138 3407 corroborare,
3168 3346 3227 3398 et
3256 3358 3380 3415 pra:
3409 3357 3515 3416 po-

1854 3433 2018 3509 pulo,
2046 3448 2224 3504 quem
2247 3431 2499 3488 credidit
2519 3432 2744 3488 dextrae
2767 3437 2885 3489 tuae
2912 3432 3273 3490 Altissimus.
3300 3438 3514 3506 Atque,

1851 3528 1915 3581 ut
1942 3522 2165 3595 peritus
2207 3521 2595 3593 gubernator,
2636 3527 2988 3595 tempestate
3027 3522 3195 3577 omni
3224 3522 3302 3578 ab
3330 3521 3517 3578 htere‘

1854 3614 2108 3671 ticorum
2140 3613 2332 3668 ventis
2374 3612 2633 3668 excitata
2690 3612 2965 3684 superior
3010 3614 3236 3681 animo,
3267 3612 3514 3668 immer-

1852 3703 2039 3760 sabile
2092 3702 2324 3758 custodi
2364 3701 2538 3757 salsis
2596 3707 2653 3757 et
2706 3702 2928 3757 amaris
2980 3718 3184 3773 pravw
3222 3700 3512 3757 doctrinae

1855 3792 2133 3849 ﬂuctibus
2185 3791 2536 3860 navigium;
2589 3796 2943 3862 exspectans
2995 3789 3509 3862 tranquillitatem,

1851 3899 2039 3955 quam
2060 3880 2237 3937 faciet
2274 3880 2585 3947 Dominus,
2616 3879 2795 3935 simul
2828 3884 2890 3935 ut
2916 3896 3037 3935 vox
3067 3879 3313 3934 inventa
3336 3878 3515 3936 fuerit

1853 3971 2057 4041 digna,
2092 3986 2227 4042 quae
2282 3968 2489 4041 ipsum
2538 3968 2753 4024 excitet
2796 3973 2861 4024 ut
2902 3972 3112 4023 ventos
3144 3972 3201 4023 et
3226 3983 3394 4024 mare
3419 3968 3509 4024 in-

1853 4065 2074 4133 crepet.
2112 4059 2283 4126 Quod
2315 4058 2364 4113 si
2394 4074 2506 4114 nos
2531 4058 2660 4129 jam
2689 4057 2893 4127 longa
2913 4056 3265 4128 aegritudine
3294 4073 3511 4131 prope-

1851 4155 2051 4206 rantes
2080 4148 2157 4205 ad
2188 4147 2601 4204 necessarium
2624 4147 2847 4204 exitum
2900 4146 3155 4203 invisere
3176 4145 3365 4218 cupis,
3396 4162 3509 4202 nec

1853 4247 2089 4313 tempus
2137 4256 2247 4296 nec
2296 4255 2333 4295 a
2377 4238 2552 4294 nobis
2603 4239 2846 4309 signum
2895 4242 3201 4311 exspectes
3235 4255 3247 4293 ε
3280 4237 3507 4308 quippe

1854 4347 1996 4388 cum
2046 4330 2204 4387 scias
2259 4329 2493 4385 nullum
2543 4333 2785 4401 tempus
2841 4326 3107 4400 paternis
3173 4325 3504 4381 visceribus

1852 4420 2246 4479 commodum
2276 4435 2399 4476 non
2432 4434 2560 4474 esse
2590 4418 2668 4473 ad
2715 4417 2914 4473 dilecti
2945 4415 3048 4471 ﬁlii
3096 4414 3502 4486 complexum,

1852 4530 1921 4570 ac
1989 4526 2268 4568 sermone
2336 4509 2501 4565 omni
2553 4507 3031 4581 praestantiorem
3094 4522 3227 4561 esse
3287 4504 3506 4561 mentis

1852 4600 2252 4657 affectionem.
2282 4598 2408 4654 Noli
2439 4613 2594 4653 onus
2635 4596 2863 4651 viribus
2910 4593 3119 4650 fortius
3156 4593 3496 4650 lamentari.

1851 4690 1905 4745 Si
1932 4690 2091 4745 enim
2120 4690 2248 4761 ipse
2270 4687 2383 4742 hoc
2409 4702 2538 4743 esse
2560 4685 2758 4741 oneris
2779 4688 3147 4757 portaturus,
3168 4699 3242 4740 ne
3264 4683 3347 4739 sic
3376 4682 3508 4756 qui-

1851 4778 1990 4833 dem
2023 4793 2204 4846 grave
2236 4776 2401 4845 foret,
2438 4776 2544 4831 sed
2573 4791 2820 4847 prorsus
2845 4772 3235 4829 intolerabile.
3268 4772 3321 4829 Si
3364 4788 3504 4828 vero

1852 4866 2142 4924 Dominus
2172 4870 2365 4921 tecum
2398 4869 2615 4936 portat,
2644 4865 2825 4921 Jacta
2863 4878 3039 4933 super
3062 4864 3379 4919 Dominum
3408 4878 3507 4918 cu-

1926 5258 2041 5328 (t8)
2070 5255 2225 5329 Ὀρᾷν
2255 5256 2414 5329 ἡμᾶς.
2447 5258 2529 5312 Ita
2548 5254 2817 5329 plerique
2848 5272 2993 5312 mss.
3020 5254 3167 5311 Editi
3198 5254 3319 5326 ὁρᾷν
3345 5252 3501 5324 ὑμᾶς,

1856 5334 1919 5383 ut
1950 5334 2003 5384 te
2036 5330 2288 5385 videam.

1854 5471 1870 5482 _
1925 5401 2037 5507 ρο)
2098 5401 2448 5472 Διαφύλασσε.
2503 5403 2587 5456 lta
2643 5416 2790 5455 mss.
2836 5414 3074 5455 novem.
3125 5394 3271 5450 Editi
3320 5391 3506 5467 διαφύο

1857 5489 2028 5527 Λαναι.

1924 5509 2034 5612 ῖὲο)
2068 5543 2476 5615 Ἐπειγομένους.
2515 5543 2687 5600 Cois].
2722 5544 2951 5615 primus
2978 5540 3335 5611 ἐπαγομένους,

1928 5614 1949 5636 *
1979 5614 2137 5673 Alias
2168 5614 2475 5673 CCCXCIII.
2507 5614 2738 5687 Scripta
2759 5632 2919 5673 anno
2948 5615 3073 5669 374.
