4092 6210
520 272 620 328 631

1912 261 1968 326 ε.
2013 265 2266 328 BASILII
2300 273 2522 333 MAGNI
3758 290 3847 348 632

519 409 653 452 ram
685 398 851 451 tuam
879 398 934 450 et
963 393 1089 464 ipse
1114 393 1379 465 faciet“.
1405 395 1542 453 Sine
1563 399 1620 454 te
1647 395 1765 453 hoc
1790 410 1982 452 unum
2013 411 2175 452 com-

2306 397 2453 475 Βαρὺ,
2489 401 2615 455 ἀλλά
2645 405 2866 477 φορητὸν
2889 402 3001 475 (21)
3019 401 3278 467 παντελῶς
3301 421 3313 435 ⁸
3344 405 3384 458 εἰ
3415 403 3473 460 δὲ
3496 411 3674 484 Κύριος
3701 413 3724 464 ὁ
3749 434 3852 466 συν-

520 499 826 551 moneam,
876 487 942 540 ut
969 483 1031 540 in
1061 481 1348 540 omnibus
1400 499 1640 555 caveas,
1682 502 1758 542 ne
1806 486 1935 558 ipse
1976 485 2183 557 pravis

519 573 797 629 moribus
829 588 951 630 una
1001 589 1141 629 cum
1190 573 1322 630 aliis
1356 574 1676 647 abripiare,
1711 574 1816 631 sed
1858 573 2020 630 mala
2048 591 2185 647 quae

521 661 690 734 prius
719 661 1131 729 obtinuerunt,
1164 677 1272 734 per
1314 661 1523 718 datam
1574 679 1610 719 a
1659 667 1777 719 Deo
1808 662 1915 718 tibi
1947 664 2187 735 sapien-

522 752 668 806 tiam
699 750 761 806 in
798 750 1015 807 melius
1046 751 1394 808 transferas.
1427 753 1573 809 Misit
1618 753 1779 809 enim
1812 756 1867 808 te
1899 753 2186 820 Christus,

523 855 649 896 non
679 845 745 896 ut
779 840 929 896 alios
956 856 1229 913 sequare,
1271 841 1378 898 sed
1409 846 1473 898 ut
1510 843 1641 916 ipse
1672 857 1902 916 praaeas
1948 842 2042 898 his
2084 839 2190 914 qui

533 929 873 985 salvantur.
916 929 1070 995 Quin
1103 930 1304 1000 etiam,
1332 947 1500 1003 rogo,
1532 948 1642 1005 pro
1687 948 1785 987 me
1809 931 2095 1005 preceris,
2124 935 2192 988 ut

533 1015 583 1073 si
611 1017 810 1074 adhuc
831 1016 893 1074 in
921 1017 1036 1075 hac
1065 1018 1191 1076 vita
1231 1035 1540 1089 remaneo,
1573 1021 1797 1091 dignus
1827 1019 2059 1076 habear
2080 1023 2184 1093 qui

523 1108 579 1162 te
620 1122 743 1162 una
783 1123 922 1162 cum
974 1112 1080 1163 tua
1125 1107 1390 1164 Ecclesia
1419 1108 1696 1177 videam;
1731 1109 1819 1164 sin
1857 1108 1999 1164 hinc
2050 1109 2181 1179 jam

529 1195 694 1252 abire
716 1193 956 1268 jubeor,
985 1195 1102 1252 illic
1132 1213 1241 1254 vos
1286 1197 1602 1254 videamus
1644 1197 1812 1270 apud
1844 1198 2186 1268 Dominum,

523 1282 689 1341 illam
746 1283 1016 1358 quidem,
1078 1289 1374 1358 tanquam
1427 1287 1626 1354 vitem,
1671 1287 1848 1342 bonis
1907 1287 2192 1360 operibus

527 1372 917 1441 afﬂuentem;
953 1377 1006 1429 te
1049 1389 1207 1443 vero,
1243 1379 1538 1447 tanquam
1583 1375 1918 1448 sapientem
1965 1367 2194 1447 agrico-

524 1459 648 1518 lam
693 1464 751 1517 et
791 1460 1024 1517 bonum
1073 1477 1314 1518 servum
1351 1463 1643 1520 demenso
1694 1466 2000 1520 CODSBI‘ViS
2051 1469 2194 1520 tem-

527 1549 758 1622 pestive
815 1548 1254 1617 distribuendo,
1297 1549 1637 1608 mercedem
1683 1552 1881 1610 ﬁdelis
1931 1553 2192 1624 prudenv

527 1637 724 1711 tisque
737 1635 1170 1710 dispensatoris
1186 1644 1616 1712 reportantem.
1638 1643 1939 1714 Quotquot
1953 1657 2191 1698 mecum

2296 486 2571 564 διαφέρων,
2594 491 2899 567 Ἐπίρριψον
2932 491 3015 545 ἐπὶ
3043 493 3229 566 Κύριον
3250 498 3343 553 τὴν
3366 502 3610 570 μέριμναν
3640 521 3742 571 σου,
3774 511 3850 557 καὶ

2296 579 2453 642 αὐτὸς
2507 586 2740 640 ποιησει.
2774 587 2939 635 Μόνον
2987 581 3144 636 ἐκεῖνο
3199 586 3620 659 παραφυλάσσειν
3667 588 3711 642 ἐν
3738 600 3852 647 πᾶσι

2295 668 2683 742 παρακλήθητι,
2715 675 2785 744 μὴ
2821 671 2972 732 αὐτὸς
3001 678 3105 733 τοῖς
3133 675 3428 750 μοχθηροῖς
3454 679 3592 730 ἔθεσι
3624 698 3853 754 συμπερι-

2299 760 2560 832 φέρεσθαι,
2596 757 2723 812 me
2752 763 2817 813 τὰ
2842 768 3012 822 κακῶς
3042 763 3425 836 προειλημμένα
3482 762 3574 818 διὰ
3611 777 3696 830 τῆς
3724 767 3857 825 δεδο-

2299 853 2454 921 μένης
2487 868 2571 902 σοι
2607 853 2750 924 παρὰ
2780 859 2913 905 Θεοῦ
2943 857 3126 924 σοφίας
3154 857 3480 925 μετατιθέναι
3505 861 3633 932 πρὸς
3660 862 3713 911 τὸ
3738 867 3858 933 χρὴ-

2303 957 2474 1010 σιμον.
2499 943 2593 992 Καὶ
2615 942 2713 1013 γὰρ
2743 939 3009 994 ἀπέστειλὲ
3037 961 3094 994 σε
3124 947 3353 1015 Χριστὸς
3381 944 3487 1017 οὐχ
3517 946 3700 1020 ἑτέροις
3725 969 3860 1002 καταο

2301 1027 2581 1100 κολουθεῖν⁹
2608 1029 2716 1082 ἀλλ’
2747 1030 2902 1082 αὐτὸν
2924 1032 3276 1103 καθηγεῖσθαι
3306 1041 3406 1086 τῶν
3439 1035 3752 1108 σωζομένων.
3775 1044 3859 1092 Καὶ

2301 1117 2696 1191 παρακαλοῦμεν
2737 1122 3133 1194 προσεύχεσθαι
3163 1123 3290 1197 ὑπὲρ
3339 1125 3508 1196 ἡμῶν,
3561 1127 3659 1194 ἵνα,
3686 1125 3762 1178 ἐὰν
3789 1131 3862 1199 μιν

2301 1210 2378 1260 ἔτι
2410 1205 2541 1280 ὦμεν
2572 1207 2655 1260 ἐπὶ
2684 1218 2772 1269 τῆς
2806 1210 2945 1270 ζωῆς
2973 1213 3192 1276 ταύτης,
3221 1207 3353 1264 ἰδεῖν
3387 1231 3444 1264 σε
3474 1231 3603 1285 μετα
3646 1223 3734 1278 τῆς
3762 1215 3864 1269 Ἐκ-

2301 1295 2525 1358 κλησίας
2552 1298 2950 1370 καταξιωθῶμεν
2976 1318 2988 1332 ο
3015 1297 3099 1351 ἐὰν
3128 1296 3187 1352 δὲ
3217 1298 3451 1353 ἀπελθεῖν
3470 1300 3644 1355 λοιπὸν
3664 1322 3868 1377 προστα-

2299 1387 2534 1457 χθῶμεν,
2567 1384 2671 1438 ἐκεῖ
2693 1388 2828 1458 ὑμᾶς
2852 1383 3046 1458 ἴδωμεν
3071 1391 3215 1462 παρά
3234 1398 3307 1460 τῷ
3336 1395 3534 1464 Κυρίῳ,
3574 1396 3665 1450 τὴν
3692 1395 3773 1464 μὲν
3811 1395 3867 1456 ὡς

2301 1473 2526 1547 ἄμπελον
2557 1475 2874 1533 εύθηνούσαν
2903 1475 2978 1529 ἐπ’
3019 1476 3237 1548 ἀγαθοῖς
3268 1482 3444 1552 ἔργοις
3477 1501 3490 1512 ·
3518 1483 3573 1532 σε
3603 1477 3679 1549 δὲ,
3708 1483 3766 1542 ὡς
3794 1502 3870 1534 σο-

2302 1567 2393 1637 φὸν
2423 1567 2650 1636 γεωργὸν
2682 1571 2771 1617 καὶ
2801 1563 2993 1636 ἀγαθὸν
3027 1562 3210 1618 δοῦλον
3255 1565 3302 1618 ἓν
3345 1575 3516 1643 καιρῷ
3547 1565 3756 1621 διδόντα
3778 1578 3869 1633 τοῖς

2303 1649 2608 1726 ὁμοδούλοις
2636 1657 2695 1706 τὸ
2730 1658 3076 1728 σιτομέτριον,
3101 1663 3293 1708 πιστοῦ
3315 1661 3408 1709 καὶ
3431 1662 3676 1731 φρονίμου
3705 1658 3872 1711 οἰκονόο

529 1733 688 1818 sunt,
715 1727 1001 1818 pietatem
1034 1731 1200 1785 tuam
1234 1729 1518 1787 salutant.
1541 1731 1756 1787 Valens
1785 1732 2078 1803 laetusque
2112 1731 2192 1787 sis

2306 1761 2400 1814 μου
2431 1746 2518 1794 τὸν
2550 1744 2741 1815 μισθὸν
2771 1746 3131 1815 κομιζόμενον.
3158 1747 3223 1797 Oi
3256 1749 3350 1797 σὺν
3381 1747 3508 1818 ἡμῖν
3529 1749 3704 1808 πάντες
3731 1746 3873 1800 ἀσπά-

526 1813 589 1874 in
617 1817 870 1874 Domino
905 1835 917 1873 :
951 1815 1151 1874 clarus
1196 1819 1257 1875 in
1287 1818 1464 1876 donis
1496 1819 1750 1893 Spiritus
1783 1825 1839 1878 et
1881 1819 2189 1890 sapientiae

527 1906 908 1964 custodiaris.

951 2132 1002 2202 2
1015 2130 1126 2204 53
1169 2131 1506 2188 EPISTOLA
1543 2129 1769 2188 CLXII‘.

2301 1833 2479 1894 ζονταί
2508 1851 2602 1884 σου
2633 1838 2725 1890 τὴν
2757 1831 3042 1888 εὐλάϐειαν.
3079 1833 3391 1909 Ἐῥρωμένος
3445 1841 3534 1889 καὶ
3586 1839 3792 1910 εὔθυμος
3833 1842 3872 1891 ἐι

2302 1925 2475 1993 Κυρίῳ
2503 1923 2614 1982 εἰης
2637 1942 2650 1954 ·
2681 1918 2973 1993 εὐδοκιμῶν
3003 1921 3089 1974 ἐπὶ
3113 1926 3428 1997 χαρίσμασι
3459 1927 3751 1998 Πνιύματος
3797 1931 3871 1978 καὶ

2301 2014 2490 2082 σοφίας
2514 2008 2861 2082 φυλαχθείης.

2826 2132 3162 2182 ΕΠΙΣΤΟΛῘῘ
3202 2127 3356 2182 ΡΞΒ’.

530 2253 675 2313 Non
707 2253 984 2326 desperat
1013 2255 1280 2312 Basilius
1298 2272 1357 2311 se
1379 2255 1656 2326 precibus
1683 2255 1931 2313 Eusebii
1955 2258 2440 2325 impetraturum,
2475 2256 2540 2307 ut
2563 2250 2644 2327 ad
2677 2267 2811 2327 eam
2830 2253 3073 2327 _veniat,
3107 2259 3160 2327 et
3191 2253 3404 2327 morbo
3432 2262 3694 2321 sanetur,
3719 2272 3819 2327 quo
3845 2272 3874 2311 a

608 2327 704 2383 die
729 2324 970 2383 Pascha:
1002 2342 1189 2398 usque
1214 2328 1295 2382 ad
1322 2324 1484 2384 hunc
1515 2328 1672 2384 diem
1705 2329 1962 2386 laborat.
2015 2324 2136 2384 tam
2189 2327 2358 2384 vario
2405 2331 2460 2381 et
2508 2324 2941 2398 malrtipticiiut
2979 2325 3240 2398 exprimi
3285 2341 3412 2381 non
3449 2329 3652 2396 possit.
3691 2324 3876 2398 Sperat

601 2403 804 2455 tamen
828 2395 1192 2455 Baracﬂum
1230 2400 1488 2468 fratrem
1521 2401 1668 2456 satis
1688 2401 1884 2456 multa
1913 2401 2242 2467 dicturum,
2267 2404 2333 2454 ut
2362 2410 2547 2454 causa
2576 2396 2887 2452 dilationis
2911 2395 3220 2465 probetur.

820 2521 1096 2579 Eusebio.
1131 2523 1402 2593 episcopo
1432 2523 1904 2580 Samosatorum.

601 2629 844 2686 Videtur
882 2646 977 2686 me
1008 2646 1103 2685 res
1134 2629 1348 2687 eadem
1382 2634 1440 2686 et
1463 2630 1706 2686 tardum
1733 2630 1930 2688 facere
1953 2630 2032 2687 ad
2053 2628 2196 2686 scri-

530 2718 828 2790 bendum,
863 2723 919 2776 et
948 2735 1154 2774 rursus
1186 2719 1483 2775 scribendi
1515 2719 1936 2776 necessitatem
1961 2720 2196 2785 afferre,

537 2807 692 2865 Cum
750 2811 911 2866 enim
964 2810 1040 2866 ad
1093 2809 1316 2866 itineris
1359 2810 1477 2866 mei
1506 2811 1761 2883 respicio
1808 2810 2100 2882 debitum,
2145 2813 2200 2865 et

531 2915 892 2969 congressus
940 2900 1420 2955 emolumentum
1466 2900 1804 2971 considero,
1838 2900 2017 2973 plane
2048 2899 2198 2955 mihi

531 2988 815 3061 epistolas
863 2994 1248 3046 contemnere
1299 2989 1480 3058 subit,
1533 2994 1598 3046 ut
1649 3006 1784 3062 quae
1833 3006 1908 3046 ne
1961 2989 2195 3044 umbrae

2635 2518 2888 2590 Εὖσεϐίῳ,
2931 2516 3198 2592 ἒπισκὸπῳ
3241 2523 3588 2594 Σαμοσάτων.

2384 2625 2556 2681 Ἐοικέ
2600 2646 2690 2699 μοι
2721 2634 2873 2678 τοῦτο
2910 2630 2999 2678 καὶ
3052 2629 3194 2678 ὄκνον
3250 2625 3486 2698 ἐμποιεῖν
3536 2632 3660 2702 πρὸς
3688 2631 3740 2680 τὸ
3769 2630 3878 2699 γραί-

2313 2735 2443 2789 φειν,
2485 2719 2574 2767 καὶ
2616 2714 2896 2786 ἀναγκαῖον
2943 2714 3067 2766 αὐτὸ
3109 2714 3262 2766 πάλιν
3311 2714 3704 2773 ὑποδεικνύναι,
3743 2716 3877 2767 Ὀταν

2309 2808 2400 2878 μεν
2439 2807 2536 2878 γὰρ
2577 2807 2707 2878 πρὸς
2762 2807 2820 2854 τὸ
2883 2811 2975 2864 τῆς
3043 2799 3326 2875 ἐπιδημίας
3393 2814 3488 2866 τῆς
3549 2806 3756 2878 ἐμαυτοῦ
3792 2804 3879 2856 ἀπ-

2312 2891 2410 2947 ίδω
2437 2895 2754 2967 (22)χρέος,
2786 2899 2875 2944 καὶ
2923 2896 2978 2944 τὸ
3027 2902 3120 2955 τῆς
3176 2900 3478 2966 συντυχίας
3521 2895 3880 2966 ὑπολογίσωμαι

2309 2983 2500 3055 ὄφελος,
2546 2986 2679 3035 πάνυ
2712 2987 2810 3056 ,μοὶ
2870 2991 2968 3034 τῶν
3022 2980 3302 3035 ἐπιστολῶν
3377 2986 3630 3058 ὑπερορᾴν
3693 2987 3880 3045 ἔπεισιν,

531 3077 777 3150 quidem
809 3079 1106 3135 rationem
1137 3077 1372 3150 explere
1405 3079 1657 3152 possint,
1693 3079 1744 3134 si
1775 3095 1914 3134 cum
1945 3077 2195 3134 veritate

2307 3074 2376 3133 ὡς
2403 3067 2525 3123 οὐδὲ
2574 3077 2724 3132 σκιᾶς
2763 3070 2913 3140 λόγον
2957 3069 3241 3145 ἐκπληροῦν
3293 3067 3597 3144 δυναμένων
3647 3076 3762 3146 πρὸς
3805 3074 3881 3128 τὴν

531 3173 983 3240 comparentur.
1017 3171 1240 3224 Rursus
1273 3172 1474 3223 autem
1525 3184 1663 3223 cum
1710 3168 1906 3237 cogito
1934 3167 2048 3222 hoc
2069 3166 2198 3222 uni-

533 3273 670 3312 cum
702 3256 980 3313 solatium
1031 3257 1314 3313 maximis
1358 3262 1413 3313 et
1457 3257 1777 3330 praecipuis
1821 3257 2056 3330 privato
2101 3272 2196 3311 su-

537 3360 801 3418 peresse,
842 3350 907 3401 ut
944 3346 1143 3402 virum
1188 3350 1422 3402 tantum
1468 3345 1746 3413 salutem,
1790 3350 1846 3402 et
1891 3359 2000 3418 pro
2031 3361 2200 3401 more

536 3433 712 3490 solito
732 3448 964 3503 rogem,
989 3438 1055 3490 ut
1089 3451 1163 3490 ne
1210 3434 1326 3490 mei
1373 3434 1761 3491 obliviscatur
1789 3434 1849 3490 in
1875 3433 2157 3506 precibus
2182 3450 2196 3490 :

537 3522 700 3579 subit
739 3523 886 3578 mihi
908 3523 1134 3579 litteras
1167 3538 1292 3580 non
1321 3524 1490 3596 parvi
1514 3523 1729 3581 facere.
1762 3528 1842 3580 Ac
1865 3540 2034 3596 spem
2074 3522 2200 3596 qui-

536 3612 674 3669 dem
703 3612 998 3669 adventus
1049 3629 1158 3670 nec
1190 3614 1318 3686 ipse
1345 3614 1634 3686 projicere
1666 3614 1871 3670 animo
1897 3615 2056 3680 volo,
2089 3629 2200 3669 nec

535 3706 704 3759 tuam
727 3702 1010 3775 pietatem
1037 3702 1383 3776 desperare.
1432 3702 1617 3760 Pudet
1655 3703 1816 3759 enim
1855 3718 1972 3770 me,
1997 3701 2047 3758 si
2079 3717 2200 3758 non

535 3792 818 3866 precibus
850 3793 966 3849 tuis
990 3797 1226 3850 tantum
1256 3792 1464 3850 videar
1485 3792 1808 3862 conﬁdere,
1832 3799 1897 3849 ut
1921 3791 2013 3848 vel
2030 3793 2199 3864 juve-

536 3881 631 3938 nis
659 3896 731 3938 ex
767 3897 908 3938 sene
933 3881 1100 3952 tiam,
1133 3882 1180 3937 si
1219 3881 1334 3938 hoc
1383 3881 1788 3937 necessarium
1822 3881 1914 3946 sit,
1956 3896 2078 3936 non
2105 3897 2203 3936 so-

537 3970 666 4026 lum
707 3970 892 4042 paulo
931 3971 1244 4040 valentior,
1299 3986 1372 4026 ex
1406 3969 1646 4026 inﬁrmo
1677 3975 1733 4026 et
1777 3985 2028 4043 prorsus
2059 3973 2204 4026 atte-

537 4062 748 4127 nuato,
771 4058 970 4130 qualis
997 4075 1143 4115 sane
1181 4075 1343 4115 nunc
1379 4075 1537 4114 sum.
1563 4059 1679 4114 Cur
1701 4061 1903 4114 autem
1921 4059 2052 4130 jam
2078 4074 2202 4114 non

540 4146 760 4216 adsim,
793 4162 1010 4203 causas
1035 4147 1232 4202 verbis
1263 4147 1462 4204 dicere
1490 4146 1656 4203 haud
1683 4147 1829 4202 mihi
1865 4146 2058 4212 facile,
2079 4163 2200 4203 non

541 4235 737 4294 solum
786 4237 1066 4309 praesenti
1119 4236 1466 4292 infirmitate
1515 4235 1826 4308 impedito,
1883 4235 1989 4290 sed
2020 4236 2202 4292 etiam

540 4342 859 4399 nunquam
907 4326 1156 4383 habenti
1187 4330 1416 4382 tantam
1457 4324 1699 4381 dicendi
1737 4323 2104 4393 facultatem,
2137 4330 2203 4382 ut

2309 3159 2548 3218 ἀληθειαν
2583 3182 2594 3194 ο
2625 3161 2745 3212 ὃταν
2787 3156 2844 3212 δὲ
2882 3159 3034 3210 πάλιν
3077 3159 3407 3232 λογίσωμαι,
3455 3164 3535 3214 ὅτι
3583 3167 3704 3235 μόνη
3742 3179 3882 3232 παρα-

2306 3251 2472 3321 μυθία
2520 3248 2632 3300 ἐστὶ
2681 3257 2780 3300 τῶν
2829 3254 3088 3320 μεγίστων
3137 3254 3226 3300 καὶ
3274 3255 3503 3323 πρώτων
3557 3247 3878 3323 διαμαρτόντα

2307 3345 2604 3412 προσειπεῖν
2680 3334 2849 3410 ἄνδρα
2920 3344 3200 3400 τοσοῦτον,
3279 3343 3377 3391 καὶ
3456 3341 3710 3392 ἱκετεῦσαι
3781 3356 3882 3389 συν-

2307 3430 2442 3490 ήθως
2488 3430 2618 3501 (23),
2672 3430 2804 3480 ὥστε
2853 3431 2922 3500 μὴ
2997 3427 3438 3482 ἐπιλανθάνεσθαι
3485 3432 3628 3502 ἡμῶν
3680 3428 3755 3481 ἐπὶ
3802 3435 3881 3479 τῶν

2308 3526 2641 3592 προσευχῶν,
2675 3517 2732 3570 ού
2781 3521 2965 3590 μικρὸν
3013 3521 3064 3568 τί
3094 3536 3183 3589 μοι
3235 3521 3436 3589 κρίνειν
3477 3522 3534 3570 τὸ
3584 3526 3680 3570 τῶν
3710 3515 3883 3568 ἐπιστο-

2307 3607 2406 3660 λῶν
2456 3611 2643 3662 ἔπεισι.
2686 3612 2790 3665 Τὴν
2840 3609 2928 3679 μὲν
2982 3603 3070 3658 οὖν
3121 3603 3307 3658 ἐλπίδα
3336 3616 3436 3669 τῆς
3480 3612 3764 3682 παρουσίας
3789 3607 3881 3656 οὔτε

2311 3697 2760 3772 αύτὸςρίψαιτῆς
2796 3695 2972 3766 ψυχῆς
3021 3693 3300 3768 βούλομαι,
3356 3700 3476 3750 οὔτε
3526 3702 3616 3755 τὴν
3661 3700 3748 3754 σὴν
3793 3695 3880 3746 θεο-

2314 3785 2514 3840 σέϐειαν
2542 3785 2857 3858 ἀπογνῶναι.
2886 3784 3240 3857 Αἰσχύνομαι,
3269 3788 3378 3859 γὰρ
3432 3787 3476 3839 εἰ
3516 3792 3586 3860 μὴ
3633 3792 3740 3845 ταῖς
3781 3787 3880 3840 σαῖς

2313 3876 2498 3948 εὐχαῖς
2551 3884 2799 3927 τοσοῦτον
2853 3878 3058 3946 φανείην
3115 3875 3344 3947 θαρσῶν,
3401 3877 3472 3948 ὡς
3513 3879 3602 3928 καὶ
3652 3878 3748 3933 νέος
3789 3872 3883 3941 (24)

2311 3964 2366 4016 ἐκ
2411 3969 2646 4040 γέροντος
2697 3964 2930 4033 ἔσεσθαι,
2991 3962 3033 4015 εἰ
3081 3964 3266 4015 τούτου
3317 3967 3529 4036 γένοιτο
3576 3968 3745 4037 χρεία,
3799 3958 3885 4028 οὐχ

2311 4055 2450 4116 ὅπως
2512 4053 2938 4128 ἐρρωμενέστερος
2993 4055 3177 4126 μικρὸν
3246 4050 3298 4115 ἐξ
3372 4051 3622 4114 ἀσθενοῦς
3686 4055 3768 4104 καὶ
3821 4045 3886 4108 ἒξ·

2315 4143 2490 4201 ιτηλου
2539 4145 2890 4210 παντάπασιν,
2939 4143 3114 4202 ὁποῖος
3163 4138 3229 4200 δὴ
3280 4148 3374 4193 νῦν
3429 4143 3556 4216 εἰμι.
3611 4147 3708 4195 Τοῦ
3746 4135 3797 4191 δὲ
3822 4137 3880 4209 μὴ

2313 4230 2418 4292 ἤδη
2453 4241 2690 4305 παρεῖναι
2734 4235 2796 4284 τὰ
2827 4235 2972 4285 αἴτια
2999 4231 3135 4304 λόγῳ
3166 4235 3254 4304 μὲν
3305 4231 3468 4285 εἰπεῖν
3519 4233 3576 4285 ού
3618 4227 3811 4306 ῥᾴδιον,
3836 4222 3883 4276 οὗ

2313 4327 2464 4395 μόνον
2490 4324 2588 4374 ὑπὸ
2619 4331 2713 4384 τῆς
2763 4325 3037 4395 παρούσης
3077 4320 3343 4382 ἀσθενείας
3399 4320 3746 4394 ἐξειργομένῳ,
3796 4310 3882 4367 ἀλλ’

541 4415 936 4489 multiplicem
970 4431 1041 4472 ac
1076 4415 1308 4471 varium
1340 4413 1625 4470 morbum
1657 4413 1974 4486 perspicue
2004 4415 2195 4485 expri-

2313 4409 2436 4466 ούδε
2463 4417 2652 4483 σχὸντι
2681 4413 2804 4464 ποτε
2846 4414 3106 4468 τοσαύτην
3146 4417 3237 4462 τού
3285 4409 3446 4482 λόγου
3489 4408 3728 4481 δύναμιν,
3773 4406 3885 4455 ὥστε

543 4519 732 4561 mam.
756 4507 1048 4561 Caeterum
1080 4520 1116 4560 a
1147 4503 1242 4559 die
1273 4502 1512 4559 Pascha:
1536 4517 1728 4575 usque
1755 4501 1834 4557 ad
1855 4501 2018 4558 hunc
2039 4502 2202 4560 diem

544 4591 762 4659 febres,
794 4592 1019 4649 ventris
1060 4592 1474 4657 resolutiones,
1521 4595 1578 4647 et
1611 4593 1909 4647 viscerum
1939 4606 2204 4649 commo-

545 4680 757 4744 tiones,
810 4681 963 4738 sicut
1009 4682 1228 4739 ﬂuctus
1265 4696 1361 4739 me
1411 4681 1862 4753 immergentes,
1894 4696 2202 4753 emergere

618 4843 666 4880 “
703 4842 863 4902 Psal.
894 4859 1008 4910 LIV,
1039 4847 1130 4902 23.

618 5004 640 5026 ⁶
678 5004 838 5061 Alias
869 5005 1138 5062 CCLVIII.
1175 5005 1404 5077 Scripta
1434 5021 1596 5062 anno
1623 5008 1750 5063 371.

621 5079 733 5151 (2i)
764 5077 931 5151 ’A‘tlai
966 5082 1205 5151 φορητόν.
1261 5078 1604 5151 Legendum
1656 5077 1932 5151 ἀφόρητον,
1963 5080 2039 5151 ut
2069 5093 2202 5151 sen-

546 5150 792 5205 tentiam
834 5148 1171 5204 habeamus
1222 5150 1431 5205 Basilio
1483 5148 1763 5215 dignam.
1789 5153 1918 5206 Non
1949 5149 2110 5204 enim
2148 5150 2198 5204 is

544 5220 799 5302 eratqui
829 5220 1174 5302 episcopale
1202 5237 1357 5277 onus
1404 5221 1531 5277 sine
1572 5221 1804 5278 Christo
1834 5236 2083 5292 prorsus
2113 5225 2197 5276 to—

546 5290 794 5348 lerabile
822 5290 1063 5348 diceret:

760 5360 1120 5446 'IAniri‘o).ASi_c
1159 5380 1303 5420 mss.
1353 5366 1602 5446 septem.
1652 5359 1802 5417 Εάίῑί
1841 5358 2025 5413 έπίδω.
2069 5365 2201 5420 Mox

545 5433 686 5490 editi
714 5437 846 5486 πάνυ
869 5455 951 5508 με.
986 5436 1130 5492 Octo
1160 5452 1306 5491 mss.
1338 5436 1472 5486 πάνυ
1500 5453 1609 5508 μοι,

583 5502 1010 5629 “(23)’ὶὲ)υνήθως.
1044 5509 1135 5563 Sic
1176 5513 1292 5563 tres
1337 5502 1722 5559 vetustissimi
1755 5502 2010 5560 codices.
2046 5504 2200 5562 Editi

583 5596 606 5627 κ
633 5596 758 5629 συνη
803 5599 854 5629 Ὠ.

540 5592 606 5628 ’τοι
633 5592 854 5636 συνηυη.

2311 4497 2650 4559 παντοδαπὴν
2716 4502 2832 4568 (25)
2896 4505 2985 4552 καὶ
3048 4499 3287 4557 ποικίλην
3361 4486 3519 4552 νόσον
3587 4493 3877 4569 ἐξαγγεῖλαι.

2314 4589 2452 4648 Πλὴν
2484 4591 2562 4642 ὅτι
2594 4587 2694 4640 ἀπὸ
2726 4597 2818 4650 τῆς
2849 4589 3042 4662 ἡμέρας
3089 4595 3180 4640 τοῦ
3217 4591 3420 4660 Πάσχα
3449 4592 3614 4663 μέχρι
3662 4585 3744 4637 νῦν
3788 4579 3879 4652 (26)

2311 4684 2522 4753 πυρετοὶ
2552 4683 2642 4731 καὶ⁹
2673 4674 2962 4754 διάρροιαι,
2992 4682 3082 4731 καὶ
3135 4677 3460 4750 σπλάγχνων
3514 4673 3878 4739 ἐπαναστάσεις,

2381 5004 2491 5073 (24)
2511 5001 2594 5063 Ὠς
2621 5007 2707 5055 καὶ
2739 5005 2872 5065 νέος.
2898 5003 2989 5058 Sic
3020 5001 3200 5067 Harl,
3225 4999 3674 5074 Coisl.,primus
3704 4999 3758 5052 et
3772 4990 3881 5074 plg:

2307 5064 2486 5147 rique
2505 5075 2628 5130 alii.
2675 5064 2859 5130 Editio
2898 5080 2920 5129 1
2957 5074 3138 5130 Paris.
3170 5064 3238 5135 ὧς
3281 5078 3368 5124 καὶ
3410 5064 3573 5134 νὲους.
3607 5074 3731 5147 litos
3759 5064 3878 5147 editi

2311 5147 2364 5219 si
2381 5139 2470 5219 καὶ
2496 5155 2654 5219 τοῦτο,
2672 5150 2870 5219 γένοιτο
2891 5154 3092 5219 χρεῖος.
3109 5149 3328 5219 Νφνθῳ
3350 5160 3502 5219 mss.
3525 5148 3603 5219 _ut
3625 5142 3684 5196 in
3715 5139 3877 5219 textu,

2308 5217 2420 5273 nisi
2449 5217 2617 5289 quod
2643 5214 2946 5291 inAtribu‘s'
2964 5216 3394 5272 recentioribus
3421 5214 3638 5291 legitur
3665 5214 3875 5291 γένηῖαις

2381 5285 2490 5357 (25)
2525 5285 3168 5354 llavroiaabvﬂuatuor
3192 5304 3334 5344 mss.
3361 5301 3488 5342 non
3518 5285 3880 5340 vetustissimi

2308 5359 2426 5416 add
2438 5365 2542 5415 unt
2563 5360 2694 5412 οὕτω
2704 5399 2716 5414 .

2381 5433 2482 5505 (26)
2516 5437 2703 5505 Μέχρι-
2734 5439 2855 5505 νῦν-,ί
2876 5431 2968 5488 Sic
3005 5435 3123 5488 tres
3164 5427 3552 5487 vetustissimi
3583 5423 3807 5482 codices
3833 5415 3881 5471 et

2308 5501 2408 5559 alii
2435 5501 2725 5560 nonnulli.
2757 5503 2906 5560 Editi
2935 5508 3100 5577 μέχρι
3129 5511 3221 5556 τού
3251 5510 3366 5556 νῦν.
