4062 6214
219 276 308 334 633
1119 279 1122 283 λ
1147 273 1637 335 EPISTOLARUM
1675 269 1786 328 σω

1903 267 1960 332 l8
2000 275 2066 332 Π.
2109 277 2324 336 EPIST.
2365 279 2585 336 CLXIV.

3436 280 3546 337 634

218 403 372 475 ὥσπερ
412 397 610 471 κύματά
657 417 720 471 με
778 397 1191 465 ἕπιϐαπτίζοντα
1240 404 1526 478 ὑπερσχεῖν
1569 399 1661 452 οὐκ
1692 397 1775 470 ἑᾷ.

1903 412 2020 457 non
2051 401 2270 459 sinunt.
2317 402 2636 459 Praesentia
2690 404 2893 459 autem
2921 417 3058 474 quas
3088 404 3146 458 et
3173 401 3379 474 qualia
3410 402 3548 473 sint,

216 491 282 542 Τὰ
335 483 390 540 δὲ
434 490 657 559 παρόντα
711 488 797 539 οἷα
821 493 911 541 καὶ
941 491 1190 561 τίνα(2“ἳ)
1224 486 1304 555 ἦν,
1338 493 1473 542 εἴποι
1513 488 1572 540 ἂν
1625 493 1715 540 καὶ
1756 488 1781 538 ὁ

217 574 412 648 ἀδελφὸς
436 579 668 648 Βείραχος
697 578 831 648 (28),
880 577 922 631 εἰ
974 583 1063 632 καὶ
1094 584 1164 652 μὴ
1207 587 1303 640 τῆς
1335 578 1578 640 ἀληθείας
1605 577 1782 648 ἀξίως,

216 665 311 718 ἀλλ’
334 667 446 718 ὅσον
470 674 808 741 μαρτυρῆσαι
859 675 924 740 τῇ
967 667 1116 741 αἰτίᾳ
1160 677 1253 730 τῆς
1297 669 1616 741 ὑπερθέσεως
1647 668 1781 734 (29).

218 757 342 808 Πάνυ
396 749 452 806 δὲ
512 759 818 828 πέπεισμαι,
874 756 918 809 εἰ
971 762 1206 828 γνησίως
1279 760 1403 830 ἡμῖν
1489 756 1782 824 συνεύξαιο,

216 846 351 898 πάνθ’
385 846 501 917 ἡμῖν
529 843 855 904 λυθήσεσθαι
885 847 994 919 (30)
1013 844 1215 922 ῥᾳδίως
1243 851 1310 900 τὰ
1340 844 1608 920 δυσχερῆ.

729 1065 1068 1114 ΕΠΙΣΤΟΛΗ
1103 1061 1237 1118 ΡΞΓ.

1895 488 2093 545 dicere
2143 492 2358 563 poterit
2410 497 2466 548 et
2516 491 2694 547 frater
2751 492 3079 560 Barachus,
3125 492 3174 546 si
3225 493 3427 548 minus
3479 508 3550 548 eo

1894 579 2080 634 modo
2106 581 2210 652 qui
2232 581 2451 651 dignus
2477 584 2549 637 sit
2582 581 2844 646 veritate,
2888 580 3098 637 saltem
3129 586 3426 653 quantum
3452 597 3553 638 sa-

1895 667 1968 723 tis
1997 669 2185 725 estad
2233 669 2536 726 dilationis
2589 686 2839 726 causam
2893 669 3380 738 signiﬁcandam.
3416 673 3556 728 0m-

1895 757 2039 814 nino
2077 764 2279 815 autem
2333 775 2690 831 persuasum
2759 759 2908 814 mihi
2957 763 3064 826 est,
3124 759 3172 814 si
3223 760 3547 816 nobiscum

1897 847 2125 904 sincere
2158 853 2436 920 precatus
2465 849 2668 917 fueris,
2717 863 2815 904 me
2841 847 2922 904 ab
2947 847 3228 904 omnibus
3254 849 3544 905 molestiis

1897 935 2068 993 facile
2095 936 2419 995 liberatum
2447 938 2537 994 iri.

2395 1061 2740 1119 EPISTOLA
2778 1063 3034 1133 LCLXlll‘.

213 1165 423 1222 Laudat
464 1165 675 1240 Jovini
718 1168 970 1237 litteras,
1026 1169 1090 1225 in
1138 1167 1351 1240 quibus
1390 1169 1517 1237 ejus
1566 1166 1803 1223 animus
1850 1169 2112 1240 depictus
2160 1175 2308 1225 erat.
2359 1169 2638 1225 Libenter
2674 1185 2805 1240 eum
2853 1169 3154 1230 inviseret,
3189 1170 3310 1225 nisi
3335 1168 3542 1226 morbo

541 1239 931 1310 detineretur,
963 1241 1070 1311 qui
1097 1239 1160 1297 et
1181 1245 1439 1311 quantus
1467 1241 1565 1310 sit,
1588 1239 1970 1296 narrandum
1993 1241 2129 1296 testi
2161 1242 2401 1298 oculata
2425 1239 2848 1310 Amphilochia
2879 1241 3184 1312 relinquit.

757 1363 951 1436 Ἰοϐίνῳ
999 1368 1214 1437 κόμητι.

264 1449 407 1505 Εἶδον
461 1471 562 1504 σου
613 1457 707 1513 τὴν
761 1453 949 1526 ψυχὴν
976 1453 1032 1506 ἐκ
1061 1460 1170 1518 τοῖς
1218 1455 1518 1529 γράμμασι.
1555 1457 1654 1506 Καὶ
1682 1456 1783 1530 γὰρ

207 1549 265 1611 τῷ
311 1545 410 1593 ὄντι
460 1537 637 1604 οὐδεὶς
683 1547 912 1618 γραφεὺς
953 1552 1276 1618 χαρακτῆρα
1334 1550 1578 1616 σώματος
1625 1544 1787 1604 οὕτως

2486 1366 2701 1422 Jovino
2736 1366 2960 1422 comiti.

1967 1453 2094 1511 Vidi
2121 1458 2292 1511 tuum
2331 1455 2603 1511 animum
2623 1454 2684 1510 in
2703 1454 2932 1510 litteris.
2965 1456 3113 1510 Nam
3130 1469 3334 1511 revera
3353 1455 3546 1526 pictor

1896 1543 2099 1600 nullus
2127 1548 2248 1600 tam
2281 1548 2557 1600 accurate
2588 1544 2855 1616 corporis
2876 1542 3136 1614 efﬁgiem
3168 1544 3412 1616 assequi
3437 1560 3548 1616 po-

208 1628 403 1703 ἀκριϐῶς
454 1630 691 1684 ἐκλαϐεῖν
725 1629 969 1700 δύναται,
1011 1634 1080 1694 ὡς
1124 1637 1277 1705 λόγος
1339 1633 1650 1695 ἑξεικονίσαι
1695 1641 1786 1694 τῆς

1903 1637 2034 1698 test,
2063 1649 2251 1705 quam
2281 1634 2470 1689 oratio
2509 1635 2725 1690 mentis
2759 1649 2982 1690 arcana
3011 1632 3364 1706 exprimere.
3397 1636 3547 1690 Nam

204 1719 368 1790 ψυχῆς
419 1721 489 1771 τὰ
551 1717 842 1795 ἀπόρρητα.
899 1727 1026 1774 Τότε
1054 1724 1153 1797 γὰρ
1208 1725 1265 1774 τὸ
1303 1730 1394 1775 τοῦ
1424 1724 1583 1784 ἤθους
1608 1722 1790 1775 εὐστα-

207 1809 292 1874 θὲς,
342 1812 425 1860 καὶ
472 1812 539 1862 τὸ
594 1818 690 1871 τῆς
749 1819 903 1882 τιμῆς
943 1809 1182 1869 ἀληθινὸν
1240 1811 1373 1881 (31),
1433 1816 1523 1864 καὶ
1585 1815 1644 1864 τὸ
1696 1820 1792 1874 τῆς

205 1902 385 1970 γνώμης
437 1897 490 1949 ἓν
550 1904 712 1951 πᾶσιν
785 1898 1028 1974 ἀκέραιον
1076 1901 1190 1971 (32)
1253 1902 1440 1963 ἱκανῶς
1483 1902 1606 1973 ἡμῖν
1663 1901 1690 1953 ὁ
1742 1899 1790 1954 ἐν

205 1991 296 2045 τοῖς
320 1987 604 2059 γράμμασι
630 1986 780 2059 λόγος
817 1990 1268 2062 ἐχαρακτήρισεν·
1325 1990 1436 2041 ὅθεν
1488 1993 1578 2041 καὶ
1635 1990 1792 2062 μισγά-

202 2073 280 2132 λην
306 2076 424 2147 ἡμῖν
468 2077 821 2149 παραμυθίαν
869 2085 965 2139 τῆς
997 2075 1314 2148 ἆπολείψεώς
1347 2097 1441 2130 σου
1469 2081 1788 2152 παρέσχετο.

203 2167 274 2220 Μὴ
329 2165 496 2216 τοίνυν
554 2161 805 2239 διαλίπῃς
855 2174 918 2239 τῇ
972 2165 1051 2220 ἀεὶ
1088 2167 1501 2240 παραπιπτούσῃ
1534 2167 1791 2241 προφάσει

201 2258 447 2325 χρώμενος
508 2257 645 2328 πρὸς
701 2259 761 2307 τὸ
821 2253 1156 2320 ἐπιστέλλειν,
1201 2261 1292 2309 καὶ
1343 2261 1438 2316 τὴν
1465 2253 1559 2310 διὰ
1589 2265 1790 2331 μακροῦ

204 2344 369 2400 ταύτην
416 2342 632 2415 ὁμιλίαν
679 2345 1006 2421 χαρίζεσθαι
1042 2359 1054 2372 ’
1119 2343 1300 2404 ἐπειδὴ
1341 2354 1430 2406 τῆς
1460 2345 1571 2398 κατ’
1599 2346 1791 2419 ὀφθαλ-

203 2435 309 2501 μοὺς
335 2437 632 2504 συντυχίας
691 2436 804 2505 (33)
866 2433 1162 2506 ἀπόγνωσιν
1193 2436 1318 2507 ἡμῖν
1359 2435 1535 2486 λοιπὸν
1561 2436 1590 2492 ἡ
1631 2432 1792 2486 ἀσθέ-

204 2539 293 2572 νεια
343 2530 430 2574 τοῦ
492 2529 748 2596 σώματος
803 2523 1028 2596 ἐμποιεῖ.
1059 2523 1152 2576 Ἦν
1193 2525 1360 2581 ὁπόση
1403 2522 1544 2576 ἐστὶν
1576 2521 1678 2596 ἐρεῖ
1710 2542 1794 2575 σοι

204 2610 641 2684 ὁθεοφιὶέστατος
694 2612 979 2675 ἐπίσκοπος
1047 2613 1405 2687 Ἀμφιλόχιος,
1449 2615 1473 2666 ὁ
1513 2618 1602 2666 xui
1657 2633 1790 2685 γνω-

201 2704 332 2771 ρίσας
371 2709 440 2772 τῷ
495 2701 588 2754 ἐπὶ
618 2701 788 2755 πλεῖον
822 2705 1242 2776 συγγεγενῆσθαι
1312 2705 1458 2776 ἡμῖν,
1511 2707 1600 2756 καὶ
1631 2701 1790 2756 δυνα-

204 2791 358 2850 τὸςὼν
390 2791 536 2862 λόγῳ
597 2802 942 2866 παραστῆσαι
990 2795 1055 2845 τὰ
1112 2795 1372 2846 θεαθένταο
1439 2794 1792 2864 Γνωρίζεσθαι

1899 1727 1956 1779 et
1985 1738 2225 1778 morum
2273 1723 2652 1793 gravitatem,
2698 1726 2755 1778 et
2807 1723 3056 1778 honoris
3105 1723 3442 1793 veritatem,
3494 1728 3552 1780 et

1897 1811 2083 1868 animi
2108 1812 2170 1867 in
2196 1811 2482 1868 omnibus
2512 1811 2913 1868 sinceritatem
2947 1815 3084 1884 apte
3109 1811 3287 1868 nobis
3317 1811 3552 1867 afﬁnxit

1893 1900 2226 1958 litterarum
2252 1916 2450 1956 sermo
2475 1917 2487 1967 ;
2518 1899 2676 1956 unde
2706 1905 2762 1957 et
2793 1904 2905 1956 tuae
2936 1900 3222 1956 absentiae
3254 1916 3550 1972 magnum

1896 1990 2074 2048 nobis
2092 1990 2374 2048 solatium
2417 1989 2628 2046 attulit.
2685 1992 2876 2056 Quare
2906 2005 3029 2046 non
3058 1995 3114 2046 te
3144 1990 3333 2060 fugiat
3361 1989 3554 2063 quali-

1895 2080 1998 2138 bet
2044 2079 2246 2137 oblata
2283 2078 2586 2136 scribendi
2622 2079 2938 2136 occasione
2978 2079 3084 2148 uti,
3120 2082 3302 2152 atque
3329 2079 3448 2136 hoc
3476 2095 3549 2136 ex

1895 2168 2078 2240 longo
2108 2167 2422 2225 intervallo
2464 2167 2834 2241 colloquium
2887 2168 3227 2240 impertire;
3274 2168 3552 2242 quando-

1897 2258 2147 2331 quidem
2181 2257 2360 2331 254
2404 2274 2610 2316 coram
2662 2257 3060 2315 conveniendi
3115 2274 3272 2331 spem
3306 2257 3553 2314 abstulit

1897 2349 2169 2422 corporis
2184 2348 2538 2415 inﬁrmitas;
2586 2365 2717 2422 quae
2751 2353 2983 2422 quanta
3013 2348 3088 2405 sit
3115 2347 3272 2404 dicet
3293 2347 3396 2404 tibi
3415 2347 3552 2404 reli-

1899 2437 2276 2509 giosissimus
2315 2438 2636 2511 episcopus
2682 2437 3164 2512 Amphilochius,
3214 2438 3397 2512 quiet
3421 2453 3550 2495 rem

1897 2528 2065 2584 novit
2081 2544 2150 2584 eo
2172 2527 2340 2600 quod
2357 2527 2614 2583 multum
2631 2528 2949 2584 nobiscum
2967 2529 3161 2598 fuerit,
3184 2532 3239 2585 et
3255 2544 3393 2602 quae
3409 2528 3556 2585 vidit

1899 2616 2094 2672 verbis
2126 2616 2458 2688 exprimere
2498 2621 2714 2688 potest.
2766 2619 3055 2674 Caeterum
3081 2622 3226 2674 nota
3257 2633 3389 2674 esse
3416 2617 3554 2675 volo

1899 2707 2292 2762 incommoda
2339 2722 2499 2776 mea,
2539 2722 2661 2762 non
2702 2706 2884 2762 aliam
2928 2707 3007 2763 ob
3056 2723 3324 2773 causam,
3357 2707 3557 2764 nisiut

1901 2796 2187 2867 deinceps
2240 2795 2478 2851 veniam
2541 2811 2899 2867 consequar,
2957 2801 3012 2852 et
3042 2796 3293 2868 pigritiae
3326 2797 3551 2854 crimen

206 2874 252 2930 δὲ
294 2877 554 2954 βούλομαι
607 2883 672 2933 τὰ
728 2880 954 2954 ἐμαυτοῦ
1010 2878 1252 2956 δυσχερῆ
1312 2882 1405 2934 οὐκ
1466 2882 1620 2934 ἄλλου
1653 2885 1786 2944 τινὸς

1903 2886 2205 2956 effugiam,
2254 2884 2300 2939 si
2326 2901 2430 2940 vos
2447 2883 2702 2940 invisere
2733 2885 3028 2941 omittam.
3053 2887 3415 2957 Quanquam
3445 2885 3554 2942 hu-

202 2967 393 3028 ἐνεκενῇ
436 2980 536 3032 τῆς
570 2973 700 3043 πρὸς
730 2975 787 3022 τὸ
821 2970 1001 3043 ἐφεξῆς
1041 2977 1378 3044 συγγνώμης,
1435 2973 1504 3033 ὡς
1559 2975 1629 3044 μὴ
1689 2972 1789 3046 P'f'

203 3057 369 3128 θυμίας
423 3063 575 3132 ἔχειν
633 3063 983 3132 κατάγνωσιν⁷
1066 3059 1150 3113 ἐὰν
1207 3059 1311 3134 οἶρα
1368 3059 1646 3134 ἐλλίπωμεν
1695 3065 1788 3119 τὴν

202 3143 446 3219 itinerin
492 3152 666 3222 ὑμῶν.
725 3155 970 3222 Καίτοιγε
1032 3151 1124 3202 οὐκ
1173 3149 1451 3222 ἀπολογίας
1517 3150 1707 3222 μᾶλλον
1754 3152 1782 3210 ἡ

202 3241 516 3308 παραμυθίας
559 3235 641 3291 δεῖ
677 3243 806 3313 πρὸς
832 3244 922 3298 τὴν
981 3240 1176 3312 ζημίαν
1233 3243 1450 3299 ταύτην.
1488 3240 1548 3292 Εἰ
1576 3242 1674 3313 γὰρ
1727 3237 1787 3297 ἦν

1893 2975 1994 3047 jus
2025 2975 2108 3029 rei
2129 2974 2366 3045 jactura
2396 2990 2518 3029 non
2549 2978 2672 3029 tam
2702 2974 3089 3030 accusatione
3110 2973 3336 3044 indiget
3363 2989 3550 3046 quam

1899 3063 2330 3120 consolatione.
2364 3066 2513 3120 Nam
2567 3063 2616 3118 si
2660 3078 2904 3135 possem
2938 3079 3077 3119 cum
3134 3066 3236 3119 tua
3261 3062 3551 3132 gravitate

1899 3153 2235 3211 convenire.
2260 3152 2322 3207 id
2344 3152 2623 3226 equidem
2679 3152 2771 3222 iis,
2827 3169 2962 3226 quae
2985 3152 3183 3208 studio
3213 3151 3401 3222 digna
3419 3151 3550 3208 aliis

1897 3243 2195 3311 videntur,
2220 3241 2400 3312 longe
2431 3241 2736 3313 antiquius
2763 3240 3074 3298 haberem.

199 3343 277 3394 μοι
300 3322 513 3381 δυνατὸν
555 3333 783 3381 συνεῖναί
817 3349 911 3382 σου
937 3337 999 3402 τῇ
1027 3333 1329 3402 σεμνότητι,
1359 3329 1528 3400 πολλῷ
1557 3328 1616 3380 ἆν
1639 3327 1736 3401 ἐγὼ
1762 3337 1861 3380 τῶν
1891 3330 2014 3405 παρ’
2055 3329 2228 3392 ἄλλοις
2255 3325 2692 3402 σπουδαζομένων
2719 3332 2911 3388 ταύτην
2939 3328 3145 3403 ἐμαυτῷ
3169 3331 3542 3405 προτιμοτέραν

201 3411 383 3486 ἐθέμην,

715 3547 1052 3597 ΕΠΙΣΤΟΛΗ
1092 3541 1239 3600 ΡΞΔἈ

2389 3541 2725 3600 EPISTOLA
2777 3544 3044 3600 CLXIV“.

205 3644 423 3720 Laudat
461 3649 737 3706 Basilius
785 3649 1036 3707 eximias
1087 3650 1361 3708 Ascholii
1404 3651 1654 3714 litteras,
1685 3655 1740 3706 et
1769 3649 2004 3720 gratias
2050 3651 2176 3718 agit
2216 3647 2287 3704 ob
2312 3649 2554 3704 missum
2584 3648 2666 3705 ad
2686 3663 2746 3706 se
2783 3650 3070 3719 martyris
3101 3663 3335 3718 corpus,
3370 3647 3543 3715 cujus

268 3718 524 3777 hortator
546 3722 752 3790 fuerat
771 3723 1116 3778 Asc/totius.
1142 3724 1262 3780 Sed
1284 3737 1536 3779 mcerore
1556 3718 1837 3792 affectum
1860 3737 1920 3778 se
1946 3722 2111 3784 dicit.
2145 3722 2287 3776 dum
2321 3727 2635 3789 comparat
2661 3736 2794 3777 cum
2818 3718 3106 3790 praesenti
3133 3735 3333 3776 rerum
3358 3724 3543 3788 statu,

259 3806 380 3860 qum
401 3794 472 3849 de
498 3795 672 3850 beato
700 3794 982 3864 Eutyche
1006 3795 1156 3851 etde
1178 3801 1521 3865 martyrum
1555 3796 1899 3851 constantia
1928 3793 2248 3864 scripserat
2276 3792 2618 3848 Ascholius.

458 3919 514 3974 Ἀ
530 3916 752 3990 σχολίῳ,
788 3915 1056 3991 ἓπισκὸπῳ
1081 3919 1440 3978 Θεσσαλονίκη
1454 3940 1492 3982 ς.

262 4009 302 4060 1.
341 4003 504 4068 Ὀσης
555 4007 695 4079 ἡμᾶς
768 4007 1088 4080 εὐφροσύνης
1157 4007 1402 4066 ἐνέπλησε
1466 4011 1532 4060 τὰ
1605 4009 1784 4081 γράμ-

194 4112 318 4163 ματα
351 4104 439 4156 τῆς
499 4097 781 4158 ὁσιότητος
834 4115 952 4163 σου,
1006 4099 1157 4170 ἡμεῖς
1213 4100 1302 4170 μεν
1358 4097 1453 4150 οὐκ
1484 4096 1542 4149 ἂν
1581 4093 1784 4172 ῥᾳδίως

191 4179 505 4247 ἐνδείξασθαι
589 4181 716 4243 δννη
729 4187 952 4258 θείημεν,

189 4273 302 4343 πρὸς
343 4278 436 4331 τὴν
508 4273 780 4344 ἐνάργειαν
806 4275 919 4343 (34)
947 4293 959 4308 ·
1014 4273 1170 4337 αὐτὸς
1221 4272 1281 4328 δέ
1317 4280 1405 4327 καὶ
1435 4277 1578 4349 παρά
1630 4293 1785 4327 σεαυ-

192 4365 252 4428 τῷ
294 4361 400 4433 (35)
441 4361 674 4422 εἰκάζειν
755 4361 988 4434 ὀφείλεις,
1075 4368 1480 4439 τεκμαιρόμενος
1535 4372 1608 4435 τῷ
1656 4362 1786 4415 κάλ-

189 4445 253 4499 ).ει
297 4458 393 4501 τῶν
450 4449 862 4524 ἐπεσταλμένων,
921 4457 985 4506 Τί
1045 4454 1146 4528 γὰρ
1202 4451 1296 4505 οὐκ
1350 4452 1463 4526 εἶχε
1510 4456 1575 4506 τὰ
1619 4454 1789 4527 γράμ-

250 4629 352 4708 ςΞἹ)
392 4635 501 4708 Καὶ
523 4635 664 4708 τίνα.
698 4634 834 4708 Haec
883 4630 1216 4708 additauex
1244 4631 1434 4689 tribus
1458 4631 1782 4689 vetustissi-

190 4702 294 4754 mis
323 4702 641 4758 codimbus
670 4708 728 4758 et
751 4703 1028 4776 pluribus
1059 4703 1209 4760 aliis.

248 4794 354 4867 (28)
395 4793 790 4867 βσξραχοςηδὶο
818 4792 1096 4867 scribitur
1141 4793 1258 4867 hoc
1295 4808 1520 4867 nomen
1544 4793 1605 4849 in
1623 4797 1782 4850 utro-

191 4873 290 4929 que
319 4863 526 4933 Coisl'.,
551 4863 746 4927 Med"
799 4863 976 4921 Harl..
1019 4865 1260 4922 duobus
1308 4864 1504 4934 Regiis
1537 4868 1593 4922 et
1621 4870 1782 4922 utro-

189 4944 290 5001 que
321 4934 512 5004 Bigot.
540 4935 691 4991 Editi
713 4938 1004 5010 Βάρουχος.

251 5021 762 5099 (ἓωςϊνῖεροέσετης.
821 5024 966 5082 Male
995 5025 1057 5080 in
1105 5029 1334 5099 septem
1354 5041 1500 5082 mss.
1535 5041 1659 5082 non
1687 5040 1780 5082 ve—

193 5092 528 5150 tustissimis
548 5097 862 5158 ὑποθέσεως.

249 5186 365 5258 _(_3(_))_
401 5187 770 5243 Λυθὴσεσθαι.
837 5185 927 5243 Sic
986 5202 1130 5243 mss.
1164 5203 1404 5243 summo
1451 5201 1776 5243 consensu.

194 5251 320 5309 Edlti
355 5255 672 5315 λυθήσεται.

251 5346 349 5402 (3H
389 5345 689 5402 Ἀληθινόν.

199 5411 320 5468 Edili
351 5414 568 5478 ἀληθές.

258 5485 348 5561 (3f?)
388 5487 682 5561 ’Axs'puiov.
736 5488 856 5561 Sic
913 5489 1223 5546 Medicteus
1277 5491 1486 5559 codex,
1562 5489 1775 5546 melius

203 5554 358 5613 multo
381 5554 582 5631 quam
609 5560 749 5617 editi
774 5566 997 5633 καίριον,
1052 5565 1358 5620 sententia:
1393 5554 1776 5619 in'omnibus

763 5349 844 5403 Ita
895 5350 1011 5403 tres
1075 5346 1466 5404 vetustissimi
1514 5347 1776 5404 codices.

2158 3916 2462 3982 Ascholio,
2505 3917 2776 3987 episcopo
2818 3914 3271 3972 Thessalonica.

1969 4007 2024 4062 1.
2075 4007 2312 4072 Quanto
2331 4021 2444 4062 nos
2477 4005 2701 4075 gaudio
2729 4004 3086 4078 repleverint
3105 4003 3310 4060 litterae
3329 4003 3547 4060 sancti-

1893 4095 2035 4152 tatis
2066 4097 2202 4163 tuae,
2234 4111 2346 4151 nos
2377 4111 2523 4152 sane
2557 4111 2680 4151 non
2710 4094 2883 4151 facile
2913 4092 3329 4150 demonstrare
3360 4092 3550 4165 possi-

1051 4185 1383 4248 ἀσθενοῦντος
1461 4194 1554 4239 τοῦ
1626 4186 1782 4258 λόγου

1903 4201 2064 4252 mus;
2117 4199 2314 4239 sermo
2341 4183 2639 4256 siquidem
2669 4183 2756 4239 rei
2777 4182 2933 4240 clare
2954 4182 3320 4254 explicandae
3352 4181 3550 4253 impar

1897 4279 2020 4342 est;
2055 4275 2182 4346 ipse
2233 4278 2436 4330 autem
2467 4273 2632 4346 apud
2680 4273 2941 4346 teipsum
2973 4271 3313 4328 existimare
3339 4270 3547 4337 debes,

1896 4379 1969 4420 ex
1995 4379 2206 4420 eorum
2238 4379 2373 4436 quae
2423 4363 2708 4435 scripsisti
2755 4360 3198 4434 pulchritudine
3249 4359 3554 4428 conjectu-

1897 4469 2034 4510 ram
2073 4453 2319 4510 faciens.
2349 4452 2504 4518 Quid
2570 4451 2731 4508 enim
2777 4466 2902 4507 non
2955 4448 3223 4506 habebat
3253 4446 3549 4520 epistola?

1894 4633 2425 4702 opportunitatem.
2478 4629 2676 4688 Codex
2713 4627 3085 4701 Harlesanus,’
3110 4627 3304 4701 prima
3356 4641 3544 4684 manu

1893 4708 2150 4758 εὔκαιρον.

1965 4723 2426 4848 ἱὲἒῧοέυντυχὶας.
2487 4778 2553 4831 In
2597 4774 2906 4848 hacvoce
2939 4777 3058 4831 tres
3107 4771 3544 4831 vetustissimos

1892 4844 2132 4903 codices
2160 4844 2346 4903 secuti
2376 4863 2608 4918 sumus.
2634 4846 2780 4902 Editi
2805 4844 3030 4918 ὁμιλίας.

1962 4919 2074 4993 (34)
2109 4921 2246 4993 ΔΠρρς
2271 4921 2364 4993 τὴν
2391 4915 2670 4993 intuma:ou
2718 4918 2810 4993 _It_a
2833 4914 3120 4993 quinque
3151 4914 3390 4993 codices
3418 4928 3542 4970 non

1892 4985 2315 5062 antiquissimi,
2365 4985 2584 5062 nempe
2631 4987 2805 5062 Cois].
2857 4985 3184 5062 securidus,
3215 4985 3543 5062 Begiusse-

1892 5056 2147 5144 candus,
2201 5056 2723 5144 Clarom.,"P.ari‘s.
2773 5063 2830 5138 e_t
2863 5059 3046 5128 Bigot.
3089 5060 3153 5113 In
3170 5056 3543 5144 aliislegitur

1892 5135 2163 5204 ἐνέργειαν,
2219 5131 2424 5202 sicque
2465 5127 2692 5186 'habuit
2721 5127 3137 5202 prima’manu
3170 5127 3542 5204 llarlzeanus.

1895 5203 2009 5258 Sed
2039 5219 2178 5258 cum
2207 5202 2268 5257 in
2323 5201 2454 5257 aliis
2510 5200 2996 5272 hujusepistolte
3042 5197 3363 5272 simillimis
3391 5195 3541 5272 locis

1890 5272 2431 5354 legaturjvcépy‘aiuv,
2484 5263 2648 5328 nullo
2688 5263 3338 5332 dissentientecodice;
3395 5263 3543 5319 nihil

1889 5343 2252 5400 mutandum
2283 5343 2589 5399 duximus.

1962 5415 2266 5491 (35)“llu‘ou
2297 5424 2520 5485 σεαυτῷ,
2558 5414 2714 5472 Harl.
2742 5417 2886 5491 παρὰ
2917 5419 3156 5491 crtum-oi):

1961 5489 1982 5509 θ
2020 5484 2180 5543 Alias
2199 5484 2614 5544 CCCLXXVIII.
2657 5484 2885 5558 Scripta
2915 5499 3075 5540 anno
3107 5484 3237 5558 371i.

1961 5558 2176 5616 "Alias
2205 5559 2608 5615 CCCXXXVIII.
2643 5557 2872 5630 Scripta
2907 5570 3069 5611 anno
3102 5557 3228 5611 374.
