4092 6210
465 270 574 326 635

1855 264 1913 320 S.
1953 258 2205 317 BASILII
2243 259 2465 317 MAGNI

3723 266 3830 321 636

472 393 680 449 Nonne
717 390 779 447 in
805 388 1129 445 Dominum
1155 391 1465 445 amorem?
1484 392 1689 446 Nonne
1710 386 1929 444 mirum
1950 383 2120 458 quid-

2234 400 2412 455 ματα;
2460 383 2535 459 Οᾷ
2566 388 2659 442 τήν
2698 387 2828 458 πρὸς
2860 385 3057 459 Κύριον
3087 382 3329 455 ἀγάπηνς
3381 382 3457 436 Ού
3481 386 3541 436 τὸ
3570 390 3687 459 περὶ
3714 390 3839 448 τούς

472 480 615 536 dam
639 481 714 536 de
746 478 1131 551 martyribus,
1188 479 1270 533 ita
1291 480 1607 551 perspicue
1630 476 1972 535 certaminis
1998 489 2123 529 mo-

470 570 619 625 dum
647 569 1020 637 describens,
1081 572 1145 623 ut
1180 583 1275 623 res
1298 569 1474 624 nobis
1495 573 1742 641 poneret
1763 567 1841 623 ob
1868 565 2075 622 oculos
2096 564 2124 618 ‘2

474 662 681 715 Nonne
702 664 758 715 et
781 659 843 714 in
872 674 984 713 nos
1035 657 1201 730 ipsos
1257 658 1550 713 honorem
1608 674 1677 713 ac
1697 656 2077 713 dilectionem
2097 654 2124 708 ?

473 751 680 804 Nonne
709 746 1006 820 quidquid
1046 746 1576 819 praeclarissimum
1600 747 1735 819 quis
1761 744 2021 801 dixerit?
2042 742 2124 797 ita

473 842 557 908 ut,
584 836 689 893 ubi
720 836 1037 910 epistolam
1068 836 1127 890 in
1159 852 1377 891 manus
1404 836 1658 908 sumpsi,
1719 850 1976 907 eamque
2010 832 2124 902 legi

472 926 713 998 szepius,
766 941 837 981 ac
888 926 1330 981 redundantem
1383 926 1443 981 in
1501 942 1573 981 ea
1594 926 1847 997 gratiam
1876 922 2125 995 Spiritus

470 1015 770 1087 perspexi,
812 1015 959 1070 mihi
994 1015 1226 1071 viderer
1257 1015 1857 1088 priscistemporibus
1878 1012 2121 1077 versari,

472 1119 611 1158 cum
652 1103 932 1159 ﬂorerent
976 1104 1248 1159 Ecclesiae
1278 1104 1531 1173 Dei,ﬁde
1554 1104 1856 1168 radicataa,
1877 1102 2126 1172 conjun-

471 1197 579 1248 ctae
628 1192 934 1261 charitate,
995 1193 1283 1249 membris
1341 1194 1523 1248 variis
1576 1193 1752 1264 quasi
1782 1193 1841 1247 in
1874 1206 2124 1263 corpore

471 1298 594 1338 uno
617 1299 804 1338 unam
818 1283 1327 1354 conspirationem
1350 1283 1713 1339 habentibus
1737 1300 1749 1338 :
1776 1298 1913 1337 cum
1936 1280 2126 1336 mani-

472 1372 603 1426 festi
626 1376 825 1427 essent
869 1372 973 1443 qui
1012 1374 1553 1444 persequebantur,
1588 1371 1888 1427 manifesti
1920 1370 2125 1426 itidem

472 1461 576 1532 qui
608 1459 990 1531 patiebantur
1010 1460 1488 1532 persecutionem
1519 1479 1531 1516 :
1563 1477 1701 1517 cum
1725 1459 1930 1533 populi
1969 1459 2124 1515 bello

472 1548 809 1619 oppugnati
839 1548 1399 1621 multiplicarentur,
1424 1566 1494 1606 ac
1524 1555 1858 1621 martyrum
1878 1547 2125 1618 sanguis

472 1636 764 1693 Ecclesias
788 1638 1075 1708 irrigans,
1106 1638 1370 1695 veritatis
1419 1639 1673 1695 athletas
1704 1639 1893 1695 multo
1923 1638 2124 1711 plures

2232 474 2499 547 μάρτυρας
2572 476 2766 547 θαῦμα,
2842 475 3001 534 οὕτως
3054 472 3278 544 ἐναργῶς
3340 475 3428 525 τὸν
3477 478 3665 547 τρόπον
3739 484 3836 537 τῆς

2231 562 2492 623 ἀθλήσεως
2519 565 2632 634 (36)
2659 565 3048 639 ὑπογράφοντα,
3082 565 3217 623 ὥστε
3270 561 3355 615 ὑπ’
3416 562 3535 634 ὄψιν
3565 567 3689 636 ἡμῖν
3716 565 3834 635 (37)

2231 649 2446 723 ἀγαγεῖν
2506 654 2572 704 τὰ
2630 656 2945 727 πράγματα;
2998 652 3074 704 Ού
3113 656 3207 711 τήν
3281 657 3399 727 περὶ
3455 654 3592 724 ἡμᾶς
3640 654 3834 716 αὐτούς

2230 748 2386 813 τιμήν
2450 762 2503 794 τε
2568 747 2658 795 καὶ
2716 739 2991 810 διάθεσιν;
3047 742 3169 815 Οὐχ
3226 744 3333 794 ὅτι
3362 741 3579 795 ἃνεῖποι
3616 763 3696 805 τις
3729 752 3833 796 τῶν

2230 830 2556 900 καλλίστωνς
2641 834 2795 899 ὥστε,
2873 834 2956 885 ὅτε
3004 832 3069 893 εἰς
3142 838 3331 908 χεῖρας
3402 836 3495 890 τήν
3554 831 3832 892 ἐπιστολήν

2232 917 2538 993 ἐδεξάμεθα,
2600 925 2687 973 καὶ
2755 925 3038 994 ἀνέγνωμεν
3084 921 3248 980 αύτήν
3305 920 3563 994 πολλάκις,
3606 928 3695 975 καὶ
3735 928 3831 982 τήν

2234 1007 2502 1084 βρύουσαν
2551 1009 2599 1062 ἐν
2638 1010 2769 1083 αύτῇ
2834 1012 2997 1085 χάριν
3054 1018 3146 1063 τοῦ
3186 1013 3480 1083 Πνεύματος
3545 1014 3835 1085 κατεμοὲθο⁹

2231 1118 2341 1171 μεν,
2415 1105 2628 1172 νομίσαι
2692 1102 2826 1173 ἡμᾶς
2873 1103 2957 1152 ἐπὶ
3021 1109 3118 1152 τῶν
3194 1098 3431 1174 ἀρχαίων
3497 1110 3690 1175 καιρῶν
3736 1120 3835 1173 γε-

2230 1189 2505 1259 γενῆσθαι,
2557 1191 2712 1247 ἡνίκα
2750 1192 2936 1247 ἤνθουν
2986 1192 3039 1242 αἰ
3090 1188 3393 1247 Ἐκκλησίαι
3435 1197 3527 1242 τοῦ
3556 1198 3709 1259 Θεοῦ,
3742 1190 3835 1265 έρ-

2229 1277 2514 1351 ριζωμέναι
2562 1287 2623 1351 τῇ
2680 1283 2878 1348 πίστει,
2942 1280 3198 1351 ἡνωμέναι
3228 1286 3289 1351 τῇ
3338 1277 3535 1352 ἀγάπῃ,
3577 1280 3747 1354 ὥσπερ
3784 1278 3836 1330 ἐν

2232 1365 2303 1417 ἐνὶ
2336 1372 2543 1439 σώματι
2606 1374 2732 1440 μιᾶς
2785 1373 3078 1441 συμπνοίας
3152 1363 3415 1442 διαφόρων
3466 1366 3626 1440 μελῶν
3666 1370 3837 1441 ὑπαρ-

2232 1457 2484 1525 χούσης·
2538 1458 2620 1508 ὅτε
2661 1461 2867 1531 φανεροὶ
2920 1458 3009 1528 μεν
3057 1457 3106 1508 οἱ
3160 1452 3454 1525 διώκοντες,
3509 1461 3714 1530 φανεροὶ
3772 1453 3837 1509 δι

2739 1545 3110 1619 πολεμούμενοι
3151 1542 3209 1598 δὲ
3248 1547 3295 1597 οἱ
3348 1545 3463 1597 λαοὶ
3488 1545 3691 1608 πλείους
3730 1545 3837 1617 ἐγί-

2232 1652 2394 1703 νοντο,
2447 1638 2537 1686 καὶ
2597 1638 2655 1687 τὸ
2715 1636 2846 1708 αἷμα
2896 1642 2994 1686 τῶν
3039 1637 3338 1711 μαρτύρων,
3396 1631 3557 1709 ἄρδον
3600 1633 3835 1696 τὰςἘκ-

2232 1546 2281 1595 οἰ
2336 1541 2643 1617 διωκόμενοι
2676 1563 2688 1575 ⁸

474 1724 676 1790 aleret,
723 1727 1157 1798 posterioribus
1203 1728 1472 1800 priorum
1529 1728 1807 1801 exemplo
1866 1744 1996 1783 sese
2045 1726 2120 1783 ad

2233 1722 2469 1790 κλησίας,
2532 1723 2953 1786 πολυπλασίονας
3006 1728 3128 1786 τοὺς
3185 1722 3480 1792 ἀγωνιστὰς
3535 1734 3631 1787 τῆς
3688 1724 3836 1778 εύσεο

472 1819 772 1872 certamen
805 1817 1177 1889 parantibus.
1223 1820 1384 1874 Tunc
1432 1817 1743 1874 Christiani
1773 1833 1984 1889 pacem
2017 1817 2124 1873 ba-

470 1904 768 1961 bebamus
796 1906 949 1963 inter
978 1923 1129 1963 nos:
1164 1925 1377 1981 pacem
1434 1907 1593 1964 illam
1645 1925 1832 1981 quam
1890 1907 2127 1981 reliquit

474 1994 785 2066 Dominus,
816 1997 987 2068 cujus
1018 2014 1179 2053 nunc
1220 2014 1292 2054 ne
1326 1998 1639 2067 vestigium
1670 1998 1916 2069 quidem
1949 1997 2125 2054 nobis

466 2082 596 2155 jam
637 2091 932 2157 superest,
982 2087 1136 2143 adeo
1164 2087 1333 2143 illam
1375 2085 1945 2143 crudeliteranobis
1979 2087 2125 2143 invi-

472 2187 604 2228 cem
680 2174 1012 2243 abegimus.
1074 2178 1498 2232 Verumtamen
1559 2176 1864 2233 redierunt
1937 2176 2125 2233 animi

472 2262 663 2318 nostri
691 2264 769 2319 ad
800 2265 1061 2335 priscam
1102 2265 1265 2321 illam
1297 2266 1752 2335 beatitudinem,
1782 2267 1885 2323 ubi
1915 2267 2121 2324 litterae

472 2365 543 2405 ex
582 2356 815 2407 remota
851 2353 1093 2423 regione
1148 2360 1462 2424 venerunt,
1514 2355 1845 2412 dilectionis
1866 2356 2122 2429 pulchri-

472 2437 679 2494 tudine
712 2440 1195 2511 efﬂorescentes;
1254 2460 1323 2500 ac
1381 2449 1610 2517 martyr
1656 2444 1834 2501 nobis
1881 2445 2120 2502 advenit

472 2542 509 2582 a
539 2526 814 2584 barbaris
844 2530 999 2587 ultra
1025 2536 1241 2589 Istrum
1299 2533 1735 2604 habitantibus,
1775 2550 1881 2607 per
1910 2551 1971 2591 se
1992 2536 2120 2607 ipse

472 2616 812 2688 praedicans
866 2619 1007 2676 ﬁdei
1061 2621 1177 2677 illic
1224 2622 1480 2693 vigentis
1535 2624 2119 2693 integritatem.Quis

470 2706 812 2763 animarum
852 2714 1194 2766 nostrarum
1247 2712 1341 2767 his
1367 2712 1427 2767 in
1457 2712 1639 2768 rebus
1666 2713 1931 2769 ltetitiam
1952 2729 2121 2769 enar-

469 2809 601 2850 rare
640 2797 884 2867 possit‘I
939 2801 1230 2864 Quasnam
1296 2802 1663 2871 excogitetur
1722 2802 1962 2859 dicendi
2006 2803 2119 2872 vis,

468 2898 604 2955 qua;
644 2885 799 2942 clare
822 2887 1019 2945 valeat
1063 2890 1341 2946 affectum
1382 2891 1441 2946 in
1473 2892 1652 2948 corde
1680 2898 1885 2949 nostro
1915 2910 2120 2950 recon~

2233 1811 2376 1874 ϐείας
2446 1813 2692 1887 ἐξέτρεφε,
2749 1822 2820 1885 τῷ
2882 1812 3020 1886 ζήλῳ
3070 1822 3169 1866 τῶν
3224 1812 3583 1889 προλαϐόντων
3630 1816 3835 1867 ἐπαπο-

2236 1898 2501 1974 δυομένων
2561 1911 2661 1953 τῶν
2722 1902 2916 1974 ἐφεξῆς.
3009 1907 3133 1955 Τότε
3197 1907 3504 1975 Χριστιανοὶ
3549 1906 3637 1975 μεν
3702 1906 3835 1977 πρὸς

2235 1990 2481 2052 ἀλλήλους
2537 1992 2744 2065 εἰρήνην
2798 1994 2987 2065 ήγομεν
3010 1996 3156 2057 (38)⁶
3222 1992 3427 2068 εἰρήνην
3493 1992 3705 2060 ἐκείνην,
3766 1993 3832 2050 ἦν

2232 2081 2258 2131 ό
2298 2084 2491 2155 ,Κύριος
2543 2084 2668 2154 ἡμῖν
2717 2081 3001 2153 κατέλιπεν,
3063 2083 3127 2144 ἧς
3198 2089 3285 2133 νῦν
3337 2078 3453 2134 οὐδ’
3510 2085 3659 2154 ἴχνος
3700 2084 3833 2155 ἡμῖν

2230 2168 2408 2222 λοιπὸν
2474 2169 2855 2239 ύπολελειπται,
2922 2172 3086 2232 οὕτως
3123 2170 3287 2229 αὐτὴν
3348 2169 3555 2233 ἀπηνῶς
3621 2169 3707 2223 ἀπ’
3744 2170 3834 2223 ἀ).-

2231 2258 2395 2317 λήλων
2446 2256 2827 2333 ἀπεδιώξαμεν.
2870 2260 3008 2319 Πλήν
3072 2259 3181 2312 ἀλλ’
3230 2261 3311 2312 ὅτι
3350 2261 3404 2312 αἱ
3444 2260 3622 2332 ψυχαὶ
3679 2262 3831 2333 ἡμῶν

2231 2353 2362 2424 πρὸς
2402 2354 2496 2408 τὴν
2543 2350 2768 2403 παλαιὰν
2826 2349 3020 2408 ἐκείνην
3084 2354 3451 2424 μακαριότητα
3522 2349 3829 2419 ἓπανήλθον,

2231 2435 2410 2497 ἐπειδή
2466 2441 2756 2514 γράμματα
2784 2442 2873 2512 μεν
2928 2437 3076 2498 ἦλθεν
3133 2438 3188 2491 ἔκ
3247 2447 3339 2501 τῆς
3394 2442 3649 2513 μακρόθεν
3690 2442 3831 2510 (39),

2231 2527 2485 2581 ἀνθοῦντα
2540 2537 2612 2600 τῷ
2660 2537 2755 2591 τῆς
2809 2528 3013 2601 ἀγάπης
3063 2528 3258 2598 κάλλει,
3327 2531 3530 2605 μάρτυς
3586 2526 3644 2582 δε
3700 2530 3831 2602 ἡμῖν

2231 2615 2560 2691 ἐπεδήμησεν
2600 2617 2654 2670 ἐκ
2706 2627 2805 2671 τῶν
2852 2617 3083 2671 ἐπέκεινα
3120 2617 3332 2692 Ἴστρου
3382 2616 3683 2694 βαρϐάρων,
3753 2616 3831 2671 δι’

2231 2708 2415 2761 ἑαυτου
2468 2711 2747 2783 κηρύσσων
2816 2716 2911 2771 τῆς
2990 2707 3095 2761 ἐκεῖ
3145 2707 3537 2781 πολιτευομένης
3599 2713 3831 2770 πίστεως

2230 2802 2323 2857 τήν
2377 2796 2660 2873 ἀκρίϐειαν.
2726 2802 2819 2859 Τίς
2882 2797 2941 2849 ἂν
2994 2803 3087 2856 τήν
3137 2796 3221 2851 ἐπὶ
3258 2800 3462 2861 τούτοις
3511 2798 3829 2873 εὖφροσύνην

2232 2894 2329 2938 τῶν
2358 2886 2549 2958 ψυχῶν
2580 2889 2725 2959 ήμῶν
2784 2883 3106 2959 διηγήσαιτο
3134 2903 3147 2954 ;
3189 2891 3277 2947 Τίς
3306 2886 3366 2939 ἂν
3405 2886 3697 2945 ἐπινοηθείη
3732 2884 3832 2939 δύο

468 2971 663 3030 ditum
720 2976 895 3049 255
946 2980 1271 3035 enarrare?
1321 2980 1587 3037 Profecto
1658 2998 1797 3037 cum
1855 2981 2117 3039 vidimus

2233 2995 2382 3048 ναμις
2433 2976 2588 3047 λόγου
2637 2975 2862 3052 ἐναργῶς
2922 2975 3213 3049 ἐξαγγεῖλαι
3260 2980 3354 3035 τήν
3406 2978 3454 3028 ἓν
3484 2984 3556 3047 τῷ
3612 2985 3831 3051 κρυπτῷ

470 3062 774 3137 athletam,
804 3065 961 3122 illius
990 3067 1354 3126 hortatorem
1372 3070 1603 3127 felicem
1626 3072 2115 3143 praedicavimus:

468 3151 574 3223 qui
631 3154 799 3225 apud
848 3155 1081 3227 justum
1117 3158 1385 3229 judicem
1422 3160 1665 3231 justitim
1718 3177 2006 3218 coronam
2065 3166 2122 3219 et

468 3238 599 3311 ipse
624 3243 885 3315 recipiet,
918 3262 989 3303 eo
1010 3248 1176 3320 quod
1223 3249 1448 3305 multos
1500 3249 1580 3305 ad
1619 3252 1972 3308 certandum
2009 3268 2121 3325 pro

467 3329 686 3400 pietate
707 3336 1201 3394 corroboraverit.

541 3512 595 3566 2.
637 3510 936 3576 Quoniam
962 3514 1211 3573 beatum
1237 3518 1434 3575 virum
1464 3520 1769 3592 Eutychen
1792 3520 1853 3576 in
1883 3537 2119 3578 memo-

467 3596 620 3655 riam
651 3600 825 3657 nobis
846 3606 1552 3687 revocasti,patriamque
1573 3613 1841 3666 nostram
1862 3626 2118 3669 exorna-

470 3687 565 3757 sti,
616 3694 681 3746 ut
724 3707 857 3764 quae
888 3693 1127 3766 pietatis
1184 3698 1413 3755 semina
1438 3699 1781 3772 praebuerit,
1807 3700 2119 3758 oblectasti

467 3777 715 3849 quidem
736 3797 851 3838 nos
873 3784 1289 3842 recordatione
1319 3789 1776 3860 praeteritorum,
1792 3787 1901 3845 sed
1923 3790 2119 3847 affeci-

470 3868 545 3921 sti
568 3868 803 3927 tristitia
830 3872 925 3929 his
948 3890 1085 3947 quas
1111 3876 1389 3933 videmus
1422 3878 1767 3948 arguendis.
1802 3879 2117 3937 Enimvero

467 3968 649 4012 nemo
681 3964 953 4017 nostrum
980 3965 1230 4035 Eutychi
1253 3966 1464 4021 virtute
1490 3966 1697 4022 similis
1730 3985 1743 4023 :
1776 3968 1879 4041 qui
1912 3970 2117 4042 utique

468 4044 703 4101 tantum
735 4048 904 4105 abest
931 4057 994 4107 ut
1041 4053 1333 4110 barbaros
1382 4055 1631 4126 Spiritus
1664 4056 1877 4114 virtute
1906 4074 1976 4113 ac
2007 4059 2116 4114 do-

468 4146 686 4189 norum
698 4134 855 4192 illius
871 4138 1141 4196 efficacia
1160 4143 1923 4212 mansuefaciamus,uteos
1936 4146 2115 4203 etiam

467 4223 883 4293 quimansueti
908 4233 1067 4294 sunt,
1103 4235 1487 4302 peccatorum
1516 4238 1859 4290 nostrorum
1884 4236 2113 4306 magni-

469 4311 675 4369 tudine
696 4313 921 4373 feroces
972 4318 1321 4376 reddamus.
1380 4321 1562 4377 Nobis
1590 4322 1749 4379 enim
1780 4340 2028 4381 causam
2057 4329 2114 4381 et
2145 4314 2187 4368 Ῑ)

468 4406 725 4475 peccatis
753 4408 971 4464 nostris
1002 4410 1385 4480 ascribimus,
1429 4427 1534 4468 cur
1560 4417 1868 4487 tantopere
1894 4413 2116 4472 diffusa

468 4493 543 4549 sit
580 4494 998 4554 haereticorum
1046 4501 1334 4572 potentia.
1390 4502 1616 4558 Etenim
1646 4502 1813 4560 nulla
1833 4504 1953 4561 fere
1974 4520 2118 4578 pars

469 4582 632 4638 orbis
661 4588 955 4643 terrarum
983 4587 1228 4645 haeresis
1255 4590 1601 4648 incendium
1614 4591 1838 4663 effugit.
1862 4596 1987 4651 Tua
2016 4610 2118 4651 au-

469 4673 589 4727 tem
636 4676 917 4747 narratio,
971 4677 1251 4736 athletica
1293 4682 1643 4748 certamina,
1706 4698 1964 4755 corpora
2004 4701 2117 4758 pro

466 4760 683 4833 pietate
709 4763 1228 4836 dilacerata,furor
1250 4768 1653 4827 barbarorum
1677 4771 1755 4827 ab
1768 4772 2119 4831 hominibus

469 4852 650 4909 corde
680 4854 1001 4927 impavidis
1028 4862 1428 4932 contemptus,
1457 4861 1623 4918 varia
1654 4865 1953 4920 tormenta
1978 4880 2119 4937 per-

470 4945 1323 5019 sequentium,decertantium
1354 4951 1415 5008 in
1447 4953 1733 5010 omnibus
1761 4955 2118 5024 constantia,

468 5030 722 5105 lignum,
745 5052 925 5110 aqua,
971 5038 1193 5110 quibus
1220 5045 1621 5101 consummati
1655 5048 1971 5118 martyres.
2011 5048 2121 5102 No-

543 5159 801 5242 (36λΤῆς
842 5161 1125 5242 ᾁθλὴσεως.
1183 5165 1328 5223 Male
1375 5168 1437 5222 in
1480 5172 1745 5240 quatuor
1797 5186 1939 5225 mss.
1995 5183 2119 5225 non

468 5233 891 5310 vetustissimis
914 5235 1242 5310 legitur-:5;
1273 5242 1491 5310 φύσεως.

543 5304 654 5384 (ζξἹ)
696 5303 863 5384 Ἡμῖν.
902 5303 1183 5384 Ita—Harl.
1207 5303 1455 5384 etCoisl.
1488 5310 2117 5384 primps._Edili_ﬁyo‘iv.

472 5373 699 5432 Ibidem
718 5373 857 5452 editi
881 5384 975 5452 Τὴν
1020 5381 1136 5452 καθ’
1165 5383 1315 5452 ἡμᾶς.
1361 5373 1509 5435 Τι’εὲ
1536 5380 1941 5452 antiquissimi
1963 5373 2121 5440 codi-

470 5461 568 5501 ces
590 5464 728 5503 cum
754 5450 995 5506 duobus
1018 5451 1149 5506 aliis
1176 5450 1323 5507 utin
1346 5455 1529 5506 textu.

544 5519 943 5595 (38)__”H'/op_.sv_.
979 5523 1064 5577 lta
1102 5520 1255 5577 Harl.
1290 5526 1346 5577 et
1395 5521 1567 5579 Coisl.
1598 5522 1833 5595 primus
1860 5540 1998 5583 cum
2028 5526 2124 5583 tri-

469 5585 587 5644 bus
604 5585 941 5649 aliis.'Editi
971 5596 1202 5665 εἴχομεν.

2230 3072 2325 3124 τῆς
2377 3060 2604 3138 καρδίας
2646 3065 2791 3137 ήμῶν
2847 3060 3088 3117 διάθεσιν
3147 3061 3451 3138 δυναμένης
3504 3064 3626 3118 Ὀτε
3653 3070 3832 3138 μέντοι

2232 3151 2436 3226 εῖδομεν
2484 3158 2567 3206 τὸν
2618 3152 2862 3220 ἀθλητήν,
2909 3153 3300 3230 ἐμακαρίσαμεν
3345 3155 3505 3208 αὐτοῦ
3557 3159 3641 3207 τὸν
3695 3154 3834 3209 ἀλεί-

2230 3263 2365 3302 πτην
2390 3262 2404 3275 ⁸
2447 3246 2501 3305 ὃς
2538 3245 2681 3317 παρὰ
2705 3252 2776 3315 τῷ
2830 3241 3021 3315 δικαίῳ
3064 3252 3213 3320 κριτῇ
3241 3247 3328 3297 τὸν
3363 3252 3454 3306 τῆς
3484 3240 3833 3310 δικαιοσύνης

2233 3338 2478 3407 στέφανον
2527 3338 2617 3386 καὶ
2675 3333 2831 3395 αὐτὸς
2894 3331 3241 3405 ἀπολήψεται,
3306 3334 3525 3399 πολλοὺς
3599 3336 3669 3398 εἰς
3737 3340 3831 3389 τὸν

2229 3426 2355 3496 ὑπὲρ
2377 3432 2472 3484 τῆς
2502 3421 2759 3483 εὐσεϐείας
2788 3421 3083 3497 ἐπιρρώσας
3109 3421 3299 3495 ἀγῶνα.

2300 3516 2353 3568 2.
2398 3513 2537 3566 Ἐπεὶ
2591 3508 2650 3565 δὲ
2705 3516 2796 3564 καὶ
2846 3519 2939 3564 τοῦ
2990 3517 3252 3588 μακαρίου
3306 3509 3498 3589 ἀνδρὸς
3550 3514 3831 3587 Εύτυχοῦς

2230 3602 2299 3664 εἰς
2356 3608 2565 3675 μνήμην
2605 3603 2740 3674 ἡμᾶς
2787 3605 3001 3674 ἤγαγες,
3060 3605 3151 3654 καὶ
3204 3601 3481 3675 ἕσέμνυνας
3544 3604 3828 3677 ἡμῶντήν

2227 3689 2482 3765 πατρίδα,
2551 3694 2621 3754 ὡς
2667 3690 2824 3749 αὐτὴν
2881 3697 3294 3764 παρασχομένην
3338 3700 3427 3754 τῆς
3453 3692 3715 3756 εὐσεϐείας
3760 3696 3831 3747 τὰ

2229 3786 2548 3858 σπέρματα·
2617 3785 2870 3855 εὔφρανας
2916 3783 3005 3853 μὲν
3080 3782 3219 3853 ἡμᾶς
3265 3790 3327 3855 τῇ
3378 3784 3669 3855 ὑπομνήσει
3723 3793 3827 3836 τῶν

2226 3874 2477 3937 παλαιῶν,
2528 3871 2792 3932 ἑλύπησας
2850 3867 2908 3923 δε
2972 3878 3043 3941 τῷ
3083 3869 3282 3943 ἑλέγχῷ
3348 3881 3446 3923 τῶν
3533 3874 3826 3949 ὁρωμένων.

2228 3962 2423 4025 Οὐδεὶς
2452 3965 2553 4036 γὰρ
2595 3964 2739 4034 ἡμῶν
2771 3960 3004 4031 Εὑτυχεί
3054 3965 3148 4018 τήν
3207 3959 3393 4036 ἀρετήν
3413 3962 3786 4037 παραπλήσιος
3812 3985 3825 3997 ·

2226 4056 2277 4107 οἵ
2326 4073 2385 4126 γε
2432 4059 2680 4104 τοσοῦτον
2729 4048 2991 4122 ἀπέχομεν
3042 4048 3340 4126 βαρϐάρους
3386 4050 3710 4125 ἐξημερῶσαι
3759 4062 3824 4122 τῇ

2228 4140 2448 4215 δυνάμει
2490 4148 2581 4193 τοῦ
2622 4142 2940 4213 Πνεύματος,
3008 4143 3097 4192 καὶ
3150 4147 3212 4213 τῇ
3266 4138 3493 4214 ἐνεργείᾳ
3549 4150 3647 4193 τῶν
3699 4143 3829 4218 παρ’

2228 4233 2388 4285 αὐτοῦ
2440 4232 2812 4306 χαρισμάτων,
2870 4231 3003 4281 ὥστε
3039 4233 3130 4281 καὶ
3176 4233 3294 4291 τοὺς
3355 4232 3555 4306 ἡμέρως
3609 4234 3830 4303 ἔχοντας

2227 4331 2288 4395 τῇ
2363 4320 2616 4394 ὑπερϐολῇ
2695 4327 2795 4371 τῶν
2875 4318 3139 4394 ἁμαρτιῶν
3213 4320 3358 4392 ἡμῶν
3447 4320 3826 4396 ἐξηγριῶσθαι·

2224 4412 2455 4471 Ἐαυτοῖς
2498 4412 2596 4485 γὰρ
2652 4408 2967 4481 λογιζόμεθα
3016 4412 3107 4461 καὶ
3161 4416 3273 4470 ταῖς
3319 4410 3598 4484 ἡμετέραις
3653 4410 3827 4484 ἁμαρ.

2225 4507 2365 4564 τίαις
2414 4504 2508 4559 τήν
2558 4498 2729 4552 αἰτίαν
2764 4504 2855 4551 τοῦ
2902 4496 2985 4551 ἐπὶ
3014 4505 3262 4551 τοσοῦτον
3313 4501 3550 4571 χυθῆναι
3600 4504 3693 4559 τήν
3723 4509 3827 4553 τῶν

2228 4595 2498 4669 αἱρετικῶν
2539 4584 2872 4643 δυναστείαν.
2932 4584 3133 4661 Σχεδὸν
3184 4591 3285 4664 γὰρ
3342 4585 3492 4642 οὐδὲν
3520 4593 3672 4665 μέρος
3709 4593 3827 4664 (40)

2226 4690 2317 4743 τῆς
2383 4680 2687 4751 οἰκουμένης
2753 4673 3068 4751 διαπέφευγε
3145 4679 3232 4729 τὸν
3289 4676 3345 4730 ἐκ
3415 4686 3511 4738 τῆς
3576 4681 3826 4753 αἱρέσεως

2229 4772 2556 4845 ἐμπρησμὸν.
2614 4770 2691 4819 Τὰ
2721 4763 2780 4819 δε
2812 4768 2881 4819 σὰ
2925 4763 3255 4839 διηγήματα,
3302 4769 3567 4828 ἐνστάσεις
3612 4766 3829 4827 ἀθλητι-

2227 4865 2317 4913 καὶ
2348 4859 2484 4929 (4-1),
2541 4860 2762 4929 σώματα
2802 4857 2928 4929 ὑπερ
2985 4865 3079 4920 τῆς
3134 4855 3397 4919 εὐσεϐείας
3443 4858 3830 4931 καταξαινόμε-

2227 4972 2309 5020 να,
2367 4949 2525 5022 θυμὸς
2578 4945 2903 5022 βαρϐαρικὸς
2968 4948 3069 4999 ὑπὸ
3122 4954 3222 4999 τῶν
3270 4946 3677 5007 ἀκαταπλήκτων
3729 4953 3831 5007 τήν

2228 5034 2452 5115 καρδίαν
2509 5038 3002 5110 καταφρονούμενος,
3069 5037 3125 5089 αἱ
3177 5036 3405 5090 ποικίλαι
3452 5036 3681 5111 βάσανοι
3724 5046 3831 5089 τῶν

2294 5168 2533 5249 (39)-ῘΙΞκ
2582 5165 2990 5249 τῇςᾏμακρόθρν.
3028 5160 3208 5249 liarlz,
3262 5162 3453 5249 Med”
3507 5164 3649 5234 Reg,
3710 5163 3835 5236 pri-

2226 5233 2546 5307 mus,'Vat.
2574 5244 2631 5296 et
2664 5233 2847 5309 Bigot.
2872 5235 3017 5309 alter
3042 5233 3097 5285 ἐκ
3126 5242 3229 5307 γῆς
3251 5236 3527 5309 μακρόθεν.

2296 5304 2409 5384 (40)
2439 5316 2637 5387 Μέρος,
2873 5306 3109 5387 addunt
3135 5304 3143 5307 ⁷
3166 5304 3273 5387 ξτι,⁸
3303 5304 3469 5387 quod
3499 5306 3714 5387 [Pelius
3746 5304 3835 5363 vi.

2226 5377 2401 5439 detur
2419 5377 2630 5439 deesse
2654 5382 2715 5438 in
2744 5380 2933 5437 tribus
2958 5377 3395 5450 antiquissimis
3416 5377 3754 5450 codicibus.

2454 5448 3123 5536 Ἐνστάσεις..ᾁ,θλητικαίῖ
3324 5449 3505 5536 Hall,
3564 5448 3723 5507 Med.
3778 5452 3839 5508 et

2227 5518 2401 5584 C0151;
2431 5526 2684 5600 primus.
2714 5523 2862 5581 Edili
2878 5526 3123 5584 ἔνστασις
3154 5518 3430 5581 ἀθλητική.
