4092 6210
449 287 554 347 639

1835 279 1893 338 S.
1934 267 2185 334 BASILII
2221 266 2440 333 MAGNI

3707 278 3813 334 6&0

449 410 630 469 vobis
657 407 942 467 barbaria
967 404 1307 477 decertavit,
1339 407 1599 478 patriam
1646 403 1982 470 honorasti,
2013 417 2109 459 ve-

2234 405 2327 454 θέον
2360 401 2472 472 (li-8)
2505 400 2792 460 ἀθλήσαντι
2821 399 2904 454 ἐπὶ
2945 409 3038 462 τῆς
3083 403 3314 472 γείτονος
3341 399 3462 472 ύμῖν
3517 399 3817 474 βαρϐάρου,

455 499 545 556 lut
569 505 776 570 gratus
803 495 1068 567 agricola
1095 495 1173 551 ad
1199 511 1300 551 eos
1322 496 1426 566 qui
1449 497 1680 553 semina
1702 495 2106 568 praebuerunt,

455 588 763 645 fructuum
809 585 1098 660 primitias
1153 585 1415 641 mittens.
1465 587 1607 642 Vere
1662 585 1849 654 digna
1902 580 2112 638 Christi

461 677 681 735 athleta
707 677 905 742 dona;
952 677 1182 745 martyr
1210 673 1474 729 veritatis
1508 689 1703 745 nuper
1728 671 1971 744 justitiaa
2009 685 2111 726 co-

454 783 606 824 rona
643 765 975 831 redimitus,
998 778 1179 834 quem
1202 767 1258 818 et
1285 762 1402 818 laeti
1432 764 1831 835 suscepimus,
1868 777 1939 817 ac
1970 763 2108 826 Deo,

455 855 563 927 qui
585 855 715 926 jam
743 854 802 910 in
843 851 1128 908 omnibus
1166 852 1444 922 gentibus
1477 852 1690 908 Christi
1721 851 1814 907 sui
1843 854 2112 918 Evange-

454 944 606 1000 lium
628 941 1000 1015 adimplevit,
1020 940 1274 1009 gloriam
1296 940 1602 999 dedimus.
1618 941 1752 998 Sine
1773 944 1974 996 autem
1997 938 2113 994 hoc

453 1037 509 1089 te
544 1048 775 1102 rogem,
808 1036 871 1088 ut
896 1029 1084 1086 nostri
1105 1031 1212 1102 qui
1236 1035 1292 1086 te
1317 1030 1649 1100 diligimus,
1675 1028 2021 1085 memineris
2050 1027 2112 1083 in

453 1121 756 1194 precibus,
803 1135 873 1176 ac
923 1117 1132 1174 sedulo
1167 1119 1485 1174 Dominum
1515 1134 1626 1190 pro
1666 1117 1988 1174 animabus
2009 1131 2113 1171 no-

454 1213 590 1268 stris
618 1210 911 1283 preceris;
947 1214 1011 1264 ut
1051 1213 1106 1264 et
1133 1209 1309 1264 nobis
1333 1209 1666 1281 aliquando
1707 1209 1966 1264 donetur
1997 1210 2114 1263 Deo

453 1302 718 1374 incipere
787 1300 1008 1356 servire
1058 1299 1393 1355 secundum
1459 1300 1620 1355 viam
1683 1299 2113 1355 mandatorum

454 1392 663 1464 ipsius,
697 1406 835 1462 quas
861 1388 1035 1445 nobis
1065 1387 1230 1445 dedit
1249 1388 1329 1444 ad
1359 1387 1641 1446 salutem.

954 1602 1304 1659 EPlSTOLA
1345 1603 1582 1659 CLXVl".

2221 495 2309 548 τήν
2342 489 2650 563 ἐνεγκοῦσαν
2699 492 2974 564 ἐτίμησας,
3007 491 3112 543 οἷον
3159 509 3235 550 τις
3291 490 3561 562 εὐγνώμων
3590 493 3820 562 γεωργὸς

2219 587 2325 640 τοίς
2354 586 2782 656 παρασχομένοις
2805 583 2869 633 τά
2889 585 3165 653 σπέρματα
3188 581 3282 641 τὰς
3298 578 3549 652 ἀπαρχὰς
3568 588 3666 632 τῶν
3692 599 3819 654 καρ-

2220 677 2329 721 πῶν
2357 667 2694 743 ἀποπέμπων.
2721 670 2915 731 ’Ὄντως
2935 670 3048 739 (49)
3071 671 3329 742 πρέποντα
3352 668 3551 742 ἀθλητῇ
3580 677 3818 742 Χριστοῦ

2219 761 2284 810 τὰ
2319 755 2468 833 δῶρα
2492 781 2504 792 ο
2537 760 2874 832 μάρτυς(50)
2903 767 3000 820 τῆς
3031 757 3275 819 ἀληθείας
3300 759 3420 830 ἄρτι
3465 761 3551 809 τὸν
3598 766 3693 820 τῆς
3737 755 3820 810 δι-

2219 852 2504 911 καιοσύνης
2537 847 2934 922 ἀναδησάμενος
2957 853 3220 921 στέφανον,
3255 847 3308 900 ὃν
3337 852 3428 900 καὶ
3455 845 3821 920 ὑπεδεξάμεθα

2221 943 2512 1011 χαίροντες,
2543 943 2632 991 καὶ
2664 935 2987 1010 ἑὸοξάσαμεν
3019 941 3105 990 τὸν
3145 940 3274 991 Θεὸν
3311 940 3397 990 τὸν
3445 936 3494 990 έν
3523 943 3658 990 πᾶσι
3707 944 3818 998 τοῖς

2222 1029 2390 1080 ἔθνεσι
2415 1027 2767 1099 πληρώσαντα
2784 1025 2963 1080 λοιπὸν
2988 1029 3046 1078 τὸ
3087 1025 3399 1098 Εὐαγγέλιον
3442 1033 3536 1079 τοῦ
3580 1033 3820 1100 Χριστοῦ

2224 1116 2406 1173 αὑτοῦ,
2441 1116 2818 1190 Παρακέκλησο
2849 1113 2908 1168 δὲ
2938 1120 3027 1167 καὶ
3083 1118 3229 1187 ἡμῶν
3259 1122 3358 1166 τῶν
3409 1113 3725 1185 ἀγαπώντων
3765 1132 3824 1166 σε

2223 1207 2522 1278 μεμνῆσθαι
2543 1206 2592 1258 ἐν
2613 1215 2729 1267 ταῖς
2749 1212 3100 1277 προσευχαῖς,
3127 1208 3218 1256 καὶ
3242 1199 3544 1266 σπουδαίως
3570 1205 3697 1276 ὑπὲρ
3719 1211 3824 1256 τῶν

2223 1295 2414 1367 ψυχῶν
2437 1296 2584 1366 ἡμῶν
2613 1297 3010 1370 προσεύχεσθαι
3039 1301 3110 1364 τῷ
3145 1299 3342 1367 Κυρίῳ,
3371 1294 3453 1346 ἵνα
3490 1293 3827 1354 καταξιωθῶ-

2225 1389 2313 1458 μέν
2339 1404 2462 1437 ποτε
2478 1385 2742 1459 ἄρξασθαι
2761 1385 3026 1456 καὶέαύτοὶ
3047 1381 3309 1436 δουλεύειν
3326 1391 3398 1454 τῷ
3422 1391 3558 1452 Θεῷ,
3571 1385 3707 1434 κατὰ
3724 1385 3825 1439 τὴν

2223 1472 2348 1528 ὁδὸν
2374 1475 2715 1548 τῶνῃέντολῶν
2746 1475 2929 1541 αὐτοῦ,
2960 1473 3021 1536 ἃς
3053 1470 3242 1527 ἔδωκεν
3271 1475 3397 1546 ἡμῖν
3428 1473 3498 1536 εἰς
3529 1477 3820 1545 σωτηρίαν.

2759 1603 3096 1653 ΕΠΙΣΤΟΛΠ
3128 1597 3275 1663 ΡΞς·’.

456 1711 722 1767 Basilius
779 1724 881 1765 seu
933 1711 1133 1779 potius
1189 1709 1511 1780 Gregorius
1560 1711 1794 1766 beatum
1838 1709 2132 1779 praedicat
2172 1709 2580 1779 Eupraxium,
2622 1708 2784 1780 quod
2825 1708 2908 1765 ad
2942 1707 3264 1764 Eusebium
3295 1722 3355 1764 se
3383 1707 3688 1776 conferat;
3720 1704 3828 1780 sed_

527 1784 718 1837 multo
747 1776 1063 1853 beatiorem
1097 1782 1291 1850 ipsum
1309 1776 1663 1853 Eusebium,
1701 1782 1802 1838 cui
1823 1776 2102 1838 exsilium
2131 1776 2508 1852 gratulatur,
2537 1776 2782 1851 eumque
2816 1787 2992 1850 rogat
3023 1786 3087 1835 ut
3116 1795 3227 1850 pro
3256 1794 3316 1835 se
3350 1787 3632 1849 precetur
3656 1782 3711 1833 et
3743 1776 3828 1832 ad

525 1870 586 1910 se
613 1858 830 1924 pergat
867 1852 1144 1909 scribere.

736 1960 1017 2024 Eusebio,
1049 1959 1338 2030 episcopo:
1354 1961 1823 2017 Samosatorum.

528 2068 712 2123 Carus
741 2065 893 2122 mihi
913 2065 975 2121 in
1005 2064 1312 2136 omnibus,
1339 2069 1453 2123 etc.
1489 2066 1660 2138 257

2493 1957 2724 2032 Εὗσιϐίῳ
2756 1959 2889 2028 (51),
2924 1957 3192 2031 ἐπισκόπῳ
3224 1959 3554 2033 Σαμοσάτων.

2299 2067 2377 2119 Τὰ
2400 2067 2570 2118 πάντα
2598 2071 2772 2140 τίμιος
2801 2064 2869 2117 ὢν
2894 2067 3039 2139 ἡμῖν,
3072 2086 3125 2123 κ,
3156 2085 3205 2121 τ.
3235 2066 3283 2121 λ.

1247 2173 1390 2229 Vide
1413 2174 1575 2231 inter
1601 2175 1665 2231 S.
1701 2173 1979 2245 Gregorii
2005 2174 2375 2232 Nazianzeni
2408 2174 2738 2244 Epistolas,
2769 2173 2942 2244 epist.
2971 2177 3038 2230 65

962 2297 1300 2354 EPISTOLA
1333 2298 1626 2354 CLXVII“.

2768 2303 3096 2351 EHIZTOAH
3135 2295 3286 2352 PEz'.

455 2403 745 2471 Basilius,
767 2419 869 2461 seu
884 2405 1084 2472 potius
1103 2405 1427 2474 Gregorius
1449 2410 1754 2474 acceptam
1781 2420 1856 2462 ex
1876 2406 2090 2462 litteris
2110 2405 2353 2462 Eusebii
2375 2406 2646 2462 lwtitiam
2667 2405 3004 2476 signiﬁcat;
3033 2406 3333 2462 molestias
3359 2409 3608 2462 excusat
3638 2409 3696 2461 et
3727 2417 3829 2460 ne~

652 2475 835 2546 gotia,
859 2476 1018 2546 quod
1033 2490 1164 2531 eum
1189 2492 1312 2532 non
1333 2478 1584 2543 invisat;
1619 2479 1803 2547 ipsius
1827 2479 2060 2535 litteras
2076 2479 2192 2534 sibi
2209 2483 2264 2534 et
2283 2479 2453 2534 lucro
2475 2484 2528 2534 et
2556 2475 2770 2534 honori
2783 2478 2949 2548 apud
2966 2475 3183 2534 mullos
3208 2492 3327 2533 esse
3353 2481 3628 2533 testatur.

742 2599 1016 2671 Eusebio,
1045 2603 1318 2671 episcOpo
1347 2601 1822 2658 Samosatorum.

527 2707 594 2763 Et
623 2721 764 2762 cum
789 2705 1020 2776 scribis,
1052 2710 1109 2762 et
1135 2722 1274 2763 cum
1302 2707 1493 2764 nostri
1522 2723 1757 2764 memor
1795 2724 1878 2779 es,
1909 2707 2115 2767 laetitia

457 2807 572 2852 nos
602 2794 790 2851 aﬂicis
815 2813 828 2863 ;
878 2800 936 2852 et
974 2795 1142 2868 quod
1170 2796 1286 2853 hoc
1316 2796 1518 2868 majus
1547 2802 1655 2866 est,
1679 2814 1819 2854 cum
1847 2799 2024 2856 nobis
2051 2800 2114 2857 in

457 2882 665 2940 litteris
694 2884 1021 2941 benedicis.
1050 2887 1169 2941 Nos
1198 2901 1401 2958 porro,
1439 2885 1490 2942 si
1535 2885 1704 2958 digni
1751 2887 1865 2944 tuis
1899 2887 2116 2946 labori-

457 2973 574 3030 bus
601 2977 656 3030 et
685 2978 787 3030 tuo
810 2990 919 3046 pro
952 2974 1183 3032 Christo
1215 2975 1540 3031 certamine
1560 2991 1854 3046 essemus,
1877 2993 2119 3035 conces-

459 3077 594 3118 sum
623 3062 800 3119 nobis
819 3063 1050 3131 fuisset,
1082 3069 1146 3120 ut
1174 3064 1253 3120 ad
1283 3068 1340 3120 te
1365 3063 1616 3136 profecti
1645 3065 1929 3137 pietatem
1950 3070 2117 3124 tuam

458 3151 1016 3224 complecteremur,
1049 3169 1119 3210 ac
1165 3153 1466 3225 patientiae
1494 3154 1556 3209 in
1586 3155 1871 3211 aerumnis
1919 3171 2116 3214 exem-

2495 2601 2728 2675 Εὖσεϐίῳ
2757 2602 2889 2674 (32),
2918 2599 3183 2674 ἐπισκόπῳ
3215 2602 3552 2674 Σαμοσάτων.

2296 2711 2398 2762 Καὶ
2426 2710 2634 2784 γράφων
2659 2713 2750 2762 καὶ
2774 2712 3094 2782 μεμνημένος
3123 2707 3410 2784 εὐφραίνεις
3441 2709 3471 2766 ἡ
3479 2713 3603 2780 μᾶς,
3635 2710 3729 2759 καὶ
3761 2710 3830 2760 τά

2221 2800 2406 2852 τούτου
2438 2801 2636 2871 μεῖζον,
2659 2797 2852 2871 εύλογῶ
2893 2800 3032 2870 ἡμᾶς
3062 2798 3111 2850 ἐν
3139 2805 3249 2859 τοῖς
3290 2799 3618 2872 γράμμασιν.
3650 2795 3829 2868 Ἠμεις

2227 2883 2306 2955 δε,
2331 2887 2375 2939 εἰ
2399 2889 2487 2960 μὲν
2520 2888 2630 2956 (53)
2659 2888 2797 2951 ἄξιοι
2823 2896 2921 2939 τῶν
2946 2896 3048 2939 σῶν
3079 2889 3420 2959 παθημάτων,
3454 2891 3544 2939 καὶ
3572 2893 3665 2945 τῆς
3695 2885 3826 2959 ὑπὲρ

2225 2984 2458 3051 Χριστοῦ
2499 2975 2785 3044 ἀθλήσεως,
2839 2977 3234 3049 κατηξιώθημεν
3266 2976 3327 3028 ἆν
3365 2981 3454 3028 καὶ
3507 2980 3672 3049 μέχρι
3728 2974 3828 3026 σοῦ

2225 3071 2484 3140 γενόμενοι
2513 3067 2934 3141 περιπτύξασθαί
2961 3087 3055 3120 σου
3082 3072 3174 3126 τὴν
3205 3065 3512 3135 θεοσέϐειαν,
3540 3070 3629 3118 καὶ
3664 3067 3829 3116 τύπον

2227 3156 2398 3210 λαϐεῖν
2451 3165 2544 3220 τῆς
2593 3157 2642 3209 ἐν
2697 3163 2805 3220 τοῖς
2848 3159 3130 3228 παθήμασι
3169 3160 3445 3231 καρτερίας
3473 3176 3488 3188 ·
3543 3149 3722 3211 ἐπειδὴ
3769 3149 3831 3206 δὲ

460 3239 628 3311 plum
660 3255 1038 3312 caperemus.
1074 3241 1187 3298 Sed
1218 3241 1363 3314 quia
1390 3257 1464 3299 ea
1504 3257 1568 3298 re
1614 3242 1846 3313 indigni
1885 3261 2116 3312 sumus,

2234 3245 2432 3308 ἀνάξιοι
2459 3248 2646 3298 τούτου
2669 3247 3020 3317 τυγχάνομεν,
3046 3243 3260 3305 πολλαῖς
3301 3243 3506 3314 θλίψεσι
3532 3247 3624 3295 καὶ
3659 3240 3831 3313 ἀσχο-

458 3326 750 3383 molestiis
796 3327 1000 3384 multis
1043 3345 1112 3385 ac
1151 3330 1409 3399 negotiis
1438 3329 1680 3400 detenti,
1710 3337 1880 3403 quod
1912 3348 2121 3390 secun-

457 3413 608 3470 dum
652 3419 761 3483 est,
792 3407 1088 3484 facimus;
1131 3417 1465 3475 salutamus
1493 3423 1660 3475 tuam
1681 3421 2116 3492 praestantiam,

457 3519 902 3576 precamurque
932 3509 994 3562 ut
1025 3520 1100 3562 ne
1132 3507 1324 3563 nostri
1352 3506 1700 3578 defatigeris
1747 3511 2116 3568 meminisse.

459 3592 612 3650 Nam
640 3593 848 3652 litteris
880 3595 996 3652 tuis
1024 3595 1244 3666 dignos
1295 3597 1508 3654 haberi
1546 3614 1669 3664 non
1697 3599 1934 3655 lucrum
1967 3599 2119 3656 dun-

457 3685 626 3741 taxat
652 3683 829 3742 nobis
853 3689 972 3754 est;
1002 3685 1108 3741 sed
1149 3685 1422 3756 gloriatio
1470 3687 1653 3745 etiam
1693 3688 1860 3762 apud
1897 3688 2120 3746 multos

456 3779 639 3846 atque
697 3779 1164 3843 ornamentum,
1217 3777 1384 3849 quod
1433 3777 1600 3850 apud
1653 3779 1848 3835 virum
1904 3779 2120 3835 virtute

457 3866 623 3920 tanta
651 3864 999 3936 prmditum,
1049 3871 1297 3938 tamque
1337 3870 1456 3923 Deo
1505 3869 1920 3939 conjunctum,
1954 3871 2019 3924 ut
2067 3867 2119 3922 ei

457 3950 607 4007 alios
628 3952 810 4008 etiam
833 3957 964 4008 tum
996 3969 1293 4019 sermone,
1311 3959 1437 4010 tum
1459 3956 1732 4029 exemplo
1753 3957 2120 4028 conjungere

458 4043 660 4111 queat,
689 4040 894 4111 aliquo
923 4041 985 4096 in
1014 4056 1272 4099 numero
1302 4043 1512 4100 simus.

936 4165 1269 4221 EPISTOLA
1310 4167 1647 4225 CLXVHI'".

2226 3334 2364 3397 λίαις
2392 3335 2703 3407 ἐνεχόμενοι,
2737 3334 2762 3386 ὃ
2795 3331 3032 3407 δεύτερόν
3064 3335 3178 3386 ἐστι
3222 3341 3468 3406 ποιοῦμεν
3490 3354 3503 3366 ·
3552 3351 3830 3405 προσαγο-

2227 3427 2438 3498 ρεύομεν
2468 3429 2561 3482 τὴν
2595 3429 2690 3482 σὴν
2729 3422 3042 3491 τελειότητα,
3093 3427 3184 3475 καὶ
3225 3421 3467 3494 ἀξιοῦμεν
3513 3424 3584 3494 μὴ
3614 3422 3829 3493 κάμνειν

2231 3534 2290 3568 σε
2318 3518 2636 3587 μεμνημένον
2667 3515 2832 3586 ἡμῶν.
2875 3512 2950 3565 Ού
2980 3514 3082 3587 γὰρ
3113 3512 3330 3585 ὠφέλεια
3356 3515 3510 3584 μόνον
3555 3513 3680 3583 ἡμῖν
3730 3518 3829 3562 τῶν

2230 3612 2333 3657 σῶν
2363 3602 2743 3666 καταξιοῦσθαι
2765 3603 3106 3676 γραμμάτων,
3136 3599 3264 3654 ἀλλὰ
3291 3606 3382 3654 καὶ
3410 3603 3674 3672 καύχημα
3701 3603 3829 3674 πρὸς

2227 3695 2351 3754 τούς
2373 3691 2587 3752 πολλοὺς
2607 3698 2697 3745 καὶ
2716 3690 3083 3762 καλλωπισμα,
3103 3691 3184 3743 ὅτι
3206 3689 3360 3762 λόγος
3380 3691 3409 3748 ἡ
3418 3697 3524 3763 μῶν
3553 3689 3664 3742 ἐστι
3684 3691 3834 3762 παρὰ

2228 3778 2382 3856 ἀνδρὶ
2409 3784 2641 3852 τοσούτῳ
2679 3786 2773 3839 τὴν
2829 3778 3014 3854 ἀρετὴν
3045 3784 3136 3832 καί
3188 3782 3447 3837 τοσαύτην
3476 3781 3655 3850 ἔχοντι
3701 3781 3833 3851 πρὸς

2230 3873 2357 3923 Θεὸν
2383 3869 2698 3936 οἰκειότητα,
2728 3871 2860 3920 ὥστε
2885 3872 2974 3919 καὶ
3005 3867 3185 3929 ἀλλους
3211 3868 3429 3920 οἰκειοῦν
3453 3863 3719 3920 δύνασθαι
3739 3871 3834 3918 καὶ

2227 3957 2363 4033 λόγῳ
2390 3963 2480 4011 καί
2511 3954 2882 4030 ὑποδείγματι.

2762 4175 3094 4223 ΕΠΙΣΤΟΛΗ
3127 4169 3290 4224 ΡΞῘΥ.

460 4269 761 4338 Quantum
801 4268 960 4328 dolet
993 4272 1264 4328 Basilius
1311 4274 1639 4332 Ecclesiam
1665 4282 1910 4347 pastore
1929 4277 2308 4404 (El'estiéutam,
2342 4282 2577 4404 tantum
2616 4275 2906 4333 Antiochi
2937 4277 3293 4346 felicitatem
3320 4275 3640 4347 prmdical,
3673 4275 3839 4348 quod

1775 4364 1908 4404 cum
1988 4366 2089 4404 use
2133 4366 2186 4404 io
2210 4365 2375 4404 verse
2407 4365 2504 4404 ur.

1775 4364 1908 4404 cum
1929 4364 2186 4406 EuSBDIO
2210 4364 2482 4406 versetur
2492 4391 2504 4404 .

457 4447 774 4520 Antiocho,
793 4449 1160 4538 presbytero,
1184 4451 1402 4538 fratris
1423 4453 1669 4538 Eusebii
1687 4455 1836 4524 ﬁlio,
1861 4457 1970 4528 qui
1987 4472 2116 4513 cum

2234 4456 2512 4530 Ἀντιόχῳ,
2585 4455 2989 4538 πρεσϐυτέρῳ,ω
3025 4452 3290 4528 ἆδελφιδῳ
3369 4459 3576 4508 συνόντι
3643 4454 3692 4507 ἐν
3770 4463 3834 4527 τῇ

792 4528 1016 4590 patruo
1048 4525 1366 4581 exsulante
1391 4528 1770 4585 versabatur.

533 4629 840 4695 Quantum
865 4629 1040 4688 doleo
1074 4630 1396 4690 Ecclesiam
1417 4635 1675 4708 pastoris
1696 4637 1844 4694 tanti
1865 4637 2113 4694 destitu-

530 4862 568 4937 ξ’,
589 4861 750 4937 Alias
781 4863 952 4937 CCLI.
988 4864 1211 4937 scripta
1249 4881 1411 4924 anno
1440 4870 1565 4928 374.

529 4933 576 5008 ε’
607 4934 765 5008 Alias
787 4936 994 5008 CCLII.
1021 4933 1249 5008 Scripta
1279 4955 1441 4996 anno
1471 4945 1596 4997 374.

531 5005 790 5082 ‘_"_"__Alia_s
824 5006 1083 5082 CCLXIX.
1122 5005 1352 5082 Scripta
1379 5027 1542 5082 anno
1572 5015 1694 5068 374,

532 5077 642 5147 (48)
670 5079 928 5156 ’Μάρτιυριι
969 5077 1434 5156 viov._l_ta_'Coisl.
1478 5083 1733 5156 primus2
1765 5084 1926 5156 _Yat.,
1979 5085 2120 5156 Reg.

463 5127 1067 5227 secundus‘etilfaris.
1101 5149 1250 5227 Egiti
1280 5127 1532 5227 μαρτυρζί
1695 5127 1926 5211 Ibidem

461 5234 581 5343 gare
607 5234 758 5272 mss.
793 5216 1106 5276 ἀνθήσαντα.
1143 5205 1327 5291 Bigo't.
1355 5205 1412 5278 et
1450 5205 2125 5282 llarlfseicundau-ianu

463 5309 496 5340 α
535 5309 764 5343 ησαντα.

463 5309 562 5348 αυη
575 5309 764 5345 σαντα.

466 5430 476 5441 .
536 5363 646 5431 (43)
678 5359 904 5441 Ὄντωςἶ
927 5360 1074 5441 Εᾴἱίί
1105 5361 1485 5441 ad_dt_1r1_t_7icp,
1519 5365 1685 5436 quod
1716 5367 1930 5424 melius
1953 5368 2123 5426 deest

463 5431 526 5488 in
558 5449 661 5487 sex
692 5449 840 5488 mss.
867 5431 1094 5488 ibidem
1123 5433 1262 5489 editi
1294 5431 1459 5494 ἀληθῆ
1491 5431 1747 5494 Χριστοῦ.

538 5505 680 5580 (50)-
717 5507 998 5580 Μάρτυς...
1068 5501 1479 5580 ἆςναδησάμενφς.
1540 5501 1850 5566 Medicasus
1931 5512 2124 5570 codex

473 5589 612 5630 cum
650 5575 831 5646 Regio
879 5576 1147 5634 secundo
1179 5582 1236 5634 et
1283 5575 1462 5636 Coisl.
1499 5581 1770 5640 secundo
1813 5585 2119 5661 μάρτυρα...

2937 4528 3129 4603 ἐξορίᾳ.

2295 4635 2456 4689 Ὅσον
2522 4631 2785 4711 ὀδύρομαι
2839 4639 2932 4695 τήν
2992 4634 3304 4693 Ἐκκλησίαν
3341 4639 3433 4694 τὴν
3485 4637 3835 4709 στερηθεῖσαν

2235 4865 2371 4923 ἀναδ
2376 4889 2405 4928 η
2416 4869 2634 4942 σάμενον
2643 4911 2656 4928 ,

2306 4942 2415 5014 (51)
2444 4937 2717 5014 Εύο-εϐίῳ,Δ
2746 4943 2859 5014 etc.
2907 4939 3154 5014 Addunt
3191 4938 3335 4998 editi
3364 4937 3715 5014 πρεσϐύτερος
3747 4943 3844 5002 ὧν,

2235 5012 2342 5085 sed
2385 5010 2915 5085 prorsus‘vitiose;
2953 5028 3063 5085 nec
3102 5011 3381 5085 leguntur
3405 5010 3592 5085 apud
3617 5010 3844 5085 Grego-

2233 5082 2872 5152 rium—Nazianzenum,
2905 5084 3077 5154 cujus
3099 5082 3250 5139 inter
3271 5082 3554 5154 epistolas
3579 5083 3709 5138 haec
3742 5082 3846 5138 tri-

2234 5156 2466 5227 gesima
2486 5159 2602 5227 est,
2632 5154 2866 5227 ipsique
2887 5152 3120 5210 videtur
3142 5152 3480 5227 tribuenda.
3498 5153 3647 5208 Hinc
3677 5169 3713 5227 a
3738 5169 3845 5210 no-

2235 5226 2371 5281 stris
2392 5225 2703 5298 codicibus
2731 5225 2925 5290 abest.
2947 5231 3198 5298 excepto
3215 5225 3587 5298 Coisliniano
3616 5225 3843 5298 primo.

2307 5300 2419 5369 (752)
2455 5295 2708 5369 Εύσεϐίῳ.
2741 5300 2875 5352 Haec
2905 5295 3389 5369 etiam—epistola
3423 5295 3848 5369 Gregorioau-

2307 5312 2419 5369 (52)
2455 5312 2708 5369 Ευσεϋιῳ.
2741 5312 2875 5352 Hth
2905 5312 3086 5354 etiam
3130 5312 3389 5423 ειέεῑοιει
3423 5312 3706 5366 uregorio
3740 5312 3848 5351 au-

2228 5367 2589 5440 judicanda,
2638 5384 2751 5424 nec
2801 5367 3146 5440 eamrullus
3231 5368 3370 5423 abet
3416 5383 3490 5423 ex
3528 5367 3848 5423 codicibus

2231 5439 2697 5522 nostris_praetcr
2710 5439 3472 5522 .Conislinianum'primum.

2299 5511 2417 5582 (53)
2449 5509 2507 5564 Εἰ
2528 5514 2640 5582 μέν.
2666 5511 2758 5568 Sic
2788 5511 3107 5582 Gregorius
3133 5509 3542 5582 Nazianzenus
3573 5514 3630 5565 et
3661 5510 3849 5566 Coisl.

2233 5581 2486 5654 primus.
2512 5580 2814 5640 Editiones
2837 5580 3035 5640 Basilii
3067 5580 3239 5655 ἐσμέν.
3267 5581 3450 5639 Paulo
3471 5585 3610 5654 post
3633 5597 3749 5654 pro
3775 5599 3852 5639 eo
