4092 6210
244 271 346 331 641

1209 264 1693 325 EPISTOLARUM
1730 259 2011 321 CLASSIS
2049 266 2115 324 ll.
2155 267 2369 328 EPIST.
2435 273 2652 330 CLXIX.

3513 283 3617 339 642

241 405 338 459 τῆς
368 404 460 450 τοῦ
504 395 742 448 τοιούτου
797 395 1037 465 ποιμένος
1082 390 1414 456 ἐπιστασίας,
1458 397 1708 442 τοσοῦτον
1757 406 1852 461 μα.

1970 393 2093 446 tam
2113 391 2422 463 regimine,
2454 398 2688 452 tantum
2709 395 2904 453 felices
2927 413 3034 454 vos
3075 401 3359 474 praedico,
3391 404 3616 477 quibus

239 488 450 560 καρίζω
481 484 622 558 ὑμᾶξ
649 482 1066 546 καταξιωθέντας
1114 480 1162 534 ἐν
1194 483 1414 551 τοιούτῳ
1474 486 1641 553 καιρῷ
1675 484 1851 530 συνεῖ-

238 597 329 630 ναι
390 572 547 650 ἀνδρὶ
616 577 704 626 τὸν
787 576 949 645 μέγαν
1026 573 1152 645 ὑπὲρ
1241 579 1333 631 τῆς
1394 568 1653 629 εὐσεϐείας
1737 567 1850 640 (54)

241 663 556 720 διαθλοῦντε
585 663 778 735 ἀγῶνα.
814 665 1105 734 Πέπιισμαι
1133 663 1256 734 γὰρ,
1295 661 1376 712 ὅτι
1433 660 1459 711 6
1521 661 1707 733 Κύριος
1761 663 1852 711 καὶ

238 757 380 828 ὑμᾶς
435 763 528 815 τῆς
585 753 751 813 αὐτῆς
807 748 1020 824 μερίδος
1074 750 1410 816 καταξιῶσαι,
1469 751 1587 808 τοὺς
1671 748 1842 810 καλῶς

239 844 546 916 eadem“;
600 847 692 895 καὶ
749 841 1100 914 ἕπεγείροντας
1160 840 1323 892 αὑτοῦ
1380 842 1474 897 τὴν
1530 839 1847 910 προθυμίαν.

236 934 449 988 Ἠλίκον
537 930 599 986 δᾶ
685 928 875 1004 κέρδος
961 929 1010 982 ἐν
1105 931 1318 1001 ἠσυχίᾳ
1409 926 1685 981 ἀπολαύειν
1768 926 1854 978 ἀν-

240 1021 374 1096 δρὸς
431 1029 668 1076 τοσαῦτα
723 1022 813 1093 μὶν
872 1019 928 1071 ἐκ
983 1026 1075 1079 τῆς
1131 1020 1420 1091 μαθήσεως,
1499 1023 1735 1068 τοσαῦτα
1792 1013 1852 1068 δὲ

241 1113 422 1175 int-ni;
477 1116 661 1185 πείρας
715 1118 815 1162 τῶν
872 1110 1195 1182 πραγμάτων
1244 1105 1654 1178 συνειληχότοςέ
1689 1104 1852 1158 ’Ὡστι

244 1207 537 1273 πέπεισμαι
595 1202 731 1272 ὑμᾶς
788 1205 876 1250 νῦν
936 1198 1206 1268 ἐγνωκέναι
1261 1200 1348 1249 τόν
1424 1191 1614 1269 ἄνδρα,
1670 1193 1852 1256 ἡλίκος

247 1293 364 1346 ἐστὶ
391 1297 488 1350 τὴν
514 1293 742 1343 σύνεσιν
779 1285 920 1342 διότι
952 1287 1000 1340 ἐν
1030 1295 1101 1358 τῷ
1158 1286 1467 1361 παρελθόντι
1524 1288 1702 1358 χρόνῳ
1760 1288 1851 1336 καὶ

247 1383 408 1444 αὐτὸς
460 1387 564 1435 τὼν
623 1376 860 1433 διάνοιαν
909 1379 1048 1449 εἶχεν
1079 1377 1150 1440 εἰς
1183 1377 1349 1430 πολλά
1381 1376 1725 1449 σχιζομένην,
1760 1379 1852 1428 καὶ

246 1475 399 1545 ὑμεῖς
426 1471 524 1524 οὐκ
554 1474 703 1542 ἤγετε
735 1467 936 1541 σχολήν
968 1466 1068 1520 ἀπὸ
1117 1475 1218 1519 τῶν
1275 1473 1367 1519 τοῦ
1427 1464 1548 1538 βίου
1608 1465 1852 1538 πραγμά-

246 1583 371 1630 των,
427 1563 564 1612 ὥστε
619 1559 728 1612 ὅλοι
783 1558 1132 1632 προσκεῖσθαι
1187 1564 1260 1627 τῷ
1288 1563 1624 1628 πνευματικῷ
1658 1556 1850 1627 νάματι

243 1659 315 1722 τῷ
378 1650 483 1704 ἀπὸ
540 1651 778 1724 καθαρᾶς
826 1645 1050 1721 καρδίας
1106 1654 1198 1699 τοῦ
1252 1643 1446 1722 ἀνδρὸς
1485 1648 1846 1718 προχεομένῳ.

1963 482 2208 552 contigit
2233 485 2534 554 ejusmodi
2565 491 2830 558 tempore
2853 504 2991 544 cum
3019 489 3144 547 viro
3170 508 3298 548 esse
3320 509 3617 565 magnum

1961 586 2070 642 pro
2102 572 2319 644 pietate
2341 580 2640 631 certamen
2679 576 3041 634 decertante.
3064 579 3426 640 Persuasum
3456 584 3617 640 enim

1961 660 2110 716 mihi
2163 665 2254 718 est
2308 679 2413 719 vos
2465 680 2729 737 quoque,
2792 683 2828 722 a
2865 667 3086 738 quibus
3117 686 3419 743 propensa
3456 673 3615 729 illius

1959 749 2235 806 voluntas
2264 753 2549 824 praeclare
2579 755 2870 811 excitatur
2899 761 2956 812 et
2997 759 3426 825 exstimulatur,
3455 778 3619 818 eam-

1966 837 2107 894 dem
2139 845 2360 897 sortem
2387 857 2423 898 a
2455 843 2706 900 Domino
2734 849 3500 914 consecuturos.Quantum
3514 867 3620 908 au-

1961 931 2077 983 tem
2095 929 2330 986 lucrum
2351 932 2414 987 in
2438 949 2679 990 summo
2694 935 2813 990 otio
2836 935 3059 1007 perfrui
3088 937 3214 993 viro
3248 943 3331 994 tot
3360 956 3429 996 ac
3455 945 3620 998 tanta

1958 1022 2089 1073 tum
2116 1034 2188 1074 ex
2211 1019 2511 1089 doctrina,
2543 1027 2670 1078 tum
2699 1039 2771 1079 ex
2798 1039 2999 1080 rerum
3022 1027 3388 1098 experientia
3414 1044 3620 1086 conse-

1959 1112 2096 1164 cuto
2121 1108 2132 1164 l
2167 1111 2359 1175 Quare
2387 1116 2546 1167 certo
2565 1113 2687 1168 scio
2714 1113 2888 1169 vobis
2918 1130 3081 1170 nunc
3119 1115 3368 1172 demum
3414 1118 3621 1188 cogni-

1959 1202 2086 1254 tum
2117 1214 2249 1254 esse
2277 1200 2475 1257 virum
2504 1201 2690 1270 illum,
2716 1203 2880 1275 quali
2908 1205 3345 1276 sitprudentia;
3379 1212 3619 1280 propte-

1960 1303 2063 1344 rea
2093 1289 2260 1360 quod
2289 1292 2590 1362 praeterito
2619 1297 2889 1364 tempore
2917 1299 2973 1350 et
3005 1295 3130 1367 ipse
3151 1302 3416 1353 mentem
3437 1297 3622 1354 habe-

1956 1375 2142 1432 batin
2177 1379 2368 1435 multa
2393 1380 2764 1452 distractam,
2797 1398 2908 1437 nec
2925 1383 3098 1438 vobis
3147 1389 3380 1440 tantum
3412 1393 3537 1443 erat
3585 1403 3622 1445 ε.

1955 1466 2092 1524 vitae
2145 1469 2400 1538 negotiis
2431 1471 2553 1540 otii,
2598 1476 2663 1526 ut
2711 1472 2815 1528 toti
2848 1473 3025 1545 258
3076 1475 3512 1532 accumberetis
3539 1477 3616 1533 ad

1959 1555 2264 1626 spirituale
2290 1557 2584 1614 ﬂuentum
2608 1575 2638 1615 e
2664 1576 2816 1632 puro
2833 1561 2943 1615 viri
2970 1565 3208 1633 pectore
3226 1579 3622 1634 promanans.

1960 1644 2073 1701 Sed
2103 1645 2390 1715 largiatur
2421 1648 2732 1717 Dominus,
2768 1653 2831 1704 ut
2859 1653 2916 1705 et
2945 1666 3052 1705 vos
3084 1650 3134 1706 ei
3167 1651 3294 1707 sitis
3318 1653 3620 1723 solatio,et

241 1741 407 1795 Ἀλλὰ
455 1741 738 1815 παράσχοι
766 1739 792 1789 6
853 1739 1039 1810 Κύριος
1069 1737 1202 1809 ὑμᾶς
1230 1739 1315 1788 καὶ
1345 1735 1486 1806 αὐτῷ
1515 1733 1850 1809 παράκλησιν

1970 1733 2072 1805 ipsi
2097 1733 2354 1790 aliorum
2387 1752 2513 1792 non
2540 1723 2860 1809 indigeatis
2887 1739 3320 1797 consolatione.
3355 1742 3528 1808 Quod
3551 1758 3621 1799 u-

239 1833 400 1898 εἶναί,
431 1834 524 1882 καὶ
577 1827 767 1889 αὐτοὺς
805 1831 874 1900 μὴ
909 1823 1120 1878 ὃιῐσθαι
1157 1834 1249 1886 τῆς
1281 1823 1474 1897 ’ἐτέρων
1503 1826 1847 1896 παρηγορίας·

235 1922 411 1994 Ὀπερ
459 1919 550 1971 οὖν
600 1922 690 1970 καὶ
742 1921 1029 1988 πέπιισμαι
1079 1920 1200 1991 περὶ
1254 1923 1354 1967 τῶν
1401 1911 1633 1987 καρδιῶν
1686 1913 1847 1984 ὑμῶν,

236 2012 654 2083 τεκμαιρόμενος
716 2013 778 2078 τῇ
843 2024 898 2058 τε
926 2004 1154 2075 ἐμαυτοῦ
1207 2008 1380 2077 πείρᾳ,
1406 2002 1466 2061 ἢν
1519 2006 1651 2075 πρὸς
1680 2000 1850 2071 ὀλίγον

239 2103 392 2173 ὑμῶν
414 2099 712 2172 ἐπειράθην,
739 2099 831 2148 καὶ
856 2103 916 2168 τῇ
951 2094 1147 2168 μεγάλῃ
1191 2090 1519 2165 διδασκαλίᾳ
1552 2098 1642 2144 τοῦ
1694 2089 1851 2143 καλοῦ

239 2192 578 2261 καθηγητοῦ,
609 2187 671 2240 όῦ
719 2192 844 2259 μιᾶς
890 2187 1088 2260 ἡμέρας
1143 2188 1400 2237 συνουσία
1429 2184 1684 2257 αὔταρκές
1713 2179 1853 2232 έσ-ιν

240 2275 378 2353 ἑφόδ
383 2298 459 2332 ιον
486 2280 619 2352 πρὸς
647 2279 935 2351 σωτηρίαν.

787 2370 1122 2418 ΕΠΙΣΤΟΛΗ
1164 2361 1322 2420 Pze’.

1958 1823 2121 1894 tique
2150 1839 2510 1896 persuasum
2546 1826 2744 1883 habeo
2771 1827 2845 1883 de
2876 1829 3162 1884 cordibus
3217 1831 3448 1900 vestris,
3476 1847 3620 1887 con-

1954 1911 2250 1982 jecturam
2294 1913 2519 1971 faciens
2577 1921 2634 1971 et
2688 1933 2760 1972 ex
2798 1933 2934 1974 mea
2985 1918 3174 1991 ipsius
3232 1920 3617 1992 experientia,

1958 2015 2082 2071 qua
2109 2002 2288 2058 vestri
2318 2003 2627 2076 paulisper
2656 2006 2990 2077 periculum
3023 2007 3156 2077 feci,
3191 2012 3246 2064 et
3305 2024 3374 2064 ex
3407 2009 3624 2080 optimi

1959 2091 2227 2161 magistri
2255 2109 2495 2151 summa
2515 2094 2808 2163 doctrina,
2831 2113 3100 2168 quocum
3128 2098 3224 2154 vel
3244 2113 3437 2154 unum
3457 2098 3618 2156 diem

1960 2181 2192 2237 versari
2233 2183 2380 2240 satis
2402 2189 2490 2242 est
2527 2185 2606 2242 ad
2642 2185 2898 2244 salutem
2927 2187 3148 2244 viatici.

2486 2365 2828 2423 EPISTOLA
2859 2368 3102 2424 CLXIX'.

245 2458 566 2532 Glycerius
626 2455 874 2532 quidam
938 2454 1243 2532 diacoaus,
1299 2451 1694 2532 cummultas
1747 2447 2012 2532 virgines
2039 2461 2491 2532 _con_gregasset,
2533 2460 2590 2511 et
2621 2462 2815 2532 pocla
2855 2457 3178 2532 aufugiens
3209 2457 3423 2514 choros
3480 2473 3617 2532 cum

329 2520 454 2586 illis
473 2520 745 2595 duceret,
765 2526 1089 2596 Gregorius
1107 2520 1707 2597 hanccaptivitalem
1729 2520 1992 2586 collegit.
2034 2523 2202 2580 Unde
2227 2520 2358 2580 eum
2396 2533 2574 2595 rogat
2605 2528 2892 2588 Basilius.
2925 2520 2992 2582 ut
3012 2520 3373 2597 Glycerium
3400 2545 3467 2585 re
3481 2530 3613 2585 dire

311 2601 545 2680 jubeat,
571 2593 955 2680 virginesque
985 2595 1316 2667 tyrannide
1354 2594 1587 2680 liberet,
1614 2593 1976 2680 saltem-fas
2004 2609 2136 2664 quae
2156 2597 2354 2654 redire
2381 2593 2609 2654 volunt.
2665 2600 2945 2670 Glycerio
2994 2593 3254 2658 modeste
3311 2600 3620 2658 redeunti

329 2665 561 2730 veniam
584 2665 922 2742 promittit;
952 2665 1116 2724 secus
1147 2682 1304 2734 vero,
1336 2665 1755 2736 depositionem
1782 2665 2074 2720 minatur.

685 2762 952 2834 Γρηγορίῳ
982 2758 1096 2830 (55)
1119 2755 1402 2816 Βασίλειος,

320 2876 549 2944 Πρᾶνμα
577 2869 669 2941 μὲν
706 2867 936 2928 ὑπέστης
977 2863 1196 2926 ἐπιεικὲς
1239 2867 1328 2916 καὶ
1391 2864 1580 2936 ἥμερον
1622 2859 1732 2931 (56)
1767 2863 1858 2914 καὶ

248 2959 636 3033 φιλάνθρωπον,
710 2959 805 3014 τὴν
903 2960 995 3008 τοῦ
1093 2959 1482 3027 καταφρονητοῡ
1582 2949 1854 3024 Γλυκερίου

247 3051 398 3122 (τέως
440 3049 543 3120 γὰρ
595 3043 728 3098 οὕτω
779 3044 1062 3117 γράφομεν)
1120 3041 1493 3115 αἰχμαλωσίαν
1528 3045 1854 3113 συναγαγὼν.

245 3143 335 3191 καὶ
395 3142 493 3195 τὴν
559 3139 738 3193 κοινὴν
795 3131 1184 3206 ἀσχημοσύνην
1235 3132 1401 3205 ἡμῶν,
1448 3133 1514 3192 ὡς
1545 3130 1650 3182 οἷόν
1681 3148 1734 3182 τε
1773 3124 1854 3198 ἦν,

246 3224 618 3299 συγκαλύψαξ
646 3220 706 3276 δι
729 3219 790 3276 δὲ
816 3224 955 3295 ὅμως
979 3226 1072 3282 τὴν
1115 3226 1212 3280 σὴν
1263 3219 1528 3274 εὐλάϐειαν
1585 3220 1857 3291 μαθοῦσαν

246 3319 315 3369 τὰ
346 3316 465 3368 κατ’
517 3313 695 3385 αὑτὸν,
761 3312 895 3365 οὕτω
921 3311 1080 3365 λῦσαι
1109 3315 1203 3370 τὴν
1236 3309 1476 3382 ἀτιμίαν.
1519 3309 1682 3369 Οὗτος
1714 3309 1738 3361 ὁ
1768 3314 1857 3359 νῦν

250 3405 480 3479 σοϐαρός
543 3408 633 3457 καὶ
711 3404 888 3474 σεμνὸς
957 3403 1075 3474 ὑμῖν
1153 3400 1422 3475 Γλυκέριος
1486 3399 1854 3473 ἐχειροτονήθη

254 3499 346 3568 μἐν
397 3493 522 3567 παρ’
571 3495 716 3564 ἡμῶν
777 3499 868 3554 τῆς
914 3494 1050 3544 κατὰ
1110 3489 1374 3549 Οὐήνισαν
1402 3489 1514 3560 (57)
1543 3487 1858 3549 Ἐκκλησίας

260 3579 529 3647 διάκονος,
569 3588 633 3643 ὡς
688 3585 776 3633 καὶ
827 3588 902 3652 τῷ
953 3577 1288 3656 πρεσϐυτέρῳ
1341 3573 1690 3644 διακονήσων,
1768 3577 1858 3628 καὶ

257 3680 353 3724 τοῦ
397 3673 548 3744 ἔργον
592 3678 679 3730 τῆς
725 3669 1041 3730 Ἐκκλησίας
1106 3667 1561 3741 ἐπιμελησόμενος.
1624 3670 1724 3718 Καὶ
1753 3667 1854 3740 γάρ

254 3761 422 3828 ἔστιν,
483 3759 526 3811 εἰ
553 3763 639 3810 καὶ
668 3759 735 3810 τὰ
786 3757 916 3809 ἄλλα
967 3753 1264 3830 δύστροπος
1318 3758 1343 3808 6
1403 3754 1553 3829 ἀνὴρ,
1599 3754 1730 3805 ἀλλὰ
1796 3756 1858 3806 τὰ

250 3851 504 3922 ἐπίχειρα
563 3848 661 3900 οὐκ
725 3845 911 3919 ἀφυής.
951 3847 1092 3899 Ἐπεὶ
1124 3842 1182 3898 δὲ
1199 3850 1447 3914 κατέστη,
1469 3851 1560 3896 τοῦ
1592 3847 1680 3916 μὲν
1706 3845 1856 3916 ἔργου

253 3939 482 4011 ἀμέλησε
542 3943 810 4000 τοσοῦτον,
865 3936 987 3986 ὅσον
1040 3931 1164 3987 οὐδὲ
1206 3939 1300 3992 τὴν
1353 3932 1528 4007 ἀρχὴν
1566 3937 1854 4003 γεγονότος.

253 4031 544 4102 Παρθένους
594 4021 653 4077 δὲ
706 4023 882 4084 ἀθλίας
942 4029 1268 4094 συναγαγὼν,
1294 4021 1408 4075 κατ’
1435 4018 1576 4074 ἰδίαν
1609 4020 1854 4083 ἐξουσίαν

2499 2759 2784 2828 Gregorio
2813 2759 3104 2818 Basilius.

2037 2845 2352 2916 Negotium
2377 2847 2626 2920 quidem
2655 2848 2972 2920 suscepisti
3009 2849 3165 2918 lene,
3199 2853 3378 2922 atque
3409 2850 3626 2906 huma-

1967 2949 2136 3002 num,
2171 2950 2306 2991 cum
2334 2936 2762 3010 contemptoris
2795 2936 3169 3009 Glyceriitsic
3192 2938 3352 2994 enim
3385 2939 3624 2998 interim

1970 3024 2311 3085 scribimus)
2324 3025 2722 3098 captivitatem
2737 3025 3044 3097 collegisti,
3061 3042 3506 3100 communeque
3519 3043 3626 3083 no~

1970 3118 2160 3170 strum
2184 3114 2692 3186 dedecus,quoad
2720 3115 2852 3186 ejus
2884 3115 3012 3171 ﬁeri
3043 3115 3259 3188 potuit,
3283 3116 3621 3172 contexisti.

1970 3205 2176 3277 Operae
2206 3209 2408 3262 autem
2434 3205 2711 3276 praetium
2743 3210 2854 3270 est,
2881 3210 2943 3261 ut
2965 3205 3157 3276 pietas
3181 3208 3285 3262 tua
3315 3209 3624 3274 gestarum

1968 3292 2045 3349 ab
2075 3309 2146 3349 eo
2181 3308 2381 3349 rerum
2404 3292 2615 3349 certior
2639 3293 2816 3360 facta,
2849 3293 2933 3349 sic
2962 3293 3363 3364 ignominiam
3412 3293 3621 3351 diluat.

1969 3383 2173 3439 Gravis
2204 3382 2298 3438 ille
2324 3398 2484 3439 nunc
2498 3383 2942 3438 etvenerandus
2965 3383 3130 3456 apud
3161 3398 3269 3438 vos
3317 3383 3622 3454 Glycerius

1968 3487 2004 3528 a
2032 3488 2129 3526 me
2159 3472 2407 3544 quidem
2437 3471 2750 3528 ordinatus
2773 3477 2860 3528 est
2889 3471 3193 3528 Venensiis
3212 3472 3481 3528 Ecclesiae
3499 3471 3625 3529 dia-

1968 3577 2176 3630 conus,
2209 3565 2274 3616 ut
2297 3565 2354 3617 et
2383 3560 2735 3632 presbytero
2765 3561 3220 3629 ministraret,ct
3249 3577 3403 3634 opus
3434 3560 3625 3617 Eccle-

1968 3653 2070 3708 siae
2099 3655 2352 3708 curaret.
2384 3653 2481 3708 Est
2509 3651 2690 3718 enim,
2714 3651 2994 3724 quamvis
3025 3651 3102 3707 ad
3125 3650 3244 3706 alia
3292 3650 3622 3721 absurdus,

1969 3741 2180 3797 saltem
2194 3740 2272 3796 ad
2286 3755 2580 3796 manuum
2595 3739 2790 3796 officia
2807 3740 2966 3796 haud
2983 3739 3136 3795 male
3163 3755 3198 3795 a
3212 3744 3429 3795 natura
3461 3755 3624 3795 com-

1967 3833 2230 3903 paratus.
2261 3832 2664 3900 Posteaquam
2709 3834 2910 3884 autem
2952 3829 3253 3884 diaconus
3310 3828 3620 3884 institutus

1966 3924 2247 3991 est,opus
2275 3917 2520 3991 quidem
2556 3918 2803 3990 perinde
2834 3918 3114 3987 neglexit,
3137 3934 3206 3973 ac
3239 3917 3288 3973 si
3316 3917 3554 3973 nullum
3570 3917 3624 3974 ei

1965 4025 2212 4080 prorsus
2268 4007 2621 4079 impositum
2651 4011 2828 4062 esset.
2883 4006 3113 4062 Coactis
3157 4011 3357 4062 autem
3390 4006 3624 4062 miseris

249 4124 341 4171 καὶ
368 4118 665 4185 «Mariam,
703 4117 794 4174 τὰς
823 4117 913 4187 μὲν
945 4114 1165 4176 ἑκούσας
1212 4109 1667 4187 προσδραμούσας
1715 4111 1852 4182 αὐτῷ

1970 4098 2319 4168 virginibus,
2349 4097 2582 4169 privata
2603 4096 2956 4153 auctoritate
2985 4101 3165 4169 atque
3197 4096 3627 4169 potentia,par-

249 4206 430 4281 (οἶσθα
477 4203 537 4258 δὲ
591 4209 648 4256 τό
698 4212 796 4256 τῶν
844 4207 965 4255 νέων
1018 4208 1134 4276 περὶ
1181 4204 1486 4254 τὰτοιαῦτα
1515 4205 1849 4276 πρόχειρον).

248 4301 342 4359 τὰς
437 4292 499 4347 δὲ
574 4291 806 4354 ἀκούσας
861 4290 1169 4367 ἀγελαρχεῖν
1231 4293 1563 4366 ἐπεχείρησε,
1604 4295 1700 4342 παὶ
1751 4310 1854 4342 πα-

250 4386 542 4462 τρίαρχὶας
599 4386 761 4455 ὄνομα
815 4381 979 4452 ἐαυτῷ
1040 4386 1131 4433 καὶ
1198 4387 1390 4452 σχῆμα
1452 4380 1697 4454 περιθεὶς,
1722 4377 1856 4444 ἐξαί-

251 4497 381 4549 φνης
411 4472 827 4546 ἐσοϐαρεύσατο,
873 4471 967 4523 οὐκ
1017 4473 1073 4524 ἔκ
1103 4488 1244 4530 τινος
1284 4467 1594 4529 ἀκολουθίας
1619 4468 1734 4538 (58)
1763 4474 1854 4520 καὶ

251 4563 520 4624 εὐσεϐείας
548 4560 634 4614 ἇπί
654 4567 810 4612 τοῦτο
841 4559 1020 4626 ἐλθὼν,
1063 4557 1172 4610 ἀλλ’
1202 4559 1442 4632 ἀφορμὴν
1483 4555 1606 4629 βίου
1657 4559 1853 4614 ταύτην

251 4668 419 4745 quod
450 4663 912 4745 desumpsimus
943 4680 1012 4720 ex
1043 4661 1775 4745 Gregorio,_za_zrr7§m39pgs-i
1796 4661 1854 4713 ἂν

251 4735 340 4794 ἰαὶ
371 4745 539 4810 μέχρι
582 4735 956 4808 σοῦήγενόμενοι
1006 4735 1427 4810 περιπτύξασθαί
1477 4753 1570 4784 σου
1602 4741 1693 4810 sfw
1750 4735 1853 4810 05?-

254 4797 493 4880 σέϐειανῖ
565 4797 878 4880 editiones.
958 4797 1155 4862 Basilii
1226 4804 1535 4861 habebant
1591 4804 1856 4877 εᾶχόμεθα

253 4883 384 4938 ἰδεῖν
417 4876 513 4939 τῆν
558 4884 656 4938 σὴν
692 4876 1001 4933 θεοσέϐειαν.

318 4957 435 5026 (54)
467 4958 577 5012 Τῆς
607 4947 889 5012 εὐσεϐειας.
923 4952 1062 5007 Tres
1095 4947 1332 5004 codices
1370 4945 1732 5004 recentiores
1763 4954 1854 5009 τῆς

251 5027 593 5084 Ἐκκλησίας.

324 5105 438 5175 (55)
477 5093 1274 5175 ΓρηγορίῳτδΝγεεθςιμωμυι
1303 5089 1740 5175 Nazianzenum
1768 5087 1854 5143 in—

251 5159 1018 5237 telligitl‘illémontius,sed
1033 5159 1856 5237 Nagianzenoinscribuntveo

249 5231 403 5297 tusti'
419 5237 692 5295 codices.
717 5236 864 5290 Nam
889 5234 946 5287 in
981 5232 1161 5305 Cois].
1185 5233 1379 5305 primo
1409 5231 1755 5305 inscribitur
1784 5239 1856 5301 τῷ

251 5315 407 5376 αὐτῷ.
426 5305 722 5366 Praecedit
741 5309 944 5360 autem
958 5302 1508 5376 epistola7l,rquam
1523 5303 1599 5376 ad
1615 5302 1857 5376 Nazian-

254 5374 462 5440 zenuin
488 5380 783 5450 scriptam
816 5391 944 5429 esse
970 5372 1149 5430 nemo
1175 5372 1430 5450 dubitat.
1449 5377 1510 5428 ln
1536 5372 1852 5450 Harlmano

257 5463 449 5512 autem
479 5444 707 5521 legitur
747 5461 935 5521 manu
968 5447 1294 5521 recentiore
1327 5450 1596 5521 Γρηγορίῳ
1645 5444 1852 5516 ἑταίρῳ,

259 5497 1633 5598 auratis;'j‘e1u3isrqiqagaarcessita,
1666 5497 1854 5598 qua

260 5585 320 5655 ut
338 5585 662 5673 episcopos
686 5585 920 5658 deceat,
935 5585 1041 5644 sed
1068 5593 1270 5646 tamen
1290 5587 1517 5646 indicat
1538 5585 1854 5659 epistolam

1968 4189 2070 4244 tim
2100 4204 2209 4244 sua
2239 4192 2452 4259 sponte
2485 4185 2560 4240 ad
2593 4201 2730 4240 eum
2764 4186 3185 4241 accurentibus
3219 4196 3353 4256 (nec
3381 4185 3541 4241 enim
3569 4189 3624 4242 te

1966 4279 2134 4349 fugit,
2149 4294 2332 4352 quam
2349 4277 2426 4334 ad
2446 4276 2905 4348 hujusmodires
2921 4282 3203 4350 prompta
3216 4277 3290 4331 sit
3295 4277 3621 4347 juventus),

1965 4370 2184 4443 partim
2214 4367 2411 4425 invitis
2442 4373 2498 4425 et
2521 4356 3028 4440 repugnantibus,
3071 4366 3268 4436 gregis
3299 4366 3624 4438 imperium

1967 4459 2079 4516 sibi
2110 4474 2390 4529 arrogare
2403 4472 2726 4527 aggressus
2747 4459 2864 4524 est;
2888 4472 2960 4512 ac
2991 4454 3348 4527 patriarcha:
3375 4453 3624 4511 nomine

1967 4555 2024 4608 et
2060 4549 2273 4606 habitu
2303 4547 2416 4604 sibi
2447 4547 2750 4619 imposito,
2769 4545 2971 4602 statim
2993 4544 3315 4600 insolenter
3339 4544 3623 4600 seeiferre

1964 4659 2041 4718 ad
2061 4652 2852 4723 GregoriumNazianzenum
2867 4650 3152 4722 scriptam
3166 4648 3622 4723 fuisse.Reperi-

1966 4738 2060 4789 tur
2073 4727 2284 4783 eadem
2299 4725 2550 4798 episiola
2562 4740 2699 4798 cum
2713 4722 2952 4798 duabus
2969 4722 3363 4794 sequentibus
3389 4722 3536 4798 inter
3561 4738 3617 4777 e-

1964 4799 2213 4876 pistolas
2235 4794 2496 4876 Gregorii
2520 4794 3171 4876 Naﬂzianzeni-Lsuntque
3201 4798 3325 4876 293$,
3352 4797 3475 4858 206,
3491 4798 3617 4849 207.

2036 4872 2149 4943 (56)
2188 4864 2438 4928 Ἐπιεικὲς
2467 4870 2556 4943 πεᾳὶ
2587 4875 2815 4943 ἥμερον..
2857 4864 3013 4943 Harl.
3061 4865 3390 4943 recentipre
3430 4879 3617 4943 manu

1966 4934 2194 5000 ἐπίεικῶς
2221 4943 2428 5012 ἥμερον.
2473 4936 2565 4992 Sie
2592 4934 2772 4991 etiam
2801 4934 3017 5004 legitur
3056 4935 3223 5008 apud
3270 4935 3620 5004 Gregorium

1966 5016 2427 5072 Nazianzenum.

2038 5087 2152 5154 (37)
2201 5081 2492 5154 ,OJévswv.
2565 5076 2720 5133 Harl.
2776 5079 3056 5136 Σύννασαν,
3113 5075 3291 5134 Coisl,
3351 5076 3614 5134 ossam.

1967 5153 2103 5214 Nai.
2141 5153 2404 5210 Οὒὴνατα.

2183 5223 2541 5300 ’Λκολουθίας.
2568 5219 2717 5300 Εςᾘῐὶ
2751 5219 2982 5300 addunt
3009 5217 3243 5300 δικαίας,
3284 5215 3448 5299 quod
3491 5230 3618 5300 mc-

1965 5285 2078 5355 ritb
2122 5285 2475 5368 expuugunt
2517 5291 2756 5368 codices
2788 5290 2933 5368 Med.
2969 5296 3044 5368 ct_
3071 5285 3522 5368 Coisl._p'riiuus.
3555 5285 3618 5340 ln

1966 5361 2279 5426 Ilarlreano
2311 5361 2434 5421 tota
2463 5378 2615 5436 pene
2641 5361 2911 5435 -cpistola
2934 5361 3154 5432 scripta
3184 5366 3272 5414 est
3317 5373 3499 5413 manu
3529 5373 3619 5412 rc-

1967 5447 2241 5567 ce{Itilius
2269 5509 2556 5566 CCCCXH.
2584 5505 2812 5576 Scripta
2843 5503 3002 5558 circa
3032 5515 3263 5556 annum
3285 5502 3411 5555 374.
