4062 6214
447 242 548 299 643
1812 232 1870 292 S.
1911 228 2167 287 BASILII

444 365 644 439 coepit,
659 377 784 418 non
811 375 998 416 causa
1025 356 1230 431 aliqua
1257 355 1558 431 probabili
1586 371 1656 413 ac
1669 356 1898 429 pietate
1924 371 1996 411 eo
2009 354 2098 411 de-

2221 356 2259 404 ὦ
2267 374 2394 429 σπερ
2475 355 2626 419 ἄλλος

444 455 715 522 veniens,
741 465 953 506 verum
983 448 1143 504 hanc
1174 445 1647 519 parandivictus
1703 445 2019 513 rationem,
2048 458 2112 510 ut

447 545 600 603 alius
631 538 964 615 quamlibet
984 536 1166 593 aliam
1198 534 1310 591 sibi
1339 550 1686 607 proponens
1719 553 1731 590 :
1779 551 1851 590 ac
1888 550 2107 607 parum

448 633 640 692 abfuit
669 629 816 704 quin
851 632 1040 684 totam
1072 626 1252 681 etiam
1294 624 1617 680 Ecclesiam
1678 624 1926 681 sedibus
1985 623 2108 679 suis

448 721 1269 785 commoveret;contemnens
1284 714 1701 786 presbyterum
1717 713 2107 782 suum,virum

448 819 505 870 et
534 814 667 868 vitae
690 807 956 865 instituto
981 809 1035 860 et
1067 807 1237 859 aetate
1265 803 2105 872 venerandum,contemnens

446 898 1049 972 chorepiscopum,ac
1071 908 1181 949 nos
1195 891 1376 949 etiam
1389 897 1679 965 tanquam
1697 892 1919 948 nullius
1937 890 2105 963 pretii

444 990 741 1055 homines;
776 998 1131 1057 semperque
1163 982 1517 1039 tumultibus
1548 998 1617 1038 ac
1648 982 2109 1055 perturbationi-

445 1080 563 1138 bus
602 1076 816 1132 urbem
848 1079 1028 1145 atque
1055 1072 1405 1128 universum
1432 1072 1659 1128 clerum
1710 1071 1989 1144 implens.
2023 1076 2103 1127 Ac

446 1166 714 1235 tandem,
738 1164 841 1220 ubi
866 1180 901 1220 a
930 1177 1025 1218 me
1054 1165 1109 1216 et
1140 1160 1622 1234 achorepiscopo
1647 1160 1880 1216 levibus
1901 1159 2100 1216 verbis

447 1256 801 1328 objurgatus
815 1255 1008 1322 est,ne
1039 1253 1417 1322 contemptor
1446 1250 1729 1305 evaderet
1760 1250 2103 1320 {namjuve-

444 1361 552 1401 nes
582 1344 764 1400 etiam
780 1341 855 1397 ad
869 1340 1147 1396 eamdem
1179 1338 1624 1395 contumaciam
1648 1337 2099 1407 exercebat),fa-

448 1434 635 1491 cinus
662 1429 998 1487 admodum
1029 1428 1230 1484 audax
1262 1432 1319 1483 et
1342 1427 1745 1483 inhumanum
1778 1426 2097 1495 excogitat.

445 1522 731 1593 Virgines,
765 1521 1062 1591 quotquot
1092 1516 1414 1588 potuit,per
1445 1516 1823 1585 sacrilegium
1854 1515 2101 1588 ,przeda-

448 1617 561 1683 tus,
594 1612 769 1666 nocte
796 1608 1139 1674 observata,
1172 1605 1377 1676 fugam
1405 1606 1683 1677 capessit.
1717 1606 1976 1662 Omnino
1999 1605 2102 1661 tibi

2204 229 2426 287 MAGNI
3693 241 3789 297 644

2717 358 2834 409 τινὰ
2909 359 3362 432 προστησάμενος,
3446 365 3536 413 καὶ
3627 371 3810 438 μικροῦ

2218 447 2310 502 τήν
2344 444 2653 503 Ἐκκλησίαν
2684 452 2858 499 πᾶσαν
2911 446 3195 501 ἀνάστατον
3250 454 3520 518 πεποίηκε,
3573 471 3810 528 περιφρο-

2216 541 2312 584 νῶν
2342 537 2431 606 μεν
2462 538 2549 587 τὸν
2581 535 2765 588 ἑαυτοῦ
2819 537 3186 612 πρεσϐύτερνν,
3227 535 3400 613 ἄνδρα
3447 546 3537 593 καὶ
3583 542 3809 616 πολιτείᾳ

2216 636 2302 682 καὶ
2355 630 2536 706 ἡλικίᾳ
2587 630 2888 707 αἰδέσιμον,
2938 644 3257 710 περιφροοῶν
3314 633 3373 689 δὲ
3429 640 3515 689 τὸν
3576 645 3806 713 χωρέπί-

2219 740 2412 774 σκοπον
2466 726 2602 793 (59),
2663 729 2753 777 καὶ
2804 726 2944 798 ἡμᾶς
2986 728 3050 786 ὡς
3099 722 3307 786 οὐδενὸς
3352 725 3549 789 ἀξίους·
3582 730 3807 803 θορύϐων

2217 807 2276 864 δὲ
2316 810 2390 863 ἀεὶ
2419 818 2509 865 καὶ
2544 822 2802 886 ταπαχῶν
2868 814 3076 888 πληρῶν
3134 819 3227 874 τήν
3257 815 3427 884 πόλιν,
3467 822 3558 870 καὶ
3602 822 3807 892 σύμπαν

2214 904 2271 954 τὸ
2332 904 2593 975 ὶερατεῖον’
2648 910 2748 957 Καὶ
2809 904 2970 973 τέλος,
3001 907 3083 957 ἱνα
3113 926 3163 957 τι
3218 906 3332 973 (60)
3361 906 3497 979 λόγῳ
3528 907 3804 983 ἐπιτιμηθῇ

2212 995 2398 1069 μικρὸν
2428 1010 2555 1069 παρ’
2591 996 2738 1067 ἡμῶν
2770 1000 2860 1047 καὶ
2888 1002 2980 1048 τοῦ
3010 1000 3447 1069 χωρεπισκόμου,
3477 1002 3608 1070 πρὸς
3647 1004 3703 1051 τὸ
3736 1006 3806 1073 μὴ

2212 1088 2547 1158 καταφρονεῖν
2578 1082 2734 1136 αὐτὸν
2761 1085 2874 1155 (καὶ
2911 1088 3013 1160 γὰρ
3044 1090 3134 1137 καὶ
3186 1088 3308 1146 τοὺς
3345 1089 3485 1147 νέους
3524 1085 3804 1161 ἐγύμναζεν

2212 1173 2279 1234 εἰς
2315 1177 2410 1231 τήν
2462 1173 2623 1233 αύτήν
2682 1174 2971 1246 ἀπόνοιαν),
3038 1182 3260 1250 πρᾶγμα
3325 1173 3610 1231 διανοεῖται
3698 1180 3811 1232 λίαν

2212 1262 2466 1336 τολμηρὸν
2503 1268 2592 1316 καὶ
2615 1262 2977 1337 ἀπάνθρωπον.
3007 1264 3142 1323 Ευλή
3154 1285 3246 1325 σας
3274 1268 3369 1328 νῷν
3398 1269 3659 1340 παρθένων
3685 1269 3811 1334 ὁσας

2211 1348 2464 1422 ἠδύνατο,
2519 1358 2607 1405 καὶ
2667 1356 2831 1406 νύκτα
2920 1360 3177 1428 τηρήσας,
3246 1351 3511 1427 δραπέτης
3583 1362 3804 1428 γίνεται.

2214 1443 2354 1493 Ηοίνυ
2388 1462 2473 1494 σοι
2499 1439 2643 1495 δεινά
2683 1451 2849 1495 ταῦτα
2904 1449 3133 1515 φανεῖταί
3164 1447 3301 1511 (61).
3344 1448 3528 1497 Σκόπει
3583 1451 3672 1499 καὶ
3721 1453 3807 1500 τὸν

2212 1534 2410 1603 καιρόν.
2474 1531 2664 1604 Ἧγετο
2734 1536 2822 1604 μὲν
2888 1535 2917 1590 ἡ
2983 1532 3151 1585 ἐκεῖσε
3215 1529 3451 1603 σύνοδος,
3525 1541 3615 1587 καὶ
3676 1537 3806 1589 πολύ

2211 1622 2560 1692 πανταχόθεν,
2624 1624 2692 1682 ὡς
2750 1622 2904 1689 εἰκὸς,
2983 1620 3184 1696 ἐπέρρει
3248 1626 3306 1673 τὸ
3369 1623 3586 1685 πλῆθος.
3646 1624 3703 1677 Ὀ
3747 1622 3805 1679 δὲ

446 1700 654 1772 gravia
673 1700 802 1755 haec
832 1696 1212 1751 videbuntur.
1246 1695 1695 1767 Tempu3259
1710 1711 1951 1768 quoque
1966 1710 2098 1750 con-

2217 1707 2457 1782 ἀντεξῆγε
2495 1713 2581 1763 τόν
2642 1709 2826 1763 ἑαυτοῦ
2880 1714 3045 1787 χορὸν
3100 1715 3226 1771 νέοις
3266 1712 3376 1783 (6‘2)
3416 1711 3695 1786 .éiroysvav,
3719 1720 3807 1767 καὶ

445 1790 662 1847 sidera.
694 1786 1040 1842 [labebatur
1062 1785 1145 1839 ibi
1174 1790 1525 1846 conventus,
1552 1790 1731 1857 atque
1761 1784 1973 1853 ingens
1994 1799 2101 1838 un-

445 1879 784 1950 decunque,
829 1879 895 1929 ut
938 1889 1048 1945 par
1087 1878 1194 1941 est,
1237 1872 1579 1928 conﬂuebat
1628 1873 1966 1928 multitudo.
2002 1872 2099 1928 llle

447 1972 650 2026 autem
679 1964 948 2021 vicissim
979 1963 1232 2018 chorum
1260 1979 1440 2017 suum
1472 1962 1817 2033 introduxit,
1840 1962 2098 2033 juvenes

445 2059 794 2129 sequentem
823 2068 894 2109 ac
924 2051 1372 2123 tripudiantem,
1396 2066 1465 2107 ac
1495 2050 1823 2123 plurimum
1853 2050 2100 2123 quidem

443 2145 692 2204 tristitiee
718 2143 834 2215 piis
868 2142 1240 2201 atterentem,
1269 2139 1597 2212 plurimum
1620 2144 1821 2196 autem
1836 2140 1993 2195 risus
2019 2139 2100 2197 la-

445 2234 622 2291 scivis
644 2237 698 2287 et
717 2230 1323 2302 linguaprocacibus.
1371 2233 1572 2301 Neque
1619 2229 1712 2285 his
1761 2233 2097 2297 contentus,

446 2329 503 2381 et
531 2323 581 2378 si
598 2327 717 2378 tam
734 2319 1035 2377 atrocibus
1060 2322 1117 2373 et
1144 2318 1483 2385 horrendis;
1500 2319 1601 2374 sed
1616 2317 1794 2374 etiam
1820 2323 2099 2391 parentes

446 2417 512 2470 ut
540 2412 739 2482 audio,
769 2409 1071 2480 virginum
1093 2407 1409 2463 orbitatem
1441 2424 1563 2463 non
1612 2408 1887 2476 ferentes,
1920 2412 2099 2479 atque

448 2502 788 2575 dispersam
815 2498 1056 2554 turbam
1088 2496 1371 2552 reducere
1393 2498 1722 2569 cupientes,
1751 2502 1807 2552 et
1837 2497 1915 2553 ad
1946 2496 2097 2552 filia-

447 2608 583 2649 rum
606 2604 854 2645 suarum
889 2586 1075 2660 pedes
1108 2602 1247 2641 cum
1293 2586 1636 2656 gemitibus,
1681 2592 1744 2642 ut
1787 2591 2097 2642 consenta-

440 2696 627 2737 neum
677 2682 784 2746 est,
837 2676 1194 2744 accidentes,
1246 2674 1641 2731 admirandus
1679 2674 1917 2747 juvenis
1958 2692 2097 2731 cum

441 2767 812 2842 praedatoria
843 2781 953 2820 sua
971 2780 1156 2820 manu
1177 2764 1553 2820 contumeliis
1566 2769 1744 2837 atque
1765 2764 2099 2835 ignominia

439 2856 642 2913 afticit.
678 2859 810 2912 Haec
840 2854 1014 2909 velim
1048 2870 1122 2908 ne
1152 2852 1401 2909 ferenda
1422 2854 1716 2909 existimet
1748 2854 1939 2925 pietas
1971 2857 2093 2909 tua:

439 2945 658 3003 etenim
683 2945 798 3000 hoc
819 2942 1146 2998 ludibrium
1179 2958 1500 2997 commune
1522 2943 1794 3020 omnium
1822 2946 2096 2998 nostrum

438 3040 527 3091 est
554 3053 567 3103 ;
603 3033 713 3089 sed
738 3033 798 3088 in
824 3032 1029 3104 primis
1055 3030 1202 3101 jube
1233 3048 1371 3086 eum
1394 3048 1532 3087 cum
1546 3032 1881 3101 virginibus
1902 3032 2095 3088 redire

437 3121 898 3180 Misericordiam
955 3121 1115 3175 enim
1170 3120 1461 3193 aliquam,
1491 3121 1541 3175 si
1590 3121 1773 3176 modo
1813 3137 1949 3176 cum
1980 3121 2096 3176 tuis

434 3214 643 3269 litteris
671 3215 1021 3281 revertatur,
1063 3211 1282 3282 poterit
1336 3210 1664 3282 consequi;
1722 3210 1813 3265 sin
1871 3211 2093 3277 minus,

437 3302 701 3372 virgines
713 3301 923 3357 saltem
938 3302 1014 3357 ad
1030 3299 1251 3355 Ecclesi
1260 3316 1357 3355 am
1381 3315 1581 3355 earum
1598 3304 1830 3355 matrem
1850 3300 2091 3356 remitte.

438 3391 609 3454 Quod
641 3391 689 3446 si
714 3392 828 3447 hoc
849 3391 977 3446 ﬁeri
1004 3390 1231 3463 nequit,
1256 3394 1317 3445 at
1335 3393 1489 3445 certe
1516 3389 1576 3444 in
1603 3406 1704 3445 eas
1730 3406 1866 3461 quas
1899 3390 2094 3446 redire

438 3480 667 3546 volunt,
693 3479 1072 3552 tyrannidem
1113 3478 1371 3533 exerceri
1412 3493 1486 3532 ne
1516 3478 1761 3549 patiaris
1792 3498 1804 3546 ;
1833 3479 1938 3534 sed
1969 3496 2099 3551 per-

440 3571 628 3627 suade
660 3574 722 3625 ut
743 3569 820 3625 ad
843 3585 956 3624 nos
982 3573 1358 3624 revertantur
1392 3586 1404 3634 ;
1430 3566 1654 3639 alioqui
1688 3570 1874 3624 Deum
1902 3574 1957 3625 et
1990 3570 2096 3625 ho-

443 3659 634 3715 mines
665 3662 957 3714 testamur
980 3657 1109 3712 ilth
1137 3656 1383 3711 minime
1416 3660 1568 3711 recte
1586 3655 1732 3723 ﬁeri,
1765 3672 1876 3711 nec
1907 3673 1979 3712 ex
2000 3660 2101 3713 Ec-

440 3747 636 3805 clesiae
664 3747 917 3819 legibus.
948 3744 1252 3818 Glycerius
1270 3749 1469 3799 autem
1504 3744 1551 3799 si
1596 3761 1734 3800 cum
1783 3745 2099 3817 disciplina

440 3843 496 3892 et
535 3835 908 3908 congruendi
958 3834 1256 3891 modestia
1283 3835 1509 3901 redeat,
1541 3834 1603 3889 id
1634 3835 1932 3907 optimum
1970 3851 2097 3897 :se-

440 3944 548 3982 cus
575 3942 732 3998 vero,
768 3926 841 3981 sit
871 3941 906 3981 a
927 3925 1257 3980 ministerio
1283 3928 1575 3979 remotus.

2136 3076 2175 3130 C

448 4174 460 4187 ἢ
514 4103 623 4187 (59)
661 4104 759 4154 Τὸν
798 4106 1223 4174 χωρεπίσκοπον.
1276 4100 1421 4156 Med.
1446 4104 1503 4156 et
1542 4101 1715 4157 Coisl.
1747 4101 1978 4171 primus
2003 4107 2090 4155 τὸν

441 4192 725 4227 επισκοπον
735 4216 747 4228 .

515 4247 628 4318 (60)
665 4250 774 4318 five:
802 4263 872 4318 τι.
909 4241 1663 4318 C_ombe_f_isius_legendum
1696 4247 1868 4314 putat
1896 4248 1978 4295 ῖνα
1994 4251 2090 4317 μή,

441 4313 621 4382 Quasi
648 4316 807 4371 dicat
830 4314 1077 4370 Basilius
1110 4313 1446 4385 Glycerium
1468 4329 1541 4368 nc
1557 4313 1965 4386 increparetur
1985 4313 2092 4370 au-

438 4388 683 4457 fugisse.
723 4386 837 4443 Sed
864 4386 1011 4441 nihil
1039 4384 1290 4457 prorsus
1326 4384 1883 4457 mutandumfcum
1943 4386 2094 4441 illud

441 4455 532 4511 ἰνοῐ
551 4458 714 4514 idem
738 4462 912 4513 sonet
938 4455 1055 4512 hoc
1085 4456 1217 4510 loco
1242 4473 1310 4510 ac
1342 4455 1446 4527 ubi
1471 4457 1596 4510 sive
1622 4457 2091 4527 postquamﬂoc

443 4531 602 4585 enim
638 4545 819 4585 sensu
858 4526 1468 4599 usurpaturiniepist.
1506 4532 1625 4583 199.
1680 4526 1773 4583 Sic
1804 4529 1983 4583 etiam
2034 4531 2094 4599 inn

442 4602 717 4656 oratione
752 4602 807 4655 S.
841 4596 1119 4669 Ephrem.
1157 4600 1219 4653 in
1252 4598 1311 4670 S.
1332 4596 1631 4670 Basiliam
1674 4615 1735 4670 p.
1759 4603 1844 4653 58.
1867 4599 1976 4653 Ἵνα
2008 4596 2094 4651 οὖν

440 4672 586 4723 καὶό
629 4673 812 4744 Κύριος
846 4666 1224 4744 σπλαγχνισθῇ
1265 4667 1340 4720 ἐπ’
1375 4666 1461 4739 ἐμέ
1502 4685 1514 4735 ;
1552 4666 1848 4744 Πὺίξϐνρο
1896 4673 2095 4727 Domi-

439 4758 551 4798 nus
570 4741 714 4812 ergd
742 4741 1261 4812 memisericordia
1286 4746 1616 4795 commotus
1644 4742 1788 4811 fuit.

512 4812 623 4881 (61)
642 4811 916 4883 νΦανΑεῐται.
948 4811 1102 4867 Harl.
1136 4815 1390 4883 φαίνεται.

514 4877 628 4954 (62)
655 4884 715 4935 Ὀ
739 4879 865 4937 δὲ...
894 4887 1040 4943 νέοις.
1077 4877 1310 4952 Legitur
1339 4882 1398 4932 Ὀ
1433 4877 1514 4936 δὲ.
1534 4923 1569 4939 ..
1603 4887 1707 4944 νέος
1760 4883 1927 4956 apud
1959 4886 2095 4940 Grc-

446 4956 703 5025 gorium.

512 5029 623 5096 (63)
657 5026 897 5096 ’Λτιμοῐη
921 5023 1072 5079 Harl.
1109 5021 1521 5096 ἀτιμάζειηδθά
1546 5025 1741 5096 prima
1771 5042 1957 5081 manu
1989 5026 2095 5082 ha-

447 5092 578 5153 bliit
624 5092 819 5169 ἀτιμοῖ.
879 5095 1116 5165 Legitur
1145 5092 1325 5150 etiam
1381 5092 1625 5167 ἀτιμάζει
1664 5097 1829 5168 apud
1876 5100 2098 5167 Grego-

438 5183 617 5224 l‘lllm.

510 5244 617 5313 ((3,4)
648 5244 747 5292 Kui
796 5242 899 5313 γὰρ
933 5241 1120 5313 κοινός.
1177 5240 1417 5313 l_ta_tres
1470 5236 1681 5313 nostri
1712 5239 2095 5313 vetustissimi

437 5307 678 5367 codices
713 5307 953 5383 :plures
997 5310 1154 5364 enim
1182 5309 1243 5363 in
1280 5308 1439 5363 hanc
1472 5307 1788 5379 epistolam
1839 5311 2098 5382 reperire

2212 1803 2639 1873 περιχορεύοντα,
2678 1804 2768 1852 καὶ
2828 1799 3019 1857 πολλὴν
3066 1802 3156 1872 μὲν
3208 1805 3489 1872 κατήφειαν
3568 1811 3810 1856 κινοῦντα

2214 1896 2322 1949 τοῖς
2349 1888 2605 1956 εύλαϐέσι,
2637 1889 2796 1941 πολύν
2828 1885 2887 1940 δὲ
2915 1888 3115 1960 γέλωτα
3145 1891 3251 1949 τοῖς
3301 1888 3553 1964 ἀκρατέσι
3587 1897 3677 1943 καὶ
3717 1898 3807 1951 τήν

2213 1976 2452 2049 γλῶσσαν
2505 1977 2868 2052 ἐτοιμοτέροις.
2928 1979 3028 2030 Κεὶὶ
3057 1976 3151 2029 οὐκ
3194 1976 3341 2050 ἀρκεῖ
3380 1986 3565 2044 ταῦτα,
3622 1985 3807 2055 καίπερ

2214 2066 2502 2124 τηλικαῦτα
2529 2068 2650 2119 ὄντα
2700 2070 2759 2119 τὸ
2798 2068 3030 2139 μέγεθος
3079 2065 3185 2118 ἀλλ’
3237 2069 3313 2119 ἔτι
3340 2071 3569 2129 καὶτοὺς
3619 2078 3808 2141 γονεῖς,

2213 2158 2284 2217 ὡς
2336 2158 2682 2229 πυνθάνομαι,
2744 2165 2843 2208 τῶν
2913 2158 3176 2231 παρθένων
3260 2162 3356 2215 τήν
3451 2156 3686 2211 ἀτεκνίαν
3750 2161 3809 2212 ού

2214 2251 2476 2321 φέροντας,
2532 2253 2620 2299 καὶ
2672 2252 2765 2305 τήν
2825 2244 3120 2321 διασπορὰν
3172 2246 3515 2321 ἐπαναγαγεῖν
3556 2248 3813 2323 βουλομέ-

2211 2356 2352 2405 νους,
2412 2341 2501 2388 καὶ
2548 2336 2657 2409 μετ’
2712 2334 2953 2411 ὀδυρμῶν
3011 2340 3461 2408 προσπίπτοντας,
3517 2342 3585 2400 ὡς
3652 2340 3812 2405 εἰκὸς,

2212 2433 2321 2486 ταῖς
2360 2425 2551 2478 ἑαυτῶν
2594 2428 2909 2500 θυγατράσι,
2949 2425 3272 2501 περιυϐρίζει
3304 2433 3394 2479 καὶ
3426 2426 3603 2500 ἀτιμοῖ
3640 2430 3757 2497 (63)
3784 2432 3813 2481 ὁ

2215 2517 2513 2587 θαῦμαστὸς
2533 2520 2789 2575 νεονίσκος
2831 2517 2962 2587 μετὰ
3012 2522 3104 2566 τοῦ
3157 2514 3442 2591 λῃστρικοῦ
3510 2521 3813 2590 συντάγμα-

2209 2624 2294 2666 τος
2382 2611 2559 2657 Ταύτα
2597 2610 2668 2677 μὴ
2721 2603 2909 2656 ἀνεκτὰ
2966 2609 3175 2677 φανήτω
3209 2613 3268 2677 τῇ
3316 2613 3381 2677 σῇ
3418 2605 3672 2678 εὐλαϐείᾳ·
3718 2615 3815 2660 καὶ

2208 2695 2309 2768 γὰρ
2359 2697 2525 2755 κοινὸς
2566 2694 2676 2764 (64)
2726 2695 2928 2745 πάντων
2960 2695 3105 2765 ἡμῶν
3157 2693 3379 2765 ὀγέλως·
3423 2693 3549 2746 ἀλλὰ
3572 2696 3817 2767 μάλιστα

2209 2785 2298 2854 μὲν
2340 2783 2492 2835 αὐτὸν
2550 2783 2790 2835 κέλευσον
2839 2786 2969 2855 μετά
3025 2791 3125 2834 τῶν
3173 2785 3438 2856 παρθένων
3491 2783 3812 2842 ἐπανελθεῖν.

2207 2874 2378 2943 Τύχοι
2437 2875 2534 2947 γὰρ
2602 2874 2663 2923 ἄν
2702 2892 2835 2932 τινος
2901 2870 3306 2944 φιλανθρωπίας,
3370 2873 3438 2933 εἰς
3502 2878 3632 2946 μετὰ
3702 2885 3814 2927 σῶν

2208 2958 2457 3018 ἐπανήκοῖ
2514 2964 2855 3035 γραμμάτων·
2924 2961 2967 3012 εἰ
3024 2956 3083 3012 δὲ
3134 2965 3230 3032 μή,
3299 2962 3389 3021 τοίς
3412 2981 3471 3033 γε
3519 2965 3816 3038 παρθένους

2208 3049 2513 3122 ἀπόπεμιῐδον
2580 3058 2641 3108 τῆ
2711 3054 2875 3124 μητρί
2942 3049 3108 3101 αὐτῶν
3173 3056 3235 3107 τῆ
3306 3050 3610 3124 Ἐκκλησία.
3655 3053 3721 3104 Εἰ
3747 3050 3816 3106 δὲ

2207 3144 2277 3212 μὴ
2330 3139 2460 3208 (65),
2493 3141 2583 3199 τὰς
2624 3158 2684 3210 γε
2716 3136 3033 3211 βουλομένας
3061 3141 3427 3209 τυραννεῖσθαι
3473 3145 3543 3212 μή
3589 3160 3817 3212 συγχω-

2206 3232 2399 3301 ρήσης,
2459 3225 2564 3278 ἀλλ’
2631 3226 2921 3278 ἐπανελθεῖν
2988 3229 3229 3279 τύπωσον
3297 3227 3406 3298 (66)
3464 3232 3593 3303 πρὸς
3662 3231 3822 3301 ἡμᾶς

2208 3319 2238 3375 ἧ
2298 3317 2663 3389 μαρτυρόμεθα
2715 3336 2799 3367 σοι
2844 3316 2954 3386 (67)
2988 3315 3013 3367 ὃ
3057 3319 3146 3367 καὶ
3193 3323 3306 3387 Θεῷ
3359 3322 3449 3369 καὶ
3491 3316 3816 3392 ἀνθρώποις,

2210 3408 2290 3458 δτι
2338 3411 2408 3479 μὴ
2462 3405 2629 3467 καλῶς
2682 3413 2850 3456 ταῦτα
2898 3409 3118 3476 γίνεται,
3193 3402 3332 3478 μηδὲ
3426 3408 3632 3479 θεσμοῖς
3690 3409 3822 3459 Ἐκ-

2209 3495 2451 3557 κλησίας.
2486 3494 2757 3568 Γλυκέριος
2789 3491 2847 3547 δὲ
2878 3494 3028 3567 εἰμεν
3060 3495 3326 3547 ἐπανελθοι
3355 3496 3466 3567 μετ’
3510 3495 3825 3569 ἐπιστήμης

2212 3587 2319 3655 (68)
2352 3590 2440 3636 καὶ
2470 3592 2564 3645 τῆς
2595 3587 2897 3655 πρεπούσης
2928 3586 3040 3656 (69)
3064 3582 3391 3652 εὐσταθείας,
3442 3592 3592 3637 τοῦτο
3649 3587 3821 3659 οἶρισ-

2210 3690 2316 3727 τον⁶
2352 3674 2394 3727 εἰ
2426 3670 2485 3726 δὲ
2513 3678 2609 3745 μή,
2644 3676 2775 3725 ἔστω
2804 3678 3126 3746 πεπαυμένος
3156 3684 3247 3736 τῆς
3268 3675 3572 3749 ὑπηρεσίας.

2199 4119 2321 4176 non
2348 4103 2533 4159 licuit.
2571 4103 2663 4160 Sic
2691 4103 2872 4159 etiam
2904 4102 3071 4176 apud
3102 4106 3272 4172 Greg.
3314 4102 3616 4158 Editiones
3646 4104 3831 4159 Basi-

2199 4175 2261 4231 lii
2290 4182 2389 4228 Kui.
2427 4178 2553 4248 γιὶιρ⁸
2568 4180 2758 4230 κοινόν.

2275 4250 2388 4318 (65)
2421 4243 2584 4299 Εϊὸὲ
2634 4248 2727 4318 μὴ.
2774 4244 2926 4300 Editi
2953 4244 3189 4302 addunt
3226 4253 3397 4313 τοῦτο,
3430 4245 3596 4317 quod
3636 4244 3827 4302 deest

2202 4317 2262 4372 in
2296 4317 2486 4373 tribus
2518 4317 2732 4373 nostris
2761 4333 2905 4371 mss.

2274 4389 2386 4458 (66)
2425 4391 2696 4440 Τύπωσον.
2725 4390 2849 4443 Vox
2881 4387 3097 4444 Basilio
3129 4387 3461 4444 familiaris.
3494 4386 3585 4441 Sic
3638 4387 3817 4444 enim

2204 4459 2478 4531 pluribus
2510 4459 2569 4513 in
2603 4459 2751 4514 locis
2776 4464 3121 4531 usurpatur.

2275 4530 2388 4603 (67)
2446 4528 2829 4602 Μαρτυρὸμεθά
2892 4528 2995 4585 σοι.
3046 4531 3217 4603 Cois].
3274 4531 3639 4603 μαρτυρόμεθα
3726 4550 3813 4582 σε.

2204 4600 2769 4675 ΗᾶΓ1.νμαρτ⁷υρό“με“θα
3005 4600 3451 4675 καὶάνθρῶπουςξ
3510 4600 3824 4675 testamur

2203 4672 2811 4745 Deum’eiﬁomines.
2850 4672 2942 4728 Sic
2990 4673 3169 4727 etiam
3216 4672 3387 4745 apud
3427 4672 3818 4742 Gregorium,

2202 4744 2317 4800 nisi
2348 4743 2513 4817 quod
2538 4743 2753 4813 legitur
2782 4746 3183 4817 μαρτυρωριεθα.

2274 4798 2399 4887 (68),
2425 4798 3154 4887 Ἐπισξὲρηςξιὲςθήάιιω
3186 4818 3360 4887 putat
3405 4812 3822 4887 Combeﬁsius

2204 4885 2509 4945 ἐπιστολῆς.
2546 4884 2879 4957 810⁷1θεηιιιε
2904 4885 3070 4957 apud
3098 4884 3269 4956 Greg.
3304 4884 3603 4951 Nazianz.,
3635 4889 3697 4939 et
3725 4885 3822 4957 ad

2205 4957 2544 5026 marginem
2572 4955 2891 5028 ἐπιστήμης.
2920 4955 3059 5021 Quae
3099 4955 3506 5028 quidem‘vox
3556 4971 3697 5028 cum
3730 4955 3826 5011 1e-

2205 5029 2460 5097 gaturin
2488 5029 2678 5083 tribus
2705 5026 2928 5083 uestris
2986 5026 3411 5084 vetustissimis
3461 5026 3828 5096 codicibus,

2203 5115 2326 5171 non
2365 5100 2536 5171 video
2566 5115 2694 5171 cur,
2726 5098 3023 5171 mutanda
3065 5099 3157 5154 sit.
3224 5101 3389 5171 Saepe
3436 5098 3596 5153 enim
3643 5097 3826 5155 idem

2205 5170 2359 5225 valet
2390 5186 2458 5225 ac
2488 5169 2806 5242 disciplina
2836 5176 2892 5225 et
2922 5170 3094 5227 ordo.

2280 5242 2391 5308 (69)
2418 5239 2748 5314 Πρεπούοῖης.
2782 5242 2867 5295 [ta
2914 5258 3063 5297 mss.
3108 5246 3163 5298 et
3202 5243 3377 5314 Greg.
3416 5244 3548 5298 Naz.
3583 5239 3830 5297 Editio-

2206 5328 2313 5367 ncs
2341 5313 2532 5369 Basilii
2562 5317 2852 5387 παρούσης.
