4092 6210
234 264 345 319 645

753 440 1092 490 ΕΠΙΣΤΟΛΗ
1132 434 1247 489 ΡΟ’.

1189 258 1683 319 EPISTOLARUM
1722 258 2006 318 CLASSIS
2047 260 2093 317 Ι.
2133 261 2346 319 EPIST.
2386 263 2636 322 CLXXII.

3479 274 3582 330 646

2451 440 2691 497 EPISTO
2701 443 2788 498 LA
2828 446 3047 501 CLXX“.

460 562 741 634 Glycerio
772 562 1006 619 veniam
1027 560 1361 632 pollicetur
1388 561 1677 630 Basilius,
1706 560 1761 617 si
1787 561 1902 617 cito
1934 561 2161 632 redeat,
2194 578 2356 619 secus
2399 580 2558 633 vero,
2591 566 3014 637 depositionem
3044 574 3334 630 minatur.

899 674 937 721 Γ
938 667 1176 743 λυκερίῳ.

282 765 465 834 Μέχρι
516 761 656 820 τίνος
704 757 920 830 ἁπονοῇ,
974 761 1065 810 καὶ
1093 764 1267 819 κακῶς
1310 759 1399 830 μὶν
1431 755 1653 831 βουλεύῃ
1705 761 1823 831 περὶ

210 858 461 921 σεαυτοῦ,
513 856 670 910 κινεῖς
713 844 774 901 δε
817 848 933 919 (70)
961 848 1117 919 ἡμᾶς,
1152 846 1427 918 αἰσχύνας
1474 842 1535 900 δὲ
1562 849 1621 899 τὸ
1651 850 1821 899 κοινὸν

204 944 400 1013 τάγμα
446 948 544 992 τῶν
574 946 846 1010 μοναστῶν
874 953 888 1003 ;
923 935 1193 989 Ἐπάνελθε
1234 932 1321 989 οὖν
1372 944 1445 1007 τῷ
1472 944 1587 1007 Θεῷ
1621 936 1821 1011 θαρρῶν

204 1036 302 1083 καὶ
355 1032 503 1101 ἡμῖν,
556 1027 618 1079 οὗ
674 1031 769 1085 τήν
818 1025 1203 1100 φιλανθρωπίαν
1254 1028 1578 1099 μιμούμεθα.
1629 1026 1817 1101 Εὶγὰρ

202 1124 297 1172 καὶ
365 1124 635 1193 πατρικῶς
695 1114 1105 1188 ἐπιτιμήσαμεν,
1173 1113 1301 1167 ἀλλὰ
1359 1120 1449 1168 καὶ
1509 1120 1818 1187 συγγνωσό-

201 1210 340 1283 μεθα
393 1214 667 1281 πατρικῶς
698 1205 832 1275 (71).
876 1206 1055 1257 Ταῦτά
1106 1223 1191 1257 σοι
1228 1205 1351 1280 παρ’
1400 1206 1577 1278 ἡμῶνο
1635 1201 1815 1263 ἐπειδὴ

200 1299 389 1352 πολλοί
440 1317 498 1350 τε
553 1296 871 1348 ἱκετεύουσιν
924 1295 1093 1362 ἄλλοι,
1149 1300 1241 1347 καὶ
1294 1298 1396 1370 πρὸ
1452 1303 1552 1348 τῶν
1598 1294 1760 1347 ἄλλων
1792 1296 1817 1347 ὁ

204 1393 293 1449 σὸς
350 1386 734 1460 πρεσϐύτερος,
788 1380 849 1437 οὗ
890 1387 986 1441 τὴν
1024 1382 1209 1436 πολιὰν
1258 1381 1552 1456 αἰδούμεθα
1597 1388 1687 1436 καὶ
1724 1388 1819 1442 τὴν

199 1476 629 1548 εὐσπλαγχνίαν.
665 1473 723 1527 Εἰ
782 1469 841 1525 δε
888 1475 1169 1545 μακρύνεις
1204 1472 1316 1543 (72)
1369 1471 1457 1544 ἀφ’
1510 1474 1679 1544 ἡμῶν,
1730 1480 1820 1525 τοῦ

201 1566 423 1640 βαθμοῦ
496 1567 590 1637 μὶν
638 1566 839 1624 πάντως
895 1563 1004 1634 (73)
1077 1561 1448 1623 ἐκπέπτωκας·
1508 1561 1698 1635 ἐκπεσῇ
1762 1559 1821 1614 δὲ

199 1661 292 1709 καὶ
353 1662 451 1709 τοῦ
508 1661 644 1708 Θεοῦ
699 1654 831 1726 μετὰ
867 1660 967 1704 τῶν
995 1651 1160 1724 μελῶν
1194 1671 1288 1704 σου
1326 1656 1416 1705 καὶ
1466 1660 1562 1713 τῆς
1607 1651 1817 1719 στολῆς,

199 1748 273 1808 οἷς
293 1748 450 1819 ἄγεις
472 1746 569 1806 τὰς
593 1747 705 1805 νέας
730 1742 790 1796 οὗ
820 1745 945 1816 πρὸς
977 1745 1128 1811 Θεὸν,
1161 1741 1268 1794 ἀλλ’
1297 1742 1364 1803 εἰς
1395 1740 1683 1817 βάραθρον.

754 1962 1092 2011 ΕΠΙΣΤΟΛῙΙ
1133 1956 1294 2013 ΡΟΑ’.

2622 674 2900 745 Glycerio

2002 757 2327 832 Quousque
2370 762 2614 818 tandem
2667 766 2929 823 amentia
2969 782 3237 842 praeceps
3278 771 3495 841 ageris,
3526 777 3584 830 et

1930 846 2038 904 tibi
2068 849 2313 918 quidem
2333 850 2463 923 ipse
2486 852 2640 909 male
2665 854 2963 925 consules,
2988 858 3224 915 animos
3254 865 3454 917 autem
3475 877 3581 917 no.

1930 940 2084 994 stros
2133 941 2476 1009 concitabis,
2521 947 2701 1016 atque
2738 944 3091 1002 universum
3139 950 3579 1006 monachorum

1930 1030 2145 1084 coetum
2183 1030 2433 1087 infamia
2479 1037 2536 1089 et
2572 1032 2868 1090 dedecore
2912 1035 3135 1092 aﬂicies
3158 1038 3185 1092 ‘2
3224 1038 3364 1093 Redi
3402 1038 3585 1107 igitur

1930 1119 2049 1173 Deo
2070 1117 2256 1175 fretus
2301 1125 2358 1177 et
2386 1122 2585 1191 nobis,
2627 1122 2731 1195 qui
2761 1124 2889 1194 ejus
2920 1124 3352 1195 benignitatem
3383 1128 3585 1184 imita-

1929 1223 2084 1263 mur.
2113 1212 2262 1266 Nam
2293 1211 2338 1266 si
2362 1216 2611 1283 paterno
2635 1213 2838 1268 animo
2858 1214 3382 1286 reprehendimus,
3400 1217 3581 1273 etiam

1927 1300 2178 1368 paterno
2209 1298 2412 1355 animo
2438 1300 2839 1369 ignoscemus.
2866 1306 2949 1358 lta
2972 1296 3174 1359 tecum
3197 1305 3434 1373 agimus
3465 1324 3478 1362 :
3510 1307 3587 1362 si-

1929 1386 2177 1459 quidem
2200 1388 2369 1443 multi
2391 1389 2487 1444 alii
2503 1393 2604 1445 tua
2623 1406 2810 1446 causa
2832 1391 3413 1464 supplicant,etante
3435 1395 3586 1452 alios

1930 1476 2246 1549 presbyter
2268 1478 2601 1548 tuus,cujus
2624 1479 2903 1535 canitiem
2924 1484 2981 1536 et
3001 1481 3474 1539 misericordiam
3495 1500 3585 1541 re-

1930 1580 2222 1620 veremur.
2241 1566 2411 1631 Quod
2440 1568 2489 1622 si
2511 1567 2733 1624 diutius
2756 1585 2791 1626 a
2812 1569 2986 1625 nobis
3008 1574 3061 1625 te
3088 1574 3583 1643 removes,gradu

1930 1653 2178 1725 quidem
2199 1655 2449 1711 omnino
2468 1656 2764 1725 excidisti;
2790 1661 2978 1715 Deum
2998 1663 3199 1715 autem
3212 1660 3391 1717 etiam
3412 1662 3584 1719 amit-

1932 1745 2038 1809 tes,
2053 1758 2191 1797 cum
2219 1743 2331 1798 tuis
2354 1744 2665 1800 cantilenis
2681 1751 2735 1802 et
2753 1746 2904 1803 stola
2930 1768 2942 1803 :
2966 1748 3188 1820 quibus
3207 1749 3388 1805 rebus
3411 1750 3583 1807 ducis

1930 1830 2411 1889 adolescentulas
2440 1849 2561 1889 non
2592 1834 2671 1890 ad
2703 1838 2910 1906 Deum,
2952 1838 3057 1893 sed
3098 1838 3176 1895 ad
3204 1838 3579 1898 barathrum.

2430 1960 2771 2015 EPISTULA
2812 1963 3078 2021 CLXXI“.

700 2065 983 2134 Queritur
1012 2066 1229 2121 iterum
1258 2063 1548 2132 Basilius,
1581 2063 1742 2136 quod
1770 2064 2090 2134 Glycerius
2121 2070 2176 2121 et
2209 2065 2470 2137 virgines
2500 2067 2766 2123 nondum
2793 2069 3105 2126 redierint.

859 2191 1150 2264 Γρηγορίῳ.

273 2296 610 2354 Ἐπέσταλκά
659 2316 744 2349 σοι
789 2300 880 2349 καὶ
910 2301 1091 2370 πρώην
1134 2299 1252 2368 περὶ
1292 2293 1569 2369 Γλυκερίου
1608 2297 1696 2346 καὶ
1721 2301 1822 2347 τῶν

200 2393 499 2467 παρθένων.
534 2389 601 2440 Οἱ
641 2384 701 2440 δέ
730 2383 936 2440 οὐδέπω
966 2390 1057 2439 καὶ
1097 2391 1319 2460 τήμερον
1350 2383 1683 2451 ἐπανήκασιν,
1713 2382 1819 2435 ἀλλ’

203 2487 277 2535 ἔτι
334 2480 641 2553 μέλλουσιν,
695 2478 789 2529 οὐκ
838 2473 962 2529 οἶδα
1014 2477 1125 2528 ὅθεν
1178 2479 1269 2526 καὶ
1326 2476 1482 2536 ὅπως.
1530 2473 1605 2525 Οὐ
1635 2475 1735 2546 γὰρ
1760 2473 1820 2524 ἂν

203 2571 371 2624 ἐκεῖνό
404 2588 501 2622 σου
527 2571 864 2639 καταγνοίην,
898 2568 967 2626 ὡς
1019 2563 1091 2638 ἐφ’
1125 2568 1351 2637 ἡμετέρᾳ
1400 2560 1617 2635 διαϐολῇ
1667 2570 1819 2615 τοῦτο

205 2667 394 2729 ποιεῖς,
453 2660 485 2717 ἣ
548 2657 705 2719 αὐτὸς
765 2658 994 2727 πάσχων
1052 2674 1103 2707 τι
1164 2657 1293 2729 πρὸς
1350 2654 1510 2725 ἡμᾶς,
1561 2653 1590 2711 ἣ
1646 2651 1819 2715 ἄλλοις

204 2749 592 2822 χαριζόμενος.
654 2745 949 2798 Ἠκίτωσαν
998 2740 1086 2796 οὖν
1138 2739 1305 2815 μηδὲν
1356 2738 1688 2803 δεδοικότες·
1752 2746 1818 2793 σὺ

203 2846 361 2910 γενοῦ
391 2840 581 2890 τούτου
624 2836 740 2906 (74)
768 2833 1049 2905 ἐγγυητὴς.
1083 2838 1185 2886 Καὶ
1213 2834 1315 2907 γὰρ
1362 2830 1614 2905 ἀλγοῦμεν
1645 2850 1819 2903 τεμνο-

204 2932 373 2999 μένων
401 2924 513 2996 (75)
562 2933 663 2977 τῶν
707 2923 891 2997 μελῶν,
926 2922 969 2975 εἰ
1005 2927 1094 2974 καὶ
1124 2920 1287 2982 καλῶς
1338 2922 1451 2986 (76)
1491 2918 1814 2992 ἓτμήθησαν.

206 3017 264 3070 Εἰ
328 3013 391 3068 δέ
441 3014 789 3081 ἁντιτιίνοιεν,
839 3011 918 3064 ἐπ’
970 3010 1151 3072 ἄλλους
1204 3014 1264 3063 τὸ
1332 3009 1515 3084 βάρος,
1569 3014 1715 3082 ἡμεῖς
1764 3006 1823 3062 δὲ

208 3105 640 3177 ἀποπλυνόμεθα.

708 3230 1047 3279 ΕΠΙΣΤΟΛΗ
1089 3223 1242 3278 ΡΟΒ’.

2614 2192 2920 2261 Gregorio.

2007 2294 2225 2368 Scripsi
2255 2296 2335 2352 ad
2364 2300 2417 2352 te
2448 2301 2503 2351 et
2535 2302 2712 2354 antea
2740 2298 2814 2354 de
2845 2298 3112 2371 Glycerio
3143 2304 3199 2356 et
3227 2301 3581 2371 virginibus.

1932 2386 2002 2439 At
2032 2383 2112 2438 illi
2138 2384 2397 2440 necdum
2424 2385 2603 2441 hodie
2632 2386 2971 2443 redierunt:
2995 2405 3200 2445 verum
3230 2390 3430 2446 adhuc
3461 2406 3588 2447 mo-

1930 2477 2173 2537 rantur;
2206 2488 2328 2543 qua
2372 2473 2445 2528 de
2476 2489 2677 2540 causa,
2710 2480 2767 2532 et
2794 2477 3106 2548 quomodo
3134 2478 3357 2534 nescio.
3386 2482 3585 2551 Neque

1930 2560 2089 2616 enim
2123 2560 2227 2615 tibi
2258 2562 2371 2616 hoc
2400 2563 2625 2618 crimen
2656 2565 2978 2631 intulerim,
3011 2568 3176 2640 quod
3207 2568 3447 2623 invidiae
3479 2585 3583 2625 no-

1928 2648 2021 2705 bis
2042 2650 2317 2705 creandae
2337 2651 2514 2723 260
2535 2668 2721 2709 causa
2742 2654 2800 2709 id
2824 2655 3028 2723 facias,
3044 2656 3138 2712 vel
3159 2657 3285 2729 ipse
3309 2658 3583 2713 nonnihil

1928 2740 2103 2796 nobis
2125 2739 2411 2809 offensus,
2438 2741 2526 2797 vel
2552 2744 2805 2812 gratiam
2828 2745 2906 2801 ab
2932 2745 3063 2801 aliis
3092 2747 3308 2802 iniens.
3334 2747 3585 2804 Veniant

1927 2833 2126 2902 igitur,
2160 2832 2325 2886 omni
2367 2838 2531 2888 metu
2560 2834 2756 2904 posito
2791 2852 2803 2890 :
2834 2841 2959 2891 esto
2992 2840 3054 2891 tu
3078 2836 3258 2908 hujus
3288 2839 3373 2894 rei
3398 2853 3583 2910 spon-

1929 2936 2048 2977 sor.
2094 2919 2384 2991 Angimur
2414 2920 2573 2977 enim
2614 2922 2763 2977 dum
2802 2924 3078 2981 membra
3122 2926 3581 2999 abscinduntur,

1933 3010 2167 3066 etiamsi
2196 3014 2351 3065 recte
2382 3010 2631 3082 praecisa
2652 3012 2977 3078 sint.Quod
3002 3014 3050 3068 si
3072 3015 3410 3086 restiterint,
3444 3016 3587 3074 alio-

1931 3115 2068 3155 rum
2090 3098 2200 3155 erit
2227 3115 2403 3169 onus,
2435 3116 2547 3155 nos
2573 3104 2776 3156 autem
2804 3101 3130 3161 abluimur.

2371 3226 2703 3281 EPISTOLA
2745 3226 3057 3282 CLXXII“.

206 3354 533 3425 Signiﬁcat
561 3352 828 3408 Basilius
856 3366 917 3407 se
935 3365 1011 3406 ea:
1038 3349 1367 3438 Sophronii
1396 3349 1610 3438 litteris
1641 3354 1697 3404 et
1704 3348 1997 3438 laetitiam
2030 3362 2094 3403 eo
2119 3350 2433 3438 majorem,
2456 3364 2591 3438 quo!
2604 3356 2748 3438 tunc
2768 3354 2972 3438 rarior
3000 3360 3131 3408 erat
3162 3354 3583 3438 charitas,cot-

436 3425 672 3495 legisse;
704 3428 760 3479 et
786 3438 1083 3478 summum
1111 3437 1245 3478 cum
1268 3422 1380 3477 hoc
1410 3421 1664 3477 Patrum
1694 3419 1840 3489 ﬁdei
1866 3419 2177 3490 defensore
2205 3421 2591 3491 colloquendi
2618 3422 2977 3479 desiderium
3015 3428 3368 3495 concepisse.

652 3550 921 3621 Σωφρονίῳ
961 3544 1228 3617 ἕπισκόπῳ
1260 3545 1395 3617 (17).

296 3654 483 3714 Ὅπως
552 3656 805 3728 ηὔφρανας
879 3655 1015 3725 ἡμᾶς
1081 3660 1187 3713 τοῖς
1259 3653 1591 3726 γράμμασιν,
1675 3648 1825 3703 οὐδὲν

215 3743 454 3817 δεόμεθα
504 3743 739 3818 γράφειν.

210 3833 521 3894 ἐπέστειλας
574 3834 832 3894 τοιούτοις
884 3832 1024 3884 οὖσι.
1078 3834 1177 3885 Τόν
1222 3833 1323 3905 γὰρ
1376 3839 1576 3905 πρῶτον
1629 3834 1826 3904 καρπόν

820 3742 1057 3803 Εἰκάζεις
1125 3744 1224 3815 γὰρ
1277 3743 1483 3803 πάντως
1530 3741 1703 3801 αὐτοῖς
1751 3737 1825 3803 οἷς

209 3932 309 3978 τοῦ
365 3925 685 3995 Πνεύματος,
740 3926 834 3980 τὴν
883 3919 1115 3993 ἀγάπην,
1166 3916 1365 3983 ἔδειξας
1409 3922 1533 3993 ἡμῖν
1591 3916 1685 3972 διὰ
1735 3928 1826 3972 τοῦ

208 4016 551 4091 γράμματος.
582 4013 782 4064 Τούτου
833 4006 892 4063 δε
938 4030 990 4063 τι
1039 4008 1099 4061 ἆν
1128 4014 1322 4083 γένοιτο
1370 4014 1671 4081 τιμιώτερον
1702 4011 1828 4082 ἡμῖν

210 4104 260 4157 ἰν
327 4111 390 4175 τῇ
453 4103 695 4174 παρούσῃ
749 4107 848 4151 τῶν
892 4107 1085 4175 καιρῶν
1136 4099 1480 4165 καταστάσει,
1525 4100 1699 4165 ἡνίκα,
1735 4095 1830 4151 διὰ

208 4198 270 4246 τὸ
326 4192 690 4249 πληθυνθῆναι
733 4193 828 4247 τὴν
883 4187 1118 4261 ἀνομίαν,
1179 4188 1348 4260 ἐψύγη
1399 4196 1498 4239 τῶν
1548 4187 1743 4239 πολλῶν
1795 4190 1824 4246 ἡ

210 4281 445 4353 ἀγάπης
504 4275 673 4331 Οὖδὶν
738 4281 839 4353 γὰρ
898 4277 1029 4330 οὕτω
1080 4279 1297 4330 σπάνιον
1353 4284 1441 4328 νῦν
1488 4280 1555 4338 ὡς
1606 4273 1830 4348 ἀδελφοῦ

212 4374 496 4441 συντυχία
570 4374 942 4440 πνευματικοῦ,
1009 4370 1096 4418 καὶ
1170 4367 1317 4440 ῥῆμα
1380 4365 1657 4439 εἰρηνικόν,
1718 4370 1832 4431 ,καὶ

209 4462 549 4531 πνευματική
601 4461 861 4528 κοινωνία,
914 4456 975 4515 ἦν
1024 4458 1254 4529 εὑρόντες
1308 4454 1355 4506 ἐν
1390 4462 1453 4527 τῇ
1517 4454 1831 4527 σῇ,τελειό-

210 4569 345 4608 τητι
389 4548 991 4622 ὑπερευχαριστήσαμεν
1052 4554 1125 4615 τῷ
1191 4549 1385 4617 Κυρίῳ,
1443 4541 1677 4616 δεόμενοι
1741 4547 1832 4595 καὶ

210 4649 318 4701 τῆς
374 4636 574 4698 τελείας
616 4634 699 4689 ἐπὶ
752 4640 837 4688 σοὶ
882 4641 1173 4708 μετασχεῖν
1232 4633 1567 4708 εὐφροσύνης.
1622 4632 1679 4686 Εἰ
1728 4635 1830 4707 γὰρ
1862 4682 1905 4736 D

286 4835 410 4909 (70)
450 4838 625 4909 ξίινιῑς
786 4833 880 4909 _l_ta
907 4828 1073 4909 .Ilarl.
1119 4828 1276 4909 Editi
1319 4834 1473 4909 κινεῖς
1502 4832 1615 4900 μέν.
1644 4826 1835 4884 Habet

214 4899 405 4963 etiam
438 4902 757 4973 Gregorius
786 4900 1189 4959 Nazianzenus
1221 4904 1287 4973 ut
1302 4899 1622 4973 edidimus.

290 4970 865 5055 (Ἡλῑυῂνωσόμιθα
904 4980 1184 5055 πατρικῶς.
1240 4970 1388 5027 Male
1417 4970 1576 5043 apud
1617 4972 1832 5039 Grego-

217 5048 379 5103 rium
415 5045 634 5114 legitur
664 5053 1045 5112 πνευματικῶς.

294 5118 412 5187 (72)
447 5122 758 5187 Mazaeum.
797 5116 956 5172 Harl.
993 5117 1293 5187 μακρύνοις.

291 5181 414 5257 (73)
448 5181 678 5248 Πάντως.
720 5190 858 5255 Reg.
894 5181 1197 5264 secandus
1226 5188 1439 5264 παντὸς.
1522 5257 1554 5264 _

292 5254 411 5330 (74)
442 5264 511 5313 Σὺ
548 5266 699 5330 γίνου
752 5254 988 5330 mili-av,
1014 5260 1097 5313 lta
1139 5272 1290 5313 mss.
1344 5254 1665 5330 tres._Editi
1701 5273 1832 5325 συγ-

224 5326 373 5402 οιένου
403 5326 616 5385 soci-aii.
654 5333 890 5409 Legitur
918 5328 1095 5409 etiam
1128 5330 1320 5409 τούτῳ
1340 5326 1515 5409 apud
1552 5328 1722 5409 Greg.

297 5404 407 5473 (75)
456 5398 803 5474 vanam».
832 5399 1110 5474 _Legitur_
1136 5398 1301 5469 apud
1334 5400 1506 5467 Greg.
1536 5402 1833 5469 τεμνόμενοι

234 5482 325 5524 τῶν
355 5471 550 5548 arma}
593 5471 841 5548 a'bscissi
868 5471 1236 5548 a_men_ibris_._
1282 5541 1293 5548 _
1687 5538 1704 5548 _
1794 5537 1805 5548 .

301 5538 408 5619 (75)
443 5544 645 5607 Καλῶς.
674 5548 760 5601 lta
785 5541 1080 5600 Harleani
1103 5541 1330 5599 codicis
1350 5556 1467 5614 ope
1487 5538 1835 5597 emendavi-

2432 3544 2774 3614 Sophronio
2805 3549 3095 3619 episcopo.

2009 3650 2242 3715 Quanta
2264 3666 2359 3705 me
2390 3649 2588 3706 ltetitia
2614 3651 2815 3707 litterae
2838 3656 2953 3709 tuae
2983 3654 3306 3727 affecerint,
3331 3657 3591 3714 scribere

1935 3737 2083 3793 nihil
2124 3738 2270 3793 mihi
2319 3755 2472 3811 opus
2502 3745 2612 3795 est.
2650 3741 2712 3795 ld
2744 3741 2903 3796 enim
2944 3743 3210 3813 profecto
3238 3745 3485 3815 conjicis
3516 3761 3589 3802 ex

1936 3827 2027 3883 his
2058 3844 2194 3900 quas
2243 3828 2549 3900 scripsisti,
2581 3845 2719 3884 cum
2760 3829 2902 3886 talia
2948 3830 3084 3887 sint.
3131 3832 3395 3888 Primum
3426 3834 3587 3890 enim

1940 3916 2191 3988 Spiritus
2233 3915 2514 3984 fructum,
2555 3917 2926 3987 charitatem,
2962 3919 3108 3976 mihi
3136 3937 3243 3993 per
3267 3923 3588 3994 epistolam

1937 4004 2271 4061 ostendisti.
2303 4006 2453 4071 Quid
2482 4012 2681 4062 autem
2705 4023 2776 4062 ea
2805 4023 2866 4062 re
2898 4008 3043 4063 mihi
3074 4011 3417 4081 possitesse
3443 4014 3593 4069 anti-

1938 4094 2116 4166 quius
2145 4093 2205 4149 in
2249 4094 2363 4149 hoc
2390 4099 2733 4166 temporum
2774 4100 2950 4164 statu,
2982 4113 3103 4169 quo
3130 4104 3372 4171 propter
3398 4101 3595 4158 multi-

1938 4183 2221 4256 plicatam
2254 4184 2628 4256 iniquitatem
2670 4184 2893 4241 refrixit
2923 4186 3251 4243 multorum
3282 4190 3542 4248 charitas
3564 4192 3592 4247 ?

1938 4273 2108 4327 Nunc
2139 4274 2297 4328 enim
2328 4273 2473 4328 nihil
2516 4278 2603 4328 est
2631 4276 2752 4329 tam
2783 4290 3007 4341 rarum,
3048 4292 3234 4347 quam
3267 4278 3592 4349 spiritualis

1939 4360 2135 4416 fratris
2166 4377 2552 4431 congressus,
2583 4366 2639 4417 et
2671 4362 2917 4417 verbum
2949 4364 3293 4435 pacificum,
3325 4370 3382 4421 et
3411 4367 3591 4438 spiri-

1940 4449 2116 4505 tualis
2148 4450 2496 4505 communio
2529 4468 2541 4505 :
2572 4466 2754 4523 quam
2781 4450 2840 4505 in
2863 4456 2967 4507 tua
3008 4453 3340 4523 integritate
3379 4459 3589 4511 nactus

1943 4540 2195 4595 Domino
2222 4540 2443 4611 gratias
2464 4540 2580 4609 egi,
2613 4556 2795 4595 orans
2818 4545 2882 4596 ut
2902 4546 2958 4597 et
2984 4542 3291 4599 cumulata
3315 4545 3374 4598 in
3402 4549 3455 4601 te
3485 4544 3590 4601 la:-

1941 4628 2067 4703 titia
2096 4628 2383 4701 perfruar.
2426 4629 2483 4685 Si
2536 4628 2695 4684 enim
2726 4628 2873 4685 tales
2906 4630 3189 4703 epistolae,
3222 4632 3416 4705 qualis
3446 4650 3590 4691 con-

1940 4841 2076 4881 mus
2100 4824 2267 4898 quod
2292 4825 2353 4881 in
2379 4826 2550 4898 editis
2578 4826 2889 4897 legebatur
2917 4836 3107 4889 κακῶς.

2011 4897 2134 4974 (77)
2163 4905 2433 4974 -Σωρρονιῳ
2478 4897 2767 4974 infandam,
2816 4899 2909 4954 Sic
2933 4900 3099 4974 editi,
3128 4901 3306 4974 Coisl.
3337 4902 3588 4974 primus,

1938 4968 2087 5023 Med.
2121 4972 2179 5022 et
2208 4966 2303 5021 alii
2332 4966 2627 5021 ncnnulli.
2658 4970 2782 5023 Vat.
2815 4974 2872 5024 et
2920 4969 3176 5027 Clarom.
3210 4966 3439 5029 habent
3464 4979 3590 5028 tan-

1941 5044 2066 5093 tum
2097 5043 2384 5109 Σωφρονίῳ.
2421 5042 2488 5092 At
2510 5054 2767 5109 prorsus
2799 5041 3088 5097 mendose
3118 5042 3462 5100 Harlaeanus
3491 5060 3591 5099 co-

1940 5092 2140 5187 dexqet
2169 5092 2267 5187 aiii
2293 5092 3589 5187 n'onnulii,in,quihus‘précediti-éistolaad

1943 5180 2344 5255 Sophroniam
2390 5180 2769 5255 magistrum,
2809 5180 3037 5255 habent
3073 5194 3145 5255 τῷ
3178 5180 3337 5255 αὐτῷ.
3369 5185 3589 5255 Perspi-

1940 5268 2120 5327 cuum
2153 5252 2311 5327 enim
2334 5256 2419 5307 est
2442 5252 2597 5327 hanc
2622 5252 2940 5327 epistolam
2964 5254 3041 5309 ad
3061 5252 3439 5327 episcopum,
3466 5252 3588 5310 non

1940 5323 2016 5379 ad
2050 5325 2402 5396 magistrum
2433 5323 2766 5379 officiorum
2800 5326 3079 5396 scriptam
3100 5323 3267 5381 'esse.

2012 5397 2031 5417 '
2071 5394 2230 5449 Alias
2262 5397 2570 5450 CCCCXIV.
2608 5396 2834 5467 Scripta
2863 5394 3021 5451 circa
3051 5412 3279 5451 annum
3311 5400 3434 5450 374.

2012 5467 2245 5548 ῘῘᾸίὲἓλε
2278 5468 2601 5548 (ῖηίῖξὲρὲἓυι
2620 5468 2849 5548 δέτίρίβ
2876 5470 3035 5547 Ci?“
3060 5481 3290 5522 annum
3321 5472 3443 5548 31":

2013 5539 2078 5559 “'
2101 5536 2266 5594 Alias
2298 5538 2622 5595 CCCXXXV.
2647 5536 2878 5609 Scripta
2901 5538 3060 5593 circa
3084 5550 3315 5593 annum
3347 5542 3472 5595 374.
