4092 6210
200 278 300 334 649

1158 276 1641 334 EPISTOLARUM
1691 276 1974 336 CLASSIS
2011 277 2080 337 II.
2119 277 2332 336 EPIST.
2374 279 2641 338 CLXXIV.

3460 293 3564 348 650

195 395 717 470 πεπαιδαγωγημένῳ
763 397 901 450 κατὰ
948 398 1006 450 τὸ
1050 397 1296 472 βούλημα
1323 408 1414 452 τοῦ
1458 400 1794 473 Εύαγγελίου,

1917 417 2027 474 que
2053 402 2328 459 membro
2358 403 2440 460 sic
2472 405 2578 472 uti,
2601 407 2666 461 ut
2693 405 2858 462 initio
2880 409 3165 465 Conditor
3182 413 3387 468 noster
3410 412 3567 469 ordi.

195 496 282 542 καὶ
330 495 519 564 χερσὶν
566 487 783 562 ἐνεργεῖν
835 491 970 540 κατά
1016 491 1102 540 τὸν
1146 492 1339 541 σκοπὸν
1382 499 1476 550 τῆς
1515 491 1797 564 εὐαρεστή-

199 598 322 638 σεως
369 585 461 629 τοῦ
517 585 672 643 Θεοῦ,
712 581 802 629 καὶ
840 574 1012 638 πόδας
1068 586 1246 648 κινεῖν,
1305 583 1396 631 καὶ
1443 579 1645 650 ἑκάστῳ
1697 588 1796 632 τῶν

195 668 357 741 μελῶν
407 668 540 719 οὕτω
601 669 922 742 κεχρῆσθαι,
965 669 1037 729 ὡς
1082 666 1135 730 ἐξ
1174 667 1350 742 ἀρχῆς
1403 669 1429 720 ό
1477 673 1800 742 Δημιουργὸς

197 759 342 828 ἡμῶν
400 757 724 828 ᾠκονόμησεο
766 759 824 808 16
883 754 930 807 ἐν
973 763 1035 828 τῇ
1080 756 1379 829 καταστολῇ
1435 761 1678 830 κόσμιον,
1739 761 1798 810 τὸ

197 848 245 898 ἐν
275 852 390 906 ταῖς
429 848 746 915 συντυχίαις
792 852 893 896 τῶν
941 841 1144 918 ἀνδρῶν
1187 845 1596 919 πεφυλαγμένον,
1647 850 1705 899 τὸ
1750 845 1798 899 ἐν

201 932 482 1009 βρώμασιν
512 936 787 1006 αὔταρκες,
818 935 878 985 τὸ
916 932 964 985 ἐν
1015 941 1078 1006 τῇ
1137 939 1326 993 κυήσει
1363 944 1462 988 τῶν
1505 934 1799 1007 ἀναγκαίων

200 1021 496 1096 ἀπέριττον.
558 1029 738 1075 Ταῦτα
798 1024 970 1074 πάντα
1017 1025 1183 1098 μικρά
1259 1027 1350 1096 μὲν
1429 1023 1604 1086 ἁπλῶς
1667 1025 1800 1077 οὕτω

195 1111 467 1184 λεγόμενα,
522 1111 750 1185 μεγάλου
801 1108 860 1164 δὲ
925 1109 1120 1184 ἀγῶνος
1163 1112 1236 1174 εἰς
1294 1115 1354 1165 τὸ
1410 1115 1803 1185 κατορθωθῆναι

195 1202 498 1275 χρῄζοντα,
541 1204 608 1262 ὡς
662 1200 740 1254 ἐπ’
784 1199 944 1262 αὐτῆς
973 1201 1083 1271 (88)
1134 1210 1229 1263 τῆς
1275 1201 1515 1262 ἀληθείας
1569 1203 1800 1277 εὕρομεν.

198 1295 296 1344 Καὶ
351 1293 447 1363 μὲν
501 1295 592 1342 καὶ
641 1292 703 1342 τὸ
755 1289 804 1342 ἐν
861 1298 922 1363 τῇ
981 1294 1423 1364 ταπεινοφροσύνῃ
1476 1291 1681 1359 τέλειον,
1737 1295 1803 1353 ὡς

196 1385 313 1452 μέτε
363 1385 634 1455 προγόνων
684 1383 1015 1453 περιφανείας
1062 1382 1381 1453 μεμνῆσθαι,
1438 1387 1590 1454 μήτε,
1655 1385 1699 1434 εἶ
1751 1401 1802 1435 τι

195 1470 435 1542 ὑπάρχει
471 1472 586 1531 (89)
643 1470 768 1540 ἡμῖν
828 1468 886 1521 ἐκ
934 1471 1129 1541 φύσεως
1179 1468 1536 1543 πλεονέκτημα
1581 1470 1612 1529 ἢ
1671 1469 1806 1522 κατά

196 1568 350 1630 σῶμα
401 1561 432 1616 ἧ
489 1559 628 1610 κατά
675 1557 882 1630 ψυχὴν,
931 1561 1099 1630 τούτῳ
1156 1559 1482 1633 ἐπαίρεσθαι,
1539 1564 1672 1632 μήτε
1712 1563 1808 1622 τας

1906 493 2104 548 navit:
2133 493 2432 549 modestia
2463 494 2526 549 in
2555 495 2793 564 vestitu,
2827 498 3023 555 cautio
3053 500 3114 556 in
3144 501 3412 557 virorum
3440 505 3566 558 col-

1905 581 2145 653 loquiis,
2162 581 2219 636 in
2249 581 2395 637 cibis
2423 581 2760 653 frugalitas,
2783 586 2843 640 in
2865 602 3067 642 rerum
3083 591 3565 647 necessariarum

1906 670 2286 741 possessione
2315 670 2463 725 nihil
2489 673 2794 742 supertlui.
2816 677 2949 729 Haec
2973 677 3180 731 omnia
3201 678 3418 747 exigua
3437 679 3566 750 qui-

1907 759 2046 814 dem
2076 759 2223 814 dum
2268 759 2352 816 sic
2404 759 2754 832 simpliciter
2795 771 3138 833 narrantur,
3189 767 3296 822 sed
3338 783 3565 839 magno

1909 847 2232 904 certamine
2269 847 2346 903 ad
2379 848 2814 920 perficiendum
2855 851 3143 922 indigent,
3175 857 3571 926 quemadmo-

1907 935 2056 991 dum
2085 936 2286 1008 reipsa
2315 937 2743 1009 comperimus.
2778 939 2893 995 Sed
2921 945 2977 995 et
3003 941 3356 999 humilitatis
3380 944 3569 1014 perfe-

1909 1024 2046 1091 ctio,
2078 1024 2232 1080 adeo
2262 1029 2325 1081 ut
2351 1041 2550 1097 neque
2583 1027 2889 1097 majorum
2917 1028 3200 1085 claritatis
3231 1031 3570 1087 memineri-

1908 1129 2068 1184 mus,
2100 1128 2211 1168 nec
2238 1113 2285 1167 si
2311 1112 2460 1184 quid
2491 1114 2668 1169 nobis
2697 1115 2836 1171 insit
2862 1133 2898 1173 a
2927 1122 3144 1173 natura
3165 1123 3270 1174 aut
3299 1119 3568 1190 corporis

1910 1208 2016 1258 aut
2061 1203 2250 1259 animi
2297 1210 2746 1271 ornamentum,
2791 1206 2933 1262 inde
2981 1207 3322 1274 efferamur,
3372 1224 3571 1279 neque

1911 1296 2184 1349 externas
2215 1293 2290 1347 de
2310 1293 2485 1348 nobis
2507 1293 2823 1364 opiniones
2849 1311 3065 1351 ansam
3094 1297 3367 1352 elationis
3388 1314 3458 1353 ac
3480 1302 3572 1354 tu-

1910 1381 2093 1436 moris
2110 1380 2427 1436 faciamus:
2448 1382 2576 1437 haac
2603 1399 2743 1438 cum
2769 1385 2890 1439 vita
2917 1385 3268 1453 evangelica
3298 1401 3572 1442 connexa

1911 1473 2070 1526 sunt.
2121 1469 2210 1525 Ad
2259 1470 2384 1525 haec
2433 1471 2770 1527 constantia
2817 1472 2878 1527 in
2914 1472 3298 1541 abstinentia,
3348 1473 3410 1529 in
3445 1489 3571 1545 pre-

1911 1557 2108 1613 cando
2129 1558 2437 1627 sedulitas,
2472 1559 2531 1614 in
2562 1559 2826 1617 fraterna
2845 1560 3159 1617 dilectione
3186 1562 3572 1618 commisera-

194 1647 380 1709 ἔξωθεν
433 1652 554 1720 περὶ
617 1647 762 1719 ἡμῶν
811 1645 1096 1717 ὑπολήψεις
1142 1645 1380 1722 ἀφορμὴν
1433 1647 1698 1722 ἑπάρσεὼς
1753 1667 1805 1700 τε

1917 1647 2016 1714 tio,
2045 1646 2372 1704 liberalitas
2404 1663 2547 1717 erga
2584 1648 2942 1717 indigentes,
2991 1651 3231 1722 spiritus
3261 1650 3570 1723 animique

193 1739 281 1788 καὶ
331 1741 648 1807 φυσιώσεως
715 1737 1018 1803 ποιεῖσθαι,
1086 1743 1252 1788 ταῦτα
1315 1743 1407 1788 τοῦ
1475 1735 1807 1808 εύαγγελικοῡ

194 1827 380 1896 ἔχεται
413 1822 566 1896 βίου.
629 1827 698 1877 Τὸ
737 1823 787 1876 ἐν
830 1825 1110 1899 ἐγκρατείᾳ
1163 1827 1386 1895 εὔτονον,
1437 1828 1498 1877 τὸ
1552 1825 1600 1877 ἐν
1646 1845 1809 1896 προσ-

195 1921 387 1986 ενχαῖς
418 1913 714 1985 φιλόπονον,
744 1917 804 1966 16
845 1914 891 1966 ἐν
932 1911 1241 1986 φιλαδελφίᾳ
1274 1916 1559 1986 συμπαθὲς,
1591 1918 1650 1966 τὸ
1679 1918 1809 1990 πρὸς

192 2009 312 2066 τούς
359 2000 641 2074 decuisse;
678 2007 998 2068 κοινωνικὸν,
1044 2008 1104 2056 τὸ
1146 2011 1239 2056 τοῦ
1287 2007 1614 2077 φρονήματος
1651 2023 1811 2056 κατα-

194 2091 538 2164 ϐεϐλημένον,
567 2093 593 2143 ό
617 2096 937 2165 συντριμμός
965 2099 1058 2155 τῆς
1087 2088 1332 2164 καρδίας,
1361 2095 1418 2144 τό
1444 2101 1540 2153 τῆς
1581 2097 1809 2155 πίστεως

193 2184 360 2252 ὑγιὲς,
405 2184 466 2232 16
508 2193 557 2232 εν
595 2182 999 2255 σκυθρωπότητι
1046 2180 1256 2253 ὁμαλὸν,
1299 2177 1564 2252 μηδέποτε
1592 2189 1686 2242 τῆς
1737 2180 1810 2233 ἐν·

1912 1735 2189 1805 abjectio,
2222 1737 2422 1791 cordis
2450 1738 2746 1802 contritio,
2779 1738 2918 1793 fidei
2951 1740 3194 1808 sanitas,
3223 1740 3284 1794 in
3315 1755 3570 1796 maerore

1914 1824 2330 1897 aequabilitas;
2377 1841 2696 1897 nunquam
2734 1827 3159 1883 intermittente
3211 1829 3571 1898 cogitatione

1914 1919 2122 1970 nostra
2153 1913 2431 1969 terribilis
2457 1914 2614 1969 illius
2642 1921 2698 1970 et
2717 1915 3116 1971 ineluctabilis
3133 1916 3343 1987 judicii
3371 1932 3572 1973 recor-

1915 2001 2244 2074 dationem,
2268 2003 2345 2058 ad
2367 2003 2532 2075 quod
2558 2019 2771 2058 omnes
2798 2003 3045 2076 quidem
3069 2005 3441 2071 festinamus,
3464 2005 3574 2060 sed

1916 2090 2021 2163 qui
2048 2090 2205 2145 illius
2235 2091 2718 2162 reminiscantur,
2746 2108 2817 2148 ac
2847 2092 2923 2148 de
2941 2093 3097 2148 illius
3127 2093 3288 2150 exitu
3313 2094 3431 2149 sint
3461 2094 3576 2150 sol-

1915 2179 2080 2247 liciti,
2112 2178 2464 2250 paucissimi
2494 2185 2656 2236 sunt.

193 2275 340 2332 νοίας
372 2272 524 2341 ἡμῶν
545 2269 832 2330 λειπούσης
854 2271 968 2340 (90)
995 2277 1085 2322 τοῦ
1120 2267 1338 2342 φοϐεροῦ
1368 2273 1458 2321 καὶ
1491 2268 1853 2344 ἀπαραιτήτου
1886 2264 2238 2340 δικαστηρίου
2268 2272 2362 2326 τὴν
2394 2273 2622 2341 μνήμην·
2651 2272 2778 2342 πρὸς
2812 2273 2844 2322 ό⁹
2877 2269 3188 2344 ἐπειγόμεθα
3215 2274 3306 2344 μὲν
3329 2271 3573 2340 ἅπαντες,

193 2366 459 2434 μέμνηται
486 2357 545 2413 δὲ
572 2359 756 2428 αὐτοῦ,
787 2365 876 2413 καὶ
901 2363 994 2418 τὴν
1025 2357 1112 2412 ἀπ’
1147 2359 1307 2412 αὑτοῦ
1338 2358 1552 2412 ἔκϐασιν
1583 2357 1876 2431 ἀγωνιῶσιν
1906 2357 2187 2429 ἐλάχιστοι
2207 2357 2345 2428 (91).

740 2481 1079 2530 ΕΠΙΣΤΟΛΙΙ
1114 2474 1272 2534 ΡοΔ’.

2412 2474 2749 2531 EPISTOLA
2779 2476 3074 2532 CLXXIV'.

195 2593 364 2650 Raro
389 2590 599 2648 scribit
627 2590 770 2648 huic
801 2592 996 2666 vidua
1031 2592 1319 2666 Basilius,
1353 2605 1429 2647 ne
1456 2590 1602 2662 quid
1632 2590 1687 2647 ei
1720 2589 1984 2659 periculi
2005 2591 2531 2666 creet._AHortatur
2569 2595 2636 2644 ut
2674 2606 2725 2666 a_
2741 2590 2937 2666 divini
2965 2593 3185 2663 iudicii
3219 2595 3579 2666 cogitatione

744 2665 1012 2720 animum
1046 2679 1167 2718 non
1214 2661 1526 2734 dimoveat,
1559 2677 1665 2718 nec
1710 2668 1907 2717 tamen
1946 2661 2135 2717 nimia
2164 2661 2574 2731 distringatur
2609 2661 3039 2719 sollicitudine.

778 2773 918 2845 Πρὸς
946 2770 1238 2845 ἐλευθέραν.

265 2888 429 2960 Ἐγὼ,
503 2891 594 2940 καὶ
648 2888 784 2941 πάνυ
845 2885 1155 2958 βουλόμενος
1216 2893 1450 2958 συνεχῶς
1499 2883 1810 2938 ἐπιστέλλειν

196 2985 256 3049 τῇ
293 2978 533 3050 εὐγενείᾳ
581 2977 746 3048 ὑμῶν,
789 2974 1014 3047 ἐπέσχον
1045 2975 1155 3046 (92)
1203 2973 1423 3047 ἐμαυτὸν
1473 2973 1572 3041 ἀεὶ,
1624 2977 1812 3046 μήπως

197 3062 338 3128 δόξω
407 3067 555 3127 τινας
616 3067 738 3137 ύμῖν
797 3067 1123 3138 πειρασμούς
1187 3062 1481 3136 ἐπεγείρειν,
1541 3059 1635 3116 διὰ
1689 3066 1811 3122 τούς

195 3155 503 3228 φιλέχθρως
557 3158 686 3226 πρὸς
732 3154 873 3225 ἡμᾶς
931 3151 1308 3226 διακειμένους⁸
1362 3158 1472 3216 καί,
1509 3155 1573 3213 ὡς
1616 3151 1806 3222 ἀκούω,

193 3248 364 3315 μέχρι
413 3247 506 3294 καὶ
557 3245 754 3294 τούτων
789 3246 882 3300 τὴν
935 3244 1130 3316 ἔχθραν
1186 3241 1504 3311 ἐλαύνοντας,
1549 3243 1683 3300 ᾧστε
1715 3259 1808 3292 πο-

192 3331 582 3404 λυπραγμονεῖν
615 3331 728 3394 (93)
790 3333 835 3382 εἴ
879 3333 978 3382 πού
1024 3351 1098 3391 τις
1147 3335 1238 3382 καὶ
1296 3333 1518 3405 γράμμα
1564 3331 1810 3401 ἡμέτερον

194 3417 446 3492 δέχοιτο.
498 3415 712 3477 Ἐπειδὴ
769 3415 827 3472 δὲ
871 3418 1026 3482 αύτὴ,
1085 3419 1253 3480 καλῶς
1305 3427 1552 3484 ποιοῦσα,
1605 3425 1808 3490 κατῆρ-

194 3511 295 3573 ξας
353 3516 448 3561 τοῦ
493 3510 817 3580 γράμματος,
867 3513 958 3560 καὶ
1014 3507 1308 3570 ἐπέστειλας
1364 3509 1488 3580 ἡμῖν
1543 3506 1579 3559 ἃ
1644 3505 1809 3581 ἐχρῆν

195 3604 327 3671 περὶ
381 3606 481 3649 τῶν
532 3600 664 3650 κατά
706 3603 796 3657 τὴν
843 3597 1029 3670 ψυχὴν
1080 3617 1174 3650 σου
1232 3599 1553 3671 πραγμάτων
1603 3594 1809 3648 ἀνακοι-

195 3691 431 3759 νουμένη
467 3729 482 3752 ,
546 3690 872 3762 προετράπην
939 3687 1010 3750 εἰς
1065 3691 1124 3739 16
1180 3686 1562 3740 ἀντεπιστεῖλαι
1595 3707 1607 3719 ·
1677 3688 1808 3757 ὁμοῦ

192 3781 291 3849 μὲν
350 3778 418 3828 τὰ
473 3775 521 3828 ἐν
571 3785 643 3846 τῷ
707 3777 1014 3852 παρελθόντι
1065 3781 1242 3849 χρόνῳ
1295 3775 1611 3848 ἐλλειφθέντα
1659 3773 1808 3826 ἐπαν-

190 3868 534 3940 ορθούμενος,
563 3865 694 3938 ὁμοῦ
750 3862 809 3918 δὲ
856 3872 946 3918 καὶ
997 3869 1128 3939 πρὸς
1175 3868 1241 3917 τὰ
1279 3864 1629 3936 ἐπεσταλμένα
1664 3865 1809 3935 ποιρά

189 3963 283 4015 τῆς
352 3963 448 4015 σῆς
493 3954 752 4025 εὐγενείας
795 3953 1212 4027 ἀποκρινόμενος.
1266 3952 1388 4007 Ὀτι
1417 3958 1656 4026 μακαρία
1693 3951 1806 4004 ἐστὶ

186 4045 380 4115 ψυχὴ,
423 4047 454 4103 ἡ
487 4047 675 4105 νυκτὸς
723 4048 814 4096 καὶ
870 4046 1066 4117 ἡμέρας
1123 4041 1392 4117 μηδεμίαν
1435 4043 1590 4100 ἄλλην
1653 4047 1806 4116 μέρι-

186 4155 324 4191 μναν
373 4139 696 4206 στρέφουσα,
753 4134 782 4191 ἦ
842 4142 950 4194 πῶς
998 4132 1082 4186 ἐπὶ
1139 4140 1236 4194 τῆς
1299 4132 1526 4205 μεγάλης
1585 4134 1800 4205 ἡμέρας,

2549 2767 2648 2823 Ad
2674 2768 2942 2825 viduam.

1991 2882 2282 2957 Equidem
2311 2883 2418 2939 etsi
2449 2883 2699 2939 omnino
2729 2883 3051 2955 cupiebam
3073 2883 3152 2940 ad
3177 2888 3344 2941 tuam
3366 2886 3578 2943 nobili-

1919 2977 2101 3030 tatem
2152 2971 2486 3045 saepissime
2531 2971 2810 3039 scribere,
2844 2988 2940 3028 me
2984 2973 3113 3045 ipse
3146 2989 3387 3045 semper
3416 2975 3579 3030 cohi-

1917 3063 2044 3130 bui,
2095 3078 2171 3117 ne
2210 3077 2364 3134 quas
2403 3060 2577 3116 vobis
2608 3061 2962 3117 tentationes
3002 3061 3232 3118 viderer
3262 3063 3574 3133 suscitare,

1918 3157 2162 3224 propter
2199 3166 2301 3206 eos
2344 3150 2451 3221 qui
2479 3149 2715 3206 infenso
2745 3150 2805 3206 in
2838 3166 2935 3206 me
2967 3154 3104 3205 sunt
3132 3151 3360 3220 animo,
3396 3157 3580 3224 atque

1920 3239 2120 3308 etiam,
2154 3244 2217 3294 ut
2247 3238 2452 3306 audio,
2484 3238 2860 3295 inimicitiam
2890 3255 2962 3294 eo
2994 3255 3185 3311 usque
3216 3240 3576 3311 perducunt,

1918 3335 1984 3385 ut
2012 3329 2305 3385 curiosius
2333 3328 2663 3400 inquirant,
2697 3345 2774 3385 an
2804 3329 2940 3401 quis
2971 3346 3006 3385 a
3037 3346 3132 3384 me
3163 3329 3390 3386 litteras
3423 3331 3578 3386 acci-

1915 3418 2066 3492 piat.
2098 3418 2212 3475 Sed
2236 3433 2382 3489 quia
2415 3419 2589 3488 262
2613 3418 2750 3490 ipsa
2775 3417 3058 3490 praeclare
3075 3418 3322 3484 faciens,
3355 3418 3580 3476 litteras

1917 3506 2150 3579 coepisti
2187 3507 2440 3576 mittere,
2485 3522 2556 3561 ac
2604 3507 2894 3580 scripsisti
2943 3506 3142 3574 nobis,
3190 3511 3254 3562 ut
3288 3523 3401 3579 par
3431 3513 3576 3578 erat,

1915 3598 1991 3653 de
2015 3597 2196 3652 rebus
2226 3596 2445 3652 animae
2478 3600 2592 3652 tuas
2623 3597 3102 3665 communicans,
3135 3597 3414 3652 incitatus
3441 3614 3576 3653 sum

1916 3687 1992 3742 ad
2021 3684 2498 3752 rescribendum,
2531 3701 2670 3742 cum
2703 3701 2776 3741 ea
2813 3702 2949 3758 quae
2975 3687 3273 3757 praeterito
3305 3691 3576 3756 tempore

1915 3775 2142 3831 omissa
2185 3780 2343 3839 sunt,
2392 3775 2678 3841 sarciens,
2725 3779 2852 3829 tum
2897 3775 3078 3829 etiam
3129 3773 3208 3829 ad
3253 3789 3325 3829 ea
3362 3789 3498 3846 quas
3538 3790 3576 3830 a

1915 3867 2018 3919 tua
2065 3862 2372 3918 nobilitate
2412 3862 2636 3934 scripta
2680 3868 2840 3929 sunt,
2884 3863 3288 3934 respondens.
3347 3865 3574 3933 Nempe

1915 3953 2093 4008 beata
2123 3957 2214 4008 est
2244 3951 2449 4007 anima
2483 3951 2607 4020 illa,
2641 3968 2776 4023 quae
2826 3958 3006 4008 noctu
3039 3969 3108 4008 ac
3140 3951 3398 4007 interdiu
3438 3950 3572 4005 nul-

1913 4040 2035 4098 lam
2061 4040 2244 4096 aliam
2273 4057 2480 4096 curam
2510 4045 2732 4107 versat,
2763 4040 2880 4096 nisi
2909 4040 3220 4112 quomodo
3261 4041 3319 4096 in
3346 4040 3442 4096 die
3472 4039 3574 4096 illa

1915 4146 2162 4200 magna,
2194 4130 2257 4185 in
2294 4147 2417 4202 qua
2447 4135 2722 4185 creatura
2753 4129 2950 4185 omnis
2982 4130 3289 4185 actionum
3320 4145 3572 4185 suarum

182 4224 304 4277 καθ’
358 4226 421 4283 ἣν
458 4229 610 4277 πᾶσα
656 4225 685 4281 ἠ
719 4227 892 4284 κτίσις
928 4228 1302 4298 περιστήσεται
1338 4226 1425 4274 τὸν
1476 4227 1681 4298 κριτὴν,
1711 4226 1803 4285 τὰς

1917 4195 2206 4274 rationem
2232 4195 2540 4274 redditura
2561 4217 2831 4288 judicem
2852 4217 3283 4285 circumstabit,
3307 4217 3495 4290 possit
3514 4222 3573 4273 et

184 4314 416 4376 εὐθύνας
482 4321 583 4366 τῶν
636 4315 1005 4387 πεπραγμένων
1062 4308 1446 4380 ἀποδιδοῦσα,
1521 4317 1611 4365 καὶ
1669 4312 1800 4372 αὐτὴ

256 4530 386 4600 (88)
422 4528 513 4592 Ὠς
543 4527 620 4600 ἐπ’
644 4529 833 4591 αὐτῆς.
864 4531 1034 4600 Deest
1058 4527 1206 4590 ὡςὶῐι
1223 4529 1484 4599 quatuor
1503 4544 1652 4583 mss.
1679 4542 1803 4583 non

184 4599 663 4672 antiquissimis.
706 4601 932 4672 Ibidem
963 4599 1102 4656 editi
1134 4600 1440 4672 εὑρήκαμεν.
1469 4602 1608 4655 Tres
1645 4605 1804 4654 vetu-

185 4671 452 4727 stissimi
484 4671 722 4727 codices
752 4677 809 4727 et
838 4671 936 4727 alii
966 4671 1238 4728 nonnulli
1266 4671 1408 4726 utin
1439 4675 1622 4726 textu.

260 4745 395 4814 (89),
438 4744 714 4814 ἰ’πάρχει.
747 4747 851 4814 fita
906 4747 1019 4798 tres
1087 4741 1491 4814 antiquissimi
1527 4740 1800 4814 codices.

190 4814 352 4870 Editi
379 4812 688 4887 ἐνυπάρχει.
720 4813 948 4887 Ibidem
978 4813 1214 4887 Med._et
1235 4812 1414 4869 Coisl.
1448 4813 1680 4884 primus
1711 4815 1803 4884 φύ-

193 4903 329 4945 σεως
361 4884 719 4958 πλεονέκτημα
739 4885 863 4940 sine
893 4884 1335 4958 praepositione.

263 4958 383 5025 (90)
415 4962 599 5028 Δἰἰριών
633 4955 983 5028 λειπούσης...
1022 4955 1115 5014 τὴν
1164 4960 1393 5028 μνήμην.
1421 4958 1525 5028 _lta
1561 4958 1680 5028 tres
1704 4969 1806 5009 ve-

189 5025 519 5084 tnstissimi
542 5027 776 5098 codices
799 5032 853 5083 et
874 5027 1130 5083 Clarom.
1145 5025 1446 5098 nisiquod
1461 5025 1804 5098 Harlaeanus

194 5098 395 5154 codex
429 5098 618 5154 habet
666 5097 1052 5160 ἐπιλειπούσης.
1088 5097 1236 5154 Editi
1273 5097 1398 5152 nOn
1436 5097 1662 5152 habent
1707 5100 1802 5154 τὴν

197 5175 434 5242 μνήμην,
483 5170 588 5242 sed
620 5170 781 5242 hunc
818 5171 1020 5226 locum
1064 5167 1148 5224 sic
1178 5167 1472 5242 exhibent
1489 5185 1502 5223 :
1539 5164 1804 5239 μηδέποτε

197 5239 516 5323 τῖες-ἐννοίας
550 5239 914 5323 ἐπιλειπούσης
945 5243 1078 5323 ἡμᾶς
1105 5248 1218 5304 τοῦ,
1259 5240 1739 5323 etc..nNu.1-zguant‘
1767 5244 1802 5293 α

201 5313 371 5368 nobis
399 5314 715 5369 recedente
745 5311 1103 5382 cogitatione
1144 5311 1430 5382 terribilis
1469 5311 1658 5370 illius.
1690 5313 1800 5365 etc.

276 5387 379 5464 (pl)
407 5381 911 5464 S_uppiemen_tum
931 5383 1009 5464 ad
1029 5383 1187 5438 hanc
1209 5381 1524 5464 epistolam
1545 5386 1806 5464 utan-ec-

209 5449 413 5527 dotum
439 5449 643 5527 Latine
666 5460 900 5527 tantum
925 5459 984 5509 et
1013 5449 1463 5527 corruptissime
1493 5452 1678 5527 edidit
1707 5455 1810 5527 Pe-

209 5525 334 5599 trus
347 5525 622 5599 Aloysius
636 5523 1702 5599 Galletius(ap.AmaduzziAnecdota
1716 5525 1811 5599 tit-

205 5596 1081 5671 terar:'a,tom.l,p.23).lncipit:
1097 5597 1309 5653 Multis
1321 5611 1460 5654 vero
1479 5596 1812 5652 exsistenti—

636 5695 884 5752 Pauor.
931 5695 1013 5753 Gn
1027 5736 1040 5754 .
1086 5695 1290 5751 XXXII.

1912 4307 2048 4380 ipsa
2085 4307 2217 4364 vitae
2247 4322 2372 4362 suae
2400 4307 2696 4364 rationem
2741 4306 2914 4362 facile
2962 4321 3204 4378 ponere.
3259 4307 3370 4371 Qui
3408 4306 3570 4362 enim

1915 4521 2018 4578 bus
2049 4536 2181 4593 qum
2214 4536 2251 4578 a
2281 4521 2485 4578 divina
2513 4520 2832 4593 Scriptura
2878 4518 3268 4593 manifestata
3304 4524 3481 4593 sunt,
3511 4523 3568 4575 et

1914 4593 2004 4648 his
2035 4591 2140 4664 qui
2158 4611 2192 4647 α
2221 4593 2499 4648 studiosis
2529 4592 2744 4648 debent
2762 4591 2947 4660 dirigi
2969 4597 3029 4664 et
3049 4593 3168 4645 Deo
3188 4591 3568 4664 ptacerefes-

1914 4663 2245 4720 tinantibus
2293 4665 2356 4719 in
2395 4667 2856 4733 prtesentiarum
2886 4663 3048 4728 moti,
3082 4677 3118 4717 a
3148 4663 3307 4717 vobis
3347 4663 3566 4731 solum,

1910 4737 2059 4791 sicut
2093 4735 2297 4801 didici,
2331 4741 2464 4802 etc.,
2492 4739 2791 4804 corrupte.
2821 4733 3064 4787 Desinit:
3088 4733 3460 4804 Fructusque
3478 4735 3568 4788 di-

1910 4821 2058 4876 gnos
2103 4807 2461 4874 paenitentia:
2503 4803 2810 4860 ostendere
2851 4805 2960 4859 Dei
3012 4803 3462 4873 beneplacentia
3510 4811 3567 4861 et

1912 4879 2325 4945 cooperatione
2366 4877 2607 4930 Domini
2651 4876 2844 4945 nostri
2876 4876 3019 4930 Jesu
3053 4876 3301 4930 Christi.
3338 4877 3556 4932 Amen.

1915 4944 2032 5028 Sed
2050 4963 2186 5028 qua:
2211 4945 2436 5028 inedita
2456 4944 2681 5028 putavit
2700 4945 2788 4999 vir
2808 4944 3211 5028 doctis-simus,
3231 4962 3301 5002 ea
3319 4947 3566 5028 totidem

1910 5015 2111 5074 verbis
2143 5019 2340 5073 Graece
2369 5021 2426 5071 et
2457 5015 2687 5081 Latine,
2719 5015 3098 5072 emendatius
3134 5018 3339 5086 etiam,
3367 5017 3566 5088 legere

1912 5094 2001 5145 est
2027 5090 2197 5161 epist.
2229 5091 2318 5157 22,
2353 5102 2559 5160 supra.
2593 5090 2747 5144 Emr.

1984 5158 2098 5231 (92)
2149 5158 2447 5231 Ἐπέσχονξ
2487 5163 2572 5215 Ita
2627 5174 2774 5231 mss.
2817 5174 3074 5231 _summo
3131 5174 3452 5225 consensu,
3509 5158 3568 5214 et

1910 5217 2095 5309 pa‘ltlp’
2121 5236 2257 5309 post
2281 5217 2593 5306 φῖλέχθρως.
2808 5228 3127 5309 ἀπέσχονὶθῑ
3147 5231 3420 5309 φιλιχθῶς.
3438 5217 3449 5225 ⁷
3479 5297 3493 5309 _

1986 5306 2100 5367 (93)
2128 5300 2608 5375 Πολυπράγμὸνεῖν.
2641 5300 2889 5375 Ilarl.et
2921 5300 3094 5375 Cois].
3148 5300 3378 5375 primus
3409 5300 3568 5375 ctio-

1913 5381 2249 5499 τᾶραγρονεῐν,
2282 5370 2451 5445 quod
2473 5375 2636 5430 idem
2671 5371 2985 5443 signiﬁcat.
3021 5370 3206 5428 Paulo
3245 5375 3381 5442 post
3405 5370 3570 5427 idem

1964 5460 2052 5499 015
2083 5486 2096 5498 .
2125 5465 2196 5499 ως
2221 5454 2408 5499 manu.

1917 5444 2096 5502 C’oisl.
2125 5448 2196 5503 ὡς
2221 5444 2408 5503 ὲγόῆν,

1993 5465 2200 5573 351115;;
2221 5465 2591 5575 Ec‘éﬁxxul.
2619 5513 2850 5588 Scripta
2878 5512 3038 5569 circa
3062 5525 3224 5574 anno
3244 5513 3370 5568 374.

3060 5685 3150 5745 21.
