4092 6210
591 264 692 318 651

1945 261 2008 315 S.
2040 261 2289 316 BASlLlI
2327 261 2544 316 MAGNI

2922 102 3178 119 'I..ﬁ—"-

3345 185 3368 209 ιιι

3541 271 3546 280 ⁴
3577 271 3588 299 ὅ

591 385 753 444 diem
782 385 948 444 illam
977 388 1158 458 atque
1191 385 1403 443 horam
1430 387 1566 439 ante
1607 382 1816 439 oculos
1851 383 2110 455 positam
2141 385 2228 440 ha!

2367 381 2567 456 δυνηθῇ
2603 387 2804 456 κούφως
2849 384 3140 438 ἀποθέσθαι
3176 389 3261 438 τὸν
3294 385 3440 458 λόγον
3480 396 3576 439 τῶν
3607 389 3911 466 βεϐιωμένων.

587 475 709 543 bet,
727 489 1084 547 semperque
1107 490 1280 529 suam
1302 490 1413 546 pro
1430 473 1530 528 illo
1549 472 1854 540 tribunali,
1870 472 2033 543 quod
2054 473 2251 545 decipi

589 563 818 634 nequit,
866 563 1283 619 defensionem
1325 561 1670 630 meditatur,
1715 560 1765 614 is
1811 565 1915 616 aut
1956 560 2105 616 nihil
2148 566 2254 616 aut

589 654 841 710 omnino
873 653 1180 710 levissima
1216 651 1488 724 peccabit
1521 670 1534 719 ;
1583 651 1726 722 quia
1772 665 2024 721 peccare
2071 651 2248 706 nobis

589 741 670 797 ob
692 743 1032 798 absentiam
1060 741 1292 798 timoris
1323 739 1424 796 Dei
1444 739 1754 809 contingit.
1779 739 2010 804 Quibus
2043 745 2247 795 autem

589 830 746 888 clare
763 829 1184 888 obversabitur
1207 831 1573 886 intentarum
1604 829 1906 884 minarum
1930 833 2246 899 exspecta-

585 919 688 989 tio,
715 919 809 976 his
837 919 1075 975 nullum
1104 924 1340 990 tempus
1368 917 1538 974 dabit
1560 917 1774 972 insitus
1802 917 1981 973 timor
2000 916 2060 972 in
2083 917 2248 972 invo-

583 1008 876 1065 luntarias
901 1012 1168 1064 actiones
1207 1012 1312 1064 aut
1339 1007 1737 1078 cogitationes
1766 1005 2090 1062 incidendi.
2133 1009 2244 1062 Ita-

581 1112 702 1168 que
734 1097 836 1154 Dei
865 1097 1230 1165 memineris,
1259 1101 1317 1152 et
1344 1096 1502 1151 illius
1528 1096 1805 1151 timorem
1835 1095 1898 1150 in
1925 1096 2103 1152 corde
2133 1095 2241 1150 ha-

579 1185 745 1256 beto,
773 1192 956 1258 atque
987 1187 1065 1242 ad
1095 1186 1591 1242 communionem
1612 1200 1861 1256 precum
1883 1200 2096 1239 omnes
2123 1184 2238 1240 ad-

575 1274 787 1344 junge.
812 1275 1095 1345 Magnum
1125 1274 1286 1330 enim
1313 1278 1405 1329 est
1425 1289 1635 1328 eorum
1658 1273 1762 1344 qui
1782 1275 1971 1328 Deum
2002 1273 2242 1344 placare

577 1367 838 1435 possunt
863 1363 1178 1419 auxilium.
1205 1365 1408 1434 Neque
1437 1361 1566 1417 haec
1596 1361 1792 1417 facere
1826 1362 2239 1418 intermiseris.

577 1454 729 1508 Nam
763 1456 822 1507 et
846 1450 1188 1508 viventibus
1235 1451 1412 1506 nobis
1445 1451 1506 1506 in
1555 1451 1668 1506 hac
1714 1466 1895 1506 carne
1941 1451 2107 1506 bona
2136 1451 2245 1507 erit

577 1539 841 1610 adjutrix
865 1540 1153 1612 precatio,
1175 1543 1233 1596 et
1251 1540 1390 1595 inde
1412 1539 1932 1612 proﬁciscentibus
1952 1540 2240 1596 idoneum

575 1630 859 1686 viaticum
893 1629 971 1685 ad
1005 1629 1276 1686 futurum
1307 1644 1526 1684 ravum.
1572 1629 2102 1694 Quemadmodum
2135 1645 2239 1685 au-

575 1722 696 1775 tem
740 1717 1074 1774 sollicitudo
1120 1733 1216 1775 res
1258 1717 1423 1774 bona
1461 1722 1573 1786 est,
1607 1717 1691 1772 ita
1721 1733 1932 1773 rursus
1964 1717 2238 1773 animum
2269 1744 2308 1796 Β

575 1805 957 1878 despondere
977 1811 1033 1862 et
1052 1807 1401 1879 desperare,
1424 1821 1494 1861 ac
1513 1805 1589 1861 de
1613 1805 1806 1861 salute
1824 1806 2120 1868 difﬁdere.
2142 1822 2238 1862 res

577 1898 722 1950 sunt
751 1895 968 1952 animm
997 1897 1212 1952 noxiae.
1263 1897 1442 1966 Spem
1472 1895 1674 1966 itaque
1727 1895 1788 1950 in
1831 1895 1930 1950 Dei
1969 1895 2237 1951 bonitate

572 1983 822 2053 colloca,
850 1990 908 2042 et
932 1985 1092 2041 illius
1117 1983 1408 2041 auxilium
1440 1990 1692 2056 expecta
1718 2001 1731 2040 :
1764 1989 1924 2040 certo
1952 1985 2163 2048 sciens,
2187 1985 2237 2040 si

573 2080 729 2131 recte
760 2091 832 2131 ac
871 2077 1098 2132 sincere
1129 2076 1206 2131 ad
1249 2075 1447 2146 ipsum
1481 2080 1927 2142 convertamur,
1969 2074 2236 2130 futurum

572 2168 638 2218 ut
665 2178 789 2219 non
831 2163 1016 2219 modo
1046 2179 1157 2219 nos
1185 2163 1434 2218 omnino
1465 2179 1586 2220 non
1629 2163 1878 2233 rejiciat,
1919 2162 2024 2218 sed
2053 2163 2236 2218 etiam

570 2250 749 2306 nobis
785 2251 986 2307 adhuc
1027 2266 1279 2323 precum
1327 2251 1516 2308 verba
1553 2251 1995 2323 proferentibus
2025 2250 2230 2307 dicat:

570 2340 721 2396 Ecce
752 2340 994 2400 adsum.

1064 2575 1401 2634 EPISTOLA
1450 2573 1724 2632 CLXXV".

2362 472 2419 524 Ὀ
2448 477 2550 547 γὰρ
2583 472 2776 531 ἐκείνην
2803 480 2894 532 τἠν
2926 475 3121 548 ἡμέραν
3153 480 3242 527 xui
3272 481 3364 533 τὴν
3394 479 3526 550 ὤραν
3556 484 3648 550 πρὸ
3678 483 3914 555 ὄφῦαλμῶν

2362 563 2639 632 τιθέμενος,
2672 566 2761 613 xui
2788 561 2864 614 ἀεὶ
2896 562 3114 634 μελετῶν
3145 568 3238 622 τὴν
3277 561 3361 615 ἐπὶ
3403 573 3492 617 τοῦ
3531 565 3912 642 ἁπαραλογίστον

2361 649 2473 716 (94)
2515 654 2790 724 κριτηρίου
2819 649 3122 723 ἀπολογίαν,
3146 654 3171 703 6
3198 661 3429 715 τοιοῦτος
3459 655 3487 712 ἦ
3518 653 3661 707 οὐδὲν
3691 659 3913 722 παντελῶς

2359 738 2387 795 ὴ
2437 736 2700 809 ἐλάχιστα
2753 738 3135 814 ἁμαρτήσεται·
3188 738 3326 792 διότι
3375 744 3431 794 τὸ
3483 742 3776 816 ἁμαρτάνειν
3810 750 3912 818 ἡμῖν

2357 829 2492 879 κατὰ
2524 827 2784 880 ἀπουσίαν
2832 836 2925 880 τοῦ
2965 828 3124 900 φόϐου
3167 838 3259 882 τοῦ
3299 838 3430 882 Θεοῦ
3467 835 3578 901 (95)
3613 839 3811 904 γίνεται.
3840 836 3910 897 Οἷς

2361 911 2412 966 6“
2469 915 2529 966 ἂν
2579 916 2797 989 ἐναργὴς
2845 926 2986 992 παρῇ
3035 927 3133 969 τῶν
3166 917 3537 992 ἀπειλουμένων
3569 923 3597 979 ὴ
3629 921 3908 995 προσδοκία,

2356 1000 2544 1056 ούδένα
2599 1009 2779 1078 καιρόν
2830 1003 2993 1058 δώσει
3039 1015 3150 1068 τοῖς
3192 1012 3448 1070 τοιούτοις
3475 1011 3500 1060 6
3535 1013 3760 1073 σύνοικος
3783 1012 3908 1084 φόϐος

2355 1091 2421 1152 εἰς
2452 1091 2772 1154 ἀϐουλήτους
2796 1094 3009 1168 πράξεις
3036 1095 3065 1153 ἣ
3093 1094 3402 1168 ἐνθυμήσεις
3430 1095 3655 1150 ἐκπεσεῖν
3680 1104 3800 1162 χ96).
3828 1108 3908 1154 Καὶ

2353 1185 2588 1253 μέμνησο
2612 1187 2782 1234 τοίνυν
2813 1191 2904 1234 τοῦ
2945 1191 3100 1252 Θεοῦ,
3132 1191 3222 1236 xui.
3268 1186 3361 1257 ἔχε
3406 1190 3494 1237 τόν
3530 1187 3683 1238 αὑτοῦ
3713 1188 3845 1259 φόϐον
3870 1189 3907 1241 ὲν

2351 1277 2414 1341 τῇ
2463 1267 2680 1344 καρδίᾳ,
2723 1276 2811 1323 καὶ
2865 1273 3059 1332 πάντας
3104 1274 3173 1334 εἰς
3216 1278 3311 1331 τὴν
3350 1280 3615 1327 κοινωνίαν
3648 1285 3739 1328 τῶν
3767 1279 3908 1349 εὐχῶν

2351 1359 2739 1431 παραλάμϐανε.
2767 1360 2976 1432 Μεγάλη
3010 1364 3110 1436 γὰρ
3135 1367 3224 1414 xui
3256 1365 3286 1420 η
3318 1371 3417 1415 τῶν
3451 1360 3732 1436 δυναμένων
3761 1363 3907 1418 δύσω·

2350 1455 2464 1499 πεῖν
2492 1452 2579 1500 τὸν
2602 1452 2729 1502 Θεὸν
2759 1448 3000 1522 βοήθεια.
3028 1457 3128 1503 Καὶ
3153 1455 3221 1524 μὴ
3251 1448 3498 1525 ὃιαλίπης
3518 1461 3680 1506 ταῦτα
3697 1463 3905 1512 ποιοῦσα.

2354 1541 2452 1588 Καὶ
2496 1541 2597 1610 γὰρ
2643 1543 2731 1591 καὶ
2784 1539 2947 1599 ζῶσιν
3002 1541 3129 1612 ἡμῖν
3173 1545 3267 1598 τὴν
3308 1539 3356 1592 ἐν
3399 1548 3557 1616 σαρκὶ
3591 1546 3742 1616 ταύτῃ
3794 1545 3906 1604 ζωὴν

2351 1622 2523 1696 ἀγαθὴ
2557 1630 2706 1680 ἔσται
2747 1627 2939 1699 βοηθός
2991 1631 3020 1686 η
3075 1635 3379 1702 προσευχὴο
3439 1651 3527 1684 xui
3576 1630 3905 1706 ἀπερχομένοις

2351 1715 2576 1768 ἐντεῦθεν
2607 1713 2812 1788 ἐφόδιον
2842 1713 3055 1790 διαρκὲς
3084 1721 3215 1790 πρὸς
3251 1723 3340 1770 τὸν
3370 1719 3535 1772 αἰῶνα
3568 1725 3650 1772 τὸν
3679 1721 3904 1792 μέλλοντα.

2348 1802 2548 1877 Ὠσπερ
2582 1802 2640 1856 δὲ
2665 1807 2695 1863 ἡ
2732 1811 2942 1879 φροντὶς
2965 1809 3184 1880 πρᾶγμά
3214 1807 3353 1859 ἐστιν
3385 1807 3597 1879 ἀγαθὸν,
3624 1809 3749 1862 οὕτω
3780 1809 3905 1861 πάλιν

2348 1896 2378 1952 ἡ
2410 1893 2612 1966 ἀθυμία
2649 1901 2738 1947 καὶ
2786 1899 2815 1954 η
2864 1895 3182 1968 ἀπόγνωσις,
3211 1903 3302 1950 xui
3329 1904 3388 1951 τὸ
3422 1896 3768 1961 δυσελπίστως
3791 1902 3903 1970 ἔχειν

2347 1987 2478 2056 πρὸς
2531 1990 2814 2059 σωτηρίαν,
2876 1994 2976 2038 τῶν
3031 1985 3367 2058 βλαπτόντων
3423 1987 3535 2041 ἐστὶ
3589 1994 3678 2048 τὴν
3728 1989 3900 2060 ψυχήν.

2348 2072 2621 2133 Ἐπέλπιζε
2646 2080 2815 2126 τοίνυν
2846 2083 2907 2146 τῇ
2949 2074 3242 2146 ἀγαῦότητι
3285 2085 3379 2130 τοῦ
3423 2086 3574 2144 Θεοῦ,
3604 2084 3688 2130 καὶ
3716 2075 3900 2148 ἐκδέχον

2346 2161 2507 2213 αὐτοῦ
2537 2168 2629 2220 τὴν
2670 2161 2964 2234 ἀντίληψιν,
3005 2171 3366 2237 γινώσκουσα,
3399 2169 3497 2233 ὅτι,
3538 2169 3618 2220 ἐὰν
3663 2165 3812 2227 καλῶς
3831 2170 3900 2216 καὶ

2345 2255 2576 2320 γνησίως
2624 2256 2755 2323 πρὸς
2821 2253 2975 2304 αὑτὸν
3032 2253 3464 2328 ἐπιστραφῶμεν,
3521 2257 3579 2309 ού
3639 2260 3776 2328 μόνον
3825 2255 3900 2306 οὐκ

2345 2338 2624 2413 ἀπορρίρει
2656 2343 2794 2413 ἡμᾶς
2843 2341 2910 2404 εἰς
2956 2346 3015 2395 τὸ
3046 2344 3309 2410 παντελὲς,
3375 2344 3487 2398 ἀλλ’
3537 2349 3612 2398 ἔτι
3657 2345 3898 2398 λαλούντων

2344 2431 2488 2502 ἡμῶν
2514 2432 2581 2482 τὰ
2605 2431 2821 2505 ῥήματα
2840 2441 2930 2494 τῆς
2961 2443 3268 2508 προσευχῆς
3298 2438 3428 2509 ἐρεῖ·
3461 2433 3602 2490 Ἱὃοὺ
3628 2438 3837 2510 πάρειμι.

2875 2583 3216 2632 ΕΘΙΣΤΟΛΙΙ
3255 2578 3422 2635 ΡΟΗ.

991 2727 1081 2784 De
1105 2727 1226 2796 ﬁde
1253 2727 1412 2782 nihil
1452 2726 1583 2783 vult
1619 2726 1878 2782 scribere
1906 2726 2194 2794 Basilius,
2233 2739 2307 2782 ac
2344 2725 2418 2783 de
2456 2727 2996 2785 calumniatoribus
3032 2730 3156 2786 suis
3193 2732 3496 2802 queritur.

1061 2885 1472 2957 Magnem’ano
1501 2888 1728 2945 comiti.

635 3013 768 3069 Non
796 3010 880 3068 ita
893 3010 1130 3085 pridem
1153 3012 1456 3069 scribebat
1475 3012 1623 3069 mihi
1644 3012 1908 3082 gravitas
1938 3013 2060 3082 tua,
2087 3027 2227 3070 cum

563 3099 862 3158 nonnulla
902 3099 1042 3170 alia,
1089 3106 1221 3157 tum
1263 3107 1324 3157 ut
1363 3101 1436 3156 de
1479 3101 1600 3157 ﬁde
1651 3099 1979 3156 scriberem
2023 3107 2227 3172 aperte

561 3189 948 3262 prazcipiens.
975 3191 1097 3260 Ego
1121 3205 1302 3262 porro
1322 3195 1490 3246 tuum
1513 3189 1691 3261 hujus
1716 3191 1804 3248 rei
1824 3189 2092 3246 admiror
2109 3195 2227 3246 stu-

564 3277 759 3347 dium,
790 3294 862 3334 ac
887 3279 1076 3334 Deum
1104 3294 1272 3350 rogo,
1307 3284 1373 3335 ut
1397 3279 1709 3336 indefessa.
1735 3274 1840 3335 tibi
1869 3279 2010 3335 insit
2037 3279 2224 3336 bono-

561 3380 699 3422 rum
713 3365 1017 3432 electio,ac
1031 3383 1270 3440 semper
1282 3368 1672 3440 progrediens
1685 3373 1810 3424 tum
1824 3369 2224 3438 scientia,tum

561 3453 743 3511 bonis
771 3455 1077 3528 operibus,
1101 3457 1396 3528 perfectus
1419 3457 1662 3512 evadas.
1689 3456 1802 3513 Sed
1825 3457 1968 3528 quia
1985 3457 2125 3513 nolo
2148 3457 2225 3513 de

561 3542 684 3600 ﬁde
705 3544 996 3616 scriptum
1020 3545 1379 3617 relinquere,
1404 3561 1513 3600 nec
1533 3545 1805 3600 diversas
1830 3544 1972 3599 ﬁdei
1999 3543 2226 3616 profes-

561 3633 762 3690 siones
792 3633 1074 3701 scribere,
1103 3633 1377 3690 recusavi
1407 3634 1637 3690 mittere
1666 3649 1803 3706 quae
1834 3633 2214 3706 postulastis.

562 3723 854 3779 Caeterum
875 3723 1022 3779 mihi
1053 3722 1337 3778 videmini
1367 3722 1591 3778 erudiri
1621 3722 1698 3778 ab
1724 3722 2075 3778 hominibus
2103 3721 2224 3777 illic

560 3811 711 3868 nihil
735 3811 1074 3884 agentibus,
1103 3811 1208 3885 qui
1237 3817 1301 3867 ut
1330 3828 1425 3868 me
1453 3811 1897 3868 calumnientur
1926 3810 2224 3868 nonnulla

559 3901 910 3972 proferunt;
942 3903 1120 3974 quasi
1142 3900 1280 3957 inde
1312 3903 1547 3973 seipsos
1578 3901 1692 3956 sint
1717 3901 2218 3971 commendaturi,

560 3988 610 4042 si
638 3991 714 4043 de
743 4005 840 4044 me
866 3990 1218 4060 turpissima
1249 3991 1634 4046 mentiantur.
1669 3989 1805 4045 Illos
1837 3991 2000 4046 enim
2029 3990 2223 4052 nudat

558 4077 862 4150 praeterim
891 4081 1150 4149 tempus,
1174 4083 1231 4133 et
1275 4077 1667 4148 progrediens
1711 4080 2080 4150 experientia
2119 4095 2223 4135 no-

559 4165 738 4222 tiores
764 4165 1091 4222 faciet.Nos
1117 4169 1315 4222 autem
1342 4167 1728 4238 praecipimus
1750 4169 1951 4240 iis,qui
1974 4168 2034 4224 in
2063 4169 2221 4225 Chri-

559 4259 720 4312 stum
741 4261 1007 4328 sperant,
1029 4255 1177 4312 nihil
1193 4255 1426 4312 curiose
1449 4262 1664 4328 praeter
1692 4258 2007 4331 antiquam
2041 4260 2215 4332 263

554 4344 740 4401 ﬁdem
779 4345 1081 4418 inquirere
1113 4363 1128 4398 :
1172 4343 1279 4401 sed
1315 4345 1842 4419 quemadmodum
1891 4346 2217 4417 credimus,

551 4432 637 4491 ita
693 4438 751 4491 et
783 4434 1095 4508 baptizari,
1151 4437 1208 4490 et
1254 4435 1778 4506 quemadmodum
1817 4435 2215 4508 haptizamur,

553 4522 639 4579 ita
670 4527 726 4580 et
763 4523 1120 4593 gloriﬁcare.
1171 4525 1428 4582 Nomina
1474 4529 1678 4581 autem
1726 4523 1905 4581 nobis
1948 4524 2090 4580 satis
2127 4530 2219 4582 est

555 4625 629 4668 ea
659 4611 929 4668 conﬁteri
959 4629 1097 4686 quae
1121 4628 1159 4670 a
1188 4618 1396 4670 sancta
1427 4613 1735 4685 Scriptura
1765 4612 2134 4686 accepimus,
2161 4619 2219 4670 et

553 4701 617 4758 in
661 4699 756 4759 his
801 4702 1134 4761 novitatem
1169 4702 1374 4761 vitare.
1420 4705 1551 4760 Non
1577 4702 1740 4759 enim
1769 4702 1833 4759 in
1868 4702 2216 4762 inventione

623 4989 648 5064 ᾖ
683 4987 844 5064 μίξις
868 4986 1105 5064 ρεςρΧ.
1140 4987 1373 5064 Scripta
1401 4989 1560 5049 circa
1587 5009 1731 5050 ann.
1765 4994 1890 5051 374.

621 5061 734 5148 (114)
775 5060 1352 5148 Ἀἷαραλοσχιστοωῑῑᾶ
1378 5071 1799 5148 mss.‘_septem‘.
1833 5065 2214 5148 scutalia”-

549 5130 794 5211 λογήτου.
841 5130 1022 5211 Paulo
1047 5130 1217 5211 post.
1260 5148 1376 5204 ope
1407 5130 1703 5211 codicum
1748 5138 1911 5211 Harl.
1946 5142 2002 5194 et
2033 5130 2210 5211 cois].

547 5203 730 5275 primi
767 5203 1226 5275 emendavimus
1259 5203 1428 5275 quod
1473 5211 1599 5261 erat
1644 5207 1705 5262 in
1737 5208 1909 5264 editis
1935 5211 1963 5267 ἡ
2003 5207 2154 5262 οὐδὲν
2177 5211 2206 5269 ἠ

543 5274 804 5336 παντελῶς
833 5274 1112 5345 ἐλάχιστα.

617 5349 729 5419 (95)
767 5353 1073 5419 T066565.
1110 5346 1220 5419 __It_a
1245 5348 1364 5401 tres
1407 5347 1796 5404 vetustissimi
1829 5348 2209 5408 codices.De.

545 5416 790 5494 suntin
833 5418 986 5475 aliis.
1039 5416 1188 5494 Editi
1236 5425 1328 5468 τοῦ
1377 5421 1620 5494 Κυρίουη
1650 5421 1837 5477 Paulo
1886 5430 2021 5494 post
2067 5424 2208 5480 editi

540 5486 752 5614 ῗνερῖἡς
797 5498 938 5565 παρῇ
987 5498 1085 5544 τῶν
1128 5486 1538 5562 ἀπαιτουμένων.
1591 5491 1812 5548 Omnes
1853 5486 2002 5551 mss.
2052 5502 2116 5552 ut
2144 5497 2206 5552 in

566 5572 638 5614 ex
669 5577 726 5614 ιι.

566 5565 726 5617 extu.

2766 2895 3116 2961 Μαγνηνιανῷ
3145 2891 3257 2961 (97)
3296 2895 3521 2964 κόμητι.

2412 3017 2599 3086 Πρὼην
2628 3011 2892 3068 ἐπέστελλέ
2934 3035 3022 3088 μοι
3071 3018 3102 3074 ἠ
3156 3021 3419 3088 σεμνότης
3476 3036 3568 3072 σου
3614 3015 3733 3069 ἄλλα
3782 3016 3888 3080 τινὰ,

2337 3107 2426 3153 καὶ
2476 3108 2594 3177 περὶ
2652 3108 2873 3166 πίστεως
2931 3103 3135 3179 γράψαι
3185 3107 3327 3178 ἡμᾶς
3672 3106 3889 3178 προστάς.

2339 3211 2530 3244 σουσα.
2589 3191 2724 3244 Ἀλλ’
2791 3191 2888 3264 ἐγώ
2941 3200 3033 3252 την
3099 3198 3188 3266 μὲν
3260 3200 3364 3254 σὴν
3430 3202 3544 3272 περὶ
3610 3199 3664 3248 τὸ
3714 3200 3892 3265 πρᾶγμα

2336 3281 2543 3353 ἄγαμαι
2609 3278 2870 3345 σπουδὴν,
2939 3288 3028 3335 καὶ
3092 3283 3324 3356 εὔχομαι
3375 3295 3446 3357 τῷ
3509 3293 3617 3356 Θεῷ
3660 3280 3890 3338 ἀνενδότως

2339 3389 2424 3422 σοι
2468 3379 2567 3421 τῶν
2607 3369 2815 3442 ἀγαθῶν
2861 3375 2952 3429 τὴν
2997 3373 3196 3444 αἰρεσιν
3249 3371 3583 3448 ἐνυπάρχειν,
3632 3378 3711 3425 καὶ
3750 3369 3816 3422 ἀεί
3848 3386 3887 3420 σε

2336 3463 2698 3531 προκόπτοντα
2771 3464 2861 3511 xui
2944 3466 3133 3531 γνώσει
3191 3465 3280 3514 xui
3356 3466 3528 3538 ἔργοις
3584 3462 3778 3534 ἀγαθοῖς
3832 3475 3887 3508 τεο

2332 3546 2620 3600 λειοῦσοαι·
2678 3543 2772 3600 διὰ
2827 3545 2887 3600 δὲ
2936 3553 2994 3600 τό
3052 3554 3123 3622 μὴ
3185 3549 3477 3622 βούλεσθαι
3547 3551 3654 3625 περί
3704 3554 3884 3604 πίστεως

2334 3639 2607 3709 σύνταγμα
2677 3637 3120 3710 καταλιμπάνειν,
3202 3635 3347 3710 μηδὲ
3392 3644 3600 3717 γράφειν
3651 3636 3885 3708 διαφόρους

2333 3731 2561 3794 πίστεις,
2615 3730 3068 3800 παρετηρησάμην
3115 3726 3426 3781 ἀποστεῖλαι
3467 3730 3500 3780 ά
3549 3728 3877 3788 ἐπεζητήσατε-

2334 3813 2472 3871 Πλην
2542 3811 2747 3867 δοκεῖτέ
2804 3835 2894 3888 μοι
2950 3819 3332 3889 περιηχεῖσθαι
3391 3820 3534 3892 παρά
3583 3827 3671 3869 τῶν
3718 3813 3883 3874 αὐτόθι,

2330 3911 2431 3953 τῶν
2467 3899 2632 3974 μηδὲν
2681 3902 3058 3976 ἐργαζομένων,
3120 3904 3168 3956 οἱ
3226 3903 3311 3957 ἐπὶ
3367 3909 3476 3977 (08)
3527 3903 3727 3961 διαϐολῆ
3779 3903 3884 3970 ἡμε-

2330 3995 2454 4065 τέρᾳ
2505 3991 2718 4062 λέγουσί
2766 4013 2926 4062 τινα,
2987 3997 3056 4054 ὡς
3113 3992 3167 4045 ἐκ
3220 3999 3411 4048 τούτου
3470 3996 3672 4055 ἑαυτούς
3716 3992 3881 4043 συστὲ-

2333 4099 2506 4141 σοντες
2546 4081 2678 4147 (99),
2729 4081 2812 4134 ἐὰν
2859 4085 3004 4156 ἡμῶν
3053 4085 3119 4135 τὰ
3168 4085 3440 4156 αἰσχιστα
3484 4083 3877 4153 κατα-ψεύσωνται.

2331 4169 2586 4231 Ἐκείνους
2631 4175 2718 4243 μὲν
2757 4175 2858 4246 γὰρ
2919 4180 3126 4246 φανεροί
3191 4175 3215 4224 ὁ
3282 4175 3547 4250 παρελθὼν
3594 4175 3780 4247 χρόνος,
3813 4168 3879 4215 καὶ

2329 4263 2592 4332 προϊοῦσα
2647 4263 2675 4316 η
2728 4269 2885 4335 πεῖρα
2938 4266 3316 4334 φανερωτέρους
3375 4271 3602 4320 ποιησειυ
3659 4262 3787 4331 ἡμεῖς
3835 4249 3877 4302 δὲ

2326 4349 2726 4420 παρακαλοῦμεν
2775 4353 2890 4409 τούς
2959 4349 3242 4412 ἠλπικότας
3301 4353 3374 4412 εἱς
3438 4352 3695 4426 Χριστὸν,
3747 4337 3874 4416 μηδὲν

2326 4440 2471 4510 παρὰ
2535 4442 2628 4495 την
2693 4436 2926 4510 ἀρχαίαν
2980 4441 3418 4513 περιεργάζεσθαι
3467 4445 3657 4492 πίστιν·
3702 4432 3789 4486 ἀλλ’
3827 4431 3872 4484 ὡς

2325 4528 2655 4597 πιστεύομεν,
2712 4526 2846 4578 οὕτω
2913 4532 3002 4579 xui
3067 4526 3450 4598 βαπτίζεσθαι,
3514 4531 3577 4586 ὡς
3623 4521 3678 4577 δὲ
3716 4520 3870 4594 βαπτι-

2327 4613 2556 4685 ζόμεοα,
2625 4615 2760 4667 οὕτω
2821 4621 2910 4668 xui
2975 4612 3304 4688 δοξολογείν.
3374 4617 3630 4688 Ὀνόματα
3680 4609 3733 4664 δὲ
3779 4610 3869 4677 ἡμῖν

2325 4701 2473 4777 ἀρκεῖ
2499 4706 2578 4776 (1)
2627 4703 2793 4758 ἐκεῖνα
2837 4705 3126 4778 ὁμολογεῖν,
3175 4705 3211 4757 ἆ
3256 4705 3604 4779 παρελάϐομεν
3640 4701 3766 4774 παρὰ
3800 4698 3866 4751 τῖε

2394 4990 2506 5067 (96)
2547 4993 2831 5050 ’Exmaziv.
2878 4991 3037 5052 Multi
3079 4991 3318 5051 codices
3354 5007 3476 5050 non
3514 4975 3865 5067 antiquissimi

2319 5059 2604 5121 inim-Em.
2622 5071 2747 5124 Non
2771 5067 2960 5123 multo
2986 5073 3123 5141 post
3143 5067 3342 5138 plures
3367 5083 3511 5122 mss.
3528 5059 3864 5141 ξεινίην-ζωὴν·

2392 5141 2504 5209 (97)
2540 5147 2908 5210 Μαγνηνιανῷ.
2951 5134 3098 5196 Med.
3145 5134 3494 5210 Μαγνινιανῴ.
3526 5134 3664 5193 Editi
3689 5136 3864 5197 Mar/vn-

2419 5233 2506 5264 νω.

2547 5280 2610 5366 qi
2634 5283 2744 5368 έπί,
2777 5266 2861 5338 Ita
2883 5281 3056 5339 Coisl.
3087 5280 3314 5354 primus
3341 5282 3395 5336 et
3418 5281 3554 5347 Reg.
3579 5263 3859 5330 secundus.

2319 5354 2526 5494 ﬂigi);
2724 5443 2918 5486 σοντες.
2947 5425 3034 5481 Ita
3065 5423 3242 5480 Cois].
3271 5421 3517 5494 primus,
3545 5414 3703 5482 Med.,
3733 5409 3857 5468 Vat,

2317 5493 2580 5572 Claram.
2620 5501 2674 5552 et
2705 5496 3203 5572 Beg._secundu_s.
3233 5493 3380 5572 Editi
3411 5495 3770 5572 συστήσαντες.

2387 5568 2464 5638 (ί)
2506 5567 2696 5640 Ἀρκεῖ.
2719 5567 3032 5626 Medicaeus
3063 5566 3254 5624 codex
3284 5566 3472 5636 ἀρκεῖν.

3981 5076 3983 5169 i

3979 5199 3981 5263 ι

3972 5299 3979 5451 4

3972 5483 3975 5545 ⁴
