2046 3105
259 111 311 140 655

934 112 964 137 S.
990 111 1030 138 BA
1037 110 1112 138 SILII
1132 110 1238 137 MAGNI
1246 129 1253 137 .

261 174 402 203 Omnium
425 176 525 202 autem
550 173 746 209 dignissimus
770 175 816 201 est
844 173 897 209 qui
918 173 1049 208 juvetur,
1063 173 1086 201 is

1143 182 1222 202 τατος
1249 170 1278 198 δὲ
1310 171 1410 198 πάντων
1439 174 1484 199 καὶ
1507 173 1520 199 ό
1549 175 1593 198 νῦν
1618 174 1787 209 πρσαγόμενος
1815 173 1854 201 διὰ
1868 180 1905 203 τοῦ

260 229 352 257 quem
363 227 445 248 nunc
459 219 511 247 tibi
527 227 580 255 per
596 218 710 247 litteras
727 218 816 254 264
828 226 911 246 meas
930 218 1014 252 sisto,
1037 225 1086 246 co-

260 265 453 293 lendissimus
464 264 553 292 frater
567 266 670 291 noster
680 263 836 295 Eusebius,
850 262 983 291 absurda
997 270 1087 299 appe-

260 311 330 338 titus
350 309 511 343 calumnia,
541 317 633 345 quam
658 308 834 344 prOpulsare
859 307 950 335 solius
971 309 1028 335 tuae
1041 308 1086 335 est

260 354 428 392 probitatis.
446 355 633 389 Quapropter
653 360 738 388 rogo.
765 354 797 380 ut
811 354 840 380 et
867 352 944 387 juris
968 351 1085 380 habens

259 401 452 434 rationem,et
465 399 504 426 ad
516 399 682 426 humanam
697 397 900 425 conditionem
911 396 1084 433 respiciens,

260 448 288 473 et
311 446 454 472 consueta
472 444 502 471 in
520 451 568 471 me
579 443 725 471 beneﬁcia
741 442 908 477 conferens,
934 441 1005 469 huic
1020 441 1085 469 viro

261 489 399 517 omnium
420 488 486 516 loco
510 487 560 521 sis,
575 495 706 522 eumque
727 495 788 515 una
811 494 881 514 cum
896 486 1017 514 veritate
1031 485 1087 513 ad-

257 535 354 569 juves.
370 535 445 561 Nam
458 532 589 568 praesidii
607 539 669 560 non
681 539 791 567 parum
814 531 845 558 in
865 531 933 566 jure
955 530 1087 566 positum

260 578 375 611 habet;
405 576 488 613 quod
519 576 654 612 quidem,
696 575 753 603 nisi
790 577 912 610 tempus
953 581 1089 610 praesens

260 621 377 655 laeserit,
394 621 479 649 facile
495 621 549 649 erit
564 620 643 648 clare
654 619 923 648 etineluctabiliter
946 619 1089 647 demons-

261 669 350 694 trare.
498 709 664 738 EPISTOLA
680 709 852 743 CLXXVIII‘,

1144 218 1300 254 γράμματος
1325 218 1398 253 ἡμῶν
1434 218 1562 253 τυγχάνει
1596 218 1646 253 (6),
1685 218 1697 244 ὁ
1731 217 1908 256 αἰδεσιμωτατος

1147 260 1257 297 ἁδελφός
1284 261 1321 297 (7)
1348 261 1479 295 Εὐσέϐιος,
1502 262 1642 300 παραλόγῳ
1677 267 1824 301 συκοφαντίᾳ
1851 275 1906 302 περι-

1144 309 1239 340 πεσὼν,
1273 307 1302 335 ἣν
1332 305 1516 333 ἁποσκεᾶὰσαῖ
1549 310 1629 343 μόνης
1662 307 1717 334 ἐστὶ
1735 313 1778 338 τῆς
1796 309 1910 345 σῆςόρθόι

1144 361 1231 382 τητος.
1249 353 1292 377 Διό
1307 352 1516 389 παρακαλοῦμεν,
1541 355 1586 379 καὶ
1610 356 1646 388 τῷ
1672 351 1761 389 δίκαίῳ
1786 356 1910 391 χαριζόμε-

1144 406 1196 430 νον,
1221 398 1265 422 καὶ
1293 398 1358 432 πρός
1387 398 1416 422 τό
1440 396 1598 433 ἀνθρώπινον
1632 396 1770 433 ἀφορῶντα,
1796 400 1837 424 καὶ
1861 399 1911 435 ἡμῖν

1145 441 1192 471 τὰς
1225 441 1345 471 συνήθεις
1374 443 1553 478 παρεχόμενον
1592 442 1715 478 χάριτας⁷
1747 442 1800 469 ἀντὶ
1828 444 1911 469 πάντων

1143 486 1265 521 γενέσθαι
1294 489 1331 521 τῷ
1356 484 1444 523 ἀνδρὶ,
1473 488 1517 512 καὶ
1536 491 1683 524 προστῆναι
1701 486 1777 513 αὐτοῦ
1790 488 1861 523 fuerit
1875 492 1912 519 τῆς

1143 529 1277 560 ἀληθείας.
1309 529 1387 566 Ἐχεὶ
1411 532 1461 568 γὰρ
1477 531 1507 557 οὗ
1535 532 1630 568 μικρὰν
1659 534 1862 567 συμμαχίωτήν
1874 531 1913 558 ἀπὸ

1142 577 1189 600 τοῦ
1204 572 1321 602 δικαίου.
1339 575 1382 608 ἣν,
1398 575 1420 601 εἰ
1438 577 1474 611 μὴ
1500 576 1513 602 ό
1540 578 1630 613 παρὼν
1652 578 1740 613 καιρός
1753 575 1913 611 καταϐλάψιιε,

1142 620 1210 645 πάνυ
1244 617 1336 655 ῥᾴδιον
1368 622 1457 655 σαφῶς
1488 621 1532 645 καὶ
1564 619 1752 657 ἁναντιῤῥήτῳς
1778 618 1915 656 ὶπιδειχθη-

1145 664 1239 690 σεο-θαι
1249 663 1299 699 (8).

1411 710 1580 736 ΕΠΙΣΤΟΛΗ
1596 712 1673 737 ΡΟΗ.

289 772 480 801 Commendat
495 772 631 800 Basilius
647 771 783 800 eumdem
800 770 967 803 Eusebium,
982 777 1018 798 ac
1032 773 1129 807 rogat,
1144 770 1270 807 nepquz‘a
1286 770 1376 807 multi
1390 771 1422 798 in
1432 771 1629 801 atrocissimis
1639 771 1798 801 sceleribus
1807 771 1894 807 depre-

789 807 883 841 hensi,
900 807 931 834 in
945 813 1012 834 eum
1025 806 1089 834 haec
1106 805 1239 841 suspicio
1254 806 1412 834 redundet.

580 870 604 897 A
611 870 727 905 burgio.

296 924 362 953 Scio
378 932 426 952 me
437 926 498 952 tuae
509 923 653 959 dignitati
665 923 777 951 multos
793 929 1002 959 saepenumero
1009 930 1090 950 com-

260 969 432 1004 mendasse,
450 970 478 996 et
491 968 677 1003 gravissimis
691 967 879 1004 temporibus
902 974 964 995 non
979 974 1088 1002 parum

259 1013 376 1041 afﬂictis
389 1013 547 1049 profuisse.
564 1012 621 1041 Sed
636 1011 753 1040 nullum
768 1013 857 1040 antea
871 1011 999 1039 missum
1009 1018 1088 1039 ame

258 1057 299 1086 ad
314 1059 398 1085 tuam
408 1056 616 1093 prmstantiam
640 1055 775 1088 memini,
792 1055 845 1092 qui
866 1055 940 1083 mihi
968 1055 1088 1083 eharior

258 1102 344 1135 foret,
359 1101 473 1137 autqui
487 1100 525 1129 de
533 1100 625 1128 rebus
638 1100 763 1135 majoris
785 1099 931 1127 momenti
952 1099 1086 1128 decerta-

257 1148 311 1181 ret,
337 1154 431 1182 quam
456 1144 727 1173 desideratissimus
746 1144 826 1172 ﬁlius
850 1143 1010 1173 Eusebius.
1033 1144 1087 1180 qui

258 1197 341 1217 nunc
367 1189 421 1217 tibi
440 1189 495 1217 has
513 1197 531 1217 a
547 1196 596 1216 me
618 1188 730 1216 litteras
754 1188 861 1216 reddit.
897 1188 951 1221 Qui
962 1188 1086 1224 quxdem

258 1234 341 1269 quali
355 1233 526 1270 implicatus
542 1233 578 1261 sit
592 1232 808 1268 negotio,ipse,
824 1232 848 1260 si
863 1232 956 1261 modo
966 1235 1087 1269 tempus

255 1278 400 1306 idoneum
414 1278 615 1312 nanciscatur,
632 1277 770 1312 gravitati
784 1279 843 1305 tuae
853 1277 996 1305 narrabit.
1014 1278 1085 1310 Quae

256 1326 359 1351 autem
374 1331 392 1350 a
410 1331 459 1351 me
472 1322 531 1350 dici
544 1330 600 1359 par
614 1325 668 1357 est,
686 1322 750 1350 haec
764 1323 833 1350 sunt
850 1330 931 1350 :non
945 1321 1085 1350 commit-

255 1366 381 1395 tendum
395 1374 459 1394 esse
476 1368 506 1394 ut
520 1366 575 1394 viri
590 1373 682 1394 causa
695 1365 912 1402 detorquentur
924 1375 931 1399 ;
945 1368 997 1394 aut
1012 1365 1087 1402 quia

255 1411 341 1438 multi
356 1411 387 1439 in
402 1410 599 1439 atrocissimis
621 1410 785 1438 sceleribus
812 1409 994 1446 deprehensi
1017 1412 1087 1438 sunt

255 1455 287 1483 in
309 1463 378 1483 eum
411 1455 478 1482 haec
501 1454 667 1482 multorum
693 1454 825 1490 suspicio
851 1454 1016 1489 redundet;
1032 1454 1086 1482 sed

254 1499 404 1535 judicium
422 1499 448 1527 ei
467 1499 694 1527 concedendum
715 1506 791 1532 esse,
808 1500 837 1526 et
851 1498 882 1526 in
899 1498 978 1526 illius
991 1498 1086 1526 vitam

1466 868 1622 907 Ἀϐουργίῳ.

1180 921 1292 952 Πολλοὺς
1304 920 1366 948 οἶδα
1384 922 1507 954 πολλάκις
1520 925 1662 955 συστήσας
1682 926 1714 959 τῇ
1730 925 1857 959 τιμιοτητί
1870 932 1918 958 σου,

1142 969 1187 993 καὶ
1219 969 1354 1003 γενόμενος
1369 966 1410 993 ἐπὶ
1438 970 1568 1003 μεγίστων
1588 972 1687 1005 καιρῶν
1700 970 1831 1005 χρήσιμος
1845 967 1920 997 ἱκανῶς

1142 1015 1197 1042 τοῖς
1229 1013 1474 1047 καταπονουμένοις.
1495 1012 1532 1038 Οὐ
1566 1014 1617 1048 μὴν
1650 1014 1803 1050 τιμιὼτερον
1816 1022 1842 1048 γε
1861 1011 1920 1047 ἐμοὶ,

1141 1054 1200 1082 οὐδ’
1235 1056 1299 1094 ὑπερ
1340 1056 1464 1092 μειζόνων
1506 1056 1698 1093 ἀγωνιζόμενον
1733 1055 1794 1084 οἶδα
1817 1059 1921 1094 πρότερον

1140 1100 1318 1137 παραπέμψας
1351 1104 1381 1137 τῇ
1419 1102 1577 1137 κοσμιότητί
1606 1106 1654 1128 σοῦ
1677 1105 1724 1128 τοῦ
1760 1101 1923 1128 ποθεινοτάταν

1140 1146 1199 1172 υἱοῦ
1225 1145 1362 1179 Εὗσεϐίου,
1388 1149 1435 1171 τοῦ
1464 1150 1508 1172 νῦν
1523 1148 1569 1176 τὴν
1587 1146 1732 1176 ἐπιστολῆν
1743 1147 1835 1176 ταύτην
1852 1145 1925 1181 ἐγχει-

1140 1191 1259 1226 ρίζοντος
1289 1199 1331 1216 σοι
1355 1190 1418 1227 παρ’
1447 1192 1530 1227 ἡμῶν.
1557 1191 1605 1222 Ὃς
1630 1195 1745 1227 ποταπῷ
1774 1193 1816 1228 μὶν
1841 1191 1925 1226 σνμπέ·

1141 1234 1249 1260 πλεκται
1276 1235 1423 1271 πράγματι,
1448 1235 1536 1267 αὐτὸς,
1567 1236 1597 1261 ἂν
1626 1237 1712 1272 τύχοι
1741 1237 1809 1266 τινός
1837 1237 1926 1272 καιροῦ,

1142 1277 1303 1314 διηγήσεταί
1336 1289 1385 1306 σου
1413 1284 1445 1316 τῇ
1478 1282 1626 1316 σεμνότητι·
1670 1281 1687 1307 ἆ
1716 1279 1746 1307 δε
1773 1279 1831 1317 παρ’
1865 1280 1926 1314 ἡμῶν

1140 1322 1269 1358 λεχθῆναι
1300 1328 1428 1361 προσῆκε,
1458 1326 1543 1351 ταῦτά
1570 1324 1637 1351 ἔστι·
1693 1327 1729 1362 μὴ
1758 1325 1926 1361 παρασνρῆναῖ

1140 1368 1185 1394 τόν
1199 1366 1295 1406 ἄνδρα,
1311 1367 1380 1405 μηδὲ
1406 1372 1442 1404 τῷ
1474 1369 1583 1400 πολλοὺς
1600 1372 1746 1406 πεφηνέναι
1761 1371 1817 1400 τοὺς
1832 1368 1869 1395 ἰπὶ
1881 1370 1928 1397 ταῖς

1140 1411 1341 1448 χαλεπωτάτους
1369 1413 1409 1449 (9)
1444 1413 1571 1450 πράξεσιν
1599 1413 1766 1451 ἑαλωκότας,
1796 1416 1838 1440 καὶ
1864 1412 1928 1439 αὐτὸν

1140 1465 1166 1482 τι
1203 1460 1249 1487 τῆς
1276 1461 1326 1483 τῶν
1354 1456 1453 1484 πολλῶν
1485 1457 1605 1488 ὑπονοίας
1637 1458 1854 1495 παραπολαῦσαί·
1877 1454 1931 1482 ἀλλά

1140 1504 1232 1536 τυχεῖν
1272 1499 1458 1538 δικαστηρίου,
1489 1504 1535 1528 καὶ
1563 1503 1597 1533 είς
1629 1502 1754 1534 ἐξέτασιν
1792 1502 1865 1529 αὐτοῦ
1895 1502 1930 1526 τὸν

255 1544 483 1580 inquirendum.
498 1545 540 1572 [ta
551 1543 631 1571 enim
645 1542 784 1571 facillime
807 1542 961 1571 calumnia
987 1543 1086 1571 mani-

1141 1544 1201 1581 βίον
1223 1545 1351 1581 ἀχθῆναι.
1369 1546 1467 1582 Ῥᾀστα
1493 1548 1544 1585 γὰρ
1571 1547 1639 1573 οὕτω
1667 1550 1712 1574 καὶ
1737 1549 1752 1577 ἦ
1786 1546 1929 1582 συκοφαντία

256 1588 333 1616 festa
342 1588 402 1620 ﬁet,
419 1596 454 1616 ac
467 1588 512 1616 vir
522 1588 570 1615 ille
579 1587 783 1623 justissimum
798 1587 1001 1623 patrocinium
1015 1595 1087 1615 nac-

257 1634 318 1664 tus,
334 1634 497 1668 pcrpetuus
508 1632 562 1660 erit
575 1632 712 1660 beneﬁcii
727 1639 745 1660 a
761 1634 812 1659 tua
828 1631 1018 1660 humanitate
1039 1640 1087 1660 ac-

258 1677 336 1712 cepti
354 1685 464 1713 preco.

508 1721 677 1750 EPISTULA
692 1722 847 1750 CLXXIX“.

1141 1591 1238 1625 φανερὰ
1267 1593 1416 1626 γενήσεται,
1446 1594 1491 1618 καὶ
1519 1592 1533 1617 ὁ
1567 1592 1633 1628 ἀνὴρ
1659 1595 1752 1628 τυχών
1779 1596 1825 1623 τῆς
1840 1589 1928 1617 δικαιο-

1140 1643 1221 1664 τάτης
1248 1638 1413 1671 προστασίας
1433 1636 1519 1673 κῆρυξ
1544 1637 1620 1662 ἔσται
1652 1635 1837 1668 διηνεκὴςτῶι
1854 1634 1928 1670 131mg;-

1141 1680 1241 1714 γμένων
1255 1679 1325 1715 αὐτῷ
1340 1681 1413 1717 παρά
1431 1684 1478 1712 τῆς
1496 1684 1543 1710 σῆς
1562 1681 1741 1718 ἡμερότητος.

1404 1727 1567 1752 ΕΠΙΣΤΟΔΠ
1584 1726 1674 1755 roe'.

522 1784 717 1812 Commendat
731 1784 871 1813 Basilius
886 1783 1034 1813 hominem
1048 1784 1134 1820 gravi
1148 1785 1304 1815 calumnia
1314 1786 1346 1814 in
1360 1787 1512 1822 judicium
1529 1791 1672 1817 vocatum

595 1845 763 1874 Arinthzeo.

295 1900 436 1929 Libertati
450 1900 582 1928 amicum
596 1902 624 1928 te
640 1908 706 1929 esse
722 1903 750 1929 et
765 1900 989 1937 perhumanum
1013 1900 1086 1929 satis

258 1954 315 1974 nos
330 1946 439 1973 docent
454 1947 482 1973 et
493 1953 640 1981 generosa
652 1944 814 1978 indoles,et
825 1945 943 1981 quodte
950 1953 1086 1973 commu-

257 1997 328 2017 nem
342 1989 484 2017 omnibus
495 1989 624 2024 praebes.
639 1990 827 2025 Quapropter
840 1989 968 2017 ﬁdenter
980 1989 1086 2026 depre-

259 2035 391 2060 catorem
402 2040 450 2059 me
465 2033 584 2068 praebeo
595 2040 649 2068 pro
660 2032 724 2060 viro
734 2040 770 2060 ex
782 2033 875 2068 longa
890 2033 1013 2069 quidem
1022 2041 1088 2062 ma-

256 2078 358 2113 jorum
373 2076 448 2104 serie
458 2076 550 2110 claro,
566 2076 619 2104 sed
633 2084 687 2112 per
695 2085 727 2104 se
737 2077 846 2112 majori
861 2077 974 2105 honore
995 2086 1030 2106 ac
1043 2085 1088 2106 re-

257 2121 391 2150 verentia
403 2120 495 2155 digno
510 2120 550 2148 ob
564 2120 686 2148 insitam
699 2129 818 2149 morum
843 2122 1022 2150 suavitatem
1036 2131 1043 2156 ;
1056 2123 1089 2150 ut

258 2173 326 2194 meo
341 2167 448 2202 rogatu
471 2172 561 2201 opem
580 2164 621 2192 illi
643 2164 732 2198 feras,
753 2165 903 2201 judicium
930 2166 1089 2194 sustinenti

257 2210 321 2238 leve
331 2210 406 2238 illud
422 2210 545 2246 quidem
557 2211 585 2237 et
592 2210 793 2238 contemnend
799 2218 860 2245 um,
869 2210 894 2238 si
905 2210 1014 2239 veritas
1021 2217 1089 2247 spe-

294 2300 303 2310 '
314 2299 393 2326 Alias
408 2298 527 2327 CCCLX.
541 2298 657 2334 Scripta
671 2306 753 2326 anno
768 2301 832 2327 374.

293 2335 317 2346 "
327 2334 407 2362 Alias
424 2334 584 2362 CCCLXXX.
598 2334 714 2370 Scripta
727 2342 808 2362 anno
822 2335 884 2363 374.

349 2371 491 2411 ςΙίυγχάνει-
505 2370 555 2411 ⁵δίᾳ
571 2373 725 2411 m_ss.octo.
738 2370 811 2398 ἱεᾶὶῑί
828 2371 981 2411 τυγχάνειν.

295 2406 332 2442 (7)
349 2405 481 2443 Ἀδελφός.
498 2405 571 2443 Ante
601 2405 680 2443 hanc
709 2413 812 2443 vocem
836 2405 906 2443 editi
925 2407 1084 2443 apponunt

258 2440 341 2477 ἡμῶν,
358 2440 442 2477 quod
452 2440 535 2468 deest
547 2441 577 2468 in
588 2441 683 2469 tribus
692 2442 903 2470 vetustissimis
916 2440 1082 2470 codicibus.

295 2478 334 2511 (8)
359 2475 626 2512 Ἐπιδειχθὴσεσθαι.
649 2478 690 2504 Ita
707 2477 785 2505 Harl.
800 2478 906 2512 codex,
919 2478 967 2505 cui
982 2478 1084 2506 favent

258 2520 321 2557 sex“
337 2512 399 2557 alii1
423 2511 588 2548 inquibus
613 2512 722 2547 legitur
750 2511 976 2549 ἐπιδειχθήσεται·
1007 2512 1083 2541 Edili

258 2546 456 2594 ἐπιδειχθῆναι.
486 2546 497 2548 -
648 2546 654 2547 7
765 2583 770 2589 _
835 2546 856 2549 Π

294 2584 332 2619 (9)
356 2586 405 2610 Επὶ
419 2587 476 2614 ταῖς
486 2583 694 2619 χαλεπωτάταις.
707 2583 822 2611 Iudicat
847 2583 974 2612 Basilius
988 2583 1083 2612 horri-

257 2619 349 2647 bilem
364 2620 447 2648 illam
462 2619 653 2655 tragosdiam,
669 2627 736 2654 quae
747 2619 803 2655 sub
818 2619 939 2655 valente
954 2622 1082 2655 actaest,

257 2663 327 2682 cum
356 2654 535 2694 deprehensi
556 2654 682 2694 fuissent
700 2654 767 2694 Aqui_
770 2654 807 2681 de
828 2654 907 2682 illius
926 2663 1082 2694 successo-

256 2698 288 2717 re
311 2698 364 2725 per
391 2692 484 2718 sortes
510 2691 717 2724 inquisierant.
747 2691 827 2717 Tunc
861 2691 993 2719 omnium
1017 2692 1083 2726 fere

256 2726 397 2754 ordinum
407 2725 579 2760 multitudo,
587 2732 677 2760 quam
692 2725 870 2753 nominatim
879 2729 1081 2755 recensereest

257 2747 885 2798 arari}:{unimanummea;
896 2747 1081 2792 Ἔᾶὶῖἦὶἦὲἇξ

1460 1849 1611 1886 Ἀρινοαιῳ.

1177 1894 1228 1919 Καὶ
1259 1893 1431 1931 φιλελεὺθερόν
1459 1904 1488 1921 σε
1516 1893 1581 1921 εἶναι
1607 1897 1655 1922 καὶ
1683 1895 1861 1933 φιλάνθρωπον
1872 1894 1898 1920 τό
1911 1901 1933 1918 τε

1132 1941 1188 1968 -τῆς
1203 1939 1303 1974 φύσεως
1331 1939 1427 1975 εὐγενὲς
1450 1942 1495 1966 καὶ
1522 1941 1552 1965 τό
1576 1941 1643 1976 πρός
1670 1942 1772 1971 πάντας
1800 1939 1933 1966 κοινωνικόν

1143 1983 1236 2013 ἱκανῶς
1265 1984 1334 2019 ἡμᾶς
1360 1981 1527 2011 ἐκδιδάσκει.
1561 1986 1604 2010 Διό
1634 1985 1869 2022 θαρρούντωςμο)
1883 1991 1933 2019 πρι-

1143 2028 1266 2064 σϐεῡομεν
1311 2029 1375 2065 ὑπὲρ
1414 2027 1507 2066 ἀνδρὸς
1539 2028 1662 2067 λαμπροῦ
1692 2032 1740 2067 μὲν
1773 2030 1865 2056 ἄνωθεν
1897 2028 1934 2052 καὶ

1143 2072 1170 2099 ἐκ
1195 2075 1328 2110 προγόνων
1356 2075 1424 2108 (Η),
1445 2073 1560 2104 πλείονος
1585 2072 1615 2100 δὲ
1644 2073 1683 2101 δι’
1711 2075 1804 2101 ἑαυτὸν
1816 2072 1935 2110 τιμῆςκαὶ

1143 2116 1234 2148 αἰδοῦς
1261 2118 1335 2149 ἀξίου
1358 2116 1404 2144 διὰ
1432 2120 1479 2148 τὴν
1503 2118 1710 2157 ἐνυπάρχουσαν
1739 2119 1810 2155 αὖτῷ
1824 2123 1870 2145 τῶν
1887 2118 1936 2153 τρό-

1143 2174 1197 2190 πων
1229 2164 1388 2200 ἡμερότητα·
1419 2165 1487 2190 ὦστε
1517 2173 1545 2190 σε
1574 2164 1784 2200 παρακληθέντα
1806 2163 1847 2200 ὑφ’
1874 2162 1935 2198 ἡμῶν

1143 2212 1312 2246 παραστῆναι
1340 2208 1410 2243 αὐτῷ
1441 2203 1623 2244 ἀγωνιζομένῳ
1646 2207 1742 2243 δίκην,
1771 2213 1818 2240 τῆς
1833 2208 1876 2244 μὲν
1896 2204 1934 2232 ἁλη

1137 2306 1206 2327 rum
1217 2299 1364 2333 conjecta,
1386 2304 1597 2332 percussorum
1621 2297 1772 2326 dexteras
1798 2295 1934 2333 fatigavit,

1138 2330 1294 2363 tormentis
1323 2330 1362 2361 ρι’
1378 2330 1501 2363 ᾖιαπιὸο
1530 2333 1757 2369 ειγυενὸενίὸυε
1778 2330 1935 2369 αὴιείτίεόζ·

1138 2371 1227 2398 titata
1246 2379 1252 2397 :
1269 2372 1479 2405 sumptumque
1493 2371 1538 2405 est
1551 2368 1587 2397 de
1603 2369 1793 2404 quibusdam
1814 2370 1877 2397 sine
1889 2368 1928 2400 ερῐ

1137 2408 1274 2442 ramento
1288 2406 1335 2433 vel
1349 2404 1435 2433 mora
1449 2404 1643 2442 supplicium,
1659 2405 1736 2433 dum
1747 2405 1936 2442 quaeritare?!

1135 2442 1216 2469 sumi
1224 2441 1366 2478 deberet;
1381 2443 1408 2468 et
1422 2443 1456 2468 ut
1462 2440 1612 2478 pecudum
1635 2439 1760 2477 ubique
1774 2439 1938 2478 trucidatio-

1136 2477 1328 2505 cernebatur.
1344 2477 1455 2504 Rerum
1468 2475 1628 2513 crudeliter
1644 2475 1807 2513 gestarum
1820 2511 1825 2513 _
1841 2475 1937 2513 seriem

1137 2515 1166 2541 et
1189 2512 1298 2540 modos
1322 2514 1462 2540 accurate
1495 2508 1752 2540 describit’idem
1768 2511 1879 2541 scripto
1891 2508 1935 2537 lib.

1137 2556 1214 2583 xxix,
1235 2556 1260 2575 c.
1279 2550 1291 2575 1
1304 2549 1332 2575 et
1342 2549 1368 2576 2.
1380 2547 1479 2575 Merito
1494 2554 1567 2582 ergo
1582 2547 1745 2576 metuebat
1758 2547 1936 2583 Basilius,_ne

1136 2582 1185 2611 his
1197 2580 1356 2620 calumniis
1371 2580 1543 2620 implicatus
1559 2584 1713 2620 Eusebius
1726 2591 1840 2620 parum
1853 2580 1936 2610 habe-

1135 2622 1181 2648 ret
1194 2619 1225 2648 in
1240 2627 1295 2646 sua
1306 2618 1478 2646 innocentia
1490 2618 1634 2654 praesidii.

1143 2689 1150 2696 θ
1171 2655 1229 2696 (ιο)
1246 2654 1426 2692 Θαρροὑντως.
1441 2649 1510 2683 Tre's
1524 2654 1712 2683 recentiores
1741 2654 1863 2683 codices
1882 2649 1937 2687 θεῷ’

1154 2694 1252 2721 οῦντες.

1136 2700 1331 2766 magna}:
1340 2728 1483 2766 προγόνων.
1498 2725 1678 2763 conjunctio
1690 2726 1799 2756 addita
1810 2733 1848 2755 ex
1857 2721 1935 2754 Coisl.

1135 2761 1235 2798 primo
1251 2763 1280 2791 et
1289 2761 1367 2792 Harl;

1855 81 1902 140 Ι6·ὁεῖ

2000 0 2014 64 ,κ

1990 65 2012 292 l
