4062 6214
110 111 334 419 ι,
332 326 372 399 ’7
426 296 439 299 1
1217 340 1283 394 Ei

1217 339 1698 397 EPISTOLARUM
1738 341 2020 398 CLASSIS
2058 342 2128 398 II.
2170 344 2383 401 EPIST.
2425 346 2690 403 CLXXXI.
3520 353 3623 405 658

266 470 407 527 θείας
484 466 644 518 ἕνεκεν
729 464 841 537 (12)
916 462 1379 538 εὐκαταφρόνητον,
1465 464 1737 536 ἐναγώνιον
1813 463 1870 518 δὲ

2024 469 2186 535 letur,
2218 469 2324 525 sed
2374 471 2596 545 alioqui
2626 472 2865 529 difﬁcile
2915 477 2971 529 et
3008 474 3333 530 molestum
3361 474 3439 531 ob
3469 474 3628 530 calu-

266 556 432 617 ὒλως
462 552 553 609 διὰ
582 557 641 607 τὸ
684 562 777 614 τῆς
817 558 1164 625 συκοφαντίας
1215 551 1375 626 βαρύ.
1408 554 1619 624 Μεγάλη
1676 557 1775 630 γὰρ
1806 555 1868 607 ἄν

2023 558 2155 613 mite
2180 560 2641 618 vehementiam.
2676 562 2923 618 Multum
2964 565 3121 620 enim
3155 564 3233 620 illi
3275 564 3518 620 accedet
3549 563 3627 620 ad

265 650 466 717 γένοιτο
515 642 656 713 αὐτῷ
693 643 828 716 ῥοπὴ
884 645 1010 716 πρὸς
1070 647 1355 715 σωτηρίαν,
1408 642 1451 694 εἰ
1488 643 1869 706 καταξιώσειάς

2023 646 2236 703 ilutem
2266 650 2576 716 momenti,
2610 651 2659 706 si
2706 652 2851 724 quid
2891 652 3152 723 benigne
3183 669 3291 724 pro
3331 670 3401 708 eo
3431 654 3627 710 dicere

264 756 317 790 τι
368 736 514 809 ῥῇμα
570 732 927 807 φιλάνθρωπον
986 734 1113 807 ὑπὲρ
1190 732 1351 785 αὑτοῦ
1425 735 1681 807 προέσθαι
1732 735 1868 805 (13),

2025 735 2265 805 igneris,
2291 738 2352 793 in
2382 738 2591 810 primis
2616 738 2677 794 id
2698 740 2817 810 juri
2850 740 3123 796 deferens
3150 758 3162 795 :
3196 740 3413 797 deinde
3446 742 3625 799 etiam

265 827 666 899 προηγουμένως
735 824 826 893 μὲν
896 829 967 892 τῷ
1034 818 1225 893 δικαίῳ
1271 826 1644 898 χαριζόμενος,
1696 825 1869 875 ἔπειτα

2020 829 2040 879 ι
2066 825 2241 880 nobis
2263 827 2515 883 summis
2542 828 2659 883 tuis
2700 827 2910 884 amicis
2941 833 3302 886 consuetum
3330 831 3622 889 honorem

265 920 357 966 καὶ
386 915 510 985 ἡμῖν
556 919 666 973 τοῖς
718 909 994 985 ἐξαιρέτοις
1039 930 1135 963 σου
1187 915 1281 969 τὴν
1334 913 1533 969 συνήθη
1589 916 1747 985 τιμὴν
1777 916 1866 965 καὶ

1589 916 1747 985 τιμὴν
1777 916 1866 965 καὶ
1977 918 2036 971 et
2055 913 2324 971 ofﬁcium
2355 915 2414 971 in
2444 916 2559 975 hoc
2581 933 2825 990 quoque
2856 918 3153 974 tribuens.

265 1005 427 1079 χάριν
458 1005 547 1054 καὶ
573 1000 622 1054 ἐν
649 1003 817 1072 τούτῳ
849 1004 1223 1075 χαριζόμενος.

813 1095 1139 1143 ΕΡΙΣΤΟΛΗ
1202 1089 1318 1146 rn'.
2403 1098 2417 1163 ε

2403 1096 2578 1167 265
2601 1095 2831 1153 EPISTO
2844 1098 2929 1152 LA
2977 1096 3233 1151 CLXXX'.

365 1180 705 1251 Sophronio
735 1179 1000 1235 Basilius
1022 1180 1394 1236 commendat
1422 1180 2117 1322 Eumathiumfzobtilem
2149 1188 2204 1239 et
2233 1183 2525 1239 disertum
2551 1186 2747 1241 virum
2778 1186 3138 1255 gravissima
3169 1186 3518 1242 calamitate

1788 1266 1824 1309 a
1907 1268 1958 1308 ιε
1990 1269 2109 1310 um.

1788 1266 2109 1310 amzctum.

513 1344 779 1413 Σώφρονίῳ
799 1344 1099 1415 μαγίστρῳ,
1124 1340 1390 1413 Εὐμαθιου
1413 1340 1601 1397 ἕνεκεν.
2089 1343 2117 1398 ,ξ

2089 1343 2431 1411 Sophronia
2464 1345 2773 1414 magistro,
2805 1345 2868 1400 in
2898 1344 3213 1400 Eumathii
3231 1348 3510 1415 gratiam.

331 1427 512 1504 Ἀνδρὶ
580 1428 830 1502 ἀξιολόγῳ
882 1434 1183 1501 περιτυχὼν
1239 1432 1546 1502 περιστάσει
1619 1429 1713 1482 οὐκ
1765 1427 1859 1481 ἀν-

2042 1434 2104 1485 ln
2131 1431 2440 1503 egregium
2483 1434 2681 1489 virum
2723 1450 2861 1488 cum
2908 1433 3251 1488 incidissem
3282 1434 3621 1489 calamitate

262 1528 383 1577 εκτῆ
441 1522 770 1594 κεχρημένῳ,
821 1520 1008 1571 ἔπαθον
1084 1523 1179 1577 τὴν
1230 1518 1436 1590 ψυχήν.
1490 1524 1554 1571 Τί
1604 1521 1706 1591 γὰρ
1763 1520 1858 1570 οὐκ

2015 1520 2325 1578 [tolerabili
2349 1522 2658 1592 afflictum,
2687 1524 2961 1579 animum
2988 1523 3208 1579 invasit
3234 1522 3426 1579 dolor.
3461 1525 3619 1589 Quo-

260 1609 486 1682 ἐμελλον,
564 1610 830 1683 ἄνθρωπος
886 1609 974 1678 ὧν,
1076 1605 1328 1681 ἀνθρώπῳ
1408 1606 1649 1684 ἐλευθίρῳ
1731 1607 1857 1681 παρ’

2012 1611 2153 1667 ιοάο
2202 1614 2363 1668 enim
2406 1613 2760 1685 potuissem,
2795 1629 2933 1668 cum
2967 1629 3081 1667 51m
3118 1613 3326 1682 homo,
3354 1613 3616 1668 hominis

262 1698 413 1761 ἀξίαν
470 1697 862 1771 ἐμπεπλεγμένω
908 1698 1189 1771 πράγμασι
1237 1696 1540 1768 συναλγεῖν;
1602 1702 1703 1751 Καὶ
1729 1697 1857 1771 βου-

262 1788 277 1800 .
412 1790 422 1800 ,
836 1793 856 1800 _
949 1784 967 1800 .
1189 1790 1198 1800 .
1406 1786 1417 1799 ς
1469 1795 1490 1800 _
1659 1793 1668 1800 .

2011 1701 2211 1769 igenui
2234 1707 2446 1774 praeter
2475 1704 2747 1758 meritum
2789 1703 3042 1771 negotiis
3088 1701 3381 1773 implicati
3410 1701 3615 1758 dolore

260 1788 569 1860 λευσάμενος
617 1788 728 1851 (14)
783 1793 894 1848 πῶς
944 1784 1003 1837 ἂν
1059 1790 1305 1859 γενοίμην
1356 1786 1498 1857 αὐτῷ
1563 1793 1851 1860 χρήσιμος,

2012 1804 2089 1844 on
2120 1791 2394 1847 moveri?
2416 1794 2641 1847 Mecum
2672 1795 2877 1847 autem
2899 1796 3189 1863 reputans
3220 1791 3533 1863 quomodo
3563 1791 3616 1847 ei

265 1883 389 1951 μίαν
439 1873 581 1950 εὖρον
625 1875 773 1928 λύσιν
820 1883 915 1936 τῆς
962 1874 1478 1947 κατεχοῦσηςαύτόν
1509 1872 1850 1950 δυσχερείας,

2013 1878 2255 1935 rodesse
2276 1895 2541 1952 possem,
2560 1896 2747 1936 unam
2772 1880 2975 1936 inveni
3000 1881 3289 1937 molestiae
3316 1881 3485 1937 illum
3517 1880 3617 1935 de-

261 1968 307 2020 εἰ
358 1973 421 2039 τῇ
480 1972 545 2038 σῇ
596 1968 910 2037 κοσμιότητι
964 1970 1253 2037 ποιήσαιμι
1298 1969 1583 2038 γνώριμον.
1649 1969 1741 2018 Σὸν
1768 1964 1855 2019 οὖν

2016 1969 2207 2025 uentis
2231 1969 2613 2038 solutionem,
2637 1970 2687 2025 si
2703 1986 2841 2026 eum
2863 1974 2978 2026 tute
3001 1970 3275 2039 dignitati
3300 1975 3511 2025 notum
3534 1971 3615 2026 fa-

257 2058 321 2110 τὸ
348 2054 542 2128 ἐφεξῆς,
591 2058 685 2112 τὴν
742 2060 939 2107 σαυτοῦ
990 2050 1254 2123 σπουδὴν,
1310 2054 1368 2112 ἢν
1414 2054 1480 2115 εἰς
1517 2053 1735 2115 πολλοὺς
1780 2054 1855 2127 ἐφ’

2011 2074 2187 2115 erem.
2216 2062 2349 2116 Jam
2380 2064 2583 2117 autem
2610 2063 2780 2115 tuum
2807 2063 2914 2126 est,
2945 2059 3107 2115 idem
3134 2058 3419 2123 studium,
3448 2060 3615 2131 quod

258 2148 388 2217 ἡμῖν
416 2146 529 2215 (15)
566 2145 830 2217 μάρτυσιν
872 2138 1215 2209 ἔπιδέδειξαι,
1256 2148 1347 2195 καὶ
1390 2143 1531 2214 αὐτῷ
1578 2148 1859 2218 παρασχέ-

2011 2163 2029 2203 ι
2058 2148 2299 2216 multos,
2329 2149 2504 2206 nobis
2534 2148 2805 2218 testibus,
2835 2149 3173 2219 ostendisti,
3210 2149 3350 2204 huic
3370 2164 3615 2220 quoque

260 2235 410 2287 σθαι·
440 2236 510 2286 Τὸ
551 2229 611 2286 δε
648 2238 869 2308 πρᾶγμα
904 2236 1151 2307 γνωρίσει
1183 2234 1209 2291 ᾗ
1245 2228 1553 2286 ἔπιδοθείσα
1587 2234 1711 2307 παρ’
1756 2233 1857 2286 αὐ-

2013 2237 2271 2294 xhibere.
2318 2241 2463 2295 Rem
2506 2243 2707 2295 autem
2750 2238 3054 2308 cognitam
3074 2237 3249 2294 faciet
3269 2237 3522 2310 supplex
3552 2237 3617 2292 li-

256 2323 356 2376 τοῦ
385 2319 567 2383 δέησις
589 2328 697 2384 τοῖς
723 2320 1057 2394 βασιλεῦσιν,
1092 2322 1154 2380 ἦν
1195 2325 1286 2374 καὶ
1313 2320 1486 2374 λαϐεῖν
1536 2322 1605 2384 εἰς
1649 2331 1855 2397 χεῖρας,

2012 2325 2161 2382 ellus
2186 2325 2265 2381 ab
2295 2341 2367 2382 eo
2404 2325 2871 2399 imperatoribus
2900 2326 3152 2381 traditus
3185 2344 3199 2381 :
3228 2341 3409 2399 quem
3437 2326 3616 2381 velim

256 2417 353 2465 καὶ
405 2410 711 2485 συμπρᾶξαι
762 2418 836 2481 τῷ
894 2407 1050 2484 ἀνδρὶ
1106 2412 1175 2463 τὰ
1226 2406 1427 2463 δυνατὰ
1463 2411 1854 2484 παρακληθητι.

2004 2416 2026 2469 t
2079 2413 2143 2469 in
2202 2429 2423 2470 manus
2474 2430 2706 2483 sumas,
2738 2417 2796 2470 et
2831 2429 2943 2485 pro
2982 2413 3134 2470 virili
3163 2413 3325 2469 adsis
3349 2414 3605 2472 homini.

261 2506 368 2556 Καὶ
391 2502 494 2575 γὰρ
527 2507 830 2572 Χριστιανῷ
860 2504 1062 2573 χαρίζῃ
1096 2500 1228 2571 (16),
1259 2504 1349 2552 καὶ
1380 2500 1591 2572 εὐγενεῖ,
1638 2504 1729 2552 καὶ
1755 2499 1856 2553 ἀπὸ

2015 2506 2136 2557 erle
2179 2502 2342 2559 enim
2379 2502 2441 2558 in
2491 2503 2893 2559 Christianum
2924 2501 3231 2557 beneﬁcus
3262 2501 3397 2569 eris,
3430 2505 3486 2555 et
3513 2514 3617 2555 no-

256 2592 417 2663 λόγου
448 2589 639 2643 πολλοῦ
668 2592 727 2642 τὸ
760 2585 1037 2661 αἰδέσιμον
1085 2589 1409 2663 ἔπαγομένῳ.
1446 2590 1568 2643 Ἐὰν
1598 2585 1657 2642 δὲ
1684 2609 1859 2663 προσ-

2014 2589 2242 2659 ilem,et
2265 2590 2344 2646 ob
2357 2591 2612 2647 multam
2637 2590 2973 2647 doctrinam
2987 2590 3419 2645 venerandum.
3446 2587 3618 2654 Quod

262 2683 450 2753 θῶμεν,
503 2681 585 2732 ὅτι
642 2682 733 2731 καὶ
778 2680 931 2751 ἡμεῖς
989 2678 1217 2751 μεγάλην
1285 2674 1380 2731 διὰ
1433 2686 1525 2739 τῆς
1579 2683 1645 2739 εὶς
1703 2680 1859 2732 αὐτὸν

2014 2678 2378 2735 iaddiderim
2417 2685 2471 2736 te
2503 2679 2871 2736 conferendo
2909 2679 2969 2735 in
2997 2695 3136 2735 eum
3159 2678 3453 2734 beneficio
3492 2693 3618 2732 ma-

260 2770 498 2831 εὐποιίας
556 2766 933 2840 ὑποδεχόμεθα
983 2768 1096 2839 (17)
1142 2770 1326 2841 χάριν,
1367 2770 1591 2840 πάντως,
1646 2767 1740 2820 κᾶν
1769 2789 1860 2840 μι-

2013 2784 2155 2825 nam
2185 2770 2352 2842 apud
2371 2786 2485 2827 nos
2502 2786 2746 2843 quoque
2773 2769 2921 2825 inire
2936 2770 3211 2839 gratiam,
3227 2771 3381 2824 certe
3406 2782 3617 2839 quam-

255 2862 384 2934 κρόν
532 2856 700 2919 ἄλλως
756 2862 816 2911 τό
868 2858 1134 2931 ἡμέτερον,
1164 2856 1293 2910 ἀλλὰ
1332 2865 1424 2918 τῆς
1469 2865 1567 2918 σῆς
1606 2862 1859 2929 σεμνότη-

2012 2859 2061 2913 is
2089 2874 2187 2915 res
2215 2875 2366 2915 meae
2396 2859 2567 2931 parvi
2597 2860 2714 2915 sint
2742 2858 2934 2932 pretii,
2962 2864 3065 2915 tua
3095 2861 3297 2913 tamen
3327 2856 3616 2925 gravitate

254 2968 348 3010 τος
374 2949 487 3013 (18)
523 2945 602 2999 ἀεὶ
642 2945 691 2999 ἐν
737 2946 871 3019 λογῳ
914 2948 1183 2999 ποιεῖσθαι
1233 2948 1297 2999 τὰ
1344 2946 1459 2999 καθ’
1504 2948 1644 3019 ἡμᾶς
1674 2944 1858 3019 ἀνεχο-

2009 2962 2179 3004 arum
2207 2965 2445 3022 semper
2474 2950 2768 3005 rationem
2811 2947 3035 3004 habere
3078 2962 3201 3002 non
3227 2945 3613 3013 dedignante,

252 3040 431 3111 μένης,
465 3036 523 3089 οὐ
550 3038 737 3111 μικρὸν
769 3042 1003 3108 φανεῖται
1031 3038 1090 3087 τό
1120 3037 1382 3109 χαρισθὲν
1408 3038 1553 3109 ἡμῖν.

2008 3053 2094 3095 on
2146 3054 2402 3111 parvum
2456 3038 2757 3094 videbitur
2803 3036 2967 3109 quod
3022 3035 3171 3091 mihi
3226 3038 3463 3106 gratum
3493 3032 3612 3089 ﬁet.

808 3130 1148 3179 ΕΠΙΣΤΟΛΗ
1188 3132 1271 3178 ΡΠ
1281 3124 1333 3177 Α¹

2442 3128 2782 3185 EPISTOLA
2829 3126 3119 3183 CLXXXI"

250 3217 450 3287 Rogat
483 3214 747 3289 Otreium
798 3215 1066 3289 Basilius
1096 3219 1163 3289 ut
1209 3228 1332 3289 sese
1374 3214 1625 3289 inuicem
1668 3215 2056 3271 consolentur
2083 3233 2107 3287 ,·
2151 3219 2261 3274 iste
2298 3218 2547 3289 quidem,
2579 3232 2711 3287 qua:
2740 3216 3064 3289 Samosatis
3098 3214 3502 3289 perferentur,
3535 3210 3616 3269 ad

686 3286 985 3342 Basiliam
1014 3285 1328 3343 scribendo
1354 3300 1379 3343 ,ο
1415 3286 1683 3343 Basilius
1704 3300 1865 3358 vero,
1890 3302 2023 3357 qua
2042 3285 2118 3346 ea:
2154 3285 2415 3347 Thracia
2445 3285 2744 3355 didicerit,
2777 3290 2833 3344 ei
2852 3286 3189 3343 nuntiando

773 3373 997 3447 Ὀτρηίῳ
1027 3374 1287 3434 Μελητίνη
1300 3396 1339 3437 ς,
1896 3359 1935 3414 C

1896 3359 1935 3414 Ο
2515 3378 2713 3433 Otreio
2743 3378 3065 3432 Meletines.

330 3463 491 3532 Οἶδα,
534 3464 612 3517 ὅτι
654 3469 743 3517 καὶ
793 3472 891 3527 τῆς
941 3472 1040 3525 σῆς
1071 3463 1337 3525 εὐλαϐείας
1390 3470 1643 3517 τοσοῦτον
1699 3465 1855 3517 ἅπτει

2036 3464 2440 3536 Haudjgnoro
2454 3468 2619 3521 tuam
2634 3464 2915 3536 pietatem
2930 3462 3309 3535 separatione
3323 3476 3393 3517 ac
3406 3460 3612 3516 exsilio

253 3574 354 3608 ται
403 3559 433 3606 ὅ
468 3558 738 3628 χωρισμός
791 3562 882 3606 τοῦ
951 3553 1347 3625 θεοφιλεστάτου
1406 3552 1697 3607 ἐπισκόπου
1765 3552 1855 3607 Εὐο

2009 3554 2199 3612 usebii
2230 3554 2499 3627 episcopi
2536 3553 2967 3623 religiosissimi
2999 3557 3124 3608 tam
3154 3550 3400 3620 moveri,
3426 3566 3612 3621 quam

261 3642 469 3704 σεϐίου,
515 3644 631 3694 ὅσον
675 3648 761 3695 καὶ
809 3645 955 3715 ἡμῶν
1014 3643 1204 3697 αὐτῶν.
1274 3643 1414 3696 Ἐπεὶ
1463 3639 1550 3695 οὖν
1576 3642 1854 3716 ἀμφότεροι

2008 3646 2408 3717 ιθωθίίρειιω.
2435 3646 2579 3699 Cum
2599 3644 2800 3715 itaque
2819 3646 3066 3714 uterque
3085 3642 3462 3710 indigeamus
3476 3655 3612 3695 con-

250 3733 556 3808 χρῇζομενο
612 3731 1004 3807 παρακλήσεως,
1056 3730 1290 3793 ἀλληλοις
1361 3734 1627 3805 γενώμεθα
1681 3752 1854 3807 παρα-

2004 3734 2278 3803 elatione,
2305 3733 2495 3788 simus
2538 3732 2685 3787 alter
2737 3730 2904 3787 alteri
2961 3729 3193 3785 solatio.
3228 3730 3294 3785 Et
3322 3733 3383 3783 tu
3416 3726 3608 3783 scribe

251 3824 444 3895 μυθία.
473 3825 572 3875 Καὶ
621 3824 686 3873 σύ
735 3840 791 3874 τε
839 3823 965 3893 ἡμῖν
1018 3820 1282 3874 ἐπίστελλε
1306 3820 1372 3873 τὰ
1418 3819 1473 3873 ἐκ
1515 3824 1853 3894 Σαμοσάτων,

2006 3822 2294 3894 οὺίεζᾳυιθ
2313 3822 2640 3878 Samosatis
2657 3820 2736 3875 ad
2758 3824 2811 3876 te
2840 3817 3230 3892 perferentur,
3258 3822 3313 3873 et
3341 3831 3452 3886 ego
3474 3832 3609 3888 quae

251 3915 405 3985 ἡμεῖς
441 3931 493 3964 τε
544 3912 673 3986 ἅπερ
728 3912 788 3964 οἶν
826 3913 1068 3985 μάθωμεν
1122 3910 1222 3964 ἀπὸ
1256 3919 1353 3973 τῆς
1405 3914 1640 3985 Θράκης,
1687 3910 1854 3983 ἀπαγ-

2008 3928 2037 3967 ιι
2064 3911 2312 3968 Thracia
2341 3910 2628 3973 didicero,
2651 3908 2962 3964 nuntiabo.
2993 3910 3142 3963 Nam
3172 3922 3281 3962 nec
3311 3905 3477 3971 mihi,
3507 3921 3612 3977 po-

250 4001 523 4073 γελοῠμεν.
549 4006 693 4075 Φέρει
721 4003 822 4074 γὰρ
852 3998 964 4073 ἐμοὶ
994 4003 1084 4073 μὲν
1112 4004 1172 4053 τό
1201 4006 1475 4072 γινώσκειν
1499 4008 1591 4053 τοῦ
1612 3999 1739 4053 λαοῦ
1758 4004 1853 4059 τὴν

2008 4000 2089 4056 uli
2100 3999 2499 4057 constantiam
2512 4013 2891 4068 cognoscere,
2914 4012 3168 4069 parvam
3181 3994 3352 4051 atfert
3373 4010 3445 4050 ex
3464 4010 3612 4066 prte-

252 4092 500 4144 ἔνστασιν
527 4091 587 4144 οὐ
608 4094 799 4165 μικρὰν
817 4092 1088 4165 ῥᾳστώνην
1109 4089 1164 4143 ἐκ
1189 4099 1287 4143 τῶν
1312 4095 1574 4165 παρόντων
1587 4090 1850 4163 λυπηρῶν,

2004 4089 2232 4147 antibus
2262 4088 2547 4144 molestiis
2573 4086 3014 4149 allevationem,
3049 4101 3160 4141 nec
3180 4084 3306 4147 tibi,
3338 4084 3413 4139 de
3439 4099 3608 4139 com-

247 4189 315 4253 τῇ
363 4177 423 4233 δὲ
479 4188 548 4254 σῇ
600 4184 930 4253 χρηστότητι
978 4182 1038 4231 τό
1088 4176 1444 4233 διδάσκεσθαι
1492 4179 1540 4231 ἐν
1583 4182 1660 4241 οἷς
1712 4178 1851 4231 ἐστιν

2005 4179 2166 4236 mnis
2198 4178 2385 4250 patris
2403 4176 2592 4232 nostri
2620 4176 2799 4232 rebus
2829 4175 3084 4231 edoceri.
3114 4178 3280 4230 Nunc
3312 4188 3457 4229 sane
3486 4189 3609 4229 non

246 4271 277 4322 ὁ
333 4272 505 4329 κοινὸς
529 4270 677 4342 ἡμῶν
723 4273 921 4343 πατὴρ.
955 4267 1155 4341 Ἀμέλει
1205 4273 1293 4320 καὶ
1341 4276 1429 4320 νῦν
1481 4268 1540 4321 οὗ
1569 4272 1850 4340 γρήμμασι

2006 4284 2287 4325 ossumus
2317 4267 2447 4323 haec
2476 4265 2845 4338 perscribere
2873 4283 2889 4319 :
2919 4264 3026 4320 sed
3050 4264 3156 4320 tibi
3186 4263 3474 4328 sistimus,
3506 4262 3610 4333 qui

250 4364 533 4430 σημαίνειν
585 4360 797 4430 ἔχομεν’
829 4356 937 4411 ἀλλ’
986 4358 1141 4410 αὐτόν
1173 4362 1576 4431 παρεστήσαμέν
1625 4377 1710 4409 σοι
1764 4361 1852 4410 τόν

2002 4375 2034 4415 a
2054 4361 2330 4414 accurate
2361 4356 2544 4420 novit,
2568 4359 2626 4411 et
2660 4353 2930 4411 narrabit
2958 4369 3080 4426 quo
3117 4353 3179 4407 in
3218 4356 3376 4407 statu
3406 4350 3606 4421 ipsum

244 4445 481 4520 ἀκριϐῶς
512 4443 693 4500 εἰδότα
712 4450 802 4499 καὶ
834 4445 1221 4518 ἀπαγγέλλοντα
1251 4445 1365 4516 (19)
1398 4444 1445 4501 ἐν
1475 4446 1552 4506 οἷς
1577 4446 1730 4498 αὐτὸν
1762 4465 1848 4499 κα-

2001 4446 2281 4519 eliquerit,
2314 4450 2371 4502 et
2423 4460 2545 4517 quo
2594 4444 2799 4499 animo
2844 4456 3144 4497 aerumnas
3187 4440 3605 4513 perferentem.

239 4536 446 4604 τελεῖτε,
476 4542 567 4587 καὶ
615 4537 752 4597 ὅπως
803 4540 893 4587 καὶ
944 4539 1160 4608 φέροντα
1190 4535 1296 4607 (20)
1349 4537 1415 4587 τὰ
1463 4540 1843 4608 συμπίπτοντα.

2003 4552 2206 4594 recare
2254 4535 2433 4605 igitur
2462 4537 2519 4590 et
2545 4548 2656 4605 pro
2705 4533 2837 4604 ipso
2866 4535 2923 4587 et
2946 4546 3056 4603 pro
3086 4545 3204 4595 me,
3223 4533 3290 4584 ut
3319 4527 3607 4583 Dominus

240 4629 436 4697 Εὒχου
464 4629 637 4677 τοίνυν
656 4629 747 4677 καὶ
772 4626 897 4698 ὑπὲρ
925 4624 1107 4693 αὐτοῦ,
1126 4628 1215 4676 καὶ
1243 4625 1369 4699 ὑπὲρ
1396 4626 1561 4696 ἡμῶν,
1588 4626 1670 4677 ἵνα
1688 4626 1714 4675 ὁ
1751 4627 1844 4678 Κύ-

1829 4655 1849 4665 -
1960 4642 2149 4701 quam
2172 4624 2477 4682 celerrime
2514 4622 2592 4679 ab
2622 4621 2717 4680 his
2745 4637 2859 4678 nos
2891 4620 3183 4691 angustiis
3204 4618 3428 4675 liberet.

234 4734 357 4788 ριος
389 4722 614 4786 ταχεῖαν
667 4712 911 4787 ἀπαγάγῃ
969 4722 1070 4766 τῶν
1103 4710 1282 4767 δεινῶν
1320 4717 1511 4767 τούτων
1540 4718 1627 4772 τὴν
1675 4714 1845 4772 λύσιν.

317 4839 419 4909 (12
448 4837 778 4912 Ἐνεκενείῑει
808 4854 911 4894 sex
931 4854 1081 4894 mss.
1113 4837 1264 4895 Editi
1293 4839 1454 4912 ἕνεκα.
1876 4842 1919 4896 D

2002 4839 2269 4912 :riptura,
2314 4854 2452 4912 cum
2510 4852 2617 4909 per
2647 4850 2709 4912 se
2755 4834 2904 4912 nihil
2948 4832 3308 4912 haheatvitii
3339 4836 3396 4888 et
3432 4835 3606 4912 tanta

318 4903 442 4981 (13)
486 4911 769 4985 Ηροᾴσθαιγ.
795 4912 879 4965 Ita
905 4925 1211 4985 mss,_s_ex.
1246 4909 1395 4985 Ecliti
1420 4912 1717 4985 προῖεσθαι.
1830 4981 1846 4985 Α

2001 4903 2310 4967 uctoritate
2337 4903 2737 4985 nitatur,‘visa
2791 4911 2879 4985 est
2928 4904 3311 4985 praeferenda
3346 4903 3605 4983 vulgatae

316 4975 441 5051 (14)
496 4975 930 5053 Βόνλευσάμενος.
977 4980 1128 5037 Editi
1205 4975 1468 5038 addunt'
1523 4982 1633 5052 οὖν,
1686 4981 1854 5055 quod

2001 4990 2019 5055 ᾗ
2058 4989 2123 5054 σῇ
2147 4984 2524 5055 -.σεμνότητιτη
2567 4975 2896 5055 ἀνεχομένη,
2930 4975 3229 5055 Videntur
3261 4976 3358 5055 _ita
3428 4975 3605 5051 scrip-

238 5042 433 5109 ab'est'
450 5068 489 5108 a
509 5067 732 5121 novem
758 5042 903 5107 mss.
1619 5042 1631 5052 ’
1703 5042 1726 5055 ³
1961 5042 2110 5110 sisse
2147 5042 2391 5117 librarii,
2424 5054 2489 5105 ut
2518 5042 2814 5121 scriptura
2842 5042 3065 5104 clarior
3109 5048 3296 5117 ﬁeret,
3326 5042 3607 5118 quamvis

317 5125 436 5194 (15)
467 5120 751 5196 ἸξφἈήμῖνο
776 5123 867 5179 Sic
898 5121 1044 5180 Med.
1068 5125 1126 5180 et
1145 5121 1317 5179 Coisl.
1355 5128 1404 5195 1,
1428 5123 1642 5181 melius
1662 5138 1852 5196 quam
1958 5140 2084 5182 non
2113 5127 2272 5196 esset
2297 5122 2581 5196 obscura.

242 5188 346 5253 alii
372 5188 598 5251 etediti
626 5188 707 5266 ὑφ’
734 5196 879 5266 ἡμῖν·
995 5264 1056 5266 η
1205 5265 1210 5266 ί
1389 5188 1400 5195 τ
1680 5188 1702 5196 ·

2033 5195 2141 5266 (19)
2168 5192 2598 5266 Ἀπαγγέλλοντα.
2656 5188 2811 5248 Coisl
2892 5189 3198 5246 secundus
3240 5192 3296 5246 et
3336 5190 3479 5256 Reg.
3520 5200 3605 5240 se-

317 5269 435 5341 (is)
484 5264 721 5341 ξαρέζη.
772 5264 857 5321 tta
891 5264 1082 5341 _Coisl.
1125 5265 1361 5341 primus
1408 5281 1546 5322 cum
1594 5268 1854 5339 quatuor

1962 5264 2199 5341 cundus
2241 5264 2655 5341 ἀπαγγελοῦντα.Δ
2758 5336 2768 5341 Δ
3009 5336 3017 5341 Δ
3109 5332 3140 5341 __
3216 5330 3226 5341 .
3302 5329 3312 5340 _
3462 5325 3498 5341 ν

244 5325 388 5412 aliis
416 5325 657 5412 etHarl.
683 5336 953 5412 secunda
973 5325 1180 5394 manu.
1204 5336 1353 5393 Editi
1382 5325 1632 5412 χαρίζει..
1695 5408 1705 5412 _

2033 5339 2141 5408 (20)
2174 5342 2275 5412 Καὶ
2330 5325 2565 5411 φ’έροντα.
2606 5336 2706 5412 ita
2753 5336 2870 5412 tres
2930 5329 3315 5412 vetustissimi
3369 5325 3605 5412 codices

320 5409 443 5481 (if?)
471 5405 893 5481 ἰ’ττοόεχόμιθα,
923 5410 1006 5481 Ita
1038 5424 1193 5481 mss.
1244 5397 1585 5467 sex."CbiSl.
1616 5408 1853 5481 primus

2004 5397 2105 5463 u'm
2124 5397 2264 5481 aliis
2291 5397 2571 5481 quatuor.
2605 5404 2855 5481 Vulgata
2890 5403 3181 5475 scriptura
3211 5405 3413 5475 φέροιτο
3443 5397 3608 5455 nullo

254 5476 838 5554 ἀποδεχόμεθα.Ἐᾶἱῐὶ
868 5476 1249 5554 ἀποδεξόμεθα.
1617 5476 1638 5481 -
1673 5551 1682 5554 _
1756 5551 1766 5554 _
1844 5551 1854 5554 ,

1617 5476 1682 5554 ’-
1756 5551 1766 5554 _
1844 5551 1854 5554 -
1964 5476 2954 5554 prorsusin‘eediceins:188itur-

327 5543 585 5623 (18ΥἹίῆς
639 5558 737 5612 σῆς
772 5543 1118 5623 λσεμνάτητρςζ
1162 5550 1256 5607 Sic
1302 5554 1439 5623 tres,
1470 5551 1859 5623 vetustissimi

1648 5551 1859 5623 tissimi
1965 5543 1987 5554 ’
2036 5552 2057 5572 ⁸
2092 5550 2251 5623 Alias
2277 5549 2635 5623 (ΞΟΟΧΧΧΙΙΙΣ
2664 5543 2893 5623 scripta
2921 5543 3245 5623 ωηο-ξπ.

256 5614 523 5693 codices,
557 5625 616 5680 et
644 5614 854 5695 paulo"
876 5626 1017 5695 post
1045 5620 1382 5695 ἀνεχομένης.
1413 5622 1556 5690 Quae
1609 5621 1858 5696 quidem
2036 5622 2080 5644 “
2118 5621 2279 5679 Alias
2310 5622 2574 5679 CCCXVI.
2606 5614 2837 5689 Scripta
2863 5629 3024 5672 anno
3051 5614 3174 5670 374.
