  <div class='ocr_page' id='page_1' title='image "/cluster/home/n/w/nwhite01/storage/ocr_20150623/32/hvd.32044048207401/335.png"; bbox 0 0 4062 6214; ppageno 0'>
   <div class='ocr_carea' id='block_1_1' title="bbox 422 299 3770 370">
    <p class='ocr_par' dir='ltr' id='par_1_1' title="bbox 422 299 3770 370">
     <span class='ocr_line' id='line_1_1' title="bbox 422 299 3770 370; baseline 0.001 -18"><span class='ocrx_word' id='word_1_1' title='bbox 422 299 526 370; x_wconf 77' lang='lat'>559</span> <span class='ocrx_word' id='word_1_2' title='bbox 1811 301 1868 356; x_wconf 91' lang='lat' dir='ltr'>s.</span> <span class='ocrx_word' id='word_1_3' title='bbox 1911 299 2162 356; x_wconf 80' lang='lat' dir='ltr'>BASILII</span> <span class='ocrx_word' id='word_1_4' title='bbox 2197 299 2415 357; x_wconf 84' lang='lat' dir='ltr'><strong>MAGNI</strong></span> <span class='ocrx_word' id='word_1_5' title='bbox 3676 303 3770 360; x_wconf 66' lang='grc' dir='ltr'>’διο</span> 
     </span>
    </p>
   </div>
   <div class='ocr_carea' id='block_1_2' title="bbox 907 427 1572 486">
    <p class='ocr_par' dir='ltr' id='par_1_2' title="bbox 907 427 1572 486">
     <span class='ocr_line' id='line_1_2' title="bbox 907 427 1572 486; baseline -0.003 -2"><span class='ocrx_word' id='word_1_6' title='bbox 907 428 1246 486; x_wconf 86' lang='lat' dir='ltr'>EPISTOLA</span> <span class='ocrx_word' id='word_1_7' title='bbox 1281 427 1572 484; x_wconf 79' lang='lat' dir='ltr'>CLXXXII.</span> 
     </span>
    </p>
   </div>
   <div class='ocr_carea' id='block_1_3' title="bbox 785 552 3401 624">
    <p class='ocr_par' dir='ltr' id='par_1_3' title="bbox 785 552 3401 624">
     <span class='ocr_line' id='line_1_3' title="bbox 785 552 3401 624; baseline -0.002 -12"><span class='ocrx_word' id='word_1_8' title='bbox 785 555 1157 612; x_wconf 79' lang='lat' dir='ltr'>Gratulatur</span> <span class='ocrx_word' id='word_1_9' title='bbox 1183 553 1257 611; x_wconf 87' lang='lat' dir='ltr'>de</span> <span class='ocrx_word' id='word_1_10' title='bbox 1280 554 1509 624; x_wconf 79' lang='lat' dir='ltr'>przeliis</span> <span class='ocrx_word' id='word_1_11' title='bbox 1533 567 1648 622; x_wconf 79' lang='lat' dir='ltr'>pro</span> <span class='ocrx_word' id='word_1_12' title='bbox 1674 553 1796 622; x_wconf 81' lang='lat' dir='ltr'>ﬁde</span> <span class='ocrx_word' id='word_1_13' title='bbox 1827 568 1841 621; x_wconf 93' lang='lat'><strong>;</strong></span> <span class='ocrx_word' id='word_1_14' title='bbox 1869 558 2161 622; x_wconf 80' lang='lat' dir='ltr'>precatur</span> <span class='ocrx_word' id='word_1_15' title='bbox 2189 561 2255 610; x_wconf 84' lang='lat' dir='ltr'>ut</span> <span class='ocrx_word' id='word_1_16' title='bbox 2282 553 2739 624; x_wconf 77' lang='lat' dir='ltr'>perseverantia</span> <span class='ocrx_word' id='word_1_17' title='bbox 2765 552 3024 608; x_wconf 83' lang='lat' dir='ltr'>donetur</span> <span class='ocrx_word' id='word_1_18' title='bbox 3055 568 3093 610; x_wconf 94' lang='lat' dir='ltr'>a</span> <span class='ocrx_word' id='word_1_19' title='bbox 3123 552 3401 609; x_wconf 85' lang='lat' dir='ltr'>Domino.</span> 
     </span>
    </p>
   </div>
   <div class='ocr_carea' id='block_1_4' title="bbox 2708 426 3212 482">
    <p class='ocr_par' dir='ltr' id='par_1_4' title="bbox 2708 426 3212 482">
     <span class='ocr_line' id='line_1_4' title="bbox 2708 426 3212 482; baseline -0.004 -2"><span class='ocrx_word' id='word_1_20' title='bbox 2708 433 3017 482; x_wconf 75' lang='grc' dir='ltr'>ΕΠΣΤΟΛΗ</span> <span class='ocrx_word' id='word_1_21' title='bbox 3048 426 3212 481; x_wconf 81' lang='grc' dir='ltr'>ΡΠΒ.’</span> 
     </span>
    </p>
   </div>
   <div class='ocr_carea' id='block_1_5' title="bbox 779 677 2154 748">
    <p class='ocr_par' dir='ltr' id='par_1_5' title="bbox 779 677 2154 748">
     <span class='ocr_line' id='line_1_5' title="bbox 779 677 2154 748; baseline -0.003 -14"><span class='ocrx_word' id='word_1_22' title='bbox 779 678 1162 748; x_wconf 81' lang='lat' dir='ltr'>Presbyteris</span> <span class='ocrx_word' id='word_1_23' title='bbox 1183 678 1720 736; x_wconf 79' lang='lat' dir='ltr'>Samosatensz&#39;bus.</span> <span class='ocrx_word' id='word_1_24' title='bbox 2103 677 2154 730; x_wconf 83' lang='lat' dir='ltr'><strong>A</strong></span> 
     </span>
    </p>
   </div>
   <div class='ocr_carea' id='block_1_6' title="bbox 501 784 2073 855">
    <p class='ocr_par' dir='ltr' id='par_1_6' title="bbox 501 784 2073 855">
     <span class='ocr_line' id='line_1_6' title="bbox 501 784 2073 855; baseline -0.003 -11"><span class='ocrx_word' id='word_1_25' title='bbox 501 789 802 854; x_wconf 89' lang='lat' dir='ltr'>Quantum</span> <span class='ocrx_word' id='word_1_26' title='bbox 823 786 998 842; x_wconf 92' lang='lat' dir='ltr'>doleo</span> <span class='ocrx_word' id='word_1_27' title='bbox 1025 785 1298 842; x_wconf 77' lang='lat' dir='ltr'>orbatam</span> <span class='ocrx_word' id='word_1_28' title='bbox 1318 784 1706 840; x_wconf 85' lang='lat' dir='ltr'>considerans</span> <span class='ocrx_word' id='word_1_29' title='bbox 1727 784 2073 855; x_wconf 89' lang='lat' dir='ltr'>Ecclesiam,</span> 
     </span>
    </p>
   </div>
   <div class='ocr_carea' id='block_1_7' title="bbox 426 874 2076 946">
    <p class='ocr_par' dir='ltr' id='par_1_7' title="bbox 426 874 2076 946">
     <span class='ocr_line' id='line_1_7' title="bbox 426 874 2076 946; baseline -0.003 -13"><span class='ocrx_word' id='word_1_30' title='bbox 426 880 665 933; x_wconf 87' lang='lat' dir='ltr'>tantum</span> <span class='ocrx_word' id='word_1_31' title='bbox 705 892 814 932; x_wconf 86' lang='lat' dir='ltr'>vos</span> <span class='ocrx_word' id='word_1_32' title='bbox 859 874 1070 931; x_wconf 88' lang='lat' dir='ltr'>beatos</span> <span class='ocrx_word' id='word_1_33' title='bbox 1101 874 1380 946; x_wconf 63' lang='lat' dir='ltr'>praedico,</span> <span class='ocrx_word' id='word_1_34' title='bbox 1414 874 1492 929; x_wconf 87' lang='lat' dir='ltr'>ad</span> <span class='ocrx_word' id='word_1_35' title='bbox 1541 874 1720 930; x_wconf 86' lang='lat' dir='ltr'>talem</span> <span class='ocrx_word' id='word_1_36' title='bbox 1751 874 2076 944; x_wconf 84' lang='lat' dir='ltr'>perductos</span> 
     </span>
    </p>
   </div>
   <div class='ocr_carea' id='block_1_8' title="bbox 431 962 2080 1035">
    <p class='ocr_par' dir='ltr' id='par_1_8' title="bbox 431 962 2080 1035">
     <span class='ocr_line' id='line_1_8' title="bbox 431 962 2080 1035; baseline -0.001 -14"><span class='ocrx_word' id='word_1_37' title='bbox 431 965 772 1021; x_wconf 80' lang='lat' dir='ltr'>certaminis</span> <span class='ocrx_word' id='word_1_38' title='bbox 812 980 1161 1019; x_wconf 85' lang='lat' dir='ltr'>mensuram</span> <span class='ocrx_word' id='word_1_39' title='bbox 1194 982 1208 1029; x_wconf 88' lang='lat'><strong>;</strong></span> <span class='ocrx_word' id='word_1_40' title='bbox 1252 980 1438 1035; x_wconf 91' lang='lat' dir='ltr'>quam</span> <span class='ocrx_word' id='word_1_41' title='bbox 1472 964 1649 1034; x_wconf 81' lang='lat'>266</span> <span class='ocrx_word' id='word_1_42' title='bbox 1698 963 1946 1035; x_wconf 88' lang='lat' dir='ltr'>quidem</span> <span class='ocrx_word' id='word_1_43' title='bbox 1978 962 2080 1019; x_wconf 86' lang='lat' dir='ltr'>det</span> 
     </span>
    </p>
   </div>
   <div class='ocr_carea' id='block_1_9' title="bbox 426 1052 2078 1125">
    <p class='ocr_par' dir='ltr' id='par_1_9' title="bbox 426 1052 2078 1125">
     <span class='ocr_line' id='line_1_9' title="bbox 426 1052 2078 1125; baseline -0.001 -16"><span class='ocrx_word' id='word_1_44' title='bbox 426 1054 600 1110; x_wconf 80' lang='lat' dir='ltr'>vobis</span> <span class='ocrx_word' id='word_1_45' title='bbox 659 1055 948 1110; x_wconf 88' lang='lat' dir='ltr'>Dominus</span> <span class='ocrx_word' id='word_1_46' title='bbox 999 1053 1292 1125; x_wconf 84' lang='lat' dir='ltr'>patienter</span> <span class='ocrx_word' id='word_1_47' title='bbox 1334 1053 1671 1122; x_wconf 71' lang='lat' dir='ltr'>decurrere,</span> <span class='ocrx_word' id='word_1_48' title='bbox 1703 1057 1768 1108; x_wconf 91' lang='lat' dir='ltr'>ut</span> <span class='ocrx_word' id='word_1_49' title='bbox 1795 1056 1852 1108; x_wconf 89' lang='lat' dir='ltr'>et</span> <span class='ocrx_word' id='word_1_50' title='bbox 1883 1052 2078 1108; x_wconf 86' lang='lat' dir='ltr'>ﬁdelis</span> 
     </span>
    </p>
   </div>
   <div class='ocr_carea' id='block_1_10' title="bbox 428 1143 2078 1217">
    <p class='ocr_par' dir='ltr' id='par_1_10' title="bbox 428 1143 2078 1217">
     <span class='ocr_line' id='line_1_10' title="bbox 428 1143 2078 1217; baseline -0.001 -17"><span class='ocrx_word' id='word_1_51' title='bbox 428 1145 900 1217; x_wconf 81' lang='lat' dir='ltr'>dispensationis</span> <span class='ocrx_word' id='word_1_52' title='bbox 930 1149 987 1199; x_wconf 91' lang='lat' dir='ltr'>et</span> <span class='ocrx_word' id='word_1_53' title='bbox 1016 1158 1314 1213; x_wconf 64' lang='lat' dir='ltr'>generosas</span> <span class='ocrx_word' id='word_1_54' title='bbox 1346 1143 1718 1212; x_wconf 76' lang='lat' dir='ltr'>constantite,</span> <span class='ocrx_word' id='word_1_55' title='bbox 1741 1157 1930 1214; x_wconf 89' lang='lat' dir='ltr'>quam</span> <span class='ocrx_word' id='word_1_56' title='bbox 1966 1158 2078 1215; x_wconf 90' lang='lat' dir='ltr'>pro</span> 
     </span>
    </p>
   </div>
   <div class='ocr_carea' id='block_1_11' title="bbox 430 1231 2078 1302">
    <p class='ocr_par' dir='ltr' id='par_1_11' title="bbox 430 1231 2078 1302">
     <span class='ocr_line' id='line_1_11' title="bbox 430 1231 2078 1302; baseline -0.002 -12"><span class='ocrx_word' id='word_1_57' title='bbox 430 1234 644 1290; x_wconf 87' lang='lat' dir='ltr'>Christi</span> <span class='ocrx_word' id='word_1_58' title='bbox 690 1233 935 1289; x_wconf 89' lang='lat' dir='ltr'>nomine</span> <span class='ocrx_word' id='word_1_59' title='bbox 980 1233 1344 1297; x_wconf 89' lang='lat' dir='ltr'>ostendistis,</span> <span class='ocrx_word' id='word_1_60' title='bbox 1394 1231 1737 1288; x_wconf 82' lang='lat' dir='ltr'>mercedem</span> <span class='ocrx_word' id='word_1_61' title='bbox 1785 1246 2078 1302; x_wconf 80' lang='lat' dir='ltr'>magnam</span> 
     </span>
    </p>
   </div>
   <div class='ocr_carea' id='block_1_12' title="bbox 430 1322 914 1395">
    <p class='ocr_par' dir='ltr' id='par_1_12' title="bbox 430 1322 914 1395">
     <span class='ocr_line' id='line_1_12' title="bbox 430 1322 914 1395; baseline -0.004 -15"><span class='ocrx_word' id='word_1_62' title='bbox 430 1322 914 1395; x_wconf 87' lang='lat' dir='ltr'>consequamini.</span> 
     </span>
    </p>
   </div>
   <div class='ocr_carea' id='block_1_13' title="bbox 860 1445 1615 1504">
    <p class='ocr_par' dir='ltr' id='par_1_13' title="bbox 860 1445 1615 1504">
     <span class='ocr_line' id='line_1_13' title="bbox 860 1445 1615 1504; baseline -0.001 -2"><span class='ocrx_word' id='word_1_63' title='bbox 860 1447 1196 1504; x_wconf 79' lang='lat' dir='ltr'>EPISTULA</span> <span class='ocrx_word' id='word_1_64' title='bbox 1235 1445 1615 1503; x_wconf 81' lang='lat' dir='ltr'>CLXXXIII“.</span> 
     </span>
    </p>
   </div>
   <div class='ocr_carea' id='block_1_14' title="bbox 434 1569 3780 1697">
    <p class='ocr_par' dir='ltr' id='par_1_14' title="bbox 434 1569 3780 1697">
     <span class='ocr_line' id='line_1_14' title="bbox 434 1569 3780 1697; baseline -0.001 -67"><span class='ocrx_word' id='word_1_65' title='bbox 434 1571 678 1630; x_wconf 82' lang='lat' dir='ltr'>Laudat</span> <span class='ocrx_word' id='word_1_66' title='bbox 702 1571 973 1628; x_wconf 81' lang='lat' dir='ltr'>Basilius</span> <span class='ocrx_word' id='word_1_67' title='bbox 1001 1572 1513 1628; x_wconf 82' lang='lat' dir='ltr'>Samosatensz’um</span> <span class='ocrx_word' id='word_1_68' title='bbox 1548 1569 1782 1628; x_wconf 84' lang='lat' dir='ltr'>labores</span> <span class='ocrx_word' id='word_1_69' title='bbox 1809 1576 2006 1697; x_wconf 53' lang='lat' dir='ltr'>ettprcp</span> <span class='ocrx_word' id='word_1_70' title='bbox 2032 1569 2154 1639; x_wconf 78' lang='lat' dir='ltr'>ﬁde</span> <span class='ocrx_word' id='word_1_71' title='bbox 2177 1571 2396 1697; x_wconf 55' lang='lat' dir='ltr'>prba&#39;lip</span> <span class='ocrx_word' id='word_1_72' title='bbox 2425 1585 2447 1624; x_wconf 85' lang='lat'><strong><em>:</em></strong></span> <span class='ocrx_word' id='word_1_73' title='bbox 2493 1569 2779 1627; x_wconf 81' lang='lat' dir='ltr'>hortatur</span> <span class='ocrx_word' id='word_1_74' title='bbox 2824 1569 2907 1626; x_wconf 91' lang='lat' dir='ltr'>ad</span> <span class='ocrx_word' id='word_1_75' title='bbox 2937 1569 3448 1642; x_wconf 79' lang='lat' dir='ltr'>perseverantiam</span> <span class='ocrx_word' id='word_1_76' title='bbox 3480 1583 3552 1627; x_wconf 82' lang='lat' dir='ltr'>ac</span> <span class='ocrx_word' id='word_1_77' title='bbox 3600 1577 3780 1642; x_wconf 86' lang='lat' dir='ltr'>rogat</span> 
     </span>
     <span class='ocr_line' id='line_1_15' title="bbox 1812 1657 3064 1697; baseline 0 0"><span class='ocrx_word' id='word_1_78' title='bbox 1812 1659 1852 1696; x_wconf 84' lang='lat' dir='ltr'>u</span> <span class='ocrx_word' id='word_1_79' title='bbox 1916 1657 1953 1697; x_wconf 93' lang='lat' dir='ltr'>a</span> <span class='ocrx_word' id='word_1_80' title='bbox 2026 1657 2086 1697; x_wconf 90' lang='lat' dir='ltr'>se</span> <span class='ocrx_word' id='word_1_81' title='bbox 2113 1657 2232 1697; x_wconf 73' lang='lat' dir='ltr'>seri</span> <span class='ocrx_word' id='word_1_82' title='bbox 2276 1657 2355 1697; x_wconf 84' lang='lat' dir='ltr'>an</span> <span class='ocrx_word' id='word_1_83' title='bbox 2390 1684 2403 1697; x_wconf 92' lang='lat'>.</span> <span class='ocrx_word' id='word_1_84' title='bbox 3053 1687 3064 1697; x_wconf 90' lang='lat'>.</span> 
     </span>
    </p>
   </div>
   <div class='ocr_carea' id='block_1_15' title="bbox 1812 1657 2403 1698">
    <p class='ocr_par' dir='ltr' id='par_1_15' title="bbox 1812 1657 2403 1698">
     <span class='ocr_line' id='line_1_16' title="bbox 1812 1657 2403 1698; baseline 0.002 -2"><span class='ocrx_word' id='word_1_85' title='bbox 1812 1657 1881 1697; x_wconf 83' lang='lat' dir='ltr'>ut</span> <span class='ocrx_word' id='word_1_86' title='bbox 1916 1657 1997 1698; x_wconf 89' lang='lat' dir='ltr'>aa</span> <span class='ocrx_word' id='word_1_87' title='bbox 2026 1657 2086 1698; x_wconf 90' lang='lat' dir='ltr'>se</span> <span class='ocrx_word' id='word_1_88' title='bbox 2113 1657 2403 1698; x_wconf 72' lang='grc' dir='ltr'>εενιοαηῑ.</span> 
     </span>
    </p>
   </div>
   <div class='ocr_carea' id='block_1_16' title="bbox 2460 674 3488 752">
    <p class='ocr_par' dir='ltr' id='par_1_16' title="bbox 2460 674 3488 752">
     <span class='ocr_line' id='line_1_17' title="bbox 2460 674 3488 752; baseline 0.003 -22"><span class='ocrx_word' id='word_1_89' title='bbox 2460 674 2579 739; x_wconf 82' lang='grc' dir='ltr'>Τοῖς</span> <span class='ocrx_word' id='word_1_90' title='bbox 2615 675 2986 752; x_wconf 68' lang='grc' dir='ltr'>πρεσϐυτέροις</span> <span class='ocrx_word' id='word_1_91' title='bbox 3013 678 3327 750; x_wconf 73' lang='grc' dir='ltr'>Σαμοσάτων</span> <span class='ocrx_word' id='word_1_92' title='bbox 3359 676 3488 744; x_wconf 75' lang='grc'>(21).</span> 
     </span>
    </p>
   </div>
   <div class='ocr_carea' id='block_1_17' title="bbox 2253 783 3773 859">
    <p class='ocr_par' dir='ltr' id='par_1_17' title="bbox 2253 783 3773 859">
     <span class='ocr_line' id='line_1_18' title="bbox 2253 783 3773 859; baseline -0.001 -21"><span class='ocrx_word' id='word_1_93' title='bbox 2253 783 2412 838; x_wconf 87' lang='grc' dir='ltr'>Ὀσον</span> <span class='ocrx_word' id='word_1_94' title='bbox 2462 785 2764 858; x_wconf 80' lang='grc' dir='ltr'>λυπούμεθα</span> <span class='ocrx_word' id='word_1_95' title='bbox 2836 783 3200 858; x_wconf 78' lang='grc' dir='ltr'>ἐνθυμούμενοι</span> <span class='ocrx_word' id='word_1_96' title='bbox 3257 789 3352 842; x_wconf 81' lang='grc' dir='ltr'>τὴν</span> <span class='ocrx_word' id='word_1_97' title='bbox 3409 783 3628 859; x_wconf 78' lang='grc' dir='ltr'>ἐρημίαν</span> <span class='ocrx_word' id='word_1_98' title='bbox 3687 793 3773 847; x_wconf 79' lang='grc' dir='ltr'>τῆς</span> 
     </span>
    </p>
   </div>
   <div class='ocr_carea' id='block_1_18' title="bbox 2183 873 3773 948">
    <p class='ocr_par' dir='ltr' id='par_1_18' title="bbox 2183 873 3773 948">
     <span class='ocr_line' id='line_1_19' title="bbox 2183 873 3773 948; baseline -0.001 -20"><span class='ocrx_word' id='word_1_99' title='bbox 2183 874 2518 942; x_wconf 81' lang='grc' dir='ltr'>Ἐκκλησίας,</span> <span class='ocrx_word' id='word_1_100' title='bbox 2576 882 2827 927; x_wconf 86' lang='grc' dir='ltr'>τοσοῦτον</span> <span class='ocrx_word' id='word_1_101' title='bbox 2884 878 3239 948; x_wconf 75' lang='grc' dir='ltr'>μακαρίζομεν</span> <span class='ocrx_word' id='word_1_102' title='bbox 3287 876 3440 946; x_wconf 75' lang='grc' dir='ltr'>ὑμᾶς,</span> <span class='ocrx_word' id='word_1_103' title='bbox 3507 873 3581 936; x_wconf 84' lang='grc' dir='ltr'>εἰς</span> <span class='ocrx_word' id='word_1_104' title='bbox 3622 882 3773 927; x_wconf 68' lang='grc' dir='ltr'>τοῦτο</span> 
     </span>
    </p>
   </div>
   <div class='ocr_carea' id='block_1_19' title="bbox 2185 960 3774 1037">
    <p class='ocr_par' dir='ltr' id='par_1_19' title="bbox 2185 960 3774 1037">
     <span class='ocr_line' id='line_1_20' title="bbox 2185 960 3774 1037; baseline -0.001 -21"><span class='ocrx_word' id='word_1_105' title='bbox 2185 966 2484 1036; x_wconf 72' lang='grc' dir='ltr'>φθάσαντας</span> <span class='ocrx_word' id='word_1_106' title='bbox 2549 967 2606 1015; x_wconf 83' lang='grc' dir='ltr'>τὸ</span> <span class='ocrx_word' id='word_1_107' title='bbox 2659 970 2844 1036; x_wconf 81' lang='grc' dir='ltr'>μέτρον</span> <span class='ocrx_word' id='word_1_108' title='bbox 2913 970 3007 1024; x_wconf 77' lang='grc' dir='ltr'>τῆς</span> <span class='ocrx_word' id='word_1_109' title='bbox 3072 960 3359 1030; x_wconf 74' lang='grc' dir='ltr'>ἀθλήσεως,</span> <span class='ocrx_word' id='word_1_110' title='bbox 3418 963 3444 1014; x_wconf 86' lang='grc' dir='ltr'><strong>ὃ</strong></span> <span class='ocrx_word' id='word_1_111' title='bbox 3497 967 3774 1037; x_wconf 73' lang='grc' dir='ltr'>παράσχοι</span> 
     </span>
    </p>
   </div>
   <div class='ocr_carea' id='block_1_20' title="bbox 2183 1050 3774 1127">
    <p class='ocr_par' dir='ltr' id='par_1_20' title="bbox 2183 1050 3774 1127">
     <span class='ocr_line' id='line_1_21' title="bbox 2183 1050 3774 1127; baseline -0.001 -23"><span class='ocrx_word' id='word_1_112' title='bbox 2183 1055 2305 1125; x_wconf 84' lang='grc' dir='ltr'>ὑμῖν</span> <span class='ocrx_word' id='word_1_113' title='bbox 2343 1056 2453 1120; x_wconf 78' lang='lat'>(‘22)</span> <span class='ocrx_word' id='word_1_114' title='bbox 2501 1055 2527 1104; x_wconf 85' lang='grc' dir='ltr'><em>ὁ</em></span> <span class='ocrx_word' id='word_1_115' title='bbox 2586 1054 2777 1127; x_wconf 82' lang='grc' dir='ltr'>Κύριος</span> <span class='ocrx_word' id='word_1_116' title='bbox 2815 1053 3160 1126; x_wconf 74' lang='grc' dir='ltr'>μακροθύμως</span> <span class='ocrx_word' id='word_1_117' title='bbox 3223 1050 3513 1125; x_wconf 81' lang='grc' dir='ltr'>παρελθεῖν,</span> <span class='ocrx_word' id='word_1_118' title='bbox 3547 1053 3631 1104; x_wconf 82' lang='grc' dir='ltr'>ἵνα</span> <span class='ocrx_word' id='word_1_119' title='bbox 3685 1057 3774 1103; x_wconf 83' lang='grc' dir='ltr'>καὶ</span> 
     </span>
    </p>
   </div>
   <div class='ocr_carea' id='block_1_21' title="bbox 2183 1140 3773 1213">
    <p class='ocr_par' dir='ltr' id='par_1_21' title="bbox 2183 1140 3773 1213">
     <span class='ocr_line' id='line_1_22' title="bbox 2183 1140 3773 1213; baseline -0.002 -19"><span class='ocrx_word' id='word_1_120' title='bbox 2183 1151 2276 1202; x_wconf 78' lang='grc' dir='ltr'>τῆς</span> <span class='ocrx_word' id='word_1_121' title='bbox 2331 1151 2528 1204; x_wconf 80' lang='grc' dir='ltr'>πιστῆς</span> <span class='ocrx_word' id='word_1_122' title='bbox 2580 1142 2895 1213; x_wconf 87' lang='grc' dir='ltr'>οἰκονομίας,</span> <span class='ocrx_word' id='word_1_123' title='bbox 2928 1148 3017 1192; x_wconf 83' lang='grc' dir='ltr'>καί</span> <span class='ocrx_word' id='word_1_124' title='bbox 3054 1148 3142 1202; x_wconf 83' lang='grc' dir='ltr'>τῆς</span> <span class='ocrx_word' id='word_1_125' title='bbox 3187 1146 3427 1212; x_wconf 85' lang='grc' dir='ltr'>γενναίας</span> <span class='ocrx_word' id='word_1_126' title='bbox 3469 1140 3773 1205; x_wconf 85' lang='grc' dir='ltr'>ἐνστάσεως,</span> 
     </span>
    </p>
   </div>
   <div class='ocr_carea' id='block_1_22' title="bbox 2186 1226 3776 1304">
    <p class='ocr_par' dir='ltr' id='par_1_22' title="bbox 2186 1226 3776 1304">
     <span class='ocr_line' id='line_1_23' title="bbox 2186 1226 3776 1304; baseline -0.001 -22"><span class='ocrx_word' id='word_1_127' title='bbox 2186 1231 2247 1291; x_wconf 79' lang='grc' dir='ltr'>ἣν</span> <span class='ocrx_word' id='word_1_128' title='bbox 2275 1232 2399 1304; x_wconf 71' lang='grc' dir='ltr'>ὑπὲρ</span> <span class='ocrx_word' id='word_1_129' title='bbox 2439 1238 2532 1282; x_wconf 83' lang='grc' dir='ltr'>τοῦ</span> <span class='ocrx_word' id='word_1_130' title='bbox 2585 1232 2836 1303; x_wconf 77' lang='grc' dir='ltr'>ὀνόματος</span> <span class='ocrx_word' id='word_1_131' title='bbox 2883 1238 2974 1282; x_wconf 87' lang='grc' dir='ltr'>τοῦ</span> <span class='ocrx_word' id='word_1_132' title='bbox 3027 1237 3262 1303; x_wconf 78' lang='grc' dir='ltr'>Χριστοῦ</span> <span class='ocrx_word' id='word_1_133' title='bbox 3311 1226 3666 1302; x_wconf 63' lang='grc' dir='ltr'>ἐπεδείξασθε,</span> <span class='ocrx_word' id='word_1_134' title='bbox 3691 1235 3776 1282; x_wconf 86' lang='grc' dir='ltr'>τὸν</span> 
     </span>
    </p>
   </div>
   <div class='ocr_carea' id='block_1_23' title="bbox 2186 1317 2937 1394">
    <p class='ocr_par' dir='ltr' id='par_1_23' title="bbox 2186 1317 2937 1394">
     <span class='ocr_line' id='line_1_24' title="bbox 2186 1317 2937 1394; baseline 0.005 -24"><span class='ocrx_word' id='word_1_135' title='bbox 2186 1323 2348 1394; x_wconf 81' lang='grc' dir='ltr'>μέγαν</span> <span class='ocrx_word' id='word_1_136' title='bbox 2377 1321 2566 1394; x_wconf 83' lang='grc' dir='ltr'>μισθὸν</span> <span class='ocrx_word' id='word_1_137' title='bbox 2588 1317 2815 1384; x_wconf 74' lang='grc' dir='ltr'>ὑποδέξη</span> <span class='ocrx_word' id='word_1_138' title='bbox 2827 1321 2937 1374; x_wconf 88' lang='grc' dir='ltr'>σθε.</span> 
     </span>
    </p>
   </div>
   <div class='ocr_carea' id='block_1_24' title="bbox 2754 1445 3294 1499">
    <p class='ocr_par' dir='ltr' id='par_1_24' title="bbox 2754 1445 3294 1499">
     <span class='ocr_line' id='line_1_25' title="bbox 2754 1445 3294 1499; baseline 0.002 -2"><span class='ocrx_word' id='word_1_139' title='bbox 2754 1450 3086 1498; x_wconf 74' lang='grc' dir='ltr'>ΕΠΙΣΤΟΑΗ</span> <span class='ocrx_word' id='word_1_140' title='bbox 3127 1445 3265 1498; x_wconf 74' lang='grc' dir='ltr'>ΡΠΓ</span> <span class='ocrx_word' id='word_1_141' title='bbox 3279 1483 3294 1499; x_wconf 90' lang='grc'><strong><em>.</em></strong></span> 
     </span>
    </p>
   </div>
   <div class='ocr_carea' id='block_1_25' title="bbox 881 1767 1622 1825">
    <p class='ocr_par' dir='ltr' id='par_1_25' title="bbox 881 1767 1622 1825">
     <span class='ocr_line' id='line_1_26' title="bbox 881 1767 1622 1825; baseline -0.003 -1"><span class='ocrx_word' id='word_1_142' title='bbox 881 1767 1330 1825; x_wconf 84' lang='lat' dir='ltr'>Samosatorum</span> <span class='ocrx_word' id='word_1_143' title='bbox 1361 1767 1622 1824; x_wconf 82' lang='lat' dir='ltr'>senatui.</span> 
     </span>
    </p>
   </div>
   <div class='ocr_carea' id='block_1_26' title="bbox 505 1873 2079 1946">
    <p class='ocr_par' dir='ltr' id='par_1_26' title="bbox 505 1873 2079 1946">
     <span class='ocr_line' id='line_1_27' title="bbox 505 1873 2079 1946; baseline -0.002 -15"><span class='ocrx_word' id='word_1_144' title='bbox 505 1876 648 1931; x_wconf 89' lang='lat' dir='ltr'>Cum</span> <span class='ocrx_word' id='word_1_145' title='bbox 697 1873 1020 1931; x_wconf 88' lang='lat' dir='ltr'>considero</span> <span class='ocrx_word' id='word_1_146' title='bbox 1048 1875 1439 1931; x_wconf 85' lang='lat' dir='ltr'>tentationem</span> <span class='ocrx_word' id='word_1_147' title='bbox 1478 1889 1586 1946; x_wconf 88' lang='lat' dir='ltr'>per</span> <span class='ocrx_word' id='word_1_148' title='bbox 1611 1877 1802 1930; x_wconf 88' lang='lat' dir='ltr'>totum</span> <span class='ocrx_word' id='word_1_149' title='bbox 1829 1874 1958 1944; x_wconf 89' lang='lat' dir='ltr'>jam</span> <span class='ocrx_word' id='word_1_150' title='bbox 1989 1888 2079 1929; x_wconf 87' lang='lat' dir='ltr'>or-</span> 
     </span>
    </p>
   </div>
   <div class='ocr_carea' id='block_1_27' title="bbox 431 1962 2078 2034">
    <p class='ocr_par' dir='ltr' id='par_1_27' title="bbox 431 1962 2078 2034">
     <span class='ocr_line' id='line_1_28' title="bbox 431 1962 2078 2034; baseline -0.001 -14"><span class='ocrx_word' id='word_1_151' title='bbox 431 1964 572 2020; x_wconf 89' lang='lat' dir='ltr'>bem</span> <span class='ocrx_word' id='word_1_152' title='bbox 603 1981 733 2020; x_wconf 91' lang='lat' dir='ltr'>esse</span> <span class='ocrx_word' id='word_1_153' title='bbox 765 1963 1071 2028; x_wconf 76' lang='lat' dir='ltr'>diffusam,</span> <span class='ocrx_word' id='word_1_154' title='bbox 1104 1980 1174 2020; x_wconf 91' lang='lat' dir='ltr'>ac</span> <span class='ocrx_word' id='word_1_155' title='bbox 1205 1963 1505 2019; x_wconf 81' lang='lat' dir='ltr'>maximas</span> <span class='ocrx_word' id='word_1_156' title='bbox 1535 1963 1720 2034; x_wconf 76' lang='lat' dir='ltr'>Syriae</span> <span class='ocrx_word' id='word_1_157' title='bbox 1759 1962 1938 2018; x_wconf 89' lang='lat' dir='ltr'>urbes</span> <span class='ocrx_word' id='word_1_158' title='bbox 1981 1978 2078 2018; x_wconf 89' lang='lat' dir='ltr'>ea-</span> 
     </span>
    </p>
   </div>
   <div class='ocr_carea' id='block_1_28' title="bbox 430 2051 2079 2125">
    <p class='ocr_par' dir='ltr' id='par_1_28' title="bbox 430 2051 2079 2125">
     <span class='ocr_line' id='line_1_29' title="bbox 430 2051 2079 2125; baseline -0.001 -17"><span class='ocrx_word' id='word_1_159' title='bbox 430 2053 569 2108; x_wconf 89' lang='lat' dir='ltr'>dem</span> <span class='ocrx_word' id='word_1_160' title='bbox 614 2069 686 2109; x_wconf 89' lang='lat' dir='ltr'>ac</span> <span class='ocrx_word' id='word_1_161' title='bbox 730 2069 840 2110; x_wconf 89' lang='lat' dir='ltr'>vos</span> <span class='ocrx_word' id='word_1_162' title='bbox 892 2053 1058 2109; x_wconf 88' lang='lat' dir='ltr'>mala</span> <span class='ocrx_word' id='word_1_163' title='bbox 1090 2056 1406 2125; x_wconf 86' lang='lat' dir='ltr'>expertas;</span> <span class='ocrx_word' id='word_1_164' title='bbox 1437 2051 1650 2107; x_wconf 89' lang='lat' dir='ltr'>nullibi</span> <span class='ocrx_word' id='word_1_165' title='bbox 1695 2056 1898 2110; x_wconf 89' lang='lat' dir='ltr'>tamen</span> <span class='ocrx_word' id='word_1_166' title='bbox 1925 2051 2079 2108; x_wconf 89' lang='lat' dir='ltr'>adeo</span> 
     </span>
    </p>
   </div>
   <div class='ocr_carea' id='block_1_29' title="bbox 431 2140 2080 2214">
    <p class='ocr_par' dir='ltr' id='par_1_29' title="bbox 431 2140 2080 2214">
     <span class='ocr_line' id='line_1_30' title="bbox 431 2140 2080 2214; baseline 0 -18"><span class='ocrx_word' id='word_1_167' title='bbox 431 2146 789 2214; x_wconf 86' lang='lat' dir='ltr'>spectatum,</span> <span class='ocrx_word' id='word_1_168' title='bbox 834 2157 907 2198; x_wconf 88' lang='lat' dir='ltr'>ac</span> <span class='ocrx_word' id='word_1_169' title='bbox 946 2140 1124 2197; x_wconf 90' lang='lat' dir='ltr'>bonis</span> <span class='ocrx_word' id='word_1_170' title='bbox 1179 2140 1466 2213; x_wconf 88' lang='lat' dir='ltr'>operibus</span> <span class='ocrx_word' id='word_1_171' title='bbox 1515 2141 1750 2196; x_wconf 83' lang='lat' dir='ltr'>clarum</span> <span class='ocrx_word' id='word_1_172' title='bbox 1802 2146 2080 2196; x_wconf 88' lang='lat' dir='ltr'>senatum</span> 
     </span>
    </p>
   </div>
   <div class='ocr_carea' id='block_1_30' title="bbox 431 2229 2083 2302">
    <p class='ocr_par' dir='ltr' id='par_1_30' title="bbox 431 2229 2083 2302">
     <span class='ocr_line' id='line_1_31' title="bbox 431 2229 2083 2302; baseline 0.001 -18"><span class='ocrx_word' id='word_1_173' title='bbox 431 2245 589 2298; x_wconf 88' lang='lat' dir='ltr'>esse,</span> <span class='ocrx_word' id='word_1_174' title='bbox 613 2234 678 2286; x_wconf 90' lang='lat' dir='ltr'>ut</span> <span class='ocrx_word' id='word_1_175' title='bbox 705 2246 868 2286; x_wconf 91' lang='lat' dir='ltr'>nunc</span> <span class='ocrx_word' id='word_1_176' title='bbox 882 2236 1076 2286; x_wconf 89' lang='lat' dir='ltr'>vester</span> <span class='ocrx_word' id='word_1_177' title='bbox 1101 2229 1181 2286; x_wconf 92' lang='lat' dir='ltr'>ob</span> <span class='ocrx_word' id='word_1_178' title='bbox 1210 2229 1514 2286; x_wconf 90' lang='lat' dir='ltr'>bonorum</span> <span class='ocrx_word' id='word_1_179' title='bbox 1535 2246 1790 2302; x_wconf 89' lang='lat' dir='ltr'>operum</span> <span class='ocrx_word' id='word_1_180' title='bbox 1813 2230 2083 2286; x_wconf 90' lang='lat' dir='ltr'>studium</span> 
     </span>
    </p>
   </div>
   <div class='ocr_carea' id='block_1_31' title="bbox 430 2318 2083 2390">
    <p class='ocr_par' dir='ltr' id='par_1_31' title="bbox 430 2318 2083 2390">
     <span class='ocr_line' id='line_1_32' title="bbox 430 2318 2083 2390; baseline 0.001 -16"><span class='ocrx_word' id='word_1_181' title='bbox 430 2319 598 2375; x_wconf 82' lang='lat' dir='ltr'>fama</span> <span class='ocrx_word' id='word_1_182' title='bbox 622 2318 954 2374; x_wconf 86' lang='lat' dir='ltr'>celebratur</span> <span class='ocrx_word' id='word_1_183' title='bbox 979 2335 992 2373; x_wconf 89' lang='lat'>:</span> <span class='ocrx_word' id='word_1_184' title='bbox 1026 2334 1246 2390; x_wconf 88' lang='lat' dir='ltr'>parum</span> <span class='ocrx_word' id='word_1_185' title='bbox 1273 2319 1447 2374; x_wconf 90' lang='lat' dir='ltr'>abest</span> <span class='ocrx_word' id='word_1_186' title='bbox 1475 2319 1621 2390; x_wconf 89' lang='lat' dir='ltr'>quin</span> <span class='ocrx_word' id='word_1_187' title='bbox 1654 2318 1874 2388; x_wconf 73' lang='lat' dir='ltr'>gratias</span> <span class='ocrx_word' id='word_1_188' title='bbox 1903 2319 2083 2375; x_wconf 88' lang='lat' dir='ltr'>etiam</span> 
     </span>
    </p>
   </div>
   <div class='ocr_carea' id='block_1_32' title="bbox 433 2407 2084 2479">
    <p class='ocr_par' dir='ltr' id='par_1_32' title="bbox 433 2407 2084 2479">
     <span class='ocr_line' id='line_1_33' title="bbox 433 2407 2084 2479; baseline 0 -16"><span class='ocrx_word' id='word_1_189' title='bbox 433 2407 699 2463; x_wconf 84' lang='lat' dir='ltr'>habeam</span> <span class='ocrx_word' id='word_1_190' title='bbox 729 2407 822 2463; x_wconf 87' lang='lat' dir='ltr'>his</span> <span class='ocrx_word' id='word_1_191' title='bbox 852 2423 989 2479; x_wconf 62' lang='lat' dir='ltr'>qua;</span> <span class='ocrx_word' id='word_1_192' title='bbox 1038 2411 1194 2462; x_wconf 89' lang='lat' dir='ltr'>Deus</span> <span class='ocrx_word' id='word_1_193' title='bbox 1239 2408 1367 2464; x_wconf 86' lang='lat' dir='ltr'>ﬁeri</span> <span class='ocrx_word' id='word_1_194' title='bbox 1410 2408 1699 2479; x_wconf 84' lang='lat' dir='ltr'>permisit.</span> <span class='ocrx_word' id='word_1_195' title='bbox 1753 2408 1875 2464; x_wconf 84' lang='lat' dir='ltr'>Nisi</span> <span class='ocrx_word' id='word_1_196' title='bbox 1922 2409 2084 2464; x_wconf 89' lang='lat' dir='ltr'>enim</span> 
     </span>
    </p>
   </div>
   <div class='ocr_carea' id='block_1_33' title="bbox 432 2496 2086 2570">
    <p class='ocr_par' dir='ltr' id='par_1_33' title="bbox 432 2496 2086 2570">
     <span class='ocr_line' id='line_1_34' title="bbox 432 2496 2086 2570; baseline -0.001 -17"><span class='ocrx_word' id='word_1_197' title='bbox 432 2496 731 2553; x_wconf 85' lang='lat' dir='ltr'>evenisset</span> <span class='ocrx_word' id='word_1_198' title='bbox 759 2497 860 2553; x_wconf 91' lang='lat' dir='ltr'>illa</span> <span class='ocrx_word' id='word_1_199' title='bbox 882 2496 1216 2559; x_wconf 85' lang='lat' dir='ltr'>calamitas,</span> <span class='ocrx_word' id='word_1_200' title='bbox 1247 2496 1525 2570; x_wconf 82' lang='lat' dir='ltr'>probatio</span> <span class='ocrx_word' id='word_1_201' title='bbox 1571 2501 1774 2553; x_wconf 89' lang='lat' dir='ltr'>vestra</span> <span class='ocrx_word' id='word_1_202' title='bbox 1833 2513 1956 2554; x_wconf 92' lang='lat' dir='ltr'>non</span> <span class='ocrx_word' id='word_1_203' title='bbox 1998 2497 2086 2552; x_wconf 88' lang='lat' dir='ltr'>in-</span> 
     </span>
    </p>
   </div>
   <div class='ocr_carea' id='block_1_34' title="bbox 433 2585 2084 2658">
    <p class='ocr_par' dir='ltr' id='par_1_34' title="bbox 433 2585 2084 2658">
     <span class='ocr_line' id='line_1_35' title="bbox 433 2585 2084 2658; baseline 0.001 -18"><span class='ocrx_word' id='word_1_204' title='bbox 433 2586 762 2642; x_wconf 88' lang='lat' dir='ltr'>claruisset.</span> <span class='ocrx_word' id='word_1_205' title='bbox 798 2587 991 2651; x_wconf 86' lang='lat' dir='ltr'>Quare</span> <span class='ocrx_word' id='word_1_206' title='bbox 1028 2585 1282 2653; x_wconf 91' lang='lat' dir='ltr'>videtur,</span> <span class='ocrx_word' id='word_1_207' title='bbox 1309 2585 1470 2658; x_wconf 87' lang='lat' dir='ltr'>quod</span> <span class='ocrx_word' id='word_1_208' title='bbox 1505 2585 1780 2641; x_wconf 89' lang='lat' dir='ltr'>caminus</span> <span class='ocrx_word' id='word_1_209' title='bbox 1801 2591 1888 2642; x_wconf 90' lang='lat' dir='ltr'>est</span> <span class='ocrx_word' id='word_1_210' title='bbox 1913 2601 2084 2654; x_wconf 88' lang='lat' dir='ltr'>auro,</span> 
     </span>
    </p>
   </div>
   <div class='ocr_carea' id='block_1_35' title="bbox 432 2673 2086 2746">
    <p class='ocr_par' dir='ltr' id='par_1_35' title="bbox 432 2673 2086 2746">
     <span class='ocr_line' id='line_1_36' title="bbox 432 2673 2086 2746; baseline 0 -16"><span class='ocrx_word' id='word_1_211' title='bbox 432 2674 496 2730; x_wconf 89' lang='lat' dir='ltr'>id</span> <span class='ocrx_word' id='word_1_212' title='bbox 518 2689 647 2729; x_wconf 91' lang='lat' dir='ltr'>esse</span> <span class='ocrx_word' id='word_1_213' title='bbox 659 2673 888 2730; x_wconf 87' lang='lat' dir='ltr'>virtutis</span> <span class='ocrx_word' id='word_1_214' title='bbox 910 2674 1259 2739; x_wconf 83' lang='lat' dir='ltr'>cultoribus,</span> <span class='ocrx_word' id='word_1_215' title='bbox 1279 2674 1527 2730; x_wconf 88' lang='lat' dir='ltr'>tolerata</span> <span class='ocrx_word' id='word_1_216' title='bbox 1551 2689 1662 2746; x_wconf 90' lang='lat' dir='ltr'>pro</span> <span class='ocrx_word' id='word_1_217' title='bbox 1683 2690 1787 2746; x_wconf 90' lang='lat' dir='ltr'>spe</span> <span class='ocrx_word' id='word_1_218' title='bbox 1817 2675 1879 2730; x_wconf 91' lang='lat' dir='ltr'>in</span> <span class='ocrx_word' id='word_1_219' title='bbox 1899 2675 2086 2730; x_wconf 88' lang='lat' dir='ltr'>Deum</span> 
     </span>
    </p>
   </div>
   <div class='ocr_carea' id='block_1_36' title="bbox 434 2764 2085 2836">
    <p class='ocr_par' dir='ltr' id='par_1_36' title="bbox 434 2764 2085 2836">
     <span class='ocr_line' id='line_1_37' title="bbox 434 2764 2085 2836; baseline -0.001 -16"><span class='ocrx_word' id='word_1_220' title='bbox 434 2764 763 2820; x_wconf 86' lang='lat' dir='ltr'>afﬂictatio.</span> <span class='ocrx_word' id='word_1_221' title='bbox 801 2767 953 2834; x_wconf 80' lang='lat' dir='ltr'>Ergo</span> <span class='ocrx_word' id='word_1_222' title='bbox 981 2764 1159 2833; x_wconf 82' lang='lat' dir='ltr'>agite,</span> <span class='ocrx_word' id='word_1_223' title='bbox 1188 2780 1224 2819; x_wconf 93' lang='grc' dir='ltr'>ο</span> <span class='ocrx_word' id='word_1_224' title='bbox 1255 2764 1618 2830; x_wconf 87' lang='lat' dir='ltr'>admirandi,</span> <span class='ocrx_word' id='word_1_225' title='bbox 1647 2765 1784 2820; x_wconf 90' lang='lat' dir='ltr'>date</span> <span class='ocrx_word' id='word_1_226' title='bbox 1815 2779 2085 2836; x_wconf 88' lang='lat' dir='ltr'>operam,</span> 
     </span>
    </p>
   </div>
   <div class='ocr_carea' id='block_1_37' title="bbox 433 2853 2088 2926">
    <p class='ocr_par' dir='ltr' id='par_1_37' title="bbox 433 2853 2088 2926">
     <span class='ocr_line' id='line_1_38' title="bbox 433 2853 2088 2926; baseline -0.001 -16"><span class='ocrx_word' id='word_1_227' title='bbox 433 2859 500 2910; x_wconf 89' lang='lat' dir='ltr'>ut</span> <span class='ocrx_word' id='word_1_228' title='bbox 527 2855 658 2925; x_wconf 91' lang='lat' dir='ltr'>jam</span> <span class='ocrx_word' id='word_1_229' title='bbox 690 2854 1008 2910; x_wconf 86' lang='lat' dir='ltr'>exantlatis</span> <span class='ocrx_word' id='word_1_230' title='bbox 1038 2853 1351 2909; x_wconf 87' lang='lat' dir='ltr'>laboribus</span> <span class='ocrx_word' id='word_1_231' title='bbox 1374 2854 1524 2909; x_wconf 86' lang='lat' dir='ltr'>alios</span> <span class='ocrx_word' id='word_1_232' title='bbox 1555 2854 1839 2926; x_wconf 87' lang='lat' dir='ltr'>deinceps</span> <span class='ocrx_word' id='word_1_233' title='bbox 1870 2853 2088 2925; x_wconf 85' lang='lat' dir='ltr'>dignos</span> 
     </span>
    </p>
   </div>
   <div class='ocr_carea' id='block_1_38' title="bbox 435 2942 2088 3015">
    <p class='ocr_par' dir='ltr' id='par_1_38' title="bbox 435 2942 2088 3015">
     <span class='ocr_line' id='line_1_39' title="bbox 435 2942 2088 3015; baseline -0.001 -15"><span class='ocrx_word' id='word_1_234' title='bbox 435 2943 755 3014; x_wconf 81' lang='lat' dir='ltr'>adjiciatis,</span> <span class='ocrx_word' id='word_1_235' title='bbox 788 2958 860 2998; x_wconf 91' lang='lat' dir='ltr'>ac</span> <span class='ocrx_word' id='word_1_236' title='bbox 887 2942 1282 2998; x_wconf 87' lang='lat' dir='ltr'>fundamento</span> <span class='ocrx_word' id='word_1_237' title='bbox 1311 2942 1516 3015; x_wconf 90' lang='lat' dir='ltr'>amplo</span> <span class='ocrx_word' id='word_1_238' title='bbox 1538 2943 1861 2999; x_wconf 86' lang='lat' dir='ltr'>videamini</span> <span class='ocrx_word' id='word_1_239' title='bbox 1887 2943 2088 3014; x_wconf 86' lang='lat' dir='ltr'>impo-</span> 
     </span>
    </p>
   </div>
   <div class='ocr_carea' id='block_1_39' title="bbox 434 3031 2091 3095">
    <p class='ocr_par' dir='ltr' id='par_1_39' title="bbox 434 3031 2091 3095">
     <span class='ocr_line' id='line_1_40' title="bbox 434 3031 2091 3095; baseline 0 -7"><span class='ocrx_word' id='word_1_240' title='bbox 434 3047 576 3088; x_wconf 90' lang='lat' dir='ltr'>nere</span> <span class='ocrx_word' id='word_1_241' title='bbox 607 3032 958 3088; x_wconf 89' lang='lat' dir='ltr'>coronidem</span> <span class='ocrx_word' id='word_1_242' title='bbox 1017 3031 1422 3095; x_wconf 88' lang='lat' dir='ltr'>illustriorem,</span> <span class='ocrx_word' id='word_1_243' title='bbox 1473 3035 1531 3087; x_wconf 90' lang='lat' dir='ltr'>et</span> <span class='ocrx_word' id='word_1_244' title='bbox 1579 3032 1975 3087; x_wconf 87' lang='lat' dir='ltr'>circumstetis</span> <span class='ocrx_word' id='word_1_245' title='bbox 2003 3048 2091 3088; x_wconf 90' lang='lat' dir='ltr'>ec-</span> 
     </span>
    </p>
   </div>
   <div class='ocr_carea' id='block_1_40' title="bbox 438 3120 2093 3194">
    <p class='ocr_par' dir='ltr' id='par_1_40' title="bbox 438 3121 2091 3194">
     <span class='ocr_line' id='line_1_41' title="bbox 438 3121 2091 3194; baseline 0.001 -17"><span class='ocrx_word' id='word_1_246' title='bbox 438 3123 630 3178; x_wconf 73' lang='lat' dir='ltr'>clesiae</span> <span class='ocrx_word' id='word_1_247' title='bbox 668 3127 996 3194; x_wconf 88' lang='lat' dir='ltr'>pastorem,</span> <span class='ocrx_word' id='word_1_248' title='bbox 1028 3122 1134 3178; x_wconf 89' lang='lat' dir='ltr'>ubi</span> <span class='ocrx_word' id='word_1_249' title='bbox 1178 3123 1468 3177; x_wconf 88' lang='lat' dir='ltr'>Dominus</span> <span class='ocrx_word' id='word_1_250' title='bbox 1506 3121 1559 3177; x_wconf 91' lang='lat' dir='ltr'>ei</span> <span class='ocrx_word' id='word_1_251' title='bbox 1607 3122 1837 3178; x_wconf 83' lang='lat' dir='ltr'>dederit</span> <span class='ocrx_word' id='word_1_252' title='bbox 1881 3123 1943 3177; x_wconf 91' lang='lat' dir='ltr'>in</span> <span class='ocrx_word' id='word_1_253' title='bbox 1979 3138 2091 3178; x_wconf 91' lang='lat' dir='ltr'>suo</span> 
     </span>
    </p>
   </div>
   <div class='ocr_carea' id='block_1_41' title="bbox 2207 3120 3798 3194">
    <p class='ocr_par' dir='ltr' id='par_1_41' title="bbox 2207 3120 3798 3193">
     <span class='ocr_line' id='line_1_42' title="bbox 2207 3120 3798 3193; baseline -0.001 -21"><span class='ocrx_word' id='word_1_254' title='bbox 2207 3126 2368 3193; x_wconf 69' lang='grc' dir='ltr'>ρυφήν</span> <span class='ocrx_word' id='word_1_255' title='bbox 2406 3122 2538 3191; x_wconf 78' lang='grc'>(26)·</span> <span class='ocrx_word' id='word_1_256' title='bbox 2577 3125 2667 3172; x_wconf 83' lang='grc' dir='ltr'>καὶ</span> <span class='ocrx_word' id='word_1_257' title='bbox 2694 3125 2973 3193; x_wconf 85' lang='grc' dir='ltr'>περίστητε</span> <span class='ocrx_word' id='word_1_258' title='bbox 3002 3124 3092 3193; x_wconf 75' lang='grc' dir='ltr'>μὲν</span> <span class='ocrx_word' id='word_1_259' title='bbox 3121 3123 3208 3172; x_wconf 87' lang='grc' dir='ltr'>τὸν</span> <span class='ocrx_word' id='word_1_260' title='bbox 3239 3125 3457 3193; x_wconf 83' lang='grc' dir='ltr'>ποιμένα</span> <span class='ocrx_word' id='word_1_261' title='bbox 3486 3128 3581 3180; x_wconf 83' lang='grc' dir='ltr'>τῆς</span> <span class='ocrx_word' id='word_1_262' title='bbox 3603 3120 3798 3177; x_wconf 82' lang='grc' dir='ltr'>ἐκκλη-</span> 
     </span>
    </p>
   </div>
   <div class='ocr_carea' id='block_1_42' title="bbox 439 3207 2093 3285">
    <p class='ocr_par' dir='ltr' id='par_1_42' title="bbox 439 3211 2089 3285">
     <span class='ocr_line' id='line_1_43' title="bbox 439 3211 2089 3285; baseline -0.002 -15"><span class='ocrx_word' id='word_1_263' title='bbox 439 3213 706 3285; x_wconf 88' lang='lat' dir='ltr'>conspici</span> <span class='ocrx_word' id='word_1_264' title='bbox 731 3212 968 3281; x_wconf 89' lang='lat' dir='ltr'>throno,</span> <span class='ocrx_word' id='word_1_265' title='bbox 984 3212 1082 3268; x_wconf 90' lang='lat' dir='ltr'>alii</span> <span class='ocrx_word' id='word_1_266' title='bbox 1103 3212 1265 3268; x_wconf 91' lang='lat' dir='ltr'>aliud</span> <span class='ocrx_word' id='word_1_267' title='bbox 1297 3228 1406 3283; x_wconf 90' lang='lat' dir='ltr'>pro</span> <span class='ocrx_word' id='word_1_268' title='bbox 1436 3213 1537 3268; x_wconf 90' lang='lat' dir='ltr'>Dei</span> <span class='ocrx_word' id='word_1_269' title='bbox 1567 3211 1826 3268; x_wconf 83' lang='lat' dir='ltr'>Ecclesia</span> <span class='ocrx_word' id='word_1_270' title='bbox 1856 3217 2089 3282; x_wconf 85' lang='lat' dir='ltr'>gestum</span> 
     </span>
    </p>
   </div>
   <div class='ocr_carea' id='block_1_43' title="bbox 2207 3207 3806 3285">
    <p class='ocr_par' dir='ltr' id='par_1_43' title="bbox 2207 3207 3806 3284">
     <span class='ocr_line' id='line_1_44' title="bbox 2207 3207 3806 3284; baseline 0.001 -22"><span class='ocrx_word' id='word_1_271' title='bbox 2207 3216 2342 3276; x_wconf 83' lang='grc' dir='ltr'>σίας,</span> <span class='ocrx_word' id='word_1_272' title='bbox 2397 3212 2518 3262; x_wconf 87' lang='grc' dir='ltr'>ὅταν</span> <span class='ocrx_word' id='word_1_273' title='bbox 2559 3207 2636 3280; x_wconf 79' lang='grc' dir='ltr'>δῷ</span> <span class='ocrx_word' id='word_1_274' title='bbox 2689 3214 2722 3262; x_wconf 84' lang='grc' dir='ltr'><em>ὅ</em></span> <span class='ocrx_word' id='word_1_275' title='bbox 2777 3212 2968 3284; x_wconf 78' lang='grc' dir='ltr'>Κύριος</span> <span class='ocrx_word' id='word_1_276' title='bbox 3019 3210 3176 3262; x_wconf 68' lang='grc' dir='ltr'>αὐτὸν</span> <span class='ocrx_word' id='word_1_277' title='bbox 3219 3209 3303 3262; x_wconf 86' lang='grc' dir='ltr'>ἐπὶ</span> <span class='ocrx_word' id='word_1_278' title='bbox 3353 3220 3452 3262; x_wconf 85' lang='grc' dir='ltr'>τῶν</span> <span class='ocrx_word' id='word_1_279' title='bbox 3489 3207 3636 3262; x_wconf 77' lang='grc' dir='ltr'>ἰδίων</span> <span class='ocrx_word' id='word_1_280' title='bbox 3680 3211 3806 3281; x_wconf 71' lang='grc'>(27)</span> 
     </span>
    </p>
   </div>
   <div class='ocr_carea' id='block_1_44' title="bbox 438 3278 2093 3374">
    <p class='ocr_par' dir='ltr' id='par_1_44' title="bbox 438 3301 2093 3373">
     <span class='ocr_line' id='line_1_45' title="bbox 438 3301 2093 3373; baseline -0.001 -16"><span class='ocrx_word' id='word_1_281' title='bbox 438 3306 768 3364; x_wconf 83' lang='lat' dir='ltr'>narrantes,</span> <span class='ocrx_word' id='word_1_282' title='bbox 795 3302 854 3357; x_wconf 92' lang='lat' dir='ltr'>in</span> <span class='ocrx_word' id='word_1_283' title='bbox 884 3301 985 3358; x_wconf 88' lang='lat' dir='ltr'>illa</span> <span class='ocrx_word' id='word_1_284' title='bbox 1015 3306 1217 3356; x_wconf 88' lang='lat' dir='ltr'>autem</span> <span class='ocrx_word' id='word_1_285' title='bbox 1249 3317 1473 3370; x_wconf 83' lang='lat' dir='ltr'>magna</span> <span class='ocrx_word' id='word_1_286' title='bbox 1501 3301 1733 3356; x_wconf 90' lang='lat' dir='ltr'>Domini</span> <span class='ocrx_word' id='word_1_287' title='bbox 1762 3301 1877 3373; x_wconf 84' lang='lat' dir='ltr'>die,</span> <span class='ocrx_word' id='word_1_288' title='bbox 1913 3317 2093 3356; x_wconf 89' lang='lat' dir='ltr'>unus-</span> 
     </span>
    </p>
   </div>
   <div class='ocr_carea' id='block_1_45' title="bbox 2207 3278 3807 3374">
    <p class='ocr_par' dir='ltr' id='par_1_45' title="bbox 2207 3299 3807 3374">
     <span class='ocr_line' id='line_1_46' title="bbox 2207 3299 3807 3374; baseline -0.001 -22"><span class='ocrx_word' id='word_1_289' title='bbox 2207 3309 2424 3373; x_wconf 71' lang='grc' dir='ltr'>φανῆναι</span> <span class='ocrx_word' id='word_1_290' title='bbox 2483 3302 2692 3374; x_wconf 77' lang='grc' dir='ltr'>θρόνων,</span> <span class='ocrx_word' id='word_1_291' title='bbox 2745 3299 2893 3362; x_wconf 75' lang='grc' dir='ltr'>ἄλλος</span> <span class='ocrx_word' id='word_1_292' title='bbox 2937 3299 3060 3352; x_wconf 75' lang='grc' dir='ltr'>ἄλλο</span> <span class='ocrx_word' id='word_1_293' title='bbox 3106 3320 3158 3351; x_wconf 90' lang='grc' dir='ltr'>τι</span> <span class='ocrx_word' id='word_1_294' title='bbox 3206 3309 3307 3352; x_wconf 84' lang='grc' dir='ltr'>τῶν</span> <span class='ocrx_word' id='word_1_295' title='bbox 3363 3302 3488 3372; x_wconf 75' lang='grc' dir='ltr'>ὑπὲρ</span> <span class='ocrx_word' id='word_1_296' title='bbox 3538 3308 3634 3360; x_wconf 78' lang='grc' dir='ltr'>τῆς</span> <span class='ocrx_word' id='word_1_297' title='bbox 3681 3300 3807 3351; x_wconf 78' lang='grc' dir='ltr'>Ἐκ-</span> 
     </span>
    </p>
   </div>
   <div class='ocr_carea' id='block_1_46' title="bbox 439 3390 2092 3462">
    <p class='ocr_par' dir='ltr' id='par_1_46' title="bbox 439 3390 2092 3462">
     <span class='ocr_line' id='line_1_47' title="bbox 439 3390 2092 3462; baseline -0.001 -18"><span class='ocrx_word' id='word_1_298' title='bbox 439 3390 700 3462; x_wconf 89' lang='lat' dir='ltr'>quisque</span> <span class='ocrx_word' id='word_1_299' title='bbox 735 3405 845 3461; x_wconf 91' lang='lat' dir='ltr'>pro</span> <span class='ocrx_word' id='word_1_300' title='bbox 875 3390 1153 3445; x_wconf 90' lang='lat' dir='ltr'>laborum</span> <span class='ocrx_word' id='word_1_301' title='bbox 1172 3391 1402 3446; x_wconf 88' lang='lat' dir='ltr'>ratione</span> <span class='ocrx_word' id='word_1_302' title='bbox 1424 3406 1460 3446; x_wconf 87' lang='lat' dir='ltr'>a</span> <span class='ocrx_word' id='word_1_303' title='bbox 1490 3393 1606 3445; x_wconf 90' lang='lat' dir='ltr'>Deo</span> <span class='ocrx_word' id='word_1_304' title='bbox 1628 3390 2092 3459; x_wconf 81' lang='lat' dir='ltr'>magniﬁcentis—</span> 
     </span>
    </p>
   </div>
   <div class='ocr_carea' id='block_1_47' title="bbox 441 3478 2094 3550">
    <p class='ocr_par' dir='ltr' id='par_1_47' title="bbox 441 3478 2094 3550">
     <span class='ocr_line' id='line_1_48' title="bbox 441 3478 2094 3550; baseline 0.001 -18"><span class='ocrx_word' id='word_1_305' title='bbox 441 3478 597 3534; x_wconf 90' lang='lat' dir='ltr'>simo</span> <span class='ocrx_word' id='word_1_306' title='bbox 647 3479 988 3534; x_wconf 85' lang='lat' dir='ltr'>mercedem</span> <span class='ocrx_word' id='word_1_307' title='bbox 1039 3479 1360 3550; x_wconf 87' lang='lat' dir='ltr'>recepturi.</span> <span class='ocrx_word' id='word_1_308' title='bbox 1399 3479 1571 3545; x_wconf 87' lang='lat' dir='ltr'>Quod</span> <span class='ocrx_word' id='word_1_309' title='bbox 1609 3480 1657 3534; x_wconf 90' lang='lat' dir='ltr'>si</span> <span class='ocrx_word' id='word_1_310' title='bbox 1702 3479 2094 3534; x_wconf 90' lang='lat' dir='ltr'>memineritis</span> 
     </span>
    </p>
   </div>
   <div class='ocr_carea' id='block_1_48' title="bbox 439 3550 2095 3639">
    <p class='ocr_par' dir='ltr' id='par_1_48' title="bbox 439 3550 2095 3639">
     <span class='ocr_line' id='line_1_49' title="bbox 439 3550 2095 3639; baseline 0.001 -17"><span class='ocrx_word' id='word_1_311' title='bbox 439 3567 653 3636; x_wconf 85' lang='lat' dir='ltr'>nostri,</span> <span class='ocrx_word' id='word_1_312' title='bbox 681 3550 845 3622; x_wconf 38' lang='lat' dir='ltr'>et‘ad</span> <span class='ocrx_word' id='word_1_313' title='bbox 875 3582 1007 3634; x_wconf 91' lang='lat' dir='ltr'>nos,</span> <span class='ocrx_word' id='word_1_314' title='bbox 1039 3567 1270 3639; x_wconf 89' lang='lat' dir='ltr'>quoties</span> <span class='ocrx_word' id='word_1_315' title='bbox 1307 3568 1609 3637; x_wconf 83' lang='lat' dir='ltr'>integrum</span> <span class='ocrx_word' id='word_1_316' title='bbox 1653 3567 1781 3635; x_wconf 89' lang='lat' dir='ltr'>erit,</span> <span class='ocrx_word' id='word_1_317' title='bbox 1813 3567 1966 3623; x_wconf 90' lang='lat' dir='ltr'>detis</span> <span class='ocrx_word' id='word_1_318' title='bbox 2007 3567 2095 3624; x_wconf 88' lang='lat' dir='ltr'>lit-</span> 
     </span>
    </p>
   </div>
   <div class='ocr_carea' id='block_1_49' title="bbox 439 3655 2098 3728">
    <p class='ocr_par' dir='ltr' id='par_1_49' title="bbox 439 3655 2098 3728">
     <span class='ocr_line' id='line_1_50' title="bbox 439 3655 2098 3728; baseline 0.001 -16"><span class='ocrx_word' id='word_1_319' title='bbox 439 3661 626 3723; x_wconf 87' lang='lat' dir='ltr'>teras;</span> <span class='ocrx_word' id='word_1_320' title='bbox 655 3672 832 3728; x_wconf 70' lang='lat' dir='ltr'>aequa</span> <span class='ocrx_word' id='word_1_321' title='bbox 860 3671 1005 3712; x_wconf 89' lang='lat' dir='ltr'>sane</span> <span class='ocrx_word' id='word_1_322' title='bbox 1036 3655 1284 3725; x_wconf 86' lang='lat' dir='ltr'>facietis,</span> <span class='ocrx_word' id='word_1_323' title='bbox 1329 3672 1441 3728; x_wconf 91' lang='lat' dir='ltr'>par</span> <span class='ocrx_word' id='word_1_324' title='bbox 1491 3657 1622 3728; x_wconf 87' lang='lat' dir='ltr'>pari</span> <span class='ocrx_word' id='word_1_325' title='bbox 1665 3657 2006 3721; x_wconf 83' lang='lat' dir='ltr'>referentes,</span> <span class='ocrx_word' id='word_1_326' title='bbox 2040 3662 2098 3713; x_wconf 93' lang='lat' dir='ltr'>et</span> 
     </span>
    </p>
   </div>
   <div class='ocr_carea' id='block_1_50' title="bbox 441 3745 2095 3817">
    <p class='ocr_par' dir='ltr' id='par_1_50' title="bbox 441 3745 2095 3817">
     <span class='ocr_line' id='line_1_51' title="bbox 441 3745 2095 3817; baseline 0.001 -17"><span class='ocrx_word' id='word_1_327' title='bbox 441 3745 622 3801; x_wconf 89' lang='lat' dir='ltr'>simul</span> <span class='ocrx_word' id='word_1_328' title='bbox 652 3762 764 3802; x_wconf 93' lang='lat' dir='ltr'>nos</span> <span class='ocrx_word' id='word_1_329' title='bbox 786 3745 1092 3817; x_wconf 85' lang='lat' dir='ltr'>voluptate</span> <span class='ocrx_word' id='word_1_330' title='bbox 1123 3745 1413 3814; x_wconf 80' lang='lat' dir='ltr'>afficietis,</span> <span class='ocrx_word' id='word_1_331' title='bbox 1447 3761 1570 3801; x_wconf 92' lang='lat' dir='ltr'>non</span> <span class='ocrx_word' id='word_1_332' title='bbox 1599 3745 1732 3812; x_wconf 89' lang='lat' dir='ltr'>levi,</span> <span class='ocrx_word' id='word_1_333' title='bbox 1759 3747 1926 3802; x_wconf 88' lang='lat' dir='ltr'>vocis</span> <span class='ocrx_word' id='word_1_334' title='bbox 1965 3763 2095 3802; x_wconf 89' lang='lat' dir='ltr'>ves-</span> 
     </span>
    </p>
   </div>
   <div class='ocr_carea' id='block_1_51' title="bbox 439 3834 2096 3908">
    <p class='ocr_par' dir='ltr' id='par_1_51' title="bbox 439 3834 2096 3908">
     <span class='ocr_line' id='line_1_52' title="bbox 439 3834 2096 3908; baseline 0 -16"><span class='ocrx_word' id='word_1_335' title='bbox 439 3841 548 3892; x_wconf 65' lang='lat' dir='ltr'>tra;</span> <span class='ocrx_word' id='word_1_336' title='bbox 580 3836 756 3892; x_wconf 89' lang='lat' dir='ltr'>nobis</span> <span class='ocrx_word' id='word_1_337' title='bbox 780 3834 1240 3906; x_wconf 71' lang='lat' dir='ltr'>jucundissimte</span> <span class='ocrx_word' id='word_1_338' title='bbox 1270 3834 1591 3892; x_wconf 88' lang='lat' dir='ltr'>manifesta</span> <span class='ocrx_word' id='word_1_339' title='bbox 1619 3851 1728 3908; x_wconf 91' lang='lat' dir='ltr'>per</span> <span class='ocrx_word' id='word_1_340' title='bbox 1755 3836 1979 3892; x_wconf 89' lang='lat' dir='ltr'>litteras</span> <span class='ocrx_word' id='word_1_341' title='bbox 2023 3837 2096 3892; x_wconf 90' lang='lat' dir='ltr'>si-</span> 
     </span>
    </p>
   </div>
   <div class='ocr_carea' id='block_1_52' title="bbox 442 3925 912 3995">
    <p class='ocr_par' dir='ltr' id='par_1_52' title="bbox 442 3925 912 3995">
     <span class='ocr_line' id='line_1_53' title="bbox 442 3925 912 3995; baseline 0 -15"><span class='ocrx_word' id='word_1_342' title='bbox 442 3939 563 3995; x_wconf 82' lang='lat' dir='ltr'>gna</span> <span class='ocrx_word' id='word_1_343' title='bbox 592 3925 912 3981; x_wconf 86' lang='lat' dir='ltr'>mittentes.</span> 
     </span>
    </p>
   </div>
   <div class='ocr_carea' id='block_1_53' title="bbox 2526 1765 3441 1839">
    <p class='ocr_par' dir='ltr' id='par_1_53' title="bbox 2526 1765 3441 1839">
     <span class='ocr_line' id='line_1_54' title="bbox 2526 1765 3441 1839; baseline -0.001 -19"><span class='ocrx_word' id='word_1_344' title='bbox 2526 1766 2942 1839; x_wconf 82' lang='grc' dir='ltr'>Πολιτευομένοις</span> <span class='ocrx_word' id='word_1_345' title='bbox 2964 1769 3278 1839; x_wconf 76' lang='grc' dir='ltr'>Σαμοσάτων</span> <span class='ocrx_word' id='word_1_346' title='bbox 3307 1765 3441 1839; x_wconf 80' lang='grc'>(23).</span> 
     </span>
    </p>
   </div>
   <div class='ocr_carea' id='block_1_54' title="bbox 2256 1870 3777 1947">
    <p class='ocr_par' dir='ltr' id='par_1_54' title="bbox 2256 1870 3777 1947">
     <span class='ocr_line' id='line_1_55' title="bbox 2256 1870 3777 1947; baseline -0.001 -21"><span class='ocrx_word' id='word_1_347' title='bbox 2256 1873 2417 1926; x_wconf 90' lang='grc' dir='ltr'>Ὀταν</span> <span class='ocrx_word' id='word_1_348' title='bbox 2485 1870 2686 1944; x_wconf 75' lang='grc' dir='ltr'>ἀπίδω,</span> <span class='ocrx_word' id='word_1_349' title='bbox 2743 1875 2824 1926; x_wconf 86' lang='grc' dir='ltr'>ὅτι</span> <span class='ocrx_word' id='word_1_350' title='bbox 2879 1875 3025 1946; x_wconf 66' lang='grc' dir='ltr'>ὁμὲν</span> <span class='ocrx_word' id='word_1_351' title='bbox 3073 1875 3362 1947; x_wconf 80' lang='grc' dir='ltr'>πειρασμὸς</span> <span class='ocrx_word' id='word_1_352' title='bbox 3415 1893 3553 1926; x_wconf 77' lang='grc' dir='ltr'>κατα</span> <span class='ocrx_word' id='word_1_353' title='bbox 3602 1875 3777 1935; x_wconf 82' lang='grc' dir='ltr'>πάσης</span> 
     </span>
    </p>
   </div>
   <div class='ocr_carea' id='block_1_55' title="bbox 2110 1927 3780 2035">
    <p class='ocr_par' dir='ltr' id='par_1_55' title="bbox 2110 1927 3780 2035">
     <span class='ocr_line' id='line_1_56' title="bbox 2669 1927 3777 1947; baseline -0.001 -3"><span class='ocrx_word' id='word_1_354' title='bbox 2669 1927 2686 1944; x_wconf 79' lang='grc'><em>1</em></span> <span class='ocrx_word' id='word_1_355' title='bbox 2934 1927 2944 1946; x_wconf 85' lang='grc'><strong>.</strong></span> <span class='ocrx_word' id='word_1_356' title='bbox 3161 1927 3170 1947; x_wconf 77' lang='lat'>.</span> <span class='ocrx_word' id='word_1_357' title='bbox 3268 1931 3277 1946; x_wconf 90' lang='lat'>.</span> <span class='ocrx_word' id='word_1_358' title='bbox 3347 1927 3360 1934; x_wconf 89' lang='lat'><strong>-</strong></span> <span class='ocrx_word' id='word_1_359' title='bbox 3735 1927 3777 1935; x_wconf 87' lang='lat'><strong>--</strong></span> 
     </span>
     <span class='ocr_line' id='line_1_57' title="bbox 2110 1927 3780 2035; baseline -0.002 -20"><span class='ocrx_word' id='word_1_360' title='bbox 2110 1927 2148 1981; x_wconf 77' lang='grc' dir='ltr'>Β</span> <span class='ocrx_word' id='word_1_361' title='bbox 2187 1960 2295 2021; x_wconf 77' lang='grc' dir='ltr'>ἤδη</span> <span class='ocrx_word' id='word_1_362' title='bbox 2346 1967 2571 2034; x_wconf 81' lang='grc' dir='ltr'>κέχυται</span> <span class='ocrx_word' id='word_1_363' title='bbox 2618 1971 2714 2023; x_wconf 78' lang='grc' dir='ltr'>τῆς</span> <span class='ocrx_word' id='word_1_364' title='bbox 2765 1965 3094 2035; x_wconf 80' lang='grc' dir='ltr'>οἰκουμένης,</span> <span class='ocrx_word' id='word_1_365' title='bbox 3152 1967 3249 2016; x_wconf 89' lang='grc' dir='ltr'>παὶ</span> <span class='ocrx_word' id='word_1_366' title='bbox 3304 1965 3360 2015; x_wconf 85' lang='grc' dir='ltr'>αἱ</span> <span class='ocrx_word' id='word_1_367' title='bbox 3403 1967 3651 2035; x_wconf 84' lang='grc' dir='ltr'>μέγισται</span> <span class='ocrx_word' id='word_1_368' title='bbox 3679 1970 3780 2014; x_wconf 87' lang='grc' dir='ltr'>τῶν</span> 
     </span>
    </p>
   </div>
   <div class='ocr_carea' id='block_1_56' title="bbox 2188 2049 3782 2126">
    <p class='ocr_par' dir='ltr' id='par_1_56' title="bbox 2188 2049 3782 2126">
     <span class='ocr_line' id='line_1_58' title="bbox 2188 2049 3782 2126; baseline 0 -24"><span class='ocrx_word' id='word_1_369' title='bbox 2188 2051 2273 2104; x_wconf 78' lang='grc' dir='ltr'>ἐπὶ</span> <span class='ocrx_word' id='word_1_370' title='bbox 2325 2057 2511 2124; x_wconf 81' lang='grc' dir='ltr'>Συρίας</span> <span class='ocrx_word' id='word_1_371' title='bbox 2563 2049 2756 2103; x_wconf 86' lang='grc' dir='ltr'>πόλεων</span> <span class='ocrx_word' id='word_1_372' title='bbox 2803 2059 2904 2104; x_wconf 84' lang='grc' dir='ltr'>τῶν</span> <span class='ocrx_word' id='word_1_373' title='bbox 2952 2054 3080 2103; x_wconf 88' lang='grc' dir='ltr'>’ἰσων</span> <span class='ocrx_word' id='word_1_374' title='bbox 3129 2053 3250 2124; x_wconf 82' lang='grc' dir='ltr'>ὑμῖν</span> <span class='ocrx_word' id='word_1_375' title='bbox 3288 2053 3398 2122; x_wconf 77' lang='grc'>(24)</span> <span class='ocrx_word' id='word_1_376' title='bbox 3446 2056 3782 2126; x_wconf 83' lang='grc' dir='ltr'>πεπείρανται</span> 
     </span>
    </p>
   </div>
   <div class='ocr_carea' id='block_1_57' title="bbox 2190 2136 3785 2213">
    <p class='ocr_par' dir='ltr' id='par_1_57' title="bbox 2190 2136 3785 2213">
     <span class='ocr_line' id='line_1_59' title="bbox 2190 2136 3785 2213; baseline -0.001 -20"><span class='ocrx_word' id='word_1_377' title='bbox 2190 2142 2528 2212; x_wconf 75' lang='grc' dir='ltr'>παθημάτων,</span> <span class='ocrx_word' id='word_1_378' title='bbox 2591 2140 2650 2191; x_wconf 78' lang='grc' dir='ltr'>οῦ</span> <span class='ocrx_word' id='word_1_379' title='bbox 2697 2147 2978 2211; x_wconf 79' lang='grc' dir='ltr'>πανταχοῦ</span> <span class='ocrx_word' id='word_1_380' title='bbox 3035 2137 3095 2193; x_wconf 77' lang='grc' dir='ltr'>δὲ</span> <span class='ocrx_word' id='word_1_381' title='bbox 3137 2141 3272 2193; x_wconf 73' lang='grc' dir='ltr'>οὕτω</span> <span class='ocrx_word' id='word_1_382' title='bbox 3303 2137 3518 2213; x_wconf 70' lang='grc' dir='ltr'>δόκιμον</span> <span class='ocrx_word' id='word_1_383' title='bbox 3547 2145 3638 2192; x_wconf 78' lang='grc' dir='ltr'>καὶ</span> <span class='ocrx_word' id='word_1_384' title='bbox 3669 2136 3785 2192; x_wconf 72' lang='grc' dir='ltr'>δια·</span> 
     </span>
    </p>
   </div>
   <div class='ocr_carea' id='block_1_58' title="bbox 2189 2227 3785 2304">
    <p class='ocr_par' dir='ltr' id='par_1_58' title="bbox 2189 2227 3785 2304">
     <span class='ocr_line' id='line_1_60' title="bbox 2189 2227 3785 2304; baseline -0.001 -23"><span class='ocrx_word' id='word_1_385' title='bbox 2189 2231 2374 2303; x_wconf 75' lang='grc' dir='ltr'>πρεπὲς</span> <span class='ocrx_word' id='word_1_386' title='bbox 2427 2227 2504 2281; x_wconf 82' lang='grc' dir='ltr'>ἐπ’</span> <span class='ocrx_word' id='word_1_387' title='bbox 2561 2227 2780 2300; x_wconf 78' lang='grc' dir='ltr'>ἀγαθοῖς</span> <span class='ocrx_word' id='word_1_388' title='bbox 2834 2231 3002 2302; x_wconf 85' lang='grc' dir='ltr'>ἔργοις</span> <span class='ocrx_word' id='word_1_389' title='bbox 3056 2232 3116 2281; x_wconf 88' lang='grc' dir='ltr'>τὸ</span> <span class='ocrx_word' id='word_1_390' title='bbox 3170 2227 3556 2304; x_wconf 82' lang='grc' dir='ltr'>βουλευτήριον,</span> <span class='ocrx_word' id='word_1_391' title='bbox 3605 2233 3676 2290; x_wconf 86' lang='grc' dir='ltr'>ὡς</span> <span class='ocrx_word' id='word_1_392' title='bbox 3725 2230 3785 2280; x_wconf 83' lang='grc' dir='ltr'>τὸ</span> 
     </span>
    </p>
   </div>
   <div class='ocr_carea' id='block_1_59' title="bbox 2193 2313 3787 2392">
    <p class='ocr_par' dir='ltr' id='par_1_59' title="bbox 2193 2313 3787 2392">
     <span class='ocr_line' id='line_1_61' title="bbox 2193 2313 3787 2392; baseline -0.002 -22"><span class='ocrx_word' id='word_1_393' title='bbox 2193 2319 2434 2391; x_wconf 82' lang='grc' dir='ltr'>ὑμέτερον</span> <span class='ocrx_word' id='word_1_394' title='bbox 2476 2324 2564 2369; x_wconf 85' lang='grc' dir='ltr'>νῦν</span> <span class='ocrx_word' id='word_1_395' title='bbox 2610 2318 2692 2370; x_wconf 84' lang='grc' dir='ltr'>ἐπὶ</span> <span class='ocrx_word' id='word_1_396' title='bbox 2739 2325 2801 2390; x_wconf 75' lang='grc' dir='ltr'>τῇ</span> <span class='ocrx_word' id='word_1_397' title='bbox 2838 2314 3047 2390; x_wconf 70' lang='grc' dir='ltr'>σπουδῇ</span> <span class='ocrx_word' id='word_1_398' title='bbox 3079 2327 3181 2371; x_wconf 85' lang='grc' dir='ltr'>τῶν</span> <span class='ocrx_word' id='word_1_399' title='bbox 3213 2317 3418 2390; x_wconf 77' lang='grc' dir='ltr'>ἀγαθῶν</span> <span class='ocrx_word' id='word_1_400' title='bbox 3457 2321 3618 2392; x_wconf 84' lang='grc' dir='ltr'>ἔργων</span> <span class='ocrx_word' id='word_1_401' title='bbox 3670 2313 3787 2368; x_wconf 71' lang='lat' dir='ltr'>dca-</span> 
     </span>
    </p>
   </div>
   <div class='ocr_carea' id='block_1_60' title="bbox 2195 2406 3790 2482">
    <p class='ocr_par' dir='ltr' id='par_1_60' title="bbox 2195 2406 3790 2482">
     <span class='ocr_line' id='line_1_62' title="bbox 2195 2406 3790 2482; baseline -0.002 -22"><span class='ocrx_word' id='word_1_402' title='bbox 2195 2406 2461 2465; x_wconf 62' lang='grc' dir='ltr'>ϐεξόηται·</span> <span class='ocrx_word' id='word_1_403' title='bbox 2515 2407 2666 2477; x_wconf 81' lang='grc' dir='ltr'>ἐγγύς</span> <span class='ocrx_word' id='word_1_404' title='bbox 2714 2406 2820 2479; x_wconf 85' lang='grc' dir='ltr'>εἰμι</span> <span class='ocrx_word' id='word_1_405' title='bbox 2877 2412 2966 2459; x_wconf 81' lang='grc' dir='ltr'>καὶ</span> <span class='ocrx_word' id='word_1_406' title='bbox 3004 2410 3167 2482; x_wconf 86' lang='grc' dir='ltr'>χάριν</span> <span class='ocrx_word' id='word_1_407' title='bbox 3216 2410 3357 2479; x_wconf 79' lang='grc' dir='ltr'>ἔχειν</span> <span class='ocrx_word' id='word_1_408' title='bbox 3386 2414 3494 2469; x_wconf 90' lang='grc' dir='ltr'>τοῖς</span> <span class='ocrx_word' id='word_1_409' title='bbox 3519 2407 3790 2477; x_wconf 78' lang='grc' dir='ltr'>οἰκονομηο</span> 
     </span>
    </p>
   </div>
   <div class='ocr_carea' id='block_1_61' title="bbox 2199 2495 3790 2570">
    <p class='ocr_par' dir='ltr' id='par_1_61' title="bbox 2199 2495 3790 2570">
     <span class='ocr_line' id='line_1_63' title="bbox 2199 2495 3790 2570; baseline -0.002 -21"><span class='ocrx_word' id='word_1_410' title='bbox 2199 2499 2360 2549; x_wconf 84' lang='grc' dir='ltr'>θεῖσιν</span> <span class='ocrx_word' id='word_1_411' title='bbox 2393 2496 2529 2567; x_wconf 75' lang='grc'>(25).</span> <span class='ocrx_word' id='word_1_412' title='bbox 2575 2496 2633 2549; x_wconf 84' lang='grc' dir='ltr'>Εἰ</span> <span class='ocrx_word' id='word_1_413' title='bbox 2677 2499 2777 2570; x_wconf 80' lang='grc' dir='ltr'>γὰρ</span> <span class='ocrx_word' id='word_1_414' title='bbox 2822 2500 2894 2568; x_wconf 82' lang='grc' dir='ltr'>μη</span> <span class='ocrx_word' id='word_1_415' title='bbox 2953 2495 3173 2568; x_wconf 84' lang='grc' dir='ltr'>ἐγεγόνει</span> <span class='ocrx_word' id='word_1_416' title='bbox 3220 2499 3251 2554; x_wconf 79' lang='grc' dir='ltr'>η</span> <span class='ocrx_word' id='word_1_417' title='bbox 3288 2496 3464 2566; x_wconf 73' lang='grc' dir='ltr'>θλίψις</span> <span class='ocrx_word' id='word_1_418' title='bbox 3507 2497 3662 2563; x_wconf 75' lang='grc' dir='ltr'>αὕτη,</span> <span class='ocrx_word' id='word_1_419' title='bbox 3693 2495 3790 2546; x_wconf 69' lang='grc' dir='ltr'>οὐκ</span> 
     </span>
    </p>
   </div>
   <div class='ocr_carea' id='block_1_62' title="bbox 2195 2582 3789 2658">
    <p class='ocr_par' dir='ltr' id='par_1_62' title="bbox 2195 2582 3789 2658">
     <span class='ocr_line' id='line_1_64' title="bbox 2195 2582 3789 2658; baseline -0.001 -20"><span class='ocrx_word' id='word_1_420' title='bbox 2195 2585 2257 2638; x_wconf 80' lang='grc' dir='ltr'>ἂν</span> <span class='ocrx_word' id='word_1_421' title='bbox 2303 2587 2445 2658; x_wconf 78' lang='grc' dir='ltr'>ὑμῶν</span> <span class='ocrx_word' id='word_1_422' title='bbox 2509 2582 2726 2657; x_wconf 73' lang='grc' dir='ltr'>διεφάνη</span> <span class='ocrx_word' id='word_1_423' title='bbox 2774 2587 2833 2637; x_wconf 87' lang='grc' dir='ltr'>τὸ</span> <span class='ocrx_word' id='word_1_424' title='bbox 2889 2583 3130 2657; x_wconf 78' lang='grc' dir='ltr'>δόκιμον.</span> <span class='ocrx_word' id='word_1_425' title='bbox 3196 2584 3357 2638; x_wconf 80' lang='grc' dir='ltr'>Ὠστέ</span> <span class='ocrx_word' id='word_1_426' title='bbox 3411 2588 3592 2652; x_wconf 80' lang='grc' dir='ltr'>ἔοικεν,</span> <span class='ocrx_word' id='word_1_427' title='bbox 3660 2586 3789 2656; x_wconf 70' lang='grc' dir='ltr'>ὃπεφ</span> 
     </span>
    </p>
   </div>
   <div class='ocr_carea' id='block_1_63' title="bbox 2197 2672 3793 2748">
    <p class='ocr_par' dir='ltr' id='par_1_63' title="bbox 2197 2672 3793 2748">
     <span class='ocr_line' id='line_1_65' title="bbox 2197 2672 3793 2748; baseline -0.002 -21"><span class='ocrx_word' id='word_1_428' title='bbox 2197 2674 2311 2727; x_wconf 77' lang='grc' dir='ltr'>ἐστὶ</span> <span class='ocrx_word' id='word_1_429' title='bbox 2361 2675 2578 2745; x_wconf 84' lang='grc' dir='ltr'>κάμινος</span> <span class='ocrx_word' id='word_1_430' title='bbox 2630 2682 2840 2745; x_wconf 83' lang='grc' dir='ltr'>χρυσῷ,</span> <span class='ocrx_word' id='word_1_431' title='bbox 2887 2682 3043 2726; x_wconf 86' lang='grc' dir='ltr'>τοῦτο</span> <span class='ocrx_word' id='word_1_432' title='bbox 3095 2672 3224 2728; x_wconf 83' lang='grc' dir='ltr'>εἶναι</span> <span class='ocrx_word' id='word_1_433' title='bbox 3296 2676 3327 2732; x_wconf 76' lang='grc' dir='ltr'>ἡ</span> <span class='ocrx_word' id='word_1_434' title='bbox 3387 2676 3513 2748; x_wconf 75' lang='grc' dir='ltr'>ὑπὲρ</span> <span class='ocrx_word' id='word_1_435' title='bbox 3564 2681 3663 2734; x_wconf 76' lang='grc' dir='ltr'>τῆς</span> <span class='ocrx_word' id='word_1_436' title='bbox 3720 2674 3793 2734; x_wconf 80' lang='grc' dir='ltr'>εἰς</span> 
     </span>
    </p>
   </div>
   <div class='ocr_carea' id='block_1_64' title="bbox 2198 2759 3792 2836">
    <p class='ocr_par' dir='ltr' id='par_1_64' title="bbox 2198 2759 3792 2836">
     <span class='ocr_line' id='line_1_66' title="bbox 2198 2759 3792 2836; baseline -0.002 -19"><span class='ocrx_word' id='word_1_437' title='bbox 2198 2767 2328 2818; x_wconf 86' lang='grc' dir='ltr'>Θεὸν</span> <span class='ocrx_word' id='word_1_438' title='bbox 2375 2759 2583 2824; x_wconf 69' lang='grc' dir='ltr'>ἐλπίδος</span> <span class='ocrx_word' id='word_1_439' title='bbox 2624 2763 2796 2834; x_wconf 72' lang='grc' dir='ltr'>θλίψις</span> <span class='ocrx_word' id='word_1_440' title='bbox 2845 2771 2954 2824; x_wconf 87' lang='grc' dir='ltr'>τοῖς</span> <span class='ocrx_word' id='word_1_441' title='bbox 3007 2763 3446 2836; x_wconf 81' lang='grc' dir='ltr'>ἀντιποιουμένοις</span> <span class='ocrx_word' id='word_1_442' title='bbox 3476 2766 3614 2824; x_wconf 84' lang='grc' dir='ltr'>τινὸς</span> <span class='ocrx_word' id='word_1_443' title='bbox 3666 2761 3792 2836; x_wconf 87' lang='grc' dir='ltr'>ἀρε-</span> 
     </span>
    </p>
   </div>
   <div class='ocr_carea' id='block_1_65' title="bbox 2196 2849 3798 2925">
    <p class='ocr_par' dir='ltr' id='par_1_65' title="bbox 2196 2849 3798 2925">
     <span class='ocr_line' id='line_1_67' title="bbox 2196 2849 3798 2925; baseline -0.001 -21"><span class='ocrx_word' id='word_1_444' title='bbox 2196 2862 2313 2913; x_wconf 83' lang='grc' dir='ltr'>τῆς.</span> <span class='ocrx_word' id='word_1_445' title='bbox 2364 2852 2494 2924; x_wconf 71' lang='grc' dir='ltr'>’Ἀγε</span> <span class='ocrx_word' id='word_1_446' title='bbox 2545 2849 2655 2919; x_wconf 76' lang='grc' dir='ltr'>οὖν,</span> <span class='ocrx_word' id='word_1_447' title='bbox 2687 2854 2727 2903; x_wconf 86' lang='grc' dir='ltr'><em>ὦ</em></span> <span class='ocrx_word' id='word_1_448' title='bbox 2778 2855 3088 2925; x_wconf 87' lang='grc' dir='ltr'>θαυμάσιοι,</span> <span class='ocrx_word' id='word_1_449' title='bbox 3144 2854 3281 2914; x_wconf 84' lang='grc' dir='ltr'>ὅπως</span> <span class='ocrx_word' id='word_1_450' title='bbox 3331 2860 3433 2914; x_wconf 89' lang='grc' dir='ltr'>τοῖς</span> <span class='ocrx_word' id='word_1_451' title='bbox 3471 2871 3798 2925; x_wconf 83' lang='grc' dir='ltr'>προπεπονη-</span> 
     </span>
    </p>
   </div>
   <div class='ocr_carea' id='block_1_66' title="bbox 2199 2941 3797 3015">
    <p class='ocr_par' dir='ltr' id='par_1_66' title="bbox 2199 2941 3797 3015">
     <span class='ocr_line' id='line_1_68' title="bbox 2199 2941 3797 3015; baseline -0.001 -20"><span class='ocrx_word' id='word_1_452' title='bbox 2199 2951 2366 3015; x_wconf 76' lang='grc' dir='ltr'>μένοις</span> <span class='ocrx_word' id='word_1_453' title='bbox 2436 2942 2561 3004; x_wconf 81' lang='grc' dir='ltr'>οῐξια</span> <span class='ocrx_word' id='word_1_454' title='bbox 2645 2941 2941 3013; x_wconf 79' lang='grc' dir='ltr'>ἐπαγάγητε</span> <span class='ocrx_word' id='word_1_455' title='bbox 3008 2945 3074 2994; x_wconf 87' lang='grc' dir='ltr'>τά</span> <span class='ocrx_word' id='word_1_456' title='bbox 3143 2942 3384 3015; x_wconf 79' lang='grc' dir='ltr'>ἑπόμενα,</span> <span class='ocrx_word' id='word_1_457' title='bbox 3440 2947 3530 2994; x_wconf 82' lang='grc' dir='ltr'>καὶ</span> <span class='ocrx_word' id='word_1_458' title='bbox 3600 2951 3797 3014; x_wconf 71' lang='grc' dir='ltr'>φανῆτε</span> 
     </span>
    </p>
   </div>
   <div class='ocr_carea' id='block_1_67' title="bbox 2199 3027 3797 3105">
    <p class='ocr_par' dir='ltr' id='par_1_67' title="bbox 2199 3027 3797 3105">
     <span class='ocr_line' id='line_1_69' title="bbox 2199 3027 3797 3105; baseline -0.001 -21"><span class='ocrx_word' id='word_1_459' title='bbox 2199 3031 2394 3104; x_wconf 76' lang='grc' dir='ltr'>μεγάλη</span> <span class='ocrx_word' id='word_1_460' title='bbox 2454 3027 2682 3104; x_wconf 73' lang='grc' dir='ltr'>κρηπῖδι</span> <span class='ocrx_word' id='word_1_461' title='bbox 2737 3030 3140 3105; x_wconf 79' lang='grc' dir='ltr'>ἀξιολογωτέραν</span> <span class='ocrx_word' id='word_1_462' title='bbox 3197 3031 3501 3092; x_wconf 80' lang='grc' dir='ltr'>ἐπιτιθέντες</span> <span class='ocrx_word' id='word_1_463' title='bbox 3550 3037 3642 3088; x_wconf 80' lang='grc' dir='ltr'>τὴν</span> <span class='ocrx_word' id='word_1_464' title='bbox 3699 3050 3797 3083; x_wconf 90' lang='grc' dir='ltr'>κο-</span> 
     </span>
    </p>
   </div>
   <div class='ocr_carea' id='block_1_68' title="bbox 2203 3386 3804 3461">
    <p class='ocr_par' dir='ltr' id='par_1_68' title="bbox 2203 3386 3804 3461">
     <span class='ocr_line' id='line_1_70' title="bbox 2203 3386 3804 3461; baseline -0.001 -20"><span class='ocrx_word' id='word_1_465' title='bbox 2203 3389 2423 3450; x_wconf 86' lang='grc' dir='ltr'>κλησίας</span> <span class='ocrx_word' id='word_1_466' title='bbox 2470 3396 2562 3441; x_wconf 89' lang='grc' dir='ltr'>τοῦ</span> <span class='ocrx_word' id='word_1_467' title='bbox 2602 3397 2735 3442; x_wconf 83' lang='grc' dir='ltr'>Θεοῦ</span> <span class='ocrx_word' id='word_1_468' title='bbox 2778 3389 3216 3461; x_wconf 77' lang='grc' dir='ltr'>πεπολιτευμένων</span> <span class='ocrx_word' id='word_1_469' title='bbox 3263 3391 3388 3461; x_wconf 76' lang='grc' dir='ltr'>ἡμῖν</span> <span class='ocrx_word' id='word_1_470' title='bbox 3437 3386 3804 3461; x_wconf 74' lang='grc' dir='ltr'>διηγούμενοι,</span> 
     </span>
    </p>
   </div>
   <div class='ocr_carea' id='block_1_69' title="bbox 2203 3475 3812 3552">
    <p class='ocr_par' dir='ltr' id='par_1_69' title="bbox 2203 3475 3812 3552">
     <span class='ocr_line' id='line_1_71' title="bbox 2203 3475 3812 3552; baseline -0.001 -22"><span class='ocrx_word' id='word_1_471' title='bbox 2203 3477 2253 3530; x_wconf 84' lang='grc' dir='ltr'>ἐν</span> <span class='ocrx_word' id='word_1_472' title='bbox 2302 3475 2361 3535; x_wconf 74' lang='grc' dir='ltr'>δὲ</span> <span class='ocrx_word' id='word_1_473' title='bbox 2411 3486 2472 3550; x_wconf 73' lang='grc' dir='ltr'>τῇ</span> <span class='ocrx_word' id='word_1_474' title='bbox 2533 3478 2730 3551; x_wconf 74' lang='grc' dir='ltr'>μεγάλῃ</span> <span class='ocrx_word' id='word_1_475' title='bbox 2788 3485 2879 3530; x_wconf 86' lang='grc' dir='ltr'>τοῦ</span> <span class='ocrx_word' id='word_1_476' title='bbox 2930 3482 3124 3550; x_wconf 85' lang='grc' dir='ltr'>Κυρίου</span> <span class='ocrx_word' id='word_1_477' title='bbox 3177 3480 3346 3552; x_wconf 78' lang='grc' dir='ltr'>ἡμέρᾳ</span> <span class='ocrx_word' id='word_1_478' title='bbox 3401 3481 3618 3539; x_wconf 83' lang='grc' dir='ltr'>ἕκαστος</span> <span class='ocrx_word' id='word_1_479' title='bbox 3661 3481 3812 3529; x_wconf 77' lang='grc' dir='ltr'>κατὰ</span> 
     </span>
    </p>
   </div>
   <div class='ocr_carea' id='block_1_70' title="bbox 2203 3566 3813 3640">
    <p class='ocr_par' dir='ltr' id='par_1_70' title="bbox 2203 3566 3813 3640">
     <span class='ocr_line' id='line_1_72' title="bbox 2203 3566 3813 3640; baseline -0.001 -20"><span class='ocrx_word' id='word_1_480' title='bbox 2203 3573 2298 3626; x_wconf 82' lang='grc' dir='ltr'>τὴν</span> <span class='ocrx_word' id='word_1_481' title='bbox 2350 3567 2623 3639; x_wconf 83' lang='grc' dir='ltr'>ἀναλογίαν</span> <span class='ocrx_word' id='word_1_482' title='bbox 2681 3575 2781 3619; x_wconf 86' lang='grc' dir='ltr'>τῶν</span> <span class='ocrx_word' id='word_1_483' title='bbox 2839 3571 3198 3639; x_wconf 78' lang='grc' dir='ltr'>πεπονημένων</span> <span class='ocrx_word' id='word_1_484' title='bbox 3247 3569 3387 3640; x_wconf 81' lang='grc' dir='ltr'>παρά</span> <span class='ocrx_word' id='word_1_485' title='bbox 3432 3574 3522 3619; x_wconf 86' lang='grc' dir='ltr'>τοῦ</span> <span class='ocrx_word' id='word_1_486' title='bbox 3577 3566 3813 3638; x_wconf 73' lang='grc' dir='ltr'>μεγαλοο</span> 
     </span>
    </p>
   </div>
   <div class='ocr_carea' id='block_1_71' title="bbox 2207 3653 3818 3732">
    <p class='ocr_par' dir='ltr' id='par_1_71' title="bbox 2207 3653 3818 3732">
     <span class='ocr_line' id='line_1_73' title="bbox 2207 3653 3818 3732; baseline -0.002 -22"><span class='ocrx_word' id='word_1_487' title='bbox 2207 3654 2378 3732; x_wconf 75' lang='grc' dir='ltr'>δώρου</span> <span class='ocrx_word' id='word_1_488' title='bbox 2411 3665 2544 3710; x_wconf 88' lang='grc' dir='ltr'>Θεοῦ</span> <span class='ocrx_word' id='word_1_489' title='bbox 2571 3653 2845 3728; x_wconf 76' lang='grc' dir='ltr'>δεχόμενοι</span> <span class='ocrx_word' id='word_1_490' title='bbox 2874 3662 2968 3714; x_wconf 69' lang='grc' dir='ltr'>τὴν</span> <span class='ocrx_word' id='word_1_491' title='bbox 2988 3653 3254 3708; x_wconf 81' lang='grc' dir='ltr'>ἀντίδοσιν</span> <span class='ocrx_word' id='word_1_492' title='bbox 3302 3657 3474 3727; x_wconf 83' lang='grc' dir='ltr'>’Πμῶν</span> <span class='ocrx_word' id='word_1_493' title='bbox 3507 3653 3567 3708; x_wconf 70' lang='grc' dir='ltr'>δὲ</span> <span class='ocrx_word' id='word_1_494' title='bbox 3605 3676 3818 3728; x_wconf 78' lang='grc' dir='ltr'>μεμνη-</span> 
     </span>
    </p>
   </div>
   <div class='ocr_carea' id='block_1_72' title="bbox 2205 3741 3820 3820">
    <p class='ocr_par' dir='ltr' id='par_1_72' title="bbox 2205 3741 3820 3820">
     <span class='ocr_line' id='line_1_74' title="bbox 2205 3741 3820 3820; baseline 0 -21"><span class='ocrx_word' id='word_1_495' title='bbox 2205 3753 2370 3820; x_wconf 86' lang='grc' dir='ltr'>μένοι,</span> <span class='ocrx_word' id='word_1_496' title='bbox 2410 3745 2886 3806; x_wconf 83' lang='grc' dir='ltr'>καὶέπιστέλλοντες</span> <span class='ocrx_word' id='word_1_497' title='bbox 2912 3747 3092 3806; x_wconf 83' lang='grc' dir='ltr'>ὁσάκις</span> <span class='ocrx_word' id='word_1_498' title='bbox 3113 3745 3172 3797; x_wconf 77' lang='grc' dir='ltr'>ἂν</span> <span class='ocrx_word' id='word_1_499' title='bbox 3261 3743 3500 3808; x_wconf 75' lang='grc' dir='ltr'>δυνατὸν,</span> <span class='ocrx_word' id='word_1_500' title='bbox 3534 3741 3726 3797; x_wconf 73' lang='grc' dir='ltr'>δίκαιοί</span> <span class='ocrx_word' id='word_1_501' title='bbox 3753 3765 3820 3799; x_wconf 80' lang='grc' dir='ltr'>τε</span> 
     </span>
    </p>
   </div>
   <div class='ocr_carea' id='block_1_73' title="bbox 2205 3833 3825 3907">
    <p class='ocr_par' dir='ltr' id='par_1_73' title="bbox 2205 3833 3825 3907">
     <span class='ocr_line' id='line_1_75' title="bbox 2205 3833 3825 3907; baseline -0.001 -19"><span class='ocrx_word' id='word_1_502' title='bbox 2205 3841 2452 3893; x_wconf 68' lang='grc' dir='ltr'>ποιήσετε</span> <span class='ocrx_word' id='word_1_503' title='bbox 2472 3843 2577 3895; x_wconf 85' lang='grc' dir='ltr'>τοῖς</span> <span class='ocrx_word' id='word_1_504' title='bbox 2597 3838 2735 3895; x_wconf 82' lang='grc' dir='ltr'>ἷσοις</span> <span class='ocrx_word' id='word_1_505' title='bbox 2764 3836 2906 3907; x_wconf 76' lang='grc' dir='ltr'>ἡμᾶς</span> <span class='ocrx_word' id='word_1_506' title='bbox 2939 3833 3286 3906; x_wconf 78' lang='grc' dir='ltr'>ἀμειϐόμενοι,</span> <span class='ocrx_word' id='word_1_507' title='bbox 3314 3841 3403 3886; x_wconf 77' lang='grc' dir='ltr'>καὶ</span> <span class='ocrx_word' id='word_1_508' title='bbox 3460 3835 3569 3906; x_wconf 80' lang='grc' dir='ltr'>άμα</span> <span class='ocrx_word' id='word_1_509' title='bbox 3606 3833 3665 3885; x_wconf 75' lang='grc' dir='ltr'>οὗ</span> <span class='ocrx_word' id='word_1_510' title='bbox 3719 3855 3825 3906; x_wconf 85' lang='grc' dir='ltr'>μι-</span> 
     </span>
    </p>
   </div>
   <div class='ocr_carea' id='block_1_74' title="bbox 2207 3920 3826 4001">
    <p class='ocr_par' dir='ltr' id='par_1_74' title="bbox 2207 3920 3826 4001">
     <span class='ocr_line' id='line_1_76' title="bbox 2207 3920 3826 4001; baseline -0.001 -24"><span class='ocrx_word' id='word_1_511' title='bbox 2207 3934 2344 4001; x_wconf 76' lang='grc' dir='ltr'>κρῶς</span> <span class='ocrx_word' id='word_1_512' title='bbox 2372 3927 2509 3996; x_wconf 72' lang='grc' dir='ltr'>ἡμᾶς</span> <span class='ocrx_word' id='word_1_513' title='bbox 2563 3923 2869 3999; x_wconf 71' lang='grc' dir='ltr'>εὐφρανεῖτε,</span> <span class='ocrx_word' id='word_1_514' title='bbox 2905 3932 2993 3984; x_wconf 74' lang='grc' dir='ltr'>τῆς</span> <span class='ocrx_word' id='word_1_515' title='bbox 3032 3920 3264 3986; x_wconf 73' lang='grc' dir='ltr'>ἡδιστης</span> <span class='ocrx_word' id='word_1_516' title='bbox 3318 3927 3442 3996; x_wconf 71' lang='grc' dir='ltr'>ἡμῖν</span> <span class='ocrx_word' id='word_1_517' title='bbox 3469 3925 3826 3996; x_wconf 73' lang='grc' dir='ltr'>φωνῆςύμῶν</span> 
     </span>
    </p>
   </div>
   <div class='ocr_carea' id='block_1_75' title="bbox 2213 4009 3824 4088">
    <p class='ocr_par' dir='ltr' id='par_1_75' title="bbox 2213 4009 3824 4088">
     <span class='ocr_line' id='line_1_77' title="bbox 2213 4009 3824 4088; baseline 0 -22"><span class='ocrx_word' id='word_1_518' title='bbox 2213 4015 2399 4088; x_wconf 81' lang='grc' dir='ltr'>ἐναργῆ</span> <span class='ocrx_word' id='word_1_519' title='bbox 2463 4012 2698 4085; x_wconf 73' lang='grc' dir='ltr'>σύμϐολα</span> <span class='ocrx_word' id='word_1_520' title='bbox 2731 4009 2824 4065; x_wconf 79' lang='grc' dir='ltr'>διὰ</span> <span class='ocrx_word' id='word_1_521' title='bbox 2869 4021 2967 4064; x_wconf 85' lang='grc' dir='ltr'>τῶν</span> <span class='ocrx_word' id='word_1_522' title='bbox 3013 4015 3335 4086; x_wconf 80' lang='grc' dir='ltr'>γραμμάτων</span> <span class='ocrx_word' id='word_1_523' title='bbox 3367 4009 3824 4086; x_wconf 62' lang='grc' dir='ltr'>διαπεμπόμενοι-</span> 
     </span>
    </p>
   </div>
   <div class='ocr_carea' id='block_1_76' title="bbox 514 4135 1627 4210">
    <p class='ocr_par' dir='ltr' id='par_1_76' title="bbox 514 4135 1627 4210">
     <span class='ocr_line' id='line_1_78' title="bbox 514 4135 1627 4210; baseline -0.001 -19"><span class='ocrx_word' id='word_1_524' title='bbox 514 4142 536 4162; x_wconf 86' lang='lat'><strong>&#39;</strong></span> <span class='ocrx_word' id='word_1_525' title='bbox 566 4135 724 4210; x_wconf 81' lang='lat' dir='ltr'>Alias</span> <span class='ocrx_word' id='word_1_526' title='bbox 755 4136 1016 4210; x_wconf 75' lang='lat' dir='ltr'>CCLXVL</span> <span class='ocrx_word' id='word_1_527' title='bbox 1053 4137 1280 4210; x_wconf 80' lang='lat' dir='ltr'>Scripta</span> <span class='ocrx_word' id='word_1_528' title='bbox 1311 4153 1472 4193; x_wconf 90' lang='lat' dir='ltr'>anno</span> <span class='ocrx_word' id='word_1_529' title='bbox 1504 4140 1627 4194; x_wconf 73' lang='grc'>374.</span> 
     </span>
    </p>
   </div>
   <div class='ocr_carea' id='block_1_77' title="bbox 516 4207 1675 4278">
    <p class='ocr_par' dir='ltr' id='par_1_77' title="bbox 516 4207 1675 4278">
     <span class='ocr_line' id='line_1_79' title="bbox 516 4207 1675 4278; baseline 0.002 -17"><span class='ocrx_word' id='word_1_530' title='bbox 516 4211 560 4237; x_wconf 68' lang='grc' dir='ltr'>θ’</span> <span class='ocrx_word' id='word_1_531' title='bbox 593 4207 755 4262; x_wconf 89' lang='lat' dir='ltr'>Alias</span> <span class='ocrx_word' id='word_1_532' title='bbox 813 4209 1078 4263; x_wconf 80' lang='lat' dir='ltr'>CCXCIV.</span> <span class='ocrx_word' id='word_1_533' title='bbox 1105 4207 1334 4278; x_wconf 82' lang='lat' dir='ltr'>Scripta</span> <span class='ocrx_word' id='word_1_534' title='bbox 1359 4224 1520 4263; x_wconf 89' lang='lat' dir='ltr'>anno</span> <span class='ocrx_word' id='word_1_535' title='bbox 1552 4212 1675 4263; x_wconf 79' lang='grc'><strong>374.</strong></span> 
     </span>
    </p>
   </div>
   <div class='ocr_carea' id='block_1_78' title="bbox 519 4279 2106 4352">
    <p class='ocr_par' dir='ltr' id='par_1_78' title="bbox 519 4279 2106 4352">
     <span class='ocr_line' id='line_1_80' title="bbox 519 4279 2106 4352; baseline 0 -23"><span class='ocrx_word' id='word_1_536' title='bbox 519 4283 775 4352; x_wconf 73' lang='grc' dir='ltr'>(21)Τοίς</span> <span class='ocrx_word' id='word_1_537' title='bbox 807 4279 1177 4352; x_wconf 76' lang='grc' dir='ltr'>πρεσϐυτέροις</span> <span class='ocrx_word' id='word_1_538' title='bbox 1226 4281 1559 4352; x_wconf 81' lang='grc' dir='ltr'>Σαμοσάτων.</span> <span class='ocrx_word' id='word_1_539' title='bbox 1599 4281 1689 4352; x_wconf 70' lang='lat' dir='ltr'>Sic</span> <span class='ocrx_word' id='word_1_540' title='bbox 1718 4279 1953 4352; x_wconf 64' lang='lat' dir='ltr'>legitur</span> <span class='ocrx_word' id='word_1_541' title='bbox 2007 4281 2106 4352; x_wconf 78' lang='lat' dir='ltr'>hic</span> 
     </span>
    </p>
   </div>
   <div class='ocr_carea' id='block_1_79' title="bbox 445 4350 2107 4407">
    <p class='ocr_par' dir='ltr' id='par_1_79' title="bbox 445 4350 2107 4407">
     <span class='ocr_line' id='line_1_81' title="bbox 445 4350 2107 4407; baseline 0 -1"><span class='ocrx_word' id='word_1_542' title='bbox 445 4351 652 4406; x_wconf 88' lang='lat' dir='ltr'>titulus</span> <span class='ocrx_word' id='word_1_543' title='bbox 706 4350 768 4405; x_wconf 86' lang='lat' dir='ltr'>in</span> <span class='ocrx_word' id='word_1_544' title='bbox 811 4350 1000 4405; x_wconf 84' lang='lat' dir='ltr'>tribus</span> <span class='ocrx_word' id='word_1_545' title='bbox 1056 4350 1475 4406; x_wconf 86' lang='lat' dir='ltr'>vetustissimis</span> <span class='ocrx_word' id='word_1_546' title='bbox 1533 4350 1850 4405; x_wconf 87' lang='lat' dir='ltr'>codicibus</span> <span class='ocrx_word' id='word_1_547' title='bbox 1914 4357 1970 4407; x_wconf 89' lang='lat' dir='ltr'>et</span> <span class='ocrx_word' id='word_1_548' title='bbox 2027 4351 2107 4406; x_wconf 89' lang='lat' dir='ltr'>ad</span> 
     </span>
    </p>
   </div>
   <div class='ocr_carea' id='block_1_80' title="bbox 446 4422 2105 4491">
    <p class='ocr_par' dir='ltr' id='par_1_80' title="bbox 446 4422 2105 4491">
     <span class='ocr_line' id='line_1_82' title="bbox 446 4422 2105 4491; baseline 0.001 -16"><span class='ocrx_word' id='word_1_549' title='bbox 446 4424 788 4491; x_wconf 81' lang='lat' dir='ltr'>marginem</span> <span class='ocrx_word' id='word_1_550' title='bbox 814 4422 872 4476; x_wconf 88' lang='lat' dir='ltr'>in</span> <span class='ocrx_word' id='word_1_551' title='bbox 911 4423 1396 4479; x_wconf 85' lang='lat' dir='ltr'>Claromontano.</span> <span class='ocrx_word' id='word_1_552' title='bbox 1431 4423 1701 4477; x_wconf 84' lang='lat' dir='ltr'>Occurrit</span> <span class='ocrx_word' id='word_1_553' title='bbox 1729 4423 1944 4477; x_wconf 84' lang='lat' dir='ltr'>iterum</span> <span class='ocrx_word' id='word_1_554' title='bbox 1975 4422 2105 4477; x_wconf 76' lang='lat' dir='ltr'>haec</span> 
     </span>
    </p>
   </div>
   <div class='ocr_carea' id='block_1_81' title="bbox 449 4491 2106 4565">
    <p class='ocr_par' dir='ltr' id='par_1_81' title="bbox 449 4491 2106 4565">
     <span class='ocr_line' id='line_1_83' title="bbox 449 4491 2106 4565; baseline -0.001 -18"><span class='ocrx_word' id='word_1_555' title='bbox 449 4491 700 4565; x_wconf 81' lang='lat' dir='ltr'>epistola</span> <span class='ocrx_word' id='word_1_556' title='bbox 748 4495 806 4547; x_wconf 89' lang='lat' dir='ltr'>in</span> <span class='ocrx_word' id='word_1_557' title='bbox 841 4493 1043 4565; x_wconf 81' lang='lat' dir='ltr'>codice</span> <span class='ocrx_word' id='word_1_558' title='bbox 1075 4491 1374 4565; x_wconf 67' lang='lat' dir='ltr'>medicum,</span> <span class='ocrx_word' id='word_1_559' title='bbox 1408 4509 1476 4565; x_wconf 87' lang='lat' dir='ltr'>ac</span> <span class='ocrx_word' id='word_1_560' title='bbox 1521 4491 1804 4565; x_wconf 76' lang='lat' dir='ltr'>secundo</span> <span class='ocrx_word' id='word_1_561' title='bbox 1836 4493 1968 4548; x_wconf 79' lang='grc' dir='ltr'>Ιοοο</span> <span class='ocrx_word' id='word_1_562' title='bbox 1994 4494 2106 4547; x_wconf 87' lang='lat' dir='ltr'>ins-</span> 
     </span>
    </p>
   </div>
   <div class='ocr_carea' id='block_1_82' title="bbox 451 4563 2101 4636">
    <p class='ocr_par' dir='ltr' id='par_1_82' title="bbox 451 4563 2101 4636">
     <span class='ocr_line' id='line_1_84' title="bbox 451 4563 2101 4636; baseline 0.001 -18"><span class='ocrx_word' id='word_1_563' title='bbox 451 4563 696 4618; x_wconf 78' lang='lat' dir='ltr'>cribitur</span> <span class='ocrx_word' id='word_1_564' title='bbox 727 4564 960 4634; x_wconf 70' lang='grc' dir='ltr'>Παυλίνῳ</span> <span class='ocrx_word' id='word_1_565' title='bbox 991 4563 1347 4636; x_wconf 65' lang='grc' dir='ltr'>πρεσϐυτέρῳ.</span> <span class='ocrx_word' id='word_1_566' title='bbox 1380 4564 1479 4636; x_wconf 73' lang='grc' dir='ltr'>δίο</span> <span class='ocrx_word' id='word_1_567' title='bbox 1501 4563 1680 4636; x_wconf 83' lang='lat' dir='ltr'>etiam</span> <span class='ocrx_word' id='word_1_568' title='bbox 1707 4563 1934 4636; x_wconf 82' lang='lat' dir='ltr'>habent</span> <span class='ocrx_word' id='word_1_569' title='bbox 1964 4569 2101 4636; x_wconf 76' lang='lat' dir='ltr'>Reg.</span> 
     </span>
    </p>
   </div>
   <div class='ocr_carea' id='block_1_83' title="bbox 451 4634 2106 4704">
    <p class='ocr_par' dir='ltr' id='par_1_83' title="bbox 451 4634 2106 4704">
     <span class='ocr_line' id='line_1_85' title="bbox 451 4634 2106 4704; baseline 0.002 -17"><span class='ocrx_word' id='word_1_570' title='bbox 451 4640 700 4704; x_wconf 89' lang='lat' dir='ltr'>uterque</span> <span class='ocrx_word' id='word_1_571' title='bbox 729 4635 903 4690; x_wconf 88' lang='lat' dir='ltr'>Coisl.</span> <span class='ocrx_word' id='word_1_572' title='bbox 934 4634 1236 4689; x_wconf 85' lang='lat' dir='ltr'>secundus</span> <span class='ocrx_word' id='word_1_573' title='bbox 1269 4641 1325 4689; x_wconf 91' lang='lat' dir='ltr'>et</span> <span class='ocrx_word' id='word_1_574' title='bbox 1358 4634 1724 4690; x_wconf 78' lang='lat' dir='ltr'>Parisiensis.</span> <span class='ocrx_word' id='word_1_575' title='bbox 1755 4635 1952 4690; x_wconf 76' lang='lat' dir='ltr'>Codex</span> <span class='ocrx_word' id='word_1_576' title='bbox 1984 4635 2106 4691; x_wconf 75' lang='lat' dir='ltr'>Cla-</span> 
     </span>
    </p>
   </div>
   <div class='ocr_carea' id='block_1_84' title="bbox 450 4704 2102 4790">
    <p class='ocr_par' dir='ltr' id='par_1_84' title="bbox 450 4704 2102 4790">
     <span class='ocr_line' id='line_1_86' title="bbox 450 4704 2102 4790; baseline -0.001 -31"><span class='ocrx_word' id='word_1_577' title='bbox 450 4711 848 4790; x_wconf 51' lang='lat' dir='ltr'>r&#39;omontanus</span> <span class='ocrx_word' id='word_1_578' title='bbox 909 4706 1144 4790; x_wconf 61' lang='grc' dir='ltr'>ξῐαυλίνῳ</span> <span class='ocrx_word' id='word_1_579' title='bbox 1208 4704 1542 4777; x_wconf 75' lang='grc' dir='ltr'>περσϐυτέρῳ</span> <span class='ocrx_word' id='word_1_580' title='bbox 1731 4705 1903 4790; x_wconf 75' lang='grc' dir='ltr'>ἐξορίᾳ</span> <span class='ocrx_word' id='word_1_581' title='bbox 1973 4712 2102 4776; x_wconf 73' lang='grc' dir='ltr'>ὄντι,</span> 
     </span>
    </p>
   </div>
   <div class='ocr_carea' id='block_1_85' title="bbox 452 4776 2107 4862">
    <p class='ocr_par' dir='ltr' id='par_1_85' title="bbox 452 4776 2107 4862">
     <span class='ocr_line' id='line_1_87' title="bbox 452 4776 2107 4862; baseline -0.002 -30"><span class='ocrx_word' id='word_1_582' title='bbox 452 4776 721 4862; x_wconf 39' lang='lat' dir='ltr'>Pnautin&#39;o‘</span> <span class='ocrx_word' id='word_1_583' title='bbox 763 4777 1110 4862; x_wconf 57' lang='lat' dir='ltr'>pfesbytero</span> <span class='ocrx_word' id='word_1_584' title='bbox 1148 4776 1478 4862; x_wconf 62' lang='lat' dir='ltr'>exsutaati;</span> <span class='ocrx_word' id='word_1_585' title='bbox 1527 4776 1940 4862; x_wconf 40' lang='lat' dir='ltr'>&#39;Editill‘au‘ldvcp</span> <span class='ocrx_word' id='word_1_586' title='bbox 1987 4797 2107 4862; x_wconf 82' lang='grc' dir='ltr'>πρε-</span> 
     </span>
    </p>
   </div>
   <div class='ocr_carea' id='block_1_86' title="bbox 456 4837 2106 4928">
    <p class='ocr_par' dir='ltr' id='par_1_86' title="bbox 456 4837 2106 4928">
     <span class='ocr_line' id='line_1_88' title="bbox 456 4837 2106 4928; baseline 0.004 -30"><span class='ocrx_word' id='word_1_587' title='bbox 456 4846 644 4918; x_wconf 50' lang='lat' dir='ltr'>etiam.</span> <span class='ocrx_word' id='word_1_588' title='bbox 675 4837 1100 4928; x_wconf 23' lang='lat' dir='ltr'>Pallanti-seni.</span> <span class='ocrx_word' id='word_1_589' title='bbox 1133 4847 1491 4928; x_wconf 79' lang='lat' dir='ltr'>Appositam</span> <span class='ocrx_word' id='word_1_590' title='bbox 1523 4848 1582 4902; x_wconf 89' lang='lat' dir='ltr'>in</span> <span class='ocrx_word' id='word_1_591' title='bbox 1608 4852 1886 4928; x_wconf 79' lang='lat' dir='ltr'>contextu</span> <span class='ocrx_word' id='word_1_592' title='bbox 1910 4837 2106 4928; x_wconf 77' lang='lat' dir='ltr'>lectio-</span> 
     </span>
    </p>
   </div>
   <div class='ocr_carea' id='block_1_87' title="bbox 454 4917 2106 4990">
    <p class='ocr_par' dir='ltr' id='par_1_87' title="bbox 454 4917 2106 4990">
     <span class='ocr_line' id='line_1_89' title="bbox 454 4917 2106 4990; baseline 0.001 -18"><span class='ocrx_word' id='word_1_593' title='bbox 454 4917 943 4990; x_wconf 73' lang='lat' dir='ltr'>nemcontirmat</span> <span class='ocrx_word' id='word_1_594' title='bbox 985 4919 1116 4990; x_wconf 89' lang='lat' dir='ltr'>ipsa</span> <span class='ocrx_word' id='word_1_595' title='bbox 1139 4917 1396 4990; x_wconf 82' lang='lat' dir='ltr'>cpistola</span> <span class='ocrx_word' id='word_1_596' title='bbox 1425 4933 1547 4972; x_wconf 91' lang='lat' dir='ltr'>non</span> <span class='ocrx_word' id='word_1_597' title='bbox 1596 4935 1782 4973; x_wconf 89' lang='lat' dir='ltr'>unum</span> <span class='ocrx_word' id='word_1_598' title='bbox 1842 4924 2106 4974; x_wconf 86' lang='lat' dir='ltr'>tantum-</span> 
     </span>
    </p>
   </div>
   <div class='ocr_carea' id='block_1_88' title="bbox 456 4988 2107 5060">
    <p class='ocr_par' dir='ltr' id='par_1_88' title="bbox 456 4988 2107 5060">
     <span class='ocr_line' id='line_1_90' title="bbox 456 4988 2107 5060; baseline 0.001 -17"><span class='ocrx_word' id='word_1_599' title='bbox 456 4988 640 5043; x_wconf 87' lang='lat' dir='ltr'>modo</span> <span class='ocrx_word' id='word_1_600' title='bbox 671 4988 985 5060; x_wconf 83' lang='lat' dir='ltr'>alloquens</span> <span class='ocrx_word' id='word_1_601' title='bbox 1013 4988 1024 4990; x_wconf 74' lang='grc'><strong><em>“</em></strong></span> <span class='ocrx_word' id='word_1_602' title='bbox 1048 4989 1153 5044; x_wconf 84' lang='lat' dir='ltr'>sed</span> <span class='ocrx_word' id='word_1_603' title='bbox 1183 4988 1405 5045; x_wconf 77' lang='lat' dir='ltr'>omnes</span> <span class='ocrx_word' id='word_1_604' title='bbox 1448 4990 1777 5058; x_wconf 80' lang='lat' dir='ltr'>generatim</span> <span class='ocrx_word' id='word_1_605' title='bbox 1820 4991 2107 5045; x_wconf 86' lang='lat' dir='ltr'>Samosa-</span> 
     </span>
    </p>
   </div>
   <div class='ocr_carea' id='block_1_89' title="bbox 456 5059 2108 5132">
    <p class='ocr_par' dir='ltr' id='par_1_89' title="bbox 456 5059 2108 5132">
     <span class='ocr_line' id='line_1_91' title="bbox 456 5059 2108 5132; baseline 0.001 -19"><span class='ocrx_word' id='word_1_606' title='bbox 456 5059 1098 5132; x_wconf 71' lang='lat' dir='ltr'>tensespresbyteros,</span> <span class='ocrx_word' id='word_1_607' title='bbox 1131 5077 1394 5132; x_wconf 87' lang='lat' dir='ltr'>quorum</span> <span class='ocrx_word' id='word_1_608' title='bbox 1421 5060 1483 5114; x_wconf 87' lang='lat' dir='ltr'>in</span> <span class='ocrx_word' id='word_1_609' title='bbox 1528 5060 1938 5132; x_wconf 90' lang='lat' dir='ltr'>persecutione</span> <span class='ocrx_word' id='word_1_610' title='bbox 1989 5061 2108 5115; x_wconf 90' lang='lat' dir='ltr'>eni-</span> 
     </span>
    </p>
   </div>
   <div class='ocr_carea' id='block_1_90' title="bbox 457 5130 1563 5199">
    <p class='ocr_par' dir='ltr' id='par_1_90' title="bbox 457 5130 1563 5199">
     <span class='ocr_line' id='line_1_92' title="bbox 457 5130 1563 5199; baseline 0.001 -15"><span class='ocrx_word' id='word_1_611' title='bbox 457 5131 587 5195; x_wconf 90' lang='lat' dir='ltr'>tuit,</span> <span class='ocrx_word' id='word_1_612' title='bbox 630 5130 888 5186; x_wconf 83' lang='lat' dir='ltr'>absente</span> <span class='ocrx_word' id='word_1_613' title='bbox 911 5130 1182 5199; x_wconf 76' lang='lat' dir='ltr'>Eusebio,</span> <span class='ocrx_word' id='word_1_614' title='bbox 1206 5130 1563 5186; x_wconf 80' lang='lat' dir='ltr'>constantia.</span> 
     </span>
    </p>
   </div>
   <div class='ocr_carea' id='block_1_91' title="bbox 529 5201 2109 5274">
    <p class='ocr_par' dir='ltr' id='par_1_91' title="bbox 529 5201 2109 5274">
     <span class='ocr_line' id='line_1_93' title="bbox 529 5201 2109 5274; baseline 0 -18"><span class='ocrx_word' id='word_1_615' title='bbox 529 5201 832 5272; x_wconf 79' lang='grc' dir='ltr'>(22)“Υμῖν,</span> <span class='ocrx_word' id='word_1_616' title='bbox 874 5203 1044 5258; x_wconf 90' lang='lat' dir='ltr'>Coisl.</span> <span class='ocrx_word' id='word_1_617' title='bbox 1099 5206 1331 5274; x_wconf 83' lang='lat' dir='ltr'>primus</span> <span class='ocrx_word' id='word_1_618' title='bbox 1379 5208 1436 5257; x_wconf 91' lang='lat' dir='ltr'>et</span> <span class='ocrx_word' id='word_1_619' title='bbox 1493 5202 1806 5258; x_wconf 76' lang='lat' dir='ltr'>Medicaeus</span> <span class='ocrx_word' id='word_1_620' title='bbox 1853 5207 2109 5274; x_wconf 89' lang='lat' dir='ltr'>utroque</span> 
     </span>
    </p>
   </div>
   <div class='ocr_carea' id='block_1_92' title="bbox 457 5272 767 5344">
    <p class='ocr_par' dir='ltr' id='par_1_92' title="bbox 457 5272 767 5344">
     <span class='ocr_line' id='line_1_94' title="bbox 457 5272 767 5344; baseline -0.003 -16"><span class='ocrx_word' id='word_1_621' title='bbox 457 5272 592 5328; x_wconf 75' lang='lat'>1000</span> <span class='ocrx_word' id='word_1_622' title='bbox 624 5275 767 5344; x_wconf 70' lang='grc' dir='ltr'>ἡμῖν.</span> 
     </span>
    </p>
   </div>
   <div class='ocr_carea' id='block_1_93' title="bbox 530 5343 2108 5415">
    <p class='ocr_par' dir='ltr' id='par_1_93' title="bbox 530 5343 2108 5415">
     <span class='ocr_line' id='line_1_95' title="bbox 530 5343 2108 5415; baseline -0.008 -16"><span class='ocrx_word' id='word_1_623' title='bbox 530 5343 1093 5415; x_wconf 65' lang='grc' dir='ltr'>123)Πολιτευομένοις</span> <span class='ocrx_word' id='word_1_624' title='bbox 1145 5345 1485 5415; x_wconf 83' lang='grc' dir='ltr'>Σαμοσάτων,</span> <span class='ocrx_word' id='word_1_625' title='bbox 1524 5343 1688 5415; x_wconf 56' lang='lat' dir='ltr'>Erilli</span> <span class='ocrx_word' id='word_1_626' title='bbox 1723 5346 1778 5398; x_wconf 86' lang='lat' dir='ltr'>et</span> <span class='ocrx_word' id='word_1_627' title='bbox 1813 5345 1958 5415; x_wconf 67' lang='lat' dir='ltr'>Reg.</span> <span class='ocrx_word' id='word_1_628' title='bbox 2018 5359 2108 5397; x_wconf 73' lang='lat' dir='ltr'>se-</span> 
     </span>
    </p>
   </div>
   <div class='ocr_carea' id='block_1_94' title="bbox 460 5412 2106 5484">
    <p class='ocr_par' dir='ltr' id='par_1_94' title="bbox 460 5412 2106 5484">
     <span class='ocr_line' id='line_1_96' title="bbox 460 5412 2106 5484; baseline -0.002 -16"><span class='ocrx_word' id='word_1_629' title='bbox 460 5415 696 5469; x_wconf 86' lang='lat' dir='ltr'>cundus</span> <span class='ocrx_word' id='word_1_630' title='bbox 761 5432 831 5471; x_wconf 85' lang='lat' dir='ltr'>ac</span> <span class='ocrx_word' id='word_1_631' title='bbox 911 5412 1087 5471; x_wconf 81' lang='lat' dir='ltr'>Coisl.</span> <span class='ocrx_word' id='word_1_632' title='bbox 1146 5412 1450 5468; x_wconf 84' lang='lat' dir='ltr'>secundus</span> <span class='ocrx_word' id='word_1_633' title='bbox 1513 5412 1749 5468; x_wconf 73' lang='lat' dir='ltr'>addunt</span> <span class='ocrx_word' id='word_1_634' title='bbox 1803 5413 2106 5484; x_wconf 78' lang='grc' dir='ltr'>ἀγαπητικὴ</span> 
     </span>
    </p>
   </div>
   <div class='ocr_carea' id='block_1_95' title="bbox 459 5485 2110 5564">
    <p class='ocr_par' dir='ltr' id='par_1_95' title="bbox 459 5485 2110 5564">
     <span class='ocr_line' id='line_1_97' title="bbox 459 5485 2110 5564; baseline 0.004 -30"><span class='ocrx_word' id='word_1_635' title='bbox 459 5493 848 5564; x_wconf 68' lang='grc' dir='ltr'>προσφώνησις,</span> <span class='ocrx_word' id='word_1_636' title='bbox 881 5489 1076 5542; x_wconf 87' lang='lat' dir='ltr'>amica</span> <span class='ocrx_word' id='word_1_637' title='bbox 1121 5486 1448 5552; x_wconf 82' lang='lat' dir='ltr'>salutatio;</span> <span class='ocrx_word' id='word_1_638' title='bbox 1501 5485 1609 5539; x_wconf 82' lang='lat' dir='ltr'>sed</span> <span class='ocrx_word' id='word_1_639' title='bbox 1635 5486 1763 5540; x_wconf 71' lang='lat' dir='ltr'>haec</span> <span class='ocrx_word' id='word_1_640' title='bbox 1806 5487 2024 5541; x_wconf 84' lang='lat' dir='ltr'>desunt</span> <span class='ocrx_word' id='word_1_641' title='bbox 2050 5487 2110 5541; x_wconf 89' lang='lat' dir='ltr'>in</span> 
     </span>
    </p>
   </div>
   <div class='ocr_carea' id='block_1_96' title="bbox 462 5569 768 5611">
    <p class='ocr_par' dir='ltr' id='par_1_96' title="bbox 462 5569 768 5611">
     <span class='ocr_line' id='line_1_98' title="bbox 462 5569 768 5611; baseline 0.013 -4"><span class='ocrx_word' id='word_1_642' title='bbox 462 5569 592 5608; x_wconf 83' lang='lat' dir='ltr'>atus</span> <span class='ocrx_word' id='word_1_643' title='bbox 623 5573 768 5611; x_wconf 87' lang='lat' dir='ltr'>mss.</span> 
     </span>
    </p>
   </div>
   <div class='ocr_carea' id='block_1_97' title="bbox 535 5626 2109 5700">
    <p class='ocr_par' dir='ltr' id='par_1_97' title="bbox 535 5626 2109 5700">
     <span class='ocr_line' id='line_1_99' title="bbox 535 5626 2109 5700; baseline -0.001 -22"><span class='ocrx_word' id='word_1_644' title='bbox 535 5627 644 5694; x_wconf 77' lang='grc'>(24)</span> <span class='ocrx_word' id='word_1_645' title='bbox 679 5634 788 5678; x_wconf 83' lang='grc' dir='ltr'>Τῶν</span> <span class='ocrx_word' id='word_1_646' title='bbox 848 5631 975 5679; x_wconf 84' lang='grc' dir='ltr'>ἴσων</span> <span class='ocrx_word' id='word_1_647' title='bbox 1024 5629 1169 5700; x_wconf 74' lang='grc' dir='ltr'>ὑμῖν.</span> <span class='ocrx_word' id='word_1_648' title='bbox 1239 5626 1388 5683; x_wconf 71' lang='lat' dir='ltr'>Editi</span> <span class='ocrx_word' id='word_1_649' title='bbox 1408 5632 1465 5684; x_wconf 90' lang='lat' dir='ltr'>et</span> <span class='ocrx_word' id='word_1_650' title='bbox 1513 5626 1786 5683; x_wconf 72' lang='lat' dir='ltr'>nonnulli</span> <span class='ocrx_word' id='word_1_651' title='bbox 1821 5643 1968 5683; x_wconf 87' lang='lat' dir='ltr'>mss.</span> <span class='ocrx_word' id='word_1_652' title='bbox 2012 5635 2109 5678; x_wconf 77' lang='grc' dir='ltr'>τῶν</span> 
     </span>
    </p>
   </div>
   <div class='ocr_carea' id='block_1_98' title="bbox 2217 4159 2514 4196">
    <p class='ocr_par' dir='ltr' id='par_1_98' title="bbox 2217 4159 2514 4196">
     <span class='ocr_line' id='line_1_100' title="bbox 2217 4159 2514 4196; baseline 0 -5"><span class='ocrx_word' id='word_1_653' title='bbox 2217 4159 2341 4191; x_wconf 87' lang='grc' dir='ltr'>ισων</span> <span class='ocrx_word' id='word_1_654' title='bbox 2369 4159 2397 4196; x_wconf 82' lang='grc' dir='ltr'>η</span> <span class='ocrx_word' id='word_1_655' title='bbox 2409 4159 2514 4196; x_wconf 80' lang='grc' dir='ltr'>μιν.</span> 
     </span>
    </p>
   </div>
   <div class='ocr_carea' id='block_1_99' title="bbox 2285 4159 3834 4290">
    <p class='ocr_par' dir='ltr' id='par_1_99' title="bbox 2285 4159 3834 4290">
     <span class='ocr_line' id='line_1_101' title="bbox 2285 4159 2514 4191; baseline 0.004 -2"><span class='ocrx_word' id='word_1_656' title='bbox 2285 4159 2378 4189; x_wconf 68' lang='grc' dir='ltr'>»ν-</span> <span class='ocrx_word' id='word_1_657' title='bbox 2452 4160 2514 4191; x_wconf 87' lang='grc' dir='ltr'>ιν.</span> 
     </span>
     <span class='ocr_line' id='line_1_102' title="bbox 2285 4159 3834 4290; baseline 0.001 -28"><span class='ocrx_word' id='word_1_658' title='bbox 2285 4159 2617 4290; x_wconf 42' lang='grc' dir='ltr'>(ἳὸῖμἚχειν</span> <span class='ocrx_word' id='word_1_659' title='bbox 2652 4217 2755 4290; x_wconf 63' lang='grc' dir='ltr'>τοῖς</span> <span class='ocrx_word' id='word_1_660' title='bbox 2777 4209 3212 4290; x_wconf 53' lang='grc' dir='ltr'>οίκονομηθεῐσιν.</span> <span class='ocrx_word' id='word_1_661' title='bbox 3249 4209 3458 4290; x_wconf 38' lang='lat' dir='ltr'>nititur</span> <span class='ocrx_word' id='word_1_662' title='bbox 3489 4209 3617 4264; x_wconf 58' lang='lat' dir='ltr'>haec</span> <span class='ocrx_word' id='word_1_663' title='bbox 3666 4208 3834 4264; x_wconf 84' lang='lat' dir='ltr'>scri-</span> 
     </span>
    </p>
   </div>
   <div class='ocr_carea' id='block_1_100' title="bbox 2212 4279 3828 4355">
    <p class='ocr_par' dir='ltr' id='par_1_100' title="bbox 2212 4279 3828 4355">
     <span class='ocr_line' id='line_1_103' title="bbox 2212 4279 3828 4355; baseline -0.002 -19"><span class='ocrx_word' id='word_1_664' title='bbox 2212 4286 2390 4355; x_wconf 83' lang='lat' dir='ltr'>ptura</span> <span class='ocrx_word' id='word_1_665' title='bbox 2422 4279 2552 4355; x_wconf 72' lang='lat' dir='ltr'>solo</span> <span class='ocrx_word' id='word_1_666' title='bbox 2580 4280 2786 4335; x_wconf 86' lang='lat' dir='ltr'>codice</span> <span class='ocrx_word' id='word_1_667' title='bbox 2816 4279 3092 4355; x_wconf 70' lang='lat' dir='ltr'>Mediczeo</span> <span class='ocrx_word' id='word_1_668' title='bbox 3119 4299 3133 4343; x_wconf 83' lang='lat'><strong>;</strong></span> <span class='ocrx_word' id='word_1_669' title='bbox 3177 4279 3560 4355; x_wconf 20' lang='lat' dir='ltr'>sed‘prorsus</span> <span class='ocrx_word' id='word_1_670' title='bbox 3588 4294 3828 4355; x_wconf 65' lang='lat' dir='ltr'>pedes-</span> 
     </span>
    </p>
   </div>
   <div class='ocr_carea' id='block_1_101' title="bbox 2214 4351 3827 4420">
    <p class='ocr_par' dir='ltr' id='par_1_101' title="bbox 2214 4351 3827 4420">
     <span class='ocr_line' id='line_1_104' title="bbox 2214 4351 3827 4420; baseline 0 -14"><span class='ocrx_word' id='word_1_671' title='bbox 2214 4351 2374 4408; x_wconf 70' lang='lat' dir='ltr'>earia</span> <span class='ocrx_word' id='word_1_672' title='bbox 2401 4351 2637 4406; x_wconf 91' lang='lat' dir='ltr'>videtur</span> <span class='ocrx_word' id='word_1_673' title='bbox 2661 4366 2812 4414; x_wconf 87' lang='lat' dir='ltr'>esse,</span> <span class='ocrx_word' id='word_1_674' title='bbox 2837 4358 2902 4406; x_wconf 88' lang='lat' dir='ltr'>ut</span> <span class='ocrx_word' id='word_1_675' title='bbox 2925 4351 3175 4420; x_wconf 79' lang='lat' dir='ltr'>dignam</span> <span class='ocrx_word' id='word_1_676' title='bbox 3208 4351 3548 4406; x_wconf 81' lang='lat' dir='ltr'>habeamus</span> <span class='ocrx_word' id='word_1_677' title='bbox 3587 4351 3827 4406; x_wconf 87' lang='lat' dir='ltr'>Basilio</span> 
     </span>
    </p>
   </div>
   <div class='ocr_carea' id='block_1_102' title="bbox 2216 4421 3826 4490">
    <p class='ocr_par' dir='ltr' id='par_1_102' title="bbox 2216 4421 3826 4490">
     <span class='ocr_line' id='line_1_105' title="bbox 2216 4421 3826 4490; baseline -0.001 -12"><span class='ocrx_word' id='word_1_678' title='bbox 2216 4423 2590 4480; x_wconf 87' lang='lat' dir='ltr'>sententiam.</span> <span class='ocrx_word' id='word_1_679' title='bbox 2627 4425 2775 4478; x_wconf 85' lang='lat' dir='ltr'>Nam</span> <span class='ocrx_word' id='word_1_680' title='bbox 2803 4423 2850 4476; x_wconf 89' lang='lat' dir='ltr'>si</span> <span class='ocrx_word' id='word_1_681' title='bbox 2897 4423 3172 4490; x_wconf 79' lang='lat' dir='ltr'>legamus</span> <span class='ocrx_word' id='word_1_682' title='bbox 3202 4439 3342 4478; x_wconf 87' lang='lat' dir='ltr'>cum</span> <span class='ocrx_word' id='word_1_683' title='bbox 3385 4421 3557 4477; x_wconf 84' lang='lat' dir='ltr'>editis</span> <span class='ocrx_word' id='word_1_684' title='bbox 3587 4427 3642 4476; x_wconf 91' lang='lat' dir='ltr'>et</span> <span class='ocrx_word' id='word_1_685' title='bbox 3672 4421 3826 4476; x_wconf 84' lang='lat' dir='ltr'>aliis</span> 
     </span>
    </p>
   </div>
   <div class='ocr_carea' id='block_1_103' title="bbox 2216 4492 3818 4573">
    <p class='ocr_par' dir='ltr' id='par_1_103' title="bbox 2216 4492 3818 4573">
     <span class='ocr_line' id='line_1_106' title="bbox 2216 4492 3818 4573; baseline 0 -27"><span class='ocrx_word' id='word_1_686' title='bbox 2216 4511 2368 4549; x_wconf 84' lang='lat' dir='ltr'>mss.</span> <span class='ocrx_word' id='word_1_687' title='bbox 2392 4496 2556 4573; x_wconf 62' lang='grc' dir='ltr'>χάριν</span> <span class='ocrx_word' id='word_1_688' title='bbox 2577 4495 2716 4573; x_wconf 73' lang='grc' dir='ltr'>ἔχειν</span> <span class='ocrx_word' id='word_1_689' title='bbox 2749 4492 2830 4572; x_wconf 65' lang='grc' dir='ltr'>επὶ</span> <span class='ocrx_word' id='word_1_690' title='bbox 2851 4501 2959 4556; x_wconf 89' lang='grc' dir='ltr'>τοῖς</span> <span class='ocrx_word' id='word_1_691' title='bbox 2986 4493 3419 4565; x_wconf 71' lang='grc' dir='ltr'>οἰκονομηθείσιν,</span> <span class='ocrx_word' id='word_1_692' title='bbox 3436 4509 3647 4573; x_wconf 75' lang='lat' dir='ltr'>sensus</span> <span class='ocrx_word' id='word_1_693' title='bbox 3672 4493 3818 4546; x_wconf 83' lang='lat' dir='ltr'>erit:</span> 
     </span>
    </p>
   </div>
   <div class='ocr_carea' id='block_1_104' title="bbox 2215 4563 3818 4635">
    <p class='ocr_par' dir='ltr' id='par_1_104' title="bbox 2215 4563 3818 4635">
     <span class='ocr_line' id='line_1_107' title="bbox 2215 4563 3818 4635; baseline -0.001 -16"><span class='ocrx_word' id='word_1_694' title='bbox 2215 4563 2430 4619; x_wconf 86' lang='lat' dir='ltr'>Parum</span> <span class='ocrx_word' id='word_1_695' title='bbox 2451 4563 2638 4618; x_wconf 83' lang='lat' dir='ltr'>abfuit</span> <span class='ocrx_word' id='word_1_696' title='bbox 2661 4565 2806 4635; x_wconf 88' lang='lat' dir='ltr'>quin</span> <span class='ocrx_word' id='word_1_697' title='bbox 2831 4566 3051 4629; x_wconf 69' lang='lat' dir='ltr'>gratias</span> <span class='ocrx_word' id='word_1_698' title='bbox 3068 4563 3308 4633; x_wconf 77' lang='lat' dir='ltr'>agerem</span> <span class='ocrx_word' id='word_1_699' title='bbox 3336 4567 3452 4619; x_wconf 90' lang='lat' dir='ltr'>Deo</span> <span class='ocrx_word' id='word_1_700' title='bbox 3475 4563 3553 4617; x_wconf 87' lang='lat' dir='ltr'>ob</span> <span class='ocrx_word' id='word_1_701' title='bbox 3568 4579 3643 4635; x_wconf 86' lang='lat' dir='ltr'>ea</span> <span class='ocrx_word' id='word_1_702' title='bbox 3663 4579 3818 4634; x_wconf 70' lang='lat' dir='ltr'>quae</span> 
     </span>
    </p>
   </div>
   <div class='ocr_carea' id='block_1_105' title="bbox 2213 4634 3821 4706">
    <p class='ocr_par' dir='ltr' id='par_1_105' title="bbox 2213 4634 3821 4706">
     <span class='ocr_line' id='line_1_108' title="bbox 2213 4634 3821 4706; baseline 0 -17"><span class='ocrx_word' id='word_1_703' title='bbox 2213 4635 2387 4689; x_wconf 88' lang='lat' dir='ltr'>vobis</span> <span class='ocrx_word' id='word_1_704' title='bbox 2416 4635 2652 4689; x_wconf 87' lang='lat' dir='ltr'>evenire</span> <span class='ocrx_word' id='word_1_705' title='bbox 2682 4634 2966 4706; x_wconf 89' lang='lat' dir='ltr'>permisit.</span> <span class='ocrx_word' id='word_1_706' title='bbox 2989 4641 3057 4690; x_wconf 77' lang='lat' dir='ltr'>At</span> <span class='ocrx_word' id='word_1_707' title='bbox 3085 4635 3397 4706; x_wconf 87' lang='lat' dir='ltr'>quomodo</span> <span class='ocrx_word' id='word_1_708' title='bbox 3427 4634 3679 4706; x_wconf 78' lang='lat' dir='ltr'>Basilius</span> <span class='ocrx_word' id='word_1_709' title='bbox 3702 4649 3821 4706; x_wconf 78' lang='lat' dir='ltr'>pa-</span> 
     </span>
    </p>
   </div>
   <div class='ocr_carea' id='block_1_106' title="bbox 2214 4705 3822 4778">
    <p class='ocr_par' dir='ltr' id='par_1_106' title="bbox 2214 4705 3822 4778">
     <span class='ocr_line' id='line_1_109' title="bbox 2214 4705 3822 4778; baseline -0.004 -12"><span class='ocrx_word' id='word_1_710' title='bbox 2214 4723 2348 4766; x_wconf 83' lang='lat' dir='ltr'>rum</span> <span class='ocrx_word' id='word_1_711' title='bbox 2377 4707 2640 4762; x_wconf 78' lang='lat' dir='ltr'>abfuisse</span> <span class='ocrx_word' id='word_1_712' title='bbox 2666 4705 2828 4770; x_wconf 89' lang='lat' dir='ltr'>dicit,</span> <span class='ocrx_word' id='word_1_713' title='bbox 2858 4708 3006 4778; x_wconf 88' lang='lat' dir='ltr'>quin</span> <span class='ocrx_word' id='word_1_714' title='bbox 3033 4705 3255 4761; x_wconf 83' lang='lat' dir='ltr'>faceret</span> <span class='ocrx_word' id='word_1_715' title='bbox 3278 4705 3446 4778; x_wconf 88' lang='lat' dir='ltr'>quod</span> <span class='ocrx_word' id='word_1_716' title='bbox 3489 4708 3822 4778; x_wconf 75' lang='lat' dir='ltr'>praescrip-</span> 
     </span>
    </p>
   </div>
   <div class='ocr_carea' id='block_1_107' title="bbox 2214 4776 3824 4846">
    <p class='ocr_par' dir='ltr' id='par_1_107' title="bbox 2214 4776 3824 4846">
     <span class='ocr_line' id='line_1_110' title="bbox 2214 4776 3824 4846; baseline -0.001 -14"><span class='ocrx_word' id='word_1_717' title='bbox 2214 4783 2340 4832; x_wconf 88' lang='lat' dir='ltr'>tum</span> <span class='ocrx_word' id='word_1_718' title='bbox 2365 4783 2470 4842; x_wconf 77' lang='lat' dir='ltr'>est.</span> <span class='ocrx_word' id='word_1_719' title='bbox 2496 4783 2558 4831; x_wconf 88' lang='lat' dir='ltr'>ut</span> <span class='ocrx_word' id='word_1_720' title='bbox 2580 4780 2696 4831; x_wconf 88' lang='lat' dir='ltr'>Deo</span> <span class='ocrx_word' id='word_1_721' title='bbox 2713 4778 2770 4830; x_wconf 90' lang='lat' dir='ltr'>in</span> <span class='ocrx_word' id='word_1_722' title='bbox 2791 4776 3073 4832; x_wconf 81' lang='lat' dir='ltr'>omnibus</span> <span class='ocrx_word' id='word_1_723' title='bbox 3091 4776 3610 4846; x_wconf 20' lang='lat' dir='ltr'>gratissiagant’ur?</span> <span class='ocrx_word' id='word_1_724' title='bbox 3625 4776 3824 4831; x_wconf 81' lang='lat' dir='ltr'>Multo</span> 
     </span>
    </p>
   </div>
   <div class='ocr_carea' id='block_1_108' title="bbox 2216 4847 3826 4917">
    <p class='ocr_par' dir='ltr' id='par_1_108' title="bbox 2216 4847 3826 4917">
     <span class='ocr_line' id='line_1_111' title="bbox 2216 4847 3826 4917; baseline 0 -15"><span class='ocrx_word' id='word_1_725' title='bbox 2216 4863 2358 4917; x_wconf 77' lang='lat' dir='ltr'>ergo</span> <span class='ocrx_word' id='word_1_726' title='bbox 2370 4847 2609 4917; x_wconf 80' lang='lat' dir='ltr'>dignior</span> <span class='ocrx_word' id='word_1_727' title='bbox 2628 4847 2842 4902; x_wconf 88' lang='lat' dir='ltr'>Basilio</span> <span class='ocrx_word' id='word_1_728' title='bbox 2860 4851 3179 4903; x_wconf 85' lang='lat' dir='ltr'>sententia:</span> <span class='ocrx_word' id='word_1_729' title='bbox 3204 4850 3429 4904; x_wconf 80' lang='lat' dir='ltr'>Parum</span> <span class='ocrx_word' id='word_1_730' title='bbox 3445 4848 3637 4916; x_wconf 81' lang='lat' dir='ltr'>abfuit</span> <span class='ocrx_word' id='word_1_731' title='bbox 3655 4849 3826 4917; x_wconf 76' lang='lat' dir='ltr'>quin</span> 
     </span>
    </p>
   </div>
   <div class='ocr_carea' id='block_1_109' title="bbox 2214 4919 3830 4990">
    <p class='ocr_par' dir='ltr' id='par_1_109' title="bbox 2214 4919 3830 4990">
     <span class='ocr_line' id='line_1_112' title="bbox 2214 4919 3830 4990; baseline 0.001 -17"><span class='ocrx_word' id='word_1_732' title='bbox 2214 4928 2450 4990; x_wconf 69' lang='lat' dir='ltr'>gratias</span> <span class='ocrx_word' id='word_1_733' title='bbox 2502 4919 2778 4974; x_wconf 84' lang='lat' dir='ltr'>haberem</span> <span class='ocrx_word' id='word_1_734' title='bbox 2825 4919 2898 4974; x_wconf 84' lang='lat' dir='ltr'>iis</span> <span class='ocrx_word' id='word_1_735' title='bbox 2938 4934 3071 4990; x_wconf 69' lang='lat' dir='ltr'>qum</span> <span class='ocrx_word' id='word_1_736' title='bbox 3128 4920 3290 4974; x_wconf 79' lang='lat' dir='ltr'>vobis</span> <span class='ocrx_word' id='word_1_737' title='bbox 3347 4926 3710 4990; x_wconf 59' lang='lat' dir='ltr'>evenerunt.</span> <span class='ocrx_word' id='word_1_738' title='bbox 3745 4921 3830 4974; x_wconf 86' lang='lat' dir='ltr'>In</span> 
     </span>
    </p>
   </div>
   <div class='ocr_carea' id='block_1_110' title="bbox 2217 4988 3830 5062">
    <p class='ocr_par' dir='ltr' id='par_1_110' title="bbox 2217 4988 3830 5062">
     <span class='ocr_line' id='line_1_113' title="bbox 2217 4988 3830 5062; baseline -0.001 -17"><span class='ocrx_word' id='word_1_739' title='bbox 2217 4988 2494 5046; x_wconf 82' lang='lat' dir='ltr'>eamdem</span> <span class='ocrx_word' id='word_1_740' title='bbox 2557 4990 2918 5044; x_wconf 87' lang='lat' dir='ltr'>sententiam</span> <span class='ocrx_word' id='word_1_741' title='bbox 2949 4988 3234 5062; x_wconf 45' lang='lat' dir='ltr'>_loquitur</span> <span class='ocrx_word' id='word_1_742' title='bbox 3285 4989 3531 5062; x_wconf 88' lang='lat' dir='ltr'>Basilius</span> <span class='ocrx_word' id='word_1_743' title='bbox 3559 4989 3617 5044; x_wconf 93' lang='lat' dir='ltr'>in</span> <span class='ocrx_word' id='word_1_744' title='bbox 3649 4988 3830 5062; x_wconf 68' lang='lat' dir='ltr'>libro</span> 
     </span>
    </p>
   </div>
   <div class='ocr_carea' id='block_1_111' title="bbox 2218 5060 3830 5133">
    <p class='ocr_par' dir='ltr' id='par_1_111' title="bbox 2218 5060 3830 5133">
     <span class='ocr_line' id='line_1_114' title="bbox 2218 5060 3830 5133; baseline -0.001 -17"><span class='ocrx_word' id='word_1_745' title='bbox 2218 5065 2302 5116; x_wconf 88' lang='lat' dir='ltr'>De</span> <span class='ocrx_word' id='word_1_746' title='bbox 2330 5063 2561 5129; x_wconf 78' lang='lat' dir='ltr'>Spiritu</span> <span class='ocrx_word' id='word_1_747' title='bbox 2591 5069 2798 5115; x_wconf 83' lang='lat' dir='ltr'>sancto</span> <span class='ocrx_word' id='word_1_748' title='bbox 2833 5075 2966 5132; x_wconf 86' lang='lat' dir='ltr'>cap.</span> <span class='ocrx_word' id='word_1_749' title='bbox 3000 5060 3150 5133; x_wconf 44' lang='lat' dir='ltr'>6,‘p.</span> <span class='ocrx_word' id='word_1_750' title='bbox 3190 5066 3276 5120; x_wconf 80' lang='grc'>10,</span> <span class='ocrx_word' id='word_1_751' title='bbox 3304 5077 3441 5116; x_wconf 90' lang='lat' dir='ltr'>cum</span> <span class='ocrx_word' id='word_1_752' title='bbox 3476 5061 3555 5133; x_wconf 80' lang='lat' dir='ltr'>ait</span> <span class='ocrx_word' id='word_1_753' title='bbox 3588 5075 3667 5133; x_wconf 90' lang='lat' dir='ltr'>_se</span> <span class='ocrx_word' id='word_1_754' title='bbox 3702 5060 3830 5133; x_wconf 44' lang='lat' dir='ltr'>ini:-</span> 
     </span>
    </p>
   </div>
   <div class='ocr_carea' id='block_1_112' title="bbox 2216 5131 3832 5198">
    <p class='ocr_par' dir='ltr' id='par_1_112' title="bbox 2216 5131 3832 5198">
     <span class='ocr_line' id='line_1_115' title="bbox 2216 5131 3832 5198; baseline -0.001 -11"><span class='ocrx_word' id='word_1_755' title='bbox 2216 5133 2388 5187; x_wconf 84' lang='lat' dir='ltr'>micis</span> <span class='ocrx_word' id='word_1_756' title='bbox 2419 5132 2640 5198; x_wconf 78' lang='lat' dir='ltr'>gratias</span> <span class='ocrx_word' id='word_1_757' title='bbox 2670 5131 2946 5186; x_wconf 82' lang='lat' dir='ltr'>acturum</span> <span class='ocrx_word' id='word_1_758' title='bbox 2989 5131 3328 5187; x_wconf 30' lang='lat' dir='ltr'>ob‘eorum</span> <span class='ocrx_word' id='word_1_759' title='bbox 3373 5131 3662 5186; x_wconf 86' lang='lat' dir='ltr'>convicia.</span> <span class='ocrx_word' id='word_1_760' title='bbox 3694 5131 3832 5186; x_wconf 80' lang='lat' dir='ltr'>nisi</span> 
     </span>
    </p>
   </div>
   <div class='ocr_carea' id='block_1_113' title="bbox 2217 5201 3828 5274">
    <p class='ocr_par' dir='ltr' id='par_1_113' title="bbox 2217 5201 3828 5274">
     <span class='ocr_line' id='line_1_116' title="bbox 2217 5201 3828 5274; baseline -0.001 -16"><span class='ocrx_word' id='word_1_761' title='bbox 2217 5204 2291 5258; x_wconf 91' lang='lat' dir='ltr'>de</span> <span class='ocrx_word' id='word_1_762' title='bbox 2323 5203 2591 5274; x_wconf 88' lang='lat' dir='ltr'>ipsorum</span> <span class='ocrx_word' id='word_1_763' title='bbox 2619 5203 2795 5274; x_wconf 78' lang='lat' dir='ltr'>exitio</span> <span class='ocrx_word' id='word_1_764' title='bbox 2826 5202 3071 5258; x_wconf 89' lang='lat' dir='ltr'>doleret.</span> <span class='ocrx_word' id='word_1_765' title='bbox 3106 5204 3198 5257; x_wconf 89' lang='lat' dir='ltr'>Sic</span> <span class='ocrx_word' id='word_1_766' title='bbox 3224 5204 3406 5258; x_wconf 88' lang='lat' dir='ltr'>etiam</span> <span class='ocrx_word' id='word_1_767' title='bbox 3438 5201 3828 5258; x_wconf 75' lang='lat' dir='ltr'>Machabseo-</span> 
     </span>
    </p>
   </div>
   <div class='ocr_carea' id='block_1_114' title="bbox 2215 5272 3824 5344">
    <p class='ocr_par' dir='ltr' id='par_1_114' title="bbox 2215 5272 3824 5344">
     <span class='ocr_line' id='line_1_117' title="bbox 2215 5272 3824 5344; baseline -0.001 -15"><span class='ocrx_word' id='word_1_768' title='bbox 2215 5272 2362 5329; x_wconf 79' lang='lat' dir='ltr'>rum</span> <span class='ocrx_word' id='word_1_769' title='bbox 2385 5279 2575 5328; x_wconf 90' lang='lat' dir='ltr'>mater</span> <span class='ocrx_word' id='word_1_770' title='bbox 2603 5272 2768 5344; x_wconf 89' lang='lat' dir='ltr'>apud</span> <span class='ocrx_word' id='word_1_771' title='bbox 2800 5274 3149 5341; x_wconf 72' lang='lat' dir='ltr'>Gregorium</span> <span class='ocrx_word' id='word_1_772' title='bbox 3181 5275 3618 5329; x_wconf 84' lang='lat' dir='ltr'>Nazianzenum</span> <span class='ocrx_word' id='word_1_773' title='bbox 3650 5279 3824 5328; x_wconf 84' lang='lat' dir='ltr'>orat.</span> 
     </span>
    </p>
   </div>
   <div class='ocr_carea' id='block_1_115' title="bbox 2218 5345 3829 5415">
    <p class='ocr_par' dir='ltr' id='par_1_115' title="bbox 2218 5345 3829 5415">
     <span class='ocr_line' id='line_1_118' title="bbox 2218 5345 3829 5415; baseline 0.001 -16"><span class='ocrx_word' id='word_1_774' title='bbox 2218 5349 2308 5401; x_wconf 81' lang='lat'>22.</span> <span class='ocrx_word' id='word_1_775' title='bbox 2343 5361 2407 5414; x_wconf 91' lang='lat' dir='ltr'>p.</span> <span class='ocrx_word' id='word_1_776' title='bbox 2447 5349 2572 5404; x_wconf 73' lang='grc'>495,</span> <span class='ocrx_word' id='word_1_777' title='bbox 2630 5346 2711 5400; x_wconf 91' lang='lat' dir='ltr'>ait</span> <span class='ocrx_word' id='word_1_778' title='bbox 2763 5360 2825 5399; x_wconf 90' lang='lat' dir='ltr'>se</span> <span class='ocrx_word' id='word_1_779' title='bbox 2865 5350 3124 5415; x_wconf 86' lang='lat' dir='ltr'>tyranno</span> <span class='ocrx_word' id='word_1_780' title='bbox 3174 5360 3327 5414; x_wconf 88' lang='lat' dir='ltr'>pene</span> <span class='ocrx_word' id='word_1_781' title='bbox 3351 5345 3572 5413; x_wconf 81' lang='lat' dir='ltr'>gratias</span> <span class='ocrx_word' id='word_1_782' title='bbox 3601 5359 3829 5412; x_wconf 78' lang='lat' dir='ltr'>agere.</span> 
     </span>
    </p>
   </div>
   <div class='ocr_carea' id='block_1_116' title="bbox 2292 5415 3830 5488">
    <p class='ocr_par' dir='ltr' id='par_1_116' title="bbox 2292 5415 3830 5488">
     <span class='ocr_line' id='line_1_119' title="bbox 2292 5415 3830 5488; baseline 0.002 -20"><span class='ocrx_word' id='word_1_783' title='bbox 2292 5419 2402 5481; x_wconf 77' lang='lat'>(26)</span> <span class='ocrx_word' id='word_1_784' title='bbox 2436 5421 2700 5488; x_wconf 74' lang='grc' dir='ltr'>Κορνφὴν.</span> <span class='ocrx_word' id='word_1_785' title='bbox 2734 5418 2892 5488; x_wconf 75' lang='lat' dir='ltr'>Reg._</span> <span class='ocrx_word' id='word_1_786' title='bbox 2923 5415 3227 5488; x_wconf 81' lang='lat' dir='ltr'>secundus</span> <span class='ocrx_word' id='word_1_787' title='bbox 3276 5422 3332 5471; x_wconf 89' lang='lat' dir='ltr'>et</span> <span class='ocrx_word' id='word_1_788' title='bbox 3380 5415 3556 5488; x_wconf 80' lang='lat' dir='ltr'>_Coisl.</span> <span class='ocrx_word' id='word_1_789' title='bbox 3592 5430 3830 5488; x_wconf 71' lang='lat' dir='ltr'>secun-</span> 
     </span>
    </p>
   </div>
   <div class='ocr_carea' id='block_1_117' title="bbox 2218 5482 3828 5558">
    <p class='ocr_par' dir='ltr' id='par_1_117' title="bbox 2218 5482 3828 5558">
     <span class='ocr_line' id='line_1_120' title="bbox 2218 5482 3828 5558; baseline 0 -19"><span class='ocrx_word' id='word_1_790' title='bbox 2218 5485 2334 5540; x_wconf 86' lang='lat' dir='ltr'>dus</span> <span class='ocrx_word' id='word_1_791' title='bbox 2350 5502 2421 5540; x_wconf 88' lang='lat' dir='ltr'>ac</span> <span class='ocrx_word' id='word_1_792' title='bbox 2446 5482 2633 5541; x_wconf 80' lang='lat' dir='ltr'>Paris.</span> <span class='ocrx_word' id='word_1_793' title='bbox 2669 5483 2968 5558; x_wconf 77' lang='grc' dir='ltr'>κορωνίδες.</span> <span class='ocrx_word' id='word_1_794' title='bbox 3001 5485 3184 5542; x_wconf 85' lang='lat' dir='ltr'>Paulo</span> <span class='ocrx_word' id='word_1_795' title='bbox 3205 5492 3344 5558; x_wconf 89' lang='lat' dir='ltr'>post</span> <span class='ocrx_word' id='word_1_796' title='bbox 3371 5485 3554 5558; x_wconf 77' lang='lat' dir='ltr'>iidem</span> <span class='ocrx_word' id='word_1_797' title='bbox 3584 5482 3828 5558; x_wconf 28' lang='lat' dir='ltr'>éérvhag‘o.</span> 
     </span>
    </p>
   </div>
   <div class='ocr_carea' id='block_1_118' title="bbox 2290 5554 3835 5624">
    <p class='ocr_par' dir='ltr' id='par_1_118' title="bbox 2290 5554 3835 5624">
     <span class='ocr_line' id='line_1_121' title="bbox 2290 5554 3835 5624; baseline 0.002 -14"><span class='ocrx_word' id='word_1_798' title='bbox 2290 5561 2400 5624; x_wconf 83' lang='lat'>(27)</span> <span class='ocrx_word' id='word_1_799' title='bbox 2446 5559 2560 5610; x_wconf 84' lang='grc' dir='ltr'>Ἐπὶ</span> <span class='ocrx_word' id='word_1_800' title='bbox 2589 5566 2685 5608; x_wconf 85' lang='grc' dir='ltr'>τῶν</span> <span class='ocrx_word' id='word_1_801' title='bbox 2731 5554 2909 5621; x_wconf 60' lang='lat' dir='ltr'>&quot;Edim,</span> <span class='ocrx_word' id='word_1_802' title='bbox 2950 5563 3060 5612; x_wconf 89' lang='lat' dir='ltr'>etc.</span> <span class='ocrx_word' id='word_1_803' title='bbox 3115 5554 3226 5613; x_wconf 62' lang='lat' dir='ltr'>lta&#39;</span> <span class='ocrx_word' id='word_1_804' title='bbox 3256 5556 3410 5614; x_wconf 86' lang='lat' dir='ltr'>Harl.</span> <span class='ocrx_word' id='word_1_805' title='bbox 3443 5572 3580 5612; x_wconf 90' lang='lat' dir='ltr'>cum</span> <span class='ocrx_word' id='word_1_806' title='bbox 3613 5554 3835 5613; x_wconf 76' lang='lat' dir='ltr'>tribus</span> 
     </span>
    </p>
   </div>
   <div class='ocr_carea' id='block_1_119' title="bbox 2219 5625 3400 5700">
    <p class='ocr_par' dir='ltr' id='par_1_119' title="bbox 2219 5625 3400 5700">
     <span class='ocr_line' id='line_1_122' title="bbox 2219 5625 3400 5700; baseline -0.004 -16"><span class='ocrx_word' id='word_1_807' title='bbox 2219 5627 2376 5684; x_wconf 88' lang='lat' dir='ltr'>aliis.</span> <span class='ocrx_word' id='word_1_808' title='bbox 2409 5629 2560 5684; x_wconf 74' lang='lat' dir='ltr'>Editi</span> <span class='ocrx_word' id='word_1_809' title='bbox 2583 5630 2667 5681; x_wconf 66' lang='grc' dir='ltr'>ἐπὶ</span> <span class='ocrx_word' id='word_1_810' title='bbox 2692 5631 2780 5680; x_wconf 85' lang='grc' dir='ltr'>τὸν</span> <span class='ocrx_word' id='word_1_811' title='bbox 2803 5625 2858 5681; x_wconf 79' lang='grc' dir='ltr'>ἱδ</span> <span class='ocrx_word' id='word_1_812' title='bbox 2865 5647 2937 5682; x_wconf 85' lang='grc' dir='ltr'>ιον</span> <span class='ocrx_word' id='word_1_813' title='bbox 2964 5637 3182 5698; x_wconf 72' lang='grc' dir='ltr'>φανῆναι</span> <span class='ocrx_word' id='word_1_814' title='bbox 3205 5629 3400 5700; x_wconf 81' lang='grc' dir='ltr'>θρόνον.</span> 
     </span>
    </p>
   </div>
  </div>
