4062 6214
271 289 385 344 661

819 434 1156 484 ΕΠΙΣΤΟΛΗ
1184 436 1310 483 ΡΠΔ
1331 475 1343 485 .

1207 287 1696 345 EPISTOLARUM
1737 288 2018 347 CLASSIS
2055 291 2122 346 II.
2163 291 2376 349 EPIST.
2418 294 2738 350 CLXXXVI.

3529 297 3634 354 662

2441 437 2775 494 EPISTULA
2813 437 3128 494 CLXXXIV'

267 545 666 604 Eustathium
701 551 875 617 rogat
903 547 1164 602 Basilius
1195 551 1267 632 ut
1285 550 1557 632 quamuis
1585 550 1651 632 in
1678 550 2351 632 defendenda‘Ecclesia
2376 553 2806 632 occupatassit
2820 552 2903 610 ad
2926 568 2987 611 se
3008 560 3207 612 tamen
3226 556 3474 630 scribat,
3507 573 3658 632 quo-

1247 623 1362 676 ties
1395 624 1638 690 poterit,
1670 636 1842 693 seque
1867 623 2021 680 idem
2044 623 2357 692 facturum
2376 626 2694 694 promittit.

567 742 862 814 Εὐσταθίῳ,
895 741 1162 814 ἐπισκόπῳ
1189 742 1454 818 Ίμμεριας
1481 746 1615 818 ('28).

359 845 514 918 Οἶδα,
575 851 652 901 ὅτι
709 854 1052 922 στυγνοποιόν
1121 857 1338 924 πρᾶγμα
1403 855 1434 911 ἡ
1493 853 1730 928 ὀρφανία,
1797 857 1886 905 καὶ

269 938 668 1010 πολνάσχολον,
701 935 794 991 διὰ
819 943 874 990 τὸ
898 938 1113 1012 ἐρημίαν
1155 941 1364 1012 ἐπάγειν
1394 949 1494 993 τῶν
1522 949 1882 1018 προεστώτων.

268 1026 430 1080 Ὀθεν
463 1028 744 1100 λογίζομαι
775 1033 866 1079 καὶ
902 1033 994 1086 τὴν
1033 1033 1130 1087 σὴν
1177 1029 1442 1082 εὐλάϐειαν
1472 1031 1885 1104 ἐπιστυγνάζον-

273 1137 380 1169 σαν
417 1125 520 1177 τοῖς
565 1116 926 1190 συμϐεϐηκόσι
982 1123 1052 1189 μή
1089 1117 1404 1171 ἐπιστέλλειν
1455 1123 1602 1193 ἡμῖν,
1634 1125 1717 1173 καὶ
1751 1124 1883 1194 ὁμοῦ

269 1205 324 1257 ἐν
354 1206 546 1258 πλείονι
584 1203 713 1258 εἶναι
741 1213 830 1256 νῦν
875 1205 1128 1278 ἀσχολίᾳ,
1177 1213 1502 1283 περιτρέχειν
1543 1211 1653 1280 (29)
1699 1212 1765 1262 τὰ
1793 1218 1884 1262 τοῦ

267 1301 510 1369 ’Χριστοῦ
557 1300 796 1368 ποίμνια,
849 1291 944 1346 διὰ
997 1300 1092 1353 τὴν
1147 1299 1477 1368 πανταχόθεν
1528 1306 1626 1350 τῶν
1677 1297 1883 1371 ἐχθρῶν

263 1384 649 1438 ἐπανάστασιν.
702 1383 837 1436 Ἀλλ’
877 1380 1058 1442 ἐπειδὴ
1111 1387 1286 1446 πάσης
1313 1387 1486 1448 λύπης
1516 1394 1821 1462 παρηγορία
1849 1392 1878 1448 ἡ

265 1477 402 1550 πρός
442 1477 558 1534 τοὺς
606 1473 916 1546 ὁμο-,ιύχονς
970 1474 1112 1527 ἐστὶν
1159 1476 1356 1548 ὁμιλία,
1399 1478 1668 1546 καταξίον,
1703 1479 1884 1540 ὁσάκις

261 1563 332 1614 ἂν
385 1561 606 1616 δυνατόν
652 1583 756 1628 σοι,
799 1561 1108 1618 ἐπιστέλλειν
1155 1567 1302 1637 ἡμῖν,
1333 1571 1424 1618 καὶ
1464 1567 1620 1628 αὐτὸς
1666 1587 1720 1620 τε
1765 1567 1886 1630 ἀνα,

263 1653 536 1704 παύεσθαι
601 1653 652 1703 ἐν
703 1659 776 1722 τῷ
803 1655 1125 1724 φθέγγεσθαι
1153 1657 1278 1728 πρός
1317 1657 1473 1725 ἡμᾶς,
1508 1661 1597 1708 καὶ
1625 1659 1758 1728 ἡμᾶς
1784 1677 1882 1710 πα-

261 1751 512 1816 ρηγορεῐν
545 1743 592 1794 ἐν
608 1751 680 1794 τῶ
696 1739 1042 1814 μεταδιδόναι
1081 1746 1198 1816 ἡμῖν
1226 1753 1327 1806 τῶν
1366 1753 1584 1798 σεαυτοῦ
1609 1748 1874 1821 ῥημάτων.

259 1838 434 1884 Τοῦτο
480 1829 538 1884 δὲ
578 1835 668 1883 καὶ
714 1834 866 1904 ἡμεῖς
913 1829 1283 1906 σπονδάσομεν
1313 1843 1556 1901 ποιῆσαι,
1591 1837 1776 1897 ὁσάκις
1817 1836 1878 1887 ἂν

261 1923 398 1992 ἡμῖν
451 1918 643 1992 ἐνδιδῷ
675 1923 740 1972 τὰ
781 1923 1082 1995 πράγματα.
1116 1925 1294 1993 Εὔχον
1345 1920 1404 1975 δὲ
1455 1929 1545 1976 καὶ
1589 1925 1744 1984 αὐτὸς
1787 1931 1877 1978 καὶ

261 2017 447 2061 πᾶσαν
479 2015 570 2067 τήν
603 2008 932 2082 ἀδελφότητα
967 2012 1332 2084 παρακάλεσον
1368 2010 1677 2074 σπουδαίως
1704 2010 1876 2067 δυσω-

1917 748 1968 802 Α

2293 749 2634 820 Eustathio,
2659 749 3006 806 Himmeriae
3034 752 3330 823 episcopo.

2069 855 2200 914 Scio
2224 871 2352 912 rem
2375 856 2806 930 permolestam
2833 873 2968 914 esse
2997 858 3318 916 orbitatem
3348 877 3418 918 ac
3449 877 3644 934 nego-

1996 944 2236 1014 tiosam,
2267 963 2334 1000 eo
2355 945 2522 1018 quod
2557 946 2944 1002 solitudinem
2965 963 3000 1004 a
3019 949 3358 1021 praepositis
3377 950 3650 1010 inducat.

1997 1035 2163 1090 Unde
2190 1035 2448 1092 arbitror
2476 1040 2644 1091 tuam
2665 1051 2908 1110 quoque
2933 1037 3217 1109 pietatem
3272 1038 3347 1094 de
3393 1040 3466 1096 iis
3509 1056 3650 1114 quae

1995 1124 2336 1180 acciderunt
2359 1126 2854 1195 ingemiscentem
2881 1126 2958 1182 ad
2985 1143 3081 1183 me
3117 1143 3243 1183 non
3284 1129 3564 1201 scribere,
3595 1136 3654 1188 et

1995 1213 2174 1268 simul
2199 1229 2360 1268 nunc
2385 1214 2658 1286 pluribus
2693 1215 2952 1285 nogotiis
2981 1215 3286 1288 occupari,
3309 1232 3380 1274 ac
3401 1219 3653 1276 circum-

1994 1319 2239 1360 cursare
2271 1304 2484 1360 Christi
2513 1303 2713 1372 ovilia,
2731 1304 2812 1360 ob
2832 1304 3100 1360 hostium
3129 1305 3438 1364 undelibet
3455 1307 3653 1366 insur-

1992 1392 2262 1462 gentium
2289 1393 2604 1465 impetum.
2635 1393 2750 1450 Sed
2774 1393 2920 1465 quia
2947 1393 3146 1450 omnis
3174 1396 3450 1452 maeroris
3496 1396 3654 1454 sola-

1991 1481 2142 1536 tium
2173 1485 2261 1538 est
2281 1497 2420 1536 cum
2449 1481 2757 1538 unanimis
2800 1480 3192 1554 colloquium,
3237 1483 3356 1550 fac,
3405 1484 3647 1556 quoties

1989 1570 2233 1642 poteris,
2275 1570 2354 1626 ad
2381 1586 2479 1625 me
2505 1570 2760 1641 scribas,
2789 1586 2861 1627 ac
2890 1571 3210 1628 nobiscum
3239 1571 3645 1645 colloquendo

1991 1663 2048 1714 et
2083 1659 2216 1730 ipse
2245 1659 2618 1731 acquiescas,
2643 1663 2701 1715 et
2730 1675 2842 1714 nos
2869 1659 3071 1715 verbis
3100 1659 3218 1716 tuis
3238 1659 3644 1733 impertiendo

1988 1747 2339 1803 consoleris.
2368 1748 2538 1818 267
2567 1747 2734 1804 Idem
2759 1751 2815 1803 et
2843 1761 2956 1818 ego
2984 1747 3180 1804 facere
3206 1747 3644 1822 studebo,quo-

1985 1836 2094 1892 ties
2123 1836 2270 1892 mihi
2300 1851 2408 1908 per
2435 1837 2676 1906 negotia
2712 1835 2961 1892 licuerit.
3003 1839 3146 1894 Tute
3175 1842 3382 1894 autem
3410 1843 3473 1894 et
3512 1839 3643 1911 ipse

1984 1940 2228 1996 precare
2279 1941 2351 1981 ac
2397 1926 2610 1982 fratres
2657 1941 2869 1982 onmes
2923 1926 3186 1994 hortare,
3217 1927 3541 1985 Dominum
3574 1934 3640 1986 ut

1985 2014 2198 2070 sedulo
2219 2018 2484 2086 exorent,
2517 2019 2582 2071 ut
2599 2015 2847 2072 tandem
2873 2029 2910 2072 a
2938 2015 3368 2076 circumstante
3393 2031 3508 2074 nos
3537 2017 3636 2074 tri-

257 2106 382 2150 πεῖν
411 2103 498 2150 τὸν
529 2103 740 2172 Κύριον,
773 2103 858 2150 ἵνα
883 2097 1182 2162 ὃείξηποτε
1211 2103 1335 2173 ἡμῖν
1385 2101 1533 2154 λύσιν
1563 2111 1658 2163 τῆς
1702 2122 1872 2177 περιε-

1985 2105 2145 2160 stitia
2168 2103 2399 2162 liberet.

257 2189 480 2260 χοὺσης
507 2190 646 2260 ἡμᾶς
674 2194 975 2261 κατηφείας.

795 2318 1080 2366 ΕΠΙΣΤΟΛ
1091 2319 1132 2364 II
1164 2313 1322 2368 ΡΠΕί.

2419 2319 2756 2376 EPISTOLA
2795 2320 3134 2376 CLXXXV“.

257 2429 452 2497 Rogat
475 2427 834 2483 Theodotum
856 2429 1117 2484 Basilius
1139 2444 1214 2485 ne
1229 2429 1462 2486 oblatas
1482 2430 1786 2488 scribendi
1805 2433 2140 2490 occasiones
2155 2434 2722 2506 omittatsiprecatur
2741 2439 2806 2490 ut
2819 2437 2870 2492 si
2876 2435 2934 2490 bi
2942 2449 3073 2492 eum
3091 2435 3292 2493 videre
3306 2436 3635 2509 contingat.

659 2549 924 2624 Θεοδότῳ,
957 2552 1225 2624 ἐπισκοπῳ
1257 2559 1486 2626 Βεροίας.

335 2656 500 2727 Οἶδα,
551 2663 652 2726 ὅτι,
705 2660 749 2712 εἰ
800 2665 889 2712 καὶ
947 2666 1018 2733 μὴ
1080 2661 1392 2724 ἐπιστέλλεις
1440 2665 1586 2734 ἡμῖν,
1653 2662 1762 2714 ἀλλ’
1829 2664 1876 2716 ἐν

378 2746 580 2824 καρδία
620 2769 716 2802 σου
771 2751 1002 2822 ὑπάρχει
1055 2753 1084 2808 ἡ
1135 2757 1312 2822 μνήμη
1364 2753 1532 2823 ἡμῶν.
1577 2757 1678 2804 Καὶ
1725 2761 1876 2806 τοῦτο

257 2845 632 2911 τεκμαίρομαι,
695 2839 801 2909 οὐχ
845 2843 921 2890 ὅτι
988 2840 1140 2900 αὐτὸς
1179 2839 1320 2902 άξιός
1369 2841 1476 2911 ειμι
1521 2846 1734 2912 μνήμης
1793 2862 1874 2893 τι-

257 2931 348 2988 νός
395 2925 594 2996 δεξιοῖς,
653 2927 761 2978 ἀλλ’
811 2932 890 2979 ὅτι
939 2930 969 2986 ἡ
1017 2933 1082 2986 σὴ
1138 2929 1294 2999 ψυχὴ
1335 2929 1551 2981 πλοντεί
1589 2929 1636 2980 ἐν
1785 2940 1874 2992 τῆς

256 3016 474 3087 ἀγάπης
529 3021 827 3090 περιουσία.
871 3015 1010 3075 Πλὴν
1043 3016 1144 3068 ἀλλ’
1189 3021 1310 3070 ὅσον
1356 3015 1576 3070 δυνατόν
1619 3039 1722 3088 σοι,
1755 3027 1870 3082 ταῖς

253 3109 760 3180 παρεμπιπτούσαις
800 3109 1098 3180 προφάσεσι
1145 3111 1384 3180 κέχρησο
1433 3108 1502 3167 εἰς
1537 3111 1595 3160 τό
1640 3107 1870 3161 ἐπιστελ-

255 3194 364 3246 λειν
425 3196 572 3266 ἡμῖν,
625 3197 713 3246 ἵνα
762 3199 850 3246 καὶ
907 3196 1060 3266 ἡμεῖς
1110 3195 1300 3267 μᾶλλον
1363 3194 1677 3266 εὐψυχῶμεν
1745 3215 1870 3267 μαν-

2375 2561 2691 2629 Theodoto,
2719 2562 2985 2631 episcopo
3009 2563 3262 2619 Bermte.

2059 2667 2421 2738 Quanquam
2434 2666 2511 2722 ad
2525 2681 2634 2721 nos
2663 2682 2788 2723 non
2813 2667 3044 2736 scribis,
3077 2668 3199 2723 scio
3227 2669 3638 2727 tamennostri

1985 2754 2346 2810 memoriam
2367 2760 2470 2810 tuo
2483 2755 2704 2827 pectori
2717 2755 2995 2811 insidere.
3011 2759 3130 2812 Hoc
3144 2761 3346 2812 autem
3361 2758 3638 2828 conjicio,

1983 2857 2108 2900 non
2159 2844 2327 2916 quod
2375 2844 2505 2916 ipse
2533 2844 2804 2900 ofﬁciosa
2829 2845 2951 2900 ulla
2974 2845 3386 2902 recordatione
3415 2846 3640 2916 dignus

1986 2931 2124 3000 sim,
2161 2932 2266 2987 sed
2296 2933 2464 3004 quod
2489 2932 2696 2988 anima
2719 2935 2820 2988 tua
2841 2934 3144 2990 charitatis
3173 2935 3344 3005 copia
3364 2934 3635 2992 ditescat.

1984 3021 2098 3077 Sed
2121 3027 2345 3087 tamen,
2373 3025 2672 3094 quantum
2698 3022 2758 3078 in
2789 3026 2844 3078 te
2888 3023 3016 3091 erit,
3075 3021 3498 3080 occasionibus
3536 3039 3638 3080 oc-

1981 3110 2326 3166 curentibus
2355 3115 2520 3166 utere
2547 3109 2627 3166 ad
2671 3111 2996 3168 mittendas
3041 3111 3218 3169 nobis
3267 3111 3490 3168 litteras
3522 3131 3536 3182 ;
3572 3116 3638 3168 ut

1979 3203 2036 3255 et
2065 3215 2176 3254 nos
2207 3199 2450 3255 meliore
2465 3201 2671 3256 animo
2695 3201 2883 3256 simus
2906 3204 3244 3257 vestrarum
3272 3216 3476 3257 rerum
3495 3200 3638 3258 facti

257 3285 494 3342 θείνοντες
547 3286 614 3335 τὰ
667 3289 785 3355 περὶ
851 3284 1017 3356 ὑμῶν,
1077 3287 1162 3334 καὶ
1220 3282 1458 3356 ἀφορμὴν
1524 3283 1866 3355 λαμϐάνῶμεν

1984 3289 2282 3357 certiores,
2297 3289 2675 3360 etipsietiam
2689 3290 3072 3346 occasionem
3092 3295 3438 3346 nostrarum
3459 3289 3634 3346 vobis

255 3377 334 3434 εὶς
377 3376 436 3423 τό
463 3378 552 3424 καὶ
580 3373 726 3424 αὐτοὶ
755 3377 1026 3444 σημαίνειν
1057 3375 1177 3444 ὑμῖν
1205 3375 1271 3424 τὰ
1299 3375 1545 3444 ἡμέτερα.
1581 3373 1744 3434 Οὗτος
1763 3375 1864 3446 ’γάρ

257 3461 407 3513 ἐστιν
455 3463 484 3514 ὁ
527 3467 717 3533 τρόπος
745 3471 840 3522 τῆς
870 3461 1078 3534 ὁμιλίας
1115 3469 1220 3522 τοῖς
1265 3469 1515 3514 τοσοῦτον
1565 3459 1866 3534 διεζευγμέ-

263 3569 376 3608 νοις
419 3553 530 3615 (30)
571 3560 642 3620 *ᾧ
674 3557 898 3622 σώματι,
939 3552 964 3602 ὁ
999 3547 1070 3602 δι’
1105 3550 1410 3617 ἐπιστολῶν,
1445 3547 1504 3602 οὗ
1539 3555 1610 3622 μή
1647 3550 1868 3603 ἀποστε-

261 3645 436 3711 ρῶμεν
501 3637 764 3704 ἀλλήλους,
818 3641 1046 3691 καθόσον
1091 3638 1150 3690 ἂν
1199 3635 1392 3709 ἐνδιδῷ
1445 3641 1512 3690 τὰ
1555 3642 1862 3714 πράγματα.

257 3729 548 3800 Παράσχοι
597 3725 658 3780 6“.-
699 3731 724 3779 ὁ
777 3732 969 3802 Κύριος
1005 3733 1095 3780 καὶ
1142 3734 1238 3787 τὴν
1276 3729 1390 3781 κατ’
1422 3728 1712 3802 ὀφθαλμοὺς
1740 3732 1864 3802 ἡμῖν

255 3821 576 3888 συντυχίαν,
629 3821 716 3868 ἵνα
752 3822 842 3869 καὶ
885 3823 979 3875 τήν
1025 3817 1234 3889 ἀγάπην
1279 3818 1608 3889 αὐξήσωμεν,
1641 3823 1732 3869 καὶ
1772 3823 1865 3875 τὴν

253 3907 324 3966 εἰς
357 3911 442 3958 τόν
493 3912 756 3964 Δεσπότην
795 3909 941 3978 ἡμῶν
985 3907 1331 3980 εὐχαριστίαν
1369 3906 1750 3978 πλεονάσωμεν,
1781 3907 1866 3959 ἐπὶ

253 3997 464 4067 μείζοσι
511 4005 632 4058 ταῖς
673 3996 797 4069 παρ’
823 3996 984 4049 αὐτοῦ
1017 3994 1256 4070 δωρεαῖς.

779 4128 1116 4176 ΕΠΙΣΤΟΛΗ
1159 4122 1320 4186 Png'.

1979 3377 2520 3446 signiﬁcandarum
2541 3380 2936 3452 accipiamus.
2959 3384 3108 3436 Nam
3129 3380 3225 3436 hic
3247 3380 3634 3453 colloquendi

1974 3467 2197 3522 modus
2228 3472 2316 3522 est
2345 3467 2438 3523 his
2467 3469 2572 3541 qui
2603 3485 2854 3541 corpore
2877 3469 3030 3526 adeo
3052 3469 3337 3540 disjuncti
3358 3475 3632 3541 sunt,per

1972 3554 2199 3612 litteras
2231 3557 2502 3614 videlicet
2525 3577 2539 3624 ;
2562 3575 2686 3630 quo
2708 3559 2954 3631 quidem
2973 3576 3086 3615 nos
3109 3559 3367 3616 invicem
3389 3575 3512 3615 non
3533 3559 3636 3614 de-

1971 3644 2342 3716 fraudemus,
2369 3651 2665 3718 quantum
2677 3665 2784 3720 per
2795 3649 3037 3718 negotia
3050 3648 3298 3704 licuerit.
3319 3649 3633 3718 Largiatur

1973 3739 2176 3789 autem
2209 3735 2518 3802 Dominus,
2549 3739 2610 3791 ut
2629 3752 2836 3792 coram
2861 3738 3042 3793 etiam
3063 3737 3216 3792 inter
3245 3753 3357 3792 nos
3379 3751 3628 3804 congre-

1971 3820 2253 3890 diamur;
2286 3839 2409 3894 quo
2441 3827 2498 3878 et
2526 3839 2858 3893 augeamus
2880 3824 3248 3890 charitatem,
3290 3828 3347 3880 et
3371 3822 3626 3879 Domino

1969 3914 2176 3965 nostro
2235 3911 2565 3980 gratiarum
2605 3913 2903 3968 actionem
2933 3913 3015 3968 ob
3045 3913 3282 3983 majora
3317 3911 3397 3968 ab
3418 3927 3490 3968 eo
3522 3927 3626 3968 ac-

1975 4003 2152 4070 cepta
2189 3998 2351 4055 dona
2381 4000 2874 4073 multiplicemus.

2397 4126 2638 4183 EPISTO
2647 4129 2734 4182 LA
2774 4127 3167 4184 CLXXXVI”.

357 4228 591 4284 Festive
612 4229 972 4300 gratulatur
993 4229 1242 4298 przesidi
1267 4229 1554 4298 Basilius,
1587 4228 1749 4300 quod
1767 4243 1901 4286 eum
1930 4229 2169 4288 crambe
2196 4236 2358 4288 aceto
2389 4233 2632 4290 condita
2650 4235 2910 4304 pristino
2939 4235 3137 4305 vigori
3163 4235 3516 4293 restituerit.

753 4353 1080 4426 Ἀντιπάτρῳ
1119 4355 1353 4426 ἡγεμόνι.

2475 4358 2803 4428 Antipatro
2827 4361 3103 4429 prasidi.

317 4459 410 4520 Ὠς
474 4457 606 4516 καλὴ
668 4461 698 4516 ἡ
760 4459 1056 4531 φιλοσοφία,
1108 4461 1172 4511 τά
1203 4479 1255 4512 τε
1304 4458 1452 4527 οῦιλα,
1485 4463 1574 4511 καὶ
1613 4463 1690 4511 ὅτι
1735 4457 1857 4513 οὐδὲ

2039 4464 2232 4528 Quam
2253 4463 2506 4536 pulchra
2536 4471 2627 4521 est
2647 4465 3050 4539 philosophia.
3073 4483 3215 4524 cum
3235 4467 3315 4524 ob
3339 4465 3616 4538 alia,tum

247 4548 588 4621 ἰατρεύεσθαι
663 4548 951 4609 πολυτελῶς
1025 4557 1132 4610 τοῖς
1187 4554 1463 4621 τροφίμοις
1533 4549 1698 4609 αὐτῆς
1749 4553 1857 4602 ἑπι-

243 4641 460 4711 τρέπει·
513 4635 644 4686 ἀλλὰ
691 4640 750 4688 τό
803 4636 929 4688 αὐτὸ
974 4642 1064 4688 καὶ
1110 4636 1236 4708 ὄψον
1285 4637 1398 4688 ἐστὶ
1426 4638 1546 4709 παρ’
1582 4638 1737 4710 αὐτῇ,
1766 4642 1857 4689 καὶ

245 4729 376 4797 πρὸς
419 4727 623 4796 ὑγίειαν
674 4725 782 4794 (31)
836 4723 1000 4799 ἀρκεῖ.
1043 4729 1143 4785 Τὰς
1181 4728 1282 4798 γάρ
1326 4745 1406 4778 τοι
1444 4725 1629 4800 ὀρέξεις
1663 4725 1856 4778 ἀποκα-

245 4817 470 4884 μούσας,
532 4817 602 4874 ὡς
638 4813 925 4887 ἐπυθόμην,
971 4813 1234 4887 κράμϐαις
1289 4813 1338 4866 ἐν
1381 4815 1482 4876 ὄξει
1527 4817 1856 4888 ταριχευθεὶ-

245 4923 368 4962 sui;
419 4902 740 4955 ἀνεκαλέσω’
787 4903 844 4963 ἆς
893 4903 993 4974 ἐγὼ
1039 4908 1290 4978 πρότερον
1346 4907 1437 4975 μὲν
1475 4899 1854 4976 ἐδυσχέραινον

243 4997 338 5042 καὶ
395 4988 492 5043 civ).
545 5011 638 5042 ταν
667 4997 972 5064 παροιμίαν,
1003 4997 1092 5044 καὶ
1123 4997 1202 5043 ὅτι
1247 4993 1532 5064 ὑπόμνημα
1575 4993 1710 5050 ἦσαν
1759 5000 1855 5054 τῆς

249 5085 544 5154 συντρόφου
607 5085 820 5142 πενίας“
879 5087 968 5132 νῦν
1027 5078 1086 5134 δέ
1143 5101 1235 5153 μοι
1294 5077 1432 5133 δοκῶ
1481 5085 1570 5132 καὶ
1633 5081 1854 5154 ἐμαυτόν

323 5209 440 5268 (‘28)
459 5206 748 5279 Ἰμίιερίας.
769 5206 943 5262 Coisl.
971 5207 1274 5262 secundus
1303 5209 1362 5262 et
1389 5210 1530 5276 Reg.
1551 5208 1854 5262 secundus

251 5279 498 5350 Ἐμέρεως
547 5283 720 5332 Deest
745 5294 815 5332 ea
847 5295 958 5334 vox
989 5279 1046 5334 in
1077 5281 1278 5333 codice
1309 5279 1638 5333 Ilarlieano.

319 5349 434 5416 129;
461 5355 818 5423 ῌεριτρέχειν.
853 5349 1025 5406 Cois].
1053 5350 1282 5421 primus
1313 5355 1370 5404 et
1399 5351 1546 5406 Med.
1573 5355 1851 5423 περιέπειν.

255 5419 492 5490 Legend
505 5419 608 5494 lim
624 5419 984 5494 περιτρέχειν
999 5419 1072 5474 τε.

325 5497 434 5562 (.0)
471 5491 882 5562 Διεζευγμένὸις.
933 5492 1023 5548 Sic
1051 5497 1169 5562 tres
1199 5491 1585 5547 veiustissimi
1617 5491 1854 5548 codices

265 5559 392 5618 cum
417 5559 704 5636 pluribdé
729 5563 882 5620 aliis.
907 5563 1060 5620 Editi
1090 5559 1568 5634 διαζευγνυμένοις.

1966 4552 2110 4623 quia
2150 4553 2274 4608 suis
2296 4553 2558 4610 alumnis
2587 4571 2664 4610 ne
2683 4556 2880 4611 curari
2900 4557 3145 4628 quidem
3176 4555 3415 4626 magnis
3454 4571 3616 4612 sum-

1963 4640 2167 4712 ptibus
2189 4643 2343 4712 sinit,
2361 4643 2466 4700 sed
2488 4644 2698 4700 eadem
2723 4661 2818 4700 res
2831 4645 2996 4716 apud
3015 4645 3212 4718 ipsam
3225 4645 3615 4717 etopsonium

1965 4733 2073 4795 est,
2107 4735 2162 4784 et
2182 4730 2260 4785 ad
2290 4731 2608 4788 sanitatem
2632 4733 2884 4790 sufﬁcit!
2914 4735 3083 4806 Nam,
3109 4735 3520 4806 appetentiam
3540 4733 3618 4790 ci-

1963 4818 2182 4873 borum
2199 4819 2328 4888 jam
2349 4819 2594 4886 lassam,
2608 4825 2673 4876 ut
2687 4821 2908 4886 audivi,
2933 4823 3176 4879 crambe
3194 4827 3362 4880 aceto
3374 4823 3616 4880 condita

1962 4909 2257 4964 revocasti
2284 4925 2297 4959 :
2321 4925 2510 4980 quam
2529 4925 2640 4978 ego
2661 4911 2828 4982 prius
2847 4911 3092 4983 quidem
3123 4929 3279 4984 (egre
3321 4911 3613 4981 ferebam,

1963 4999 2093 5050 tum
2115 4995 2194 5050 ob
2215 4995 2628 5068 proverbium,
2649 5003 2780 5054 tum
2800 5000 2944 5072 quia
2971 5001 3252 5057 comitem
3290 5003 3612 5073 pauperta-

1963 5088 2086 5140 tem
2123 5083 2270 5138 mihi
2300 5083 2360 5138 in
2384 5085 2740 5142 memoriam
2755 5089 3096 5146 revocabat.
3121 5093 3289 5146 Nunc
3312 5103 3454 5144 vero
3467 5085 3612 5142 mihi

1973 5281 1986 5292 ,
2036 5211 2149 5296 (ξι)
2205 5212 2338 5282 Πρὸς
2389 5210 2612 5279 ὑγίειαν.
2680 5210 2825 5267 Med.
2886 5216 2944 5268 et
2999 5213 3100 5269 alii
3159 5209 3430 5269 nonnulli
3480 5211 3611 5280 πρὸς

1963 5297 2245 5426 υίξιᾌῖὶξιε
2271 5354 2495 5426 CCCVI.
2538 5353 2768 5426 Scripta
2797 5369 2959 5410 anno
2988 5357 3112 5410 374.

2036 5423 2260 5498 ἸΑῘξξὶε
2290 5424 2482 5498 CCCX.
2509 5423 2738 5498 Scripta
2777 5427 2934 5498 circa
2961 5441 3058 5480 an.
3092 5427 3218 5480 374.

2129 5494 2288 5552 Alias
2317 5497 2536 5552 CCXIII.
2563 5494 2792 5569 Scripta
2815 5497 2974 5552 circa
2999 5511 3094 5552 an.
3128 5499 3254 5550 374.
