4062 6214
433 286 541 339 663

1818 273 1873 328 S.
1914 271 2168 327 BASILII
2208 268 2429 325 MAGNI

3688 265 3793 318 664

427 404 639 461 videor
666 402 1090 460 etsententiam
1110 401 1429 463 mutare,et
1446 396 1836 470 proverbium
1861 396 2076 463 ridere,

2223 396 2520 447 ιεταπείσειν
2553 389 2683 462 (32),
2732 395 2821 442 καὶ
2860 396 2951 450 τῆς
2993 392 3276 464 παροιμίας
3322 387 3792 458 καταγελάσεσθαι,

433 493 652 550 videns
682 498 803 547 tam
828 492 1109 548 eximiam
1128 487 1457 563 juventutis
1478 487 1795 553 nutricem,
1819 501 1954 555 quae
1980 500 2083 539 no-

430 588 619 638 strum
640 581 962 653 praesidem
985 581 1234 652 pristino
1260 576 1452 647 vigori
1478 575 1748 631 restituit.
1782 577 1898 629 Nec
1915 573 2087 645 quid-

430 687 617 744 quam
647 672 773 741 jam
801 686 921 742 prae
953 670 1054 725 illa
1082 667 1398 725 aestimabo
1424 683 1436 721 :
1467 680 1592 721 non
1630 663 1816 720 modo
1852 660 2091 718 Homeri

429 760 645 829 lotum,
673 759 781 815 sed
805 774 881 814 ne
910 758 1076 815 illam
1097 757 1348 831 quidem
1378 753 1775 815 ambrosiam,
1808 767 2092 824 quaecun-

432 865 551 923 que
577 849 824 907 tandem
849 846 1044 919 fuerit,
1083 864 1222 920 quae
1250 845 1519 903 ccelestes
1545 842 1899 901 exsatiabat.
1944 916 1947 925 ‘

1026 974 1134 1029 EPl
1144 973 1365 1030 STOLA
1403 968 1759 1026 CLXXXVII'.

2193 486 2323 556 ὁρῶν
2353 483 2514 539 αὐτὴν
2548 480 2707 540 οὕτως
2740 479 2941 551 ἀγαθὴν
2967 482 3334 552 κουροτρόφον,
3367 477 3396 535 ἡ
3426 480 3512 528 τόν
3558 478 3800 549 ἄρχοντα

2195 576 2339 643 ἡμῶν
2372 572 2439 631 εἰς
2472 569 2642 643 ἀκμὴν
2674 568 2986 640 ἐπανήγαγε.
3022 572 3119 620 Καὶ
3149 563 3300 619 οὐδὲν
3340 563 3469 618 εἶναι
3496 572 3587 617 τοῦ
3614 565 3796 617 λοιποῦ

2195 661 2312 713 κατ’
2350 660 2513 717 αὐτὴν
2553 662 2844 731 ἡγήσομαι,
2877 657 2983 729 οὐχ
3014 661 3147 717 ὅπως
3174 659 3262 709 τόν
3291 655 3573 728 Ὁμηρικόν
3610 654 3792 722 λωτόν,

2198 749 2306 803 ἀλλ’
2345 747 2468 803 οὐδὲ
2505 754 2593 808 τὴν
2624 748 2917 825 ἀμϐροσίαν
2955 746 3170 819 ἐκείνην,
3212 750 3325 808 ἧτις
3362 744 3478 799 ποτ’
3517 746 3622 820 ἄρα
3648 741 3731 815 ἦν,
3761 746 3790 802 ὴ

2197 843 2318 903 τοὺς
2361 839 2681 912 Ὀλυμπίους
2719 837 3083 911 χορτάζουσα.

2838 966 3176 1017 ΕΠΙΣΤΟΛΗ
3214 958 3376 1016 ΡΠΖ’.

1374 1076 1705 1147 Respondet
1729 1089 1952 1146 praeses
1976 1079 2285 1145 peracuta:
2314 1073 2539 1132 Basilii
2567 1056 2851 1144 epistolae.

965 1204 1297 1274 Antipater
1321 1203 1572 1259 Basilio.

509 1315 600 1370 Bis
630 1313 874 1370 crambe
904 1327 1089 1380 mors,
1114 1312 1196 1367 ait
1216 1309 1493 1365 invidum
1532 1306 1943 1381 proverbium.
1977 1308 2099 1377 Ego

434 1419 579 1460 vero
621 1404 723 1476 qui
755 1417 913 1475 saepe
939 1401 1102 1474 petii,
1136 1400 1321 1456 semel
1348 1400 1574 1455 moriar
1607 1415 1619 1453 :
1648 1397 1899 1453 omnino
1928 1411 2092 1464 vero,

438 1494 672 1550 etiamsi
701 1508 824 1548 non
855 1492 1187 1563 petiissem.
1210 1489 1382 1556 Quod
1410 1489 1461 1544 si
1492 1488 1740 1545 omnino
1770 1504 1782 1541 :
1816 1501 1891 1542 ne
1919 1489 1974 1542 te
2000 1485 2096 1557 pi-

440 1586 578 1652 geat
601 1580 917 1637 comedere
949 1595 1130 1636 suave
1159 1578 1505 1645 obsonium,
1536 1577 1754 1634 frustra
1790 1590 1826 1631 a
1852 1589 2094 1647 prover-

438 1671 542 1729 bio
571 1672 1001 1744 vituperatum.

801 1794 981 1866 268
1012 1792 1363 1850 EPISTOLA
1403 1791 1790 1848 CLXXXVIII“

1007 1883 1359 1938 CANONICA
1397 1882 1637 1938 PRIMA.

2688 1197 3032 1270 Ἀντίπατρος
3072 1194 3343 1267 Βασιλειῳ.

2278 1310 2365 1369 Δὶς
2411 1305 2621 1380 κράμϐη
2675 1307 2916 1372 θάνατος,
2970 1307 3000 1363 ἡ
3057 1303 3323 1376 βάσκανός
3361 1319 3491 1374 φησι
3528 1302 3805 1374 παροιμία.

2201 1401 2332 1468 Ἐγὼ
2401 1393 2480 1463 δὲ,
2560 1394 2805 1455 πολλάκις
2857 1394 3102 1463 αἰτήσας,
3181 1390 3321 1453 ἅπαξ
3414 1388 3804 1458 ἀποθανοῦμαι·

2200 1487 2409 1547 πάντως
2465 1481 2525 1537 δὲ
2564 1488 2756 1557 καὶμὴ
2812 1483 3059 1544 αἰτήσας.
3102 1481 3163 1534 Εἰ
3202 1478 3261 1533 δὲ
3298 1481 3518 1545 πάντως,
3566 1481 3636 1550 μὴ
3683 1496 3808 1529 διαει-⁶

2203 1579 2339 1626 όκνει
2395 1573 2584 1626 ἐσθίειν
2639 1573 2766 1645 ὄψον
2823 1569 2952 1637 ἡδὺ,
3000 1574 3172 1645 μάτην
3226 1572 3328 1622 ὑπὸ
3370 1576 3461 1629 τῆς
3519 1570 3809 1641 παροιμίας

2132 1663 2172 1718 Β
2202 1660 2533 1738 λοιδορηθέν.

2733 1768 3069 1841 ΕΠῘΣΤΟΑΗ
3107 1784 3254 1840 rnn'

2814 1892 3099 1933 KANONIKH
3137 1892 3169 1930 Δ
3188 1916 3203 1931 .

442 1991 775 2061 Respondet
804 1990 1070 2049 Basilius
1097 1990 1377 2061 pluribus
1406 1987 1824 2061 Amphilochii
1843 1986 2270 2061 quaestionibus
2300 1986 2382 2061 ad
2408 1999 2667 2042 canones
2687 1984 3150 2061 pertinentibus,
3181 1998 3253 2041 ac
3278 1982 3582 2040 nonnulla
3602 1980 3807 2052 Scrip-

1400 2065 1554 2115 tura,
1584 2060 1716 2116 loca
1747 2058 2010 2128 ejusdem
2046 2059 2308 2130 episcopi
2334 2064 2553 2129 rogatu
2578 2058 2865 2128 explicat.
3163 2098 3173 2106 .

840 2184 1265 2256 Amphilochia
1291 2184 1365 2240 de
1388 2183 1738 2241 canonibus.

514 2293 716 2349 Stulto
735 2292 1159 2362 interroganti,
1187 2290 1402 2362 inquit,
1459 2290 1759 2359 sapientia
1799 2288 2103 2359 reputabi-

446 2383 633 2437 tur“.
670 2380 967 2451 Sapientis
997 2385 1220 2448 autem,
1271 2382 1336 2434 ut
1393 2378 1645 2442 videtur,
1713 2378 2101 2447 interrogatio

449 2469 629 2525 etiam
653 2467 903 2524 stultum
925 2468 1263 2540 sapientem
1291 2467 1471 2523 efﬁcit
1502 2484 1514 2521 :
1545 2467 1710 2539 quod
1758 2467 1861 2521 Dei
1911 2467 2103 2536 gratia.

443 2557 660 2614 accidit
678 2557 1130 2631 nobis,quoties
1157 2557 1476 2613 laboriosae
1509 2561 1625 2611 tuae
1666 2556 1886 2611 animae
1938 2556 2100 2611 litte-

441 2662 543 2703 ras
572 2645 925 2717 accipimus.
960 2645 1189 2702 Etenim
1227 2645 1522 2701 doctiores
1550 2660 1737 2717 quam
1759 2659 2100 2712 eramus,ac

441 2734 861 2808 prudentiores
892 2734 1074 2790 ﬁmus
1103 2749 1176 2789 ex
1204 2733 1337 2805 ipsa
1363 2731 1852 2802 interrogatione,
1908 2732 2100 2789 multa

444 2839 580 2896 quae
610 2823 1039 2893 ignorabamus
1070 2823 1402 2879 ediscentes
1438 2840 1451 2889 ;
1485 2838 1556 2878 ac
1609 2822 1786 2878 nobis
1825 2821 2098 2892 magistri

443 2912 576 2968 loco
597 2916 685 2968 est
712 2912 1123 2985 respondendi
1148 2927 1310 2967 cura.
1343 2913 1509 2968 Certe
1553 2914 1610 2967 et
1636 2927 1799 2967 nunc
1853 2927 1992 2967 cum
2021 2910 2097 2967 de

465 3001 960 3070 nterrogatis‘tuis
991 3016 1308 3073 nunquam
1330 3000 1623 3056 hactenus
1655 3000 1899 3056 sollicite
1929 3000 2096 3069 cogi-

443 3095 689 3157 tassem,
718 3095 959 3179 coactus
985 3107 1121 3146 sum
1141 3089 1455 3179 diligenter
1474 3088 1864 3179 attendere,et
1881 3090 1927 3144 si
1948 3087 2098 3179 quid
2128 3122 2169 3179 Ο

446 3195 484 3236 a
507 3178 845 3255 senioribus
870 3179 1205 3249 audieram,
1241 3177 1563 3249 recordari,
1599 3181 1653 3233 et
1707 3183 1966 3249 cognata
2022 3178 2096 3234 iis

447 3285 584 3342 quae
614 3269 963 3339 didiceram,
997 3285 1105 3343 per
1126 3285 1223 3325 me
1259 3270 1390 3341 ipse
1420 3268 1786 3325 ratiocinari.

524 3450 734 3508 Canon
764 3450 808 3505 Ι.
836 3447 1009 3513 Quod
1066 3446 1243 3516 igitur
1281 3446 1361 3502 ad
1398 3445 1687 3503 Catharos
1724 3444 1998 3516 pertinet,
2047 3447 2106 3501 et

450 3538 619 3610 prius
634 3536 862 3593 dictum
878 3542 984 3603 est,
1001 3539 1225 3592 etrecte
1239 3536 1607 3592 admonuisti
1628 3534 2106 3607 uniuscujusque

449 3627 712 3697 regionis
743 3642 977 3682 morem
999 3624 1170 3696 sequi
1196 3624 1667 3697 oporterezquod
1710 3623 1772 3693 ii,
1817 3624 1919 3696 qui
1965 3629 2106 3679 tunc

453 3717 529 3773 de
548 3716 663 3772 illis
688 3720 1040 3784 statuerunt,
1063 3715 1125 3769 in
1150 3714 1347 3769 varias
1364 3713 1438 3769 dc
1455 3715 1727 3786 ipsorum
1746 3713 2109 3785 baptismate

458 3807 784 3863 sententias
797 3806 1099 3862 abierunt.
1123 3807 1567 3877 Pepuzenorum
1586 3809 1789 3859 autem
1806 3802 2113 3875 baptisma.

457 3896 689 3952 nullam
721 3895 866 3951 mihi
895 3895 1123 3951 habere
1138 3894 1436 3950 rationem
1454 3893 1709 3960 videtur,
1756 3898 1813 3949 et
1858 3894 2110 3948 miratus

462 4001 598 4041 sum
623 3984 933 4057 quomodo
954 3984 1070 4041 hoc
1084 3982 1786 4055 Dionysium,bominem
1807 3997 2114 4040 canonum

536 4127 585 4162 ιθ
614 4128 788 4183 Prov.
820 4142 964 4196 xvu,
994 4129 1081 4181 28.

536 4274 555 4292 '
581 4267 741 4323 Alias
771 4269 992 4323 CCXIV.
1030 4268 1255 4339 Scripta
1277 4267 1439 4323 circa
1464 4282 1567 4326 an.
1595 4267 1720 4324 374.

538 4343 581 4364 “
612 4340 770 4394 Alias
801 4340 841 4395 l.
878 4339 1107 4411 Scripta
1137 4354 1299 4394 anno
1326 4343 1447 4395 374.

541 4412 651 4483 (32)
700 4415 1061 4465 Μεταπείσειν.
1111 4412 1203 4465 Sic
1252 4427 1404 4467 mss.
1468 4425 1710 4465 summo
1788 4424 2115 4467 consensu.

469 4483 619 4538 Editi
651 4488 977 4554 μεταπεσεῖν,

542 4551 1121 4623 (33)”Ἐπερωτήσαντι.
1171 4551 1325 4607 Editi
1372 4552 1608 4608 addunt
1653 4557 1863 4624 σοφίαν,
1930 4554 2119 4608 Inter-

471 4626 716 4689 roganti
744 4626 1100 4691 sapientiam
1164 4626 1461 4692 sapientia
1516 4625 1918 4691 reputabitur.
1976 4626 2115 4689 Quae

516 4695 714 4749 uidem
745 4710 860 4749 vox
874 4711 909 4750 a
933 4693 1363 4749 recentioribus
1382 4695 1642 4750 librariis
1660 4696 1893 4751 videtur
1910 4695 2117 4752 addita

499 4764 674 4831 uisse.
707 4766 879 4820 Deest
907 4765 1068 4820 enim
1101 4764 1161 4819 in
1192 4765 1377 4820 tribus
1404 4766 1780 4821 Coislinianis
1807 4765 2116 4822 codicibus

471 4842 528 4907 et
557 4836 617 4890 in
634 4841 897 4907 quatuor
925 4836 1135 4907 Regiis.
1162 4838 1331 4891 Deest
1352 4839 1532 4892 etiam
1560 4837 1617 4891 in
1642 4838 1847 4893 codice
1869 4838 2118 4892 Alexan-

470 4906 728 4963 drino’et
756 4907 1028 4977 pluribus
1058 4906 1188 4977 aliis
1221 4923 1407 4963 sacrm
1435 4910 1751 4976 Scriptura;
1783 4909 2115 4964 codicibus.

543 4978 654 5045 (34)
735 4983 859 5051 Περὶ
936 4982 993 5029 τό
1072 4976 1463 5051 ἀποκρίνεσθαι.
1534 4980 1813 5035 Nonnulli
1880 4979 2116 5051 codices

472 5048 904 5124 ᾲποκρίνασθαι..
950 5051 1111 5104 Unus
1157 5048 1273 5124 περι
1321 5058 1430 5105 τοῦ.
1469 5051 1700 5124 Legitur
1728 5054 1934 5124 «spiro
1965 5050 2115 5124 ἰικριτ

471 5120 551 5180 ϐές
581 5118 640 5174 in
671 5118 1030 5175 Coisliniano
1060 5118 1379 5175 vetustiore
1425 5128 1481 5177 et
1510 5118 1751 5177 duobus
1781 5118 1932 5178 aliis.
1969 5118 2116 5176 Illud

469 5196 671 5248 autem
697 5207 771 5246 ex
801 5190 998 5246 verbis
1019 5191 1208 5246 Basilii
1229 5191 1424 5261 colligi
1456 5208 1577 5247 non
1598 5192 1793 5258 debet,
1826 5210 1965 5248 eum
1979 5192 2117 5247 hac-

467 5272 644 5319 tenus
666 5264 727 5317 in
753 5261 1088 5317 canonibus
1134 5276 1350 5332 parum
1396 5264 1577 5318 fuisse
1606 5269 1935 5318 versatum.
1966 5267 2115 5319 Nam

469 5335 547 5390 ab
572 5334 739 5389 initio
760 5334 1141 5404 episcopatus
1173 5333 1360 5389 multa
1390 5334 1463 5387 de
1494 5334 1898 5400 matrimonio,
1928 5335 2001 5389 de
2024 5351 2115 5389 or-

468 5405 879 5461 dinationibus
903 5404 1249 5459 clericorum
1271 5408 1327 5457 et
1344 5420 1551 5458 eorum
1580 5404 1984 5471 singularitate
2008 5411 2115 5461 sta-

469 5482 682 5540 tuerat,
708 5481 771 5531 ut
796 5479 956 5547 patet
981 5490 1051 5547 ex
1085 5473 1353 5547 epistolis
1380 5475 1463 5547 ad
1498 5475 2114 5547 Diodorum,adchor-

471 5544 810 5618 episcopos,
832 5547 912 5603 ad
941 5544 1259 5617 episcOpos
1279 5544 1391 5602 sibi
1421 5546 1717 5614 subditos,
1741 5551 1799 5603 et
1839 5547 1919 5603 ad
1944 5551 2113 5604 Pare-

2642 2180 2971 2255 Ἀμφιλοχίῳ
2999 2184 3117 2254 περὶ
3150 2182 3395 2237 κανόνων.

2282 2287 2530 2359 ’Λνοήτῳ,
2566 2292 2744 2360 φησὶν,
2788 2289 3174 2358 ἐπερωτήσαντι
3203 2285 3315 2357 (33)
3356 2288 3515 2357 σοφία
3559 2282 3813 2356 λογισθή-

2214 2397 2381 2432 σιται.
2409 2384 2572 2449 Σοφοῦ
2604 2373 2684 2447 δὲ,
2708 2380 2775 2438 ὡς
2819 2379 2998 2441 ἔοικεν,
3031 2374 3337 2450 ἐπερώτημα
3363 2380 3455 2426 καὶ
3480 2377 3566 2426 τόν
3594 2373 3809 2432 ἀνόητον

2214 2471 2441 2537 σοφίζει·
2502 2468 2622 2539 ὅπερ
2679 2475 2743 2539 τῇ
2797 2473 2887 2518 τοῦ
2946 2473 3080 2518 Θεοῦ
3119 2467 3308 2537 χάριτι
3358 2462 3808 2537 πμϐαίνειὴμῖν,

2210 2559 2393 2617 ὁσάκις
2420 2555 2479 2607 ἂν
2512 2553 2776 2628 δεξώμεθά
2810 2575 2903 2607 σου
2930 2562 3020 2614 τῆς
3041 2554 3314 2626 φιλοπόνου
3343 2552 3533 2624 ψυχῆς
3556 2555 3622 2605 τὰ
3643 2554 3813 2625 γράμ-

2208 2665 2372 2718 ματα.
2416 2646 2908 2719 Ἐπιστατικὼτεροι
2963 2647 3062 2716 γὰρ
3103 2642 3297 2695 ἑαυτῶν
3334 2646 3424 2694 καὶ
3469 2641 3811 2715 ἐμφρονέστε-

2207 2754 2291 2808 ροι
2327 2736 2580 2807 γινόμεθα
2631 2732 2721 2786 ἀπ’
2779 2734 2944 2795 αὐτῆς
2990 2740 3082 2794 τῆς
3142 2732 3466 2806 ἐρωτήσεως,
3517 2730 3703 2801 πολλὰ,
3743 2728 3813 2782 ὧν

2207 2825 2301 2878 οὐκ
2367 2824 2711 2896 ἐπιστάμεθα,
2773 2820 3153 2895 διδασκόμενοι
3191 2840 3203 2853 ·
3267 2827 3357 2875 καὶ
3407 2826 3602 2893 γίνεται
3664 2822 3816 2892 ἡμῶν

2209 2910 2541 2975 διδάσκαλος
2598 2916 2628 2972 ἠ
2698 2918 2818 2987 περὶ
2875 2916 2932 2965 τό
2986 2911 3361 2987 ἀποκρίνεσθαι
3420 2910 3527 2982 (34)
3568 2914 3815 2982 μέριμνα.

2208 2991 2411 3075 Ἀμελει
2466 3006 2557 3054 καὶ
2608 3010 2717 3069 νῦν,
2776 2999 3024 3055 οὐδέποτε
3069 3000 3311 3062 λαϐόντες
3365 2998 3412 3052 ἓν
3465 2996 3704 3073 φροντίδι
3749 3000 3821 3051 τα

2211 3091 2586 3166 ἐπερωτήματά
2627 3111 2746 3157 σου,
2792 3092 3197 3163 ἠναγκάσθημεν
3237 3088 3627 3159 ἐπισκέψασθαι
3667 3086 3821 3162 ἄκρι-

2212 3180 2328 3249 ϐῶς,
2369 3185 2460 3232 καὶ
2499 3184 2543 3232 εἳ
2580 3184 2633 3232 τέ
2669 3199 2723 3231 τι
2762 3181 3061 3251 ἠκούσαμεν
3100 3180 3244 3253 παρὰ
3293 3186 3390 3230 τῶν
3432 3176 3816 3249 πρεσϐυτέρων,

2213 3268 2632 3343 ἀναμνησθῆναι,
2673 3274 2763 3321 καὶ
2797 3271 2864 3321 τὰ
2904 3275 3128 3341 συγγενῆ
3172 3265 3238 3319 ὧν
3271 3263 3657 3339 ἐδιδάχθημεν,
3690 3267 3822 3339 παρ’

2212 3358 2407 3411 ἑαυτῶν
2435 3358 2863 3430 ἐπιλογίσασθαι.

2286 3446 2361 3502 Α’.
2412 3451 2481 3500 Τό
2529 3450 2618 3519 μὲν
2668 3444 2756 3498 οὖν
2804 3450 2922 3520 περὶ
2968 3447 3087 3505 τοὺς
3126 3446 3397 3517 Καθαροὺς
3454 3445 3668 3516 ζήτημα
3725 3447 3825 3495 καὶ

2216 3540 2421 3612 εἴρηται
2475 3541 2743 3611 πρότερον,
2812 3540 2903 3587 καὶ
2960 3534 3124 3595 καλῶς
3193 3532 3674 3606 ἀπεμνημόνευσας,
3734 3536 3827 3584 ὅτι

2219 3623 2305 3679 δεῖ
2338 3635 2409 3697 τῷ
2458 3628 2560 3678 ἔθει
2597 3634 2695 3678 τῶν
2758 3624 2873 3678 καθ’
2915 3624 3138 3682 ἑκάστην
3195 3629 3377 3697 χώραν
3434 3624 3667 3688 ἔπεσθαι,
3723 3618 3828 3674 διὰ

2217 3718 2275 3768 τό
2313 3711 2577 3788 διαφόρως
2634 3714 2910 3786 ἐνεχθῆναι
2968 3714 3078 3785 (35)
3126 3717 3245 3785 περὶ
3299 3719 3391 3764 τοῦ
3448 3709 3826 3783 βαπτίσματος

2221 3803 2390 3855 αὐτῶν
2441 3807 2558 3863 τοὺς
2613 3807 2728 3855 τότε
2777 3806 2894 3877 περὶ
2957 3804 3151 3853 τούτων
3211 3797 3581 3859 διαλαϐόντας·
3640 3802 3699 3850 τὸ
3762 3796 3829 3851 δὲ

2220 3900 2321 3945 τῶν
2377 3893 2719 3952 Πεπουζηνῶν
2770 3888 2959 3944 οὐδένα
2987 3910 3077 3963 μοι
3131 3889 3282 3962 λόγον
3334 3892 3473 3961 ἔχειν
3507 3886 3686 3941 δοκεῖ·
3726 3894 3830 3941 καὶ

2224 3982 2497 4056 ἐθαύμασα
2524 3990 2631 4044 πῶς
2658 3984 2925 4035 κανονικὸν
2968 3983 3092 4035 ὄντα
3127 3985 3215 4035 τὸν
3240 3984 3506 4034 Διονύσιον
3546 3980 3660 4051 (36)
3689 3998 3833 4053 παρ-

2229 4269 2481 4340 gorium.
2520 4268 2850 4339 Scripserat
2864 4266 3043 4340 etiam
3066 4266 3144 4322 ad
3156 4265 3402 4322 clericos
3422 4264 3832 4340 Antiocbenos

2228 4335 2303 4395 de
2328 4335 2746 4410 jurejurando,
2773 4343 2839 4394 ut
2868 4339 2996 4410 ipse
3017 4342 3267 4410 testatur
3285 4352 3419 4392 can.
3448 4335 3654 4410 l8.Sed
3676 4352 3830 4410 cum

2227 4406 2517 4491 latissime
2532 4406 3345 4491 pateathaec'mate‘ria,_non
3380 4407 3621 4491 mirum.
3640 4409 3688 4461 si
3728 4406 3832 4491 vel

2227 4477 2593 4537 doctissimis
2607 4497 2848 4552 semper
2866 4481 3010 4535 novi
3027 4478 3540 4552 aliquidoccurrit.
3564 4477 3727 4552 Idem
3746 4479 3833 4532 de

2228 4568 2289 4606 se
2304 4553 2518 4607 fatetur
2535 4549 3426 4622 Innoce'ntiuspapainepist.ad
3441 4550 3834 4622 Exsuperium

2224 4625 2381 4679 Mihi
2407 4639 2637 4694 quoque
2666 4624 2799 4692 ipsi,
2831 4620 3045 4693 inquit,
3078 4622 3150 4677 de
3174 4623 3497 4694 collatione
3541 4620 3833 4675 docilitas

2224 4692 2616 4755 accedit.dum
2635 4692 3023 4765 perscrutatis
3035 4693 3361 4748 rationibus
3373 4692 3453 4747 ad
3459 4698 3835 4765 propositum

2224 4766 2580 4834 respondere
2625 4763 2984 4835 compellor:
3019 4780 3206 4834 eoque
3219 4766 3289 4832 ﬁt
3320 4771 3383 4818 ut
3417 4763 3647 4833 aliquid
3679 4778 3834 4817 sem-

2218 4853 2332 4906 per
2354 4838 2734 4902 addiscatur,
2762 4837 2868 4907 qui
2888 4836 3241 4904 postulatur
3262 4842 3326 4889 ut
3356 4836 3587 4891 doceat.

2279 4910 2408 5031 c3{35)
2437 4903 3052 5030 ’Iggexeriwaifltamss.
3074 4922 3316 4962 summo
3342 4903 3842 4963 consensu.Editi

2319 4998 2453 5031 ιενεγ
2495 4999 2634 5031 ηναι.

2224 4978 2634 5036 ἑνδιενεγθῆναι.

2295 5000 2634 5051 ιιενεχσηναι.

2295 5055 2412 5115 (36)
2457 5053 2555 5101 Τὸν
2621 5052 2908 5104 Διονύσιον.
2969 5048 3123 5104 Editi
3181 5052 3268 5102 τόν
3316 5051 3475 5119 μέγαν
3534 5049 3841 5119 Διονύσιον.

2226 5121 2336 5177 Sed
2366 5122 2532 5176 deest
2551 5121 2666 5176 hoc
2693 5121 2827 5176 loco
2856 5120 2917 5175 in
2939 5121 3160 5175 nostris
3186 5118 3485 5175 sexdecim
3513 5118 3843 5174 codicibus

2220 5191 2350 5272 ξιιβο
2364 5192 2694 5272 honoriﬁca
2708 5190 3187 5272 appellationum
3201 5196 3397 5272 tamen
3412 5189 3844 5272 posteaeidem

2226 5264 2507 5342 Dionysio
2537 5264 2598 5342 in
2614 5264 2727 5342 hoc
2748 5261 2886 5342 ipso
2899 5261 3847 5342 canone‘tribpiturmonsentien-

2224 5330 2391 5389 tibus
2415 5334 2583 5389 libris
2617 5330 2917 5389 veteribus
2942 5337 2999 5388 et
3029 5333 3222 5388 editis.
3254 5336 3379 5388 Duo
3402 5338 3605 5387 autem
3634 5330 3695 5385 in
3714 5332 3847 5387 hoc

2224 5405 2422 5460 Basilii
2452 5405 2789 5461 testimonio
2821 5404 3226 5460 observanda.
3264 5409 3320 5459 1ο
3346 5406 3575 5471 Pugnat
3621 5410 3846 5473 aperte

2224 5476 2478 5531 Basilius
2500 5493 2637 5531 cum
2662 5476 3159 5547 Hieronymo,qui
3178 5476 3237 5531 in
3260 5474 3413 5547 libro
3429 5477 3511 5547 De
3528 5474 3852 5547 scriptori-

2228 5547 2333 5603 bus
2350 5549 2765 5605 ecclesiasticis
2786 5544 3036 5604 testatur
3061 5544 3412 5618 Dionysium
3431 5544 3594 5601 idem
3615 5559 3689 5602 ac
3721 5546 3853 5616 Cy-
