4092 6210
509 300 616 353 675

1892 278 1948 342 S.
1991 286 2240 341 BASILII
2278 284 2497 342 MAGNI

3759 93 4006 359 676'
4069 11 4092 329 Ι

507 422 754 494 propter
799 413 1271 481 immunditiam,
1303 427 1487 485 quem
1534 409 1596 466 in
1633 409 1974 479 ignorantia
2007 410 2151 466 fece-

2272 429 2331 466 ην
2376 408 2425 461 ἐν
2466 407 2651 480 ἀγνοίᾳ
2696 409 2938 481 ἔπραξαν,
2973 406 3087 461 οὐδ’
3138 408 3472 481 ἀμφιϐάλλειν
3522 413 3655 483 ἡμᾶς
3700 432 3876 485 προσ-

506 514 667 577 runt,
717 506 864 579 quin
910 502 1239 576 recipiendi
1285 503 1422 567 sint,
1468 515 1544 556 ne
1594 498 1873 555 dubitare
1915 499 2164 571 quidem

508 615 620 653 nos
650 598 901 669 Oportet.
932 597 1081 649 Nam
1111 608 1213 648 eos
1239 591 1415 645 venia
1444 588 1661 659 dignos
1691 588 1869 643 efﬁcit
1898 594 1953 644 et
1996 590 2164 657 igno-

505 686 679 755 ratio,
714 691 772 741 et
816 688 1154 757 spontanea
1200 679 1519 746 confessio,
1564 683 1621 735 et
1667 679 1955 750 temporis
1998 682 2163 733 tanta

507 775 889 832 diuturnitas.
950 774 1088 827 Fere
1141 770 1303 825 enim
1364 773 1551 824 totam
1607 767 1870 822 hominis
1924 772 2163 823 aetatem

508 868 743 921 Satanae
775 861 976 919 traditi
1002 865 1165 929 sunt,
1191 863 1254 915 ut
1287 858 1521 913 discant
1546 872 1669 912 non
1712 872 1915 925 gerere
1951 872 2013 910 se
2041 860 2162 910 tur-

508 954 682 1026 piter.
745 950 1157 1017 Quamobrem
1212 947 1359 1019 jube
1416 962 1520 1002 eos
1582 946 1817 1017 absque
1879 944 2161 1000 dilatione

508 1041 753 1113 suscipi,
777 1040 1041 1096 maxime
1089 1037 1138 1093 si
1183 1037 1489 1109 lacrymas
1536 1034 1779 1103 habent,
1810 1050 1944 1106 quae
1994 1038 2161 1089 tuam

507 1130 891 1185 clementiam
922 1129 1182 1194 ﬂectant,
1230 1131 1287 1182 et
1324 1126 1511 1181 vitam
1542 1122 1870 1180 ostendunt
1906 1122 2159 1179 commi-

507 1220 802 1274 seratione
828 1217 1099 1285 dignam.

576 1310 712 1363 VIII.
747 1306 853 1371 Qui
876 1305 953 1361 ob
977 1304 1355 1360 iracundiam
1380 1302 1575 1358 securi
1597 1302 1886 1358 adversus
1908 1317 2158 1357 uxorem

508 1413 686 1453 suam
736 1412 883 1450 usus
932 1399 1037 1461 est,
1081 1398 1170 1449 est
1209 1392 1537 1449 homicida.
1589 1395 1762 1448 Recte
1814 1397 2016 1447 autem
2060 1407 2157 1447 me

505 1482 897 1554 admonuisti,
929 1488 988 1539 et
1013 1482 1097 1538 uti
1123 1487 1289 1538 tuam
1327 1480 1683 1553 sapientiam
1729 1480 1949 1549 decuit,
1984 1486 2049 1536 ut
2072 1480 2159 1535 fu-

505 1574 628 1628 sius
659 1573 733 1627 de
764 1572 859 1628 his
902 1571 1186 1640 dicerem,
1215 1575 1534 1642 propterea
1562 1569 1726 1640 quod
1759 1569 1947 1624 multa
1976 1569 2034 1623 in
2061 1584 2159 1624 vo-

503 1661 776 1718 luntariis
806 1667 861 1716 et
888 1659 1307 1716 involuntariis
1348 1658 1716 1713 discrimina.
1746 1660 1844 1712 Est
1869 1657 2028 1712 enim
2074 1657 2158 1711 in-

2271 507 2389 557 ῆκεν
2430 498 2496 558 εὶς
2534 503 2591 550 τὸ
2634 496 3055 572 παραδέξασθαι.
3095 498 3159 552 Ἢ
3186 519 3240 551 τε
3268 502 3369 574 γὰρ
3399 502 3588 571 ἄγνοια
3627 510 3876 573 συγγνὼ-

2269 608 2370 659 μης
2422 587 2600 649 ἀξίους
2656 589 2843 649 αὐτοὺς
2895 596 3051 653 ποιεῖ,
3103 593 3193 640 καὶ
3252 593 3309 640 τὸ
3362 589 3593 642 ἑκούσιον
3643 600 3737 652 τῆς
3788 592 3876 655 ἐξ-

2270 680 2613 750 αγορεύσεως,
2644 682 2731 729 καὶ
2774 680 2803 735 ἡ
2858 680 3150 749 παρατασις
3192 676 3241 728 ἐν
3280 681 3513 750 τοσούτῳ
3552 686 3730 753 χρόνῳ
3777 700 3874 751 γε-

2271 772 2476 837 νομένη.
2526 762 2725 837 Σχεδὸν
2774 769 2874 837 γὰρ
2930 766 3048 823 ὅλην
3091 769 3265 837 γενεὰν
3317 766 3589 842 ἀνθρώπου
3635 767 3873 841 παρεδό-

2273 856 2439 912 θησαν
2496 864 2568 925 τῷ
2626 863 2843 927 Σατανᾷ,
2898 859 2979 907 ἱνα
3027 852 3356 908 παιδευθῶσι
3394 862 3465 928 μὴ
3521 857 3871 930 ἀσχημονεῖν.

2268 943 2429 997 Ὠστε
2476 944 2715 997 κέλευσον
2766 945 2956 1005 αὐτοὺς
3006 942 3112 1002 ἤδη
3172 944 3526 1018 ἀνυπερθέτως
3582 943 3867 1018 δεχθῆναι,

2268 1032 2503 1105 μάλιστα
2542 1034 2585 1085 εἰ
2623 1039 2711 1085 καὶ
2757 1030 2965 1106 δάκρυα
3011 1036 3201 1104 ἔχουσι
3244 1029 3592 1085 δυσωποῦντα
3638 1055 3733 1087 σου
3773 1042 3870 1093 τὴν

2270 1122 2684 1194 εὐσπλαγχνιαν,
2736 1128 2826 1174 καὶ
2888 1121 3005 1194 βίον
3073 1119 3457 1174 ἐπιδείκνυνται
3517 1123 3661 1185 ἄξιον
3731 1144 3873 1196 συμ-

2269 1214 2507 1273 παθείας.

2340 1301 2416 1355 Η.
2456 1301 2513 1353 Ὀ
2570 1300 2717 1372 ἀξίνῃ
2771 1303 2915 1373 παρά
2968 1303 3055 1352 τὸν
3120 1301 3281 1371 θυμὸν
3340 1302 3474 1352 κατὰ
3523 1307 3619 1362 τῆς
3680 1300 3871 1354 ἑαυτοῦ

2266 1398 2492 1461 γαμετῆς
2566 1391 2902 1462 χρησάμενος
2969 1392 3143 1459 φονεύς
3226 1388 3359 1440 ἐστι·
3432 1390 3612 1451 Καλῶς
3678 1387 3738 1443 δέ
3806 1411 3873 1462 με

2268 1481 2570 1550 ὑπέμνησας
2624 1484 2712 1530 καὶ
2769 1478 2925 1540 ἀξίως
2982 1485 3077 1539 τῆς
3134 1486 3355 1530 σεαυτοῦ
3412 1482 3659 1539 συνέσεως
3709 1480 3870 1532 εἰπεῖν

2266 1573 2383 1639 περὶ
2432 1570 2623 1619 τούτων
2676 1567 3031 1640 πλατύτερον
3065 1563 3206 1619 διότι
3253 1567 3433 1619 πολλαὶ
3482 1567 3532 1619 ἐν
3560 1575 3670 1628 τοῖς
3718 1569 3871 1620 ἐκου-

2269 1661 2401 1718 σίοις
2456 1662 2545 1707 καὶ
2612 1654 2882 1718 ἀκουσίοις
2945 1653 3216 1729 διαφοραι.
3277 1656 3549 1709 Ἀκουσιον
3612 1659 3703 1729 μὲν
3761 1660 3869 1729 γὰρ

505 1750 910 1806 voluntarium
957 1749 1230 1817 omnino,
1263 1752 1320 1803 et
1346 1747 1526 1816 longe
1555 1764 1590 1801 a
1619 1746 1869 1802 consilio
1896 1748 1945 1816 ej
1960 1763 2023 1800 us
2052 1746 2151 1818 qui

2268 1745 2377 1797 ἐστι
2425 1744 2684 1805 παντελῶς
2732 1749 2820 1796 καὶ
2858 1744 3033 1819 πόρῥώ
3079 1752 3169 1796 τοῦ
3212 1745 3555 1818 κατάρξαντος
3591 1750 3667 1814 τὸ,
3708 1743 3868 1796 ἀκον-

504 1839 745 1911 incepit,
770 1842 1092 1905 remotum,
1126 1838 1273 1893 dum
1300 1837 1452 1907 lapis
1480 1836 1697 1907 jacitur
1728 1835 1788 1890 in
1819 1852 2030 1890 canem
2054 1837 2159 1889 aut

507 1928 806 1995 arborem,
852 1927 1162 1983 hominem
1218 1926 1527 1994 attingere.
1570 1925 1942 1996 Propositum
1994 1924 2156 1979 enim

505 2016 885 2072 fuitbestiam
911 2015 1269 2088 propulsare
1301 2019 1403 2069 aut
1430 2013 1691 2068 fructum
1721 2018 2023 2068 excutere:
2052 2012 2157 2067 sed

506 2105 690 2160 ictum
718 2105 961 2159 fortuito
988 2103 1167 2158 subiit
1196 2102 1299 2174 qui
1330 2101 1625 2157 transiens
1663 2100 1939 2163 occurrit,
1970 2117 2157 2173 quare

504 2194 621 2249 hoc
646 2192 1118 2248 involuntarium
1145 2197 1252 2246 est.
1284 2193 1349 2246 Et
1376 2189 1523 2245 illud
1553 2204 1796 2260 quoque
1818 2189 2157 2245 involunta-

506 2283 662 2337 rium
707 2285 815 2346 est,
848 2282 897 2335 si
943 2280 1080 2352 quis
1123 2280 1329 2335 volens
1372 2279 1638 2351 aliquem
1682 2278 1997 2347 castigare,
2029 2278 2158 2334 loro

506 2369 599 2425 vel
628 2369 797 2437 virga
819 2384 941 2423 non
962 2369 1116 2425 dura
1142 2384 1281 2423 eum
1309 2368 1618 2439 percutiat,
1644 2366 1931 2422 moriatur
1956 2372 2157 2422 autem

504 2458 611 2529 qui
640 2472 967 2528 percussus
1007 2460 1114 2512 est.
1145 2457 1523 2527 Propositum
1560 2456 1720 2511 enim
1756 2456 1852 2510 hic
1884 2455 2158 2510 conside-

505 2550 691 2614 ratur,
716 2546 891 2616 273
924 2545 1069 2616 quia
1096 2550 1449 2617 peccantem
1477 2545 1773 2613 corrigere
1800 2545 2005 2613 voluit,
2032 2559 2156 2599 non

505 2635 865 2691 interimere.
892 2637 1256 2690 Recensetur
1280 2638 1337 2690 et
1364 2633 1513 2688 illud
1550 2633 1703 2689 inter
1731 2633 2155 2700 involuntaria,

507 2740 647 2779 cum
676 2724 811 2794 quis
842 2723 903 2778 in
933 2738 1141 2795 pugna
1167 2722 1430 2793 aliquem
1451 2722 1616 2791 ligno
1643 2722 1737 2777 vel
1759 2738 1944 2777 manu
1973 2721 2159 2793 repel-

504 2811 655 2877 lens,
679 2827 799 2867 non
832 2826 1013 2883 parce
1042 2811 1104 2865 in
1130 2811 1467 2882 przecipuas
1494 2815 1692 2881 partes
1718 2811 1901 2866 ictum
1925 2814 2158 2883 torquet

508 2904 573 2955 ut
602 2914 741 2954 eum
784 2898 985 2964 laedat,
1016 2914 1137 2954 non
1169 2902 1233 2954 ut
1261 2898 1510 2954 omnino
1535 2897 1867 2953 interﬁciat.
1905 2899 2016 2954 Sed
2044 2900 2158 2953 hoc

503 2987 748 3059 quidem
769 2986 996 3042 accedit
1018 2985 1097 3041 ad
1113 2985 1536 3041 voluntarium.
1554 2987 1664 3051 Qui
1680 2987 1838 3041 enim
1858 2986 2156 3057 ejusmodi

504 3076 901 3130 instrumento
928 3074 1007 3129 ad
1046 3090 1107 3129 se
1137 3073 1587 3129 defendendum
1628 3091 1777 3129 usus
1806 3081 1913 3140 est,
1936 3074 2026 3129 vel
2051 3074 2156 3145 qui

503 3179 627 3218 non
653 3179 833 3235 parce
876 3162 1061 3217 ictum
1104 3161 1337 3227 inﬂixit,
1368 3161 1555 3232 liquet
1580 3177 1718 3216 eum
1749 3162 1885 3217 ideo
1924 3162 2155 3217 homini

503 3266 627 3305 non
658 3250 1020 3321 pepercisse,
1062 3250 1229 3321 quod
1270 3249 1359 3305 ira
1388 3251 1578 3305 victus
1602 3249 1799 3306 fuerit.
1844 3251 1935 3306 Sic
1966 3256 2022 3305 et
2050 3250 2154 3322 qui

502 3338 672 3408 gravi
694 3337 880 3408 ligno,
900 3344 955 3394 et
974 3339 1077 3410 qui
1098 3338 1296 3410 lapide
1315 3338 1567 3409 majore,
1589 3355 1776 3411 quam
1799 3354 1908 3411 pro
1930 3339 2154 3395 viribus

501 3426 809 3493 humanis,
859 3442 1007 3481 usus
1054 3433 1164 3497 est,
1208 3427 1271 3483 in
1316 3427 1732 3483 involuntariis
1780 3433 2149 3498 numeratur,

503 3520 569 3570 ut
592 3513 738 3587 quid
776 3514 941 3570 aliud
970 3514 1248 3584 voluerit,
1276 3514 1440 3571 aliud
1470 3515 1692 3572 fecerit.
1719 3519 1867 3572 Nam
1906 3534 2031 3589 prae
2063 3518 2152 3574 ira

498 3604 685 3660 ictum
718 3603 895 3659 talem
925 3602 1144 3672 intulit,
1175 3609 1239 3659 ut
1268 3604 1449 3659 etiam
1478 3620 1836 3675 percussum
1862 3606 2152 3662 interﬁce-

497 3699 613 3761 ret;
642 3707 1024 3765 quamquam
1051 3691 1201 3749 forte
1229 3693 1291 3748 in
1321 3692 1524 3749 animo
1546 3693 1810 3750 habebat
1838 3710 1977 3750 eum
2008 3711 2151 3750 con-

500 3790 711 3852 terere,
737 3799 862 3839 non
900 3788 1102 3839 autem
1132 3783 1383 3839 omnino
1419 3784 1777 3839 interimere.
1808 3786 1918 3849 Qui
1948 3791 2151 3841 autem

497 3889 638 3929 ense
688 3873 781 3928 vel
822 3874 1039 3945 quavis
1085 3888 1147 3929 re
1189 3873 1368 3929 simili
1396 3889 1541 3928 usus
1568 3879 1677 3939 est,
1708 3874 1940 3930 nullam
1968 3875 2152 3931 habet

498 3962 948 4017 excusationem
974 3982 987 4019 :
1018 3966 1073 4018 et
1103 3963 1387 4027 maxime,
1420 3962 1523 4033 qui
1560 3964 1819 4018 securim
1850 3964 2151 4034 jaculatus

498 4054 605 4105 est.
638 4051 1013 4107 Manifestum
1043 4057 1133 4107 est
1159 4052 1319 4107 enim
1347 4051 1516 4106 illum
1546 4069 1735 4108 manu
1760 4070 1880 4108 non
1911 4071 2149 4125 percus-

498 4139 671 4206 sisse,
703 4137 786 4193 ita
815 4142 879 4193 ut
907 4138 1091 4193 ictum
1122 4139 1202 4194 ad
1232 4139 1546 4195 arbitrium
1576 4141 1873 4196 moderari
1907 4148 2145 4213 posset:

499 4224 603 4280 sed
633 4224 939 4295 jaculatus
965 4229 1071 4293 est,
1096 4225 1178 4280 ita
1207 4230 1272 4280 ut
1299 4231 1353 4282 et
1378 4227 1667 4295 gravitate
1696 4228 1831 4283 ferri
1852 4234 1909 4284 et
1937 4230 2064 4286 acie
2094 4236 2149 4287 et

496 4316 665 4368 motu
697 4328 727 4367 e
754 4312 1089 4385 longinquo
1130 4312 1282 4369 ictus
1325 4316 1669 4371 necessario
1698 4316 1930 4373 lethalis
1958 4318 2145 4376 fieret.

494 4405 720 4459 Rursus
745 4408 948 4459 autem
977 4403 1227 4461 omnino
1257 4410 1345 4461 est
1368 4405 1792 4469 voluntarium,
1816 4424 1887 4464 ac
1916 4409 2145 4466 nullam
2178 4447 2222 4501 ο

492 4489 726 4547 habens
754 4492 1212 4563 dubitationem,
1244 4494 1409 4565 quod
1436 4493 1501 4549 ﬁt
1530 4511 1568 4550 a
1611 4494 1968 4563 latronibus,
1999 4504 2056 4555 et
2083 4500 2143 4555 in

492 4577 722 4635 bellicis
764 4579 1234 4637 incursionibus.
1268 4582 1335 4638 Hi
1371 4582 1532 4638 enim
1575 4588 1820 4656 propter
1856 4588 2145 4658 pecunias

495 4740 746 4812 Basilius
776 4759 878 4797 eos
911 4741 1044 4812 fere
1082 4741 1333 4800 hominis
1373 4751 1604 4802 atatem
1630 4748 1863 4803 Satanae
1896 4750 2144 4806 traditos

491 4811 697 4893 fuisse.
730 4817 816 4893 At
839 4811 985 4893 aetas
1024 4815 1284 4893 hominis
1314 4817 1503 4893 (γενεά)
1538 4834 1696 4889 saepe
1731 4836 2027 4893 annorum
2055 4823 2140 4877 vi-

492 4885 638 4964 ginti
667 4886 860 4964 spatio
892 4885 1296 4964 existimatur:
1330 4885 1491 4964 velut
1530 4885 1667 4964 cum
1708 4890 1790 4946 ait
1820 4892 2141 4964 Dionysius

490 4954 949 5035 alexandrinus‘
978 4956 1141 5035 apud
1182 4958 1535 5035 Eusebium,
1569 4960 1671 5016 lib.
1722 4978 1841 5035 γιι.⁸
1870 4954 2003 5035 cap.
2049 4969 2137 5031 2t,

490 5026 787 5106 lhsraelitas.
815 5027 874 5081 in
916 5026 1159 5106 deserto
1185 5029 1365 5106 fuisse
1396 5030 1634 5106 duabus
1666 5026 1962 5089 aetatibus:
2009 5026 2141 5106 Ipse

490 5096 743 5183 gasilius
775 5097 835 5179 in
857 5098 1108 5179 epistola
1136 5104 1259 5183 201ἶ
1292 5103 1682 5183 qum‘scripta
1710 5110 1795 5158 cst
1825 5121 1986 5160 anno
2013 5096 2137 5183 3:75,

487 5170 997 5242 l‘ieoc_msarienses
1030 5170 1268 5226 incusat
1294 5170 1457 5242 quod
1491 5170 1603 5227 sibi
1633 5175 1758 5242 jam
1805 5181 1986 5230 totam
2020 5170 2139 5233 fere

486 5238 748 5313 hominis
772 5244 1008 5313 aetatem
1040 5238 1463 5313 succenseant;
1493 5238 1649 5313 quos
1676 5250 1879 5301 tamen
1911 5263 2029 5302 non
2060 5248 2140 5304 ita

486 5311 720 5382 pridem
760 5312 1352 5382 amicosﬂhabuerat,
1396 5329 1464 5367 ac
1507 5311 1669 5369 anno
1718 5320 1841 5377 368.
1891 5320 2140 5375 Musonii

485 5380 679 5438 morte
708 5381 959 5437 afﬂictos
994 5380 1201 5437 litteris
1224 5383 1603 5438 amicissimis
1632 5388 1976 5444 consolatus
2014 5390 2138 5445 fue-

486 5458 595 5507 rat.
630 5453 965 5529 Smculurn
993 5453 1159 5523 apud
1210 5454 1448 5529 Latinos
1492 5470 1614 5510 non
1662 5472 1898 5529 semper
1941 5461 2135 5517 stricte

486 5525 778 5607 sumitur;
810 5524 972 5607 velut
1009 5524 1277 5607 cumnait
1301 5524 1813 5607 _liieronymus_in
1853 5531 2025 5607 epist.
2064 5536 2134 5589 27

486 5592 569 5651 ad
608 5592 984 5666 Marcellam,
1016 5594 1078 5654 in
1125 5594 1337 5656 Christi
1371 5592 1570 5676 verbis
1603 5592 1977 5673 explicandis
2015 5617 2133 5677 per

2264 1840 2487 1886 τίσαντα
2525 1840 2637 1902 (59)
2686 1835 2827 1886 λίθον
2878 1834 2960 1886 ἐπί
3016 1837 3147 1885 κύνα
3206 1835 3235 1892 ἡ
3299 1831 3537 1907 δένδρον,
3589 1833 3866 1908 ἀνθρώπου

2264 1930 2466 1994 τυχεῖν.
2512 1923 2567 1976 Ἠ
2617 1927 2706 1995 μὲν
2759 1927 2859 1994 γὰρ
2914 1924 3047 1997 ὁρμὴ
3099 1920 3157 1980 ἦν
3204 1926 3262 1974 τὸ
3311 1924 3488 1995 θηρίον
3542 1921 3866 1994 ἀμύνασθαι,

2266 2013 2295 2069 ἡ
2351 2016 2436 2062 τὸν
2485 2016 2682 2085 καρπὸν
2731 2020 3044 2063 κατασείσαι
3074 2033 3086 2043 ’
3138 1996 3323 2068 ὑπέϐηι
3352 2008 3410 2064 δε
3448 2012 3755 2083 αὐτομάτως
3799 2020 3864 2083 τῇ

2265 2100 2438 2171 πληγῇ
2481 2104 2617 2151 κατά
2652 2098 2885 2172 πάροδον
2918 2102 2942 2152 ὸ
2981 2108 3295 2172 παραπεσὼν
3326 2122 3337 2133 ο
3372 2103 3503 2152 ὥστε
3534 2105 3592 2152 τὸ
3632 2109 3869 2152 τοιοῦτον

2268 2189 2533 2241 ἀκούσιον.
2591 2189 2865 2241 Ἀκούσιον
2926 2194 3100 2260 μέντοί
3164 2194 3254 2241 καὶ
3316 2192 3360 2240 εἷ
3414 2209 3495 2249 τις
3558 2187 3869 2260 βουλόμενος

2266 2278 2581 2351 ἐπιστρέψαι
2610 2281 2744 2344 τινὰ,
2793 2280 2970 2349 ἱμάντι
3021 2278 3049 2335 ἡ
3091 2273 3276 2351 ῥάϐδῳ
3306 2281 3376 2348 μὴ
3422 2276 3626 2350 σκληρᾷ
3655 2280 3866 2342 τύπτοι,

2268 2366 2501 2437 ἀποθάνῃ
2551 2362 2608 2418 δὲ
2656 2368 2680 2417 ὁ
2726 2372 3066 2437 τυπτόμενος.
3105 2365 3161 2418 ’11
3201 2369 3303 2438 γὰρ
3351 2367 3601 2436 πρόθεσις
3646 2362 3873 2417 ἐνταῦθα

2269 2462 2563 2521 σκοπεῐται,
2610 2456 2691 2506 ὅτι
2736 2454 3019 2527 βελτιὼσαι
3066 2454 3312 2512 ἠϐούλετο
3356 2457 3443 2505 τὸν
3482 2454 3867 2527 ἁμαρτάνοντα,

2267 2544 2360 2595 οὐκ
2393 2543 2597 2597 ἀνελεῖν.
2638 2543 2717 2596 Ἐν
2766 2552 2870 2603 τοῖς
2924 2542 3195 2604 ἀκουσίοις
3233 2543 3345 2595 ἐστι
3374 2541 3577 2594 κάκεῖνο
3606 2544 3741 2611 (60),
3784 2547 3865 2604 τό,

2266 2632 2581 2705 ἀμυνόμενον
2633 2653 2749 2684 τινα
2788 2632 2835 2684 ἐν
2884 2636 3035 2704 μάχη
3086 2632 3217 2703 ξύλῳ
3248 2634 3275 2689 ἦ
3310 2637 3476 2705 χειρὶ,
3512 2628 3735 2703 ἀφειδῶς
3779 2631 3865 2683 ἐπὶ

2267 2725 2330 2773 τα
2374 2727 2555 2794 καίρια
2604 2726 2692 2778 τὴν
2734 2720 2936 2791 πληγὴν
2969 2722 3207 2790 ἐνεγκεῖν,
3244 2723 3375 2771 ὥστε
3413 2728 3654 2771 κακῶσαι
3685 2719 3863 2783 αὐτὸν,

2266 2812 2370 2882 οὐχ
2403 2814 2535 2863 ὥστε
2566 2811 2823 2872 παντελῶς
2867 2810 3074 2864 ἀνελεῖν.
3118 2809 3271 2861 Ἀλλὰ
3309 2817 3462 2861 τοῦτο
3502 2806 3611 2866 ἤδη
3643 2827 3866 2881 προσεγι

2264 2902 2403 2970 γίζει
2452 2908 2523 2969 τῷ
2574 2900 2813 2969 ἑκουσίῳ.
2864 2900 2922 2951 Ὀ
2966 2900 3066 2972 γὰρ
3117 2901 3351 2968 τοσούτῳ
3390 2900 3723 2971 χρησάμενος
3773 2898 3865 2968 ὀρ-

2265 2992 2405 3059 γάνῳ
2448 2992 2580 3062 πρὸς
2623 2990 2842 3059 οἰμυναν,
2876 2988 2904 3045 ἡ
2940 2990 2965 3038 ὁ
3015 2992 3085 3059 μὴ
3128 2992 3477 3059 πεφεισμένως
3512 2990 3607 3043 τὴν
3655 2985 3868 3056 πληγὴν

2194 3101 2233 3153 C
2266 3077 2559 3147 ἐπαγαγὼν,
2608 3074 2768 3137 δῆλός
2822 3076 2955 3141 ἐστι,
2991 3074 3083 3128 διὰ
3128 3079 3186 3127 τὸ
3240 3076 3593 3149 κεκρατῆσθαι
3631 3076 3730 3126 υπὸ
3772 3082 3868 3125 τοῦ

2263 3169 2482 3226 πάθους,
2534 3162 2760 3237 ἀφείδῶν
2796 3174 2887 3218 τοῦ
2932 3165 3226 3238 ἀνθρώπου.
3270 3164 3490 3235 Ὀμοίως
3531 3169 3620 3215 καὶ
3662 3165 3687 3214 ὁ
3728 3163 3869 3234 ξύλῳ

2265 3254 2438 3327 βαρεῖ,
2472 3260 2561 3307 καὶ
2613 3256 2638 3306 ὁ
2685 3255 2811 3325 λίθῳ
2860 3255 3059 3327 μείζονι
3088 3262 3185 3314 τῆς
3231 3250 3498 3325 δυνάμεως
3535 3261 3629 3313 τῆς
3669 3251 3870 3326 ἀνθρω·

2262 3349 2414 3405 πίνης
2459 3346 2818 3418 χρησάμενος,
2854 3351 2963 3404 τοῖς
3012 3342 3283 3403 ἀκουσίοις
3326 3342 3694 3415 ἐναριθμεῑται,
3740 3341 3867 3392 οἵ).λο

2262 3438 2351 3503 μέν
2398 3452 2449 3483 τι
2480 3435 2594 3503 (61)
2646 3432 3015 3505 προελόμενος,
3062 3431 3185 3483 ἄλλο
3234 3428 3293 3483 δέ
3344 3450 3395 3481 τι
3442 3434 3688 3489 ποιήσας.
3738 3430 3864 3481 ’Υπο

2260 3524 2359 3595 γὰρ
2409 3529 2501 3573 τοῦ
2554 3524 2719 3592 θυμοῦ
2775 3524 3017 3578 τοιαύτην
3078 3525 3259 3591 ἤνεγκε
3306 3522 3399 3577 τὴν
3445 3518 3673 3591 πληγὴν,
3732 3522 3863 3571 ὥστε

2262 3610 2469 3679 ἀνελεῖν,
2530 3614 2616 3662 τὸν
2668 3610 2966 3680 πληγέντα·
3018 3615 3189 3661 καίτοι
3247 3611 3275 3666 ἡ
3338 3604 3546 3665 σπουδὴ
3609 3604 3671 3665 ἦν
3720 3608 3862 3677 αὐτῲ

2262 3699 2540 3771 συντρίψαι
2566 3703 2754 3770 τυχὸν,
2783 3700 2910 3770 οὐχὶ
2950 3695 3009 3750 δὲ
3038 3703 3127 3750 καὶ
3166 3696 3419 3749 παντελών
3451 3700 3769 3749 θανατῶσαι.
3804 3698 3863 3748 Ὁ

2260 3792 2435 3860 μέντοι
2481 3788 2613 3859 ξίφει
2660 3790 3027 3861 χρησάμενος,
3074 3788 3103 3846 ἦ
3152 3789 3386 3857 ᾡτινιοῦν
3424 3788 3663 3856 τοιούτῳ,
3698 3782 3863 3837 οὐδε-

2258 3882 2383 3949 μίαν
2440 3880 2552 3948 ἔχει
2608 3882 2963 3950 παραίτησινο
3018 3881 3107 3927 καί
3162 3875 3393 3947 μάλιστα
3440 3876 3465 3925 ὁ
3519 3878 3614 3931 τὴν
3678 3872 3861 3935 ἀξίνην

2259 3966 2556 4026 ἀκοντίσας.
2602 3972 2700 4018 Καὶ
2731 3969 2832 4039 γὰρ
2864 3962 2986 4017 οὐδὲ
3020 3964 3119 4017 ἀπὸ
3158 3968 3341 4039 χειρὸς
3372 3968 3602 4035 φαίνεται
3632 3963 3858 4033 πλήξας,

2259 4059 2392 4107 ὥστε
2449 4058 2505 4107 τὸ
2563 4058 2748 4127 μέτρον
2808 4062 2903 4115 τῆς
2959 4055 3164 4124 πληγῆς
3222 4052 3297 4105 ἐπ’
3348 4053 3487 4121 αὐτῷ
3545 4049 3697 4121 εἶναι,
3748 4050 3858 4102 ἀλλ’

2259 4146 2552 4213 ἡκόντισεν,
2594 4146 2728 4203 ᾧστε
2771 4149 2860 4196 καὶ
2907 4151 2978 4212 τῷ
3029 4141 3181 4215 βάρει
3219 4149 3311 4194 τοῦ
3358 4138 3607 4214 σιδήρου,
3658 4144 3745 4191 καὶ
3796 4148 3855 4211 τῇ

2259 4232 2423 4306 ἀκμῇ,
2470 4239 2559 4285 καὶ
2610 4240 2672 4305 τῇ
2736 4230 2827 4285 ὃιά
2882 4232 3128 4285 πλείστου
3188 4238 3337 4303 φορᾷ,
3398 4232 3631 4305 ὀλεθρίαν
3692 4228 3860 4299 ἀναγ-

2258 4329 2419 4385 καίως
2482 4328 2575 4381 τὴν
2641 4322 2847 4393 πληγὴν
2908 4323 3169 4393 γενέσθαι.
3232 4320 3502 4373 Ἐκούσιον
3579 4315 3637 4370 δὲ
3704 4318 3860 4371 πάλιν

2256 4413 2533 4480 παντελῶς,
2580 4417 2668 4465 καὶ
2716 4408 2966 4484 οὐδεμίαν
3026 4410 3335 4483 ἀμφιϐολίαν
3389 4412 3531 4481 ἕχον,
3584 4409 3692 4460 οἷον
3746 4411 3855 4460 ἐστι

2254 4507 2312 4555 τὸ
2362 4511 2460 4555 τῶν
2503 4502 2706 4575 λῃστῶν
2746 4507 2835 4554 καὶ
2872 4506 2931 4553 τὸ
2969 4510 3068 4553 τὼν
3102 4500 3390 4572 πολεμικῶν
3430 4494 3651 4569 ἐφόδων,
3696 4498 3854 4549 Οὗτοι

2254 4596 2343 4663 μὲν
2382 4595 2483 4665 γὰρ
2526 4588 2619 4644 διὰ
2660 4596 2919 4666 χρήματα
2967 4588 3263 4664 ἀναιροῦσι,
3310 4592 3395 4641 τὸν
3443 4587 3661 4657 aer/low
3724 4590 3852 4638 απο-

2256 4758 2427 4809 lanta
2440 4754 2575 4823 jam
2602 4753 2821 4808 saecula
2852 4756 3159 4807 tantorum
3194 4750 3434 4823 ingenia
3463 4746 3744 4823 sudasse:
3763 4744 3853 4800 vel

2254 4841 2392 4879 cum
2423 4818 2632 4879 auctor
2665 4823 2798 4878 libri
2827 4825 2911 4877 De
2948 4818 3371 4891 rebaptz'sniate
3393 4820 3452 4874 in
3480 4818 3857 4889 Cyprianum

2252 4896 2430 4951 tacito
2477 4896 2721 4949 nomine
2757 4894 3074 4961 invehitur,
3106 4892 3272 4965 quod
3316 4893 3603 4965 adversus
3645 4892 3852 4957 prisca

2252 4968 2525 5022 consulta
2547 4972 2681 5034 post
2706 4971 2788 5021 tot
2815 4963 3167 5021 saeculorth
3194 4969 3424 5017 tantam
3446 4963 3651 5017 seriem
3684 4976 3852 5015 nunc

2247 5042 2511 5106 primum
2563 5043 2804 5105 repente
2854 5038 2981 5091 sine
3028 5038 3264 5090 ratione
3306 5035 3595 5101 insurgat,
3626 5047 3688 5101 p.
3723 5035 3849 5085 357.

2256 5113 2331 5163 De
2388 5108 2503 5163 hoc
2555 5124 2697 5175 ergo
2752 5108 2990 5176 triginta
3046 5122 3347 5161 annorum
3410 5118 3667 5158 numero
3725 5116 3852 5158 non

2250 5196 2480 5252 paucos
2507 5176 3462 5252 deducendosessecrediderim.

2320 5253 2429 5319 (59)
2474 5251 2864 5304 Ἀκοντίσαντα.
2901 5249 2990 5305 Sic
3023 5247 3292 5321 plerique
3330 5263 3482 5302 mss.
3514 5244 3669 5301 Editi
3702 5242 3853 5294 ἄκον-

2249 5324 2481 5382 τίζοντα.

2322 5398 2430 5461 (60)
2474 5392 2709 5448 Κάκεῖνο.
2762 5392 2913 5450 Editi
2958 5391 3193 5449 addunt
3230 5392 3437 5463 ὁμοίως,
3467 5386 3637 5462 quod
3681 5386 3859 5442 deest

2247 5464 2307 5519 in
2338 5464 2622 5519 omnibus
2652 5481 2797 5519 mss.

2321 5538 2429 5608 (761)
2463 5535 2626 5608 fano
2655 5540 2745 5608 μέν
2766 5555 2839 5603 τι,
2862 5539 2974 5593 etc.
3000 5534 3092 5608 Sic
3122 5533 3556 5608 pleriquemss.
3583 5529 3855 5608 codices.

2243 5599 2395 5666 Editi
2417 5599 2550 5661 ἄλλο
2578 5599 2671 5685 μέν
2702 5599 2902 5683 “reg-et
2937 5599 3145 5680 paulo"
3159 5599 3313 5681 post'
3335 5603 3459 5658 ἄλλο
3498 5599 3560 5657 δὲ
3597 5606 3857 5662 ποιήσας.
