4062 6214
1025 325 1513 384 EPISTOLARUM
1553 325 1837 383 CLASSIS
1875 328 1942 381 Il.
1984 325 2199 382 EPIST.
2241 326 2604 383 CLXXXVIII.
3393 331 3498 384 678

167 458 420 527 φεύγοντες·
465 451 512 503 οἱ
543 470 594 504 τε
643 450 692 502 ἐν
743 459 848 512 τοῖς
895 450 1134 524 πολέμοις
1188 450 1271 502 ἐπὶ
1329 454 1508 523 φόνους
1567 452 1747 523 ἔρχον-

1862 447 2222 515 interimunt,
2257 453 2539 505 caventes
2566 464 2642 505 ne
2705 447 3139 506 convincantur
3171 470 3184 504 :
3211 455 3267 506 et
3304 451 3409 522 qui
3441 451 3504 506 in

166 565 259 610 ται,
317 545 424 593 οὔτε
492 539 760 612 φοϐῆσαι,
825 544 942 593 οὔτε
1001 545 1342 615 σωφρονίσαι,
1389 539 1498 592 ἀλλ’
1557 539 1745 592 ἀνελεῖν

166 638 272 692 τοὺς
325 630 730 702 ἐναντιουμένους
761 634 874 700 (6'2)
903 629 956 681 ἐκ
1017 639 1108 681 του
1175 638 1390 704 φανεροῦ
1455 631 1745 703 προαιρου-

168 741 309 792 μῖιοι.
354 723 448 771 Καὶ
485 723 678 789 μέντοι,
703 721 798 770 κοῖν
845 715 920 770 δι’
967 718 1122 776 ἄλλην
1163 722 1278 770 τινὰ
1336 719 1506 770 αἰτίαν
1538 723 1744 790 περίερ-

163 829 241 880 γον
298 809 559 880 φάρμακον
624 827 707 868 τις
772 809 1030 881 ἐγκεράσῃ
1063 849 1076 873 ,
1141 805 1287 880 ἀνέλῃ
1356 804 1435 873 δὲ,
1506 806 1744 857 ἑκούσιον

165 897 386 966 τιῦεμεοα
426 897 482 945 τὸ
522 902 773 946 τοιοῦτον·
809 896 913 946 οἷον
959 903 1199 947 ποιοῦσιν
1253 897 1306 947 αἱ
1343 902 1580 966 γυναῖκες
1622 894 1747 946 πολ-

162 986 309 1052 lixa,
335 979 607 1045 ἐπαοιδαῖς
655 1003 768 1035 τισι
818 988 908 1036 καὶ
952 981 1305 1056 καταδέσμοις
1351 987 1480 1056 πρὸς
1522 987 1581 1034 τὸ
1631 983 1745 1035 ἐαυ-

165 1081 249 1125 τῶν
294 1071 497 1142 φίλτρον
547 1072 832 1143 ἐπάγεσῦαι
883 1093 1020 1132 τινας
1079 1079 1411 1147 πειρώμεναι,
1445 1077 1534 1124 καὶ
1574 1091 1746 1146 προσ-

167 1159 398 1214 διὸοῦσαι
455 1161 632 1222 αὐτοῖς
679 1164 947 1234 φάρμακα,
975 1166 1232 1213 σκότωσιν
1282 1162 1595 1234 ἐμποιοῦντα
1630 1169 1746 1223 ταῖς

165 1247 424 1309 διανοίαις.
455 1251 519 1301 Αἰ
575 1258 811 1300 τοιαῦται
855 1253 1023 1302 τοίνυν
1070 1249 1372 1321 ἀνελοῦσαι,
1409 1249 1451 1301 εί
1493 1255 1583 1302 καὶ
1622 1250 1744 1302 οἵ).λο

161 1340 495 1413 προελόμεναι,
546 1339 667 1391 οἱ).λο
716 1339 966 1397 ἐποίησαν
996 1380 1009 1404 ,
1061 1342 1195 1412 ὅμως
1237 1337 1329 1392 διὰ
1376 1343 1433 1392 τὸ
1476 1346 1744 1413 περίεργον

163 1435 236 1480 καὶ
261 1427 678 1502 ἀπηγορευμένον
727 1439 820 1490 τῆς
850 1427 1228 1490 ἐπιτηδεύσεως
1259 1430 1306 1481 ἐν
1343 1437 1448 1490 τοῖς
1495 1429 1746 1491 ἑκουσίως

161 1522 410 1590 esurio-Jac
467 1517 1050 1589 κατα).ογίζονται.Καὶ
1098 1521 1151 1569 αἱ
1200 1523 1369 1570 τοίνυν
1427 1520 1494 1570 τὰ
1545 1517 1747 1590 ἀμϐλω-

161 1604 314 1680 ϐρίδια
343 1603 607 1658 διδοῦσαι
646 1609 896 1681 φάρμακα
944 1610 1239 1681 φονεύτριαί
1288 1608 1390 1660 εἰσι
1437 1613 1526 1660 καὶ
1567 1608 1744 1675 αὑταὶ,

157 1702 230 1748 καὶ
263 1697 310 1746 αἱ
358 1691 652 1767 δεχόμεναι
691 1698 759 1748 τὰ
798 1695 1154 1770 ἑμϐρὺοκτὸνα
1199 1693 1518 1772 δηλητὴρια.
1568 1702 1748 1749 Ταῦτα

156 1790 232 1857 μὲν
259 1785 323 1846 εἰς
344 1793 628 1840 τοσοῦτον.

214 1906 283 1960 ϐ’.
309 1907 363 1959 Ἠ
406 1903 475 1959 δὲ
513 1914 604 1959 τοῦ
651 1911 845 1980 Κυρίου
897 1907 1180 1980 ἀπόφασις,
1215 1911 1350 1960 κατά
1389 1914 1480 1980 μεν
1527 1913 1620 1967 τὴν
1651 1917 1747 1970 τῆς

156 1997 321 2057 Maia;
369 1995 710 2062 ἀκολουθίαν,
738 1997 792 2059 ἐξ
836 2000 954 2048 ἴσου
1002 2003 1091 2050 καὶ
1127 1995 1356 2072 ἀνδράσι
1381 2004 1471 2050 καὶ
1509 1998 1746 2069 γυναιξὶν

153 2085 365 2157 ἁρμόζει,
399 2091 652 2157 περὶτοῦ
700 2089 772 2157 μὴ
817 2086 1004 2148 ἐξεῖναι
1046 2088 1218 2158 γάμου
1266 2086 1594 2153 ἐξίστασθαι,
1617 2106 1746 2160 παρ-

153 2179 273 2234 εκτος
323 2173 489 2244 ὶόγου
551 2179 812 2249 πορνείας.
871 2173 928 2227 Ἡ
981 2171 1040 2226 δὲ
1109 2177 1360 2232 συνήθεια
1416 2176 1522 2246 οὐχ
1587 2174 1747 2236 οὕτως

153 2267 282 2334 ἔχει’
489 2261 574 2316 ἐπὶ
607 2266 698 2335 μὲν
743 2273 843 2316 τῶν
889 2273 1148 2334 γυναικῶν
1206 2264 1397 2322 πολλὴν
1442 2267 1745 2338 εὑρίσκομεν

154 2351 525 2424 ἀκριϐολογίαν,
565 2360 658 2404 τοῦ
721 2356 811 2424 μὲν
879 2352 1200 2405 Ἀποστολου
1256 2352 1507 2424 λέγοντος.
1561 2352 1680 2404 Ὀτι
1719 2354 1746 2404 ὁ

154 2439 453 2512 κολλώμενος
513 2447 575 2499 τῆ
643 2443 904 2514 rapa-{2,52
940 2445 1093 2514 σῶμα
1166 2444 1300 2493 εστι·
1371 2450 1462 2494 του
1495 2438 1554 2493 δὴ
1594 2441 1746 2513 Ἰερε-

157 2535 276 2600 μίου·
329 2530 498 2602 Ὅτι,
571 2530 656 2583 ἐὰν
719 2535 936 2601 γένηται
995 2536 1122 2600 γυνὴ
1195 2528 1349 2604 ἀνδρὶ
1411 2532 1584 2604 ἑτέρῳ,
1653 2531 1748 2582 οὐκ

163 2617 436 2691 ἐπιστρέψει
504 2623 637 2692 πρὸς
699 2622 788 2670 τὸν
854 2616 1024 2693 ἄνδρα
1089 2619 1271 2682 αὐτῆς,
1337 2618 1465 2671 ἀλλα
1538 2639 1747 2691 μιαινο-

162 2709 268 2774 uiua
325 2709 724 2779 μιανθήσεται·
772 2711 861 2758 καὶ
900 2707 1074 2758 πάλιν
1137 2707 1196 2758 Ὀ
1257 2708 1393 2778 ἔχων
1451 2703 1751 2778 μοιχαλίδα

164 2791 308 2865 asp...
352 2801 440 2848 xui
497 2794 717 2856 ἀσεϐής.
747 2788 816 2847 ’Ἡ
864 2792 922 2847 δε
975 2798 1225 2853 συνήθεια
1267 2801 1358 2848 καὶ
1399 2799 1750 2867 μοιχεύοντας

161 2880 332 2955 ἀνδρας
351 2890 439 2936 καί
476 2884 530 2938 ἐν
565 2889 827 2957 πορνείαις
867 2887 1013 2944 ὄντας
1063 2886 1386 2956 κατεχεσθαι
1442 2885 1542 2936 υπὸ
1572 2905 1751 2955 γυναι-

163 2979 246 3021 κῶν
284 2975 646 3044 προστάσσει,
704 2973 855 3032 Ὠςτε
894 2975 922 3030 ἡ
969 2982 1041 3044 τῷ
1086 2972 1335 3045 ἀφειμένῳ
1381 2970 1536 3047 ἀνδρὶ
1582 2992 1753 3024 συνοι-

161 3067 306 3111 κοῦσα
335 3062 428 3113 οὐκ
459 3058 594 3114 οἶδα
625 3061 668 3113 εἰ
698 3058 918 3112 δύναται
957 3061 1202 3133 μοιχαλὶς
1227 3063 1581 3135 χρηματίζειν
1605 3063 1740 3132 (63).

1853 536 2029 593 bellis
2056 537 2134 594 ad
2165 538 2392 593 caedem
2423 538 2713 604 feruntur,
2740 539 2833 594 his
2860 553 2970 594 nec
2995 543 3229 609 terrere,
3266 554 3379 594 nec
3404 555 3504 596 ca.

1854 627 2096 696 stigare,
2130 626 2238 682 sed
2269 626 2649 683 adversarios
2690 627 3020 683 interﬁcere
3060 633 3262 699 apeite
3285 643 3505 700 propo-

1855 716 2038 771 situm
2082 720 2192 772 est.
2218 720 2410 787 Atque
2462 715 2698 771 etiamsi
2745 717 2882 787 quis
2938 721 3180 788 propter
3236 717 3506 789 aliquam

1853 805 2034 860 aliam
2067 820 2316 860 causam
2344 803 2650 860 curiosum
2671 805 3073 876 pharmacum
3104 805 3430 872 miscuerit,
3451 809 3508 861 et

1853 893 2232 960 interfecerit,
2260 892 2324 948 id
2355 909 2463 966 pro
2501 892 2843 949 voluntario
2893 893 3209 964 ducimus;
3247 899 3310 948 ut
3346 910 3507 964 saepe

1852 983 2080 1038 faciunt
2111 983 2412 1046 mulieres,
2433 999 2572 1054 quae
2603 981 2970 1053 quibusdam
2999 981 3507 1036 incantationibus

1853 1075 1910 1126 et
1941 1070 2216 1126 amuletis
2255 1070 2333 1126 ad
2376 1070 2468 1126 sui
2499 1085 2771 1126 amorem
2821 1069 3057 1141 aliquos
3087 1070 3382 1124 attrahere
3410 1085 3506 1124 co-

1852 1165 2089 1229 nantur,
2120 1159 2390 1232 dantque
2411 1160 2495 1215 eis
2521 1159 2858 1232 pharmaca
2895 1158 3202 1215 mentibus
3232 1159 3509 1214 tenebras

1853 1247 2248 1303 offundentia.
2299 1251 2397 1303 Hae
2469 1263 2636 1320 ergo,
2689 1248 2738 1302 si
2795 1247 3219 1314 interfecerint,
3275 1246 3511 1302 etiamsi

1854 1337 2018 1393 aliud
2053 1337 2336 1405 volentes,
2368 1336 2534 1393 aliud
2582 1336 2847 1404 fecerint,
2879 1340 3086 1391 tamen
3144 1342 3387 1408 propter
3412 1353 3512 1391 cu-

1853 1426 2084 1481 riosum
2117 1430 2173 1482 et
2210 1425 2578 1498 prohibitum
2611 1441 2768 1497 opus
2813 1425 2966 1480 inter
3003 1425 3372 1481 voluntarios
3397 1425 3511 1480 ho-

1855 1515 2110 1570 micidas
2135 1519 2512 1587 reputantur.
2541 1516 2745 1586 Itaque
2775 1518 2831 1569 et
2871 1530 3006 1586 qua:
3038 1513 3306 1586 praebent
3333 1514 3511 1585 phar-

1855 1620 2033 1660 maca
2071 1603 2352 1660 abortum
2403 1602 2656 1668 cientia,
2702 1608 2842 1658 sunt
2884 1608 2940 1658 et
2983 1603 3128 1674 ipsa;
3166 1603 3507 1671 homicidae,

1856 1694 2010 1750 sicut
2030 1699 2085 1750 et
2105 1710 2244 1766 quas
2263 1709 2496 1750 venena
2531 1692 2720 1750 fetum
2743 1692 3024 1749 necantia
3049 1692 3510 1765 accipiuntﬂcec

1855 1781 2106 1856 quidem
2135 1782 2256 1838 huc
2286 1797 2499 1854 usque.

1927 1908 2012 1961 1X.
2047 1907 2231 1976 Eque
2253 1904 2394 1960 viris
2413 1907 2472 1960 et
2495 1903 2846 1960 mulieribus
2872 1904 3150 1960 convenit
3171 1904 3511 1960 secundum

1855 1993 2166 2050 sententiae
2199 1993 2691 2050 consecutionem
2720 1993 2887 2065 quod
2908 2009 2946 2048 a
2965 1994 3216 2050 Domino
3246 2009 3512 2065 pronun-

1853 2084 2064 2140 tiatum
2119 2087 2228 2150 est,
2251 2098 2374 2138 non
2429 2082 2606 2138 licere
2655 2099 2694 2138 a
2736 2082 3124 2138 matrimonio
3179 2083 3506 2154 discedere,

1853 2172 1972 2228 nisi
2002 2172 2081 2227 ob
2126 2171 2612 2227 fornicationem.
2636 2171 3018 2226 Consuetudo
3049 2178 3244 2226 autem
3277 2187 3400 2228 non
3428 2173 3512 2228 ita

1855 2279 1917 2317 se
1947 2261 2152 2332 habet,
2176 2260 2284 2316 sed
2321 2260 2676 2316 mulieribus
2722 2259 2972 2332 quidem
3018 2261 3199 2316 multa
3235 2267 3512 2317 accurate

1855 2349 2163 2406 observari
2191 2348 2730 2420 deprehendimus,
2758 2365 2898 2404 cum
2914 2348 3234 2420 Apostolus
3263 2349 3512 2421 quidem

1854 2440 2036 2507 dicat,
2071 2439 2241 2506 Quod
2272 2440 2376 2510 qui
2417 2438 2686 2495 adhaeret
2715 2440 3027 2510 meretrici,
3050 2440 3117 2506 ﬁt
3174 2454 3360 2494 unum
3387 2456 3514 2495 cor-

1854 2544 1966 2598 pus
1989 2529 2034 2564 ‘9
2062 2546 2074 2595 ;
2105 2528 2392 2583 Jeremias
2424 2542 2584 2587 vero.
2605 2527 2774 2593 Quod
2805 2528 2858 2582 si
2889 2529 3081 2596 fuerit
3129 2530 3348 2584 mulier
3377 2545 3512 2584 cum

1854 2619 1979 2672 alio
2006 2618 2156 2681 viro,
2189 2632 2309 2672 non
2333 2623 2672 2673 revertetur
2698 2616 2780 2672 ad
2806 2619 3002 2671 virum
3030 2632 3226 2680 suum,
3256 2618 3360 2672 sed
3379 2620 3514 2686 pot-

1858 2706 1990 2762 luta
2007 2706 2381 2774 polluetur50
2409 2723 2423 2773 ;
2455 2709 2512 2760 et
2540 2705 2779 2771 iterum,
2806 2705 2921 2771 Qui
2944 2705 3117 2761 habet
3145 2706 3513 2776 adulteram,

1856 2796 2079 2851 stultus
2106 2801 2192 2851 est
2223 2800 2278 2850 et
2308 2795 2526 2863 impius
2557 2795 2626 2848 5'.
2668 2793 3054 2850 Consuetudo
3087 2801 3286 2850 autem
3332 2795 3515 2851 etiam

1858 2883 2165 2939 adulteros
2203 2883 2366 2938 viros
2391 2886 2448 2938 et
2468 2883 2530 2937 in
2560 2881 3058 2938 fornicationibus
3089 2888 3395 2938 versantes
3422 2883 3516 2952 ju-

1859 2973 1961 3028 bet
1985 2989 2021 3026 a
2043 2971 2398 3026 mulieribus
2423 2971 2886 3036 retineri.Quare
2915 2987 3051 3041 quas
3075 2985 3197 3026 una
3225 2987 3363 3026 cum
3384 2972 3515 3027 viro

1859 3059 2110 3115 dimisso
2124 3058 2586 3123 habitat,nescio
2602 3073 2679 3114 an
2694 3057 2885 3130 possit
2904 3057 3179 3113 adultera
3201 3057 3512 3129 appellari.

160 3152 218 3200 Τό
253 3153 347 3223 γὰρ
396 3151 643 3222 ἔγκλημα
701 3151 921 3202 ἐνταυοα
966 3160 1058 3212 τῆς
1088 3150 1428 3210 ἆπολυσοίσης
1458 3154 1542 3203 τὸν
1582 3148 1752 3225 οἷνὸρα

1862 3149 2096 3204 Crimen
2125 3148 2286 3203 enim
2320 3147 2418 3202 hic
2449 3146 2684 3216 attingit
2713 3145 3198 3218 mulierem,quae
3223 3146 3402 3218 274
3423 3146 3515 3202 vi-

162 3237 374 3306 ἀπτεται,
415 3241 561 3291 κατὰ
609 3243 764 3290 ποίαν
819 3239 990 3290 αἰτίαν
1033 3243 1147 3307 (64)
1189 3237 1385 3296 ἀπέστη
1425 3248 1517 3290 τοῦ
1555 3242 1750 3310 γάμου.

164 3331 262 3376 Εῐτε
309 3333 396 3379 καὶ
448 3332 774 3399 τυπτομένη,
831 3332 902 3399 μὴ
952 3333 1182 3402 φέρουσα
1222 3330 1334 3398 (65)
1380 3331 1473 3387 τὰς
1526 3327 1751 3398 πληγὰς,

165 3415 412 3487 ὑπομένειν
459 3418 632 3491 ἐχρῆν
681 3417 871 3490 μᾶλλον
919 3417 949 3474 ἢ
1007 3415 1397 3490 διαζευχθῆναι
1447 3425 1537 3469 τοῦ
1586 3437 1754 3469 συνοι-

162 3513 372 3565 κοῦντος·
428 3509 527 3560 εἶτε
597 3512 692 3564 τὴν
757 3507 827 3569 εἰς
878 3510 943 3558 τὰ
990 3514 1249 3580 χρήματα
1302 3506 1495 3577 ζημίαν
1543 3511 1614 3578 μη
1675 3511 1755 3578 φέ-

171 3610 346 3662 ρουσα,
369 3593 486 3648 οὐδὲ
507 3595 639 3653 αῦτη
676 3598 704 3653 ἡ
755 3600 1023 3670 πρόφασις
1057 3595 1346 3668 ἀξιόλογος.
1380 3596 1439 3648 Εἰ
1470 3592 1528 3647 δὲ
1574 3592 1667 3647 διὰ
1695 3599 1754 3647 τὸ

169 3679 215 3730 ἐν
244 3689 440 3754 πορνείᾳ
463 3685 616 3736 αὐτὸν
673 3686 791 3757 ζῇν,
822 3686 916 3737 οὐκ
968 3689 1156 3757 ἔχομεν
1212 3692 1364 3737 τοῦτο
1407 3683 1454 3735 ἐν
1512 3693 1573 3756 τῇ
1636 3703 1756 3736 συν-

169 3771 306 3841 ηθείᾳ
343 3778 399 3843 τῇ
458 3775 871 3848 ἐκκλησιαστικῇ
915 3779 972 3827 τὸ
1038 3781 1416 3848 παρατήρημα·
1486 3773 1614 3826 ἀλλὰ
1668 3779 1757 3826 καὶ

162 3857 367 3912 ἀπίστου
393 3861 588 3936 ἀνδρὸς
627 3865 959 3936 χωρίζεσθαι
987 3864 1046 3916 οὗ
1090 3865 1433 3938 προσετάχθη
1465 3864 1574 3934 (66)
1600 3868 1755 3934 γυνὴ,

163 3947 277 3999 una
331 3958 670 4024 παραμένειν,
722 3949 817 4004 διὰ
865 3956 924 4004 τὸ
982 3949 1180 4009 ἄδηλον
1227 3961 1324 4012 τῆς
1376 3950 1653 4012 ἐκϐάσεως.
1694 3955 1758 4004 Τί

159 4039 248 4110 γάρ
300 4037 473 4108 οἶδας,
543 4044 722 4111 γύναι,
780 4041 822 4093 εἰ
880 4044 965 4093 τὸν
1023 4037 1197 4113 ἄνδρα
1239 4047 1455 4104 σώσειςς
1515 4039 1674 4091 Ὠστε
1722 4041 1752 4097 ἠ

161 4127 532 4198 καταλιποῦσα,
577 4129 842 4201 μοιχαλὶς,
873 4129 915 4182 εἰ
947 4129 1024 4182 ἐπ’
1071 4129 1220 4181 ἄλλον
1276 4125 1423 4186 ἦλθεν
1476 4124 1666 4200 ἄνδρα.
1700 4127 1757 4179 Ὀ

162 4209 210 4265 δε
244 4217 608 4290 καταλειφθεὶς
670 4223 1003 4290 συγγνωστός
1041 4219 1174 4284 ἐστι,
1233 4223 1322 4269 καὶ⁹
1372 4219 1398 4275 ὁ
1440 4224 1759 4268 συνοικοῦσα

158 4311 449 4378 τῲτοιουτῳ
512 4307 576 4360 οὐ
627 4314 1009 4382 κατακρίνεται.
1058 4308 1116 4360 Εἰ
1165 4305 1572 4379 μέντοιὸἀνὴρ,
1633 4305 1758 4357 ἀπο-

162 4395 272 4456 στὰς
299 4404 389 4458 τῆς
417 4399 698 4468 γυναικὸς,
727 4397 803 4449 ἐπ’
837 4397 996 4454 ἄλλην
1054 4393 1196 4466 ἦλθε,
1229 4400 1319 4447 καὶ
1348 4395 1508 4456 αὐτὸς
1535 4399 1754 4467 μοιχὸς,

1859 3255 1996 3294 rum
2023 3237 2272 3304 dimisit,
2296 3252 2564 3308 quanam
2591 3236 2667 3291 de
2697 3251 2882 3293 causa
2907 3252 2942 3292 a
2969 3236 3254 3306 conjugio
3284 3236 3516 3292 disces-

1862 3326 2019 3383 serit.
2051 3326 2184 3382 Sive
2233 3325 2394 3381 enim
2425 3340 2715 3396 percussa
2759 3324 2974 3398 plagas
3007 3339 3133 3380 non
3172 3325 3344 3391 ferat,
3367 3324 3520 3382 ferre

1861 3416 2049 3471 satius
2076 3419 2202 3470 erat
2228 3430 2416 3486 quam
2432 3414 2738 3484 aconjuge
2762 3413 3059 3485 separari:
3078 3413 3202 3468 sive
3221 3413 3520 3470 damnum

1859 3505 1920 3560 in
1948 3504 2222 3576 pecuniis
2248 3519 2370 3559 non
2399 3502 2650 3573 ferat,ne
2670 3502 2799 3558 haec
2820 3502 3069 3574 quidem
3083 3503 3250 3574 justa
3273 3519 3521 3562 excusa-

1860 3593 2084 3650 tio:sin
2115 3597 2339 3660 autem,
2368 3591 2661 3664 quoniam
2690 3591 2819 3664 ipse
2843 3591 2983 3647 vivit
3010 3593 3072 3647 in
3097 3591 3520 3663 fornicatione,

1861 3699 1984 3738 non
2015 3681 2316 3738 habemus
2357 3681 2516 3736 hanc
2546 3680 2608 3735 in
2638 3680 3042 3736 ecclesiastica
3083 3681 3522 3738 consuetudine

1863 3769 2502 3836 observationem,imo
2523 3784 2662 3824 vero
2693 3768 2771 3824 ab
2802 3767 3029 3824 inﬁdeli
3049 3768 3177 3824 viro
3204 3785 3328 3824 non
3343 3770 3523 3840 jussa

1864 3863 1952 3915 est
1971 3857 2187 3913 mulier
2213 3856 2616 3930 separari,sed
2646 3861 2889 3928 propter
2916 3861 3199 3913 eventum
3227 3857 3521 3913 incertum

1863 3962 2199 4003 remanere.
2225 3946 2372 4012 Quid
2411 3947 2570 4002 enim
2615 3946 2750 4013 scis,
2779 3946 3021 4012 mulier,
3050 3960 3131 4002 an
3178 3947 3374 4002 virum
3407 3949 3520 4002 sal-

1864 4053 2004 4094 vum
2026 4037 2105 4092 sis
2127 4037 2374 4105 factura
2403 4035 2450 4069 ⁵³
2472 4035 2500 4089 ?
2530 4035 2744 4099 Quare,
2777 4049 2913 4105 quae
2944 4033 3207 4105 reliquit,
3229 4038 3317 4090 est
3352 4034 3522 4092 adul-

1865 4130 2010 4193 tera,
2037 4125 2085 4180 si
2116 4125 2194 4180 ad
2223 4124 2410 4179 alium
2438 4123 2634 4179 virum
2666 4123 2938 4179 accessit.
2970 4123 3078 4188 Qui
3110 4127 3313 4178 autem
3357 4123 3525 4179 relic-

1863 4218 1960 4270 tus
2011 4217 2120 4280 est,
2178 4212 2400 4282 dignus
2455 4216 2544 4267 est
2571 4212 2768 4282 venia,
2820 4215 2878 4266 et
2923 4227 3059 4284 quae
3111 4228 3235 4268 una
3271 4229 3410 4268 cum
3452 4229 3524 4269 eo

1864 4303 2119 4367 habitat,
2151 4318 2275 4358 non
2305 4301 2765 4358 condemnatur.
2791 4300 2907 4357 Sed
2929 4305 2976 4357 si
2997 4301 3212 4372 vir,qui
3229 4301 3307 4358 ab
3340 4317 3524 4359 uxore

1864 4393 2168 4461 discessit,
2194 4392 2450 4449 accessit
2496 4391 2576 4448 ad
2627 4390 2828 4463 aliam,
2853 4395 2942 4447 est
2989 4394 3047 4447 et
3091 4391 3220 4462 ipse
3268 4391 3521 4460 adulter,

143 4580 156 4608 ,
221 4538 262 4571 ⁸⁵
301 4540 487 4597 lCor.
525 4555 604 4609 v1,
632 4544 718 4598 t6.
794 4541 842 4575 ⁵ο
879 4541 1090 4596 Jerem.
1125 4553 1206 4606 ιιι,
1241 4543 1287 4594 1.
1366 4538 1411 4574 δι
1455 4540 1625 4595 Prov.
1659 4553 1752 4594 xw

1862 4541 1941 4594 22.
2028 4538 2076 4574 5*
2113 4536 2134 4592 Ι
2167 4537 2300 4593 Cor.
2345 4550 2442 4603 vn,
2478 4538 2564 4590 t6.

224 4700 330 4768 (6‘2)
367 4703 505 4760 Τοὺς
570 4698 1005 4770 ἐναντίουμὲνους.
1054 4697 1206 4753 Editi
1265 4697 1454 4758 αὐτοὺς
1485 4697 1752 4770 ,ἐναντιου-

1872 4700 1988 4770 tur,
2011 4693 2290 4770 adulterii
2312 4698 2521 4752 notam
2548 4709 2670 4770 non
2706 4692 2975 4770 effugiat;
3008 4693 3294 4770 dimissus
3319 4697 3524 4753 autem

164 4771 644 4836 ,uéaougjleliusin
660 4769 960 4842 plerisque
982 4785 1286 4840 mss.quos
1309 4769 1496 4826 secuti
1512 4786 1755 4842 sumus.

225 4843 328 4909 (63)
368 4846 764 4915 Χρηματίζειν.
790 4841 876 4898 Ita
899 4841 1018 4897 fere
1045 4856 1258 4896 omnes
1282 4857 1426 4896 mss.
1444 4841 1592 4896 Editi
1615 4861 1759 4915 χρη-

167 4928 388 4976 ματισαι.

224 4984 328 5054 (6i)
380 4987 540 5038 Κατά
574 4989 723 5036 ποίαν
764 4983 956 5038 αἰτίαν.
991 4982 1268 5054 Sequitur
1295 4983 1356 5038 in
1386 4982 1502 5038 hoc
1527 4998 1760 5039 canone

166 5049 398 5126 ljasilius
433 5059 751 5111 Romanas
781 5056 963 5123 leges,
985 5049 1139 5126 quas
1161 5058 1362 5108 tamen
1387 5054 1601 5126 fatetur
1622 5069 1762 5126 cum

170 5122 472 5195 Evangelio
497 5127 708 5182 minus
738 5122 1095 5182 conSentire.
1124 5127 1238 5180 Lex
1270 5125 1645 5181 Constantini
1670 5124 1764 5195 ju-

171 5189 252 5249 bet
275 5189 343 5251 in'
362 5199 624 5268 repudio
655 5199 944 5254 mittendo
976 5213 1010 5252 ιι
1037 5198 1268 5265 femina
1301 5197 1438 5268 haec
1465 5197 1595 5251 sola
1652 5189 1766 5250 Eri-

172 5267 313 5340 mina
350 5267 614 5340 inquiri,
639 5270 693 5324 si
748 5268 1128 5332 homicidam,
1165 5268 1257 5340 vel
1306 5267 1764 5322 medicamenta-

176 5337 325 5408 rium,
376 5337 474 5396 vel
539 5341 959 5408 sepulcrorum
1001 5339 1418 5394 dissolutorem
1475 5340 1762 5393 maritum

179 5420 320 5482 suum
347 5427 474 5466 esse
491 5412 870 5480 probaverit.
893 5415 962 5465 At
987 5409 1200 5482 eadem
1225 5409 1356 5479 lege
1389 5409 1528 5482 viris
1555 5424 1765 5482 conce-

185 5473 398 5548 ditur,ut
427 5473 743 5538 adulteras
774 5497 991 5537 uxores
1013 5473 1338 5536 dimittant.
1359 5479 1531 5535 Aliud
1553 5479 1766 5534 discri-

189 5558 293 5605 men
320 5552 434 5608 hoc
463 5553 530 5608 in
565 5567 799 5609 canone
821 5568 1038 5608 uxores
1060 5552 1214 5608 inter
1240 5556 1296 5607 et
1324 5552 1572 5607 maritos
1594 5549 1764 5609 Doni-

201 5629 269 5688 αι,
292 5624 460 5693 quod
491 5639 651 5681 uxor
678 5624 900 5695 injuste
929 5622 1203 5689 dimissa,
1236 5623 1288 5680 si
1325 5622 1404 5682 ab
1436 5622 1553 5680 alio
1580 5622 1763 5679 duca.-

1871 4767 2090 4837 injuste
2114 4768 2367 4822 maritus
2395 4782 2505 4821 nec
2529 4765 2762 4837 adulter
2787 4766 2877 4836 sit,
2913 4765 2960 4820 si
2982 4765 3164 4822 aliam
3193 4766 3395 4832 ducat,
3415 4783 3526 4824 nec

1871 4835 2008 4910 quae
2057 4838 2134 4910 ab
2193 4853 2265 4892 eo
2321 4835 2898 4910 ducitur,adu_ltera.
2929 4838 3219 4892 Caeterum
3268 4837 3525 4893 Basilius

1870 4908 2008 4965 ante
2038 4908 2456 4979 episcopatum
2485 4909 2698 4979 eodem
2719 4908 2852 4976 jure
2883 4923 3133 4979 uxorem
3146 4924 3216 4963 ac
3242 4910 3526 4964 maritum

1871 4997 2001 5035 esse
2049 4977 2356 5034 censebat.
2388 4981 2536 5049 Nam
2571 4978 2631 5031 in
2670 4977 3008 5034 Moralibus
3039 4995 3163 5049 reg.
3195 4984 3284 5044 73,
3312 4983 3523 5049 p.308,

1873 5050 2077 5105 statuit
2124 5051 2321 5105 virum
2369 5047 2444 5104 ab
2497 5056 2837 5116 u.r:ore,aut
2884 5047 3134 5106 uxorem
3167 5065 3204 5106 a
3233 5047 3363 5106 viro
3402 5065 3524 5104 non

1873 5123 2084 5178 debere
2105 5120 2401 5188 separari,
2425 5120 2544 5174 nisi
2583 5121 2714 5190 quis
2740 5120 3232 5189 deprehendatur
3258 5122 3318 5176 in
3352 5121 3525 5176 adul-

1875 5192 2307 5264 terio._l_1trique
2338 5190 2888 5264 pariterinterdicit
2917 5193 3091 5249 novis
3118 5191 3366 5264 nuptiis,
3398 5190 3523 5245 sive

1873 5261 2365 5335 repudientfsive
2396 5261 2809 5335 repudientur.

1946 5329 2052 5405 (65)
2094 5339 2177 5392 Μὴ
2214 5329 2589 5409 φέρουσαῘΞΞΟ
2620 5349 2774 5392 mss.
2805 5331 3072 5406 plerique
3111 5347 3339 5389 omnes.
3373 5329 3524 5386 Editi

1918 5427 1947 5464 η
1979 5424 2135 5464 φερει.

1873 5427 2473 5563 μηβέῗᾚμπτάῄη.
2508 5477 2601 5536 Sic
2639 5493 2788 5534 mss.
2819 5474 3088 5547 plerique
3116 5487 3348 5530 omnes.
3373 5471 3527 5532 Editi

1876 5567 2201 5624 προσεταγη.
