  <div class='ocr_page' id='page_1' title='image "/cluster/home/n/w/nwhite01/storage/ocr_20150623/32/hvd.32044048207401/346.png"; bbox 0 0 4092 6210; ppageno 0'>
   <div class='ocr_carea' id='block_1_1' title="bbox 4 97 914 444">
    <p class='ocr_par' dir='ltr' id='par_1_1' title="bbox 109 117 914 444">
     <span class='ocr_line' id='line_1_1' title="bbox 109 117 914 444; baseline -0.011 -20"><span class='ocrx_word' id='word_1_1' title='bbox 109 117 316 444; x_wconf 51' lang='lat' dir='ltr'><strong>lilia;</strong></span> <span class='ocrx_word' id='word_1_2' title='bbox 372 367 446 431; x_wconf 75' lang='grc' dir='ltr'><strong>εἰς</strong></span> <span class='ocrx_word' id='word_1_3' title='bbox 485 365 749 440; x_wconf 74' lang='grc' dir='ltr'><strong>ἐπιορκίαν</strong></span> <span class='ocrx_word' id='word_1_4' title='bbox 779 364 914 434; x_wconf 71' lang='grc' dir='ltr'>αὐτῷ</span> 
     </span>
    </p>
   </div>
   <div class='ocr_carea' id='block_1_2' title="bbox 155 449 1774 534">
    <p class='ocr_par' dir='ltr' id='par_1_2' title="bbox 155 449 1774 534">
     <span class='ocr_line' id='line_1_2' title="bbox 155 449 1774 534; baseline -0.009 -20"><span class='ocrx_word' id='word_1_5' title='bbox 155 459 518 534; x_wconf 80' lang='grc' dir='ltr'>προσκεῖσθαι</span> <span class='ocrx_word' id='word_1_6' title='bbox 573 463 644 526; x_wconf 81' lang='grc' dir='ltr'>τῷ</span> <span class='ocrx_word' id='word_1_7' title='bbox 704 457 861 528; x_wconf 85' lang='grc' dir='ltr'>ὅρκῳ,</span> <span class='ocrx_word' id='word_1_8' title='bbox 903 450 1042 525; x_wconf 62' lang='grc' dir='ltr'>μηδὲ</span> <span class='ocrx_word' id='word_1_9' title='bbox 1086 455 1216 528; x_wconf 83' lang='grc' dir='ltr'>πρὸς</span> <span class='ocrx_word' id='word_1_10' title='bbox 1257 451 1440 525; x_wconf 79' lang='grc' dir='ltr'>βραχύ</span> <span class='ocrx_word' id='word_1_11' title='bbox 1495 449 1774 523; x_wconf 77' lang='grc' dir='ltr'>ἀναχωρή-</span> 
     </span>
    </p>
   </div>
   <div class='ocr_carea' id='block_1_3' title="bbox 159 539 1770 620">
    <p class='ocr_par' dir='ltr' id='par_1_3' title="bbox 159 539 1770 620">
     <span class='ocr_line' id='line_1_3' title="bbox 159 539 1770 620; baseline -0.002 -23"><span class='ocrx_word' id='word_1_12' title='bbox 159 569 266 604; x_wconf 82' lang='grc' dir='ltr'>σειν</span> <span class='ocrx_word' id='word_1_13' title='bbox 299 549 422 620; x_wconf 76' lang='grc'><strong>(73)</strong></span> <span class='ocrx_word' id='word_1_14' title='bbox 477 541 774 610; x_wconf 66' lang='grc' dir='ltr'>Μινὸοὲνων,</span> <span class='ocrx_word' id='word_1_15' title='bbox 833 542 962 594; x_wconf 77' lang='grc' dir='ltr'>ἀλλὰ</span> <span class='ocrx_word' id='word_1_16' title='bbox 1015 551 1324 616; x_wconf 83' lang='grc' dir='ltr'>παραμενεῖν</span> <span class='ocrx_word' id='word_1_17' title='bbox 1357 543 1429 602; x_wconf 79' lang='grc' dir='ltr'>εἰς</span> <span class='ocrx_word' id='word_1_18' title='bbox 1481 545 1537 592; x_wconf 84' lang='grc' dir='ltr'>τὸ</span> <span class='ocrx_word' id='word_1_19' title='bbox 1571 539 1770 610; x_wconf 79' lang='grc' dir='ltr'><strong>ἑφεξῆς.</strong></span> 
     </span>
    </p>
   </div>
   <div class='ocr_carea' id='block_1_4' title="bbox 157 633 1771 712">
    <p class='ocr_par' dir='ltr' id='par_1_4' title="bbox 157 633 1771 712">
     <span class='ocr_line' id='line_1_4' title="bbox 157 633 1771 712; baseline -0.015 -19"><span class='ocrx_word' id='word_1_20' title='bbox 157 645 374 712; x_wconf 79' lang='grc' dir='ltr'>Σςνήρῳ</span> <span class='ocrx_word' id='word_1_21' title='bbox 406 635 487 705; x_wconf 75' lang='grc' dir='ltr'><strong>δὲ,</strong></span> <span class='ocrx_word' id='word_1_22' title='bbox 523 635 957 710; x_wconf 73' lang='grc' dir='ltr'>προφασιζομένῳ</span> <span class='ocrx_word' id='word_1_23' title='bbox 1010 637 1102 691; x_wconf 77' lang='grc' dir='ltr'>τὴν</span> <span class='ocrx_word' id='word_1_24' title='bbox 1137 635 1322 698; x_wconf 78' lang='grc' dir='ltr'>λήθην,</span> <span class='ocrx_word' id='word_1_25' title='bbox 1355 633 1506 702; x_wconf 80' lang='grc' dir='ltr'>ἡμεῖς</span> <span class='ocrx_word' id='word_1_26' title='bbox 1548 649 1771 700; x_wconf 71' lang='grc' dir='ltr'><strong>συγχω-</strong></span> 
     </span>
    </p>
   </div>
   <div class='ocr_carea' id='block_1_5' title="bbox 155 717 1770 806">
    <p class='ocr_par' dir='ltr' id='par_1_5' title="bbox 155 717 1770 806">
     <span class='ocr_line' id='line_1_5' title="bbox 155 717 1770 806; baseline -0.009 -24"><span class='ocrx_word' id='word_1_27' title='bbox 155 735 416 806; x_wconf 76' lang='grc' dir='ltr'>ρήσομεν,</span> <span class='ocrx_word' id='word_1_28' title='bbox 471 723 710 785; x_wconf 76' lang='grc' dir='ltr'>εἰπόντες,</span> <span class='ocrx_word' id='word_1_29' title='bbox 763 727 842 774; x_wconf 79' lang='grc' dir='ltr'>ὅτι</span> <span class='ocrx_word' id='word_1_30' title='bbox 887 731 988 774; x_wconf 88' lang='grc' dir='ltr'>τῶν</span> <span class='ocrx_word' id='word_1_31' title='bbox 1030 729 1266 796; x_wconf 81' lang='grc' dir='ltr'>κρυπτῶν</span> <span class='ocrx_word' id='word_1_32' title='bbox 1295 726 1538 793; x_wconf 68' lang='grc' dir='ltr'>γνώω-της</span> <span class='ocrx_word' id='word_1_33' title='bbox 1585 717 1644 770; x_wconf 83' lang='grc' dir='ltr'><strong>ού</strong></span> <span class='ocrx_word' id='word_1_34' title='bbox 1673 735 1770 770; x_wconf 83' lang='grc' dir='ltr'>πε-</span> 
     </span>
    </p>
   </div>
   <div class='ocr_carea' id='block_1_6' title="bbox 154 807 1769 894">
    <p class='ocr_par' dir='ltr' id='par_1_6' title="bbox 154 807 1769 894">
     <span class='ocr_line' id='line_1_6' title="bbox 154 807 1769 894; baseline -0.009 -23"><span class='ocrx_word' id='word_1_35' title='bbox 154 818 408 894; x_wconf 78' lang='grc' dir='ltr'>ριόψεται</span> <span class='ocrx_word' id='word_1_36' title='bbox 457 821 552 872; x_wconf 75' lang='grc' dir='ltr'>τὴν</span> <span class='ocrx_word' id='word_1_37' title='bbox 581 814 764 866; x_wconf 79' lang='grc' dir='ltr'>ἑαυτοῦ</span> <span class='ocrx_word' id='word_1_38' title='bbox 797 811 1108 870; x_wconf 80' lang='grc' dir='ltr'><strong>Ἐκκλησίαν</strong></span> <span class='ocrx_word' id='word_1_39' title='bbox 1137 813 1238 863; x_wconf 86' lang='grc' dir='ltr'>ύπὸ</span> <span class='ocrx_word' id='word_1_40' title='bbox 1295 811 1532 862; x_wconf 83' lang='grc' dir='ltr'>τοιούτου</span> <span class='ocrx_word' id='word_1_41' title='bbox 1575 807 1769 880; x_wconf 87' lang='grc' dir='ltr'>λυμαι-</span> 
     </span>
    </p>
   </div>
   <div class='ocr_carea' id='block_1_7' title="bbox 156 895 1766 981">
    <p class='ocr_par' dir='ltr' id='par_1_7' title="bbox 156 895 1766 981">
     <span class='ocr_line' id='line_1_7' title="bbox 156 895 1766 981; baseline -0.007 -20"><span class='ocrx_word' id='word_1_42' title='bbox 156 911 417 981; x_wconf 70' lang='grc' dir='ltr'>νομένην*</span> <span class='ocrx_word' id='word_1_43' title='bbox 489 911 760 964; x_wconf 80' lang='grc' dir='ltr'>ποιοῦντος</span> <span class='ocrx_word' id='word_1_44' title='bbox 833 903 918 954; x_wconf 64' lang='grc' dir='ltr'>μὲν</span> <span class='ocrx_word' id='word_1_45' title='bbox 981 900 1328 961; x_wconf 80' lang='grc' dir='ltr'>ἁκανονίστως</span> <span class='ocrx_word' id='word_1_46' title='bbox 1381 903 1438 950; x_wconf 84' lang='grc' dir='ltr'><strong>τό</strong></span> <span class='ocrx_word' id='word_1_47' title='bbox 1475 897 1527 960; x_wconf 81' lang='grc' dir='ltr'><strong>ἐξ</strong></span> <span class='ocrx_word' id='word_1_48' title='bbox 1575 895 1766 971; x_wconf 79' lang='grc' dir='ltr'>ἀρχῆς.</span> 
     </span>
    </p>
   </div>
   <div class='ocr_carea' id='block_1_8' title="bbox 159 988 1770 1072">
    <p class='ocr_par' dir='ltr' id='par_1_8' title="bbox 159 988 1770 1072">
     <span class='ocr_line' id='line_1_8' title="bbox 159 988 1770 1072; baseline -0.008 -22"><span class='ocrx_word' id='word_1_49' title='bbox 159 1001 306 1072; x_wconf 72' lang='grc' dir='ltr'>ὅρκῳ</span> <span class='ocrx_word' id='word_1_50' title='bbox 339 992 398 1048; x_wconf 63' lang='grc' dir='ltr'><strong>δὲ</strong></span> <span class='ocrx_word' id='word_1_51' title='bbox 418 989 873 1065; x_wconf 77' lang='grc' dir='ltr'>καταόισμοῡντος</span> <span class='ocrx_word' id='word_1_52' title='bbox 901 991 1044 1065; x_wconf 86' lang='grc' dir='ltr'>παρὰ</span> <span class='ocrx_word' id='word_1_53' title='bbox 1081 992 1148 1041; x_wconf 81' lang='grc' dir='ltr'>τὰ</span> <span class='ocrx_word' id='word_1_54' title='bbox 1187 988 1478 1060; x_wconf 68' lang='grc' dir='ltr'>Εύαγγὲλια</span> <span class='ocrx_word' id='word_1_55' title='bbox 1499 1005 1510 1018; x_wconf 82' lang='grc'><strong><em>⁸</em></strong></span> <span class='ocrx_word' id='word_1_56' title='bbox 1565 1005 1770 1060; x_wconf 88' lang='grc' dir='ltr'>παρορ-</span> 
     </span>
    </p>
   </div>
   <div class='ocr_carea' id='block_1_9' title="bbox 156 1071 1770 1152">
    <p class='ocr_par' dir='ltr' id='par_1_9' title="bbox 156 1071 1770 1152">
     <span class='ocr_line' id='line_1_9' title="bbox 156 1071 1770 1152; baseline -0.009 -12"><span class='ocrx_word' id='word_1_57' title='bbox 156 1071 268 1141; x_wconf 78' lang='grc' dir='ltr'><strong>κείν</strong></span> <span class='ocrx_word' id='word_1_58' title='bbox 329 1081 390 1138; x_wconf 68' lang='grc' dir='ltr'><strong>δὲ</strong></span> <span class='ocrx_word' id='word_1_59' title='bbox 437 1079 790 1142; x_wconf 74' lang='grc' dir='ltr'><strong>διδάσκοντος</strong></span> <span class='ocrx_word' id='word_1_60' title='bbox 837 1076 907 1131; x_wconf 60' lang='grc' dir='ltr'><strong>δέ</strong></span> <span class='ocrx_word' id='word_1_61' title='bbox 935 1085 1002 1130; x_wconf 84' lang='grc' dir='ltr'>ὢν</span> <span class='ocrx_word' id='word_1_62' title='bbox 1047 1081 1312 1152; x_wconf 78' lang='grc' dir='ltr'><strong>μετετέθη,</strong></span> <span class='ocrx_word' id='word_1_63' title='bbox 1353 1073 1678 1148; x_wconf 68' lang='grc' dir='ltr'><strong>ψευδομένου</strong></span> <span class='ocrx_word' id='word_1_64' title='bbox 1711 1071 1770 1126; x_wconf 71' lang='grc' dir='ltr'><strong>δὲ</strong></span> 
     </span>
    </p>
   </div>
   <div class='ocr_carea' id='block_1_10' title="bbox 155 1161 1772 1242">
    <p class='ocr_par' dir='ltr' id='par_1_10' title="bbox 155 1161 1772 1242">
     <span class='ocr_line' id='line_1_10' title="bbox 155 1161 1772 1242; baseline -0.007 -14"><span class='ocrx_word' id='word_1_65' title='bbox 155 1185 246 1228; x_wconf 80' lang='grc' dir='ltr'>νῦν</span> <span class='ocrx_word' id='word_1_66' title='bbox 279 1171 358 1228; x_wconf 73' lang='grc' dir='ltr'><strong>δι’</strong></span> <span class='ocrx_word' id='word_1_67' title='bbox 389 1173 460 1224; x_wconf 84' lang='grc' dir='ltr'>ὧν</span> <span class='ocrx_word' id='word_1_68' title='bbox 501 1171 612 1242; x_wconf 74' lang='grc' dir='ltr'><strong>(Τ4)</strong></span> <span class='ocrx_word' id='word_1_69' title='bbox 660 1173 754 1228; x_wconf 77' lang='grc' dir='ltr'>τὴν</span> <span class='ocrx_word' id='word_1_70' title='bbox 801 1167 964 1226; x_wconf 81' lang='grc' dir='ltr'>λήθην</span> <span class='ocrx_word' id='word_1_71' title='bbox 997 1167 1426 1241; x_wconf 77' lang='grc' dir='ltr'>σχηματίζεται.</span> <span class='ocrx_word' id='word_1_72' title='bbox 1461 1161 1676 1222; x_wconf 69' lang='grc' dir='ltr'>Ἐπειδὴ</span> <span class='ocrx_word' id='word_1_73' title='bbox 1713 1161 1772 1216; x_wconf 69' lang='grc' dir='ltr'><strong>δὲ</strong></span> 
     </span>
    </p>
   </div>
   <div class='ocr_carea' id='block_1_11' title="bbox 157 1255 1772 1336">
    <p class='ocr_par' dir='ltr' id='par_1_11' title="bbox 157 1255 1772 1336">
     <span class='ocr_line' id='line_1_11' title="bbox 157 1255 1772 1336; baseline -0.009 -17"><span class='ocrx_word' id='word_1_74' title='bbox 157 1266 254 1319; x_wconf 64' lang='grc' dir='ltr'>οὐκ</span> <span class='ocrx_word' id='word_1_75' title='bbox 313 1263 474 1336; x_wconf 68' lang='grc' dir='ltr'>ἐσμὲν</span> <span class='ocrx_word' id='word_1_76' title='bbox 515 1255 748 1334; x_wconf 78' lang='grc' dir='ltr'><strong>καρδιῶν</strong></span> <span class='ocrx_word' id='word_1_77' title='bbox 804 1263 1002 1333; x_wconf 77' lang='grc' dir='ltr'>κριταὶ,</span> <span class='ocrx_word' id='word_1_78' title='bbox 1047 1256 1151 1310; x_wconf 77' lang='grc' dir='ltr'>ἀλλ’</span> <span class='ocrx_word' id='word_1_79' title='bbox 1181 1255 1233 1319; x_wconf 83' lang='grc' dir='ltr'><strong>ἐξ</strong></span> <span class='ocrx_word' id='word_1_80' title='bbox 1275 1255 1341 1307; x_wconf 84' lang='grc' dir='ltr'>ὧν</span> <span class='ocrx_word' id='word_1_81' title='bbox 1381 1255 1631 1327; x_wconf 78' lang='grc' dir='ltr'><strong>ἀκούομεν</strong></span> <span class='ocrx_word' id='word_1_82' title='bbox 1661 1257 1772 1328; x_wconf 90' lang='grc' dir='ltr'>κρί-</span> 
     </span>
    </p>
   </div>
   <div class='ocr_carea' id='block_1_12' title="bbox 157 1339 1772 1427">
    <p class='ocr_par' dir='ltr' id='par_1_12' title="bbox 157 1339 1772 1427">
     <span class='ocr_line' id='line_1_12' title="bbox 157 1339 1772 1427; baseline -0.006 -21"><span class='ocrx_word' id='word_1_83' title='bbox 157 1371 352 1427; x_wconf 78' lang='grc' dir='ltr'>νομεν·</span> <span class='ocrx_word' id='word_1_84' title='bbox 413 1348 586 1423; x_wconf 79' lang='grc' dir='ltr'>δῶμεν</span> <span class='ocrx_word' id='word_1_85' title='bbox 643 1349 714 1419; x_wconf 84' lang='grc' dir='ltr'><em>τῷ</em></span> <span class='ocrx_word' id='word_1_86' title='bbox 779 1353 954 1422; x_wconf 78' lang='grc' dir='ltr'>Κυρίῳ</span> <span class='ocrx_word' id='word_1_87' title='bbox 1005 1351 1100 1406; x_wconf 77' lang='grc' dir='ltr'>τὴν</span> <span class='ocrx_word' id='word_1_88' title='bbox 1155 1343 1451 1412; x_wconf 76' lang='grc' dir='ltr'><strong>ἐκδίκησιν,</strong></span> <span class='ocrx_word' id='word_1_89' title='bbox 1507 1344 1656 1396; x_wconf 84' lang='grc' dir='ltr'>αύτοὶ</span> <span class='ocrx_word' id='word_1_90' title='bbox 1714 1339 1772 1396; x_wconf 77' lang='grc' dir='ltr'><strong>δὲ</strong></span> 
     </span>
    </p>
   </div>
   <div class='ocr_carea' id='block_1_13' title="bbox 161 1429 1774 1518">
    <p class='ocr_par' dir='ltr' id='par_1_13' title="bbox 161 1429 1774 1518">
     <span class='ocr_line' id='line_1_13' title="bbox 161 1429 1774 1518; baseline -0.009 -22"><span class='ocrx_word' id='word_1_91' title='bbox 161 1440 494 1518; x_wconf 66' lang='grc' dir='ltr'>ἀδιακρίτως</span> <span class='ocrx_word' id='word_1_92' title='bbox 547 1439 700 1490; x_wconf 76' lang='grc' dir='ltr'>αὐτὸν</span> <span class='ocrx_word' id='word_1_93' title='bbox 755 1433 1044 1508; x_wconf 77' lang='grc' dir='ltr'><strong>δεξώμεθα,</strong></span> <span class='ocrx_word' id='word_1_94' title='bbox 1099 1441 1412 1508; x_wconf 61' lang='grc' dir='ltr'>συῃνὼμην</span> <span class='ocrx_word' id='word_1_95' title='bbox 1462 1429 1634 1494; x_wconf 72' lang='grc' dir='ltr'>δόντες</span> <span class='ocrx_word' id='word_1_96' title='bbox 1690 1431 1774 1484; x_wconf 79' lang='grc' dir='ltr'>ἀν-</span> 
     </span>
    </p>
   </div>
   <div class='ocr_carea' id='block_1_14' title="bbox 164 1525 894 1606">
    <p class='ocr_par' dir='ltr' id='par_1_14' title="bbox 164 1525 894 1606">
     <span class='ocr_line' id='line_1_14' title="bbox 164 1525 894 1606; baseline -0.012 -20"><span class='ocrx_word' id='word_1_97' title='bbox 164 1535 412 1606; x_wconf 79' lang='grc' dir='ltr'>θρωπίνῳ</span> <span class='ocrx_word' id='word_1_98' title='bbox 441 1530 618 1598; x_wconf 72' lang='grc' dir='ltr'>πάθει,</span> <span class='ocrx_word' id='word_1_99' title='bbox 646 1535 706 1600; x_wconf 77' lang='grc' dir='ltr'>τῇ</span> <span class='ocrx_word' id='word_1_100' title='bbox 735 1525 894 1599; x_wconf 74' lang='grc' dir='ltr'>λήθη.</span> 
     </span>
    </p>
   </div>
   <div class='ocr_carea' id='block_1_15' title="bbox 235 1701 1776 1776">
    <p class='ocr_par' dir='ltr' id='par_1_15' title="bbox 235 1701 1776 1776">
     <span class='ocr_line' id='line_1_15' title="bbox 235 1701 1776 1776; baseline -0.008 -11"><span class='ocrx_word' id='word_1_101' title='bbox 235 1710 342 1766; x_wconf 78' lang='grc' dir='ltr'><strong>ΙΑ’.</strong></span> <span class='ocrx_word' id='word_1_102' title='bbox 391 1708 458 1761; x_wconf 90' lang='grc' dir='ltr'><strong>Ὀ</strong></span> <span class='ocrx_word' id='word_1_103' title='bbox 489 1705 550 1760; x_wconf 79' lang='grc' dir='ltr'>δε</span> <span class='ocrx_word' id='word_1_104' title='bbox 589 1709 677 1758; x_wconf 87' lang='grc' dir='ltr'><strong>τὸν</strong></span> <span class='ocrx_word' id='word_1_105' title='bbox 727 1705 973 1758; x_wconf 75' lang='grc' dir='ltr'>ἀκούσιον</span> <span class='ocrx_word' id='word_1_106' title='bbox 1024 1707 1252 1764; x_wconf 81' lang='grc' dir='ltr'>ποιήσας</span> <span class='ocrx_word' id='word_1_107' title='bbox 1303 1705 1451 1774; x_wconf 69' lang='grc' dir='ltr'>φόνον</span> <span class='ocrx_word' id='word_1_108' title='bbox 1487 1701 1776 1776; x_wconf 75' lang='grc' dir='ltr'>ἀρκούντως</span> 
     </span>
    </p>
   </div>
   <div class='ocr_carea' id='block_1_16' title="bbox 165 1789 1776 1874">
    <p class='ocr_par' dir='ltr' id='par_1_16' title="bbox 165 1789 1776 1874">
     <span class='ocr_line' id='line_1_16' title="bbox 165 1789 1776 1874; baseline -0.008 -20"><span class='ocrx_word' id='word_1_109' title='bbox 165 1801 500 1874; x_wconf 71' lang='grc' dir='ltr'>ἕξεπληρωσε</span> <span class='ocrx_word' id='word_1_110' title='bbox 555 1801 646 1854; x_wconf 74' lang='grc' dir='ltr'>τὴν</span> <span class='ocrx_word' id='word_1_111' title='bbox 705 1791 860 1853; x_wconf 83' lang='grc' dir='ltr'>δίκην</span> <span class='ocrx_word' id='word_1_112' title='bbox 913 1793 962 1846; x_wconf 83' lang='grc' dir='ltr'>ἐν</span> <span class='ocrx_word' id='word_1_113' title='bbox 1027 1799 1132 1853; x_wconf 86' lang='grc' dir='ltr'>τοῖς</span> <span class='ocrx_word' id='word_1_114' title='bbox 1181 1789 1364 1844; x_wconf 69' lang='grc' dir='ltr'>ἕνδεκα</span> <span class='ocrx_word' id='word_1_115' title='bbox 1402 1794 1556 1846; x_wconf 83' lang='grc' dir='ltr'>ἔτεσι.</span> <span class='ocrx_word' id='word_1_116' title='bbox 1617 1790 1776 1848; x_wconf 76' lang='grc' dir='ltr'>Δῆλον</span> 
     </span>
    </p>
   </div>
   <div class='ocr_carea' id='block_1_17' title="bbox 165 1883 1779 1964">
    <p class='ocr_par' dir='ltr' id='par_1_17' title="bbox 165 1883 1779 1964">
     <span class='ocr_line' id='line_1_17' title="bbox 165 1883 1779 1964; baseline -0.007 -22"><span class='ocrx_word' id='word_1_117' title='bbox 165 1893 292 1964; x_wconf 66' lang='grc' dir='ltr'>γάρ,</span> <span class='ocrx_word' id='word_1_118' title='bbox 357 1891 438 1940; x_wconf 85' lang='grc' dir='ltr'>ὅτι</span> <span class='ocrx_word' id='word_1_119' title='bbox 495 1886 580 1938; x_wconf 84' lang='grc' dir='ltr'><strong>ἐπὶ</strong></span> <span class='ocrx_word' id='word_1_120' title='bbox 631 1892 730 1936; x_wconf 82' lang='grc' dir='ltr'>τῶν</span> <span class='ocrx_word' id='word_1_121' title='bbox 779 1883 1074 1954; x_wconf 74' lang='grc' dir='ltr'><strong>πληγέντων</strong></span> <span class='ocrx_word' id='word_1_122' title='bbox 1126 1885 1194 1934; x_wconf 80' lang='grc' dir='ltr'>τὰ</span> <span class='ocrx_word' id='word_1_123' title='bbox 1241 1886 1506 1942; x_wconf 83' lang='grc' dir='ltr'>Μωῦσέως</span> <span class='ocrx_word' id='word_1_124' title='bbox 1543 1899 1779 1954; x_wconf 72' lang='grc' dir='ltr'>παρατη-</span> 
     </span>
    </p>
   </div>
   <div class='ocr_carea' id='block_1_18' title="bbox 165 1968 1777 2055">
    <p class='ocr_par' dir='ltr' id='par_1_18' title="bbox 165 1968 1777 2055">
     <span class='ocr_line' id='line_1_18' title="bbox 165 1968 1777 2055; baseline -0.007 -24"><span class='ocrx_word' id='word_1_125' title='bbox 165 1987 444 2055; x_wconf 71' lang='grc' dir='ltr'>ρήσομενο</span> <span class='ocrx_word' id='word_1_126' title='bbox 499 1979 588 2026; x_wconf 83' lang='grc' dir='ltr'>καὶ</span> <span class='ocrx_word' id='word_1_127' title='bbox 639 1977 723 2026; x_wconf 86' lang='grc' dir='ltr'>τὸν</span> <span class='ocrx_word' id='word_1_128' title='bbox 781 1972 1154 2024; x_wconf 79' lang='grc' dir='ltr'><strong>κατακλιθέντα</strong></span> <span class='ocrx_word' id='word_1_129' title='bbox 1218 1973 1308 2044; x_wconf 71' lang='grc' dir='ltr'>μὲν</span> <span class='ocrx_word' id='word_1_130' title='bbox 1360 1971 1442 2023; x_wconf 84' lang='grc' dir='ltr'><strong>ἐπὶ</strong></span> <span class='ocrx_word' id='word_1_131' title='bbox 1497 1979 1596 2022; x_wconf 85' lang='grc' dir='ltr'>τῶν</span> <span class='ocrx_word' id='word_1_132' title='bbox 1639 1968 1777 2026; x_wconf 89' lang='grc' dir='ltr'>πλη-</span> 
     </span>
    </p>
   </div>
   <div class='ocr_carea' id='block_1_19' title="bbox 167 2056 1777 2142">
    <p class='ocr_par' dir='ltr' id='par_1_19' title="bbox 167 2056 1777 2142">
     <span class='ocr_line' id='line_1_19' title="bbox 167 2056 1777 2142; baseline -0.006 -21"><span class='ocrx_word' id='word_1_133' title='bbox 167 2079 276 2142; x_wconf 69' lang='grc' dir='ltr'>γῶν</span> <span class='ocrx_word' id='word_1_134' title='bbox 333 2067 398 2129; x_wconf 78' lang='grc' dir='ltr'><strong>ἃς</strong></span> <span class='ocrx_word' id='word_1_135' title='bbox 447 2063 611 2135; x_wconf 63' lang='lat' dir='ltr'><strong>Elaea,</strong></span> <span class='ocrx_word' id='word_1_136' title='bbox 666 2060 967 2136; x_wconf 76' lang='grc' dir='ltr'>βαδσίαντα</span> <span class='ocrx_word' id='word_1_137' title='bbox 1015 2058 1074 2114; x_wconf 73' lang='grc' dir='ltr'><strong>δὲ</strong></span> <span class='ocrx_word' id='word_1_138' title='bbox 1123 2061 1275 2113; x_wconf 79' lang='grc' dir='ltr'>πάλιν</span> <span class='ocrx_word' id='word_1_139' title='bbox 1334 2063 1416 2112; x_wconf 73' lang='grc' dir='ltr'><strong>ἐπὶ</strong></span> <span class='ocrx_word' id='word_1_140' title='bbox 1472 2069 1534 2132; x_wconf 75' lang='grc' dir='ltr'>τῇ</span> <span class='ocrx_word' id='word_1_141' title='bbox 1597 2056 1777 2134; x_wconf 75' lang='grc' dir='ltr'><strong>ῥάϐδῳ</strong></span> 
     </span>
    </p>
   </div>
   <div class='ocr_carea' id='block_1_20' title="bbox 173 2147 1779 2225">
    <p class='ocr_par' dir='ltr' id='par_1_20' title="bbox 173 2147 1779 2225">
     <span class='ocr_line' id='line_1_20' title="bbox 173 2147 1779 2225; baseline -0.007 -14"><span class='ocrx_word' id='word_1_142' title='bbox 173 2159 364 2222; x_wconf 69' lang='grc' dir='ltr'>αὐτοῦ,</span> <span class='ocrx_word' id='word_1_143' title='bbox 426 2154 484 2207; x_wconf 78' lang='grc' dir='ltr'><strong>ού</strong></span> <span class='ocrx_word' id='word_1_144' title='bbox 541 2155 860 2225; x_wconf 73' lang='grc' dir='ltr'>λογισάμεθα</span> <span class='ocrx_word' id='word_1_145' title='bbox 905 2151 1268 2224; x_wconf 72' lang='grc' dir='ltr'>πεφονεῦσθαι.</span> <span class='ocrx_word' id='word_1_146' title='bbox 1337 2151 1397 2202; x_wconf 83' lang='grc' dir='ltr'>Εἰ</span> <span class='ocrx_word' id='word_1_147' title='bbox 1444 2147 1504 2202; x_wconf 69' lang='grc' dir='ltr'><strong>δὲ</strong></span> <span class='ocrx_word' id='word_1_148' title='bbox 1549 2155 1639 2201; x_wconf 83' lang='grc' dir='ltr'>καὶ</span> <span class='ocrx_word' id='word_1_149' title='bbox 1686 2149 1779 2200; x_wconf 79' lang='grc' dir='ltr'><strong>ούκ</strong></span> 
     </span>
    </p>
   </div>
   <div class='ocr_carea' id='block_1_21' title="bbox 175 2237 1780 2316">
    <p class='ocr_par' dir='ltr' id='par_1_21' title="bbox 175 2237 1780 2316">
     <span class='ocr_line' id='line_1_21' title="bbox 175 2237 1780 2316; baseline -0.007 -15"><span class='ocrx_word' id='word_1_150' title='bbox 175 2248 428 2311; x_wconf 73' lang='grc' dir='ltr'>ἐξανέστη</span> <span class='ocrx_word' id='word_1_151' title='bbox 489 2246 620 2316; x_wconf 78' lang='grc' dir='ltr'>μετὰ</span> <span class='ocrx_word' id='word_1_152' title='bbox 674 2245 764 2302; x_wconf 78' lang='grc' dir='ltr'><strong>τὰς</strong></span> <span class='ocrx_word' id='word_1_153' title='bbox 819 2241 1042 2313; x_wconf 72' lang='grc' dir='ltr'>πληγὰς,</span> <span class='ocrx_word' id='word_1_154' title='bbox 1099 2239 1203 2292; x_wconf 80' lang='grc' dir='ltr'>ἀλλ’</span> <span class='ocrx_word' id='word_1_155' title='bbox 1263 2237 1350 2292; x_wconf 83' lang='grc' dir='ltr'>οὖν</span> <span class='ocrx_word' id='word_1_156' title='bbox 1403 2248 1474 2310; x_wconf 81' lang='grc' dir='ltr'>τῷ</span> <span class='ocrx_word' id='word_1_157' title='bbox 1526 2243 1597 2311; x_wconf 78' lang='grc' dir='ltr'><strong>μη</strong></span> <span class='ocrx_word' id='word_1_158' title='bbox 1651 2255 1780 2312; x_wconf 84' lang='grc' dir='ltr'>προ-</span> 
     </span>
    </p>
   </div>
   <div class='ocr_carea' id='block_1_22' title="bbox 177 2326 1780 2402">
    <p class='ocr_par' dir='ltr' id='par_1_22' title="bbox 177 2326 1780 2402">
     <span class='ocr_line' id='line_1_22' title="bbox 177 2326 1780 2402; baseline -0.008 -11"><span class='ocrx_word' id='word_1_159' title='bbox 177 2337 396 2391; x_wconf 76' lang='grc' dir='ltr'>ελέσθαι</span> <span class='ocrx_word' id='word_1_160' title='bbox 449 2333 602 2384; x_wconf 74' lang='grc' dir='ltr'>αὐτὸν</span> <span class='ocrx_word' id='word_1_161' title='bbox 659 2331 846 2384; x_wconf 77' lang='grc' dir='ltr'>ἀνελεῖν</span> <span class='ocrx_word' id='word_1_162' title='bbox 877 2332 903 2382; x_wconf 86' lang='grc' dir='ltr'><strong><em>ὁ</em></strong></span> <span class='ocrx_word' id='word_1_163' title='bbox 934 2335 1206 2390; x_wconf 79' lang='grc' dir='ltr'>τυπτὴσας</span> <span class='ocrx_word' id='word_1_164' title='bbox 1260 2333 1502 2402; x_wconf 78' lang='grc' dir='ltr'>φονευτὴς</span> <span class='ocrx_word' id='word_1_165' title='bbox 1531 2331 1642 2401; x_wconf 77' lang='grc' dir='ltr'>μὲν,</span> <span class='ocrx_word' id='word_1_166' title='bbox 1676 2326 1780 2379; x_wconf 81' lang='grc' dir='ltr'>ἀλλ’</span> 
     </span>
    </p>
   </div>
   <div class='ocr_carea' id='block_1_23' title="bbox 181 2419 979 2494">
    <p class='ocr_par' dir='ltr' id='par_1_23' title="bbox 181 2419 979 2494">
     <span class='ocr_line' id='line_1_23' title="bbox 181 2419 979 2494; baseline -0.006 -15"><span class='ocrx_word' id='word_1_167' title='bbox 181 2426 434 2484; x_wconf 72' lang='grc' dir='ltr'>ἀκούσιος</span> <span class='ocrx_word' id='word_1_168' title='bbox 477 2419 568 2474; x_wconf 76' lang='grc' dir='ltr'><strong>διὰ</strong></span> <span class='ocrx_word' id='word_1_169' title='bbox 595 2425 686 2479; x_wconf 76' lang='grc' dir='ltr'>τήν</span> <span class='ocrx_word' id='word_1_170' title='bbox 711 2421 979 2494; x_wconf 77' lang='grc' dir='ltr'><strong>πρόθεσιν.</strong></span> 
     </span>
    </p>
   </div>
   <div class='ocr_carea' id='block_1_24' title="bbox 255 2507 1791 2583">
    <p class='ocr_par' dir='ltr' id='par_1_24' title="bbox 255 2507 1791 2583">
     <span class='ocr_line' id='line_1_24' title="bbox 255 2507 1791 2583; baseline -0.006 -14"><span class='ocrx_word' id='word_1_171' title='bbox 255 2513 356 2570; x_wconf 80' lang='grc' dir='ltr'><strong>ΙΒ’,</strong></span> <span class='ocrx_word' id='word_1_172' title='bbox 431 2515 562 2572; x_wconf 83' lang='grc' dir='ltr'><strong>Τοὺς</strong></span> <span class='ocrx_word' id='word_1_173' title='bbox 625 2507 886 2583; x_wconf 75' lang='grc' dir='ltr'>διγάμους</span> <span class='ocrx_word' id='word_1_174' title='bbox 936 2508 1196 2570; x_wconf 80' lang='grc' dir='ltr'>παντελῶς</span> <span class='ocrx_word' id='word_1_175' title='bbox 1255 2509 1280 2560; x_wconf 81' lang='grc' dir='ltr'><strong><em>ὁ</em></strong></span> <span class='ocrx_word' id='word_1_176' title='bbox 1330 2510 1494 2559; x_wconf 81' lang='grc' dir='ltr'>κανὼν</span> <span class='ocrx_word' id='word_1_177' title='bbox 1548 2515 1642 2569; x_wconf 77' lang='grc' dir='ltr'>τῆς</span> <span class='ocrx_word' id='word_1_178' title='bbox 1693 2507 1791 2560; x_wconf 74' lang='grc' dir='ltr'><strong>ὑπ·-</strong></span> 
     </span>
    </p>
   </div>
   <div class='ocr_carea' id='block_1_25' title="bbox 183 2599 730 2678">
    <p class='ocr_par' dir='ltr' id='par_1_25' title="bbox 183 2599 730 2678">
     <span class='ocr_line' id='line_1_25' title="bbox 183 2599 730 2678; baseline -0.007 -21"><span class='ocrx_word' id='word_1_179' title='bbox 183 2607 412 2678; x_wconf 83' lang='grc' dir='ltr'>ηρεσίας</span> <span class='ocrx_word' id='word_1_180' title='bbox 439 2599 730 2654; x_wconf 74' lang='grc' dir='ltr'>ἀπέκλεισε.</span> 
     </span>
    </p>
   </div>
   <div class='ocr_carea' id='block_1_26' title="bbox 265 2685 1793 2761">
    <p class='ocr_par' dir='ltr' id='par_1_26' title="bbox 265 2685 1793 2761">
     <span class='ocr_line' id='line_1_26' title="bbox 265 2685 1793 2761; baseline -0.006 -15"><span class='ocrx_word' id='word_1_181' title='bbox 265 2691 364 2746; x_wconf 62' lang='grc' dir='ltr'><strong>ιγ·</strong></span> <span class='ocrx_word' id='word_1_182' title='bbox 417 2695 546 2752; x_wconf 78' lang='grc' dir='ltr'>Τοὺς</span> <span class='ocrx_word' id='word_1_183' title='bbox 597 2688 644 2742; x_wconf 79' lang='grc' dir='ltr'>ἐν</span> <span class='ocrx_word' id='word_1_184' title='bbox 675 2688 914 2761; x_wconf 75' lang='grc' dir='ltr'>πολέμοις</span> <span class='ocrx_word' id='word_1_185' title='bbox 953 2691 1132 2760; x_wconf 75' lang='grc' dir='ltr'>φόνους</span> <span class='ocrx_word' id='word_1_186' title='bbox 1179 2687 1227 2739; x_wconf 83' lang='grc' dir='ltr'>οἱ</span> <span class='ocrx_word' id='word_1_187' title='bbox 1283 2691 1490 2761; x_wconf 82' lang='grc' dir='ltr'>πατέρες</span> <span class='ocrx_word' id='word_1_188' title='bbox 1545 2689 1690 2760; x_wconf 82' lang='grc' dir='ltr'>ἡμῶν</span> <span class='ocrx_word' id='word_1_189' title='bbox 1745 2685 1793 2737; x_wconf 85' lang='grc' dir='ltr'>ἐν</span> 
     </span>
    </p>
   </div>
   <div class='ocr_carea' id='block_1_27' title="bbox 187 2767 1795 2854">
    <p class='ocr_par' dir='ltr' id='par_1_27' title="bbox 187 2767 1795 2854">
     <span class='ocr_line' id='line_1_27' title="bbox 187 2767 1795 2854; baseline -0.006 -18"><span class='ocrx_word' id='word_1_190' title='bbox 187 2791 306 2842; x_wconf 83' lang='grc' dir='ltr'>τοῖς</span> <span class='ocrx_word' id='word_1_191' title='bbox 345 2785 510 2854; x_wconf 75' lang='grc' dir='ltr'>φόνοις</span> <span class='ocrx_word' id='word_1_192' title='bbox 547 2779 642 2832; x_wconf 81' lang='grc' dir='ltr'><strong>ούκ</strong></span> <span class='ocrx_word' id='word_1_193' title='bbox 686 2778 1018 2850; x_wconf 75' lang='grc' dir='ltr'>ἐλογίσαντο·</span> <span class='ocrx_word' id='word_1_194' title='bbox 1061 2775 1174 2848; x_wconf 80' lang='grc' dir='ltr'>ἐμοὶ</span> <span class='ocrx_word' id='word_1_195' title='bbox 1231 2767 1423 2842; x_wconf 71' lang='grc' dir='ltr'>δοκεῖν,</span> <span class='ocrx_word' id='word_1_196' title='bbox 1485 2781 1795 2848; x_wconf 70' lang='grc' dir='ltr'><strong>συγγνώμην</strong></span> 
     </span>
    </p>
   </div>
   <div class='ocr_carea' id='block_1_28' title="bbox 191 2863 1798 2940">
    <p class='ocr_par' dir='ltr' id='par_1_28' title="bbox 191 2863 1798 2940">
     <span class='ocr_line' id='line_1_28' title="bbox 191 2863 1798 2940; baseline -0.006 -14"><span class='ocrx_word' id='word_1_197' title='bbox 191 2871 378 2933; x_wconf 79' lang='grc' dir='ltr'>δόντες</span> <span class='ocrx_word' id='word_1_198' title='bbox 425 2877 528 2930; x_wconf 88' lang='grc' dir='ltr'>τοῖς</span> <span class='ocrx_word' id='word_1_199' title='bbox 581 2869 710 2940; x_wconf 66' lang='grc' dir='ltr'>ὑπὲρ</span> <span class='ocrx_word' id='word_1_200' title='bbox 770 2869 1112 2940; x_wconf 73' lang='grc' dir='ltr'><strong>σωφροσύνης</strong></span> <span class='ocrx_word' id='word_1_201' title='bbox 1162 2871 1251 2917; x_wconf 85' lang='grc' dir='ltr'>καὶ</span> <span class='ocrx_word' id='word_1_202' title='bbox 1301 2863 1561 2928; x_wconf 70' lang='grc' dir='ltr'>εὐσεϐείας</span> <span class='ocrx_word' id='word_1_203' title='bbox 1611 2863 1798 2938; x_wconf 80' lang='grc' dir='ltr'>ἀμυνο·</span> 
     </span>
    </p>
   </div>
   <div class='ocr_carea' id='block_1_29' title="bbox 193 2953 1800 3035">
    <p class='ocr_par' dir='ltr' id='par_1_29' title="bbox 193 2953 1800 3035">
     <span class='ocr_line' id='line_1_29' title="bbox 193 2953 1800 3035; baseline -0.005 -22"><span class='ocrx_word' id='word_1_204' title='bbox 193 2965 390 3035; x_wconf 78' lang='grc' dir='ltr'>μένοις.</span> <span class='ocrx_word' id='word_1_205' title='bbox 439 2960 600 3030; x_wconf 80' lang='grc' dir='ltr'>Τάχα</span> <span class='ocrx_word' id='word_1_206' title='bbox 671 2953 732 3009; x_wconf 73' lang='grc' dir='ltr'><strong>δὲ</strong></span> <span class='ocrx_word' id='word_1_207' title='bbox 768 2955 940 3016; x_wconf 83' lang='grc' dir='ltr'>καλῶς</span> <span class='ocrx_word' id='word_1_208' title='bbox 996 2958 1108 3027; x_wconf 83' lang='grc' dir='ltr'>ἔχει</span> <span class='ocrx_word' id='word_1_209' title='bbox 1159 2953 1544 3028; x_wconf 75' lang='grc' dir='ltr'>συμϐουλεύειν,</span> <span class='ocrx_word' id='word_1_210' title='bbox 1599 2957 1666 3014; x_wconf 81' lang='grc' dir='ltr'>ὡς</span> <span class='ocrx_word' id='word_1_211' title='bbox 1712 2957 1800 3014; x_wconf 82' lang='grc' dir='ltr'>τὰς</span> 
     </span>
    </p>
   </div>
   <div class='ocr_carea' id='block_1_30' title="bbox 1080 233 2649 296">
    <p class='ocr_par' dir='ltr' id='par_1_30' title="bbox 1080 233 2649 296">
     <span class='ocr_line' id='line_1_30' title="bbox 1080 233 2649 296; baseline -0.003 -1"><span class='ocrx_word' id='word_1_212' title='bbox 1080 237 1562 296; x_wconf 74' lang='lat' dir='ltr'><strong>EPISTOLARUM</strong></span> <span class='ocrx_word' id='word_1_213' title='bbox 1599 233 1880 292; x_wconf 78' lang='lat' dir='ltr'><strong>CLASSIS</strong></span> <span class='ocrx_word' id='word_1_214' title='bbox 1919 234 1986 288; x_wconf 82' lang='lat' dir='ltr'><strong>II.</strong></span> <span class='ocrx_word' id='word_1_215' title='bbox 2031 234 2244 291; x_wconf 86' lang='lat' dir='ltr'><strong>EPIST.</strong></span> <span class='ocrx_word' id='word_1_216' title='bbox 2281 235 2649 292; x_wconf 78' lang='lat' dir='ltr'><strong>CLXXXVIII.</strong></span> 
     </span>
    </p>
   </div>
   <div class='ocr_carea' id='block_1_31' title="bbox 213 357 1818 444">
    <p class='ocr_par' dir='ltr' id='par_1_31' title="bbox 213 357 1818 444">
     <span class='ocr_line' id='line_1_31' title="bbox 213 357 1818 444; baseline -0.009 -21"><span class='ocrx_word' id='word_1_217' title='bbox 213 357 316 444; x_wconf 54' lang='grc' dir='ltr'><strong>μία</strong></span> <span class='ocrx_word' id='word_1_218' title='bbox 372 367 446 431; x_wconf 75' lang='grc' dir='ltr'><strong>εἰς</strong></span> <span class='ocrx_word' id='word_1_219' title='bbox 485 365 749 440; x_wconf 82' lang='grc' dir='ltr'>ἐπιορκίαν</span> <span class='ocrx_word' id='word_1_220' title='bbox 779 364 918 434; x_wconf 72' lang='grc' dir='ltr'>αὐτῷ</span> <span class='ocrx_word' id='word_1_221' title='bbox 957 363 1016 416; x_wconf 81' lang='grc' dir='ltr'><strong>ού</strong></span> <span class='ocrx_word' id='word_1_222' title='bbox 1071 365 1462 436; x_wconf 73' lang='grc' dir='ltr'>λογισθήσεται,</span> <span class='ocrx_word' id='word_1_223' title='bbox 1491 357 1585 414; x_wconf 67' lang='grc' dir='ltr'><strong>διὰ</strong></span> <span class='ocrx_word' id='word_1_224' title='bbox 1614 364 1670 412; x_wconf 82' lang='grc' dir='ltr'>τὸ</span> <span class='ocrx_word' id='word_1_225' title='bbox 1699 362 1768 431; x_wconf 79' lang='grc' dir='ltr'>μὴ</span> <span class='ocrx_word' id='word_1_226' title='bbox 1801 370 1818 414; x_wconf 70' lang='lat' dir='ltr'><strong>l</strong></span> 
     </span>
    </p>
   </div>
   <div class='ocr_carea' id='block_1_32' title="bbox 1916 357 3538 444">
    <p class='ocr_par' dir='ltr' id='par_1_32' title="bbox 1916 357 3538 432">
     <span class='ocr_line' id='line_1_32' title="bbox 1916 357 3538 432; baseline 0.004 -21"><span class='ocrx_word' id='word_1_227' title='bbox 1916 357 2316 430; x_wconf 87' lang='lat' dir='ltr'><strong>tispensationi</strong></span> <span class='ocrx_word' id='word_1_228' title='bbox 2345 361 2394 415; x_wconf 93' lang='lat' dir='ltr'><strong>si</strong></span> <span class='ocrx_word' id='word_1_229' title='bbox 2446 360 2711 428; x_wconf 88' lang='lat' dir='ltr'><strong>cesserit,</strong></span> <span class='ocrx_word' id='word_1_230' title='bbox 2741 357 2804 414; x_wconf 90' lang='lat' dir='ltr'><strong>id</strong></span> <span class='ocrx_word' id='word_1_231' title='bbox 2834 357 2886 414; x_wconf 89' lang='lat' dir='ltr'><strong>ei</strong></span> <span class='ocrx_word' id='word_1_232' title='bbox 2935 357 3181 432; x_wconf 88' lang='lat' dir='ltr'><strong>perjurii</strong></span> <span class='ocrx_word' id='word_1_233' title='bbox 3226 359 3363 418; x_wconf 92' lang='lat' dir='ltr'><strong>loco</strong></span> <span class='ocrx_word' id='word_1_234' title='bbox 3409 375 3538 420; x_wconf 89' lang='lat' dir='ltr'><strong>non</strong></span> 
     </span>
    </p>
   </div>
   <div class='ocr_carea' id='block_1_33' title="bbox 3430 239 3535 296">
    <p class='ocr_par' dir='ltr' id='par_1_33' title="bbox 3430 239 3535 296">
     <span class='ocr_line' id='line_1_33' title="bbox 3430 239 3535 296; baseline 0 -1"><span class='ocrx_word' id='word_1_235' title='bbox 3430 239 3535 296; x_wconf 81' lang='lat'><strong>682</strong></span> 
     </span>
    </p>
   </div>
   <div class='ocr_carea' id='block_1_34' title="bbox 1883 447 3536 522">
    <p class='ocr_par' dir='ltr' id='par_1_34' title="bbox 1883 447 3536 522">
     <span class='ocr_line' id='line_1_34' title="bbox 1883 447 3536 522; baseline 0.004 -21"><span class='ocrx_word' id='word_1_236' title='bbox 1883 448 2530 522; x_wconf 88' lang='lat' dir='ltr'><strong>imputabitur,quippe</strong></span> <span class='ocrx_word' id='word_1_237' title='bbox 2547 447 2688 520; x_wconf 88' lang='lat' dir='ltr'><strong>quia</strong></span> <span class='ocrx_word' id='word_1_238' title='bbox 2697 449 2718 518; x_wconf 91' lang='lat' dir='ltr'><strong>j</strong></span> <span class='ocrx_word' id='word_1_239' title='bbox 2731 449 3078 518; x_wconf 88' lang='lat' dir='ltr'><strong>urijurando</strong></span> <span class='ocrx_word' id='word_1_240' title='bbox 3092 449 3394 520; x_wconf 82' lang='lat' dir='ltr'><strong>adjectum</strong></span> <span class='ocrx_word' id='word_1_241' title='bbox 3411 465 3536 508; x_wconf 87' lang='lat' dir='ltr'><strong>non</strong></span> 
     </span>
    </p>
   </div>
   <div class='ocr_carea' id='block_1_35' title="bbox 1883 537 3536 610">
    <p class='ocr_par' dir='ltr' id='par_1_35' title="bbox 1883 537 3536 610">
     <span class='ocr_line' id='line_1_35' title="bbox 1883 537 3536 610; baseline 0.002 -18"><span class='ocrx_word' id='word_1_242' title='bbox 1883 539 1974 592; x_wconf 88' lang='lat' dir='ltr'><strong>est</strong></span> <span class='ocrx_word' id='word_1_243' title='bbox 1999 553 2072 592; x_wconf 91' lang='lat' dir='ltr'><strong>ne</strong></span> <span class='ocrx_word' id='word_1_244' title='bbox 2095 537 2404 608; x_wconf 89' lang='lat' dir='ltr'><strong>paululum</strong></span> <span class='ocrx_word' id='word_1_245' title='bbox 2429 538 2674 610; x_wconf 84' lang='lat' dir='ltr'><strong>quidem</strong></span> <span class='ocrx_word' id='word_1_246' title='bbox 2699 537 2990 592; x_wconf 89' lang='lat' dir='ltr'><strong>Mindanis</strong></span> <span class='ocrx_word' id='word_1_247' title='bbox 3009 554 3410 608; x_wconf 89' lang='lat' dir='ltr'><strong>recessurum,</strong></span> <span class='ocrx_word' id='word_1_248' title='bbox 3427 540 3536 596; x_wconf 88' lang='lat' dir='ltr'><strong>sed</strong></span> 
     </span>
    </p>
   </div>
   <div class='ocr_carea' id='block_1_36' title="bbox 1879 625 3541 697">
    <p class='ocr_par' dir='ltr' id='par_1_36' title="bbox 1879 625 3541 697">
     <span class='ocr_line' id='line_1_36' title="bbox 1879 625 3541 697; baseline 0.004 -17"><span class='ocrx_word' id='word_1_249' title='bbox 1879 625 2164 696; x_wconf 86' lang='lat' dir='ltr'><strong>deinceps</strong></span> <span class='ocrx_word' id='word_1_250' title='bbox 2185 641 2674 697; x_wconf 84' lang='lat' dir='ltr'><strong>permansurum.</strong></span> <span class='ocrx_word' id='word_1_251' title='bbox 2693 629 2808 681; x_wconf 85' lang='lat' dir='ltr'><strong>Nos</strong></span> <span class='ocrx_word' id='word_1_252' title='bbox 2829 631 3028 682; x_wconf 88' lang='lat' dir='ltr'><strong>autem</strong></span> <span class='ocrx_word' id='word_1_253' title='bbox 3054 629 3265 684; x_wconf 78' lang='lat' dir='ltr'><strong>Severo</strong></span> <span class='ocrx_word' id='word_1_254' title='bbox 3285 627 3541 686; x_wconf 88' lang='lat' dir='ltr'><strong>oblivio-</strong></span> 
     </span>
    </p>
   </div>
   <div class='ocr_carea' id='block_1_37' title="bbox 1879 716 3528 785">
    <p class='ocr_par' dir='ltr' id='par_1_37' title="bbox 1879 716 3528 785">
     <span class='ocr_line' id='line_1_37' title="bbox 1879 716 3528 785; baseline 0.003 -17"><span class='ocrx_word' id='word_1_255' title='bbox 1879 729 2020 769; x_wconf 87' lang='lat' dir='ltr'><strong>nem</strong></span> <span class='ocrx_word' id='word_1_256' title='bbox 2047 716 2322 770; x_wconf 86' lang='lat' dir='ltr'><strong>causanti</strong></span> <span class='ocrx_word' id='word_1_257' title='bbox 2352 716 2436 770; x_wconf 90' lang='lat' dir='ltr'><strong>sic</strong></span> <span class='ocrx_word' id='word_1_258' title='bbox 2461 716 2868 785; x_wconf 81' lang='lat' dir='ltr'><strong>ignoscemus,</strong></span> <span class='ocrx_word' id='word_1_259' title='bbox 2893 721 2958 770; x_wconf 90' lang='lat' dir='ltr'><strong>ut</strong></span> <span class='ocrx_word' id='word_1_260' title='bbox 2983 731 3120 770; x_wconf 92' lang='lat' dir='ltr'><strong>eum</strong></span> <span class='ocrx_word' id='word_1_261' title='bbox 3149 733 3528 784; x_wconf 82' lang='lat' dir='ltr'><strong>maneamus,</strong></span> 
     </span>
    </p>
   </div>
   <div class='ocr_carea' id='block_1_38' title="bbox 1879 803 3530 874">
    <p class='ocr_par' dir='ltr' id='par_1_38' title="bbox 1879 803 3530 874">
     <span class='ocr_line' id='line_1_38' title="bbox 1879 803 3530 874; baseline 0.003 -16"><span class='ocrx_word' id='word_1_262' title='bbox 1879 803 2252 859; x_wconf 88' lang='lat' dir='ltr'><strong>occultorum</strong></span> <span class='ocrx_word' id='word_1_263' title='bbox 2267 804 2638 874; x_wconf 79' lang='lat' dir='ltr'><strong>cognitorem</strong></span> <span class='ocrx_word' id='word_1_264' title='bbox 2653 819 2824 858; x_wconf 89' lang='lat' dir='ltr'><strong>suam</strong></span> <span class='ocrx_word' id='word_1_265' title='bbox 2849 803 3037 874; x_wconf 85' lang='lat' dir='ltr'><strong>ipsius</strong></span> <span class='ocrx_word' id='word_1_266' title='bbox 3065 805 3385 862; x_wconf 79' lang='lat' dir='ltr'><strong>Ecclesium</strong></span> <span class='ocrx_word' id='word_1_267' title='bbox 3404 821 3530 863; x_wconf 90' lang='lat' dir='ltr'><strong>non</strong></span> 
     </span>
    </p>
   </div>
   <div class='ocr_carea' id='block_1_39' title="bbox 1879 891 3528 968">
    <p class='ocr_par' dir='ltr' id='par_1_39' title="bbox 1879 891 3528 968">
     <span class='ocr_line' id='line_1_39' title="bbox 1879 891 3528 968; baseline 0.001 -19"><span class='ocrx_word' id='word_1_268' title='bbox 1879 908 2202 965; x_wconf 89' lang='lat' dir='ltr'><strong>passurum</strong></span> <span class='ocrx_word' id='word_1_269' title='bbox 2253 893 2331 950; x_wconf 87' lang='lat' dir='ltr'><strong>ab</strong></span> <span class='ocrx_word' id='word_1_270' title='bbox 2363 893 2662 964; x_wconf 88' lang='lat' dir='ltr'><strong>ejusmodi</strong></span> <span class='ocrx_word' id='word_1_271' title='bbox 2708 893 2954 948; x_wconf 87' lang='lat' dir='ltr'><strong>homine</strong></span> <span class='ocrx_word' id='word_1_272' title='bbox 2995 891 3346 952; x_wconf 82' lang='lat' dir='ltr'><strong>labefactari</strong></span> <span class='ocrx_word' id='word_1_273' title='bbox 3378 912 3391 951; x_wconf 92' lang='lat'><strong>:</strong></span> <span class='ocrx_word' id='word_1_274' title='bbox 3423 895 3528 968; x_wconf 85' lang='lat' dir='ltr'><strong>qui</strong></span> 
     </span>
    </p>
   </div>
   <div class='ocr_carea' id='block_1_40' title="bbox 1879 983 3528 1058">
    <p class='ocr_par' dir='ltr' id='par_1_40' title="bbox 1879 983 3528 1058">
     <span class='ocr_line' id='line_1_40' title="bbox 1879 983 3528 1058; baseline 0.002 -20"><span class='ocrx_word' id='word_1_275' title='bbox 1879 989 2094 1058; x_wconf 77' lang='lat' dir='ltr'><strong>praeter</strong></span> <span class='ocrx_word' id='word_1_276' title='bbox 2119 1000 2383 1040; x_wconf 84' lang='lat' dir='ltr'><strong>canones</strong></span> <span class='ocrx_word' id='word_1_277' title='bbox 2408 984 2486 1041; x_wconf 88' lang='lat' dir='ltr'><strong>ab</strong></span> <span class='ocrx_word' id='word_1_278' title='bbox 2510 983 2678 1039; x_wconf 87' lang='lat' dir='ltr'><strong>initio</strong></span> <span class='ocrx_word' id='word_1_279' title='bbox 2705 983 2861 1050; x_wconf 86' lang='lat' dir='ltr'><strong>fecit,</strong></span> <span class='ocrx_word' id='word_1_280' title='bbox 2877 999 2946 1039; x_wconf 88' lang='lat' dir='ltr'><strong>ac</strong></span> <span class='ocrx_word' id='word_1_281' title='bbox 2965 983 3368 1054; x_wconf 84' lang='lat' dir='ltr'><strong>jurejurando</strong></span> <span class='ocrx_word' id='word_1_282' title='bbox 3387 999 3528 1042; x_wconf 85' lang='lat' dir='ltr'><strong>con-</strong></span> 
     </span>
    </p>
   </div>
   <div class='ocr_carea' id='block_1_41' title="bbox 1879 1072 3526 1145">
    <p class='ocr_par' dir='ltr' id='par_1_41' title="bbox 1879 1072 3526 1145">
     <span class='ocr_line' id='line_1_41' title="bbox 1879 1072 3526 1145; baseline 0.001 -16"><span class='ocrx_word' id='word_1_283' title='bbox 1879 1077 1969 1129; x_wconf 88' lang='lat' dir='ltr'><strong>tra</strong></span> <span class='ocrx_word' id='word_1_284' title='bbox 2019 1073 2338 1142; x_wconf 79' lang='lat' dir='ltr'><strong>Evangelia</strong></span> <span class='ocrx_word' id='word_1_285' title='bbox 2394 1073 2684 1145; x_wconf 82' lang='lat' dir='ltr'><strong>astringit,</strong></span> <span class='ocrx_word' id='word_1_286' title='bbox 2762 1077 2820 1127; x_wconf 91' lang='lat' dir='ltr'><strong>et</strong></span> <span class='ocrx_word' id='word_1_287' title='bbox 2873 1072 3208 1144; x_wconf 88' lang='lat' dir='ltr'><strong>perjurium</strong></span> <span class='ocrx_word' id='word_1_288' title='bbox 3273 1073 3526 1131; x_wconf 86' lang='lat' dir='ltr'><strong>transfe-</strong></span> 
     </span>
    </p>
   </div>
   <div class='ocr_carea' id='block_1_42' title="bbox 1877 1161 3531 1235">
    <p class='ocr_par' dir='ltr' id='par_1_42' title="bbox 1877 1161 3531 1235">
     <span class='ocr_line' id='line_1_42' title="bbox 1877 1161 3531 1235; baseline 0.001 -17"><span class='ocrx_word' id='word_1_289' title='bbox 1877 1163 2066 1218; x_wconf 89' lang='lat' dir='ltr'><strong>rendo</strong></span> <span class='ocrx_word' id='word_1_290' title='bbox 2093 1164 2324 1234; x_wconf 86' lang='lat' dir='ltr'><strong>edocet,</strong></span> <span class='ocrx_word' id='word_1_291' title='bbox 2349 1179 2418 1218; x_wconf 87' lang='lat' dir='ltr'><strong>ac</strong></span> <span class='ocrx_word' id='word_1_292' title='bbox 2441 1167 2767 1235; x_wconf 87' lang='lat' dir='ltr'><strong>postremo,</strong></span> <span class='ocrx_word' id='word_1_293' title='bbox 2791 1161 2938 1216; x_wconf 90' lang='lat' dir='ltr'><strong>dum</strong></span> <span class='ocrx_word' id='word_1_294' title='bbox 2961 1161 3328 1218; x_wconf 85' lang='lat' dir='ltr'><strong>oblivionem</strong></span> <span class='ocrx_word' id='word_1_295' title='bbox 3350 1163 3531 1219; x_wconf 86' lang='lat' dir='ltr'><strong>simu-</strong></span> 
     </span>
    </p>
   </div>
   <div class='ocr_carea' id='block_1_43' title="bbox 1877 1251 3531 1323">
    <p class='ocr_par' dir='ltr' id='par_1_43' title="bbox 1877 1251 3531 1323">
     <span class='ocr_line' id='line_1_43' title="bbox 1877 1251 3531 1323; baseline 0.001 -15"><span class='ocrx_word' id='word_1_296' title='bbox 1877 1253 1979 1318; x_wconf 87' lang='lat' dir='ltr'><strong>lat,</strong></span> <span class='ocrx_word' id='word_1_297' title='bbox 2009 1254 2309 1308; x_wconf 87' lang='lat' dir='ltr'><strong>mentitur.</strong></span> <span class='ocrx_word' id='word_1_298' title='bbox 2347 1252 2456 1308; x_wconf 91' lang='lat' dir='ltr'><strong>Sed</strong></span> <span class='ocrx_word' id='word_1_299' title='bbox 2488 1251 2780 1323; x_wconf 88' lang='lat' dir='ltr'><strong>quoniam</strong></span> <span class='ocrx_word' id='word_1_300' title='bbox 2827 1251 3102 1306; x_wconf 88' lang='lat' dir='ltr'><strong>cordium</strong></span> <span class='ocrx_word' id='word_1_301' title='bbox 3128 1251 3364 1323; x_wconf 90' lang='lat' dir='ltr'><strong>judices</strong></span> <span class='ocrx_word' id='word_1_302' title='bbox 3407 1267 3531 1309; x_wconf 93' lang='lat' dir='ltr'><strong>non</strong></span> 
     </span>
    </p>
   </div>
   <div class='ocr_carea' id='block_1_44' title="bbox 1881 1341 3530 1414">
    <p class='ocr_par' dir='ltr' id='par_1_44' title="bbox 1881 1341 3530 1414">
     <span class='ocr_line' id='line_1_44' title="bbox 1881 1341 3530 1414; baseline 0.001 -16"><span class='ocrx_word' id='word_1_303' title='bbox 1881 1359 2116 1412; x_wconf 90' lang='lat' dir='ltr'><strong>sumus,</strong></span> <span class='ocrx_word' id='word_1_304' title='bbox 2149 1344 2253 1398; x_wconf 89' lang='lat' dir='ltr'><strong>sed</strong></span> <span class='ocrx_word' id='word_1_305' title='bbox 2301 1361 2372 1398; x_wconf 86' lang='lat' dir='ltr'><strong>ex</strong></span> <span class='ocrx_word' id='word_1_306' title='bbox 2405 1343 2476 1398; x_wconf 90' lang='lat' dir='ltr'><strong>iis</strong></span> <span class='ocrx_word' id='word_1_307' title='bbox 2508 1357 2641 1414; x_wconf 58' lang='lat' dir='ltr'><strong>quae</strong></span> <span class='ocrx_word' id='word_1_308' title='bbox 2673 1341 2974 1408; x_wconf 88' lang='lat' dir='ltr'><strong>audimus,</strong></span> <span class='ocrx_word' id='word_1_309' title='bbox 3013 1342 3382 1412; x_wconf 86' lang='lat' dir='ltr'><strong>judicamus,</strong></span> <span class='ocrx_word' id='word_1_310' title='bbox 3431 1345 3530 1400; x_wconf 89' lang='lat' dir='ltr'><strong>de-</strong></span> 
     </span>
    </p>
   </div>
   <div class='ocr_carea' id='block_1_45' title="bbox 1883 1431 3533 1503">
    <p class='ocr_par' dir='ltr' id='par_1_45' title="bbox 1883 1431 3533 1503">
     <span class='ocr_line' id='line_1_45' title="bbox 1883 1431 3533 1503; baseline 0.001 -15"><span class='ocrx_word' id='word_1_311' title='bbox 1883 1449 2018 1488; x_wconf 89' lang='lat' dir='ltr'><strong>mus</strong></span> <span class='ocrx_word' id='word_1_312' title='bbox 2053 1433 2304 1488; x_wconf 89' lang='lat' dir='ltr'><strong>Domino</strong></span> <span class='ocrx_word' id='word_1_313' title='bbox 2333 1431 2676 1497; x_wconf 85' lang='lat' dir='ltr'><strong>vindictam,</strong></span> <span class='ocrx_word' id='word_1_314' title='bbox 2705 1445 2967 1503; x_wconf 89' lang='lat' dir='ltr'><strong>eumque</strong></span> <span class='ocrx_word' id='word_1_315' title='bbox 2988 1431 3136 1487; x_wconf 86' lang='lat' dir='ltr'><strong>citra</strong></span> <span class='ocrx_word' id='word_1_316' title='bbox 3161 1447 3416 1489; x_wconf 84' lang='lat' dir='ltr'><strong>examen</strong></span> <span class='ocrx_word' id='word_1_317' title='bbox 3437 1449 3533 1489; x_wconf 90' lang='lat' dir='ltr'><strong>su-</strong></span> 
     </span>
    </p>
   </div>
   <div class='ocr_carea' id='block_1_46' title="bbox 1884 1517 3532 1592">
    <p class='ocr_par' dir='ltr' id='par_1_46' title="bbox 1884 1517 3532 1592">
     <span class='ocr_line' id='line_1_46' title="bbox 1884 1517 3532 1592; baseline 0.001 -16"><span class='ocrx_word' id='word_1_318' title='bbox 1884 1521 2232 1592; x_wconf 88' lang='lat' dir='ltr'><strong>spiciamus,</strong></span> <span class='ocrx_word' id='word_1_319' title='bbox 2262 1521 2531 1576; x_wconf 86' lang='lat' dir='ltr'><strong>humano</strong></span> <span class='ocrx_word' id='word_1_320' title='bbox 2559 1519 2724 1590; x_wconf 81' lang='lat' dir='ltr'><strong>vitio,</strong></span> <span class='ocrx_word' id='word_1_321' title='bbox 2773 1517 3062 1574; x_wconf 87' lang='lat' dir='ltr'><strong>oblivioni</strong></span> <span class='ocrx_word' id='word_1_322' title='bbox 3091 1519 3332 1592; x_wconf 82' lang='lat' dir='ltr'><strong>scilicet,</strong></span> <span class='ocrx_word' id='word_1_323' title='bbox 3363 1521 3532 1592; x_wconf 79' lang='lat' dir='ltr'><strong>igno~</strong></span> 
     </span>
    </p>
   </div>
   <div class='ocr_carea' id='block_1_47' title="bbox 1884 1615 2136 1666">
    <p class='ocr_par' dir='ltr' id='par_1_47' title="bbox 1884 1615 2136 1666">
     <span class='ocr_line' id='line_1_47' title="bbox 1884 1615 2136 1666; baseline -0.004 -2"><span class='ocrx_word' id='word_1_324' title='bbox 1884 1615 2136 1666; x_wconf 89' lang='lat' dir='ltr'><strong>scentes.</strong></span> 
     </span>
    </p>
   </div>
   <div class='ocr_carea' id='block_1_48' title="bbox 1809 1695 3534 1768">
    <p class='ocr_par' dir='ltr' id='par_1_48' title="bbox 1809 1695 3534 1768">
     <span class='ocr_line' id='line_1_48' title="bbox 1809 1695 3534 1768; baseline 0.001 -13"><span class='ocrx_word' id='word_1_325' title='bbox 1809 1715 1848 1768; x_wconf 78' lang='grc' dir='ltr'>Β</span> <span class='ocrx_word' id='word_1_326' title='bbox 1957 1703 2040 1756; x_wconf 96' lang='lat' dir='ltr'><strong>XI.</strong></span> <span class='ocrx_word' id='word_1_327' title='bbox 2073 1699 2183 1765; x_wconf 87' lang='lat' dir='ltr'><strong>Qui</strong></span> <span class='ocrx_word' id='word_1_328' title='bbox 2205 1703 2404 1754; x_wconf 90' lang='lat' dir='ltr'><strong>autem</strong></span> <span class='ocrx_word' id='word_1_329' title='bbox 2435 1695 2900 1753; x_wconf 80' lang='lat' dir='ltr'><strong>involuntariam</strong></span> <span class='ocrx_word' id='word_1_330' title='bbox 2919 1695 3148 1754; x_wconf 63' lang='lat' dir='ltr'><strong>caedem</strong></span> <span class='ocrx_word' id='word_1_331' title='bbox 3169 1697 3324 1766; x_wconf 85' lang='lat' dir='ltr'><strong>fecit,</strong></span> <span class='ocrx_word' id='word_1_332' title='bbox 3347 1699 3534 1756; x_wconf 89' lang='lat' dir='ltr'><strong>unde-</strong></span> 
     </span>
    </p>
   </div>
   <div class='ocr_carea' id='block_1_49' title="bbox 1885 1785 3536 1858">
    <p class='ocr_par' dir='ltr' id='par_1_49' title="bbox 1885 1785 3536 1858">
     <span class='ocr_line' id='line_1_49' title="bbox 1885 1785 3536 1858; baseline 0.001 -13"><span class='ocrx_word' id='word_1_333' title='bbox 1885 1790 2002 1845; x_wconf 91' lang='lat' dir='ltr'><strong>cim</strong></span> <span class='ocrx_word' id='word_1_334' title='bbox 2026 1804 2324 1844; x_wconf 89' lang='lat' dir='ltr'><strong>annorum</strong></span> <span class='ocrx_word' id='word_1_335' title='bbox 2339 1787 2534 1858; x_wconf 88' lang='lat' dir='ltr'><strong>spatio</strong></span> <span class='ocrx_word' id='word_1_336' title='bbox 2555 1786 2800 1842; x_wconf 90' lang='lat' dir='ltr'><strong>abunde</strong></span> <span class='ocrx_word' id='word_1_337' title='bbox 2813 1785 3042 1857; x_wconf 90' lang='lat' dir='ltr'><strong>judicio</strong></span> <span class='ocrx_word' id='word_1_338' title='bbox 3063 1787 3536 1846; x_wconf 87' lang='lat' dir='ltr'><strong>satisfecit.Nam</strong></span> 
     </span>
    </p>
   </div>
   <div class='ocr_carea' id='block_1_50' title="bbox 1886 1876 3538 1952">
    <p class='ocr_par' dir='ltr' id='par_1_50' title="bbox 1886 1876 3538 1952">
     <span class='ocr_line' id='line_1_50' title="bbox 1886 1876 3538 1952; baseline -0.001 -18"><span class='ocrx_word' id='word_1_339' title='bbox 1886 1879 2066 1934; x_wconf 90' lang='lat' dir='ltr'><strong>dubio</strong></span> <span class='ocrx_word' id='word_1_340' title='bbox 2095 1879 2328 1950; x_wconf 88' lang='lat' dir='ltr'><strong>procul,</strong></span> <span class='ocrx_word' id='word_1_341' title='bbox 2357 1891 2501 1946; x_wconf 87' lang='lat' dir='ltr'><strong>erga</strong></span> <span class='ocrx_word' id='word_1_342' title='bbox 2553 1892 2655 1932; x_wconf 90' lang='lat' dir='ltr'><strong>eos</strong></span> <span class='ocrx_word' id='word_1_343' title='bbox 2685 1877 2790 1947; x_wconf 88' lang='lat' dir='ltr'><strong>qui</strong></span> <span class='ocrx_word' id='word_1_344' title='bbox 2821 1876 3090 1948; x_wconf 89' lang='lat' dir='ltr'><strong>percussi</strong></span> <span class='ocrx_word' id='word_1_345' title='bbox 3129 1883 3288 1942; x_wconf 90' lang='lat' dir='ltr'><strong>sunt,</strong></span> <span class='ocrx_word' id='word_1_346' title='bbox 3321 1878 3538 1952; x_wconf 85' lang='lat' dir='ltr'><strong>Moysis</strong></span> 
     </span>
    </p>
   </div>
   <div class='ocr_carea' id='block_1_51' title="bbox 1887 1963 3542 2040">
    <p class='ocr_par' dir='ltr' id='par_1_51' title="bbox 1887 1963 3542 2040">
     <span class='ocr_line' id='line_1_51' title="bbox 1887 1963 3542 2040; baseline 0 -17"><span class='ocrx_word' id='word_1_347' title='bbox 1887 1967 2232 2040; x_wconf 66' lang='lat' dir='ltr'><strong>praescripta</strong></span> <span class='ocrx_word' id='word_1_348' title='bbox 2243 1963 2726 2032; x_wconf 87' lang='lat' dir='ltr'><strong>observabimus,</strong></span> <span class='ocrx_word' id='word_1_349' title='bbox 2748 1981 2820 2021; x_wconf 88' lang='lat' dir='ltr'><strong>ac</strong></span> <span class='ocrx_word' id='word_1_350' title='bbox 2839 1981 2978 2020; x_wconf 89' lang='lat' dir='ltr'><strong>eum</strong></span> <span class='ocrx_word' id='word_1_351' title='bbox 2995 1966 3098 2038; x_wconf 87' lang='lat' dir='ltr'><strong>qui</strong></span> <span class='ocrx_word' id='word_1_352' title='bbox 3115 1965 3542 2040; x_wconf 86' lang='lat' dir='ltr'><strong>decubuitqui-</strong></span> 
     </span>
    </p>
   </div>
   <div class='ocr_carea' id='block_1_52' title="bbox 1887 2053 3542 2126">
    <p class='ocr_par' dir='ltr' id='par_1_52' title="bbox 1887 2053 3542 2126">
     <span class='ocr_line' id='line_1_52' title="bbox 1887 2053 3542 2126; baseline 0.001 -15"><span class='ocrx_word' id='word_1_353' title='bbox 1887 2055 2026 2112; x_wconf 91' lang='lat' dir='ltr'><strong>dem</strong></span> <span class='ocrx_word' id='word_1_354' title='bbox 2053 2059 2188 2126; x_wconf 90' lang='lat' dir='ltr'><strong>post</strong></span> <span class='ocrx_word' id='word_1_355' title='bbox 2218 2059 2494 2126; x_wconf 88' lang='lat' dir='ltr'><strong>acceptas</strong></span> <span class='ocrx_word' id='word_1_356' title='bbox 2526 2053 2758 2125; x_wconf 87' lang='lat' dir='ltr'><strong>plagas,</strong></span> <span class='ocrx_word' id='word_1_357' title='bbox 2793 2054 2898 2108; x_wconf 90' lang='lat' dir='ltr'><strong>sed</strong></span> <span class='ocrx_word' id='word_1_358' title='bbox 2939 2053 3156 2110; x_wconf 87' lang='lat' dir='ltr'><strong>iterum</strong></span> <span class='ocrx_word' id='word_1_359' title='bbox 3187 2053 3405 2112; x_wconf 90' lang='lat' dir='ltr'><strong>baculo</strong></span> <span class='ocrx_word' id='word_1_360' title='bbox 3431 2071 3542 2112; x_wconf 87' lang='lat' dir='ltr'><strong>suo</strong></span> 
     </span>
    </p>
   </div>
   <div class='ocr_carea' id='block_1_53' title="bbox 1887 2141 3540 2210">
    <p class='ocr_par' dir='ltr' id='par_1_53' title="bbox 1887 2141 3540 2210">
     <span class='ocr_line' id='line_1_53' title="bbox 1887 2141 3540 2210; baseline 0.002 -14"><span class='ocrx_word' id='word_1_361' title='bbox 1887 2141 2130 2200; x_wconf 81' lang='lat' dir='ltr'><strong>innixus</strong></span> <span class='ocrx_word' id='word_1_362' title='bbox 2146 2142 2628 2210; x_wconf 85' lang='lat' dir='ltr'><strong>ambulavit,non</strong></span> <span class='ocrx_word' id='word_1_363' title='bbox 2645 2141 3030 2198; x_wconf 85' lang='lat' dir='ltr'><strong>censebimus</strong></span> <span class='ocrx_word' id='word_1_364' title='bbox 3043 2143 3313 2200; x_wconf 88' lang='lat' dir='ltr'><strong>occisum</strong></span> <span class='ocrx_word' id='word_1_365' title='bbox 3335 2143 3540 2200; x_wconf 85' lang='lat' dir='ltr'><strong>fuisse.</strong></span> 
     </span>
    </p>
   </div>
   <div class='ocr_carea' id='block_1_54' title="bbox 1893 2231 3547 2304">
    <p class='ocr_par' dir='ltr' id='par_1_54' title="bbox 1893 2231 3547 2304">
     <span class='ocr_line' id='line_1_54' title="bbox 1893 2231 3547 2304; baseline 0.001 -15"><span class='ocrx_word' id='word_1_366' title='bbox 1893 2235 1990 2290; x_wconf 90' lang='lat' dir='ltr'><strong>Sin</strong></span> <span class='ocrx_word' id='word_1_367' title='bbox 2011 2237 2212 2288; x_wconf 87' lang='lat' dir='ltr'><strong>autem</strong></span> <span class='ocrx_word' id='word_1_368' title='bbox 2237 2247 2358 2288; x_wconf 92' lang='lat' dir='ltr'><strong>non</strong></span> <span class='ocrx_word' id='word_1_369' title='bbox 2379 2231 2628 2288; x_wconf 84' lang='lat' dir='ltr'><strong>surrexit</strong></span> <span class='ocrx_word' id='word_1_370' title='bbox 2649 2235 2782 2302; x_wconf 90' lang='lat' dir='ltr'><strong>post</strong></span> <span class='ocrx_word' id='word_1_371' title='bbox 2799 2231 3186 2304; x_wconf 87' lang='lat' dir='ltr'><strong>plagas,quia</strong></span> <span class='ocrx_word' id='word_1_372' title='bbox 3207 2237 3409 2290; x_wconf 87' lang='lat' dir='ltr'><strong>tamen</strong></span> <span class='ocrx_word' id='word_1_373' title='bbox 3423 2247 3547 2290; x_wconf 90' lang='lat' dir='ltr'><strong>non</strong></span> 
     </span>
    </p>
   </div>
   <div class='ocr_carea' id='block_1_55' title="bbox 1891 2318 3552 2394">
    <p class='ocr_par' dir='ltr' id='par_1_55' title="bbox 1891 2318 3552 2394">
     <span class='ocr_line' id='line_1_55' title="bbox 1891 2318 3552 2394; baseline 0 -16"><span class='ocrx_word' id='word_1_374' title='bbox 1891 2323 2078 2379; x_wconf 87' lang='lat' dir='ltr'><strong>voluit</strong></span> <span class='ocrx_word' id='word_1_375' title='bbox 2103 2321 2375 2378; x_wconf 89' lang='lat' dir='ltr'><strong>occidere</strong></span> <span class='ocrx_word' id='word_1_376' title='bbox 2401 2321 2450 2376; x_wconf 91' lang='lat' dir='ltr'><strong>is</strong></span> <span class='ocrx_word' id='word_1_377' title='bbox 2491 2319 2598 2392; x_wconf 89' lang='lat' dir='ltr'><strong>qui</strong></span> <span class='ocrx_word' id='word_1_378' title='bbox 2641 2318 2914 2390; x_wconf 82' lang='lat' dir='ltr'><strong>perculit,</strong></span> <span class='ocrx_word' id='word_1_379' title='bbox 2955 2318 3264 2379; x_wconf 89' lang='lat' dir='ltr'><strong>homicida</strong></span> <span class='ocrx_word' id='word_1_380' title='bbox 3301 2321 3552 2394; x_wconf 85' lang='lat' dir='ltr'><strong>quidem</strong></span> 
     </span>
    </p>
   </div>
   <div class='ocr_carea' id='block_1_56' title="bbox 1895 2409 3314 2482">
    <p class='ocr_par' dir='ltr' id='par_1_56' title="bbox 1895 2409 3314 2482">
     <span class='ocr_line' id='line_1_56' title="bbox 1895 2409 3314 2482; baseline -0.002 -12"><span class='ocrx_word' id='word_1_381' title='bbox 1895 2417 2004 2482; x_wconf 88' lang='lat' dir='ltr'><strong>est,</strong></span> <span class='ocrx_word' id='word_1_382' title='bbox 2037 2411 2144 2467; x_wconf 90' lang='lat' dir='ltr'><strong>sed</strong></span> <span class='ocrx_word' id='word_1_383' title='bbox 2171 2409 2606 2466; x_wconf 87' lang='lat' dir='ltr'><strong>involuntarius</strong></span> <span class='ocrx_word' id='word_1_384' title='bbox 2639 2413 2886 2480; x_wconf 85' lang='lat' dir='ltr'><strong>propter</strong></span> <span class='ocrx_word' id='word_1_385' title='bbox 2913 2411 3314 2482; x_wconf 89' lang='lat' dir='ltr'><strong>propositum.</strong></span> 
     </span>
    </p>
   </div>
   <div class='ocr_carea' id='block_1_57' title="bbox 1967 2496 3558 2568">
    <p class='ocr_par' dir='ltr' id='par_1_57' title="bbox 1967 2496 3558 2568">
     <span class='ocr_line' id='line_1_57' title="bbox 1967 2496 3558 2568; baseline 0.001 -11"><span class='ocrx_word' id='word_1_386' title='bbox 1967 2501 2079 2557; x_wconf 91' lang='lat' dir='ltr'><strong>XII.</strong></span> <span class='ocrx_word' id='word_1_387' title='bbox 2108 2501 2310 2556; x_wconf 87' lang='lat' dir='ltr'><strong>Canon</strong></span> <span class='ocrx_word' id='word_1_388' title='bbox 2337 2498 2588 2554; x_wconf 89' lang='lat' dir='ltr'><strong>omnino</strong></span> <span class='ocrx_word' id='word_1_389' title='bbox 2629 2496 2910 2568; x_wconf 90' lang='lat' dir='ltr'><strong>digamos</strong></span> <span class='ocrx_word' id='word_1_390' title='bbox 2943 2513 2980 2554; x_wconf 90' lang='lat' dir='ltr'><strong>a</strong></span> <span class='ocrx_word' id='word_1_391' title='bbox 3002 2499 3330 2557; x_wconf 89' lang='lat' dir='ltr'><strong>ministerio</strong></span> <span class='ocrx_word' id='word_1_392' title='bbox 3361 2499 3558 2560; x_wconf 84' lang='lat' dir='ltr'><strong>exclu-</strong></span> 
     </span>
    </p>
   </div>
   <div class='ocr_carea' id='block_1_58' title="bbox 1903 2589 1996 2646">
    <p class='ocr_par' dir='ltr' id='par_1_58' title="bbox 1903 2589 1996 2646">
     <span class='ocr_line' id='line_1_58' title="bbox 1903 2589 1996 2646; baseline -0.011 0"><span class='ocrx_word' id='word_1_393' title='bbox 1903 2589 1996 2646; x_wconf 91' lang='lat' dir='ltr'><strong>sit.</strong></span> 
     </span>
    </p>
   </div>
   <div class='ocr_carea' id='block_1_59' title="bbox 1975 2677 3562 2754">
    <p class='ocr_par' dir='ltr' id='par_1_59' title="bbox 1975 2677 3562 2754">
     <span class='ocr_line' id='line_1_59' title="bbox 1975 2677 3562 2754; baseline 0.003 -19"><span class='ocrx_word' id='word_1_394' title='bbox 1975 2682 2110 2737; x_wconf 83' lang='lat' dir='ltr'><strong>XIII.</strong></span> <span class='ocrx_word' id='word_1_395' title='bbox 2139 2677 2341 2734; x_wconf 70' lang='lat' dir='ltr'><strong>Caedes</strong></span> <span class='ocrx_word' id='word_1_396' title='bbox 2369 2678 2428 2734; x_wconf 92' lang='lat' dir='ltr'><strong>in</strong></span> <span class='ocrx_word' id='word_1_397' title='bbox 2453 2677 2626 2734; x_wconf 88' lang='lat' dir='ltr'><strong>bellis</strong></span> <span class='ocrx_word' id='word_1_398' title='bbox 2655 2677 2846 2734; x_wconf 84' lang='lat' dir='ltr'><strong>factas</strong></span> <span class='ocrx_word' id='word_1_399' title='bbox 2875 2681 3074 2750; x_wconf 87' lang='lat' dir='ltr'><strong>patres</strong></span> <span class='ocrx_word' id='word_1_400' title='bbox 3094 2680 3284 2738; x_wconf 88' lang='lat' dir='ltr'><strong>nostri</strong></span> <span class='ocrx_word' id='word_1_401' title='bbox 3311 2697 3422 2754; x_wconf 92' lang='lat' dir='ltr'><strong>pro</strong></span> <span class='ocrx_word' id='word_1_402' title='bbox 3452 2697 3562 2739; x_wconf 72' lang='lat' dir='ltr'><strong>caa-</strong></span> 
     </span>
    </p>
   </div>
   <div class='ocr_carea' id='block_1_60' title="bbox 1904 2767 3562 2843">
    <p class='ocr_par' dir='ltr' id='par_1_60' title="bbox 1904 2767 3562 2843">
     <span class='ocr_line' id='line_1_60' title="bbox 1904 2767 3562 2843; baseline 0.001 -17"><span class='ocrx_word' id='word_1_403' title='bbox 1904 2769 2085 2826; x_wconf 92' lang='lat' dir='ltr'><strong>dibus</strong></span> <span class='ocrx_word' id='word_1_404' title='bbox 2131 2783 2252 2824; x_wconf 89' lang='lat' dir='ltr'><strong>non</strong></span> <span class='ocrx_word' id='word_1_405' title='bbox 2283 2767 2585 2836; x_wconf 87' lang='lat' dir='ltr'><strong>habuere;</strong></span> <span class='ocrx_word' id='word_1_406' title='bbox 2635 2767 2728 2834; x_wconf 91' lang='lat' dir='ltr'><strong>iis,</strong></span> <span class='ocrx_word' id='word_1_407' title='bbox 2759 2771 2826 2823; x_wconf 87' lang='lat' dir='ltr'><strong>ut</strong></span> <span class='ocrx_word' id='word_1_408' title='bbox 2845 2767 2995 2824; x_wconf 90' lang='lat' dir='ltr'><strong>mihi</strong></span> <span class='ocrx_word' id='word_1_409' title='bbox 3034 2769 3284 2840; x_wconf 86' lang='lat' dir='ltr'><strong>videtur,</strong></span> <span class='ocrx_word' id='word_1_410' title='bbox 3318 2771 3422 2843; x_wconf 89' lang='lat' dir='ltr'><strong>qui</strong></span> <span class='ocrx_word' id='word_1_411' title='bbox 3451 2788 3562 2843; x_wconf 91' lang='lat' dir='ltr'><strong>pro</strong></span> 
     </span>
    </p>
   </div>
   <div class='ocr_carea' id='block_1_61' title="bbox 1907 2858 3562 2933">
    <p class='ocr_par' dir='ltr' id='par_1_61' title="bbox 1907 2858 3562 2933">
     <span class='ocr_line' id='line_1_61' title="bbox 1907 2858 3562 2933; baseline 0.001 -18"><span class='ocrx_word' id='word_1_412' title='bbox 1907 2859 2192 2933; x_wconf 87' lang='lat' dir='ltr'><strong>pudicitia</strong></span> <span class='ocrx_word' id='word_1_413' title='bbox 2221 2874 2290 2914; x_wconf 87' lang='lat' dir='ltr'><strong>ac</strong></span> <span class='ocrx_word' id='word_1_414' title='bbox 2321 2858 2536 2930; x_wconf 85' lang='lat' dir='ltr'><strong>pietate</strong></span> <span class='ocrx_word' id='word_1_415' title='bbox 2557 2862 2850 2929; x_wconf 81' lang='lat' dir='ltr'><strong>pugnant,</strong></span> <span class='ocrx_word' id='word_1_416' title='bbox 2875 2859 3562 2926; x_wconf 86' lang='lat' dir='ltr'><strong>ignoscentes.Fortasse</strong></span> 
     </span>
    </p>
   </div>
   <div class='ocr_carea' id='block_1_62' title="bbox 1911 2945 3564 3018">
    <p class='ocr_par' dir='ltr' id='par_1_62' title="bbox 1911 2945 3564 3018">
     <span class='ocr_line' id='line_1_62' title="bbox 1911 2945 3564 3018; baseline 0 -12"><span class='ocrx_word' id='word_1_417' title='bbox 1911 2955 2112 3006; x_wconf 88' lang='lat' dir='ltr'><strong>tamen</strong></span> <span class='ocrx_word' id='word_1_418' title='bbox 2167 2951 2322 3002; x_wconf 88' lang='lat' dir='ltr'><strong>recte</strong></span> <span class='ocrx_word' id='word_1_419' title='bbox 2353 2945 2723 3012; x_wconf 86' lang='lat' dir='ltr'><strong>suadebitur,</strong></span> <span class='ocrx_word' id='word_1_420' title='bbox 2757 2950 2822 3001; x_wconf 90' lang='lat' dir='ltr'><strong>ut</strong></span> <span class='ocrx_word' id='word_1_421' title='bbox 2867 2946 3001 3018; x_wconf 91' lang='lat' dir='ltr'><strong>ipsi,</strong></span> <span class='ocrx_word' id='word_1_422' title='bbox 3035 2963 3174 3002; x_wconf 90' lang='lat' dir='ltr'><strong>cum</strong></span> <span class='ocrx_word' id='word_1_423' title='bbox 3207 2963 3424 3004; x_wconf 88' lang='lat' dir='ltr'><strong>manus</strong></span> <span class='ocrx_word' id='word_1_424' title='bbox 3467 2963 3564 3006; x_wconf 89' lang='lat' dir='ltr'><strong>eo-</strong></span> 
     </span>
    </p>
   </div>
   <div class='ocr_carea' id='block_1_63' title="bbox 194 3035 1818 3123">
    <p class='ocr_par' dir='ltr' id='par_1_63' title="bbox 194 3042 1800 3123">
     <span class='ocr_line' id='line_1_63' title="bbox 194 3042 1800 3123; baseline -0.004 -23"><span class='ocrx_word' id='word_1_425' title='bbox 194 3059 388 3123; x_wconf 79' lang='grc' dir='ltr'>χείρας</span> <span class='ocrx_word' id='word_1_426' title='bbox 439 3053 508 3120; x_wconf 79' lang='grc' dir='ltr'>μὴ</span> <span class='ocrx_word' id='word_1_427' title='bbox 559 3047 842 3120; x_wconf 79' lang='grc' dir='ltr'>καθαρούς,</span> <span class='ocrx_word' id='word_1_428' title='bbox 873 3053 1029 3118; x_wconf 83' lang='grc' dir='ltr'>τριῶν</span> <span class='ocrx_word' id='word_1_429' title='bbox 1069 3042 1188 3096; x_wconf 84' lang='grc' dir='ltr'>ἐτῶν</span> <span class='ocrx_word' id='word_1_430' title='bbox 1241 3045 1352 3114; x_wconf 75' lang='grc'><strong>(75)</strong></span> <span class='ocrx_word' id='word_1_431' title='bbox 1401 3053 1490 3104; x_wconf 83' lang='grc' dir='ltr'>τῆς</span> <span class='ocrx_word' id='word_1_432' title='bbox 1533 3047 1800 3105; x_wconf 88' lang='grc' dir='ltr'>κοινωνίας</span> 
     </span>
    </p>
   </div>
   <div class='ocr_carea' id='block_1_64' title="bbox 1916 3035 3566 3123">
    <p class='ocr_par' dir='ltr' id='par_1_64' title="bbox 1916 3035 3566 3111">
     <span class='ocr_line' id='line_1_64' title="bbox 1916 3035 3566 3111; baseline -0.001 -16"><span class='ocrx_word' id='word_1_433' title='bbox 1916 3055 2044 3095; x_wconf 89' lang='lat' dir='ltr'><strong>rum</strong></span> <span class='ocrx_word' id='word_1_434' title='bbox 2070 3053 2236 3111; x_wconf 69' lang='grc' dir='ltr'>ραι-ιε</span> <span class='ocrx_word' id='word_1_435' title='bbox 2265 3051 2388 3092; x_wconf 91' lang='lat' dir='ltr'><strong>non</strong></span> <span class='ocrx_word' id='word_1_436' title='bbox 2417 3035 2551 3101; x_wconf 86' lang='lat' dir='ltr'><strong>sint,</strong></span> <span class='ocrx_word' id='word_1_437' title='bbox 2575 3051 2680 3108; x_wconf 90' lang='lat' dir='ltr'><strong>per</strong></span> <span class='ocrx_word' id='word_1_438' title='bbox 2703 3041 2818 3091; x_wconf 89' lang='lat' dir='ltr'><strong>tres</strong></span> <span class='ocrx_word' id='word_1_439' title='bbox 2849 3051 3042 3092; x_wconf 91' lang='lat' dir='ltr'><strong>annos</strong></span> <span class='ocrx_word' id='word_1_440' title='bbox 3074 3052 3110 3094; x_wconf 87' lang='lat' dir='ltr'><strong>a</strong></span> <span class='ocrx_word' id='word_1_441' title='bbox 3140 3037 3268 3094; x_wconf 87' lang='lat' dir='ltr'><strong>sola</strong></span> <span class='ocrx_word' id='word_1_442' title='bbox 3293 3053 3566 3094; x_wconf 89' lang='lat' dir='ltr'><strong>commu-</strong></span> 
     </span>
    </p>
   </div>
   <div class='ocr_carea' id='block_1_65' title="bbox 196 3136 722 3212">
    <p class='ocr_par' dir='ltr' id='par_1_65' title="bbox 196 3136 722 3212">
     <span class='ocr_line' id='line_1_65' title="bbox 196 3136 722 3212; baseline -0.006 -20"><span class='ocrx_word' id='word_1_443' title='bbox 196 3145 364 3212; x_wconf 83' lang='grc' dir='ltr'>μόνης</span> <span class='ocrx_word' id='word_1_444' title='bbox 401 3136 722 3207; x_wconf 76' lang='grc' dir='ltr'>ἀπέχεσθαι.</span> 
     </span>
    </p>
   </div>
   <div class='ocr_carea' id='block_1_66' title="bbox 273 3218 1800 3296">
    <p class='ocr_par' dir='ltr' id='par_1_66' title="bbox 273 3218 1800 3296">
     <span class='ocr_line' id='line_1_66' title="bbox 273 3218 1800 3296; baseline -0.003 -17"><span class='ocrx_word' id='word_1_445' title='bbox 273 3226 374 3282; x_wconf 81' lang='grc' dir='ltr'><strong>ΙΔ’.</strong></span> <span class='ocrx_word' id='word_1_446' title='bbox 407 3227 468 3278; x_wconf 88' lang='grc' dir='ltr'>Ὁ</span> <span class='ocrx_word' id='word_1_447' title='bbox 505 3229 692 3285; x_wconf 84' lang='grc' dir='ltr'>τόκους</span> <span class='ocrx_word' id='word_1_448' title='bbox 732 3221 1004 3296; x_wconf 81' lang='grc' dir='ltr'>λαμϐάνων</span> <span class='ocrx_word' id='word_1_449' title='bbox 1049 3221 1182 3292; x_wconf 83' lang='grc'>(76),</span> <span class='ocrx_word' id='word_1_450' title='bbox 1223 3220 1310 3273; x_wconf 78' lang='grc' dir='ltr'><strong>ἐὰν</strong></span> <span class='ocrx_word' id='word_1_451' title='bbox 1359 3218 1713 3284; x_wconf 78' lang='grc' dir='ltr'>καταδέξηται</span> <span class='ocrx_word' id='word_1_452' title='bbox 1743 3225 1800 3274; x_wconf 89' lang='grc' dir='ltr'>τὸ</span> 
     </span>
    </p>
   </div>
   <div class='ocr_carea' id='block_1_67' title="bbox 193 3307 1804 3387">
    <p class='ocr_par' dir='ltr' id='par_1_67' title="bbox 193 3307 1804 3387">
     <span class='ocr_line' id='line_1_67' title="bbox 193 3307 1804 3387; baseline -0.002 -22"><span class='ocrx_word' id='word_1_453' title='bbox 193 3309 390 3365; x_wconf 72' lang='grc' dir='ltr'>ἄδικον</span> <span class='ocrx_word' id='word_1_454' title='bbox 441 3308 630 3387; x_wconf 72' lang='grc' dir='ltr'>κέρδος</span> <span class='ocrx_word' id='word_1_455' title='bbox 659 3311 730 3372; x_wconf 84' lang='grc' dir='ltr'>εἰς</span> <span class='ocrx_word' id='word_1_456' title='bbox 761 3314 1008 3382; x_wconf 84' lang='grc' dir='ltr'>πτωχοὺς</span> <span class='ocrx_word' id='word_1_457' title='bbox 1060 3307 1344 3373; x_wconf 79' lang='grc' dir='ltr'>ἀναλῶσαι,</span> <span class='ocrx_word' id='word_1_458' title='bbox 1385 3316 1475 3363; x_wconf 90' lang='grc' dir='ltr'>καὶ</span> <span class='ocrx_word' id='word_1_459' title='bbox 1501 3319 1591 3362; x_wconf 80' lang='grc' dir='ltr'>τοῦ</span> <span class='ocrx_word' id='word_1_460' title='bbox 1623 3319 1804 3363; x_wconf 75' lang='grc' dir='ltr'>Λοιποῦ</span> 
     </span>
    </p>
   </div>
   <div class='ocr_carea' id='block_1_68' title="bbox 195 3398 1803 3472">
    <p class='ocr_par' dir='ltr' id='par_1_68' title="bbox 195 3398 1803 3472">
     <span class='ocr_line' id='line_1_68' title="bbox 195 3398 1803 3472; baseline -0.001 -19"><span class='ocrx_word' id='word_1_461' title='bbox 195 3411 296 3456; x_wconf 80' lang='grc' dir='ltr'>τοῦ</span> <span class='ocrx_word' id='word_1_462' title='bbox 382 3407 677 3472; x_wconf 80' lang='grc' dir='ltr'>νοσήματος</span> <span class='ocrx_word' id='word_1_463' title='bbox 747 3407 842 3461; x_wconf 80' lang='grc' dir='ltr'>τῆς</span> <span class='ocrx_word' id='word_1_464' title='bbox 913 3398 1338 3472; x_wconf 69' lang='grc' dir='ltr'>φιλοχρηματίας</span> <span class='ocrx_word' id='word_1_465' title='bbox 1423 3399 1803 3472; x_wconf 75' lang='grc' dir='ltr'>ἀπαλλαγῆναι,</span> 
     </span>
    </p>
   </div>
   <div class='ocr_carea' id='block_1_69' title="bbox 199 3488 1026 3563">
    <p class='ocr_par' dir='ltr' id='par_1_69' title="bbox 199 3488 1026 3563">
     <span class='ocr_line' id='line_1_69' title="bbox 199 3488 1026 3563; baseline -0.006 -19"><span class='ocrx_word' id='word_1_466' title='bbox 199 3488 398 3550; x_wconf 72' lang='grc' dir='ltr'>δεκτός</span> <span class='ocrx_word' id='word_1_467' title='bbox 439 3489 575 3540; x_wconf 84' lang='grc' dir='ltr'>ἐστιν</span> <span class='ocrx_word' id='word_1_468' title='bbox 614 3489 684 3552; x_wconf 78' lang='grc' dir='ltr'><strong>εἰς</strong></span> <span class='ocrx_word' id='word_1_469' title='bbox 724 3491 1026 3563; x_wconf 81' lang='grc' dir='ltr'>ἱερωσύνην.</span> 
     </span>
    </p>
   </div>
   <div class='ocr_carea' id='block_1_70' title="bbox 283 3574 1809 3654">
    <p class='ocr_par' dir='ltr' id='par_1_70' title="bbox 283 3574 1809 3654">
     <span class='ocr_line' id='line_1_70' title="bbox 283 3574 1809 3654; baseline -0.002 -23"><span class='ocrx_word' id='word_1_470' title='bbox 283 3579 386 3634; x_wconf 84' lang='grc' dir='ltr'><strong>ΙΕ’.</strong></span> <span class='ocrx_word' id='word_1_471' title='bbox 444 3579 704 3648; x_wconf 78' lang='grc' dir='ltr'>Θαυμάζω</span> <span class='ocrx_word' id='word_1_472' title='bbox 741 3574 800 3630; x_wconf 77' lang='grc' dir='ltr'><strong>δέ</strong></span> <span class='ocrx_word' id='word_1_473' title='bbox 855 3597 968 3649; x_wconf 87' lang='grc' dir='ltr'>σου,</span> <span class='ocrx_word' id='word_1_474' title='bbox 1019 3581 1113 3636; x_wconf 83' lang='grc' dir='ltr'>τὴν</span> <span class='ocrx_word' id='word_1_475' title='bbox 1141 3582 1514 3652; x_wconf 75' lang='grc' dir='ltr'>γραμματικὴν</span> <span class='ocrx_word' id='word_1_476' title='bbox 1545 3577 1809 3654; x_wconf 78' lang='grc' dir='ltr'>ἀκρίϐειαν</span> 
     </span>
    </p>
   </div>
   <div class='ocr_carea' id='block_1_71' title="bbox 209 3665 1812 3741">
    <p class='ocr_par' dir='ltr' id='par_1_71' title="bbox 209 3665 1812 3741">
     <span class='ocr_line' id='line_1_71' title="bbox 209 3665 1812 3741; baseline -0.003 -18"><span class='ocrx_word' id='word_1_477' title='bbox 209 3669 302 3723; x_wconf 73' lang='grc' dir='ltr'>ἰπὶ</span> <span class='ocrx_word' id='word_1_478' title='bbox 358 3675 453 3728; x_wconf 75' lang='grc' dir='ltr'>τῆς</span> <span class='ocrx_word' id='word_1_479' title='bbox 511 3673 706 3739; x_wconf 77' lang='grc' dir='ltr'>Γραφῆς</span> <span class='ocrx_word' id='word_1_480' title='bbox 749 3665 1108 3734; x_wconf 77' lang='grc' dir='ltr'>ἀπαιτοῦντος,</span> <span class='ocrx_word' id='word_1_481' title='bbox 1167 3673 1252 3720; x_wconf 85' lang='grc' dir='ltr'>καὶ</span> <span class='ocrx_word' id='word_1_482' title='bbox 1314 3669 1670 3741; x_wconf 73' lang='grc' dir='ltr'>λογιζομένου,</span> <span class='ocrx_word' id='word_1_483' title='bbox 1734 3671 1812 3720; x_wconf 85' lang='grc' dir='ltr'>ὅτι</span> 
     </span>
    </p>
   </div>
   <div class='ocr_carea' id='block_1_72' title="bbox 205 3755 1810 3832">
    <p class='ocr_par' dir='ltr' id='par_1_72' title="bbox 205 3755 1810 3832">
     <span class='ocr_line' id='line_1_72' title="bbox 205 3755 1810 3832; baseline 0.001 -24"><span class='ocrx_word' id='word_1_484' title='bbox 205 3759 584 3829; x_wconf 52' lang='grc' dir='ltr'>ἠναγκασμένη</span> <span class='ocrx_word' id='word_1_485' title='bbox 651 3755 790 3809; x_wconf 80' lang='grc' dir='ltr'>ἐστὶν</span> <span class='ocrx_word' id='word_1_486' title='bbox 829 3759 858 3814; x_wconf 77' lang='grc' dir='ltr'>ἡ</span> <span class='ocrx_word' id='word_1_487' title='bbox 899 3755 1030 3818; x_wconf 78' lang='grc' dir='ltr'>λέξις</span> <span class='ocrx_word' id='word_1_488' title='bbox 1071 3765 1162 3818; x_wconf 82' lang='grc' dir='ltr'>τῆς</span> <span class='ocrx_word' id='word_1_489' title='bbox 1219 3757 1485 3832; x_wconf 81' lang='grc' dir='ltr'>ἑρμηνείας</span> <span class='ocrx_word' id='word_1_490' title='bbox 1535 3762 1594 3808; x_wconf 90' lang='grc' dir='ltr'>τὸ</span> <span class='ocrx_word' id='word_1_491' title='bbox 1649 3761 1810 3819; x_wconf 70' lang='grc' dir='ltr'>αὐτῆς</span> 
     </span>
    </p>
   </div>
   <div class='ocr_carea' id='block_1_73' title="bbox 205 3841 1814 3919">
    <p class='ocr_par' dir='ltr' id='par_1_73' title="bbox 205 3841 1814 3919">
     <span class='ocr_line' id='line_1_73' title="bbox 205 3841 1814 3919; baseline -0.002 -19"><span class='ocrx_word' id='word_1_492' title='bbox 205 3849 442 3918; x_wconf 66' lang='grc' dir='ltr'>εὔσημον</span> <span class='ocrx_word' id='word_1_493' title='bbox 499 3841 842 3914; x_wconf 66' lang='grc' dir='ltr'>ἐκδιδούσης,</span> <span class='ocrx_word' id='word_1_494' title='bbox 901 3845 960 3896; x_wconf 73' lang='grc' dir='ltr'><strong>ού</strong></span> <span class='ocrx_word' id='word_1_495' title='bbox 1013 3849 1070 3897; x_wconf 88' lang='grc' dir='ltr'>τὸ</span> <span class='ocrx_word' id='word_1_496' title='bbox 1118 3851 1305 3918; x_wconf 86' lang='grc' dir='ltr'>κυρίως</span> <span class='ocrx_word' id='word_1_497' title='bbox 1353 3847 1452 3898; x_wconf 78' lang='grc' dir='ltr'>ὑπὸ</span> <span class='ocrx_word' id='word_1_498' title='bbox 1497 3845 1814 3919; x_wconf 78' lang='grc' dir='ltr'>τῆςἙϐραῑ-</span> 
     </span>
    </p>
   </div>
   <div class='ocr_carea' id='block_1_74' title="bbox 207 3931 1817 4008">
    <p class='ocr_par' dir='ltr' id='par_1_74' title="bbox 207 3931 1817 4008">
     <span class='ocr_line' id='line_1_74' title="bbox 207 3931 1817 4008; baseline -0.001 -21"><span class='ocrx_word' id='word_1_499' title='bbox 207 3945 310 3996; x_wconf 65' lang='lat' dir='ltr'><strong>xi;</strong></span> <span class='ocrx_word' id='word_1_500' title='bbox 359 3941 530 4008; x_wconf 61' lang='grc' dir='ltr'>φωνῆς</span> <span class='ocrx_word' id='word_1_501' title='bbox 587 3939 964 4008; x_wconf 82' lang='grc' dir='ltr'>σημαινόμενον</span> <span class='ocrx_word' id='word_1_502' title='bbox 1023 3937 1408 4006; x_wconf 80' lang='grc' dir='ltr'>μετατιθείσης.</span> <span class='ocrx_word' id='word_1_503' title='bbox 1458 3935 1596 3986; x_wconf 88' lang='grc' dir='ltr'>Ἐπεὶ</span> <span class='ocrx_word' id='word_1_504' title='bbox 1650 3931 1708 3986; x_wconf 72' lang='grc' dir='ltr'><strong>δὲ</strong></span> <span class='ocrx_word' id='word_1_505' title='bbox 1736 3931 1817 3986; x_wconf 75' lang='grc' dir='ltr'>δεῖ</span> 
     </span>
    </p>
   </div>
   <div class='ocr_carea' id='block_1_75' title="bbox 209 4021 1817 4099">
    <p class='ocr_par' dir='ltr' id='par_1_75' title="bbox 209 4021 1817 4099">
     <span class='ocr_line' id='line_1_75' title="bbox 209 4021 1817 4099; baseline -0.002 -23"><span class='ocrx_word' id='word_1_506' title='bbox 209 4029 284 4098; x_wconf 73' lang='grc' dir='ltr'>μὴ</span> <span class='ocrx_word' id='word_1_507' title='bbox 335 4023 504 4098; x_wconf 76' lang='grc' dir='ltr'>ἀργῶς</span> <span class='ocrx_word' id='word_1_508' title='bbox 543 4023 812 4098; x_wconf 78' lang='grc' dir='ltr'>παρελθεῖν</span> <span class='ocrx_word' id='word_1_509' title='bbox 859 4027 918 4074; x_wconf 87' lang='grc' dir='ltr'>τὸ</span> <span class='ocrx_word' id='word_1_510' title='bbox 963 4023 1051 4076; x_wconf 77' lang='grc' dir='ltr'><strong>ὑπ’</strong></span> <span class='ocrx_word' id='word_1_511' title='bbox 1095 4021 1288 4099; x_wconf 77' lang='grc' dir='ltr'>ἀνδρὸς</span> <span class='ocrx_word' id='word_1_512' title='bbox 1333 4025 1621 4084; x_wconf 79' lang='grc' dir='ltr'>ζητητικοῦ</span> <span class='ocrx_word' id='word_1_513' title='bbox 1667 4043 1817 4080; x_wconf 88' lang='grc' dir='ltr'>κινη-</span> 
     </span>
    </p>
   </div>
   <div class='ocr_carea' id='block_1_76' title="bbox 213 4111 1818 4188">
    <p class='ocr_par' dir='ltr' id='par_1_76' title="bbox 213 4111 1818 4188">
     <span class='ocr_line' id='line_1_76' title="bbox 213 4111 1818 4188; baseline 0 -22"><span class='ocrx_word' id='word_1_514' title='bbox 213 4117 298 4166; x_wconf 71' lang='grc' dir='ltr'>θὲν</span> <span class='ocrx_word' id='word_1_515' title='bbox 355 4111 654 4188; x_wconf 70' lang='grc' dir='ltr'>πρόϐλημα,</span> <span class='ocrx_word' id='word_1_516' title='bbox 691 4114 756 4166; x_wconf 77' lang='grc' dir='ltr'>τὰ</span> <span class='ocrx_word' id='word_1_517' title='bbox 799 4115 1003 4165; x_wconf 81' lang='grc' dir='ltr'>πετεινὰ</span> <span class='ocrx_word' id='word_1_518' title='bbox 1037 4121 1128 4166; x_wconf 76' lang='grc' dir='ltr'>τοῦ</span> <span class='ocrx_word' id='word_1_519' title='bbox 1181 4113 1400 4186; x_wconf 77' lang='grc' dir='ltr'>ούρανοῦ</span> <span class='ocrx_word' id='word_1_520' title='bbox 1431 4117 1520 4166; x_wconf 86' lang='grc' dir='ltr'>καὶ</span> <span class='ocrx_word' id='word_1_521' title='bbox 1563 4115 1612 4165; x_wconf 81' lang='grc' dir='ltr'><strong>οι</strong></span> <span class='ocrx_word' id='word_1_522' title='bbox 1639 4113 1818 4184; x_wconf 78' lang='grc' dir='ltr'>ἰχθύες</span> 
     </span>
    </p>
   </div>
   <div class='ocr_carea' id='block_1_77' title="bbox 287 4359 1823 4440">
    <p class='ocr_par' dir='ltr' id='par_1_77' title="bbox 287 4359 1823 4440">
     <span class='ocr_line' id='line_1_77' title="bbox 287 4359 1823 4440; baseline -0.004 -18"><span class='ocrx_word' id='word_1_523' title='bbox 287 4367 400 4438; x_wconf 78' lang='lat'><strong>(73)</strong></span> <span class='ocrx_word' id='word_1_524' title='bbox 432 4363 848 4440; x_wconf 76' lang='grc' dir='ltr'>Ἀναχώρησςιν.</span> <span class='ocrx_word' id='word_1_525' title='bbox 887 4362 980 4420; x_wconf 91' lang='lat' dir='ltr'><strong>Sic</strong></span> <span class='ocrx_word' id='word_1_526' title='bbox 1021 4361 1290 4436; x_wconf 82' lang='lat' dir='ltr'><strong>plerique</strong></span> <span class='ocrx_word' id='word_1_527' title='bbox 1335 4377 1479 4418; x_wconf 89' lang='lat' dir='ltr'><strong>mss.</strong></span> <span class='ocrx_word' id='word_1_528' title='bbox 1521 4361 1674 4420; x_wconf 88' lang='lat' dir='ltr'><strong>Editi</strong></span> <span class='ocrx_word' id='word_1_529' title='bbox 1703 4359 1823 4417; x_wconf 78' lang='grc' dir='ltr'>ἀνα-</span> 
     </span>
    </p>
   </div>
   <div class='ocr_carea' id='block_1_78' title="bbox 265 4456 495 4496">
    <p class='ocr_par' dir='ltr' id='par_1_78' title="bbox 265 4456 495 4496">
     <span class='ocr_line' id='line_1_78' title="bbox 265 4456 495 4496; baseline -0.017 -6"><span class='ocrx_word' id='word_1_530' title='bbox 265 4457 370 4496; x_wconf 72' lang='grc' dir='ltr'><strong>ωρη</strong></span> <span class='ocrx_word' id='word_1_531' title='bbox 381 4456 495 4488; x_wconf 85' lang='grc' dir='ltr'>σαι.</span> 
     </span>
    </p>
   </div>
   <div class='ocr_carea' id='block_1_79' title="bbox 215 4459 1826 4572">
    <p class='ocr_par' dir='ltr' id='par_1_79' title="bbox 215 4459 1826 4572">
     <span class='ocr_line' id='line_1_79' title="bbox 265 4459 495 4490; baseline -0.017 0"><span class='ocrx_word' id='word_1_532' title='bbox 265 4459 338 4490; x_wconf 63' lang='grc' dir='ltr'><strong>τοῦ</strong></span> <span class='ocrx_word' id='word_1_533' title='bbox 381 4459 495 4488; x_wconf 80' lang='grc' dir='ltr'>σαι.</span> 
     </span>
     <span class='ocr_line' id='line_1_80' title="bbox 215 4459 1826 4572; baseline 0.001 -10"><span class='ocrx_word' id='word_1_534' title='bbox 215 4459 260 4510; x_wconf 65' lang='grc' dir='ltr'><em>κ</em></span> <span class='ocrx_word' id='word_1_535' title='bbox 289 4459 408 4572; x_wconf 51' lang='lat'><strong>(‘71)</strong></span> <span class='ocrx_word' id='word_1_536' title='bbox 445 4515 552 4562; x_wconf 81' lang='grc' dir='ltr'><strong>Νῦν</strong></span> <span class='ocrx_word' id='word_1_537' title='bbox 582 4503 656 4558; x_wconf 76' lang='grc' dir='ltr'><strong>δι’</strong></span> <span class='ocrx_word' id='word_1_538' title='bbox 688 4507 774 4560; x_wconf 82' lang='grc' dir='ltr'><strong>ὧν.</strong></span> <span class='ocrx_word' id='word_1_539' title='bbox 821 4505 1082 4560; x_wconf 87' lang='lat' dir='ltr'><strong>Primam</strong></span> <span class='ocrx_word' id='word_1_540' title='bbox 1124 4503 1426 4572; x_wconf 79' lang='lat' dir='ltr'><strong>voculam,</strong></span> <span class='ocrx_word' id='word_1_541' title='bbox 1455 4521 1590 4572; x_wconf 74' lang='lat' dir='ltr'><strong>quae</strong></span> <span class='ocrx_word' id='word_1_542' title='bbox 1622 4507 1826 4563; x_wconf 88' lang='lat' dir='ltr'><strong>deerat</strong></span> 
     </span>
    </p>
   </div>
   <div class='ocr_carea' id='block_1_80' title="bbox 215 4577 1644 4648">
    <p class='ocr_par' dir='ltr' id='par_1_80' title="bbox 215 4577 1644 4648">
     <span class='ocr_line' id='line_1_81' title="bbox 215 4577 1644 4648; baseline -0.005 -11"><span class='ocrx_word' id='word_1_543' title='bbox 215 4582 278 4638; x_wconf 90' lang='lat' dir='ltr'><strong>in</strong></span> <span class='ocrx_word' id='word_1_544' title='bbox 313 4579 514 4644; x_wconf 85' lang='lat' dir='ltr'><strong>editis,</strong></span> <span class='ocrx_word' id='word_1_545' title='bbox 547 4583 888 4648; x_wconf 81' lang='lat' dir='ltr'><strong>agnoscunt</strong></span> <span class='ocrx_word' id='word_1_546' title='bbox 913 4577 1178 4648; x_wconf 81' lang='lat' dir='ltr'><strong>plerique</strong></span> <span class='ocrx_word' id='word_1_547' title='bbox 1211 4593 1359 4634; x_wconf 87' lang='lat' dir='ltr'><strong>mss.</strong></span> <span class='ocrx_word' id='word_1_548' title='bbox 1387 4577 1644 4632; x_wconf 86' lang='lat' dir='ltr'><strong>codices.</strong></span> 
     </span>
    </p>
   </div>
   <div class='ocr_carea' id='block_1_81' title="bbox 291 4647 1826 4723">
    <p class='ocr_par' dir='ltr' id='par_1_81' title="bbox 291 4647 1826 4723">
     <span class='ocr_line' id='line_1_82' title="bbox 291 4647 1826 4723; baseline 0.001 -21"><span class='ocrx_word' id='word_1_549' title='bbox 291 4657 418 4723; x_wconf 5' lang='lat'><strong>(75;,</strong></span> <span class='ocrx_word' id='word_1_550' title='bbox 459 4657 626 4723; x_wconf 79' lang='grc' dir='ltr'>Τριῶν</span> <span class='ocrx_word' id='word_1_551' title='bbox 682 4647 824 4723; x_wconf 77' lang='grc' dir='ltr'>ἐτῶν.</span> <span class='ocrx_word' id='word_1_552' title='bbox 885 4647 1060 4703; x_wconf 84' lang='lat' dir='ltr'><strong>Multa</strong></span> <span class='ocrx_word' id='word_1_553' title='bbox 1108 4647 1434 4723; x_wconf 80' lang='lat' dir='ltr'><strong>observant</strong></span> <span class='ocrx_word' id='word_1_554' title='bbox 1461 4648 1524 4723; x_wconf 88' lang='lat' dir='ltr'><strong>in</strong></span> <span class='ocrx_word' id='word_1_555' title='bbox 1553 4650 1664 4704; x_wconf 93' lang='lat' dir='ltr'><strong>hoc</strong></span> <span class='ocrx_word' id='word_1_556' title='bbox 1693 4649 1826 4704; x_wconf 93' lang='lat' dir='ltr'><strong>loco</strong></span> 
     </span>
    </p>
   </div>
   <div class='ocr_carea' id='block_1_82' title="bbox 223 4717 1832 4790">
    <p class='ocr_par' dir='ltr' id='par_1_82' title="bbox 223 4717 1832 4790">
     <span class='ocr_line' id='line_1_83' title="bbox 223 4717 1832 4790; baseline -0.002 -12"><span class='ocrx_word' id='word_1_557' title='bbox 223 4717 426 4778; x_wconf 80' lang='lat' dir='ltr'><strong>Basilii</strong></span> <span class='ocrx_word' id='word_1_558' title='bbox 443 4717 752 4776; x_wconf 78' lang='lat' dir='ltr'><strong>canonum</strong></span> <span class='ocrx_word' id='word_1_559' title='bbox 773 4719 1121 4790; x_wconf 81' lang='lat' dir='ltr'><strong>interpretes</strong></span> <span class='ocrx_word' id='word_1_560' title='bbox 1147 4717 1753 4784; x_wconf 85' lang='lat' dir='ltr'><strong>Balsamon,Zonaras</strong></span> <span class='ocrx_word' id='word_1_561' title='bbox 1774 4724 1832 4774; x_wconf 92' lang='lat' dir='ltr'><strong>et</strong></span> 
     </span>
    </p>
   </div>
   <div class='ocr_carea' id='block_1_83' title="bbox 221 4789 1828 4850">
    <p class='ocr_par' dir='ltr' id='par_1_83' title="bbox 221 4789 1828 4850">
     <span class='ocr_line' id='line_1_84' title="bbox 221 4789 1828 4850; baseline -0.002 0"><span class='ocrx_word' id='word_1_562' title='bbox 221 4793 472 4850; x_wconf 79' lang='lat' dir='ltr'><strong>Alexius</strong></span> <span class='ocrx_word' id='word_1_563' title='bbox 501 4791 808 4846; x_wconf 80' lang='lat' dir='ltr'><strong>Aristenus</strong></span> <span class='ocrx_word' id='word_1_564' title='bbox 835 4805 846 4844; x_wconf 94' lang='lat'>:</span> <span class='ocrx_word' id='word_1_565' title='bbox 879 4789 1270 4846; x_wconf 42' lang='lat' dir='ltr'><strong>I°’t‘.onsilium</strong></span> <span class='ocrx_word' id='word_1_566' title='bbox 1291 4790 1470 4845; x_wconf 88' lang='lat' dir='ltr'><strong>daria</strong></span> <span class='ocrx_word' id='word_1_567' title='bbox 1491 4799 1696 4846; x_wconf 87' lang='lat' dir='ltr'><strong>sancto</strong></span> <span class='ocrx_word' id='word_1_568' title='bbox 1725 4795 1828 4846; x_wconf 88' lang='lat' dir='ltr'><strong>Pa-</strong></span> 
     </span>
    </p>
   </div>
   <div class='ocr_carea' id='block_1_84' title="bbox 223 4861 1828 4933">
    <p class='ocr_par' dir='ltr' id='par_1_84' title="bbox 223 4861 1828 4933">
     <span class='ocr_line' id='line_1_85' title="bbox 223 4861 1828 4933; baseline -0.002 -13"><span class='ocrx_word' id='word_1_569' title='bbox 223 4873 334 4926; x_wconf 86' lang='lat' dir='ltr'><strong>tre,</strong></span> <span class='ocrx_word' id='word_1_570' title='bbox 355 4879 480 4919; x_wconf 91' lang='lat' dir='ltr'><strong>non</strong></span> <span class='ocrx_word' id='word_1_571' title='bbox 505 4863 700 4930; x_wconf 89' lang='lat' dir='ltr'><strong>legem</strong></span> <span class='ocrx_word' id='word_1_572' title='bbox 725 4861 970 4933; x_wconf 80' lang='lat' dir='ltr'><strong>imponi,</strong></span> <span class='ocrx_word' id='word_1_573' title='bbox 991 4877 1104 4916; x_wconf 91' lang='lat' dir='ltr'><strong>nec</strong></span> <span class='ocrx_word' id='word_1_574' title='bbox 1127 4861 1380 4916; x_wconf 84' lang='lat' dir='ltr'><strong>militum</strong></span> <span class='ocrx_word' id='word_1_575' title='bbox 1403 4863 1828 4918; x_wconf 81' lang='lat' dir='ltr'><strong>conscientiam</strong></span> 
     </span>
    </p>
   </div>
   <div class='ocr_carea' id='block_1_85' title="bbox 227 4931 1834 5008">
    <p class='ocr_par' dir='ltr' id='par_1_85' title="bbox 227 4931 1834 5008">
     <span class='ocr_line' id='line_1_86' title="bbox 227 4931 1834 5008; baseline -0.001 -18"><span class='ocrx_word' id='word_1_576' title='bbox 227 4937 280 5008; x_wconf 88' lang='lat' dir='ltr'><strong>ei</strong></span> <span class='ocrx_word' id='word_1_577' title='bbox 293 4935 594 5008; x_wconf 76' lang='lat' dir='ltr'><strong>potiutam</strong></span> <span class='ocrx_word' id='word_1_578' title='bbox 617 4931 828 4998; x_wconf 71' lang='lat' dir='ltr'><strong>videri,</strong></span> <span class='ocrx_word' id='word_1_579' title='bbox 851 4931 956 4987; x_wconf 89' lang='lat' dir='ltr'><strong>sed</strong></span> <span class='ocrx_word' id='word_1_580' title='bbox 979 4947 1198 5008; x_wconf 82' lang='lat' dir='ltr'><strong>manus</strong></span> <span class='ocrx_word' id='word_1_581' title='bbox 1219 4947 1338 5008; x_wconf 82' lang='lat' dir='ltr'><strong>non</strong></span> <span class='ocrx_word' id='word_1_582' title='bbox 1361 4947 1542 5002; x_wconf 89' lang='lat' dir='ltr'><strong>puras</strong></span> <span class='ocrx_word' id='word_1_583' title='bbox 1559 4939 1656 5008; x_wconf 66' lang='lat'><strong>;_29_</strong></span> <span class='ocrx_word' id='word_1_584' title='bbox 1673 4934 1834 5002; x_wconf 85' lang='lat' dir='ltr'><strong>obje-</strong></span> 
     </span>
    </p>
   </div>
   <div class='ocr_carea' id='block_1_86' title="bbox 227 5003 1832 5074">
    <p class='ocr_par' dir='ltr' id='par_1_86' title="bbox 227 5003 1832 5074">
     <span class='ocr_line' id='line_1_87' title="bbox 227 5003 1832 5074; baseline -0.002 -12"><span class='ocrx_word' id='word_1_585' title='bbox 227 5003 380 5062; x_wconf 70' lang='lat' dir='ltr'><strong>cisse</strong></span> <span class='ocrx_word' id='word_1_586' title='bbox 403 5007 882 5061; x_wconf 85' lang='lat' dir='ltr'><strong>hunccanonem</strong></span> <span class='ocrx_word' id='word_1_587' title='bbox 901 5005 1216 5074; x_wconf 87' lang='lat' dir='ltr'><strong>episcopos</strong></span> <span class='ocrx_word' id='word_1_588' title='bbox 1241 5003 1584 5074; x_wconf 85' lang='lat' dir='ltr'><strong>imperatori</strong></span> <span class='ocrx_word' id='word_1_589' title='bbox 1603 5005 1832 5069; x_wconf 81' lang='lat' dir='ltr'><strong>Phocae,</strong></span> 
     </span>
    </p>
   </div>
   <div class='ocr_carea' id='block_1_87' title="bbox 231 5074 1838 5147">
    <p class='ocr_par' dir='ltr' id='par_1_87' title="bbox 231 5074 1838 5147">
     <span class='ocr_line' id='line_1_88' title="bbox 231 5074 1838 5147; baseline -0.002 -13"><span class='ocrx_word' id='word_1_590' title='bbox 231 5095 370 5134; x_wconf 89' lang='lat' dir='ltr'><strong>cum</strong></span> <span class='ocrx_word' id='word_1_591' title='bbox 393 5093 503 5133; x_wconf 90' lang='lat' dir='ltr'><strong>eos</strong></span> <span class='ocrx_word' id='word_1_592' title='bbox 523 5075 630 5147; x_wconf 90' lang='lat' dir='ltr'><strong>qui</strong></span> <span class='ocrx_word' id='word_1_593' title='bbox 650 5076 709 5130; x_wconf 90' lang='lat' dir='ltr'><strong>in</strong></span> <span class='ocrx_word' id='word_1_594' title='bbox 729 5074 888 5130; x_wconf 88' lang='lat' dir='ltr'><strong>bello</strong></span> <span class='ocrx_word' id='word_1_595' title='bbox 909 5074 1248 5129; x_wconf 88' lang='lat' dir='ltr'><strong>ceciderant</strong></span> <span class='ocrx_word' id='word_1_596' title='bbox 1267 5074 1730 5147; x_wconf 57' lang='lat' dir='ltr'><strong>intermartxres</strong></span> <span class='ocrx_word' id='word_1_597' title='bbox 1752 5091 1838 5130; x_wconf 88' lang='lat' dir='ltr'><strong>re-</strong></span> 
     </span>
    </p>
   </div>
   <div class='ocr_carea' id='block_1_88' title="bbox 233 5135 1840 5212">
    <p class='ocr_par' dir='ltr' id='par_1_88' title="bbox 233 5135 1840 5212">
     <span class='ocr_line' id='line_1_89' title="bbox 233 5135 1840 5212; baseline -0.002 -8"><span class='ocrx_word' id='word_1_598' title='bbox 233 5147 370 5206; x_wconf 78' lang='lat' dir='ltr'><strong>ferri</strong></span> <span class='ocrx_word' id='word_1_599' title='bbox 391 5135 570 5203; x_wconf 68' lang='lat' dir='ltr'><strong>vellet</strong></span> <span class='ocrx_word' id='word_1_600' title='bbox 593 5163 608 5212; x_wconf 85' lang='lat'><strong>;</strong></span> <span class='ocrx_word' id='word_1_601' title='bbox 633 5149 691 5202; x_wconf 90' lang='lat'><strong>3°</strong></span> <span class='ocrx_word' id='word_1_602' title='bbox 713 5147 874 5200; x_wconf 89' lang='lat' dir='ltr'><strong>hunc</strong></span> <span class='ocrx_word' id='word_1_603' title='bbox 895 5161 1190 5200; x_wconf 89' lang='lat' dir='ltr'><strong>canonem</strong></span> <span class='ocrx_word' id='word_1_604' title='bbox 1211 5160 1332 5200; x_wconf 88' lang='lat' dir='ltr'><strong>non</strong></span> <span class='ocrx_word' id='word_1_605' title='bbox 1357 5145 1536 5200; x_wconf 78' lang='lat' dir='ltr'><strong>fuisse</strong></span> <span class='ocrx_word' id='word_1_606' title='bbox 1564 5135 1840 5202; x_wconf 59' lang='lat' dir='ltr'><strong>observa-</strong></span> 
     </span>
    </p>
   </div>
   <div class='ocr_carea' id='block_1_89' title="bbox 235 5215 1842 5296">
    <p class='ocr_par' dir='ltr' id='par_1_89' title="bbox 235 5215 1842 5296">
     <span class='ocr_line' id='line_1_90' title="bbox 235 5215 1842 5296; baseline -0.004 -19"><span class='ocrx_word' id='word_1_607' title='bbox 235 5223 602 5292; x_wconf 89' lang='lat' dir='ltr'><strong>tum,utpote</strong></span> <span class='ocrx_word' id='word_1_608' title='bbox 623 5217 824 5296; x_wconf 86' lang='lat' dir='ltr'><strong>minus</strong></span> <span class='ocrx_word' id='word_1_609' title='bbox 845 5217 1188 5296; x_wconf 88' lang='lat' dir='ltr'><strong>appositum</strong></span> <span class='ocrx_word' id='word_1_610' title='bbox 1212 5215 1290 5296; x_wconf 83' lang='lat' dir='ltr'><strong>ad</strong></span> <span class='ocrx_word' id='word_1_611' title='bbox 1313 5215 1842 5296; x_wconf 47' lang='lat' dir='ltr'><strong>publicamutilita:</strong></span> 
     </span>
    </p>
   </div>
   <div class='ocr_carea' id='block_1_90' title="bbox 239 5289 1844 5360">
    <p class='ocr_par' dir='ltr' id='par_1_90' title="bbox 239 5289 1844 5360">
     <span class='ocr_line' id='line_1_91' title="bbox 239 5289 1844 5360; baseline -0.002 -14"><span class='ocrx_word' id='word_1_612' title='bbox 239 5297 376 5354; x_wconf 90' lang='lat' dir='ltr'><strong>tem,</strong></span> <span class='ocrx_word' id='word_1_613' title='bbox 403 5289 480 5345; x_wconf 85' lang='lat' dir='ltr'><strong>ac</strong></span> <span class='ocrx_word' id='word_1_614' title='bbox 509 5293 800 5360; x_wconf 70' lang='lat' dir='ltr'><strong>praeterea</strong></span> <span class='ocrx_word' id='word_1_615' title='bbox 821 5289 1520 5360; x_wconf 76' lang='lat' dir='ltr'><strong>minusconsentaneum</strong></span> <span class='ocrx_word' id='word_1_616' title='bbox 1539 5289 1844 5360; x_wconf 77' lang='lat' dir='ltr'><strong>Athanasii</strong></span> 
     </span>
    </p>
   </div>
   <div class='ocr_carea' id='block_1_91' title="bbox 247 5357 1843 5431">
    <p class='ocr_par' dir='ltr' id='par_1_91' title="bbox 247 5357 1843 5431">
     <span class='ocr_line' id='line_1_92' title="bbox 247 5357 1843 5431; baseline -0.001 -15"><span class='ocrx_word' id='word_1_617' title='bbox 247 5357 578 5428; x_wconf 51' lang='lat' dir='ltr'><strong>sententia,</strong></span> <span class='ocrx_word' id='word_1_618' title='bbox 607 5359 712 5431; x_wconf 89' lang='lat' dir='ltr'><strong>qui</strong></span> <span class='ocrx_word' id='word_1_619' title='bbox 743 5359 802 5414; x_wconf 91' lang='lat' dir='ltr'><strong>in</strong></span> <span class='ocrx_word' id='word_1_620' title='bbox 831 5357 1086 5431; x_wconf 84' lang='lat' dir='ltr'><strong>epistola</strong></span> <span class='ocrx_word' id='word_1_621' title='bbox 1106 5359 1182 5414; x_wconf 91' lang='lat' dir='ltr'><strong>ad</strong></span> <span class='ocrx_word' id='word_1_622' title='bbox 1203 5365 1444 5426; x_wconf 81' lang='lat' dir='ltr'><strong>Amum,</strong></span> <span class='ocrx_word' id='word_1_623' title='bbox 1469 5357 1843 5416; x_wconf 80' lang='lat' dir='ltr'><strong>adversarios</strong></span> 
     </span>
    </p>
   </div>
   <div class='ocr_carea' id='block_1_92' title="bbox 249 5429 1846 5499">
    <p class='ocr_par' dir='ltr' id='par_1_92' title="bbox 249 5429 1846 5499">
     <span class='ocr_line' id='line_1_93' title="bbox 249 5429 1846 5499; baseline 0.001 -13"><span class='ocrx_word' id='word_1_624' title='bbox 249 5433 302 5486; x_wconf 80' lang='lat' dir='ltr'><strong>in</strong></span> <span class='ocrx_word' id='word_1_625' title='bbox 337 5433 496 5488; x_wconf 85' lang='lat' dir='ltr'><strong>bello</strong></span> <span class='ocrx_word' id='word_1_626' title='bbox 539 5429 826 5494; x_wconf 72' lang='lat' dir='ltr'><strong>occidere,</strong></span> <span class='ocrx_word' id='word_1_627' title='bbox 861 5437 914 5486; x_wconf 86' lang='lat' dir='ltr'><strong>et</strong></span> <span class='ocrx_word' id='word_1_628' title='bbox 950 5429 1172 5499; x_wconf 80' lang='lat' dir='ltr'><strong>legibus</strong></span> <span class='ocrx_word' id='word_1_629' title='bbox 1194 5433 1550 5498; x_wconf 75' lang='lat' dir='ltr'><strong>permissum</strong></span> <span class='ocrx_word' id='word_1_630' title='bbox 1581 5437 1636 5487; x_wconf 82' lang='lat' dir='ltr'><strong>et</strong></span> <span class='ocrx_word' id='word_1_631' title='bbox 1667 5431 1846 5488; x_wconf 81' lang='lat' dir='ltr'><strong>laude</strong></span> 
     </span>
    </p>
   </div>
   <div class='ocr_carea' id='block_1_93' title="bbox 256 5499 1046 5574">
    <p class='ocr_par' dir='ltr' id='par_1_93' title="bbox 256 5499 1046 5574">
     <span class='ocr_line' id='line_1_94' title="bbox 256 5499 1046 5574; baseline -0.003 -16"><span class='ocrx_word' id='word_1_632' title='bbox 256 5503 494 5574; x_wconf 80' lang='lat' dir='ltr'><strong>dignum</strong></span> <span class='ocrx_word' id='word_1_633' title='bbox 527 5517 650 5558; x_wconf 85' lang='lat' dir='ltr'><strong>esse</strong></span> <span class='ocrx_word' id='word_1_634' title='bbox 677 5499 1046 5574; x_wconf 80' lang='lat' dir='ltr'><strong>pronuntiat.</strong></span> 
     </span>
    </p>
   </div>
   <div class='ocr_carea' id='block_1_94' title="bbox 327 5571 1852 5646">
    <p class='ocr_par' dir='ltr' id='par_1_94' title="bbox 327 5571 1852 5646">
     <span class='ocr_line' id='line_1_95' title="bbox 327 5571 1852 5646; baseline -0.001 -15"><span class='ocrx_word' id='word_1_635' title='bbox 327 5571 436 5646; x_wconf 69' lang='lat'><strong>(‘76)</strong></span> <span class='ocrx_word' id='word_1_636' title='bbox 479 5571 696 5635; x_wconf 71' lang='grc' dir='ltr'>Τόκουξ</span> <span class='ocrx_word' id='word_1_637' title='bbox 728 5571 1022 5644; x_wconf 73' lang='grc' dir='ltr'>λαμϐάνων.</span> <span class='ocrx_word' id='word_1_638' title='bbox 1069 5573 1152 5626; x_wconf 86' lang='lat' dir='ltr'><strong>Ex</strong></span> <span class='ocrx_word' id='word_1_639' title='bbox 1195 5571 1292 5628; x_wconf 88' lang='lat' dir='ltr'><strong>his</strong></span> <span class='ocrx_word' id='word_1_640' title='bbox 1339 5577 1502 5644; x_wconf 90' lang='lat' dir='ltr'><strong>patet</strong></span> <span class='ocrx_word' id='word_1_641' title='bbox 1555 5573 1852 5645; x_wconf 88' lang='lat' dir='ltr'><strong>ejusmodi</strong></span> 
     </span>
    </p>
   </div>
   <div class='ocr_carea' id='block_1_95' title="bbox 539 5661 1183 5726">
    <p class='ocr_par' dir='ltr' id='par_1_95' title="bbox 539 5661 1183 5726">
     <span class='ocr_line' id='line_1_96' title="bbox 539 5661 1183 5726; baseline -0.005 -6"><span class='ocrx_word' id='word_1_642' title='bbox 539 5665 784 5726; x_wconf 76' lang='grc' dir='ltr'>ΡΑτιοι..</span> <span class='ocrx_word' id='word_1_643' title='bbox 839 5663 942 5718; x_wconf 74' lang='lat' dir='ltr'><strong>Gn.</strong></span> <span class='ocrx_word' id='word_1_644' title='bbox 984 5661 1183 5718; x_wconf 89' lang='lat' dir='ltr'><strong>XXXII.</strong></span> 
     </span>
    </p>
   </div>
   <div class='ocr_carea' id='block_1_96' title="bbox 1911 3126 2483 3185">
    <p class='ocr_par' dir='ltr' id='par_1_96' title="bbox 1911 3126 2483 3185">
     <span class='ocr_line' id='line_1_97' title="bbox 1911 3126 2483 3185; baseline -0.009 0"><span class='ocrx_word' id='word_1_645' title='bbox 1911 3129 2090 3185; x_wconf 90' lang='lat' dir='ltr'><strong>nione</strong></span> <span class='ocrx_word' id='word_1_646' title='bbox 2119 3126 2483 3183; x_wconf 89' lang='lat' dir='ltr'><strong>abstineant.</strong></span> 
     </span>
    </p>
   </div>
   <div class='ocr_carea' id='block_1_97' title="bbox 1981 3215 3565 3290">
    <p class='ocr_par' dir='ltr' id='par_1_97' title="bbox 1981 3215 3565 3290">
     <span class='ocr_line' id='line_1_98' title="bbox 1981 3215 3565 3290; baseline 0.001 -16"><span class='ocrx_word' id='word_1_647' title='bbox 1981 3221 2114 3274; x_wconf 87' lang='lat' dir='ltr'><strong>XIV.</strong></span> <span class='ocrx_word' id='word_1_648' title='bbox 2169 3216 2279 3282; x_wconf 86' lang='lat' dir='ltr'><strong>Qui</strong></span> <span class='ocrx_word' id='word_1_649' title='bbox 2327 3231 2542 3271; x_wconf 89' lang='lat' dir='ltr'><strong>usuras</strong></span> <span class='ocrx_word' id='word_1_650' title='bbox 2603 3215 2838 3288; x_wconf 87' lang='lat' dir='ltr'><strong>accipit,</strong></span> <span class='ocrx_word' id='word_1_651' title='bbox 2893 3217 2942 3272; x_wconf 84' lang='lat' dir='ltr'><strong>si</strong></span> <span class='ocrx_word' id='word_1_652' title='bbox 2989 3217 3242 3274; x_wconf 81' lang='lat' dir='ltr'><strong>voluerit</strong></span> <span class='ocrx_word' id='word_1_653' title='bbox 3272 3218 3565 3290; x_wconf 78' lang='lat' dir='ltr'><strong>injustam</strong></span> 
     </span>
    </p>
   </div>
   <div class='ocr_carea' id='block_1_98' title="bbox 1913 3306 3567 3382">
    <p class='ocr_par' dir='ltr' id='par_1_98' title="bbox 1913 3306 3567 3382">
     <span class='ocr_line' id='line_1_99' title="bbox 1913 3306 3567 3382; baseline 0 -16"><span class='ocrx_word' id='word_1_654' title='bbox 1913 3310 2150 3366; x_wconf 86' lang='lat' dir='ltr'><strong>lucrum</strong></span> <span class='ocrx_word' id='word_1_655' title='bbox 2204 3307 2266 3362; x_wconf 91' lang='lat' dir='ltr'><strong>in</strong></span> <span class='ocrx_word' id='word_1_656' title='bbox 2325 3320 2624 3376; x_wconf 87' lang='lat' dir='ltr'><strong>pauperes</strong></span> <span class='ocrx_word' id='word_1_657' title='bbox 2677 3306 2998 3374; x_wconf 88' lang='lat' dir='ltr'><strong>insumere,</strong></span> <span class='ocrx_word' id='word_1_658' title='bbox 3031 3312 3088 3363; x_wconf 91' lang='lat' dir='ltr'><strong>et</strong></span> <span class='ocrx_word' id='word_1_659' title='bbox 3141 3307 3428 3382; x_wconf 88' lang='lat' dir='ltr'><strong>deinceps</strong></span> <span class='ocrx_word' id='word_1_660' title='bbox 3486 3309 3567 3366; x_wconf 86' lang='lat' dir='ltr'><strong>ab</strong></span> 
     </span>
    </p>
   </div>
   <div class='ocr_carea' id='block_1_99' title="bbox 1916 3393 3570 3462">
    <p class='ocr_par' dir='ltr' id='par_1_99' title="bbox 1916 3393 3570 3462">
     <span class='ocr_line' id='line_1_100' title="bbox 1916 3393 3570 3462; baseline 0.002 -7"><span class='ocrx_word' id='word_1_661' title='bbox 1916 3397 2180 3456; x_wconf 83' lang='lat' dir='ltr'><strong>avaritiae</strong></span> <span class='ocrx_word' id='word_1_662' title='bbox 2225 3394 2439 3451; x_wconf 88' lang='lat' dir='ltr'><strong>morbo</strong></span> <span class='ocrx_word' id='word_1_663' title='bbox 2483 3393 2742 3462; x_wconf 88' lang='lat' dir='ltr'><strong>liberari,</strong></span> <span class='ocrx_word' id='word_1_664' title='bbox 2777 3395 2855 3451; x_wconf 90' lang='lat' dir='ltr'><strong>ad</strong></span> <span class='ocrx_word' id='word_1_665' title='bbox 2905 3397 3305 3456; x_wconf 84' lang='lat' dir='ltr'><strong>sacerdotium</strong></span> <span class='ocrx_word' id='word_1_666' title='bbox 3335 3398 3570 3458; x_wconf 87' lang='lat' dir='ltr'><strong>admitti</strong></span> 
     </span>
    </p>
   </div>
   <div class='ocr_carea' id='block_1_100' title="bbox 1917 3493 2130 3562">
    <p class='ocr_par' dir='ltr' id='par_1_100' title="bbox 1917 3493 2130 3562">
     <span class='ocr_line' id='line_1_101' title="bbox 1917 3493 2130 3562; baseline -0.019 -16"><span class='ocrx_word' id='word_1_667' title='bbox 1917 3493 2130 3562; x_wconf 89' lang='lat' dir='ltr'><strong>potest.</strong></span> 
     </span>
    </p>
   </div>
   <div class='ocr_carea' id='block_1_101' title="bbox 1991 3573 3572 3652">
    <p class='ocr_par' dir='ltr' id='par_1_101' title="bbox 1991 3573 3572 3652">
     <span class='ocr_line' id='line_1_102' title="bbox 1991 3573 3572 3652; baseline 0.003 -20"><span class='ocrx_word' id='word_1_668' title='bbox 1991 3581 2098 3634; x_wconf 89' lang='lat' dir='ltr'><strong>XV.</strong></span> <span class='ocrx_word' id='word_1_669' title='bbox 2131 3577 2302 3634; x_wconf 83' lang='lat' dir='ltr'><strong>Miror</strong></span> <span class='ocrx_word' id='word_1_670' title='bbox 2321 3591 2464 3632; x_wconf 90' lang='lat' dir='ltr'><strong>sane</strong></span> <span class='ocrx_word' id='word_1_671' title='bbox 2494 3573 2662 3647; x_wconf 90' lang='lat' dir='ltr'><strong>quod</strong></span> <span class='ocrx_word' id='word_1_672' title='bbox 2693 3577 3152 3645; x_wconf 86' lang='lat' dir='ltr'><strong>grammaticam</strong></span> <span class='ocrx_word' id='word_1_673' title='bbox 3181 3578 3240 3633; x_wconf 91' lang='lat' dir='ltr'><strong>in</strong></span> <span class='ocrx_word' id='word_1_674' title='bbox 3269 3580 3572 3652; x_wconf 85' lang='lat' dir='ltr'><strong>Scriptura</strong></span> 
     </span>
    </p>
   </div>
   <div class='ocr_carea' id='block_1_102' title="bbox 1919 3662 3570 3736">
    <p class='ocr_par' dir='ltr' id='par_1_102' title="bbox 1919 3662 3570 3736">
     <span class='ocr_line' id='line_1_103' title="bbox 1919 3662 3570 3736; baseline 0 -14"><span class='ocrx_word' id='word_1_675' title='bbox 1919 3665 2292 3736; x_wconf 85' lang='lat' dir='ltr'><strong>diligentiam</strong></span> <span class='ocrx_word' id='word_1_676' title='bbox 2319 3662 2610 3735; x_wconf 88' lang='lat' dir='ltr'><strong>requiras,</strong></span> <span class='ocrx_word' id='word_1_677' title='bbox 2645 3679 2714 3718; x_wconf 90' lang='lat' dir='ltr'><strong>ac</strong></span> <span class='ocrx_word' id='word_1_678' title='bbox 2767 3663 3090 3721; x_wconf 90' lang='lat' dir='ltr'><strong>dictionem</strong></span> <span class='ocrx_word' id='word_1_679' title='bbox 3137 3672 3410 3722; x_wconf 87' lang='lat' dir='ltr'><strong>coactam</strong></span> <span class='ocrx_word' id='word_1_680' title='bbox 3439 3683 3570 3723; x_wconf 87' lang='lat' dir='ltr'><strong>esse</strong></span> 
     </span>
    </p>
   </div>
   <div class='ocr_carea' id='block_1_103' title="bbox 1923 3751 3570 3828">
    <p class='ocr_par' dir='ltr' id='par_1_103' title="bbox 1923 3751 3570 3828">
     <span class='ocr_line' id='line_1_104' title="bbox 1923 3751 3570 3828; baseline 0 -18"><span class='ocrx_word' id='word_1_681' title='bbox 1923 3761 2094 3828; x_wconf 87' lang='lat' dir='ltr'><strong>putes</strong></span> <span class='ocrx_word' id='word_1_682' title='bbox 2123 3754 2278 3808; x_wconf 90' lang='lat' dir='ltr'><strong>illius</strong></span> <span class='ocrx_word' id='word_1_683' title='bbox 2323 3751 2848 3822; x_wconf 89' lang='lat' dir='ltr'><strong>interpretationis,</strong></span> <span class='ocrx_word' id='word_1_684' title='bbox 2879 3769 3016 3824; x_wconf 68' lang='lat' dir='ltr'><strong>quae</strong></span> <span class='ocrx_word' id='word_1_685' title='bbox 3047 3769 3224 3808; x_wconf 89' lang='lat' dir='ltr'><strong>suum</strong></span> <span class='ocrx_word' id='word_1_686' title='bbox 3273 3753 3467 3826; x_wconf 89' lang='lat' dir='ltr'><strong>ipsius</strong></span> <span class='ocrx_word' id='word_1_687' title='bbox 3497 3755 3570 3810; x_wconf 90' lang='lat' dir='ltr'><strong>si-</strong></span> 
     </span>
    </p>
   </div>
   <div class='ocr_carea' id='block_1_104' title="bbox 1924 3839 3565 3914">
    <p class='ocr_par' dir='ltr' id='par_1_104' title="bbox 1924 3839 3565 3914">
     <span class='ocr_line' id='line_1_105' title="bbox 1924 3839 3565 3914; baseline 0 -15"><span class='ocrx_word' id='word_1_688' title='bbox 1924 3845 2276 3914; x_wconf 84' lang='lat' dir='ltr'><strong>gniﬁcatum</strong></span> <span class='ocrx_word' id='word_1_689' title='bbox 2300 3839 2619 3896; x_wconf 91' lang='lat' dir='ltr'><strong>commode</strong></span> <span class='ocrx_word' id='word_1_690' title='bbox 2642 3840 2940 3911; x_wconf 87' lang='lat' dir='ltr'><strong>exprimit,</strong></span> <span class='ocrx_word' id='word_1_691' title='bbox 2963 3857 3158 3913; x_wconf 90' lang='lat' dir='ltr'><strong>neque</strong></span> <span class='ocrx_word' id='word_1_692' title='bbox 3178 3841 3240 3896; x_wconf 89' lang='lat' dir='ltr'><strong>id</strong></span> <span class='ocrx_word' id='word_1_693' title='bbox 3267 3841 3565 3914; x_wconf 86' lang='lat' dir='ltr'><strong>transfert,</strong></span> 
     </span>
    </p>
   </div>
   <div class='ocr_carea' id='block_1_105' title="bbox 1925 3929 3574 4006">
    <p class='ocr_par' dir='ltr' id='par_1_105' title="bbox 1925 3929 3574 4006">
     <span class='ocr_line' id='line_1_106' title="bbox 1925 3929 3574 4006; baseline 0.001 -18"><span class='ocrx_word' id='word_1_694' title='bbox 1925 3933 2090 4006; x_wconf 89' lang='lat' dir='ltr'><strong>quod</strong></span> <span class='ocrx_word' id='word_1_695' title='bbox 2111 3931 2349 4004; x_wconf 90' lang='lat' dir='ltr'><strong>proprie</strong></span> <span class='ocrx_word' id='word_1_696' title='bbox 2377 3929 2664 3985; x_wconf 90' lang='lat' dir='ltr'><strong>Hebraica</strong></span> <span class='ocrx_word' id='word_1_697' title='bbox 2687 3945 2834 3984; x_wconf 85' lang='lat' dir='ltr'><strong>voce</strong></span> <span class='ocrx_word' id='word_1_698' title='bbox 2865 3930 3259 4000; x_wconf 80' lang='lat' dir='ltr'><strong>signiﬁcatur.</strong></span> <span class='ocrx_word' id='word_1_699' title='bbox 3285 3932 3399 3988; x_wconf 91' lang='lat' dir='ltr'><strong>Sed</strong></span> <span class='ocrx_word' id='word_1_700' title='bbox 3427 3933 3574 4006; x_wconf 90' lang='lat' dir='ltr'><strong>quia</strong></span> 
     </span>
    </p>
   </div>
   <div class='ocr_carea' id='block_1_106' title="bbox 1927 4019 3575 4096">
    <p class='ocr_par' dir='ltr' id='par_1_106' title="bbox 1927 4019 3575 4096">
     <span class='ocr_line' id='line_1_107' title="bbox 1927 4019 3575 4096; baseline -0.001 -18"><span class='ocrx_word' id='word_1_701' title='bbox 1927 4022 2188 4092; x_wconf 86' lang='lat' dir='ltr'><strong>segniter</strong></span> <span class='ocrx_word' id='word_1_702' title='bbox 2203 4035 2324 4076; x_wconf 91' lang='lat' dir='ltr'><strong>non</strong></span> <span class='ocrx_word' id='word_1_703' title='bbox 2337 4019 2756 4090; x_wconf 70' lang='lat' dir='ltr'><strong>praetereunda</strong></span> <span class='ocrx_word' id='word_1_704' title='bbox 2771 4021 3192 4092; x_wconf 66' lang='lat' dir='ltr'><strong>quzestio,quze</strong></span> <span class='ocrx_word' id='word_1_705' title='bbox 3213 4037 3250 4076; x_wconf 92' lang='lat' dir='ltr'><strong>a</strong></span> <span class='ocrx_word' id='word_1_706' title='bbox 3265 4021 3392 4077; x_wconf 90' lang='lat' dir='ltr'><strong>viro</strong></span> <span class='ocrx_word' id='word_1_707' title='bbox 3413 4039 3575 4096; x_wconf 79' lang='lat' dir='ltr'><strong>quae-</strong></span> 
     </span>
    </p>
   </div>
   <div class='ocr_carea' id='block_1_107' title="bbox 1927 4109 3576 4184">
    <p class='ocr_par' dir='ltr' id='par_1_107' title="bbox 1927 4109 3576 4184">
     <span class='ocr_line' id='line_1_108' title="bbox 1927 4109 3576 4184; baseline -0.001 -15"><span class='ocrx_word' id='word_1_708' title='bbox 1927 4112 2100 4169; x_wconf 91' lang='lat' dir='ltr'><strong>rendi</strong></span> <span class='ocrx_word' id='word_1_709' title='bbox 2130 4110 2398 4168; x_wconf 85' lang='lat' dir='ltr'><strong>studioso</strong></span> <span class='ocrx_word' id='word_1_710' title='bbox 2429 4109 2740 4180; x_wconf 88' lang='lat' dir='ltr'><strong>proposita</strong></span> <span class='ocrx_word' id='word_1_711' title='bbox 2765 4115 2856 4165; x_wconf 89' lang='lat' dir='ltr'><strong>est</strong></span> <span class='ocrx_word' id='word_1_712' title='bbox 2889 4127 2900 4164; x_wconf 92' lang='lat'><strong>:</strong></span> <span class='ocrx_word' id='word_1_713' title='bbox 2935 4125 3078 4166; x_wconf 89' lang='lat' dir='ltr'><strong>aves</strong></span> <span class='ocrx_word' id='word_1_714' title='bbox 3109 4111 3262 4182; x_wconf 70' lang='lat' dir='ltr'><strong>coeli,</strong></span> <span class='ocrx_word' id='word_1_715' title='bbox 3295 4117 3351 4168; x_wconf 90' lang='lat' dir='ltr'><strong>et</strong></span> <span class='ocrx_word' id='word_1_716' title='bbox 3379 4115 3576 4184; x_wconf 88' lang='lat' dir='ltr'><strong>pisces</strong></span> 
     </span>
    </p>
   </div>
   <div class='ocr_carea' id='block_1_108' title="bbox 1931 4361 3578 4438">
    <p class='ocr_par' dir='ltr' id='par_1_108' title="bbox 1931 4361 3578 4438">
     <span class='ocr_line' id='line_1_109' title="bbox 1931 4361 3578 4438; baseline 0 -18"><span class='ocrx_word' id='word_1_717' title='bbox 1931 4365 2244 4438; x_wconf 84' lang='lat' dir='ltr'><strong>peceatum</strong></span> <span class='ocrx_word' id='word_1_718' title='bbox 2269 4379 2392 4438; x_wconf 89' lang='lat' dir='ltr'><strong>non</strong></span> <span class='ocrx_word' id='word_1_719' title='bbox 2423 4361 2482 4418; x_wconf 89' lang='lat' dir='ltr'><strong>in</strong></span> <span class='ocrx_word' id='word_1_720' title='bbox 2513 4361 2847 4438; x_wconf 83' lang='lat' dir='ltr'><strong>insignibus</strong></span> <span class='ocrx_word' id='word_1_721' title='bbox 2876 4361 3238 4438; x_wconf 72' lang='lat' dir='ltr'><strong>poenitentiae</strong></span> <span class='ocrx_word' id='word_1_722' title='bbox 3265 4363 3578 4438; x_wconf 80' lang='lat' dir='ltr'><strong>gradibus,</strong></span> 
     </span>
    </p>
   </div>
   <div class='ocr_carea' id='block_1_109' title="bbox 1859 4433 3584 4508">
    <p class='ocr_par' dir='ltr' id='par_1_109' title="bbox 1859 4433 3584 4508">
     <span class='ocr_line' id='line_1_110' title="bbox 1859 4433 3584 4508; baseline 0.002 -20"><span class='ocrx_word' id='word_1_723' title='bbox 1859 4435 1900 4488; x_wconf 93' lang='lat' dir='ltr'><strong>D</strong></span> <span class='ocrx_word' id='word_1_724' title='bbox 1931 4433 2036 4492; x_wconf 66' lang='lat' dir='ltr'><strong>sed</strong></span> <span class='ocrx_word' id='word_1_725' title='bbox 2055 4437 2203 4491; x_wconf 87' lang='lat' dir='ltr'><strong>inter</strong></span> <span class='ocrx_word' id='word_1_726' title='bbox 2225 4436 2614 4508; x_wconf 85' lang='lat' dir='ltr'><strong>consistentes</strong></span> <span class='ocrx_word' id='word_1_727' title='bbox 2644 4433 3182 4508; x_wconf 70' lang='lat' dir='ltr'><strong>expiatumiui&#39;sse.</strong></span> <span class='ocrx_word' id='word_1_728' title='bbox 3213 4435 3446 4508; x_wconf 65' lang='lat' dir='ltr'><strong>Alioqui</strong></span> <span class='ocrx_word' id='word_1_729' title='bbox 3478 4433 3584 4492; x_wconf 81' lang='lat' dir='ltr'><strong>ad-</strong></span> 
     </span>
    </p>
   </div>
   <div class='ocr_carea' id='block_1_110' title="bbox 1931 4505 3585 4579">
    <p class='ocr_par' dir='ltr' id='par_1_110' title="bbox 1931 4505 3585 4579">
     <span class='ocr_line' id='line_1_111' title="bbox 1931 4505 3585 4579; baseline 0 -15"><span class='ocrx_word' id='word_1_730' title='bbox 1931 4509 2080 4564; x_wconf 89' lang='lat' dir='ltr'><strong>itum</strong></span> <span class='ocrx_word' id='word_1_731' title='bbox 2101 4509 2160 4562; x_wconf 90' lang='lat' dir='ltr'><strong>in</strong></span> <span class='ocrx_word' id='word_1_732' title='bbox 2184 4507 2592 4579; x_wconf 79' lang='lat' dir='ltr'><strong>sacerdotium</strong></span> <span class='ocrx_word' id='word_1_733' title='bbox 2612 4521 2732 4579; x_wconf 86' lang='lat' dir='ltr'><strong>non</strong></span> <span class='ocrx_word' id='word_1_734' title='bbox 2758 4505 3092 4579; x_wconf 71' lang='lat' dir='ltr'><strong>reliquisset</strong></span> <span class='ocrx_word' id='word_1_735' title='bbox 3122 4505 3585 4579; x_wconf 40' lang='lat' dir='ltr'><strong>IiasiliusIAtque</strong></span> 
     </span>
    </p>
   </div>
   <div class='ocr_carea' id='block_1_111' title="bbox 1935 4576 3584 4648">
    <p class='ocr_par' dir='ltr' id='par_1_111' title="bbox 1935 4576 3584 4648">
     <span class='ocr_line' id='line_1_112' title="bbox 1935 4576 3584 4648; baseline 0 -13"><span class='ocrx_word' id='word_1_736' title='bbox 1935 4597 2006 4635; x_wconf 91' lang='lat' dir='ltr'><strong>ex</strong></span> <span class='ocrx_word' id='word_1_737' title='bbox 2039 4581 2150 4634; x_wconf 88' lang='lat' dir='ltr'><strong>hac</strong></span> <span class='ocrx_word' id='word_1_738' title='bbox 2181 4579 2420 4632; x_wconf 87' lang='lat' dir='ltr'><strong>lenitate</strong></span> <span class='ocrx_word' id='word_1_739' title='bbox 2451 4577 2594 4630; x_wconf 81' lang='lat' dir='ltr'><strong>illud</strong></span> <span class='ocrx_word' id='word_1_740' title='bbox 2627 4577 2806 4632; x_wconf 84' lang='lat' dir='ltr'><strong>etiam</strong></span> <span class='ocrx_word' id='word_1_741' title='bbox 2829 4576 3021 4644; x_wconf 76' lang='lat' dir='ltr'><strong>colligi</strong></span> <span class='ocrx_word' id='word_1_742' title='bbox 3055 4580 3260 4648; x_wconf 87' lang='lat' dir='ltr'><strong>possit,</strong></span> <span class='ocrx_word' id='word_1_743' title='bbox 3287 4576 3584 4635; x_wconf 79' lang='lat' dir='ltr'><strong>canonem</strong></span> 
     </span>
    </p>
   </div>
   <div class='ocr_carea' id='block_1_112' title="bbox 1941 4647 3589 4722">
    <p class='ocr_par' dir='ltr' id='par_1_112' title="bbox 1941 4647 3589 4722">
     <span class='ocr_line' id='line_1_113' title="bbox 1941 4647 3589 4722; baseline 0.002 -18"><span class='ocrx_word' id='word_1_744' title='bbox 1941 4653 2349 4722; x_wconf 68' lang='lat' dir='ltr'><strong>tiNicaenum,</strong></span> <span class='ocrx_word' id='word_1_745' title='bbox 2373 4649 2474 4722; x_wconf 85' lang='lat' dir='ltr'><strong>qui</strong></span> <span class='ocrx_word' id='word_1_746' title='bbox 2503 4647 2745 4722; x_wconf 77' lang='lat' dir='ltr'><strong>clericos</strong></span> <span class='ocrx_word' id='word_1_747' title='bbox 2768 4665 3014 4722; x_wconf 79' lang='lat' dir='ltr'><strong>usuram</strong></span> <span class='ocrx_word' id='word_1_748' title='bbox 3037 4647 3338 4718; x_wconf 81' lang='lat' dir='ltr'><strong>exigentes</strong></span> <span class='ocrx_word' id='word_1_749' title='bbox 3364 4650 3589 4722; x_wconf 87' lang='lat' dir='ltr'><strong>deponi</strong></span> 
     </span>
    </p>
   </div>
   <div class='ocr_carea' id='block_1_113' title="bbox 1934 4719 3592 4796">
    <p class='ocr_par' dir='ltr' id='par_1_113' title="bbox 1934 4719 3592 4796">
     <span class='ocr_line' id='line_1_114' title="bbox 1934 4719 3592 4796; baseline -0.008 -21"><span class='ocrx_word' id='word_1_750' title='bbox 1934 4721 2125 4796; x_wconf 74' lang='lat' dir='ltr'><strong>jubet,</strong></span> <span class='ocrx_word' id='word_1_751' title='bbox 2149 4736 2268 4796; x_wconf 75' lang='lat' dir='ltr'><strong>non</strong></span> <span class='ocrx_word' id='word_1_752' title='bbox 2300 4721 2424 4774; x_wconf 88' lang='lat' dir='ltr'><strong>sine</strong></span> <span class='ocrx_word' id='word_1_753' title='bbox 2463 4719 2724 4796; x_wconf 71' lang='lat' dir='ltr'><strong>benigna</strong></span> <span class='ocrx_word' id='word_1_754' title='bbox 2763 4720 3248 4796; x_wconf 70' lang='lat' dir='ltr'><strong>interpretatione</strong></span> <span class='ocrx_word' id='word_1_755' title='bbox 3273 4723 3332 4796; x_wconf 73' lang='lat' dir='ltr'><strong>in</strong></span> <span class='ocrx_word' id='word_1_756' title='bbox 3361 4719 3592 4796; x_wconf 73' lang='lat' dir='ltr'><strong>Ca‘ppa-</strong></span> 
     </span>
    </p>
   </div>
   <div class='ocr_carea' id='block_1_114' title="bbox 1939 4789 3590 4850">
    <p class='ocr_par' dir='ltr' id='par_1_114' title="bbox 1939 4789 3590 4850">
     <span class='ocr_line' id='line_1_115' title="bbox 1939 4789 3590 4850; baseline 0.002 -3"><span class='ocrx_word' id='word_1_757' title='bbox 1939 4789 2114 4848; x_wconf 76' lang='lat' dir='ltr'><strong>docta</strong></span> <span class='ocrx_word' id='word_1_758' title='bbox 2143 4791 2524 4846; x_wconf 82' lang='lat' dir='ltr'><strong>observatum</strong></span> <span class='ocrx_word' id='word_1_759' title='bbox 2559 4790 2760 4844; x_wconf 80' lang='lat' dir='ltr'><strong>fuisse.</strong></span> <span class='ocrx_word' id='word_1_760' title='bbox 2793 4789 3072 4844; x_wconf 81' lang='lat' dir='ltr'><strong>Videntur</strong></span> <span class='ocrx_word' id='word_1_761' title='bbox 3097 4793 3254 4846; x_wconf 89' lang='lat' dir='ltr'><strong>enim</strong></span> <span class='ocrx_word' id='word_1_762' title='bbox 3283 4789 3466 4850; x_wconf 66' lang='lat' dir='ltr'><strong>Graeci</strong></span> <span class='ocrx_word' id='word_1_763' title='bbox 3491 4789 3590 4850; x_wconf 76' lang='lat' dir='ltr'><strong>ca-</strong></span> 
     </span>
    </p>
   </div>
   <div class='ocr_carea' id='block_1_115' title="bbox 1941 4861 3591 4931">
    <p class='ocr_par' dir='ltr' id='par_1_115' title="bbox 1941 4861 3591 4931">
     <span class='ocr_line' id='line_1_116' title="bbox 1941 4861 3591 4931; baseline 0.001 -12"><span class='ocrx_word' id='word_1_764' title='bbox 1941 4878 2164 4919; x_wconf 88' lang='lat' dir='ltr'><strong>nonem</strong></span> <span class='ocrx_word' id='word_1_765' title='bbox 2193 4865 2262 4915; x_wconf 71' lang='grc'><strong>44</strong></span> <span class='ocrx_word' id='word_1_766' title='bbox 2295 4861 2710 4931; x_wconf 85' lang='lat' dir='ltr'><strong>apostolorum</strong></span> <span class='ocrx_word' id='word_1_767' title='bbox 2739 4861 2908 4931; x_wconf 87' lang='lat' dir='ltr'><strong>sequi</strong></span> <span class='ocrx_word' id='word_1_768' title='bbox 2953 4861 3240 4918; x_wconf 85' lang='lat' dir='ltr'><strong>maluisse</strong></span> <span class='ocrx_word' id='word_1_769' title='bbox 3271 4881 3456 4931; x_wconf 82' lang='lat' dir='ltr'><strong>quam</strong></span> <span class='ocrx_word' id='word_1_770' title='bbox 3497 4867 3591 4922; x_wconf 81' lang='lat' dir='ltr'><strong>Ni-</strong></span> 
     </span>
    </p>
   </div>
   <div class='ocr_carea' id='block_1_116' title="bbox 1944 4931 3594 5002">
    <p class='ocr_par' dir='ltr' id='par_1_116' title="bbox 1944 4931 3594 5002">
     <span class='ocr_line' id='line_1_117' title="bbox 1944 4931 3594 5002; baseline 0.002 -14"><span class='ocrx_word' id='word_1_771' title='bbox 1944 4949 2208 4998; x_wconf 71' lang='lat' dir='ltr'><strong>czenum;</strong></span> <span class='ocrx_word' id='word_1_772' title='bbox 2243 4931 2540 5002; x_wconf 82' lang='lat' dir='ltr'><strong>siquidem</strong></span> <span class='ocrx_word' id='word_1_773' title='bbox 2569 4931 2628 4984; x_wconf 91' lang='lat' dir='ltr'><strong>in</strong></span> <span class='ocrx_word' id='word_1_774' title='bbox 2661 4947 2891 4986; x_wconf 75' lang='lat' dir='ltr'><strong>canone</strong></span> <span class='ocrx_word' id='word_1_775' title='bbox 2921 4931 3156 4988; x_wconf 86' lang='lat' dir='ltr'><strong>decimo</strong></span> <span class='ocrx_word' id='word_1_776' title='bbox 3182 4931 3479 5000; x_wconf 86' lang='lat' dir='ltr'><strong>&#39;I‘rullano,</strong></span> <span class='ocrx_word' id='word_1_777' title='bbox 3503 4937 3594 4992; x_wconf 84' lang='lat' dir='ltr'><strong>iti-</strong></span> 
     </span>
    </p>
   </div>
   <div class='ocr_carea' id='block_1_117' title="bbox 1945 5002 3594 5074">
    <p class='ocr_par' dir='ltr' id='par_1_117' title="bbox 1945 5002 3594 5074">
     <span class='ocr_line' id='line_1_118' title="bbox 1945 5002 3594 5074; baseline 0.001 -14"><span class='ocrx_word' id='word_1_778' title='bbox 1945 5006 2082 5060; x_wconf 90' lang='lat' dir='ltr'><strong>dem</strong></span> <span class='ocrx_word' id='word_1_779' title='bbox 2119 5007 2181 5058; x_wconf 90' lang='lat' dir='ltr'><strong>ut</strong></span> <span class='ocrx_word' id='word_1_780' title='bbox 2209 5003 2268 5057; x_wconf 89' lang='lat' dir='ltr'><strong>in</strong></span> <span class='ocrx_word' id='word_1_781' title='bbox 2300 5017 2532 5074; x_wconf 80' lang='lat' dir='ltr'><strong>canone</strong></span> <span class='ocrx_word' id='word_1_782' title='bbox 2577 5002 3166 5074; x_wconf 83' lang='lat' dir='ltr'><strong>pseudoapOstolico,</strong></span> <span class='ocrx_word' id='word_1_783' title='bbox 3217 5007 3498 5062; x_wconf 88' lang='lat' dir='ltr'><strong>sanciunt</strong></span> <span class='ocrx_word' id='word_1_784' title='bbox 3527 5011 3594 5061; x_wconf 80' lang='lat' dir='ltr'><strong>ul</strong></span> 
     </span>
    </p>
   </div>
   <div class='ocr_carea' id='block_1_118' title="bbox 1947 5071 3598 5146">
    <p class='ocr_par' dir='ltr' id='par_1_118' title="bbox 1947 5071 3598 5146">
     <span class='ocr_line' id='line_1_119' title="bbox 1947 5071 3598 5146; baseline -0.001 -14"><span class='ocrx_word' id='word_1_785' title='bbox 1947 5079 2273 5145; x_wconf 81' lang='lat' dir='ltr'><strong>episcopus,</strong></span> <span class='ocrx_word' id='word_1_786' title='bbox 2299 5071 2631 5142; x_wconf 78' lang='lat' dir='ltr'><strong>presbyter,</strong></span> <span class='ocrx_word' id='word_1_787' title='bbox 2665 5074 2756 5128; x_wconf 86' lang='lat' dir='ltr'><strong>vel</strong></span> <span class='ocrx_word' id='word_1_788' title='bbox 2786 5071 3098 5142; x_wconf 74' lang='lat' dir='ltr'><strong>diaconus,</strong></span> <span class='ocrx_word' id='word_1_789' title='bbox 3130 5071 3234 5146; x_wconf 71' lang='lat' dir='ltr'><strong>qui</strong></span> <span class='ocrx_word' id='word_1_790' title='bbox 3257 5093 3472 5132; x_wconf 82' lang='lat' dir='ltr'><strong>usuras</strong></span> <span class='ocrx_word' id='word_1_791' title='bbox 3503 5077 3598 5133; x_wconf 89' lang='lat' dir='ltr'><strong>vel</strong></span> 
     </span>
    </p>
   </div>
   <div class='ocr_carea' id='block_1_119' title="bbox 1950 5146 3598 5220">
    <p class='ocr_par' dir='ltr' id='par_1_119' title="bbox 1950 5146 3598 5220">
     <span class='ocr_line' id='line_1_120' title="bbox 1950 5146 3598 5220; baseline 0 -18"><span class='ocrx_word' id='word_1_792' title='bbox 1950 5163 2080 5220; x_wconf 61' lang='lat' dir='ltr'><strong>qum</strong></span> <span class='ocrx_word' id='word_1_793' title='bbox 2109 5146 2762 5220; x_wconf 7' lang='lat' dir='ltr'><strong>dicunturieenlesimas</strong></span> <span class='ocrx_word' id='word_1_794' title='bbox 2783 5147 3024 5220; x_wconf 66' lang='lat' dir='ltr'><strong>accipit,</strong></span> <span class='ocrx_word' id='word_1_795' title='bbox 3052 5151 3142 5220; x_wconf 82' lang='lat' dir='ltr'><strong>vel</strong></span> <span class='ocrx_word' id='word_1_796' title='bbox 3169 5156 3348 5220; x_wconf 78' lang='lat' dir='ltr'><strong>cesset</strong></span> <span class='ocrx_word' id='word_1_797' title='bbox 3381 5149 3473 5204; x_wconf 88' lang='lat' dir='ltr'><strong>vel</strong></span> <span class='ocrx_word' id='word_1_798' title='bbox 3503 5147 3598 5220; x_wconf 45' lang='lat' dir='ltr'><strong>de:</strong></span> 
     </span>
    </p>
   </div>
   <div class='ocr_carea' id='block_1_120' title="bbox 1949 5215 3600 5290">
    <p class='ocr_par' dir='ltr' id='par_1_120' title="bbox 1949 5215 3600 5290">
     <span class='ocr_line' id='line_1_121' title="bbox 1949 5215 3600 5290; baseline -0.002 -16"><span class='ocrx_word' id='word_1_799' title='bbox 1949 5215 2233 5288; x_wconf 62' lang='lat' dir='ltr'><strong>ponatur.</strong></span> <span class='ocrx_word' id='word_1_800' title='bbox 2269 5215 2492 5290; x_wconf 79' lang='lat' dir='ltr'><strong>Conjici</strong></span> <span class='ocrx_word' id='word_1_801' title='bbox 2525 5231 2680 5290; x_wconf 74' lang='lat' dir='ltr'><strong>ergo</strong></span> <span class='ocrx_word' id='word_1_802' title='bbox 2717 5215 2924 5290; x_wconf 79' lang='lat' dir='ltr'><strong>possit</strong></span> <span class='ocrx_word' id='word_1_803' title='bbox 2963 5217 3240 5273; x_wconf 87' lang='lat' dir='ltr'><strong>Basilium</strong></span> <span class='ocrx_word' id='word_1_804' title='bbox 3298 5216 3600 5290; x_wconf 86' lang='lat' dir='ltr'><strong>ejusmodi</strong></span> 
     </span>
    </p>
   </div>
   <div class='ocr_carea' id='block_1_121' title="bbox 1951 5286 3602 5368">
    <p class='ocr_par' dir='ltr' id='par_1_121' title="bbox 1951 5286 3602 5368">
     <span class='ocr_line' id='line_1_122' title="bbox 1951 5286 3602 5368; baseline -0.001 -24"><span class='ocrx_word' id='word_1_805' title='bbox 1951 5286 2219 5361; x_wconf 85' lang='lat' dir='ltr'><strong>peccato,</strong></span> <span class='ocrx_word' id='word_1_806' title='bbox 2243 5286 2405 5358; x_wconf 91' lang='lat' dir='ltr'><strong>quod</strong></span> <span class='ocrx_word' id='word_1_807' title='bbox 2439 5287 2498 5368; x_wconf 75' lang='lat' dir='ltr'><strong>in</strong></span> <span class='ocrx_word' id='word_1_808' title='bbox 2523 5286 3140 5368; x_wconf 29' lang='lat' dir='ltr'><strong>lai‘cis&#39;lenitcr‘punit,</strong></span> <span class='ocrx_word' id='word_1_809' title='bbox 3169 5305 3288 5344; x_wconf 90' lang='lat' dir='ltr'><strong>non</strong></span> <span class='ocrx_word' id='word_1_810' title='bbox 3321 5286 3602 5368; x_wconf 52' lang='grc' dir='ltr'><strong>ἐπαῖξξεὶ-</strong></span> 
     </span>
    </p>
   </div>
   <div class='ocr_carea' id='block_1_122' title="bbox 1955 5357 3605 5429">
    <p class='ocr_par' dir='ltr' id='par_1_122' title="bbox 1955 5357 3605 5429">
     <span class='ocr_line' id='line_1_123' title="bbox 1955 5357 3605 5429; baseline -0.002 -14"><span class='ocrx_word' id='word_1_811' title='bbox 1955 5357 2117 5416; x_wconf 73' lang='lat' dir='ltr'><strong>inam</strong></span> <span class='ocrx_word' id='word_1_812' title='bbox 2171 5374 2412 5429; x_wconf 72' lang='lat' dir='ltr'><strong>pmnam</strong></span> <span class='ocrx_word' id='word_1_813' title='bbox 2451 5359 2508 5412; x_wconf 90' lang='lat' dir='ltr'><strong>in</strong></span> <span class='ocrx_word' id='word_1_814' title='bbox 2567 5357 2791 5412; x_wconf 82' lang='lat' dir='ltr'><strong>clericis</strong></span> <span class='ocrx_word' id='word_1_815' title='bbox 2831 5357 3030 5413; x_wconf 85' lang='lat' dir='ltr'><strong>statim</strong></span> <span class='ocrx_word' id='word_1_816' title='bbox 3073 5359 3388 5428; x_wconf 84' lang='lat' dir='ltr'><strong>irrogasse.</strong></span> <span class='ocrx_word' id='word_1_817' title='bbox 3447 5359 3605 5414; x_wconf 88' lang='lat' dir='ltr'><strong>Illius</strong></span> 
     </span>
    </p>
   </div>
   <div class='ocr_carea' id='block_1_123' title="bbox 1955 5429 3606 5501">
    <p class='ocr_par' dir='ltr' id='par_1_123' title="bbox 1955 5429 3606 5501">
     <span class='ocr_line' id='line_1_124' title="bbox 1955 5429 3606 5501; baseline -0.002 -13"><span class='ocrx_word' id='word_1_818' title='bbox 1955 5437 2154 5488; x_wconf 87' lang='lat' dir='ltr'><strong>autem</strong></span> <span class='ocrx_word' id='word_1_819' title='bbox 2183 5429 2482 5501; x_wconf 86' lang='lat' dir='ltr'><strong>lenitatem</strong></span> <span class='ocrx_word' id='word_1_820' title='bbox 2505 5429 2644 5484; x_wconf 91' lang='lat' dir='ltr'><strong>inde</strong></span> <span class='ocrx_word' id='word_1_821' title='bbox 2665 5430 2874 5500; x_wconf 89' lang='lat' dir='ltr'><strong>repetit</strong></span> <span class='ocrx_word' id='word_1_822' title='bbox 2898 5429 3416 5501; x_wconf 87' lang='lat' dir='ltr'><strong>Balsamon,quod</strong></span> <span class='ocrx_word' id='word_1_823' title='bbox 3432 5429 3606 5486; x_wconf 82' lang='lat' dir='ltr'><strong>fenus</strong></span> 
     </span>
    </p>
   </div>
   <div class='ocr_carea' id='block_1_124' title="bbox 1955 5499 3372 5574">
    <p class='ocr_par' dir='ltr' id='par_1_124' title="bbox 1955 5499 3372 5574">
     <span class='ocr_line' id='line_1_125' title="bbox 1955 5499 3372 5574; baseline -0.003 -17"><span class='ocrx_word' id='word_1_824' title='bbox 1955 5502 2221 5558; x_wconf 87' lang='lat' dir='ltr'><strong>civilium</strong></span> <span class='ocrx_word' id='word_1_825' title='bbox 2245 5499 2448 5570; x_wconf 84' lang='lat' dir='ltr'><strong>legum</strong></span> <span class='ocrx_word' id='word_1_826' title='bbox 2479 5499 2830 5558; x_wconf 82' lang='lat' dir='ltr'><strong>auctoritate</strong></span> <span class='ocrx_word' id='word_1_827' title='bbox 2859 5499 3372 5574; x_wconf 77' lang='lat' dir='ltr'><strong>comprobaretur.</strong></span> 
     </span>
    </p>
   </div>
   <div class='ocr_carea' id='block_1_125' title="bbox 3189 5667 3258 5724">
    <p class='ocr_par' dir='ltr' id='par_1_125' title="bbox 3189 5667 3258 5724">
     <span class='ocr_line' id='line_1_126' title="bbox 3189 5667 3258 5724; baseline 0 0"><span class='ocrx_word' id='word_1_828' title='bbox 3189 5667 3258 5724; x_wconf 77' lang='lat'><strong>22</strong></span> 
     </span>
    </p>
   </div>
  </div>
