4092 6210
531 203 633 257 687

1935 188 1989 245 8.
2034 188 2283 245 BASILII
2324 188 2543 244 MAGNI

3793 198 3908 253 688

529 322 840 395 objiciunt,
868 320 974 392 qui
999 334 1113 375 nos
1140 317 1223 374 sic
1248 316 1531 372 incusant
1557 312 1723 385 quod
1761 316 1878 367 tres
1902 311 2188 383 hyposta-

2301 312 2628 383 καινοτομίαν
2678 314 2803 384 ἡμῖν
2857 319 3222 389 προφέρουσιν,
3289 318 3482 368 οὑτωσὶ
3546 320 3604 368 τό
3669 318 3911 391 ἔγκλημα

532 431 629 471 ses
680 413 1119 470 conﬁteamur:
1160 407 1557 464 criminantur
1613 404 1780 475 quod
1838 419 2023 457 unam
2083 402 2186 457 bo-

528 505 776 560 nitatem
806 506 863 558 et
889 516 1075 556 unam
1116 496 1451 570 potentiam
1492 500 1548 550 et
1595 509 1781 548 unam
1815 492 2188 547 divinitatem

529 592 828 647 dicamus.
852 594 1050 661 Neque
1075 587 1134 642 id
1162 590 1327 641 extra
1351 585 1658 638 veritatem
1686 601 1698 636 :
1724 582 1982 637 dicimus
2005 581 2187 635 enim.

532 680 648 737 Sed
679 677 1058 736 criminando
1088 674 1405 746 objiciunt,
1448 688 1569 728 non
1627 672 1710 725 sic
1763 686 1936 725 suam
1968 669 2190 725 habere

529 767 1051 835 consuetudinem,
1106 780 1217 819 nec
1272 762 1639 833 Scripturam
1695 759 1988 814 assentiri.
2039 755 2194 822 Quid

528 860 708 931 igitur
735 859 814 916 ad
841 859 957 914 hoc
996 870 1240 929 quoque
1272 870 1384 909 nos
1407 854 1433 908 ?
1470 856 1595 908 Non
1628 858 1917 924 putamus
1949 865 2194 920 aequum

531 964 686 1016 esse,
747 952 808 1002 ut
855 947 1157 1016 vigentem
1218 942 1384 1014 apud
1449 942 1611 1013 ipsos
1669 938 2194 1015 consuetudinem,

533 1042 711 1093 rectas
745 1036 1033 1091 doctrinae
1057 1034 1254 1103 legem
1285 1035 1343 1087 et
1371 1046 1650 1085 normam
1695 1030 2016 1084 ducamus.
2070 1029 2196 1081 Ete-

537 1126 666 1181 nim
699 1125 743 1179 si
776 1125 931 1180 valet
960 1123 1039 1178 ad
1080 1128 1254 1177 rectae
1287 1120 1575 1175 doctrinas
1616 1117 2196 1173 demonstrationem

534 1212 942 1279 consuetudo,
966 1212 1099 1265 licet
1130 1214 1186 1264 et
1211 1208 1388 1264 nobis
1415 1206 1686 1277 profecto
1716 1205 2001 1259 usitatum
2030 1201 2196 1274 apud

533 1320 647 1359 nos
681 1317 917 1357 morem
948 1314 1278 1372 opponere.
1322 1297 1494 1363 Quod
1521 1297 1569 1351 si
1599 1297 1760 1351 hunc
1787 1295 1869 1351 illi
1899 1294 2191 1365 rejiciunt,

533 1409 733 1464 neque
764 1390 941 1447 nobis
989 1405 1237 1462 prorsus
1285 1387 1417 1443 illos
1472 1386 1640 1458 sequi
1680 1400 1944 1440 necesse.
1989 1387 2195 1455 Itaque

538 1481 849 1552 Scriptura
873 1478 1161 1534 divinitus
1192 1476 1484 1548 inspirata
1532 1474 1706 1530 nobis
1747 1474 1822 1529 sit
1850 1472 2108 1538 arbitra;
2141 1476 2198 1526 et

536 1569 701 1642 apud
730 1584 885 1640 quos
912 1570 1159 1623 inventa
1189 1566 1407 1621 fuerint
1434 1564 1725 1633 dogmata
1754 1562 1969 1617 divinis
2004 1560 2197 1616 verbis

2296 401 2411 452 καθ’
2465 404 2608 473 ἡμῶν
2666 406 2983 463 συντιθέντες
3045 412 3181 476 τρεῖς
3237 407 3551 465 ὑποστάσεις
3595 406 3934 543 ὁμολογούνιγ

2297 510 2397 541 των
2427 494 2531 543 (9H
2554 512 2565 523 '
2599 496 2717 543 ιιίαν
2742 491 3060 543 ἀναθότητα.
3094 500 3182 543 καὶ
3225 500 3344 543 μίαν
3377 491 3621 543 diluerunt-
3650 501 3741 543 καὶ
3782 503 3905 543 μίαν

2297 510 2397 541 των
2427 494 2531 561 (91)
2554 512 2565 523 ’
2596 496 2717 563 μίαν
2742 491 3060 563 ἀγαθότητα,
3094 500 3182 545 καὶ
3220 500 3344 566 μίαν
3377 491 3621 566 δύναμιν,
3650 501 3741 548 καὶ
3779 503 3905 568 μίαν

2301 582 2517 637 θεός-ητα
2542 580 2705 652 λέγειν
2737 585 2871 654 ἡμᾶς
2899 584 3185 637 αἰτιῶνται.
3216 590 3314 636 Καὶ
3344 584 3437 636 οὐκ
3460 585 3554 646 ἔξω
3597 590 3752 638 τοῦτό
3774 605 3901 657 φασι

2299 678 2393 731 τῆς
2435 669 2706 731 ἀληθείας’
2758 671 2967 744 λεγομεν
3014 677 3138 745 γὰρ.
3191 672 3321 726 Ἀλλ’
3371 672 3706 745 ἐγκαλοῦντες
3750 682 3905 727 τοῦτο

2300 765 2667 833 προφέρουσιν,
2698 764 2777 813 ὁτι
2808 763 2836 819 ἡ
2875 764 3123 819 συνήθεια
3154 762 3316 814 αὐτῶν
3339 771 3492 815 τοῦτο
3520 763 3614 815 οὐκ
3645 766 3779 835 ἔχει,
3810 771 3904 818 καὶ

2303 852 2331 906 ἠ
2358 854 2532 923 Γραφὴ
2569 850 2627 901 ού
2653 853 2967 905 συντίθεται.
3001 856 3062 904 Τί
3092 847 3179 903 οὖν
3226 857 3316 904 καὶ
3354 857 3481 927 πρὸς
3527 860 3681 905 τοῦτο
3712 856 3899 925 ἡμεῖςς

2306 937 2381 989 Οὐ
2426 940 2701 1011 νομίζομεν
2761 937 2964 992 δίκαιον
3016 942 3144 993 εἶναι
3205 946 3299 999 τὴν
3360 942 3484 1016 παρ’
3542 942 3715 1003 αὐτοῖς
3783 941 3900 994 ἐπι-

2305 1035 2599 1102 κρατοῦσαν
2656 1032 2931 1087 ωνήθειαν
2987 1034 3140 1102 νόμιον
3206 1034 3296 1082 καὶ
3345 1036 3535 1082 κανόνα
3597 1038 3689 1083 τοῦ
3745 1031 3903 1105 ὀρθοῦ

2305 1119 2569 1169 ποιεῖσθαι
2612 1118 2786 1189 λόγου.
2822 1119 2880 1172 Εἰ
2907 1122 3008 1192 γὰρ
3042 1119 3267 1193 ἰσχυρόν
3312 1119 3451 1171 ἔστιν
3507 1121 3573 1180 εἰς
3630 1117 3905 1182 ἀπόδειξιν

2307 1205 2583 1277 ὀρθότητος
2614 1210 2642 1265 η
2680 1211 2946 1271 συνήθεια,
2975 1208 3143 1270 ἔξεστι
3169 1214 3257 1261 καὶ
3284 1211 3407 1281 ἡμῖν
3433 1212 3630 1270 πάντως
3662 1208 3907 1284 ἀντιπρο-

2306 1294 2584 1347 ϐάλλεσθαι
2612 1302 2705 1353 τὴν
2737 1297 2859 1372 παρ’
2882 1300 3005 1369 ἡμῖν
3037 1296 3420 1372 ἐπικρατοῦσαν
3454 1301 3747 1357 συνήθειαν.
3771 1300 3831 1353 Εἰ
3850 1295 3909 1351 δὲ

2304 1388 2730 1458 παραγράφονται
2760 1390 2954 1445 ταύτην
3000 1387 3202 1451 ἐκεῖνοι,
3250 1384 3373 1440 οὐδὲ
3404 1390 3527 1460 ἡμῖν
3561 1392 3672 1459 (92}
3702 1391 3907 1450 πάντως

2305 1472 2676 1532 ἀκολουθητέον
2731 1474 2958 1536 ἐκείνοις.
3028 1477 3229 1528 Οὐκοῦν
3287 1479 3317 1534 ἡ
3388 1479 3726 1539 θεόπνευστος
3779 1480 3907 1549 ἧμιν

2307 1558 2636 1621 διαιτησάτω
2660 1569 2834 1638 Γραφή
2856 1581 2866 1593 ⁸
2896 1570 2983 1617 καὶ
3014 1565 3138 1639 παρ’
3166 1567 3245 1625 οἱς
3274 1564 3333 1616 ἆν
3356 1568 3534 1639 εὑρεθῇ
3564 1569 3628 1618 τὰ
3660 1563 3909 1639 δόγματα

537 1672 828 1724 consona,
863 1656 941 1712 ad
973 1672 1078 1711 eos
1123 1654 1364 1710 accedet
1412 1653 1661 1708 omnino
1688 1651 1952 1707 veritatis
1983 1649 2191 1705 suffra-

2308 1648 2520 1722 συνῳδά
2545 1660 2647 1712 τοῖς
2680 1654 2829 1713 θείοις
2861 1653 3056 1724 λόγοις,
3090 1652 3173 1705 ἐπὶ
3198 1657 3414 1716 τούτους
3443 1654 3554 1716 ἣξει
3579 1657 3782 1714 πάντως
3816 1662 3907 1714 τῆς

539 1748 729 1817 gium.
783 1746 1105 1812 Quodnam
1154 1745 1333 1814 igitur
1384 1744 1611 1798 crimen
1663 1743 1793 1797 est?
1852 1744 1978 1796 Duo
2034 1739 2196 1794 enim

539 1836 721 1892 simul
778 1836 842 1892 in
894 1834 1279 1891 accusatione
1329 1831 1505 1887 nobis
1572 1830 1736 1885 illata
1811 1830 2195 1900 objecerunt;

540 1941 753 1993 unum,
822 1923 990 1997 quod
1046 1923 1393 1979 dividamus
1458 1920 1859 1991 hypostases;
1922 1918 2191 1987 alterum,

540 2014 708 2087 quod
740 2013 976 2070 nullum
998 2028 1071 2067 ex
1093 2010 1441 2067 nominibus
1470 2025 1606 2080 quae
1630 2009 1809 2079 278
1832 2010 1950 2062 Deo
1982 2023 2196 2062 conve-

540 2104 733 2172 niunt,
751 2101 1059 2173 pluraliter
1089 2114 1502 2164 numeremus,
1526 2098 1631 2152 sed
1662 2113 1870 2165 unam,
1894 2101 1957 2151 ut
1972 2096 2195 2151 dictum

542 2197 649 2260 est,
680 2191 1036 2257 bonitatem,
1085 2194 1142 2245 et
1193 2189 1546 2260 potentiam,
1613 2191 1670 2242 et
1718 2186 2111 2249 divinitatem,
2143 2188 2200 2241 et

541 2294 923 2353 quaecunque
973 2278 1114 2335 talia
1167 2282 1325 2345 sunt,
1376 2276 1754 2346 singulariter
1790 2276 2193 2331 enuntiemus.

543 2368 719 2434 Quod
750 2366 1000 2439 quidem
1034 2366 1242 2423 attinet
1271 2365 1350 2421 ad
1372 2365 1729 2420 divisionem
1760 2364 2194 2435 hypostasewn,

544 2457 625 2514 ab
653 2472 726 2513 ea
751 2456 1001 2512 minime
1051 2455 1229 2511 alieni
1278 2454 1515 2522 fuerint,
1546 2454 1649 2526 qui
1681 2454 2075 2509 essentiarum
2115 2452 2199 2507 di-

543 2546 887 2603 versitatem
917 2544 978 2600 in
1008 2544 1218 2600 divina
1246 2543 1580 2599 decernunt
1608 2548 1844 2599 natura.
1878 2545 2004 2597 Non
2035 2542 2193 2598 enim

542 2650 659 2709 par
709 2641 818 2704 est,
849 2640 916 2691 ut
944 2634 1049 2706 qui
1079 2639 1199 2690 tres
1245 2633 1454 2689 dicunt
1501 2633 1817 2702 essentias,
1862 2647 1986 2686 non
2016 2632 2197 2687 etiam

540 2731 663 2782 tres
687 2724 1049 2795 hypostases
1078 2722 1299 2779 dicant.
1341 2726 1545 2793 Itaque
1595 2722 1711 2777 hoc
1738 2721 1935 2776 solum
1964 2720 2199 2776 crimini

541 2813 741 2883 datur,
773 2812 941 2885 quod
969 2827 1107 2883 quae
1150 2810 1227 2867 de
1276 2811 1483 2867 divina
1528 2814 1747 2867 natura
1782 2809 2065 2865 dicuntur
2093 2825 2197 2866 no-

540 2901 731 2972 mina,
760 2901 1135 2974 singulariter
1162 2899 1646 2973 pronuntiemus.

610 3101 663 3155 4.
691 3097 807 3155 Sed
828 3100 1111 3169 prompta
1130 3096 1307 3153 nobis
1337 3095 1632 3152 adversus
1651 3095 1769 3151 hoc
1793 3100 1850 3151 et
1873 3094 2194 3152 manifesta

538 3188 711 3245 ratio.
736 3186 847 3252 Qui
876 3188 1037 3243 enim
1079 3186 1446 3242 condemnat
1494 3201 1597 3242 eos
1625 3186 1729 3256 qui
1771 3202 1957 3241 unam
1989 3184 2197 3240 dicunt

538 3276 933 3341 divinitatem,
950 3276 1289 3332 necessario
1315 3280 1419 3330 aut
1442 3274 1663 3329 multas
1685 3274 1925 3341 dicenti,
1943 3279 2047 3329 aut
2062 3276 2193 3327 nul-

536 3363 660 3421 lam
683 3365 1059 3420 assentietur.
1092 3367 1220 3420 Non
1241 3364 1401 3419 enim
1426 3367 1621 3434 potest
1646 3362 1810 3417 aliud
1831 3364 2186 3435 quidquam,

536 3459 753 3525 prater
799 3452 861 3507 id
906 3453 1071 3525 quod
1124 3453 1352 3508 dictum
1397 3457 1505 3518 est,
1539 3452 1887 3522 excogitari.
1923 3452 2036 3507 Sed
2080 3468 2191 3508 nec

537 3541 760 3598 multas
806 3541 926 3596 dici
967 3541 1254 3598 divinitus
1298 3542 1589 3613 inspirata
1633 3542 1854 3611 patitur
1895 3541 2186 3612 doctrina,

535 3647 674 3704 quas
718 3630 912 3687 sicubi
952 3630 1229 3687 meminit
1256 3630 1606 3696 divinitatis,
1633 3630 2013 3700 singulariter
2055 3647 2189 3687 eam

534 3725 993 3786 commemorat,
1016 3734 1266 3790 nempe:
1287 3720 1357 3774 In
1381 3720 1507 3788 ipso
1527 3718 1757 3775 habitat
1788 3721 1979 3774 omnis
1990 3721 2187 3788 pleni-

538 3809 681 3864 tudo
712 3809 1044 3865 divinitatis
1062 3810 1143 3875 ‘5;
1171 3813 1229 3863 et
1253 3807 1397 3863 alibi
1422 3825 1435 3863 :
1462 3809 1796 3864 Invisibitia
1830 3810 1983 3863 enim
2003 3810 2189 3876 ipsius

536 3901 888 3954 acreatione
906 3900 1142 3960 mundi,
1160 3913 1266 3966 per
1281 3913 1350 3953 ea
1366 3912 1501 3968 quae
1513 3898 1685 3965 facta
1706 3904 1867 3961 sunt,
1881 3899 2189 3953 intellecta

536 3988 1145 4054 conspiciuntur,tum
1156 3988 1521 4047 sempiterna
1532 3989 1589 4055 ej
1595 4002 1660 4041 us
1676 3988 1883 4047 virtus,
1901 3993 2027 4043 tum
2044 3988 2189 4042 divi-

536 4074 697 4129 nitas
710 4074 778 4127 “.
798 4074 853 4128 Si
875 4074 1055 4141 igitur
1078 4074 1139 4129 in
1169 4073 1616 4129 multitudinem
1636 4075 1956 4130 extendere
1977 4090 2185 4131 nume-

536 4176 675 4217 rum
731 4160 1137 4225 divinitatum,
1169 4161 1407 4216 illorum
1459 4161 1655 4217 solum
1704 4168 1809 4227 est,
1843 4164 1942 4234 qui
1990 4180 2188 4220 errore

536 4248 936 4305 multitudinis
952 4249 1205 4304 deorum
1221 4248 1526 4305 laborant:
1543 4253 1792 4306 omnino
1816 4256 2016 4307 autem
2039 4253 2188 4308 divi-

2306 1739 2550 1802 ἀληθειας
2588 1744 2615 1799 ἡ
2645 1741 2835 1814 ψῆφος.
2869 1746 2931 1794 Τί
2977 1742 3063 1793 οὖν
3096 1742 3210 1794 ἐστι
3258 1746 3314 1794 τὸ
3358 1743 3632 1815 ἔγκλημα;
3676 1748 3776 1797 Δύο
3803 1745 3904 1817 γαρ

2306 1834 2441 1883 κατὰ
2468 1836 2653 1883 ταυτὸν
2685 1830 2731 1882 ἐν
2762 1840 2822 1904 τῇ
2853 1836 3147 1905 κατηγορίᾳ
3175 1839 3236 1904 τῇ
3269 1832 3384 1883 καθ’
3417 1834 3562 1904 ἡμῶν
3592 1838 3906 1905 προενήνεκ-

2306 1940 2393 1971 ται
2419 1942 2431 1953 ο
2469 1920 2516 1972 ἓν
2555 1924 2643 1992 μὲν
2683 1924 2739 1971 τό
2785 1918 3118 1994 διαιρεζιςὰς
3143 1922 3461 1982 ὑποστάσεις
3485 1942 3498 1954 ·
3541 1921 3711 1993 ἕτερον
3754 1918 3816 1973 δὲ
3846 1906 3941 1972 rei

2306 2015 2493 2081 μηκέτι
2540 2006 2705 2082 μηδεν
2754 2019 2851 2061 τῶν
2895 2013 3190 2085 θεαπρεπῶν
3242 2010 3503 2083 ὀνομάτων
3542 2013 3905 2071 πληθυντικῶς

2308 2099 2564 2175 ἀριθμεῖν,
2599 2098 2723 2151 ἀλλὰ
2748 2105 2892 2171 μίαν,
2917 2102 3084 2159 καθὼς
3106 2106 3431 2173 προείρηται,
3452 2104 3545 2157 τὴν
3574 2100 3902 2170 ἁγαθότητα,

2306 2194 2395 2240 καὶ
2427 2194 2519 2247 τὴν
2548 2186 2789 2260 δύναμιν,
2812 2194 2902 2240 καὶ
2925 2194 3017 2247 τὴν
3042 2191 3279 2261 θεότητα,
3296 2210 3382 2241 και
3399 2192 3567 2241 πάντα
3592 2194 3657 2241 τὰ
3680 2197 3907 2242 τοιαῦτα

2306 2276 2598 2351 μοναδικῶς
2630 2277 2965 2349 ἐξαγγελλειν.
3014 2282 3147 2353 Πρὸς
3179 2282 3269 2350 μεν
3300 2286 3387 2330 οῦν
3417 2284 3479 2336 τὴ
3511 2275 3769 2353 διαίρεσιν
3803 2288 3905 2330 τῶν

2306 2371 2639 2421 ύποστάσεων
2671 2369 2763 2421 ούκ
2794 2368 2853 2419 ἆν
2902 2368 3071 2439 ἔχοιεν
3118 2367 3399 2443 ἀλλοτρίως
3423 2372 3472 2421 οἱ
3502 2374 3594 2426 τὴν
3624 2369 3907 2441 ἑτερότητα

2305 2467 2403 2510 τῶν
2431 2459 2621 2510 ούσιῶν
2670 2457 2753 2510 ἐπὶ
2794 2467 2887 2519 τῆς
2940 2460 3079 2519 θείας
3128 2454 3533 2530 δογματίζοντες
3561 2461 3784 2529 φύσεως.
3825 2458 3902 2510 Ού

2304 2551 2405 2621 γὰρ
2429 2548 2563 2607 εἰκός
2594 2546 2706 2599 ἐστι
2734 2552 2854 2607 τούς
2884 2555 3021 2619 τρεῖς
3045 2547 3284 2618 λέγοντας
3322 2547 3501 2607 ούσίας
3540 2552 3611 2618 μὴ
3642 2552 3733 2599 καὶ
3761 2552 3902 2619 τρεῖς

2305 2640 2621 2698 ὑπ’θσττλίοπις
2650 2636 2836 2708 λέγειν.
2877 2637 3079 2688 Οὐκοῦν
3100 2644 3253 2688 τοῦτο
3282 2642 3436 2709 μόνον
3471 2634 3611 2688 ἐστὶν
3635 2634 3682 2687 ἐν
3714 2633 3900 2706 ἕγιλή-

2304 2746 2452 2799 ματι,
2483 2730 2539 2779 τό
2570 2729 2635 2778 τὰ
2664 2725 2995 2797 ἐπιλεγόμενα
3152 2727 3267 2799 θεία
3310 2728 3422 2797 (93)
3477 2727 3628 2797 φύσει
3665 2726 3900 2797 ὀνόματα

2306 2814 2602 2889 μοναδικῶς
2631 2816 3015 2889 καταγγέλλειν.

2374 3104 2428 3159 4.
2473 3100 2605 3155 Ἀλλ’
2650 3102 2855 3173 ἕτοιμος
2918 3101 3043 3173 ἡμῖν
3107 3102 3234 3174 πρὸς
3287 3107 3438 3153 τοῦτο
3498 3102 3587 3153 καὶ
3652 3102 3829 3171 σαφὴς
3878 3100 3903 3151 ὁ

2300 3192 2470 3263 λόγος.
2498 3192 2557 3244 Ὀ
2582 3195 2682 3265 γὰρ
2706 3197 3111 3261 καταγινώσκων
3140 3199 3237 3241 τῶν
3258 3195 3384 3263 μίαν
3405 3189 3650 3260 λεγόντων
3678 3191 3903 3248 θεότητα

2299 3281 2352 3344 ἐξ
2392 3282 2616 3352 ἀνάγκης
2666 3288 2739 3351 τῷ
2784 3280 2972 3341 πολλὰς
3021 3279 3244 3350 λέγοντι,
3290 3279 3319 3337 ἦ
3373 3287 3445 3348 τῷ
3478 3275 3747 3351 μηδεμίαν
3774 3297 3900 3331 συνο

2300 3373 2534 3429 θήσεται.
2589 3370 2663 3422 Oi}
2716 3373 2818 3443 γὰρ
2866 3368 2978 3421 ἐστι
3037 3364 3258 3421 δυνατὸν
3317 3368 3484 3441 ἕτερον
3531 3386 3583 3419 τι
3637 3371 3783 3441 παρὰ
3841 3372 3898 3420 τό

2298 3460 2561 3534 εἰρημένον
2636 3462 2933 3517 ἕπινοῆσαι.
3002 3456 3133 3511 Ἀλλ’
3201 3459 3317 3510 οὔτε
3390 3456 3581 3516 πολλὰς
3646 3456 3809 3528 λέγειν
3868 3460 3896 3515 ἡ

2301 3551 2632 3609 θεόπνευστος
2687 3554 2957 3621 συγχωρεῖ
3014 3543 3385 3610 διδασκαλία,
3444 3548 3588 3598 εῖπου
3646 3546 3738 3597 καί
3808 3551 3898 3616 με·

2298 3657 2509 3709 μνηται,
2564 3645 2807 3709 μοναχῶς
2863 3644 2958 3696 τῆς
3012 3637 3243 3696 θεότητος
3298 3636 3412 3704 (94)
3470 3636 3895 3705 μνημονεύουσα,

2298 3728 2375 3779 ὅτι
2406 3728 2484 3778 Ἐν
2538 3726 2677 3796 αύτῷ
2729 3731 2960 3777 κατοικεῖ
3006 3730 3105 3775 πᾶν
3159 3727 3217 3775 τὸ
3263 3722 3521 3797 πλήρωμα
3577 3730 3667 3782 τῆς
3710 3724 3900 3781 θεότη-

2297 3835 2416 3875 τος’
2449 3821 2538 3868 καὶ
2569 3816 2815 3888 ἐτερωθν
2872 3818 2949 3868 Τὰ
2992 3816 3095 3888 γὰρ
3146 3811 3342 3885 ἀόρατα
3399 3812 3560 3864 αὐτοῦ
3622 3815 3723 3864 ὰπὸ
3777 3818 3898 3864 κτί-

2301 3924 2428 3967 σεως
2498 3910 2699 3977 κόσμου
2767 3912 2875 3965 τοῖς
2930 3908 3196 3975 ποιήμασι
3261 3905 3509 3974 νοούμενα
3578 3903 3895 3975 καθορᾶται,

2299 3996 2327 4053 ἦ
2383 4014 2437 4047 τε
2473 3992 2647 4056 ἀίδιος
2699 3994 2859 4047 αὐτοῦ
2914 3988 3138 4065 δύναμις
3182 3996 3272 4045 καὶ
3326 3994 3551 4053 θειότης.
3590 3990 3653 4044 Εἰ
3695 3987 3785 4043 οὖν
3829 3991 3898 4053 εἰς

2296 4083 2494 4144 πλῆθος
2548 4083 2781 4135 ἐκτείνειν
2838 4086 2925 4134 τὸν
2985 4081 3204 4153 ἀριθμὸν
3259 4088 3359 4132 τῶν
3411 4082 3683 4142 θεοτήτων,
3742 4084 3895 4151 μόνον

2297 4182 2396 4225 τῶν
2445 4178 2539 4231 την
2591 4172 2837 4225 πολύθεον
2883 4170 3081 4228 πλάνην
3132 4174 3481 4227 νενοσηκότων
3522 4168 3671 4221 ἐστι’
3727 4170 3783 4221 τό
3842 4164 3899 4221 δὲ

2297 4262 2519 4315 καθόλου
2570 4260 2837 4334 ἀρνεῖσθαι
2890 4264 2982 4317 τὴν
3025 4261 3245 4317 θεότητα
3289 4266 3388 4310 τῶν
3448 4256 3608 4309 ἀθέων
3658 4255 3720 4307 ἂν
3779 4260 3891 4314 εἴη·

536 4339 786 4395 nitatem
799 4352 1045 4407 negare,
1060 4338 1377 4394 atbeorum
1400 4338 1604 4407 fuerit;
1628 4355 1752 4410 qua
1771 4341 2001 4396 ratione
2027 4341 2190 4397 incu-

2301 4357 2378 4412 τίς
2406 4350 2554 4423 λόγος
2584 4350 2725 4403 ἐστὶν
2784 4352 2809 4401 ό
2864 4345 3155 4401 διαϐάλλων
3211 4350 3349 4420 ἡμᾶς
3402 4346 3485 4399 ἐπὶ
3510 4355 3581 4417 τῷ
3612 4351 3739 4417 μίαν
3769 4348 3898 4419 ὀμο-

538 4442 763 4497 samur,
788 4426 953 4498 quod
986 4440 1171 4483 unam
1203 4426 1599 4482 confiteamur
1628 4427 2041 4484 divinitatem?
2075 4430 2189 4486 Sed

539 4516 803 4586 apertius
832 4514 1117 4571 orationis
1156 4531 1280 4570 suae
1314 4514 1546 4571 nudant
1584 4502 1958 4587 propositum
1989 4535 2001 4573 :
2032 4518 2189 4574 Patri

536 4604 780 4676 quidem
805 4604 1148 4670 convenire,
1181 4608 1245 4659 ut
1274 4605 1428 4660 Deus
1462 4605 1555 4674 sit,
1587 4621 1657 4661 ac
1681 4605 1891 4661 Filium
1923 4607 2189 4663 similiter

536 4692 862 4750 divinitatis
880 4692 1125 4749 nomine
1146 4694 1432 4750 honorari
1453 4695 1872 4762 assentientes;
1904 4698 2186 4767 Spiritum

536 4797 699 4853 vero,
728 4782 832 4854 qui
856 4796 978 4840 una
1006 4798 1149 4840 cum
1179 4784 1348 4840 Patre
1380 4788 1437 4841 et
1464 4783 1605 4842 Filio
1637 4790 2007 4856 numeratur,
2040 4786 2183 4843 divi-

605 5016 653 5053 ⁸⁵
677 5011 868 5077 Colon.
893 5029 955 5088 ιι,
983 5022 1037 5077 9.
1114 5020 1162 5060 ⁸⁸
1193 5025 1364 5083 Rom.
1397 5038 1439 5095 ι,
1471 5020 1563 5084 20³

540 5312 551 5321 _
604 5236 718 5320 (9t)
758 5230 1193 5321 ’ρμολογούντων.
1217 5236 1310 5321 _ln
1366 5248 1511 5321 uno
1536 5240 1833 5321 ex_I_iegiis
1873 5245 2185 5321 codicibus

530 5312 930 5396 opim-700w“,
985 5318 1042 5368 et
1093 5312 1274 5384 paulo
1321 5319 1456 5385 post
1496 5314 1559 5370 in
1615 5312 1893 5373 Medicaeo
1949 5318 2186 5391 λέγοντας

528 5402 710 5523 ηῆἒέ)
753 5451 894 5507 Οὐδὲ
942 5456 1085 5526 ἡμῖν.
1142 5453 1432 5526 Primam,
1462 5471 1667 5512 vocem
1714 5459 2060 5519 addidimus
2111 5481 2185 5522 ex

530 5531 636 5600 sex
663 5540 811 5600 mss.
855 5525 1243 5600 etNysseno.
1293 5525 1480 5584 Paulo
1511 5535 1651 5600 post
1679 5531 1821 5587 editi
1864 5532 1950 5585 ἐπὶ
1977 5538 2183 5599 τούτοις

530 5594 642 5658 ἣξει
670 5598 872 5662 πάντως
915 5598 945 5658 ἡ
988 5594 1102 5655 om
1146 5605 1262 5664 τῆς.
1312 5600 1428 5659 Sex
1463 5594 1614 5663 tias.
1658 5605 1716 5664 et
1752 5605 2064 5677 Nyssenus
2118 5594 2185 5668 ut

2298 4442 2461 4513 λογεῑν
2511 4446 2603 4499 τὴν
2674 4442 2922 4506 θεότητας
2985 4438 3118 4491 Ἀλλ’
3177 4436 3561 4489 ἐκκαλύπτουσι
3617 4442 3893 4511 φανερώτε-

2296 4552 2385 4605 ρον
2428 4535 2513 4584 τὸν
2562 4539 2650 4583 τοῦ
2680 4530 2834 4601 λόγου
2887 4532 3113 4581 σκοπόν·
3146 4526 3231 4580 ἐπὶ
3261 4529 3353 4600 μεν
3405 4533 3497 4579 τοῦ
3563 4531 3769 4600 Πατρός
3809 4544 3876 4577 κα

2296 4618 2624 4693 ταὸέχεσθαι
2669 4624 2754 4672 τὸν
2809 4622 2936 4673 Θεὸν
2983 4614 3130 4684 εἶναι,
3181 4622 3271 4669 καὶ
3330 4620 3415 4669 τὸν
3475 4617 3595 4669 Υἱὸν
3643 4617 3897 4675 ὡσαύτως

2294 4714 2552 4785 τιμᾶσθαι
2622 4718 2692 4781 τῷ
2766 4717 2860 4771 τῆς
2917 4711 3152 4767 θεότητος
3228 4706 3442 4778 ὀνόματι
3501 4706 3893 4776 συντιθέμενον

2295 4806 2353 4855 τὸ
2422 4798 2480 4854 δὲ
2539 4806 2791 4872 Πνεῦμα,
2856 4802 3019 4872 Πατρὶ
3083 4802 3173 4851 καὶ
3237 4798 3343 4866 Υἰῷ
3395 4795 3897 4869 συναριθμούμενον,

2295 5178 2357 5236 in
2390 5180 2571 5235 textu.
2980 5226 2983 5233 .
3422 5224 3425 5229 λ

2368 5256 2483 5322 (93)
2523 5258 2594 5321 Τῇ
2632 5250 2761 5319 θείᾳ.
2794 5245 2943 5322 Editi
2969 5245 3018 5297 ἄν
3048 5244 3109 5317 τῇ
3155 5245 3288 5317 θὲίᾳ,
3331 5238 3436 5299 sed
3464 5240 3637 5298 deeSt
3662 5240 3899 5316 praepa

2300 5322 2433 5377 sitio
2462 5320 2520 5375 in
2550 5320 2650 5376 sex
2682 5320 2900 5375 nostris
2934 5334 3075 5372 mss.

2370 5397 2476 5463 (94)
2507 5400 2763 5463 Μοναχῶς
2802 5400 2897 5451 τῆς
2948 5390 3201 5448 θεότητος,
3253 5389 3339 5443 lta
3356 5396 3648 5463 _se__xr_ms_s.
3693 5387 3755 5463 et
3799 5396 3903 5463 ve-

2296 5454 2471 5520 tustte
2498 5454 2793 5520 editiohes
2824 5478 2894 5517 ac
2923 5464 3092 5531 Greg.
3126 5464 3300 5532 Nyss.
3352 5457 3542 5516 Editio
3590 5454 3783 5515 Paris.
3809 5460 3909 5514 τῆς

2297 5538 2532 5600 θεότητος
2560 5532 2860 5610 μοναδικῶς
2887 5535 3018 5593 αὐτή
3030 5553 3074 5597 ς.
