4062 6214
190 409 277 463 689
848 472 851 477 Α
1094 404 1577 461 EPISTOLARUM
1616 401 1899 464 CLASSIS
1939 408 2005 462 II.
2050 407 2264 464 EPIST.
2307 409 2609 465 CLXXXIX.

3428 409 3529 465 690

187 533 353 605 μηκέτι
374 534 463 582 καὶ
480 534 545 601 τῇ
565 536 656 590 τῆς
680 530 923 590 θεότητος
942 527 1109 601 ἐννοίᾳ
1131 529 1739 602 συμπαραλαμϐάνεσθαι

1864 532 2072 588 .nitatis
2102 534 2347 589 notione
2391 534 2635 589 minime
2667 532 3118 606 comprehendi,
3147 532 3253 588 sed
3294 547 3330 590 a
3360 536 3529 590 Patre

188 620 283 671 ἀλλ’
335 619 386 670 ἐκ
437 623 635 691 Πατρός
692 622 853 690 μέχρι
894 626 986 670 τοῦ
1044 622 1166 671 Υίοῦ
1229 622 1506 691 ἱσταμένην
1556 623 1649 677 τὴν
1674 629 1763 681 τῆς

188 712 411 771 θεότητος
470 705 714 779 δύναμιν,
747 706 1040 783 ἀποκρίνειν
1099 718 1190 770 τῆς
1236 712 1405 769 θεῖκῆς
1458 705 1618 771 δόξης
1670 715 1762 767 τὴν

185 802 323 871 φύσιν
373 806 462 850 τοῦ
520 800 840 869 Πνεῦματος,
876 798 1077 849 Οὐκοῦν
1109 798 1454 870 ἀπολογητέον
1486 804 1575 850 καὶ
1614 801 1758 871 ἡμῖν,

184 891 246 949 ὡς
274 886 328 938 ἆν
355 888 455 940 οἷοί
479 906 534 939 τε
564 887 715 958 ὦμεν,
752 883 847 938 διὰ
896 885 1143 961 βραχέων
1172 892 1262 940 καὶ
1291 892 1417 960 πρὸς
1446 891 1638 945 ταύτην
1668 894 1762 947 τὴν

180 978 378 1030 ἔννοιαν.

247 1072 292 1122 5.
500 1070 587 1125 Τίς
633 1061 721 1117 οὖν
769 1067 795 1117 6
838 1067 1077 1141 ἡμέτερος
1115 1066 1293 1138 λόγος;
1346 1064 1689 1140 Παραδιδοὺς
1736 1069 1761 1119 6

183 1158 352 1227 Κύριος
400 1158 489 1212 τὴν
524 1159 781 1228 σωτήριον
834 1159 1013 1207 πίστιν
1052 1163 1159 1217 τοῖς
1213 1157 1651 1228 μαθητευομῄοοις
1688 1164 1760 1227 τῷ

178 1251 319 1315 λόγῳ,
346 1253 415 1316 τῷ
445 1249 613 1318 Πατρὶ
646 1250 734 1295 καὶ
785 1251 858 1315 τῷ
910 1247 1013 1315 Υὶῷ
1056 1247 1304 1298 συνάπτει
1334 1250 1422 1297 καὶ
1466 1250 1523 1297 τὸ
1555 1253 1763 1319 Πνεῦμα

178 1339 229 1386 τὸ
256 1334 413 1405 ἅγιον.
448 1338 517 1386 Τὸ
571 1330 629 1386 δὲ
688 1339 1009 1406 συνημμένον
1055 1334 1197 1397 ἅπαξ
1237 1332 1329 1387 διὰ
1358 1338 1560 1387 πάντων
1601 1338 1761 1408 φαμὲν

168 1428 253 1480 τὴν
294 1425 564 1495 οννάφειαν
622 1425 785 1494 ἔχειν,
829 1424 904 1475 Ou’
962 1427 1095 1496 γὰρ,
1153 1424 1205 1476 ἐν
1251 1430 1353 1477 τινὶ
1418 1430 1761 1497 συντεταγμέ..

167 1531 262 1574 νον,
316 1510 361 1562 ἐν
409 1512 598 1585 ἑτέροις
648 1510 1111 1583 ἀποσχοινίζεται.
1163 1513 1296 1564 Ἀλλ’
1331 1513 1378 1564 ἐν
1422 1522 1483 1585 τῇ
1523 1514 1760 1586 ζωοποιῷ

168 1596 392 1672 δυνάμει,
452 1602 573 1653 καθ’
602 1602 663 1660 ἣν
687 1601 741 1653 ἐκ
782 1609 873 1653 τοῦ
928 1604 1160 1676 φθαρτοῦ
1199 1601 1320 1675 βίου
1372 1603 1441 1664 εἰς
1472 1602 1758 1656 ἀθανασίαν

164 1692 187 1745 ἑ
253 1692 400 1761 φύσις
453 1692 599 1761 ἡμῶν
654 1693 1120 1759 μετασκευάζεται,
1170 1691 1684 1767 συμπαραληφθεῑσα
1724 1696 1754 1753 ἡ

157 1785 243 1829 τοῦ
300 1781 592 1850 Πνεῦματος
643 1775 869 1850 δύναμις
918 1786 1085 1853 Πατρὶ
1132 1786 1220 1832 καὶ
1270 1784 1392 1851 Υὶῷ,
1426 1786 1515 1833 καὶ
1550 1784 1597 1833 ἓν
1628 1781 1757 1833 πολ-

1875 622 1951 676 ad
2004 622 2211 677 Filium
2270 639 2464 695 usque
2507 623 2820 679 terminata
2852 622 3177 678 divinitatis
3235 622 3526 695 potentia,

1871 717 2151 768 naturam
2185 714 2433 784 Spiritus
2482 730 2517 769 a
2564 713 2771 769 divina
2821 714 3009 782 gloria
3056 713 3305 769 secerni.
3340 714 3528 768 Disse—

1870 801 2126 856 rendum
2174 802 2355 871 igitur
2399 808 2455 857 et
2507 801 2707 870 nobis,
2741 806 2805 857 ut
2854 803 3203 874 poterimus,
3246 802 3523 873 breviter,

1871 895 2079 947 contra
2109 891 2265 947 hanc
2297 908 2543 964 quoque
2569 892 2946 947 sententiam.

2028 1070 2167 1133 Quae
2200 1073 2287 1124 est
2306 1068 2484 1139 igitur
2503 1073 2710 1126 nostra
2729 1070 2922 1125 ratio?
2953 1068 3215 1125 Tradens
3238 1068 3526 1124 Dominus

1870 1156 2194 1213 salutarem
2224 1158 2407 1214 ﬁdem
2438 1158 2529 1226 iis,
2562 1159 2663 1231 qui
2704 1160 2764 1214 in
2809 1158 3081 1214 doctrina
3109 1158 3522 1229 instituuntur,

1874 1247 2025 1301 Patri
2084 1263 2153 1301 ac
2213 1247 2351 1303 Filio
2412 1248 2727 1319 conjungit
2779 1252 2835 1303 et
2882 1248 3167 1320 Spiritum
3223 1252 3522 1305 sanctum.

1872 1335 2043 1400 Quod
2076 1341 2275 1391 autem
2309 1337 2495 1391 semel
2527 1337 2918 1407 conjunctum
2949 1341 3054 1407 est,
3088 1337 3152 1391 id
3182 1352 3289 1408 per
3318 1337 3527 1393 omnia

1871 1426 2263 1495 conjunctum
2311 1442 2443 1481 esse
2494 1426 2773 1483 dicimus.
2823 1430 2951 1482 Non
2998 1427 3159 1481 enim
3203 1426 3265 1481 in
3318 1426 3523 1498 aliquo

1870 1516 2278 1585 conjunctum,
2312 1516 2373 1571 in
2421 1515 2550 1571 aliis
2600 1516 2952 1587 sejungitur.
3006 1515 3119 1571 Sed
3166 1515 3229 1569 in
3254 1515 3523 1586 potentia

1866 1604 2122 1664 viviﬁca.
2154 1621 2260 1676 per
2281 1621 2464 1677 quam
2498 1621 2570 1660 ex
2611 1604 2977 1677 corruptibili
3012 1604 3136 1660 vita
3166 1603 3247 1659 ad
3276 1603 3522 1660 immor-

1867 1693 2155 1748 talitatem
2188 1699 2407 1750 natura
2445 1699 2649 1749 nostra
2697 1693 3066 1757 transfertur,
3096 1692 3362 1765 potentia
3393 1692 3521 1764 Spi-

1866 1782 2013 1838 ritus
2066 1799 2188 1839 una
2239 1800 2377 1839 cum
2427 1786 2592 1839 Patre
2645 1788 2700 1839 et
2756 1783 2895 1839 Filio
2952 1787 3287 1854 assumpta,
3347 1786 3403 1840 et
3455 1783 3516 1840 in

154 1866 253 1927 ὶοῐς
292 1868 493 1940 ἑτέροις,
538 1869 642 1920 οἷον
696 1868 743 1920 ἐν
799 1878 860 1941 τῇ
914 1872 1049 1921 κατά
1098 1872 1156 1921 τὸ
1205 1869 1400 1942 ἀγαθὸν
1450 1869 1632 1941 ἐννοίᾳ,
1668 1856 1745 1923 καἲ

1865 1871 2066 1927 multis
2097 1872 2249 1935 aliis,
2276 1872 2438 1927 velut
2488 1872 2548 1926 in
2601 1872 2844 1928 notione
2889 1872 3055 1940 boni,
3109 1876 3167 1927 et
3213 1871 3425 1940 sancti,
3460 1875 3518 1930 et

153 1961 207 2009 τὸ
238 1958 382 2027 ἅγιόν
407 1976 458 2009 τε
505 1962 593 2009 καὶ
624 1954 819 2025 ἀίδιον,
876 1962 1058 2031 σοφὸν,
1102 1959 1266 2024 εὐθὲς,
1302 1963 1629 2031 ἡγεμονικὸν,
1663 1957 1755 2012 δυ-

153 2053 318 2113 νατὸν,
350 2054 439 2100 καὶ
499 2057 776 2121 πανταχοῦ
835 2046 1079 2107 δηλονότι
1130 2054 1187 2100 τὸ
1240 2048 1539 2125 ἀχώριστον
1567 2050 1751 2121 ἕχειέν

153 2144 280 2190 πᾶσι
336 2145 441 2197 τοῖς
494 2142 620 2209 πρὸς
690 2143 747 2189 τὸ
815 2147 1043 2213 κρεῖττον
1094 2138 1493 2211 ὑπειλημμένοις
1557 2140 1749 2211 ὀνόμα-

157 2246 232 2279 σιν
290 2229 423 2297 (96).
476 2226 679 2278 Οὐκοῦν
738 2229 1008 2300 ἡγούμεθα
1055 2227 1222 2288 καλῶς
1266 2231 1406 2300 ἔχειν
1456 2232 1514 2280 τὸ
1567 2227 1615 2280 ἐν
1670 2249 1749 2281 το·

157 2320 372 2377 σαύταις
419 2314 630 2376 ἐννοίαις
658 2316 882 2387 ὑψηλαῖς
936 2336 989 2369 τε
1028 2321 1113 2369 καὶ
1154 2319 1457 2391 θεοπρεπέσι
1489 2323 1748 2371 συναπτό-

150 2425 295 2477 gmw
336 2411 503 2477 Πατρὶ
558 2411 648 2458 καὶ
707 2408 810 2477 Υἱῷ
866 2405 913 2458 ἐν
966 2403 1138 2459 οὐδενὶ
1192 2404 1561 2483 διακεκρίσθαι
1598 2414 1746 2481 νομί-

154 2498 276 2557 ζειν.
317 2492 456 2547 Οὐδὲ
483 2497 584 2570 γὰρ
647 2492 864 2569 οἳδαμέν
912 2516 1028 2548 τινα
1056 2505 1156 2548 τῶν
1186 2502 1304 2568 περὶ
1343 2502 1436 2556 τὴν
1479 2500 1615 2551 θείαν
1646 2502 1744 2571 φύ-

152 2604 232 2638 σιν
296 2583 671 2657 ἐπινοουμένωυ
726 2584 986 2657 ὀνομάτων
1037 2591 1131 2644 τὴν
1197 2589 1333 2638 κατὰ
1400 2591 1457 2639 τό
1517 2596 1744 2662 κρεῖττον

148 2682 234 2730 καὶ
263 2679 326 2729 τὸ
355 2682 534 2747 χεῖρον
559 2673 817 2750 διαφοράν
849 2697 862 2710 ο
891 2679 959 2739 ὡς
1008 2677 1184 2748 εὐαγὲς
1219 2680 1330 2748 (97)
1376 2679 1505 2731 εἶναι
1544 2682 1745 2732 οἴεσθαι

148 2771 237 2823 τὴν
269 2765 319 2817 ἐν
372 2772 481 2826 τοῖς
536 2762 963 2841 καταδεεστέρως
1027 2774 1125 2818 τῶν
1178 2766 1439 2838 ὀνομάτων
1478 2773 1744 2821 κοινωνίαν

150 2862 560 2927 συγχωροῦντας
589 2862 661 2925 τῷ
686 2858 969 2927 Πνεῦματι,
1004 2863 1102 2907 τῶν
1148 2857 1526 2929 ὑπεραιρόντων
1556 2863 1744 2932 κρίνειν

147 2942 370 3005 ἀνάξιον,
405 2943 582 2995 Πάντα
604 2945 708 3017 γὰρ
758 2946 825 2996 τὰ
871 2946 1122 3018 θεοπρεπῆ
1156 2948 1392 3017 νοήματά
1416 2965 1470 2998 τε
1507 2951 1595 2998 καὶ
1627 2946 1743 2999 ὀνό-

138 3052 284 3103 ματα
313 3034 569 3104 ὁμοτίμως
617 3035 731 3103 ἔχει
780 3037 911 3105 πρὸς
949 3032 1165 3097 ἄλληλα,
1197 3043 1269 3105 τῷ
1300 3031 1465 3106 μηδὲν
1502 3041 1620 3109 περὶ
1650 3040 1743 3094 τὴν

136 3129 228 3173 τοῦ
272 3122 617 3193 ὑποκειμένου
679 3118 950 3193 διαφωνεῖν
1011 3124 1122 3191 (98)
1180 3128 1470 3194 σημασίαν.
1528 3124 1602 3175 Οὐ
1641 3126 1742 3197 γὰρ

276 3210 402 3262 ἄλλο
469 3229 522 3261 τι
574 3211 907 3281 ὑποκείμενον
965 3219 1293 3285 χειραγωγεῖ
1344 3216 1436 3270 τὴν
1508 3209 1743 3265 διάνοιαν
1775 3246 1835 3301 Ο,

128 3307 220 3352 τοῦ
276 3298 479 3371 ἀγαθοῦ
527 3300 558 3357 ἠ
602 3306 955 3373 προσηγορία,
1012 3300 1088 3372 ἐφ’
1120 3301 1288 3375 ἕτερον
1338 3298 1397 3354 δὲ
1446 3302 1476 3359 ἡ
1527 3309 1618 3353 τοῦ
1660 3321 1743 3355 σο-

128 3397 247 3460 φοῦ,
286 3394 384 3439 καὶ
413 3396 505 3440 τοῦ
537 3385 788 3453 δυνατοῦ,
838 3394 929 3442 καὶ
977 3397 1070 3441 τοῦ
1130 3386 1373 3442 δικαίου·
1419 3389 1522 3442 ἀλλ’
1551 3392 1745 3465 ὅσαπερ

126 3478 191 3530 ἂν
250 3482 409 3550 εἴπης
455 3481 699 3551 ὀνόματα,
762 3478 809 3531 ἓν
859 3475 954 3531 διὰ
1008 3481 1211 3532 πάντων
1262 3479 1371 3532 ἐστὶ
1408 3484 1466 3532 τὸ
1499 3484 1748 3553 σημαινό-

120 3588 315 3641 μενον.
351 3567 463 3620 Κᾶν
502 3571 628 3621 Θεὸν
688 3572 858 3640 εἴπης,
903 3572 988 3622 τόν
1047 3570 1201 3622 αὐτὸν
1253 3567 1486 3633 ἐνεδείξω
1548 3570 1601 3622 ὃν
1655 3567 1747 3625 διὰ

116 3661 233 3709 τῶν
268 3656 475 3707 λοιπῶν
522 3656 778 3729 ὀνομάτων
833 3658 1067 3719 ἐνόησας.
1114 3658 1175 3712 Εἰ
1224 3656 1282 3713 δὲ
1333 3661 1504 3712 πάντα
1548 3663 1611 3712 τὰ
1638 3660 1746 3713 ὀνό-

117 3765 280 3820 ματα
314 3753 383 3817 τῇ
433 3747 543 3817 θεία
581 3750 733 3819 φύσέι
778 3747 1114 3821 ἐπιλεγόμενα
1157 3746 1469 3822 ἰσοδυναμεῖ
1511 3748 1747 3812 ἀλλήλόις

1862 1962 2087 2026 aiterni,
2119 1962 2430 2033 sapientis,
2453 1961 2615 2027 recti,
2644 1961 3010 2033 principalis,
3040 1960 3514 2032 potentis,etiam
3579 2006 3583 2011 .

1860 2051 2086 2123 ubique
2111 2051 2534 2124 inseparabilis
2566 2058 2678 2120 est,
2709 2051 2981 2106 videlicet
3001 2051 3062 2106 in
3088 2049 3375 2106 omnibus
3400 2065 3511 2107 no-

1856 2139 2122 2195 minibus
2153 2142 2631 2212 praastantiorem
2652 2139 3103 2209 intelligentiam
3124 2138 3510 2196 habentibus.

1858 2229 2230 2302 Quapropter
2258 2230 2320 2285 id
2367 2234 2597 2285 rectum
2628 2244 2759 2285 esse
2792 2228 3175 2297 arbitramur,
3206 2232 3289 2295 ut,
3312 2228 3419 2299 qui
3447 2230 3509 2287 in

1854 2321 1939 2372 tot
1976 2318 2337 2375 sublimibus
2366 2320 2607 2391 Deoque
2652 2317 3132 2390 competentibus
3162 2315 3510 2373 notionibus

1854 2407 1985 2477 conj
1999 2409 2241 2478 ungitur
2263 2408 2417 2465 Patri
2446 2414 2503 2464 et
2534 2407 2695 2474 Filio,
2744 2423 2883 2464 eum
2930 2405 3095 2463 nulla
3140 2405 3203 2461 in
3239 2420 3304 2462 re
3334 2420 3508 2477 sepa-

1854 2496 1973 2553 rari
2026 2497 2462 2555 existimemus.
2521 2501 2723 2570 Neque
2781 2497 2941 2553 enim
2980 2495 3262 2552 novimus
3320 2494 3507 2552 ullam

1852 2586 2189 2657 nominum,
2225 2603 2361 2658 quae
2384 2587 2543 2643 circa
2562 2586 2831 2643 divinam
2860 2589 3145 2641 naturam
3170 2583 3507 2654 intelligun-

1852 2680 1963 2741 tur,
2000 2675 2337 2731 secundum
2367 2675 2581 2730 melius
2612 2690 2681 2731 ac
2712 2674 2973 2730 deterius
3004 2673 3423 2741 differentiam,
3442 2676 3507 2729 ut

1852 2766 2020 2837 pium
2087 2780 2218 2821 esse
2274 2764 2708 2830 existimemus,
2770 2762 3089 2819 nominum
3153 2761 3506 2818 inferiorum

1853 2854 2342 2911 communionem
2385 2853 2783 2910 concedentes
2831 2852 3094 2925 Spiritui,
3126 2850 3506 2923 praestantio-

1851 2944 2017 3000 ribus
2070 2944 2389 3015 indignum
2441 2944 2735 3015 judicare.
2794 2942 3010 2999 Omnia
3061 2956 3329 3013 namque
3384 2942 3506 2996 Deo

1852 3034 2254 3105 competentia
2276 3038 2402 3090 tum
2424 3033 2706 3103 cogitata,
2731 3037 2856 3088 tum
2889 3032 3067 3103 279
3098 3029 3349 3086 nomina
3368 3031 3507 3085 sunt

1850 3123 2001 3179 inter
2032 3138 2095 3179 se
2125 3122 2400 3193 ejusdem
2457 3122 2783 3192 dignitatis,
2815 3136 2887 3177 eo
2940 3119 3105 3192 quod
3141 3117 3288 3175 nihil
3347 3117 3508 3175 circa

1852 3211 2107 3282 subjecti
2134 3210 2634 3281 signiﬁcationem
2660 3209 2928 3266 habeant
2955 3207 3345 3265 discriminis.
3376 3209 3507 3263 Non

1854 3301 2014 3357 enim
2040 3301 2257 3356 mentis
2288 3299 2710 3371 cogitationem
2741 3299 2819 3356 ad
2841 3298 3005 3354 aliud
3034 3296 3347 3370 quoddam
3369 3294 3509 3352 sub-

1851 3390 2080 3461 jectum
2110 3390 2386 3462 perducit
2412 3389 2557 3446 boni
2589 3388 2935 3461 appellatio,
2985 3392 3043 3443 et
3086 3386 3166 3442 ad
3196 3385 3384 3451 aliud,
3416 3399 3510 3441 sa-

1857 3478 2094 3550 pientis,
2120 3478 2399 3551 potentis,
2434 3484 2490 3535 et
2513 3477 2663 3549 justi
2691 3496 2704 3534 :
2738 3477 2843 3533 sed
2882 3490 3263 3549 quaecunque
3301 3478 3509 3546 protu-

1854 3567 1995 3625 leris
2051 3568 2325 3637 nomina,
2355 3584 2545 3624 unum
2594 3583 2841 3640 prorsus
2884 3566 3091 3623 omnia
3147 3563 3506 3634 signiﬁcant.

1859 3657 2029 3724 Quod
2063 3658 2112 3714 si
2140 3658 2359 3714 dixeris
2384 3660 2591 3729 Deum,
2621 3655 2905 3712 eumdem
2935 3653 3302 3725 signiﬁcasti,
3325 3668 3509 3724 quem

1858 3763 1964 3819 per
2025 3747 2256 3820 reliqua
2305 3747 2555 3803 nomina
2601 3744 2956 3802 intellexisti.
2990 3743 3164 3810 Quod
3208 3743 3256 3798 si
3300 3741 3510 3798 omnia

1856 3853 1993 3910 quas
2010 3837 2083 3893 de
2108 3836 2311 3893 divina
2330 3841 2547 3893 natura
2568 3836 2868 3903 dicuntur,
2882 3834 3155 3899 nomina,
3174 3832 3332 3887 idem
3355 3831 3508 3887 inter

1858 3942 1938 3993 se,
1964 3926 2039 3982 ad
2073 3926 2325 3996 subjecti
2349 3924 2828 3995 designationem
2858 3922 3074 3991 valent,
3108 3920 3225 3977 alia
3254 3936 3360 3992 pro
3388 3919 3508 3977 alia

1855 4017 1940 4073 rei
1982 4014 2438 4071 considerandae
2499 4015 2729 4070 ratione
2782 4018 3046 4070 mentem
3098 4015 3369 4067 nostram
3427 4009 3508 4066 ad

121 3838 269 3889 κατὰ
308 3840 411 3893 τήν
456 3844 546 3887 τοῦ
600 3837 935 3910 ὑποκειμένου
996 3835 1236 3906 ἔνδειξιν,
1296 3839 1426 3891 (illa:
1465 3842 1599 3891 κατὰ
1636 3840 1749 3909 (99)

118 3926 289 3984 ὓλην
324 3928 552 3998 ἔμφασιν
610 3925 692 3979 ἐπὶ
749 3932 806 3979 1'6
856 3928 981 3980 αὐτὸ
1025 3933 1118 3987 τὴν
1171 3925 1409 3981 διάνοιαν
1448 3931 1593 4001 ἡμῶν
1624 3926 1750 3987 ὁδη-

118 4024 330 4085 γοῦντα
356 4037 366 4047 ·
402 4022 477 4075 τίς
507 4017 532 4067 6
563 4016 715 4087 λόγος
748 4021 843 4075 τὴν
893 4017 940 4069 ἐν
981 4024 1092 4078 τοῖς
1120 4017 1294 4078 ἄλλοις
1321 4018 1540 4091 ὀνόμασι
1570 4039 1747 4071 κοινω-

120 4110 236 4155 δέαν
268 4144 283 4168 ,
356 4109 487 4177 πρὸς
558 4110 765 4177 Πατέρα
819 4126 871 4159 τε
928 4112 1017 4158 καὶ
1072 4109 1189 4159 Υἱὸν
1246 4116 1629 4183 συγχωροῦντα
1671 4115 1743 4173 τῷ

129 4192 431 4265 Πνεύριατι,
483 4197 645 4265 μόνης
698 4192 1099 4266 ἀποσχοινίζειν
1150 4196 1275 4247 αὐτὸ
1324 4206 1419 4258 τῆς
1472 4198 1738 4264 θεότητος;

136 4279 337 4352 ἐνέγκῃ
364 4285 466 4356 γὰρ
498 4289 647 4333 πᾶσα
702 4284 729 4341 ἦ
787 4289 877 4334 καὶ
918 4284 968 4335 ἐν
1021 4286 1187 4355 τούτῳ
1237 4280 1447 4336 διδόναι
1495 4290 1587 4343 τὴν
1626 4305 1743 4336 κοι-

136 4376 339 4439 navim,
396 4372 422 4429 ἧ
489 4366 629 4441 μηδὲ
676 4375 771 4429 τὴν
812 4382 862 4423 ιν
916 4380 1022 4432 τοίς
1077 4372 1275 4433 λοιποῖς
1332 4381 1649 4447 συγχωρεῖν.
1682 4374 1743 4427 Εἰ

134 4464 217 4531 γὰρ
253 4459 307 4511 ἐν
366 4459 581 4520 ἐκείνοις
612 4460 778 4525 ἄξιον,
813 4457 937 4513 οὐδὲ
968 4461 1014 4513 ἑν
1065 4464 1234 4533 τούτῳ
1283 4463 1356 4533 (1)
1406 4465 1605 4523 πάντως
1655 4461 1737 4514 ἀν-

130 4549 288 4609 gms.
353 4549 415 4601 Εἰ
478 4545 537 4600 δὲ
597 4555 922 4623 μικρότερον,
982 4552 1118 4601 κατὰ
1172 4553 1258 4602 τὸν
1324 4552 1523 4603 ἐκείνων
1566 4551 1736 4621 )όγον,

134 4648 263 4688 ιττιν
326 4640 359 4696 ᾖ
416 4639 553 4688 ὥστε
598 4646 689 4689 τοῦ
734 4647 826 4699 τῆς
879 4640 1119 4701 θεότητος
1165 4640 1415 4712 ὀνόματος
1469 4644 1597 4713 πρὸς
1636 4648 1738 4691 Πα-

131 4741 245 4795 fessi
284 4745 347 4777 τε
383 4731 473 4778 καὶ
512 4728 632 4778 Υἱον
665 4731 758 4783 την
790 4733 1057 4779 κοινωνίαν
1104 4738 1377 4803 χωρῆσαι,
1419 4726 1541 4780 οὐδὲ
1580 4729 1735 4781 ἄλλον

132 4819 254 4876 τινος
315 4823 423 4865 τῶν
486 4817 779 4886 θεοπρεπῶν
840 4815 1099 4888 ὀνομάτων
1151 4822 1385 4889 μετέχειν
1438 4818 1580 4880 ἀξιον
1636 4818 1732 4889 (2).

135 4905 653 4977 [πταμα-ιθανομενα
717 4906 817 4978 γὰρ
877 4911 966 4958 καὶ
1026 4912 1403 4981 συγκρινόμενα
1458 4912 1583 4979 πρὸς
1643 4907 1735 4958 ἀλ·

132 4990 239 5045 ὶζξια
267 4999 343 5045 τὰ
401 4994 640 5065 ὀνόματα
679 4990 770 5045 διὰ
822 5004 916 5055 τῆς
967 4994 1204 5056 ἑκάστοις
1258 5000 1335 5065 (3)
1393 4997 1734 5071 ἑνθεωρουμέ-

132 5100 202 5142 ης
268 5084 601 5155 ἐμφάσεως,
675 5081 1011 5157 εὐρεθησεται
1071 5082 1236 5157 μηδὲν
1310 5088 1400 5146 τῆς
1452 5094 1542 5138 τοῦ
1601 5094 1734 5139 Θεοῦ

182 5194 294 5261 (95)
322 5191 479 5245 Vide
511 5187 829 5247 Addenda.

182 5267 293 5337 1‘36)
339 5261 877 5337 'O‘JéyaO'I-V._E(ii_ti_
898 5262 1157 5337 addunt!
1179 5269 1267 5316 καὶ
1311 5268 1731 5337 τὴνῗσυνὰφειαν,

130 5329 225 5386 Sed
254 5334 405 5407 haec
426 5329 907 5407 desuntinMed,
934 5338 989 5389 et
1009 5335 1182 5407 Coisl.
1207 5336 1472 5391 secundo
1500 5329 1731 5407 ac'Reg.

126 5405 397 5479 mdo
428 5409 489 5457 et
524 5406 698 5479 Nyss.
728 5406 787 5458 ln
818 5404 1008 5479 tribus
1036 5406 1165 5479 aliis
1196 5407 1502 5462 codicibus
1519 5404 1736 5479 legitur

123 5474 359 5532 tantum
395 5480 492 5532 τὴν
529 5476 809 5545 συνάφειαν
842 5475 970 5531 sine
1000 5477 1435 5546 conjunctione.

182 5548 301 5618 (νη
336 5546 427 5605 Ὡς
451 5546 778 5618 εὐαγέςχδὶο
809 5546 956 5603 Med.
990 5554 1046 5603 et
1076 5554 1194 5603 tres
1226 5550 1407 5618 Regii.
1439 5549 1528 5606 Sic
1555 5550 1734 5607 etiam

106 5610 337 5695 legitur
406 5610 577 5695 apud
614 5615 991 5695 __Cregorium_
1045 5622 1222 5695 Nyss.
1278 5610 1576 5676 Editiones
1635 5625 1734 5695 Ba-

70 5685 242 5812 -:ilii,
297 5685 567 5761 excepta
612 5685 1015 5759 Haganoensi,
1064 5685 1132 5752 ὥς
1179 5690 1367 5763 ἐναγὲς,
1434 5700 1501 5748 ιιι
1562 5694 1735 5763 nefas

70 5766 89 5814 ἱ
143 5773 446 5814 acamas.

70 5798 654 6113 I'TBE'S'XZéwm.
678 5832 767 5889 Ita
792 5847 946 5889 mss.
978 5836 1260 5906 quatuor.
1283 5835 1376 5891 Sic
1394 5834 1576 5895 etiam
1598 5837 1736 5895 Gre-

1853 4105 2013 4162 idem
2060 4104 2457 4171 deducentia;
2490 4120 2628 4175 quae
2671 4103 2820 4159 ratio
2869 4108 2979 4173 est,
3028 4101 3284 4159 aliorum
3315 4101 3510 4154 nomi-

1853 4212 2001 4251 num
2050 4194 2541 4249 communionem
2599 4192 2839 4265 Spiritui
2895 4208 3034 4248 cum
3078 4194 3245 4247 Patre
3276 4195 3333 4246 et
3362 4188 3505 4246 Filio

1854 4284 2300 4350 concedentem,
2335 4298 2371 4338 a
2402 4284 2532 4339 sola
2561 4282 2734 4338 illum
2760 4296 2959 4338 arcere
2989 4279 3334 4336 divinitate?
3359 4293 3500 4334 nam

1852 4389 2095 4429 necesse
2149 4375 2239 4427 est
2280 4372 2549 4439 omnino,
2609 4375 2713 4428 aut
2755 4369 3250 4426 eommunionem
3296 4367 3359 4423 in
3388 4373 3503 4423 hoc

1851 4463 2030 4519 etiam
2053 4462 2221 4532 dare,
2250 4465 2354 4517 aut
2396 4477 2506 4517 nec
2536 4461 2597 4516 in
2622 4459 2867 4532 reliquis
2912 4458 3162 4514 deferre.
3196 4454 3423 4511 Etenim
3454 4454 3503 4511 si

1848 4553 1908 4608 in
1938 4552 2050 4607 illis
2082 4552 2326 4622 dignus,
2359 4550 2625 4623 profecto
2680 4564 2875 4621 neque
2923 4548 2985 4603 in
3037 4547 3153 4602 hoc
3189 4545 3498 4614 indignus.

1850 4640 2022 4707 Quod
2053 4642 2101 4694 si
2146 4640 2344 4694 minor
2383 4644 2490 4703 est,
2524 4644 2588 4694 ut
2635 4638 2732 4694 isti
2782 4636 3070 4705 dictitant,
3104 4650 3292 4707 quam
3327 4638 3387 4690 ut
3416 4633 3503 4690 di-

1847 4729 2109 4786 vinitatis
2142 4746 2364 4785 nomen
2398 4746 2536 4784 cum
2564 4732 2731 4785 Patre
2775 4732 2829 4783 et
2880 4726 3018 4782 Filio
3046 4738 3370 4780 commune
3394 4724 3501 4779 ha-

1845 4820 1985 4875 beat
2012 4837 2023 4886 ;
2052 4835 2247 4889 neque
2273 4819 2494 4888 dignus
2522 4817 2649 4881 erit,
2686 4817 2791 4889 qui
2827 4815 3005 4871 ullius
3032 4814 3185 4869 alius
3208 4830 3278 4869 ex
3310 4814 3500 4869 nomi~

1844 4909 2023 4965 nibus
2046 4909 2167 4963 Deo
2195 4907 2674 4979 competentibus
2686 4906 2985 4977 particeps
3001 4904 3092 4959 sit.
3110 4902 3500 4960 Considerata

1844 5000 2003 5054 enim
2032 5004 2088 5053 et
2115 5001 2465 5068 comparata
2494 4997 2649 5051 inter
2691 5012 2753 5051 se
2800 4994 3053 5051 nomina
3082 5008 3189 5065 per
3227 5008 3364 5049 eam
3394 5007 3500 5048 no-

1844 5090 2086 5149 tionem,
2120 5102 2307 5159 quam
2330 5086 2390 5141 in
2412 5084 2664 5154 singulis
2691 5082 3098 5157 speculamur,
3121 5082 3499 5139 invenientur

1843 5195 2047 5266 gorius
2094 5196 2426 5266 Nyssenus.
2480 5191 2779 5266 Editiones
2810 5193 3060 5266 vetustae
3093 5188 3290 5245 Basilii
3322 5184 3498 5257 διαφέ-

1843 5259 1971 5342 ρειν.
2010 5259 2362 5342 Basiieensis
2389 5264 2663 5342 secunda
2688 5268 2744 5320 et
2764 5264 2950 5342 Paris.
2976 5259 3255 5342 διαφέρειν.

1915 5341 2026 5401 (99)
2066 5336 2232 5406 Ἄλλοι
2266 5338 2423 5390 κατά.
2469 5338 2631 5392 Unus
2662 5350 2735 5390 ex
2764 5335 2959 5406 Regiis
2992 5331 3098 5406 ἀλῖ
3131 5332 3188 5384 οὐ
3220 5331 3377 5406 κατά.

1850 5478 1861 5491 ,
1911 5393 1990 5479 (1)
2015 5393 2163 5460 Ὀὐδὲ
2206 5407 2252 5458 ἐν
2282 5411 2468 5479 τούτῳ.
2498 5406 2808 5465 Μθᾱὶοεειιε
2836 5393 2976 5462 (Tum
2998 5404 3190 5461 tribus
3216 5400 3345 5459 aliis
3370 5393 3495 5451 οὐδὲ

1843 5499 1891 5531 εν
1918 5499 2139 5533 τουτοκ.

1976 5501 2038 5531 υτ
2076 5501 2091 5530 ι
2127 5521 2139 5533 .

1916 5501 1991 5621 ἓ)
2024 5501 2222 5613 "12m.
2254 5551 2402 5607 Editi
2434 5547 2463 5609 ἦ
2496 5551 2659 5613 ἄξιον.
2695 5552 2869 5606 Deest
2894 5546 3108 5603 vocula
3136 5544 3196 5601 in
3224 5540 3496 5614 quinque

1843 5639 1993 5696 mss.
2029 5628 2084 5677 et
2113 5625 2276 5693 apud
2304 5625 2470 5696 Greg.
2501 5625 2671 5693 Nyss.
2855 5694 2890 5696 ί,
3290 5685 3301 5696 .

1915 5694 1990 5765 (3)
2042 5696 2315 5767 Ἐκάστοιᾼς
2372 5693 2795 5767 ἐνθεωρουμένηςῖ
2853 5694 2938 5767 lt_a
2994 5704 3141 5767 mss.
3201 5693 3494 5767 quinque,

1844 5760 2075 5851 proco
2132 5764 2302 5837 quod
2355 5769 2484 5821 erat
2523 5760 2830 5821 'in'editis
2878 5760 2927 5816 ἐν
2986 5760 3237 5824 ἑκάστοις
3276 5761 3497 5833 θεωρου-

1843 5856 2016 5909 μενος.
