4062 6214
520 345 621 405 691

1908 350 1963 405 S.
2006 343 2260 403 BASILII
2294 349 2485 407 MAGN
2492 353 2512 406 Ι

3757 362 3845 416 692

517 471 622 528 Dei
647 469 1052 544 appellatione
1075 485 1199 528 non
1237 472 1538 531 inferiora.
1571 473 1714 546 Ejus
1740 472 1825 529 rei
1857 484 2175 542 argumen-

2298 479 2647 551 τροσηγορίας
2684 475 2892 529 ἔλαττον
2925 479 3136 549 ἔχοντα.
3175 482 3465 553 Τεκμήριον
3491 476 3567 548 δὲ,
3611 482 3686 533 ὅτι
3710 485 3843 555 τούτῳ

518 566 651 619 tum
677 566 788 630 est,
818 561 987 635 quod
1016 562 1131 619 hoc
1182 565 1428 620 nomine
1477 566 1669 621 multa
1699 565 1879 621 etiam
1927 580 2001 619 ex
2027 560 2173 617 infe-

518 651 777 709 rioribus
796 656 1119 721 vocantur;
1148 652 1270 709 imo
1291 654 1594 726 Scriptura
1617 655 1822 711 divina
1848 669 1967 710 non
1990 668 2176 725 parca

521 746 611 798 est
638 742 821 813 hujus
847 745 1155 814 equivocaa
1186 744 1627 816 appellationis,
1672 762 1747 801 ne
1793 745 1853 800 in
1892 742 2175 800 absurdis

521 831 771 904 quidem
802 836 859 887 et
882 833 1366 904 repugnantibus
1392 834 1595 904 rebus,
1626 834 1788 890 velut
1813 850 1952 889 cum
1993 833 2175 887 simu-

521 919 688 976 lacra
714 920 817 975 Dei
847 920 1246 993 appellatione
1271 921 1563 992 designat.
1607 926 1707 980 Dii
1752 925 1929 991 enim,
1960 921 2173 994 inquit,

527 1010 868 1081 quicoelum
912 1016 967 1065 et
1013 1016 1236 1067 terram
1276 1028 1396 1068 non
1439 1012 1735 1083 fecerunt,
1773 1014 2093 1078 tollantur,
2122 1016 2175 1066 et

526 1097 734 1154 subter
782 1104 1011 1155 terram
1061 1101 1566 1170 conjiciantur“;
1612 1102 1795 1158 item:
1827 1103 2059 1165 Omnes,
2094 1102 2181 1158 in-

528 1185 678 1259 quit,
708 1188 799 1242 diz’
836 1188 1102 1257 gentium
1131 1188 1514 1247 daemonia“.
1564 1194 1629 1246 Et
1658 1191 2014 1263 pythonissa
2039 1208 2177 1247 cum

527 1275 1045 1333 incantationibus
1075 1279 1200 1333 suis
1223 1279 1387 1335 Sauli
1412 1281 1649 1337 animas
1681 1286 1973 1349 evocaret,
2002 1280 2076 1336 de
2106 1281 2178 1336 iis

531 1365 854 1421 animabus
906 1382 1044 1439 quae
1099 1368 1581 1439 requirebantur,
1633 1370 1782 1425 deos
1836 1370 2056 1426 vidisse
2117 1386 2179 1426 se

531 1454 761 1510 dixit”.
785 1454 938 1520 Quin
964 1461 1021 1511 et
1046 1456 1174 1528 ipse
1202 1458 1466 1526 Balaam,
1498 1475 1637 1515 cum
1681 1474 1877 1530 augur
1927 1460 2181 1532 quidam

531 1549 687 1601 esset
712 1549 769 1601 et
796 1550 985 1616 vates,
1044 1550 1100 1603 et
1150 1563 1257 1619 per
1308 1564 1585 1619 manum,
1627 1555 1692 1606 ut
1723 1551 1805 1606 ait
1859 1551 2176 1624 Scriptura,

530 1634 813 1691 vaticinia
861 1634 1059 1706 ferret,
1087 1641 1143 1693 et
1184 1637 1535 1695 daemonum
1569 1640 1906 1696 doctrinam
1947 1656 2052 1712 per
2083 1657 2184 1697 au-

534 1723 806 1794 guralem
862 1725 1269 1783 curiositatem
1332 1728 1446 1784 sibi
1509 1729 1642 1801 ipse
1714 1735 2179 1803 comparasset,

2284 565 2373 633 μεν
2428 571 2498 634 τῷ
2552 565 2765 637 ὀνόματι
2817 566 2983 619 πολλὰ
3009 573 3098 620 καὶ
3136 577 3234 620 τῶν
3264 564 3678 643 καταδεεστέρων
3705 570 3846 625 ἐπονοο

2284 652 2508 723 μάζεται
2537 675 2550 688 ⁸
2611 655 2800 727 μᾶλλον
2862 653 2920 708 δὲ
2958 656 3016 708 ού
3068 655 3299 729 φείδεται
3347 660 3376 715 ἡ
3434 660 3544 710 θεία
3584 666 3742 733 Γραφὴ
3769 670 3851 724 τῆς

2284 741 2581 815 ὁμωνυμίας
2655 748 2888 809 ταύτης,
2956 743 3080 799 οὐδὲ
3155 747 3240 798 ἐπὶ
3295 755 3394 798 τῶν
3468 746 3851 821 απεμφαινόντων

2284 834 2624 905 πραγμάτων,
2657 836 2721 895 ὡς
2773 836 2894 886 ὅταν
2944 837 3010 887 τὰ
3066 832 3260 888 εἴδωλα
3306 844 3365 908 τῇ
3418 844 3508 889 τοῦ
3554 846 3684 890 Θεοῦ
3715 859 3853 911 προσ-

2285 924 2477 993 ηγορία
2533 923 2891 995 κατονομάζη.
2941 927 3057 976 Θεοὶ
3107 926 3229 997 γὰρ,
3263 929 3442 996 φησὶν,
3476 927 3524 976 οἱ
3572 926 3664 978 οῦκ
3698 926 3855 986 ἐποίη-

2288 1028 2383 1061 σαν
2435 1013 2522 1062 τὸν
2574 1011 2788 1086 ούρανόν
2860 1018 2950 1066 καὶ
3009 1017 3102 1071 τὴν
3169 1021 3268 1084 γῆν
3303 1052 3318 1076 ,
3377 1012 3724 1087 ἀρθήτωσαν,
3780 1024 3857 1071 καὶ

2286 1099 2530 1151 ὑποκάτω
2619 1109 2715 1162 τῆς
2781 1110 2877 1173 γῆς
2959 1100 3345 1174 βληθὴτωσαν·
3439 1108 3568 1169 καὶ,
3656 1106 3856 1171 Πάντες,

2287 1193 2464 1259 φησὶν,
2499 1190 2547 1240 οἱ
2580 1191 2683 1242 θεοὶ
2736 1199 2833 1242 τῶν
2882 1189 3034 1244 ἐθνῶν
3082 1188 3351 1263 δαιμόνια.
3388 1196 3487 1245 Καὶ
3526 1194 3556 1250 ἡ
3613 1191 3862 1265 ἐγγαστρί-

2286 1278 2495 1346 μυθος,
2566 1277 2614 1329 ἐν
2670 1286 2786 1341 ταῖς
2846 1285 3190 1352 μαγγανείαις
3250 1281 3413 1342 αὐτῆς
3485 1281 3864 1353 ψυχαγωγοῦσα

2284 1374 2355 1435 τῷ
2402 1367 2566 1419 Σαούλ
2601 1368 2676 1438 (4)
2739 1367 2827 1429 τὰς
2885 1368 3297 1438 ἐπιζητουμένας
3342 1370 3545 1442 ψυχας,
3610 1373 3739 1431 θεοὺς
3789 1372 3866 1423 ἐω-

2286 1459 2500 1529 ρακέναι
2547 1462 2726 1529 φησίν.
2784 1457 2936 1510 Ἀλλὰ
2988 1465 3076 1511 καὶ
3129 1461 3153 1511 ὁ
3220 1458 3432 1532 Βαλαὰμ
3497 1460 3759 1523 οἰωνιστής
3796 1480 3868 1523 τις

2289 1544 2355 1595 ὥν
2413 1551 2503 1598 καὶ
2549 1548 2753 1618 μάντις,
2790 1551 2880 1599 καὶ
2940 1544 3034 1600 διὰ
3082 1551 3266 1623 χειρὸς
3320 1552 3385 1601 τὰ
3441 1558 3654 1621 μαντεῖα
3704 1554 3866 1624 φέρων,

2288 1636 2462 1696 καθώς
2492 1656 2649 1708 φησιν
2694 1639 2723 1695 ἡ
2769 1642 2970 1710 Γραφὴ,
3000 1644 3088 1690 καὶ
3119 1643 3212 1697 την
3252 1638 3306 1691 ἐκ
3346 1635 3608 1712 δαιμόνων
3634 1636 3873 1692 διδασκα-

2289 1724 2402 1777 λίαν
2434 1722 2528 1778 διὰ
2556 1734 2646 1787 τῆς
2688 1726 3024 1787 οἰωνιστικῆς
3074 1733 3370 1801 περιεργίας
3414 1728 3579 1800 ἐαυτῷ
3636 1730 3875 1801 κατορθὼ⁹

534 1816 725 1871 Deum
754 1814 1131 1872 consuluisse
1183 1822 1555 1874 memoratur
1605 1834 1642 1874 a
1696 1820 2075 1891 Scriptura“).
2100 1822 2183 1876 Ac

2298 1833 2410 1884 σας,
2466 1817 2612 1890 παρὰ
2677 1823 2811 1869 Θεοῦ
2890 1816 3340 1889 συμϐουλεύεσθαι
3399 1820 3498 1870 ύπό
3552 1826 3645 1879 τῆς
3688 1825 3876 1893 Γραφῆς

534 1904 727 1959 multa
779 1904 1081 1974 ejusmodi
1126 1905 1263 1963 licet
1312 1922 1382 1962 ex
1432 1907 1748 1979 Scripturis
1785 1909 1999 1964 divinis
2024 1908 2186 1965 colli-

536 1997 777 2063 gentem
811 1993 1248 2067 demonstrare,
1276 1996 1393 2052 hoc
1438 2012 1664 2053 nomen
1707 2014 1891 2071 supra
1922 1997 2184 2070 reliquas

536 2082 995 2156 appellationes,
1027 2100 1165 2157 quae
1196 2087 1315 2141 Deo
1344 2085 1543 2156 dignas
1587 2091 1745 2155 sunt,
1784 2087 1931 2143 nihil
1961 2088 2185 2145 habere

534 2172 862 2246 praecipui:
891 2174 1392 2246 quandoquidem
1436 2175 1660 2247 ipsum,
1702 2182 1768 2233 ut
1816 2176 2041 2234 dictum
2074 2183 2181 2249 est,

536 2262 718 2317 etiam
748 2261 823 2317 de
870 2262 1052 2318 rebus
1094 2262 1377 2319 absurdis
1407 2270 1461 2321 et
1499 2266 1977 2338 repugnantibus
2007 2268 2187 2340 aequi-

532 2366 678 2406 voce
708 2356 1069 2424 usurpatum
1113 2352 1472 2410 invenimus.
1518 2360 1587 2411 At
1636 2357 1826 2412 sancti
1855 2373 2099 2427 nomen,
2131 2362 2188 2414 et

535 2441 888 2516 incorrupti,
920 2448 979 2499 et
1015 2445 1178 2513 recti,
1210 2449 1267 2501 et
1310 2446 1478 2516 boni,
1522 2462 1827 2519 nusquam
1853 2449 2188 2504 communi-

533 2536 738 2588 catum
787 2548 928 2589 cum
980 2533 1165 2590 rebus
1214 2534 1483 2605 indignis
1535 2552 1569 2592 a
1628 2537 1931 2609 Scriptura
1992 2538 2187 2594 edocti

534 2640 762 2679 sumus.
788 2623 970 2695 Igitur
1000 2624 1048 2680 si
1072 2626 1343 2695 nomina,
1375 2642 1512 2699 quae
1542 2628 1849 2699 praecipuo
1897 2628 2081 2685 modo
2110 2629 2185 2685 de

534 2713 663 2770 sola
686 2713 893 2769 divina
915 2718 1133 2770 natura
1159 2715 1255 2788 pie
1285 2721 1674 2789 usurpantur,
1711 2717 1950 2790 Spiritui
1977 2724 2186 2775 sancto

533 2818 671 2858 cum
718 2806 886 2858 Patre
932 2808 987 2858 et
1029 2804 1171 2861 Filio
1222 2806 1573 2861 communia
1612 2822 1745 2861 esse
1770 2821 1888 2862 non
1923 2812 2183 2879 negant;

531 2906 669 2964 quae
693 2892 823 2963 jam
854 2891 1008 2948 ratio
1062 2897 1169 2959 est,
1212 2893 1360 2949 illud
1411 2894 1609 2950 solum
1648 2896 2027 2967 contendere,
2061 2911 2186 2953 non

531 2981 992 3050 communicari,
1011 2981 1196 3054 quod,
1221 2983 1554 3040 secundum
1578 2985 1955 3057 mquivocum
1977 3001 2187 3058 quem-

531 3072 676 3128 dam
703 3087 906 3141 usum,
953 3076 1009 3127 et
1052 3071 1366 3129 daemoniis
1420 3079 1477 3130 et
1521 3073 1860 3131 simulacris
1899 3075 2188 3147 impertiri

531 3161 1012 3218 demonstratum
1044 3162 1178 3217 est?
2051 3171 2059 3177 '

604 3249 781 3320 280
822 3254 872 3305 6.
919 3250 1035 3307 Sed
1082 3250 1249 3307 aiunt
1295 3255 1578 3308 naturam
1620 3252 1737 3309 hac
1784 3253 2187 3327 appellatione

529 3338 975 3406 demonstrari,
1022 3356 1411 3397 communem
1450 3346 1653 3398 autem
1706 3358 1831 3398 non
1865 3359 1995 3399 esse
2046 3360 2187 3400 cum

528 3430 699 3485 Patre
725 3432 780 3483 et
800 3428 947 3483 Filio
972 3429 1222 3500 Spiritus
1249 3434 1553 3497 naturam,
1593 3447 1663 3488 ac
1704 3433 1959 3504 proinde
1986 3449 2097 3489 nec
2126 3434 2187 3489 in

528 3518 645 3574 hoc
682 3517 928 3573 nomine
969 3518 1416 3585 communionis
1457 3536 1597 3576 eum
1637 3536 1769 3577 esse
1807 3523 2186 3595 participem.

531 3604 864 3663 Ostendant
884 3606 1086 3677 igitur,
1119 3608 1341 3681 quibus
1370 3608 1552 3665 rebus
1578 3610 1986 3668 diversitatem
2016 3620 2191 3674 natu-

530 3712 612 3753 rae
640 3697 1013 3767 agnoverint.
1044 3698 1103 3755 Si
1141 3698 1303 3755 enim
1345 3705 1550 3772 posset
1574 3701 1710 3774 ipsa
1742 3718 1848 3774 per
1880 3719 1942 3759 se
1974 3710 2192 3763 natura

531 3786 739 3843 divina
767 3788 949 3855 cerni,
974 3794 1031 3845 et
1058 3789 1206 3861 quid
1226 3789 1280 3845 ei
1302 3791 1637 3863 proprium,
1663 3792 1810 3864 quid
1833 3793 2096 3851 alienum
2119 3812 2191 3853 ex

531 3876 867 3933 manifestis
896 3878 1078 3935 rebus
1108 3879 1400 3949 inveniri;
1457 3896 1601 3937 sane
1654 3898 1809 3954 opus
1853 3883 2029 3939 nobis
2068 3900 2192 3940 non

534 3970 693 4021 esset
720 3966 919 4022 verbis
946 3972 1050 4024 aut
1079 3968 1267 4037 signis
1302 3970 1435 4025 aliis
1468 3970 1547 4025 ad
1570 3971 1655 4026 rei
1685 3971 1953 4043 quaesitae
1984 3973 2194 4030 intelli-

535 4055 821 4125 gentiam.
858 4056 973 4112 Sed
1002 4058 1297 4129 quoniam
1324 4058 1424 4115 illa
1454 4059 1701 4131 quidem
1735 4061 2052 4118 sublimior
2081 4068 2190 4130 est,

536 4159 723 4215 quam
750 4148 870 4200 uta
890 4146 1301 4217 quaerentibus
1332 4148 1526 4219 possit
1554 4148 1823 4219 intelligi,
1849 4167 1922 4205 ex
1947 4152 2172 4223 quibus

537 4232 680 4289 dam
712 4238 913 4289 autem
944 4234 1300 4305 conjecturis
1325 4237 1400 4293 de
1439 4237 1621 4293 rebus
1658 4240 2060 4307 cognitionem
2094 4258 2201 4301 no-

543 4326 731 4378 stram
777 4322 1149 4393 fugientibus
1176 4326 1641 4394 ratiocinamur;
1676 4343 1918 4383 necesse
1949 4346 2197 4401 prorsus

539 4416 629 4468 est
655 4428 726 4467 ex
755 4412 1205 4485 operationibus
1228 4430 1340 4470 nos
1370 4430 1557 4470 manu
1584 4415 1723 4471 duci
1744 4416 1821 4471 ad
1857 4417 2071 4474 divinae
2097 4434 2199 4475 na-

2295 1907 2601 1979 ἱστορεῖται,
2652 1911 2752 1958 Καὶ
2794 1904 2957 1958 πολλὰ
2993 1909 3213 1958 τοιαῦτά
3268 1906 3380 1959 ἐστι
3434 1907 3788 1981 συλλεξάμενον
3824 1910 3877 1961 ἐκ

2292 2004 2391 2047 τῶν
2438 1996 2582 2047 θείων
2633 1998 2965 2071 παραθέσθαι
3005 2002 3217 2069 Γραφῶν
3243 2017 3254 2030 ·
3313 1998 3393 2049 ὃτι
3433 2002 3491 2050 τὸ
3539 2002 3695 2070 ὄνομα
3739 2006 3879 2050 τοῦτο

2294 2082 2444 2138 οὐδὲν
2499 2086 2625 2158 ὑπὲρ
2680 2089 2769 2146 τὰς
2822 2085 3006 2147 λοιπὰς
3048 2088 3142 2149 τὰς
3207 2088 3504 2161 θεοπρεπεῖς
3541 2093 3881 2163 προσηγορίας

2293 2176 2581 2248 πρωτεύει,
2641 2176 2755 2243 ὅτε,
2805 2177 2972 2235 καθὼς
3020 2179 3252 2248 εἴρηται,
3312 2182 3401 2228 καὶ
3453 2175 3537 2229 ἐπὶ
3587 2186 3679 2229 τῶν
3723 2176 3881 2251 ἀπεμ-

2296 2266 2569 2335 φαινόντων
2618 2264 2903 2337 ὁμωνύμως
2930 2264 3194 2337 λεγόμενον
3245 2267 3569 2338 εῦρισκομεν.
3616 2270 3683 2319 Τὸ
3714 2264 3771 2320 δε
3797 2275 3885 2319 τοῦ

2296 2350 2448 2423 ἁγίου
2498 2356 2676 2424 ὄνομα,
2708 2358 2798 2405 καὶ
2850 2360 2944 2405 τοῦ
2995 2353 3280 2428 ἀφθάρτου,
3315 2358 3404 2405 καὶ
3451 2362 3541 2406 τοῦ
3590 2356 3771 2425 εὐθέος,
3801 2362 3886 2409 καὶ

2294 2449 2384 2493 τοῦ
2406 2440 2626 2512 ἀγαθοῦ,
2650 2439 2889 2514 ούδαμοῦ
2918 2447 3364 2515 κοινοποιούμενον
3386 2445 3513 2516 πρὸς
3532 2446 3597 2496 τὰ
3617 2450 3686 2517 μὴ
3712 2442 3890 2498 δέοντα

2294 2534 2440 2604 παρὰ
2492 2540 2583 2591 τῆς
2636 2537 2839 2603 Γραφῆς
2889 2528 3279 2605 ἐδιδάχθημεν.
3315 2532 3536 2600 Οὐκοῦν,
3588 2534 3629 2586 εἰ
3688 2535 3737 2587 ἐν
3792 2544 3892 2595 τοίς

2297 2618 2566 2695 ἐξαιρέτως
2593 2619 2679 2672 ἐπὶ
2711 2624 2869 2693 μόνης
2898 2628 2993 2683 τῆς
3027 2623 3163 2682 θείας
3214 2624 3415 2693 φύσεως
3444 2621 3662 2684 εὐσεϐῶς
3687 2623 3893 2697 λεγομέ-

2295 2729 2401 2770 νοις
2423 2709 2643 2782 ὁνόμασι
2672 2708 2928 2763 κοινωνεῖν
2958 2714 3018 2762 τὸ
3053 2711 3202 2783 ἅγιον
3234 2718 3444 2783 Πνεῦμα
3474 2715 3603 2784 πρὸς
3646 2716 3731 2765 τόν
3778 2717 3893 2768 Υἱον

2296 2802 2505 2851 καὶτὸν
2533 2802 2740 2874 Πατέρα
2778 2798 2872 2851 οὐκ
2921 2798 3271 2871 ἀντιλέγουσι,
3320 2804 3400 2862 τίς
3449 2801 3475 2852 ό
3520 2799 3686 2872 λόγος,
3734 2807 3900 2875 τούτῳ

2296 2892 2435 2960 μόνῳ
2492 2888 2900 2949 κατασκευάζειν
2952 2886 3295 2947 ἀκοινώνητον
3348 2885 3497 2957 εἶναι,
3556 2886 3615 2942 οὗ
3662 2897 3903 2964 μετέχειν

2296 2973 2541 3048 ἐδείχθη,
2571 2978 2708 3029 κατὰ
2736 2997 2851 3030 τινα
2888 2978 3158 3051 ὁμώνυμον
3198 2985 3399 3052 χρῆσιν
3424 2981 3514 3031 καὶ
3542 2980 3608 3031 τὰ
3650 2976 3911 3053 δαιμόνια

2297 3071 2388 3119 καὶ
2417 3069 2484 3119 τὰ
2510 3062 2707 3119 εἴδωλα
2735 3082 2747 3133 ;

2371 3246 2422 3300 6.
2492 3242 2650 3298 Ἀλλὰ
2701 3243 2914 3316 λέγουσι
2972 3248 3171 3317 φύσεως
3222 3241 3544 3304 ἑνδεικτικὴν
3601 3244 3734 3300 εἶναι
3776 3254 3919 3307 ,τήν

2296 3337 2655 3407 προσηγορίαν
2732 3334 2961 3391 ταύτην·
3049 3332 3392 3392 ἀκοινώνητον
3459 3330 3518 3387 δὲ
3572 3335 3702 3388 εἶναι
3781 3343 3927 3408 πρὸς

2299 3425 2507 3495 Πατέρα
2560 3427 2650 3474 καὶ
2705 3424 2821 3475 Υἱόν
2857 3426 2950 3480 τὴν
2982 3430 3070 3474 τοῦ
3124 3426 3423 3496 Πνεῦματος
3462 3427 3637 3495 φύσιν,
3677 3431 3775 3478 καὶ
3823 3424 3936 3480 διὰ

2297 3518 2450 3563 τοῦτο
2480 3508 2619 3584 μηδὲ
2648 3518 2744 3571 τῆς
2794 3513 2928 3563 κατὰ
2966 3515 3024 3563 τὸ
3073 3515 3234 3584 ὄνομα
3287 3519 3437 3565 τοῦτο
3480 3518 3755 3576 κοινωνίας
3784 3535 3933 3587 μετ-

2300 3604 2463 3672 έχειν.
2514 3600 2717 3652 Οὐκοῦν
2778 3597 3123 3666 δειξάτωσαν,
3153 3597 3247 3653 διὰ
3285 3606 3434 3654 τίνων
3482 3606 3538 3656 τὸ
3584 3613 3677 3665 τῆς
3711 3607 3937 3676 φύσεως

2298 3689 2724 3763 παρηλλαγμένον
2774 3688 3089 3761 ἐπέγνωσαν.
3144 3690 3206 3743 Εἰ
3261 3694 3352 3763 μὲν
3407 3694 3506 3767 γὰρ
3559 3689 3620 3751 ἦν
3683 3689 3942 3747 δυνατὸν

2302 3779 2462 3837 αὐτὴν
2515 3778 2586 3850 ἐφ’
2640 3779 2831 3839 ἑαυτῆς
2872 3783 2966 3837 τὴν
3024 3781 3162 3832 θείαν
3222 3783 3377 3852 φύσιν
3426 3783 3780 3855 θεωρηθῆναι,
3834 3792 3944 3838 καὶ
4030 3852 4031 3855 η

2300 3873 2359 3921 τό
2385 3888 2438 3920 τε
2468 3868 2671 3929 οἰκείως
2713 3870 2838 3940 ἔχον
2885 3872 2975 3919 καὶ
3032 3872 3090 3920 τὸ
3147 3868 3427 3945 ἀλλοτρίως
3480 3868 3573 3923 διὰ
3609 3880 3711 3923 τῶν
3745 3894 3949 3944 (patruo-

2303 3961 2461 4029 μένων
2517 3959 2699 4028 εὑρεῖν,
2760 3956 2855 4008 ούκ
2909 3955 2967 4007 ἂν
3023 3959 3229 4020 πάντως
3302 3956 3585 4032 ἐδεήθημεν
3640 3960 3827 4031 λόγων
3904 3966 3937 4023 ᾖ

2303 4051 2593 4120 τεκμηρίων
2642 4045 2821 4119 ἐτέρων
2890 4050 3020 4119 πρός
3075 4050 3168 4105 τὴν
3236 4055 3327 4099 τοῦ
3376 4049 3697 4121 ζητουμένου
3762 4055 3945 4103 κοττά-

2304 4134 2462 4206 ληψιν
2487 4156 2499 4168 ο
2534 4131 2715 4192 ἐπειδὴ
2752 4130 2810 4186 δὲ
2841 4136 2869 4192 ἡ
2923 4138 3013 4206 μὲν
3063 4134 3360 4208 ὑψηλοτέρα
3400 4147 3494 4199 τῆς
3524 4146 3623 4190 τῶν
3656 4138 3951 4213 ζητουμές

2305 4246 2402 4277 νων
2459 4223 2571 4276 ἐστὶ
2624 4228 3000 4291 κατανοήσεως,
3044 4226 3099 4275 ἐκ
3150 4222 3210 4277 δε
3256 4232 3545 4299 τεκμηρίων
3593 4237 3755 4280 τινῶν
3808 4237 3954 4303 περὶ

2306 4322 2405 4365 τῶν
2438 4311 2820 4386 διαφευγόντων
2860 4317 2953 4371 τὴν
3004 4318 3198 4385 γνῶσιν
3366 4318 3510 4388 ἡμῶν
3556 4316 3911 4389 λογιζόμεθα
3935 4342 3951 4354 ι

2309 4402 2503 4475 ἀνάγκη
2563 4409 2710 4455 πᾶσα
2760 4399 2853 4454 διὰ
2909 4410 3006 4454 τῶν
3056 4401 3313 4477 ἐνεργειῶν
3370 4406 3505 4477 ἡμᾶς
3561 4418 3958 4479 χειραγωγεῖ-

541 4505 691 4557 turae
712 4501 1256 4572 investigationem.
1292 4505 1499 4576 Itaque
1532 4505 1578 4558 si
1602 4504 1930 4561 viderimus
1952 4507 2103 4563 inter
2134 4525 2186 4565 se

2311 4495 2435 4545 σθαι
2476 4495 2604 4566 πρὸς
2661 4496 2754 4550 τήν
2807 4500 2901 4552 τῆς
2957 4493 3094 4553 θείας
3154 4495 3353 4563 φύσεως
3412 4497 3637 4567 ἔρευναν.
3689 4497 3958 4563 Οὗκοῡν,

545 4589 783 4646 differre
805 4591 1204 4663 Operationes,
1236 4608 1372 4664 quae
1395 4608 1431 4648 a
1466 4596 1631 4649 Patre
1658 4598 1713 4649 et
1744 4594 1884 4650 Filio
1905 4601 1959 4651 et
1982 4598 2199 4669 Spiritu

548 4684 758 4737 sancto
788 4681 962 4745 ﬁunt,
994 4685 1241 4739 naturas
1268 4682 1468 4748 etiam,
1490 4698 1628 4755 quas
1670 4690 2015 4756 operantur,
2047 4687 2200 4744 inter

630 4865 675 4902 ⁵⁷
699 4865 812 4922 Jer.
836 4880 889 4933 x,
919 4868 1002 4920 H.
1079 4864 1126 4900 ⁸⁸
1147 4863 1300 4922 Psal.
1321 4880 1446 4935 xcv,
1478 4869 1529 4923 5.
1608 4867 1655 4903 ‘9
1687 4869 1867 4937 lReg.
1894 4884 2085 4940 xxvni,
2114 4872 2199 4928 l3.

630 5044 707 5112 (4)
736 5048 820 5113 Τῷ
858 5041 1038 5097 Σαούλ.
1084 5042 1175 5099 Sic
1215 5042 1611 5115 emendamus
1636 5059 1750 5115 ope
1778 5045 2002 5100 codicis
2028 5046 2204 5102 Medi-

557 5115 686 5183 casi,
718 5115 882 5188 quod
914 5130 1098 5187 prave
1128 5116 1187 5169 in
1214 5114 1391 5188 editis
1420 5114 1732 5188 legebatur
1764 5119 1850 5167 τὸν
1895 5117 2075 5179 Σαούλ,
2106 5119 2204 5174 de-

554 5186 822 5243 mulcens
864 5188 1126 5242 Saulem.
1161 5186 1403 5241 Videtur
1430 5186 1591 5241 hunc
1618 5186 1821 5242 locum
1868 5188 2205 5245 admodum

552 5257 925 5328 negligenter
956 5258 1178 5328 legisse
1210 5257 1526 5321 Scultetus,
1558 5257 1705 5312 dum
1738 5264 1906 5328 putat
1934 5261 2203 5315 animam

554 5322 852 5386 Samuelis
875 5330 990 5385 hoc
1019 5322 1165 5383 loco
1193 5332 1505 5383 evocatam
1535 5328 1671 5383 dici.
1709 5322 1870 5385 Unde
1898 5331 2205 5387 concludit

550 5400 710 5457 hanc
737 5402 1389 5525 sententiamlpugnare
1415 5415 1553 5453 cum
1583 5399 1655 5453 iis
1680 5416 1814 5480 quae
1835 5401 2113 5469 leguntur
2142 5403 2203 5458 in

552 5475 989 5525 commentario
1010 5473 1073 5525 in
1132 5473 1323 5525 saiam
1357 5485 1416 5524 n.
1444 5473 1570 5525 218.
1611 5469 1715 5525 ubi
1747 5488 1828 5525 51c
1856 5472 2069 5525 legitur
2098 5491 2110 5525 :
2142 5474 2199 5525 '11

552 5475 989 5528 commentario
1010 5473 1073 5525 in
1100 5469 1323 5539 Isaiam
1357 5485 1416 5524 n.
1444 5473 1570 5538 218,
1611 5469 1715 5525 ubi
1747 5472 1828 5526 sic
1856 5472 2069 5539 legitur
2098 5491 2110 5527 :
2142 5474 2199 5526 'II

550 5540 973 5617 ἐγγαστρίμυθος
992 5550 1063 5613 τῷ
1096 5541 1254 5593 Σαοὺλ
1286 5538 1379 5593 διὰ
1406 5550 1477 5594 τῶ
1524 5540 1783 5617 δαιμόνων
1813 5538 2081 5615 ἀνήγγειλε
2106 5550 2199 5602 τὴν

591 5612 836 5666 ἄλλουσαν
883 5616 1061 5673 ἧτταν.
1116 5619 1361 5686 Δαίμονες
1407 5618 1507 5689 γὰρ
1538 5612 1671 5673 ἦσαν
1702 5616 1751 5665 οἱ
1792 5612 2199 5689 κατασχηματί-

591 5632 836 5666 εΛΑουσαν
883 5632 1061 5673 ητταν.
1116 5632 1361 5686 Δαιμονες
1407 5634 1505 5686 γαρ
1538 5633 1671 5673 ησαν
1702 5634 1751 5665 οι
1792 5632 2199 5689 κατασχηματι-

550 5632 961 5770 ἕοντεςῆέαυτοῦς
982 5686 1047 5746 εἰς
1078 5689 1136 5770 τὸ
1166 5694 1256 5739 τοῦ
1284 5685 1525 5759 Σαμουὴλ
1562 5692 1862 5770 πρόσωπον,
1906 5689 2199 5770 νθηινίζο-

548 5766 669 5823 qua
705 5754 882 5811 Sauli
915 5772 1025 5827 per
1064 5754 1365 5816 daemones
1396 5754 1733 5817 enuntiavit
1759 5759 2041 5829 futuram
2078 5759 2197 5817 cla-

2309 4582 2391 4635 ἐὰν
2452 4578 2643 4654 ἴδωμεν
2696 4577 3043 4653 διαφερούσας
3093 4579 3321 4639 ἀλλήλων
3368 4586 3460 4643 τὰς
3512 4582 3791 4658 ἐνεργείας
3846 4590 3964 4649 τὰς

2307 4671 2451 4743 παρὰ
2480 4676 2571 4721 τοῦ
2600 4672 2807 4744 Πατρός
2835 4674 2924 4722 καὶ
2976 4676 3068 4721 τοῦ
3115 4671 3239 4723 Υἱοῦ
3291 4675 3381 4723 καὶ
3410 4678 3501 4723 τοῦ
3548 4671 3712 4742 ἁγίου
3774 4678 3964 4726 [luni-

2311 4866 2360 4902 ⁶⁰
2388 4867 2562 4922 Num.
2598 4882 2726 4934 χχιι,
2764 4870 2826 4924 19
2849 4880 3016 4938 seqq.

2311 5045 2463 5100 dem.
2514 5045 2711 5100 Erant
2751 5046 2905 5101 enim
2952 5044 3244 5101 da’mones
3278 5045 3396 5115 qui
3439 5044 3797 5101 induerant
3837 5047 3973 5104 Sa-

2312 5116 2523 5171 muelis
2566 5132 2909 5185 personam.
2971 5119 3103 5171 Haec
3152 5114 3417 5187 profecto
3457 5131 3581 5171 non
3630 5126 3982 5187 pugnant

2313 5203 2450 5242 cum
2478 5187 2570 5241 his
2600 5204 2736 5258 quae
2768 5188 2823 5241 in
2857 5188 2971 5242 hac
2998 5186 3268 5258 epistola,
3293 5187 3591 5255 leguntur.
3626 5186 3811 5244 Nam
3854 5193 3981 5245 Ba.-

2314 5258 2476 5313 silius
2523 5273 2646 5312 non
2695 5258 2887 5313 solum
2946 5274 3067 5313 non
3108 5258 3249 5312 dicit
3293 5258 3560 5312 animam
3612 5260 3983 5316 Samuelis

2312 5345 2445 5385 vere
2477 5330 2865 5400 apparuisse;
2901 5329 3006 5383 sed
3036 5328 3218 5384 etiam
3248 5344 3369 5384 non
3400 5328 3652 5383 obscure
3694 5330 3991 5387 indicat

2311 5400 2619 5472 daemones
2647 5401 2760 5454 sub
2786 5401 3127 5455 animarum
3157 5401 3358 5472 specie
3387 5405 3675 5472 evocatos
3718 5402 3988 5459 fuisse.

2310 5471 2708 5545 Probatenim
2740 5472 3024 5545 hoc_loco
3069 5471 3168 5545 Dei
3196 5470 3436 5545 inomen
3484 5470 3545 5545 in
3599 5473 3989 5545 Scriptura.

2308 5542 2453 5616 ipsis
2479 5543 2657 5597 etiam
2690 5542 2990 5616 interdum
3030 5541 3210 5616 tribui
3239 5541 3554 5616 daemoniis
3583 5558 3597 5616 ς
3634 5541 3877 5616 atque
3912 5546 3985 5600 in

2307 5614 2469 5669 hunc
2521 5630 2698 5668 usum
2752 5614 2999 5669 adhibet
3046 5614 3415 5685 pythonissge
3468 5613 3979 5685 testimoﬁium,

2307 5702 2441 5758 quae
2469 5690 2746 5741 evocatas
2776 5686 3011 5758 animas
3031 5682 3178 5740 deos
3206 5682 3549 5758 appellavit.

2377 5761 2458 5829 (5)
2482 5760 2587 5817 Τὴν
2616 5764 2826 5829 γνῶσιν.
2860 5757 2946 5815 Ita
2973 5772 3121 5814 mss.
3150 5753 3275 5813 sei.
3293 5753 3457 5813 iEdlti
3476 5758 3735 5829 μνήμην.
