4062 6214
242 360 336 414 693
1153 355 1637 412 EPISTOLABUM
1676 349 1955 408 CLASSIS
1994 352 2061 405 ll.
2111 349 2327 407 EPIST.
2375 354 2673 410 CLXXXIX.
3490 356 3594 411 694

243 501 397 554 ματος
446 479 828 555 ἐνεργουμένας,
890 475 1179 552 διαφόρους
1232 477 1360 531 εἶναι
1397 484 1488 532 καὶ
1544 482 1637 539 τὰς
1690 476 1825 549 ἐνερ-

2001 511 2002 514 η
2058 474 2399 533 differentes
2450 494 2599 545 esse,
2660 493 2729 533 ex
2780 477 3199 549 operationum
3249 476 3593 534 diversitate

239 574 430 642 γούσας
510 573 691 642 φυσεις
762 568 816 620 ἐκ
883 578 978 631 τῆς
1038 569 1337 641 ἑτερότητος
1402 578 1500 622 τῶν
1572 570 1825 642 ἐνεργειῶν

2001 564 2346 633 ιῃῇοὶοωυε.
2399 570 2597 639 Neque
2645 567 2805 622 enim
2836 568 2962 622 fieri
2992 572 3208 638 potest,
3233 572 3297 622 ut
3323 584 3458 641 qua:
3490 584 3593 624 na-

243 661 610 732 στοχασομεθα
648 663 742 728 (6).
796 654 936 711 Οὐδὲ
996 662 1098 733 γὰρ
1155 656 1424 731 ἐνδέχεται
1462 662 1527 710 τὰ
1569 655 1825 710 διεστῶτα

2008 670 2085 709 Ι·ίὲ
2126 655 2354 710 ratione
2402 657 2767 728 discrepant,
2824 656 2885 711 in
2944 658 3139 712 forma
3170 658 3591 727 operationum

238 753 367 802 κατὰ
415 753 503 801 τὸν
549 758 608 807 τῆ
624 771 645 810 ς
691 751 885 821 φύσεως
943 753 1089 820 Λόγον
1130 753 1255 824 πρὸς
1323 752 1380 801 τὸ
1438 757 1536 800 τῶν
1568 747 1825 822 ἐνεργειῶν

2006 749 2092 800 ter
2136 761 2196 799 se
2247 746 2626 802 consentiant
2660 765 2672 801 :
2706 762 2816 801 nec
2860 746 3013 814 ignis
3070 746 3413 818 refrigescit,
3479 764 3589 804 nec

240 836 369 899 εἶδος
422 836 659 899 αλλήλοις
708 840 1084 909 συνενεχθῆναι
1109 859 1121 870 ο
1150 840 1224 909 (7)
1257 841 1373 890 οὔτε
1418 837 1586 909 ψύχει
1610 840 1667 888 τό
1700 843 1824 910 πῦρ,

2001 835 2155 891 acies
2189 836 2491 903 calefacit;
2549 837 2653 892 sed
2700 853 2838 891 cum
2871 841 3224 891 naturarum
3256 837 3591 894 differentia

240 932 352 981 οὔτε
396 930 655 1000 θερμαίνει
708 928 732 979 ό
785 926 1135 1000 κρύσταλλος·
1198 927 1325 980 ἀλλὰ
1372 936 1432 999 τῇ
1486 934 1583 978 τῶν
1629 927 1825 997 φύσεων

2001 924 2115 979 mul
2145 926 2323 980 etiam
2353 925 2503 981 inter
2560 943 2620 981 se
2666 927 3009 997 discrepant
3039 942 3173 995 quae
3200 926 3277 980 ab
3303 926 3413 981 illis
3438 926 3592 982 ﬁunt

240 1014 462 1090 διαφορᾷ
520 1014 1039 1091 συνδιαχωρίζονται
1088 1015 1176 1068 ἀπ’
1218 1015 1445 1075 ἀλλήλων
1483 1021 1571 1068 καὶ
1602 1017 1656 1066 αἱ
1684 1016 1825 1086 παρὰ

2001 1015 2339 1070 ›θτᾶῐὶοηθε.
2403 1015 2460 1071 Si
2510 1020 2711 1071 autem
2766 1030 2954 1070 unam
3012 1014 3476 1069 intellexerimus
3534 1017 3591 1071 et

238 1109 424 1158 τούτων
467 1105 735 1179 ἐνέργειαι.
816 1106 933 1159 Ἐὰν
982 1102 1040 1158 δὲ
1102 1110 1224 1177 μίαν
1277 1111 1542 1177 νοήσωμεν
1604 1110 1695 1163 τὴν
1747 1103 1825 1174 (8)

2001 1103 2121 1158 ttris
2152 1109 2207 1159 et
2240 1104 2361 1159 Filii
2385 1109 2441 1159 et
2472 1105 2721 1177 Spiritus
2754 1105 2942 1161 sancti
2978 1104 3411 1175 operationem,
3444 1103 3591 1159 nihil

237 1194 483 1269 ἐνέργειαν
524 1200 728 1267 Πατρός
784 1215 838 1247 τε
890 1200 978 1247 καὶ
1030 1198 1153 1249 Υῐοῦ
1201 1200 1290 1247 καὶ
1331 1198 1627 1267 Πνευματος
1652 1194 1822 1265 ἁγίου,

2026 1193 2145 1248 ulla
2168 1209 2229 1248 re
2261 1194 2632 1249 ditferentem
2674 1199 2775 1249 aut
2820 1194 3182 1259 variantem;
3233 1208 3475 1248 necesse
3504 1202 3593 1248 est

233 1283 279 1336 ἐν
309 1281 496 1356 μηδενὶ
521 1281 871 1360 διαφέρουσάν
910 1304 962 1336 τι
993 1286 1022 1344 ἦ
1080 1284 1554 1359 παραλλάσσουσαν
1579 1301 1590 1313 ·
1625 1282 1821 1353 ἀνάγκη

2001 1300 2006 1338 ;
2035 1283 2398 1355 operationis
2427 1283 2733 1340 identitate
2778 1284 3070 1339 unitatem
3105 1282 3300 1353 colligi
3332 1288 3585 1339 naturm.

199 1358 289 1445 ίτῇ
318 1378 600 1431 ταυτότητι
657 1382 747 1435 τῆς
798 1372 1050 1448 ἐνεργείας
1092 1377 1150 1426 τό
1195 1376 1448 1447 ἡνωμένον
1500 1382 1596 1435 τῆς
1626 1374 1825 1445 φύσεως

235 1461 657 1533 συλλογίζεσθαι·

296 1553 347 1605 7.
392 1553 648 1624 Ἀγιοίξει,
706 1556 795 1605 καὶ
847 1553 1111 1620 ζωοποιεῖ,
1168 1558 1257 1606 καὶ
1279 1553 1509 1626 φωτίζει,
1539 1557 1628 1605 καὶ
1651 1572 1822 1627 παρα-

2001 1556 2052 1606 7.
2095 1550 2455 1618 Sanctiﬁcat,
2511 1555 2567 1607 et
2612 1550 2893 1617 viviﬁcat,
2923 1554 2979 1607 et
3008 1549 3331 1619 illuminat,
3362 1553 3416 1605 et
3447 1564 3586 1606 con-

229 1641 391 1709 καλεῑ,
461 1648 551 1694 καὶ
611 1645 783 1695 πάντα
846 1646 912 1695 τὰ
963 1650 1199 1710 τοιαῦτα,
1233 1645 1421 1716 ὁμοίως
1466 1645 1702 1716 όΠατηρ
1734 1646 1823 1695 καὶ

2001 1640 2176 1707 latur,
2219 1646 2274 1697 et
2300 1642 2507 1697 omnia
2529 1641 2830 1711 ejusmodi
2860 1640 3080 1712 pariter
3117 1640 3259 1695 facit
3286 1640 3481 1708 Pater,
3530 1643 3588 1697 et

226 1733 250 1782 ό
279 1734 402 1792 Υἱὸς
443 1737 531 1783 καὶ
565 1736 623 1783 τό
665 1738 874 1804 Πνεῦμα
921 1735 978 1784 τὸ
1043 1732 1216 1804 ἅγιον.
1256 1737 1355 1785 Καὶ
1385 1730 1575 1805 μηδεὶς
1595 1732 1708 1784 κατ’
1741 1732 1821 1794 ἐξ·

2001 1730 2204 1797 lius,et
2232 1732 2485 1803 Spiritus
2512 1736 2780 1787 sanctus.
2798 1733 2912 1785 Nec
2927 1732 3255 1803 quisquam
3281 1729 3585 1801 przecipue

225 1827 428 1894 αἱρετόν
485 1820 778 1893 ἀπονεμέτω
826 1829 887 1894 τῇ
948 1819 1173 1894 ἐνεργείᾳ
1232 1829 1324 1874 τοῦ
1376 1824 1668 1893 Πνεύματος
1732 1825 1821 1878 την

2004 1819 2153 1876 buat
2206 1820 2446 1893 Spiritui
2495 1825 2704 1876 sancto
2753 1825 3111 1893 potestatem
3146 1818 3583 1889 sanctiﬁcandi,

225 1908 542 1982 ἁγιαστικὴν
573 1910 834 1979 ἐξουσίαν,
886 1910 1114 1971 ἀκούσας
1162 1917 1251 1963 τοῦ
1291 1917 1523 1985 Σωτῆρος
1553 1910 1599 1961 ἐν
1630 1918 1700 1981 τῷ
1727 1910 1823 1962 Εὐ-

2001 1925 2067 1964 λω
2101 1909 2307 1965 audiat
2340 1909 2711 1966 Salvatorem
2737 1910 2797 1964 in
2831 1909 3152 1979 Evangelio
3181 1908 3254 1963 de
3275 1908 3586 1980 discipulis

223 1999 448 2072 αγγελίῳ
485 2005 601 2073 περὶ
635 2008 735 2051 τῶν
780 2001 1028 2072 μαθητῶν
1047 2004 1177 2073 πρὸς
1208 2004 1293 2052 τὸν
1318 2004 1521 2075 Πατέρα
1547 2000 1774 2071 λέγοντος
1806 2020 1818 2032 ·

2001 2002 2228 2054 centem
2270 1999 2424 2055 Patri
2457 2016 2469 2054 :
2506 2000 2705 2068 Pater,
2758 2000 3072 2068 sancti/ica
3125 2013 3217 2053 eos
3258 2000 3319 2053 in
3349 2000 3588 2054 nomine

225 2092 416 2164 Πάτερ,
472 2089 692 2160 ἁγίασον
742 2089 932 2150 αὐτοὺς
980 2088 1027 2141 ἐν
1081 2098 1155 2162 τῷ
1203 2090 1417 2161 ὁνοματί
1472 2109 1585 2145 σου.
1635 2090 1823 2141 “Ωσαύ·

2001 2103 2030 2142 ο
2058 2090 2126 2142 δ’.
2165 2087 2443 2144 Similiter
2495 2093 2697 2143 autem
2729 2093 2785 2143 et
2810 2088 3043 2159 reliqua
3072 2087 3278 2142 omnia
3308 2102 3381 2142 ex
3408 2101 3586 2159 aequo

222 2199 321 2240 τως
352 2177 412 2233 δὲ
436 2184 526 2232 καὶ
552 2183 618 2231 τὰ
633 2178 766 2232 ἄλλα
793 2182 963 2233 πάντα
992 2184 1125 2232 κατὰ
1155 2183 1213 2232 τὸ
1244 2184 1357 2232 ἴσον
1398 2179 1677 2254 ἐνεργεῖται
1712 2186 1822 2241 τοῖς

2007 2182 2298 2247 raguntur
2328 2177 2390 2232 in
2420 2177 2491 2232 iis
2540 2178 2644 2249 qui
2691 2176 2857 2248 digni
2889 2181 3046 2246 sunt,
3080 2190 3115 2230 θ.
3137 2179 3305 2232 Patre
3335 2181 3391 2232 et
3422 2176 3585 2247 Filio,

224 2268 390 2332 ἀξίοις
418 2272 561 2343 παρὰ
588 2276 679 2321 τοῦ
709 2274 913 2343 Πατρός
959 2286 1010 2322 τε
1040 2274 1129 2321 καὶ
1158 2276 1249 2321 τοῦ
1281 2272 1402 2322 Υἰοῦ
1434 2274 1636 2321 καὶτοῦ
1668 2269 1819 2341 ἁγίου

2019 2266 2240 2338 Spiritu
2290 2272 2539 2322 sancto:
2574 2266 2772 2321 omnis
2796 2266 2987 2336 gratia
3029 2270 3085 2320 et
3113 2265 3322 2333 virtus,
3347 2265 3584 2330 ductus,

222 2362 547 2430 Πνευματος·
610 2365 759 2410 πᾶσα
804 2361 967 2432 χάρις
1024 2363 1114 2410 καὶ
1184 2355 1422 2432 δύναμις,
1479 2355 1752 2430 ἡόδηγία,
1786 2360 1815 2416 ἡ

2001 2361 2065 2412 ta.
2101 2356 2457 2425 consolatio,
2488 2356 2566 2411 ad
2598 2355 3109 2411 immortalitatem
3141 2353 3587 2416 transmutatio,

223 2450 356 2510 ζωὴ,
414 2450 443 2505 ἡ
498 2447 847 2522 παράκλησις,
908 2450 936 2506 ἡ
992 2451 1209 2521 πρὸςτὸ
1241 2450 1495 2500 ἀθάνατον
1540 2446 1819 2520 μεταϐολὴ,

2001 2445 2215 2500 insitus
2248 2445 2326 2501 ad
2355 2445 2715 2508 libertatem,
2734 2449 2789 2500 et
2813 2445 3020 2517 siquid
3042 2443 3203 2499 aliud
3229 2443 3398 2513 boni,
3421 2442 3590 2515 quod

221 2540 250 2595 ἠ
310 2538 384 2599 εἰς
457 2535 744 2611 ἐλευθερίαν
806 2538 1150 2609 μετάστασις,
1204 2542 1293 2589 καὶ
1337 2540 1381 2589 εἴ
1434 2557 1484 2589 τι
1522 2536 1641 2589 ἀλλο
1681 2537 1821 2589 ἐστὶν

2001 2533 2145 2589 lnos
2172 2550 2367 2607 usque
2416 2534 2736 2607 pertingat.
2799 2533 3163 2589 OEconomia
3196 2532 3425 2601 itidem,
3452 2548 3591 2604 quae

222 2625 441 2698 ἀγαθὸν,
498 2627 523 2678 ὅ
571 2630 759 2700 μέχρις
803 2628 950 2698 ἡμῶν
992 2626 1067 2697 (9)
1123 2625 1442 2679 καταϐαίνει.
1490 2626 1548 2678 Ἠ
1610 2623 1668 2679 δὲ
1695 2628 1821 2699 ὑπὲρ

2006 2638 2116 2694 pra
2172 2639 2285 2678 nos
2340 2628 2447 2689 est,
2509 2623 2631 2678 sive
2685 2623 2764 2678 ad
2821 2622 3186 2694 spiritualem
3208 2622 3332 2677 sive
3354 2622 3431 2678 ad
3462 2636 3591 2679 sen-

221 2718 357 2788 ἡμᾶς
398 2715 685 2787 οἰκονομία,
734 2717 784 2766 ἓν
836 2735 889 2768 τε
947 2723 1007 2787 τῇ
1059 2723 1215 2788 νοητῇ
1266 2720 1433 2768 κτίσει
1488 2720 1579 2768 καὶ
1631 2724 1692 2787 τῇ
1737 2715 1823 2766 αἰ-

2001 2712 2166 2768 3ilem
2211 2717 2550 2768 creaturam
2614 2717 2856 2785 spectet,
2904 2711 2951 2767 si
2981 2728 3049 2767 ex
3072 2712 3145 2767 iis
3173 2728 3310 2783 quae
3337 2726 3594 2780 cognos-

224 2808 424 2877 σθητῇ,
466 2808 512 2856 εἰ
532 2824 582 2856 τι
603 2809 711 2877 χρὴ
757 2801 852 2857 διὰ
870 2812 970 2856 τῶν
1004 2808 1398 2877 γινωσκομένων
1439 2806 1563 2877 ἡμῖν
1594 2809 1825 2877 καὶπερὶ

2001 2818 2150 2865 mus,
2179 2802 2359 2857 etiam
2390 2802 2463 2856 de
2490 2801 2558 2855 iis
2590 2818 2726 2873 quae
2750 2817 2934 2873 supra
2958 2815 3071 2857 nos
3097 2806 3237 2856 sunt
3275 2800 3593 2870 conjicien-

224 2903 328 2947 τῶν
381 2897 759 2968 ὑπερκειμένων
805 2895 1192 2967 στοχάζεσθαι,
1248 2890 1371 2948 οὐδέ
1428 2895 1558 2953 αὐτὴ
1610 2902 1707 2957 τῆς
1733 2902 1825 2947 τοῦ

2001 2908 2104 2959 1m,
2136 2906 2211 2947 ne
2244 2892 2374 2963 ipsa
2404 2891 2651 2963 quidem
2683 2892 2829 2946 citra
2887 2890 3136 2963 Spiritus
3167 2890 3357 2946 sancti
3381 2903 3594 2961 opera-

222 2984 375 3055 ἆγίου
427 2985 541 3053 (10)
599 2988 891 3056 Πνεύματος
944 2983 1199 3059 ἐνεργείας
1267 2988 1356 3036 καὶ
1416 2980 1679 3055 δυνάμεως
1733 2984 1825 3046 ἔξω

2001 2997 2154 3038 mem
2216 2997 2287 3037 ac
2339 2981 2617 3037 virtutem
2656 2980 2986 3049 constituit,
3054 2994 3425 3051 unoquoque
3480 2992 3591 3051 pro

218 3076 565 3140 καθέστηκεν,
624 3073 847 3125 ἑκάστου
912 3072 1049 3125 κατά
1100 3077 1193 3131 την
1242 3070 1382 3125 ἰδίαν
1442 3072 1589 3136 ἀξίαν
1644 3092 1699 3126 τε
1737 3079 1825 3127 καὶ

2001 3073 2180 3144 'opria
2231 3070 2519 3141 dignitate
2572 3077 2628 3128 et
2680 3087 2797 3127 usu
2850 3070 3213 3127 beneﬁcium
3239 3070 3590 3141 accipiente.

216 3169 411 3236 χρείαν
459 3170 553 3223 τῆς
611 3161 851 3235 ὠφελείας
902 3161 1403 3234 μεταλαμϐάνοντος.
1456 3162 1513 3215 Εἰ
1575 3165 1677 3235 γὰρ
1735 3167 1825 3215 καὶ

2004 3162 2052 3217 si
2104 3161 2265 3216 enim
2311 3161 2573 3217 obscura
2598 3166 2686 3218 est
2720 3160 2924 3216 sensui
2953 3164 3159 3215 nostro
3190 3174 3419 3228 eorum,
3454 3173 3588 3230 quae

218 3250 422 3313 ἄδηλος
476 3260 539 3324 τῇ
596 3252 845 3311 αἰσθήσει
884 3260 946 3325 τῇ
997 3254 1222 3327 ἡμετέρᾳ
1264 3254 1294 3310 ἡ
1323 3256 1439 3325 περὶ
1472 3260 1571 3304 τῶν
1600 3254 1705 3304 ἅνω
1733 3261 1825 3315 τῆς

2001 3267 2122 3323 ιρι-θ.
2146 3256 2427 3307 naturam
2454 3257 2722 3308 nostram
2756 3256 2914 3319 sunt,
2948 3250 3249 3308 ordinatio
3289 3254 3346 3306 et
3374 3253 3590 3319 guber-

214 3346 477 3418 ἠμετέρας
538 3345 740 3414 φύσεως
794 3338 1039 3405 διάταξίς
1078 3342 1192 3410 (ii)
1264 3360 1318 3395 τε
1382 3346 1473 3395 καὶ
1538 3338 1821 3406 διοίκησις,

2001 3341 2119 3407 ttio,
2152 3346 2355 3396 tamen
2386 3340 2621 3412 aequius
2652 3340 2787 3412 quis
2846 3356 2919 3395 ex
2977 3339 3404 3395 consecutione
3426 3338 3589 3395 colli-

212 3433 361 3503 ὅμως
410 3430 465 3483 ἐκ
516 3440 612 3493 τῆς
646 3429 958 3492 ἀκολουθίας
1012 3430 1346 3506 εὐλογώτερον
1391 3431 1453 3482 ἄν
1482 3450 1557 3491 τις
1584 3432 1825 3483 σύνθοιτο

2001 3434 2034 3484 tt
2064 3444 2171 3501 per
2214 3445 2285 3484 ea
2342 3445 2478 3501 quae
2526 3429 2704 3485 nobis
2762 3434 2908 3485 nota
2937 3433 3099 3497 sunt,
3131 3429 3382 3501 Spiritus
3410 3428 3589 3485 virtu~

213 3518 320 3573 διὰ
367 3527 468 3571 τῶν
521 3522 643 3591 ἡμῖν
680 3525 955 3594 γνωρίμων
1016 3520 1219 3593 ἐνεργὸν
1261 3517 1391 3572 εἶναι
1417 3525 1506 3572 καὶ
1529 3519 1605 3572 ἐπ’
1623 3520 1824 3572 ἐκείνων

2001 3534 2053 3575 ω
2102 3519 2164 3574 in
2222 3518 2340 3574 illis
2387 3518 2569 3575 etiam
2627 3534 2757 3576 esse
2805 3518 3132 3584 eﬂicacem,
3166 3534 3355 3591 quam
3395 3534 3523 3575 esse
3551 3533 3590 3576 θ.

211 3614 324 3667 τήν
376 3615 467 3660 τοῦ
513 3612 799 3681 Ιινεύματος
859 3605 1103 3681 δύναμιν,
1162 3609 1192 3667 ἦ
1254 3607 1607 3671 ἀπεξενῶσθαι
1653 3607 1825 3670 τῆςέν

2001 3623 2132 3663 rum
2191 3623 2593 3680 supernarum
2664 3608 3099 3678 gubernatione
3158 3608 3584 3664 abalienatam.

210 3703 339 3757 τοῖς
405 3698 781 3771 ὑπερκειμένας
847 3697 1165 3770 οἰκονομίας.
1221 3697 1279 3750 Ὁ
1336 3701 1425 3771 μὲν
1491 3700 1592 3771 γὰρ
1663 3700 1821 3751 ἐκεῖνο

2001 3696 2044 3750 1i
2070 3696 2228 3751 enim
2260 3695 2407 3752 illud
2437 3696 2597 3766 dicit,
2632 3697 2860 3752 nudam
2896 3701 2953 3753 et
2978 3697 3404 3752 inconcinnam
3428 3695 3586 3751 blas-

209 3786 381 3858 λέγων
426 3786 583 3857 ψιλὴν
642 3791 731 3839 καὶ
779 3786 1136 3839 ἀκατάσκευον
1184 3790 1279 3845 τὴν
1329 3785 1670 3860 βλασφημίαν
1692 3808 1821 3862 προ-

2001 3786 2233 3841 ιθωὶδω
2266 3785 2510 3857 profert,
2564 3786 2731 3842 nulla
2787 3786 3017 3842 ratione
3057 3785 3391 3841 absurdum
3423 3800 3585 3840 com-

213 3875 463 3928 ϐάλλεται
518 3880 655 3947 (12),
715 3873 888 3928 οὐδενὶ
934 3875 1173 3949 λογισμῷ
1247 3877 1652 3936 κατασκευάζων
1726 3880 1821 3934 τὴν

2001 3881 2199 3931 entum
2227 3876 2594 3932 conﬁrmans
2623 3893 2634 3931 :
2668 3876 2769 3949 qui
2802 3892 2940 3932 vero
2968 3876 3285 3932 conﬁtetur
3304 3891 3374 3930 ea
3402 3875 3580 3931 etiam

214 3964 439 4018 ἀτοπίαν
467 3986 480 3999 ·
548 3968 573 4017 ὁ
605 3962 666 4019 δὲ
698 3968 1056 4038 συντιθέμενος
1103 3970 1192 4018 καὶ
1234 3967 1299 4019 τὰ
1340 3968 1467 4041 ὑπὲρ
1509 3968 1645 4037 ἡμᾶς
1692 3968 1822 4038 μετὰ

2001 3979 2061 4020 lae
2121 3980 2305 4037 supra
2361 3981 2472 4021 nos
2525 3970 2683 4035 sunt,
2744 3982 2883 4021 cum
2915 3968 3082 4021 Patre
3111 3970 3167 4021 et
3196 3964 3337 4020 Filio
3366 3964 3583 4021 virtute

217 4057 427 4127 Πατρός
480 4058 571 4107 καὶ
623 4056 747 4107 Υἱοῡ
790 4062 852 4126 τῇ
912 4051 1132 4127 δυνάμει
1179 4062 1270 4107 τοῦ
1313 4056 1603 4126 Πνεῦματος
1628 4055 1822 4106 οἰκονο-

2001 4054 2180 4110 ιίΓὶῐῑΙδ
2241 4056 2410 4125 281
2476 4055 2624 4125 regi,
2657 4055 2817 4111 claro
2864 4055 3083 4111 indicio
3128 4071 3201 4110 ex
3231 4070 3340 4110 sua
3392 4054 3580 4125 ipsius

212 4146 461 4215 μεῖσθαι,
518 4142 725 4216 ἐναργεί
784 4150 1047 4217 τεκμηρίῳ
1086 4153 1158 4215 τῷ
1196 4147 1332 4196 κατὰ
1388 4148 1481 4201 τὴν
1518 4140 1658 4196 ἰδίαν
1680 4144 1820 4204 ζωὴν

2001 4150 2049 4199 ta
2070 4147 2251 4199 ducto
2276 4145 2539 4211 innixus,
2588 4145 2663 4199 de
2688 4144 2779 4200 his
2810 4144 3088 4201 afﬁrmat.
3123 4148 3326 4216 Itaque
3369 4159 3580 4216 opera-

212 4230 611 4308 ἐπερειδόμενος
650 4237 768 4308 περὶ
815 4236 1005 4286 τούτων
1058 4230 1476 4308 διισχυρίζεται.
1547 4234 1747 4286 Οὐκοῦν
1787 4235 1814 4292 ἡ

2001 4233 2100 4288 mis
2130 4232 2410 4289 identitas
2447 4233 2508 4289 in
2570 4236 2737 4291 Patre
2769 4240 2826 4290 et
2857 4234 3003 4290 Filio
3035 4238 3090 4289 et
3124 4234 3338 4305 Spiritu
3372 4236 3579 4289 sancto

182 4330 312 4383 τῆς
360 4323 615 4396 ἐνεργείας
669 4327 926 4384 ταυτότης
974 4322 1056 4375 ἐπὶ
1115 4329 1315 4395 Πατρός
1350 4343 1403 4375 τε
1449 4327 1538 4375 καὶ
1578 4326 1700 4376 Υἱοῡ
1731 4328 1820 4375 καὶ

2007 4323 2241 4394 rspicue
2299 4323 2561 4379 ostendit
2618 4323 3131 4379 absolutissimam
3162 4326 3392 4378 natura:
3423 4321 3581 4376 simi-

212 4414 516 4484 Πνεύματος
583 4412 735 4483 ἁγίου
812 4409 1050 4465 δείκνυσι
1113 4422 1288 4484 σαφῶς
1354 4416 1413 4465 τό
1480 4421 1568 4473 τῆς
1620 4416 1821 4484 φύσεως

2001 4412 2261 4467 udinem.
2299 4415 2491 4478 Quare
2539 4412 2771 4467 etiamsi
2802 4412 3129 4467 divinitatis
3154 4427 3374 4466 nomen
3401 4414 3575 4466 natu-

211 4501 639 4575 ἁπαράλὶακτον.
722 4500 903 4569 Ὠστε,
956 4500 1051 4554 κᾶν
1128 4505 1282 4575 φύσιν
1334 4507 1563 4575 σημαίνῃ
1616 4505 1671 4553 τὸ
1726 4511 1821 4564 τῆς

2001 4518 2055 4556 m
2087 4501 2327 4565 indicet,
2372 4502 2615 4574 proprie
2667 4507 2867 4557 tamen
2910 4500 3375 4573 appellationem
3412 4499 3575 4555 illam

209 4594 459 4652 θεότητος
512 4595 695 4663 ὄνομα,
743 4596 931 4663 κυρίως
980 4597 1068 4645 καὶ
1122 4601 1192 4663 τῷ
1252 4592 1383 4664 ἁγίῳ
1434 4594 1693 4664 Πνευματι
1724 4596 1817 4650 την

2001 4596 2134 4647 ncto
2163 4608 2404 4664 quoque
2439 4592 2679 4664 Spiritui
2699 4591 3203 4664 aptari,essentiae
3225 4589 3575 4647 communio

204 4686 581 4757 προσηγορίαν
657 4681 1042 4756 ἐφαρμόζεσθαι
1096 4684 1289 4741 ταύτην
1365 4684 1395 4740 ἡ
1462 4690 1555 4745 τῆς
1614 4682 1819 4753 [οὐσίας

2003 4685 2318 4739 monstrat.

201 4776 460 4833 κοινότης
498 4774 812 4826 συντίθεται.

282 4979 299 5012 ι
345 4976 523 5034 Joan.
568 4990 707 5048 xm,
753 4980 835 5032 l7.

276 5182 363 5253 (6)
406 5182 831 5253 Erozaeo'yeea.
864 5180 956 5238 Sic
987 5178 1589 5253 gemendavimusdex
1646 5180 1815 5253 Greg.

2001 5181 2112 5237 lem
2144 5177 2280 5235 editi
2304 5179 2462 5251 ἡμᾶς·
2487 5177 2764 5252 Quinque
2802 5193 2947 5236 mss.
3000 5182 3057 5237 et
3085 5180 3256 5253 Greg.
3304 5182 3478 5253 Nyss.
3509 5178 3575 5236 ut

190 5250 385 5326 ayss.
438 5250 609 5325 quOd
660 5250 882 5308 eratin
932 5250 1291 5307 editionibus
1324 5250 1519 5307 Basilii
1554 5252 1821 5323 στοχαζό-
1926 5254 1987 5310 in
2018 5256 2203 5307 textu.

2001 5328 2109 5390 (10)
2147 5329 2248 5374 Τοῦ
2298 5321 2468 5392 ἁγίου.
2504 5323 2587 5379 Ita
2616 5338 2761 5379 mss.
2808 5339 2910 5379 sex
2934 5327 2992 5380 et
3016 5326 3185 5394 Greg.
3219 5325 3389 5393 Nyss.
3424 5318 3575 5376 Editi

199 5327 372 5380 αεῦα.

198 5379 211 5396 ’
277 5379 368 5463 (⁸η
402 5394 551 5451 Vide
582 5394 890 5466 addenda.
1416 5464 1423 5466 ς
1621 5464 1654 5466 7A

2001 5379 2019 5446 ἦ
2051 5398 2305 5466 παναγίον
2323 5436 2333 5466 .

410 5469 531 5519 Ἐὰν
592 5462 825 5539 δεημίαν
869 5470 1141 5539 ⁸νοήσωμεν
1196 5470 1308 5525 τήν.
1497 5464 1823 5539 AMAediczeus

2004 5462 2415 5539 (H_)_Atoit'at§t;.
2467 5466 2558 5522 Sic
2613 5466 2894 5539 emendat
2942 5466 3361 5539 editioAGAregL
3396 5465 3575 5535 Nyss.

202 5532 410 5593 codex
440 5553 584 5594 cum
612 5532 799 5594 tribus
830 5536 959 5594 aliis
1010 5532 1066 5593 et
1095 5540 1265 5607 Greg.
1320 5536 1468 5592 Editi
1497 5534 1711 5599 Ἰδόντες
1738 5534 1824 5589 οὖν

2001 5537 2097 5611 rod
2128 5536 2435 5611 legebatur
2464 5539 2523 5591 in
2556 5538 2925 5611 editionibus
2955 5536 3150 5592 Basilii
3183 5532 3431 5611 didicit;-

202 5614 330 5665 τήν.

2001 5609 2109 5681 (ιν)
2150 5608 2519 5681 Προϐοίλλεται.
2554 5609 2642 5665 Ita
2668 5609 2906 5667 codices
2928 5624 3078 5665 mss.
3112 5612 3169 5664 et
3190 5608 3367 5679 Greg.
3403 5609 3577 5679 Nyss.

290 5682 369 5743 (9)
412 5679 608 5754 ᾚμῶν.
653 5679 829 5754 _Editi
883 5679 1115 5737 addunt
1159 5679 1601 5754 révnéwe‘odumv,
1660 5680 1825 5752 quod

2001 5678 2081 5735 liti
2105 5678 2506 5753 προσϐάλλεται.

207 5749 393 5809 deest
436 5749 499 5808 in
543 5751 823 5810 Medicmo
855 5756 913 5810 et
936 5756 1197 5825 quatuor
1225 5751 1355 5809 aliis
1375 5749 1433 5809 et
1457 5753 1627 5823 Greg.
1652 5749 1825 5824 Nyss.
