4062 6214
422 320 526 377 695
1807 327 1864 379 S.
1906 322 2155 377 BASlLlI
2190 322 2412 378 MAGNI
3681 334 3781 387 696

500 449 557 505 8.
612 448 725 505 Sed
746 448 959 516 ignoro
988 462 1111 519 quo
1132 452 1311 519 pacto
1337 450 1413 504 ad
1437 454 1663 507 natura:
1697 448 2077 519 signiﬁcatio-

2262 450 2315 503 8.
2357 446 2488 499 Ἀλλ’
2530 449 2623 500 οὐκ
2654 447 2776 501 οἶδα
2816 452 2952 512 ὅπως
2998 449 3080 502 ἐπὶ
3123 455 3216 509 τὴν
3249 459 3342 511 τῆς
3385 455 3581 521 φύσεως
3625 450 3784 505 ἔνδει-

430 554 571 596 nem
592 553 814 593 nomen
846 537 1170 591 divinitatis
1201 538 1457 606 trahant,
1487 541 1589 612 qui
1616 539 1762 595 nihil
1794 554 1912 593 non
1940 553 2034 591 cor

2193 535 2268 597 ξιν
2307 542 2397 594 τὴν
2420 545 2780 611 προσηγορίαν
2823 550 2914 600 τῆς
2945 542 3186 601 Θεότητος
3226 545 3484 615 φέρουσιν,
3541 544 3590 593 οἱ
3616 546 3785 595 πάντα

431 628 713 696 ﬁngunt:
748 626 922 698 quasi
995 642 1116 680 non
1188 628 1485 683 audierint
1529 646 1597 684 ex
1651 630 1972 700 Scriptura,
2022 628 2035 681 i

2193 629 2690 695 κατασκευάζοντες,
2762 631 2934 701 ὥσπερ
2998 629 3091 680 οὐκ
3171 628 3447 690 ἀκηκοότες
3503 635 3645 704 παρὰ
3692 642 3786 693 τῆς

437 716 602 791 quod
658 734 690 771 a
728 721 943 772 natura
993 722 1082 770 est
1117 716 1486 773 institutione
1532 724 1588 774 et
1639 719 1922 774 electione
1960 733 2037 770 no

2196 722 2424 789 Γραφῆς,
2492 720 2570 769 ὅτι
2647 724 2989 793 χειροτονητὴ
3049 721 3160 789 (13)
3206 724 3358 791 φύσις
3434 721 3490 772 οὗ
3566 727 3782 793 γίνεται.

439 806 801 877 comparari.
850 808 1034 860 Moses
1084 805 1242 859 enim
1296 809 1447 861 Deus
1480 808 1780 864 institutus
1802 812 1889 861 est
1917 809 2043 876 Eg}

2197 812 2429 867 Μωυσῆς
2474 805 2532 859 δὲ
2575 816 2674 860 τῶν
2724 809 3019 879 Αἰγυπτίων
3059 810 3431 880 ἐχειροτονήθη
3468 811 3597 873 θεὸς,
3656 812 3788 863 οὕτω

440 898 728 971 ptiorum,
792 910 931 949 cum
982 896 1050 963 is,
1095 897 1201 967 qui
1253 897 1566 953 oraculum
1614 897 1850 961 edebat,
1902 897 2044 951 itaa

2200 900 2327 969 πρὸς
2385 898 2537 949 αὐτόν
2586 899 2815 960 εἰπόντος
2874 908 2964 950 rei":
3021 900 3461 971 χρηματίζοντος,
3528 902 3609 953 ὅτι
3662 905 3788 954 Θεὸν

443 988 648 1060 ipsum
678 984 911 1039 locutus
944 1002 956 1039 :
990 986 1173 1039 Deum
1199 992 1254 1041 te
1274 986 1412 1041 dedi
1432 988 1740 1043 Pharaoni
1768 988 1837 1044 5’.
1880 990 2043 1057 Appe

2206 1004 2261 1036 σε
2310 982 2521 1038 δέδωκα
2572 996 2643 1058 τῷ
2702 994 2885 1060 Φαραὼ
2928 990 3053 1058 (to).
3113 989 3313 1039 Οὐκοῦν
3366 988 3603 1051 ἐξουσίας
3632 994 3788 1057 τινὸς,

445 1075 589 1131 latio
619 1075 796 1143 igitur
822 1078 1025 1127 notam
1057 1076 1366 1145 potestatis
1396 1076 1734 1145 cujusdam,
1758 1076 2049 1145 siveinspe

2206 1078 2303 1126 εἴτε
2335 1075 2621 1138 ἐποπτικῆς
2647 1082 2743 1130 εἴτε
2769 1078 3067 1150 ἐνεργητικῆ
3082 1100 3119 1144 ς,
3176 1075 3389 1141 ἔνδειξιν
3439 1081 3467 1136 ἠ
3524 1100 3793 1153 προσηγο-

448 1164 643 1220 ctricis
666 1164 787 1219 sive
813 1164 1178 1233 operatricis,
1238 1181 1359 1236 praa
1389 1182 1449 1219 se
1475 1166 1602 1221 fert.
1658 1170 1727 1221 At
1780 1170 1994 1220 natura
2014 1164 2052 1218 d

2206 1170 2295 1237 ρία
2351 1169 2509 1239 φέρει.
2568 1168 2624 1218 Ἠ
2681 1165 2739 1219 δὲ
2789 1170 3106 1238 θείιφυσις
3162 1172 3209 1220 ἐν
3252 1175 3384 1220 πᾶσι
3410 1178 3514 1229 τοῖς
3564 1170 3798 1222 ἐπινοου-

449 1255 611 1315 vina,
654 1253 714 1307 in
745 1254 1027 1306 omnibus
1070 1268 1207 1323 qua:
1266 1255 1680 1321 excogitantur
1726 1254 2053 1309 nominibu:

2208 1258 2375 1326 μένοις
2422 1256 2664 1328 ὀνόμασι)
2722 1260 2850 1309 καοό
2896 1256 3028 1322 ἐστι,
3079 1262 3215 1329 μένει
3282 1258 3600 1331 ἀσήμαντος,
3652 1263 3720 1321 ὡς
3777 1262 3802 1310 6

451 1344 691 1416 ipsa,ut
728 1346 836 1405 est,
880 1348 1083 1397 manet
1128 1343 1590 1414 inexplicabilis;
1624 1361 1757 1415 quas
1782 1349 1985 1398 n0stra
2015 1359 2055 1397 e:

2211 1347 2456 1417 ἡμέτερος
2514 1345 2682 1416 λόγος.
2731 1346 3011 1419 Εὐεργέτην
3060 1350 3181 1419 γὰρ,
3222 1352 3312 1398 καὶ
3350 1354 3553 1419 κριτὴν,
3610 1347 3804 1419 ἀγαθόν

455 1434 748 1489 doctrina.
778 1434 917 1487 Cum
935 1433 1769 1505 enimt)eneﬁcum,judicem,
1805 1434 2059 1488 ctbonur

2210 1453 2262 1485 τε
2308 1440 2398 1484 καὶ
2467 1431 2691 1504 δίκαιον,
2741 1441 2829 1486 καὶ
2855 1436 2955 1486 ὅσα
2995 1435 3124 1487 σῦλα
3154 1444 3372 1488 τοιαῦτα
3392 1438 3640 1509 μαθόντες
3671 1438 3803 1507 (15),

456 1527 513 1580 et
526 1524 545 1593 j
558 1528 758 1576 ustum
774 1520 1073 1593 etreliqua
1089 1522 1203 1578 alia
1222 1524 1493 1593 ejusdem
1507 1526 1741 1595 generis
1761 1523 2060 1578 didicimu:

2215 1520 2781 1597 ἐνεργειῶιριαφορας
2823 1520 3222 1597 ἐὲιόάχθημεψ
3276 1533 3366 1577 τοῦ
3396 1523 3454 1577 δε
3485 1524 3809 1600 ἐνεργοῦντος

455 1611 879 1684 operationum
904 1610 1097 1666 edocti
1130 1628 1341 1666 sumus
1359 1613 1753 1668 diﬂerentiam
1787 1630 1798 1667 :
1838 1612 1941 1667 sed
1968 1629 2059 1684 opt

2214 1617 2305 1669 τὴν
2338 1616 2490 1684 φύσιν
2532 1610 2681 1665 οὐδὲν
2735 1613 2923 1685 μᾶλλον
2991 1610 3083 1665 διὰ
3121 1623 3215 1676 τῆς
3269 1623 3369 1665 τῶν
3420 1614 3678 1689 ἐνεργειῶν
3708 1636 3810 1667 κα-

455 1701 643 1757 rantis
695 1706 975 1755 naturam
1026 1700 1208 1756 nihilo
1238 1702 1433 1770 magis
1463 1717 1534 1756 ex
1562 1702 1979 1773 operationum
2006 1717 2059 1755 nt

2216 1707 2510 1763 τανοὴσεως
2560 1702 2835 1773 ἐπιγνῶναι
2886 1699 3171 1775 δυνάμεθα.
3226 1703 3385 1755 Ὀταν
3460 1709 3561 1779 γὰρ
3616 1702 3812 1757 ἀποδι-

458 1792 622 1848 tione
661 1806 1026 1860 cognoscere
1056 1806 1403 1861 possumus.
1463 1792 1517 1847 Si
1550 1792 1680 1861 quis
1712 1792 1871 1846 enim
1898 1789 2058 1845 deﬁn

2220 1788 2297 1859 δῷ
2352 1812 2432 1851 τις
2487 1792 2636 1862 λόγον
2674 1792 2893 1844 ἑκάστου
2951 1812 3004 1844 τε
3062 1796 3254 1844 τούτων
3299 1804 3399 1845 τῶν
3441 1794 3699 1866 ὀνομάτων
3721 1802 3812 1847 καὶ

459 1881 684 1936 tionem
721 1879 935 1935 reddat
989 1880 1462 1951 uniuscujusque
1506 1880 1740 1934 illorum
1769 1879 2063 1934 nominun

2221 1880 2383 1940 αὐτῆς
2423 1889 2515 1941 τῆς
2569 1884 2768 1951 φύσεως
2794 1887 2911 1955 περὶ
2951 1880 3008 1939 ἢν
3060 1885 3127 1933 τὰ
3170 1883 3418 1954 ὀνόματα,
3448 1884 3505 1934 οὐ
3532 1887 3616 1934 τὸν
3657 1884 3812 1935 αὐτὸν

460 1974 513 2027 et
538 1970 729 2042 ipsius
778 1973 1030 2037 naturae,
1073 1970 1229 2025 circa
1291 1986 1479 2041 quam
1510 1970 1778 2037 nomina,
1807 1985 1928 2025 non
1950 1984 2064 2023 ean

2223 1969 2520 2042 ἀμφοτέρων
2569 1966 2836 2021 ἀποδώσει
2902 1970 3068 2040 λόγον.
3118 1972 3211 2022 Ὧν
3262 1968 3320 2023 δὲ
3364 1974 3389 2022 ό
3436 1971 3584 2042 λόγος
3624 1974 3812 2047 ἕτερος¹

460 2058 599 2115 dem
652 2063 1046 2131 utrorumque
1098 2058 1308 2114 reddet
1365 2059 1798 2113 deﬁnitionem.
1844 2060 2064 2124 Quorui

2222 2062 2413 2110 τούτων
2454 2063 2542 2109 καὶ
2600 2060 2628 2115 ἡ
2692 2060 2843 2128 φύσις
2892 2054 3159 2133 διάφορος.
3207 2060 3412 2111 Οὐκοῦν
3449 2060 3568 2112 ἄλλο
3614 2066 3705 2132 μέν
3760 2066 3814 2113 τί

459 2154 661 2207 autem
691 2148 958 2204 deﬁnitio
988 2148 1127 2215 alia,
1158 2148 1376 2202 horum
1416 2148 1596 2203 etiam
1617 2152 1833 2203 natura
1854 2148 2063 2202 divers;

2223 2146 2361 2198 ἐστιν
2394 2148 2421 2203 ὴ
2450 2147 2625 2213 ουσία,
2668 2148 2725 2206 ἧς
2756 2150 2899 2198 οὔπω
2923 2146 3071 2218 λόγος
3102 2150 3212 2217 (16)
3251 2154 3484 2220 μηνυτὴς
3537 2148 3772 2224 ἐξευρέθη
3803 2171 3819 2186 ο

459 2239 642 2308 Igitur
667 2236 831 2291 aliud
876 2237 1126 2308 quidem
1177 2240 1265 2291 est
1286 2237 1565 2305 essentia,
1599 2236 1677 2292 ad
1707 2252 1893 2309 quam
1924 2252 2063 2308 expr

2225 2236 2369 2308 ἑτέρα
2420 2232 2478 2287 δε
2536 2245 2635 2286 τῶν
2686 2241 2803 2309 περὶ
2843 2236 3005 2294 αὐτὴν
3064 2236 3325 2309 ὀνομάτων
3375 2240 3404 2297 ἡ
3466 2245 3727 2310 σηριασία⁹
3764 2240 3818 2302 ἐξ

458 2325 749 2383 mendam
775 2325 1051 2379 nondum
1099 2339 1219 2379 vox
1249 2323 1370 2379 ulla
1394 2324 1638 2379 inventa
1669 2330 1759 2379 est
1784 2344 1794 2379 :
1833 2325 1950 2380 alia
1975 2341 2062 2379 vei

2224 2324 2480 2397 ἐνεργείας
2539 2328 2677 2384 τινὸς
2730 2326 2758 2382 ἦ
2805 2323 2945 2387 ἀξίας
3011 2326 3418 2398 ὀνομαζομένων.
3465 2332 3533 2379 T6
3587 2331 3677 2399 μὲν
3727 2324 3818 2379 οὖν

457 2412 781 2470 nominum
828 2412 1020 2483 ipsius
1073 2410 1450 2480 signiﬁcatio,
1504 2428 1639 2483 quae
1671 2428 1743 2467 ex
1769 2412 2061 2484 operatior

2225 2414 2271 2466 ἐν
2312 2423 2427 2474 ταῖς
2476 2410 3073 2487 ἐνεργείαιςμηὸεμίαν
3127 2411 3254 2467 εἶναι
3308 2412 3561 2489 διαφορὰν
3618 2415 3671 2468 ἐκ
3727 2426 3820 2477 τῆς

458 2501 665 2574 aliqua
718 2506 821 2557 aut
867 2500 1155 2572 dignitate
1212 2502 1623 2573 imponuntur.
1659 2506 1862 2574 Itaque
1892 2502 2058 2557 nullu

2222 2512 2322 2555 τῶν
2378 2503 2639 2576 ὀνομάτων
2697 2509 2970 2565 κοινωνίας
3036 2506 3377 2578 εὑρίσκομεν·
3440 2514 3529 2565 τῆς
3586 2502 3644 2558 δὲ
3683 2511 3824 2559 κατὰ

460 2606 593 2649 esse
624 2592 684 2646 in
699 2589 1155 2662 operationibus
1178 2589 1503 2645 discrimen
1522 2606 1595 2646 ex
1617 2592 1933 2646 nominum
1955 2607 2064 2646 con

2223 2598 2316 2651 τὴν
2401 2596 2554 2665 φύσιν
2631 2592 2963 2665 παραλλαγῆς
3037 2591 3282 2666 οὐδεμίαν
3360 2594 3822 2668 καταλαμϐάνομεν

458 2680 748 2739 munione
805 2679 1213 2751 comperimus
1250 2697 1262 2734 ε
1299 2683 1360 2735 at
1436 2685 1664 2735 naturis
1709 2680 2062 2736 diversitate]

2225 2682 2412 2756 ἐναργῆ
2474 2686 2567 2739 τὴν
2620 2678 2887 2744 ἀπόδειξιν
2910 2698 2922 2712 ·
2978 2684 3146 2742 καθὼς
3185 2686 3406 2757 εἴρηται,
3439 2691 3530 2744 τῆς
3563 2691 3661 2734 τῶν
3692 2684 3828 2757 ἐνερ-

456 2768 625 2828 nullo
644 2773 1005 2837 argumento
1019 2766 1178 2824 claro
1210 2767 1721 2840 deprehendimus
1747 2786 1759 2823 :
1794 2768 2060 2841 siquiden

2222 2780 2373 2843 γειῶν
2426 2777 2739 2831 ταυτότητος
2803 2775 2859 2823 τὸ
2912 2774 3080 2823 κοινόν
3138 2780 3230 2834 τῆς
3290 2775 3487 2844 φύσεως
3516 2774 3826 2845 ὑποσημαι-

460 2865 525 2917 ut
555 2859 783 2915 dictum
806 2862 914 2925 est,
938 2858 1359 2929 operationum
1390 2858 1674 2914 identitas
1696 2864 1925 2914 naturas
1956 2875 2064 2914 con

2223 2864 2417 2920 νούσης
2471 2863 2607 2926 H7).
2688 2863 2803 2913 Εἴτε
2853 2856 2939 2912 οὖν
3015 2860 3261 2936 ἐνεργείας
3315 2866 3479 2933 ὄνομα
3533 2864 3562 2919 ἡ
3618 2864 3825 2930 θεοτης,

461 2948 815 3007 munionem
843 2946 1161 3016 signiﬁcat.
1188 2948 1315 3003 Sive
1359 2947 1537 3017 igitur
1556 2964 1767 3003 nomen
1798 2954 1885 3004 est
1909 2965 2065 3021 oper;

2226 2953 2295 3011 ὡς
2343 2955 2464 3022 μίαν
2521 2949 2773 3025 ἐνέργειαν
2824 2954 3022 3024 Πατρός
3070 2956 3160 3003 καὶ
3217 2953 3340 3004 Υἱοῦ
3366 2956 3456 3003 καὶ
3484 2950 3633 3021 ἁγίου
3667 2956 3830 3004 [Iani-

462 3039 641 3096 tionis
674 3036 987 3102 divinitas;
1020 3042 1085 3092 ut
1113 3052 1298 3094 unam
1320 3036 1506 3092 Patris
1528 3041 1582 3092 et
1614 3036 1735 3092 Filii
1767 3043 1821 3093 et
1864 3038 2066 3110 Spiritt

2226 3059 2406 3113 ματος,
2462 3039 2597 3091 οὕτω
2639 3044 2761 3111 μίαν
2816 3042 2977 3112 φαμεν
3031 3038 3157 3092 εἶναι
3242 3044 3335 3099 τὴν
3386 3042 3605 3097 θεότητα
3665 3044 3826 3112 (l8)-

465 3128 655 3185 sancti
698 3126 1134 3199 operationem,
1190 3127 1273 3182 ita
1321 3126 1691 3182 divinitatem
1749 3143 1934 3183 unam
1982 3143 2069 3182 ess

2229 3133 2345 3199 εἴτε,
2401 3131 2537 3179 κατὰ
2591 3132 2683 3190 τὰς
2755 3137 2852 3180 τῶν
2906 3129 3101 3181 πολλῶν
3161 3126 3340 3198 δόξας,
3415 3133 3613 3200 φύσεως
3666 3126 3833 3183 ἐνδει-

465 3218 719 3275 dicimus
750 3233 763 3272 :
794 3217 917 3273 sive
947 3217 1273 3273 divinitatis
1320 3232 1564 3287 nomen,
1621 3233 1755 3288 quas
1788 3223 1875 3273 est
1901 3217 2069 3273 multt

2230 3223 2405 3270 κτικόν
2454 3216 2564 3269 ἐστι
2619 3222 2675 3269 τό
2750 3226 2845 3279 τῆς
2923 3220 3161 3280 θεότητος
3210 3223 3372 3289 ὄνομα
3404 3235 3417 3248 ⁶
3480 3216 3574 3271 διὰ
3622 3223 3677 3271 τὸ
3727 3239 3834 3290 μηο

465 3322 603 3364 rum
624 3306 851 3377 opinio,
884 3310 1166 3361 naturam
1194 3306 1459 3373 indicat;
1509 3306 1655 3378 quia
1708 3306 1874 3363 nulla
1900 3306 2069 3362 inven

2234 3304 2417 3379 ὃιμίαν
2507 3308 2764 3379 εὑρίσκειν
2855 3306 2902 3357 ἐν
2980 3316 3041 3379 τῇ
3118 3310 3267 3379 φύσει
3318 3306 3677 3379 παραλλαγὴν,
3734 3308 3834 3359 οὐκ

470 3400 565 3452 tur
590 3394 655 3452 in
684 3398 904 3451 natura
930 3394 1265 3465 diversitas,
1326 3411 1451 3451 non
1488 3395 1788 3451 immerito
1819 3396 1998 3451 unius
2040 3396 2074 3453 d

2234 3395 2519 3456 ἀπεικότως
2575 3402 2695 3467 μιᾶς
2749 3396 2983 3455 Θεότητος
3038 3400 3132 3453 τὴν
3195 3395 3347 3467 ἁγίαν
3393 3393 3600 3469 Τριάδα
3664 3392 3838 3471 διορι-

469 3483 730 3541 vinitatis
758 3498 889 3539 esse
916 3488 1194 3541 sanctam
1221 3484 1565 3542 Trinitatem
1590 3484 1933 3541 deﬁnimus.
2236 3485 2452 3557 ζόμεθα.

546 3610 595 3645 ⁵⁸
632 3607 819 3665 Exod.
844 3623 946 3678 vn,
979 3609 1034 3664 1.

551 3734 1217 3810 (ίᾼᾷλχειροτονητὴρῐῐο
1272 3749 1421 3790 mss.
1501 3738 1750 3807 septem.
1828 3735 2127 3810 Editiones

2239 3734 2336 3810 ξεν,
2371 3736 2560 3810 εἶ’-ποτε
2580 3730 2870 3810 καιρὸς-ᾖν,
2917 3737 3005 3810 κερ.
3039 3730 3151 3810 ἰδίᾳ
3180 3741 3290 3810 τοῖς
3337 3732 3537 3807 ἔρωῶσι
3557 3736 3839 3810 προθύμως

481 3806 692 3887 Basilii
730 3804 1011 3887 et'“Gre_g.
1065 3808 1240 3887 Nyss.
1289 3804 1610 3881 χειροτονίοὶ,
1656 3812 1903 3887 excepta
1936 3809 2085 3887 Haga

2240 3804 2624 3887 ἀνωμολόγέσε..
2764 3805 2916 3861 libro
2958 3807 3055 3887 De“
3077 3804 3311 3885 spiritu
3358 3804 3842 3887 'sancto.'.pr‘obat

482 3878 695 3936 noensi
725 3882 783 3933 et
809 3877 1127 3933 Basileensi
1156 3877 1390 3957 prima,"
1412 3895 1547 4003 quia
1575 3877 1957 3933 consentiunt
1992 3896 2129 3933 cum
2240 3893 2373 3947 cap.
2403 3881 2490 3943 21,
2519 3877 2800 3956 Spiritum
2846 3892 2973 3931 esse
3021 3877 3340 3931 Dominum
3371 3877 3652 3956 exvariis
3675 3879 3841 3956 Scri-

486 3950 794 4003 codicibus
821 3966 963 4003 mss.
993 3948 1269 4003 Similiter
1300 3950 1430 4003 Basi
1460 3950 1550 4003 ius
1582 3949 1642 4002 in
1674 3950 1844 4003 enist.
1880 3952 1930 4003 8.
1960 3966 2128 4003 num.
2242 3948 2829 4003 nturaatestimoniis:
2850 3950 3030 4002 Deum
3052 3948 3233 4002 etiam
3263 3964 3461 4001 vocari
3493 3964 3549 4002 in
3575 3950 3839 4003 δοτιυῐιι-

486 3950 794 4006 codicibus
821 3966 963 4005 mss.
993 3947 1269 4004 Similiter
1300 3947 1550 4003 Basilius
1582 3949 1642 4020 in
1674 3950 1844 4019 epist.
1880 3952 1930 4017 8,
1960 3966 2128 4004 num.
2242 3953 2429 4020 pturaa
2445 3947 2829 4020 testimoniis;
2850 3948 3233 4020 Deum‘etiam
3263 3948 3461 4001 vocari
3493 3947 3549 4002 in
3575 3950 3839 4019 Scriptu-

491 4026 575 4081 11,
601 4020 979 4091 demonstrat
1006 4020 1303 4091 immerito
1350 4020 1458 4091 Dei
1512 4015 1746 4075 titulum
1780 4015 2095 4075 Pneumatc

2241 4015 2321 4074 i‘is
2353 4020 2435 4072 sic
2454 4018 2675 4091 ibidem
2696 4019 2895 4091 docet;
2921 4024 2983 4070 Τί
3012 4015 3090 4083 δὲ,
3111 4021 3135 4070 ό
3160 4021 3494 4091 θεόπνευστον
3508 4024 3593 4077 τὴν
3626 4015 3839 4091 Γραφὴν

488 4090 741 4163 machos
783 4090 1011 4145 deferre
1059 4090 1215 4163 nolle
1262 4090 1499 4161 Spiritui
1548 4096 1786 4155 sancto;
1836 4092 2092 4163 siquidei

2245 4091 2528 4161 ὀνομάζων,
2586 4086 2679 4141 διὰ
2733 4099 2823 4149 τῆς
2870 4088 3135 4152 ἐπιπνοίας
3190 4098 3278 4141 τοῦ
3334 4090 3486 4160 ἁγίου
3541 4086 3843 4163 Πνεῦματος

493 4108 741 4170 macnos
783 4108 1011 4145 ueierre
1059 4108 1215 4169 noue
1262 4108 1499 4161 Spiritui
1548 4108 1786 4155 sancto;
1836 4108 2097 4216 snguiner

493 4165 594 4235 Dei
624 4175 941 4235 nomenex
959 4166 1325 4230 operatione.
1347 4178 1567 4235 nempe
1582 4177 1734 4235 exeo
1764 4178 1877 4235 quo
1928 4180 2097 4230 posm

2245 4108 2528 4161 ονομαςων,
2586 4108 2679 4141 οια
2733 4109 2823 4149 της
2870 4109 3135 4152 επιπνοιας
3190 4110 3278 4141 του
3334 4110 3486 4160 αγιου
3541 4108 3844 4163 ιινευματος

2247 4169 2653 4235 σιαγγραφείσαν,
2699 4166 2780 4235 μὴ
2820 4168 2928 4222 τοῖς
2979 4169 3069 4213 τοῦ
3109 4160 3844 4235 καθυϐρίζοντος-καὶῗκατα-

493 4232 574 4289 rit
595 4233 816 4306 omnia,
850 4234 942 4306 vel
961 4236 1184 4306 spectet
1206 4233 1433 4306 omnia,
1457 4232 2008 4306 deducitur.Siquis
2031 4251 2097 4289 au

2248 4232 2616 4306 σμικρύνοντος
2650 4232 3149 4306 αῇτὸνπροσρὴμασι
3179 4232 3468 4306 κέχρηται;
3507 4233 3681 4300 Quid,
3735 4236 3846 4305 qui

492 4309 612 4361 tem
631 4303 787 4358 hanc
812 4303 1146 4373 epistolam,
1174 4302 1595 4374 iuquadiserte
1625 4305 1871 4374 Spiritus
1891 4302 2138 4359 sanctus
2246 4302 2621 4372 Scripturam
2668 4302 2957 4358 divinitus
3004 4302 3364 4371 inspiratam
3431 4306 3723 4373 appellat,
3745 4302 3845 4361 _eo

496 4374 833 4447 appellatur
865 4374 1277 4447 Deus,i(lcir_co
1298 4376 1879 4447 GregorioNysseno
1905 4376 2137 4445 adjudi-
2247 4379 2403 4447 qua/
2431 4377 2653 4443 afﬂatu
2678 4376 2937 4442 Spiritus
2967 4378 3194 4443 scripta
3224 4378 3317 4443 sit,
3363 4391 3506 4429 num
3536 4382 3846 4433 contume—

496 4445 592 4502 cét
615 4448 815 4517 potius
838 4463 1022 4518 quam
1059 4445 1290 4513 Basilio,
1317 4449 1459 4516 quia
1480 4445 1723 4500 Itasilius
1752 4448 1846 4500 Dei
1878 4447 2138 4517 appella-
2176 4500 2214 4518 η
2251 4445 2409 4503 liosz's
2441 4454 2493 4501 et
2520 4447 3277 4514 Spiritumaltenuantibus
3311 4447 3500 4502 verbis
3533 4449 3771 4503 utitur?

497 4500 677 4591 tionic,
709 4500 953 4572 cumlde
980 4518 1226 4591 Spiritu
1250 4500 1455 4571 saricto
1514 4518 1871 4591 loqueretur,
1902 4500 2101 4589 parciu

2452 4500 2782 4591 rTqulti’a‘oaa'i.
2818 4500 3160 4591 Legiturroa
3398 4500 3453 4571 itl
3750 4500 3847 4573 DO-

501 4588 759 4661 creditur
790 4606 933 4641 usus
970 4589 1186 4661 fuisse;
1214 4588 1527 4661 hieccerte
1556 4590 1703 4642 ratio
1730 4588 2032 4661 levissima
2061 4590 2139 4644 vi-
2250 4589 2505 4645 dicibus.
2542 4588 2753 4659 nempe
2778 4589 2952 4661 Cois].
2994 4588 3346 4643 secundo'et
3374 4605 3491 4641 uno
3522 4607 3590 4644 ex
3626 4592 3844 4661 Regiis.

499 4659 625 4714 deri
660 4659 856 4713 debet.
893 4660 1007 4713 Etsi
1039 4660 1197 4713 enim
1242 4659 1485 4713 Basilius
1533 4661 1590 4713 in
1627 4676 1744 4714 una
1775 4660 1976 4731 aliqua
2006 4678 2103 4715 ora

2100 4681 2140 4716 ι·
2322 4666 2434 4728 (15)
2476 4663 2759 4720 Μαθοντες.
2790 4659 2984 4714 Codex
3007 4660 3315 4715 Mediczeus
3345 4662 3704 4731 μανθάνοντες.

498 4730 679 4802 tione,
704 4747 921 4802 nempe
949 4746 1107 4785 anno
1138 4735 1411 4792 37!.cum
1436 4732 1717 4786 adessent
1750 4730 2019 4787 malevoli
2042 4749 2141 4786 ex-
2324 4734 2430 4799 (16)
2472 4736 2662 4802 Λόγος.
2702 4734 2871 4786 Deest
2907 4747 2980 4787 ea
3018 4747 3134 4786 vox
3163 4734 3223 4786 in
3255 4730 3376 4786 uno
3409 4747 3481 4786 ex
3521 4734 3715 4801 Regiis
3754 4749 3857 4789 co-

499 4800 867 4873 ploratores,‘
926 4802 1038 4873 hac
1070 4817 1213 4856 voce
1246 4803 1484 4871 magnis
1511 4802 1584 4857 de
1611 4804 1809 4857 causis
1834 4804 2138 4870 abstinuit,
2251 4803 2508 4859 dicibus.

501 4872 635 4945 non,
671 4872 893 4945 idcirco
950 4872 1079 4928 aliis
1138 4873 1507 4944 temporibus
1534 4875 1754 4945 pariter
1785 4874 2105 4929 abstinuiss

2324 4874 2976 4945 (17)’Υποσημαινούσης.
3062 4872 3260 4929 Codex
3348 4872 3678 4929 Mtedicaaus
3742 4874 3860 4927 ἔπι-

502 4944 839 5017 credendus
865 4948 974 4999 est.
1028 4947 1177 4999 Nam
1230 4961 1409 5016 saepe,
1466 4944 1801 5000 ut’testatur
1828 4946 2106 5014 Gregoriu

1030 4947 1177 4999 Nam
1230 4961 1409 5016 saepe,
1466 4944 1801 5000 ut’testatur
1828 4946 2142 5014 Gregorius
2255 4944 2634 5017 σημαινούσης.

501 5016 901 5072 Nazianzenus
947 5020 1096 5071 orat.
1130 5018 1219 5079 20,
1247 5015 1386 5087 pag.
1412 5020 1533 5085 365,
1593 5019 1777 5070 Deum
1812 5018 2089 5087 Spiritum

2325 5015 2443 5083 (18)
2481 5022 2583 5073 Τὴν
2642 5018 2879 5072 ϐιότητα.
2933 5015 3163 5084 Legitur
3219 5020 3307 5067 καὶ
3358 5021 3450 5073 τὴν
3512 5017 3732 5073 θεότητα
3797 5018 3861 5073 in

502 5086 809 5159 superiore
839 5086 971 5159 loco
995 5086 1507 5159 priedicabat,ubi
1536 5104 1640 5159 per
1660 5086 2141 5159 tempiisliccbat,
2255 5087 2441 5159 tribus
2496 5088 2802 5141 codicxbus
2848 5102 2968 5159 non
3018 5087 3473 5159 antiquissimis.
3529 5089 3619 5143 Sic
3670 5088 3862 5144 etiam

500 5162 557 5230 et
581 5157 867 5229 privatim
902 5158 1409 5230 interrogantibus
1438 5157 1689 5230 libenter
1710 5158 2139 5214 conﬁtebatur:
2253 5158 2434 5230 paulo
2484 5166 2621 5230 post
2664 5160 2722 5212 in
2778 5158 2956 5226 Regio
2993 5158 3271 5230 secundo
3316 5163 3371 5212 et
3403 5173 3522 5213 uno
3557 5174 3624 5213 ex
3654 5160 3863 5229 Regiis

497 5226 638 5301 ’βπεὶ
694 5230 773 5283 ὅτι
824 5248 885 5301 γε
938 5226 1151 5301 παντός’
1182 5229 1369 5301 μᾶλλον
1442 5226 1560 5301 ᾔδει
1616 5233 1674 5280 τό
1728 5235 1934 5301 Πνεῦμα
1966 5234 2140 5301 γΘεὸν,
2253 5226 2351 5282 εἴτε
2389 5226 2650 5282 καίκατὰ
2679 5232 2771 5289 τὰς
2798 5238 2895 5280 τῶν
2924 5227 3141 5283 πολλῶν.

502 5297 659 5360 δῆλον
714 5302 803 5373 μὶν
832 5296 913 5364 ’ἕξ
959 5300 1027 5353 ὧν
1066 5305 1154 5354 καὶ
1182 5296 1457 5373 ’δημοσία
1483 5308 1634 5352 τοῦτο
1677 5296 1918 5365 πολλάκις
1955 5300 2143 5373 ἐκήρυ‹
