4092 6210
246 320 341 375 697
1261 317 1750 377 EPISTOLABUM
1789 318 2075 379 CLASSIS
2108 323 2174 379 II.
2215 325 2429 383 EPIST.
2468 328 2614 384 CXC.

800 447 1139 498 ΕΠΙΣΤΟΛΗ
1197 428 1301 504 Ριί.

3487 324 3589 381 698

2413 452 2586 522 232
2621 452 2955 508 EPISTULA
2994 452 3164 508 cxc'.

238 540 733 615 Amphilochium
759 540 1031 598 admonet
1069 545 1332 600 Basilius
1360 544 1432 599 de
1459 545 1695 599 ratione
1722 548 1778 599 et
1806 544 1980 598 modo
2012 546 2388 615 episcopatus
2415 551 2479 605 in
2515 552 2787 605 Ecclesia
2824 548 3171 603 Isaurorum
3200 546 3579 603 restituendi.

318 614 727 689 Tum_nar_rat
754 628 972 689 secum
994 616 1645 689 iGeorgioigolloculum
1665 630 1795 689 esse
1814 620 1874 689 et
1899 615 1979 670 ad
2022 614 2324 674 Valerium
2349 623 2673 689 scripsisse.
2698 628 2763 675 ut
2786 620 3245 687 Amphilochius
3270 619 3590 674 mandave-

309 690 429 757 rat.
462 685 727 739 Breviter
753 687 931 741 etiam
962 688 1035 741 de
1060 686 1231 741 rebus
1250 686 1535 757 Nyssenis
1565 693 1618 741 el
1636 687 1708 741 de
1732 687 2111 742 inimicm-um
2143 685 2570 747 molitionious.
2592 694 2857 747 Philonis
2871 685 2942 746 de
2970 708 3195 746 manna
3212 694 3585 755 sententiam,

309 761 363 811 et
394 756 727 823 Ξσγνιριιινω
751 757 823 811 de
843 759 1120 813 curribus
1140 758 1475 814 Pharaonis
1507 760 1903 814 testimonium
1948 762 2191 827 exponit
2218 779 2229 815 :
2254 772 2305 818 et
2335 770 2606 832 acceptas
2640 779 2676 820 α
2704 763 2947 833 Sympio
2983 762 3409 818 communionis
3437 762 3588 816 litte-

312 842 415 883 ras
446 834 885 885 commanorat.

392 927 421 947 ε’
601 916 928 988 Ἀμφιλοχίῳ
956 916 1220 990 ἐπισκὸπῳ
1244 917 1482 972 Ἰκονίου.

316 1031 364 1080 l.
407 1025 589 1087 Ἀξίως
646 1033 737 1086 τῆς
797 1035 1013 1079 σεαυτοῦ
1042 1027 1156 1097 (19)
1186 1028 1452 1101 ἐμμελείας
1517 1030 1608 1078 καὶ
1678 1044 1837 1077 σπου-

235 1111 355 1179 δῆς,
392 1115 453 1175 ἧς
488 1114 564 1166 ἀεὶ
611 1112 873 1175 ἐπαινέτης
928 1115 1031 1187 εἰμὶ
1089 1114 1205 1187 ἐγὼ,
1235 1114 1582 1190 ἐμερίμνησας
1606 1117 1671 1165 τὰ
1722 1119 1837 1187 περὶ

231 1213 325 1263 τῆς
360 1202 676 1262 Ἐκκλησίας
706 1203 955 1277 Ἰσαῦρων
988 1208 1119 1271 (20).
1157 1204 1276 1256 ’Ὸτι
1315 1209 1404 1276 μὲν
1435 1201 1522 1256 οὖν
1564 1212 1636 1273 τῷ
1686 1207 1836 1254 παντὶ

229 1292 655 1365 λυσιτελέστερον
706 1288 765 1349 ἦν
816 1292 886 1353 εἰς
980 1292 1218 1353 πλείονας
1291 1292 1610 1353 ἐπισκόπους
1674 1312 1835 1343 κατα-

228 1374 570 1451 διαιρεθῆναι
599 1384 689 1438 τὴν
748 1384 1017 1454 μέριμναν⁹
1052 1382 1264 1433 αὐτόθεν
1327 1380 1456 1433 εἶναι
1515 1378 1671 1439 δῆλον
1745 1385 1835 1431 καί

222 1475 297 1537 τῷ
328 1473 551 1539 τυχόντι
595 1470 811 1541 νομίζω⁸
845 1467 967 1522 οὐδὲ
1005 1472 1103 1543 γὰρ
1144 1475 1236 1528 τὴν
1292 1476 1389 1528 σὴν
1422 1473 1627 1522 σύνεσιν
1682 1477 1832 1521 τοῦτο

220 1556 404 1609 ἔλαθεν
435 1601 449 1626 ,
512 1555 617 1609 ἀλλ’
669 1561 736 1621 ὡς
785 1562 898 1630 ἔχει
950 1564 1039 1611 καὶ
1092 1559 1403 1632 ἐπεσημήνω
1453 1559 1622 1620 καλῶς
1654 1604 1669 1629 ,
1740 1564 1831 1610 καὶ

223 1649 517 1719 ὲγνῶρισας
575 1649 718 1720 ἡμῖν·
771 1647 877 1701 ἐπεὶ
953 1645 1011 1700 δε
1079 1654 1187 1716 (21)
1251 1649 1344 1700 οὐκ
1410 1648 1613 1701 εὔκολον
1669 1650 1832 1722 εὑρεῖν

222 1733 431 1811 ἄνδρας
466 1735 654 1809 ἀξίους,
700 1742 877 1810 μήπου
919 1742 1033 1809 (22)
1074 1738 1166 1799 ἓως
1207 1737 1503 1811 βουλόμεθα
1539 1742 1596 1790 τὸ
1660 1736 1713 1788 ἐκ
1741 1746 1831 1789 τοῦ

220 1826 462 1886 πλήθους
511 1825 812 1889 ἀξιόπιστον
868 1832 1029 1900 ἔχειν,
1092 1833 1180 1880 καὶ
1238 1829 1337 1881 ὑπὸ
1392 1826 1629 1880 πλειόνων
1689 1825 1834 1901 ἀκρι-

225 1915 477 1988 ϐέστερον
507 1926 669 1969 ποιεῖν
714 1920 801 1975 τὴν
827 1918 1137 1976 Ἐκκλησίαν
1202 1926 1294 1971 τοῦ
1352 1925 1489 1971 Θεοῦ
1548 1918 1832 1989 οἰκονομεῖ-

227 2009 383 2067 σθαι,
415 2006 647 2079 λάθωμεν
704 2004 797 2059 διὰ
847 2012 904 2059 τὸ
955 2017 1054 2059 τῶν
1110 2007 1432 2081 καλουμένων
1473 2004 1726 2079 ἀδόκιμον
1762 2007 1832 2068 εἰς

227 2096 490 2148 εὐτέλειαν
543 2100 627 2147 τὸν
684 2094 835 2167 λόγον
886 2095 1279 2163 καταϐαλόντες,
1314 2093 1629 2170 ἀδιαφορίας
1694 2096 1833 2168 μελέ-

223 2206 327 2244 την
396 2194 506 2248 τοῖς
557 2186 695 2247 λαοῖς
750 2184 1015 2259 ἐμποιείνς
1052 2183 1215 2248 Οἶδας
1251 2189 1352 2259 γὰρ
1393 2193 1481 2239 καὶ
1547 2187 1720 2253 αὐτὸς,
1756 2186 1833 2238 ὃτι

1873 921 1920 972 Α

2284 923 2722 993 Amphilochio,
2745 924 3016 993 episcopo
3050 922 3250 977 Iconii.

2021 1026 2073 1084 1.
2114 1031 2289 1085 Prout
2341 1030 2594 1100 dignum
2648 1034 2774 1087 erat
2817 1035 2919 1086 tua
2975 1027 3375 1085 concinnitate
3408 1042 3476 1082 ac
3506 1026 3591 1081 di-

1944 1113 2208 1185 ligentia,
2243 1120 2415 1190 cujus
2465 1136 2702 1192 semper
2750 1136 2860 1189 ego
2914 1118 3211 1184 laudator,
3244 1115 3467 1172 curasti
3494 1130 3591 1169 res

1946 1204 2218 1262 Ecclesiae
2251 1211 2611 1265 Isaurorum.
2648 1210 2797 1264 Illud
2833 1214 3036 1264 autem
3068 1205 3361 1261 universis
3394 1203 3594 1259 utilius

1946 1309 2093 1361 esse,
2122 1302 2185 1351 ut
2216 1298 2275 1352 in
2304 1299 2506 1369 plures
2537 1300 2855 1371 episcopos
2885 1297 3187 1353 dividatur
3231 1293 3590 1355 sollicitudo,

1944 1400 2053 1438 sua
2086 1392 2298 1456 sponte
2335 1387 2722 1443 manifestum
2766 1389 2980 1458 cuique
3008 1402 3140 1440 esse
3184 1384 3461 1440 arbitror.
3493 1386 3595 1437 Ne-

1943 1488 2061 1543 que
2092 1474 2252 1529 enim
2304 1480 2467 1530 tuam
2500 1477 2615 1531 hoc
2646 1475 3031 1548 prudentiam
3083 1472 3227 1528 latet
3255 1490 3267 1526 :
3304 1471 3412 1526 sed
3446 1486 3593 1541 quo-

1942 1562 2125 1617 modo
2166 1580 2256 1618 res
2288 1581 2349 1619 se
2380 1565 2603 1620 habeat
2654 1570 2710 1620 et
2750 1569 2903 1620 recte
2949 1561 3308 1627 observasti,
3333 1566 3389 1616 et
3414 1558 3592 1615 nobis

1941 1651 2313 1720 signiﬁcasti.
2351 1654 2462 1709 Sed
2515 1654 2660 1726 quia
2711 1670 2833 1709 non
2879 1653 3049 1709 facile
3088 1657 3174 1707 est
3200 1649 3456 1724 reperire
3487 1647 3593 1720 qui

1942 1740 2106 1810 digni
2132 1743 2270 1809 sint,
2304 1758 2509 1798 annon
2541 1743 2709 1805 forte,
2747 1743 2893 1798 dum
2925 1742 3204 1797 volumus
3270 1756 3342 1795 ex
3395 1737 3591 1793 multi-

1941 1830 2146 1886 tudine
2203 1833 2615 1888 auctoritatem
2663 1832 2905 1901 habere,
2940 1848 3009 1888 ac
3060 1831 3366 1904 perﬁcere,
3396 1834 3463 1885 ut
3491 1828 3591 1885 Dei

1942 1920 2199 1976 Ecclesia
2238 1937 2273 1976 a
2324 1922 2599 1993 pluribus
2646 1923 2982 1977 accuratius
3038 1921 3440 1991 gubernetur;
3484 1918 3594 1974 im-

1940 2010 2266 2080 prudentes
2320 2012 2656 2068 doctrinam
2705 2013 2784 2067 ob
2830 2012 3192 2084 eorum,qui
3246 2010 3437 2067 vocati
3462 2009 3592 2064 fue-

1942 2097 2098 2165 rint,
2154 2099 2574 2169 indignitatem
2635 2102 2696 2157 in
2759 2106 3159 2174 contemptum
3201 2101 3591 2169 adducentes,

1946 2187 2358 2246 indifferentia:
2385 2191 2643 2263 populos
2673 2192 3146 2247 assuefaciemus
3162 2194 3189 2246 ?
3212 2194 3361 2246 Nam
3384 2194 3440 2245 et
3464 2190 3592 2261 ipse

223 2279 408 2329 ὁποῖοι
444 2272 493 2327 δ’
543 2277 603 2327 ἄν
635 2275 762 2327 ὦσιν
802 2278 851 2327 οἱ
887 2286 1224 2346 προεττῶτες,
1278 2285 1497 2329 τοιαῦτα
1527 2278 1593 2337 ὡς
1659 2274 1741 2327 ἐπὶ
1773 2279 1830 2328 τὸ

1951 2279 2124 2348 nosti,
2156 2280 2365 2352 quales
2417 2280 2532 2336 sint
2582 2280 2683 2352 qui
2716 2286 3005 2351 prmsunt,
3036 2280 3181 2335 tales
3238 2278 3596 2351 plerumque

220 2366 364 2419 πολύ
420 2366 532 2437 (23)
597 2369 686 2416 καὶ
750 2369 815 2416 τὰ
880 2356 980 2423 ἡθὴ
1047 2374 1143 2417 τῶν
1220 2364 1522 2439 ἀρχομένων
1594 2366 1833 2436 γίνεσθαι

223 2457 429 2509 εἴωθεν.
460 2461 619 2506 Ὥστε
674 2456 821 2526 τάχα
869 2452 1071 2526 βέλτιον
1116 2455 1202 2507 ἕνα
1253 2458 1369 2507 τινὰ
1421 2452 1659 2528 δόκιμον,
1695 2457 1831 2529 εἰπερ

219 2551 323 2597 καὶ
380 2552 529 2596 τοῦτο
572 2540 779 2619 ῥᾴδιον,
822 2542 1176 2617 προϐαλέσθαι
1232 2554 1329 2605 τῆς
1365 2544 1556 2606 πόλεως
1594 2546 1832 2618 προστά-

222 2654 357 2703 την,
384 2639 469 2685 καὶ
520 2632 797 2706 ἐπιτρέψαι
823 2641 892 2703 τῷ
934 2634 1125 2685 ἐκείνου
1178 2629 1402 2704 κινδύνῳ
1450 2633 1834 2706 οἰκονομεῖσθαι

226 2728 301 2776 τὰ
346 2724 458 2775 καθ’
510 2724 748 2775 ἕκαστον·
819 2727 970 2794 μόνον
1010 2720 1155 2795 ἐδινῇ
1198 2743 1273 2783 τις
1313 2719 1496 2783 δοῦλος
1559 2731 1711 2794 Θεοῦ,
1746 2722 1833 2797 ἐρ-

224 2815 404 2883 γάτης
451 2811 889 2884 ἀνεπαίσχυντος,
920 2816 991 2884 μὴ
1062 2821 1269 2864 σκοπῶν
1321 2816 1379 2864 τὸ
1437 2812 1661 2883 ἑαυτοῦ,
1706 2811 1835 2864 ἀλλὰ

224 2906 289 2953 τὸ
348 2909 446 2951 τῶν
485 2900 701 2969 πολλῶν,
759 2902 841 2952 ἱνα
891 2903 1148 2953 σωθῶσιν·
1204 2903 1274 2969 ὃς,
1327 2900 1409 2953 ἐὰν
1474 2898 1590 2974 εἰδῇ
1654 2902 1834 2953 ἑαυτὸν

225 2995 541 3065 μικρότερον
600 2993 727 3062 πρὸς
776 2994 869 3047 τὴν
927 2987 1199 3065 φροντίδα,
1265 2991 1627 3063 προσλήψεται
1685 2990 1835 3065 ἔργα-

224 3098 327 3139 τας
380 3079 449 3139 εἰς
504 3083 590 3130 τὸν
660 3081 927 3151 θερισμόν.
987 3079 1106 3131 Ἐὰν
1153 3078 1241 3132 οὖν
1294 3082 1517 3156 εὕρωμεν
1582 3089 1835 3151 τοιοῦτον,

225 3167 472 3240 ὁμολογῶ
528 3167 723 3220 πολλῶν
781 3166 1016 3229 ἀντάξιον
1076 3165 1204 3220 εἶναι
1252 3173 1338 3222 τὸν
1396 3170 1499 3241 ἕνα,
1556 3175 1646 3222 καὶ
1720 3178 1836 3231 ταῖς

224 3257 575 3318 Ἐκκλησίαις
624 3257 1061 3330 λυσιτελέστερον,
1103 3264 1192 3310 καὶ
1257 3261 1382 3331 ἡμῖν
1441 3256 1500 3312 δὲ
1553 3257 1834 3313 ἀκινδυνό-

226 3366 404 3418 τερον,
463 3350 619 3407 οὕτως
684 3346 1029 3419 οἰκονομῆσαι
1086 3355 1182 3398 τῶν
1241 3347 1432 3419 ψυχῶν
1482 3354 1576 3406 τὴν
1652 3349 1832 3421 ἐπιμέ-

227 3436 405 3488 λειαν.
437 3434 552 3486 Ἐὰν
591 3431 649 3488 δε
687 3442 839 3487 τοῦτο
887 3440 958 3507 μὴ
1008 3432 1194 3510 ῥᾴδιον
1286 3440 1418 3506 (24),
1454 3433 1663 3496 σπουδὴ
1690 3443 1833 3509 γενέ-

240 3527 365 3577 σθω
404 3526 524 3595 ἡμῖν
570 3529 809 3599 πρότερον
866 3530 972 3591 (25)
1022 3533 1137 3588 ταῖς
1211 3526 1654 3600 μικροπολιτείαις
1720 3532 1834 3587 ἤτοι

236 3618 628 3688 μικροκωμίαις
705 3622 818 3677 ταῖς
874 3613 929 3667 ἐκ
980 3615 1204 3668 παλαιοῦ
1272 3615 1566 3669 ἐπισκόπων

234 3703 493 3777 ἐχούσαις
548 3700 729 3757 δοῦναι
794 3709 913 3766 τοὺς
978 3709 1408 3778 προεσταμένους’
1450 3712 1539 3759 καὶ
1595 3725 1709 3760 τοτε
1746 3711 1832 3759 τὸν

231 3802 336 3855 τῆς
374 3792 562 3856 πόλεως
620 3794 981 3867 ἀναστήσομεν
1014 3796 1146 3865 (26),
1169 3796 1369 3867 μήποτε
1409 3791 1657 3867 ἐμπόδιον
1708 3798 1832 3867 ἡμῖν

230 3886 366 3957 πρὸς
406 3888 496 3941 τὴν
545 3884 679 3956 μετὰ
738 3891 903 3937 ταῦτα
956 3883 1253 3956 οἰκονομίαν
1305 3884 1833 3957 γένηταιόπροϐαλ-

228 3973 448 4044 λομενος
504 3972 639 4043 (27),
682 3974 770 4023 καὶ
818 3972 962 4033 εὐθὺς
1016 3970 1290 4047 ἀρξώμεθα
1342 3974 1491 4044 ἡμεῖς
1546 3980 1648 4032 τοῖς
1701 3976 1835 4025 οἴκοι

228 4062 492 4135 πολεμεῖν,
523 4058 617 4114 δια
646 4063 705 4113 τὸ
743 4061 984 4113 πλειόνων
1044 4061 1326 4134 βούλεσθαι
1380 4064 1584 4135 ἄρχειν·
1618 4067 1707 4115 καὶ
1760 4067 1831 4135 μὴ

227 4149 603 4223 χαταδέχηται
654 4153 743 4211 τὰς
798 4155 1124 4223 χειροτονίας
1179 4159 1279 4202 τῶν
1347 4149 1663 4206 ἐπισκόπων.
1722 4152 1837 4205 Ἐὰν

312 4299 424 4363 (t9)
461 4300 568 4355 Τῆς
596 4300 836 4345 σεαυτοῦ.
872 4292 1060 4347 Editio
1103 4292 1373 4349 secunda
1400 4293 1749 4350 Parisiensis
1783 4299 1840 4351 et

229 4365 517 4422 nonnulli
547 4381 688 4419 mss.
724 4373 817 4425 τῆς
848 4363 1051 4418 ἑαυτοῦ.

313 4440 417 4503 (2ολ
463 4438 733 4508 Ἰσαύρων.
796 4438 912 4490 Hoc
955 4436 1261 4500 negotium
1306 4436 1421 4508 diu
1467 4440 1835 4508 protractum

229 4515 354 4573 est;
375 4524 516 4562 nam
550 4508 794 4561 Basilius
819 4521 979 4561 anno
999 4512 1097 4561 375
1121 4508 1178 4561 in
1209 4507 1483 4561 Pisidiam
1514 4507 1833 4578 profectus,

231 4580 802 4650 utepiscopos.cu_m
825 4578 1243 4649 Amphilochio
1258 4579 1372 4633 hac
1399 4578 1473 4633 de
1500 4594 1683 4633 causa
1701 4597 1837 4635 con-

231 4648 542 4719 gregatos,
574 4648 1268 4722 consilioiac’sententia
1288 4651 1673 4720 suajuvaret.
1710 4656 1834 4722 Ipse

228 4728 491 4777 testatur
516 4722 576 4774 in
623 4721 795 4789 epist.
826 4721 948 4783 216,
984 4722 1220 4776 venisse
1252 4738 1313 4777 se
1346 4723 1402 4777 in
1451 4721 1747 4789 Pisidiam,
1773 4729 1836 4778 ut

230 4808 381 4849 cum
410 4794 707 4863 episcopis
753 4790 907 4864 illius
952 4792 1275 4864 provinciae
1328 4810 1401 4849 ea
1430 4792 1829 4863 constitueret,

229 4879 373 4951 gare
395 4864 474 4950 ad
490 4864 721 4951 [rati-est
739 4863 989 4951 Isauria;
1004 4867 1368 4951 spectan‘ma
1397 4869 1531 4951 κατὰ
1560 4868 1677 4924 τοὺς
1694 4864 1742 4916 ἐν
1768 4873 1829 4951 τῇ

1943 2375 2000 2426 et
2030 2385 2237 2424 eorum
2277 2369 2380 2441 qui
2432 2376 2644 2441 parent
2692 2385 2890 2426 mores
2948 2384 3079 2424 esse
3137 2368 3348 2424 solere.
3381 2369 3601 2433 Quam-

1942 2459 2149 2515 obrem
2184 2458 2331 2514 forte
2360 2459 2547 2513 satius
2574 2464 2728 2514 esset
2758 2474 2948 2514 unum
2980 2458 3243 2531 aliquem
3270 2457 3595 2529 probatum

1940 2555 1997 2607 et
2028 2553 2388 2621 spectatum,
2420 2547 2471 2603 si
2501 2554 2556 2604 et
2580 2548 2641 2603 id
2673 2548 2841 2604 facile
2873 2548 2999 2603 ﬁeri
3048 2552 3263 2620 potest,
3290 2548 3595 2620 praeﬁcere

1941 2638 2182 2703 civitati,
2215 2638 2390 2709 eique
2414 2637 2783 2692 committere
2818 2636 3059 2707 singula
3086 2653 3197 2693 suo
3226 2636 3413 2708 ipsius
3446 2638 3596 2709 peri-

1943 2726 2077 2783 culo
2106 2724 2525 2798 dispensanda
2556 2741 2568 2778 :
2598 2730 2831 2781 tantum
2881 2726 2981 2781 Dei
3030 2741 3239 2780 servus
3268 2726 3360 2795 sit,
3388 2741 3595 2798 opera-

1941 2819 2066 2872 rius
2092 2830 2217 2870 non
2272 2830 2457 2886 prave
2496 2813 2752 2885 pudens,
2782 2829 2903 2868 non
2936 2814 3080 2878 suis,
3106 2814 3206 2869 sed
3267 2814 3595 2869 multorum

1943 2910 2201 2962 attentus
2246 2903 2601 2973 commodis,
2632 2912 2696 2959 ut
2726 2903 2979 2959 salutem
3012 2903 3430 2974 adipiscuntur
3453 2920 3466 2958 :
3490 2903 3596 2974 qui

1944 2976 2074 3049 sise
2104 2993 2231 3066 ipse
2261 2993 2489 3048 noverit
2527 2994 2821 3065 imparem
2868 2992 3272 3059 sollicitudini,
3306 2991 3596 3063 adjunget

1944 3082 2057 3137 sibi
2087 3083 2396 3153 operarios
2421 3081 2496 3136 ad
2522 3097 2800 3137 messem.
2828 3081 2883 3135 Si
2910 3098 3093 3153 quem
3124 3096 3268 3152 ergo
3295 3081 3595 3152 ejusmodi

1942 3171 2346 3239 inveniamus,
2375 3169 2564 3225 fateor
2594 3170 2921 3226 multorum
2969 3171 3158 3227 instar
3214 3186 3403 3226 unum
3443 3186 3592 3238 esse,

1945 3277 2015 3316 ac
2045 3260 2318 3315 Ecclesiis
2346 3258 2546 3314 utilius
2575 3274 2703 3313 esse
2734 3266 2791 3315 et
2811 3259 2987 3315 nobis
3014 3262 3216 3330 tutius,
3251 3261 3333 3316 sic
3355 3260 3595 3316 anima-

1943 3366 2079 3406 rum
2102 3366 2309 3405 curam
2341 3348 2723 3423 dispensare.
2756 3350 2929 3415 Quod
2963 3350 3013 3405 si
3041 3349 3103 3406 id
3125 3366 3245 3407 non
3276 3350 3469 3421 facile,
3497 3351 3597 3407 de-

1944 3455 2079 3494 mus
2120 3438 2382 3511 primum
2434 3453 2705 3510 operam,
2736 3444 2801 3493 ut
2847 3440 3049 3511 parvis
3103 3440 3441 3496 civitatibus
3472 3440 3596 3497 sive

1943 3528 2141 3599 parvis
2171 3528 2343 3601 pagis
2367 3527 2497 3599 jam
2527 3525 2671 3583 olim
2701 3527 3113 3600 episcopalem
3139 3530 3343 3585 sedem
3368 3528 3595 3586 haben~

1657 3619 1832 3689 θρόνον
1866 3622 1905 3678 C
1944 3617 2101 3673 tibus
2131 3616 2345 3672 demus
2375 3615 2769 3688 praepositos;
2801 3633 2871 3673 ac
2904 3622 3031 3673 tum
3061 3617 3310 3673 demum
3340 3617 3595 3673 civitatis

1941 3708 2327 3762 restituemus
2350 3705 2730 3777 episcopum,
2752 3721 2827 3762 ne
2849 3706 2997 3762 forte
3029 3706 3203 3762 nobis
3224 3706 3301 3761 ad
3329 3705 3595 3761 futuram

1944 3795 2225 3867 deinceps
2252 3794 2658 3851 oeconomiam
2689 3794 2906 3865 obstet,
2926 3795 3031 3867 qui
3062 3795 3371 3850 ordinatus
3396 3794 3593 3863 fuerit,

1944 3900 2015 3940 ac
2046 3885 2247 3939 statim
2306 3883 2668 3955 incipiamus
2711 3883 2869 3939 bello
2917 3884 3248 3939 domestico
3295 3882 3593 3953 laborare,

1944 3973 2092 4029 dum
2152 3972 2424 4044 pluribus
2474 3988 2735 4045 praeesse
2783 3973 2924 4040 vult,
2958 3988 3069 4028 nec
3118 3972 3413 4029 consentit
3440 3972 3595 4029 ordi-

1943 4062 2170 4119 nationi
2218 4061 2661 4134 episcoporum.
2692 4062 2865 4128 Quod
2906 4062 2954 4117 si
3001 4063 3116 4117 hoc
3164 4078 3344 4131 grave
3398 4062 3591 4133 fuerit,

1944 4168 2056 4208 nec
2080 4167 2186 4223 per
2215 4157 2452 4224 tempus
2481 4151 2675 4219 liceat,
2698 4151 2759 4207 id
2780 4156 2883 4207 tua
2903 4151 3224 4225 prudentia
3251 4150 3594 4207 faciendum

1947 4295 2214 4369 epistolae
2235 4294 2514 4369 verba,ul
2536 4296 2887 4369 Isaurorum
2902 4297 3172 4369 episcopo
3185 4310 3327 4369 suus
3345 4296 3597 4369 circurn-

1945 4365 2251 4445 δεινῶ-σταῖς
2272 4368 2628 4445 circulus,eo
2654 4367 2813 4445 quod
2832 4368 3409 4445 nonnnllos‘vieinos
3435 4365 3592 4445 ordi-

1947 4447 2063 4496 net.
2088 4442 2166 4493 Ex
2193 4438 2283 4492 his
2309 4438 2455 4493 enim
2481 4436 2838 4509 perspicitur
2858 4454 2978 4493 non
3001 4438 3075 4491 de
3098 4437 3224 4492 solo
3247 4436 3592 4509 urbi_s__epis-

1947 4526 2250 4582 copo,non
2271 4509 2344 4582 de
2360 4506 2575 4582 _vicihis
2592 4506 2838 4582 tantum
2860 4509 3178 4582 episcopis,
3202 4524 3355 4578 quos
3378 4506 3472 4582 ille
3495 4523 3591 4562 or-

1945 4578 2323 4637 dinabatsed
2339 4580 2412 4650 de
2432 4579 2704 4650 pluribus
2726 4579 2855 4633 aliis
2877 4579 3366 4634 deliberationem
3384 4578 3589 4633 fuisse.

2017 4659 2121 4719 (2t)
2164 4653 2304 4704 Ἐπεὶ
2336 4648 2541 4706 δείδια
2577 4655 2710 4718 Reg.
2746 4652 3047 4719 secundus
3079 4657 3131 4705 et
3178 4650 3347 4719 Coisl.
3384 4665 3593 4705 secun-

1945 4724 2077 4780 dus.
2110 4723 2609 4778 Cleromontanus
2640 4718 2819 4779 ἐπειδὴ
2864 4718 2941 4775 δέ.
2974 4721 3118 4776 Editi
3149 4718 3346 4779 ἐπειδὴ.

2015 4800 2128 4861 (22)
2168 4801 2381 4852 Μὴπου.
2418 4792 2565 4848 Editi
2589 4799 2766 4865 μήπω,
2796 4792 2963 4864 quod
2989 4794 3444 4849 emendavimus
3475 4806 3593 4864 ope

1942 4866 2113 4947 Cois],
2143 4865 2336 4947 primi.

248 4930 473 5015 lamina-ioc
505 4930 773 5015 ἀϐελφρύςτ
808 4935 1113 5023 Egistimat
1158 4930 1564 5023 l‘illémontius
1606 4951 1729 5016 non
1758 4930 1833 4991 de

1952 5007 1963 5023 ,
2014 4930 2272 5023 (23)::E1ti
2329 4938 2386 4987 τὸ
2436 4934 2586 4988 πολύ.
2620 4934 2896 4990 Nonnulli
2954 4934 3192 4991 codices
3234 4934 3593 4991 recentiores

230 5006 478 5062 Isauriae
514 5006 816 5076 provincia
848 5007 941 5061 hic
963 5007 1191 5075 agi,sed
1221 5012 1454 5062 tantum
1480 5007 1553 5062 de
1580 5008 1830 5072 civitate,

230 5094 373 5150 qua:
393 5077 1149 5150 Isanrusdicebatur.Unde
1166 5079 1365 5133 varias
1380 5079 1834 5150 inqconjecturas

230 5148 419 5221 fertur
436 5166 447 5203 :
467 5148 557 5221 vel
576 5149 733 5203 enim
750 5148 1071 5221 legendum
1091 5166 1220 5204 esse
1240 5155 1409 5220 putat
1431 5148 1477 5200 ἓν
1504 5156 1565 5220 τῇ
1599 5150 1832 5221 Ἰσαύρᾳ,

229 5220 326 5277 vel
342 5220 580 5275 Isauriae
596 5220 841 5274 nomine
859 5219 1015 5274 hanc
1028 5219 1323 5275 civitatem
1337 5219 1614 5276 vocatam
1628 5219 1831 5289 fuisse,

231 5299 296 5347 ut
314 5294 378 5347 in
400 5295 780 5363 Testamento
806 5292 861 5347 S.
898 5291 1159 5363 Gregorii
1186 5292 1535 5347 Nazianzeni
1566 5291 1833 5363 appella-

233 5306 296 5347 ut
314 5308 378 5347 1n
401 5306 780 5347 testamento
806 5306 861 5347 δ.
898 5306 1159 5358 uregorn
1186 5306 1535 5347 rmznanzeni
1566 5306 1833 5418 appella-

233 5368 359 5419 tur:
385 5364 478 5420 vel
508 5362 773 5432 denique
815 5362 1301 5433 Amphilochium
1333 5363 1490 5419 hanc
1534 5378 1601 5417 ur
1650 5378 1743 5418 em
1774 5362 1837 5417 in

238 5435 473 5506 Isauriae
514 5433 831 5506 provincia
878 5433 1501 5506 collocareLquamvis
1555 5435 1837 5489 attributa

246 5504 366 5580 alite
387 5504 716 5580 provinciae
743 5508 900 5580 esset
924 5521 935 5558 :
962 5504 1484 5580 quemadmodum
1510 5506 1691 5561 etiam
1720 5509 1838 5580 lco-

247 5575 405 5649 niuni
419 5580 479 5634 in
495 5575 1001 5649 Pisidiaicollocat’.
1014 5576 1285 5649 Libenter
1295 5578 1690 5649 amplecterer
1701 5576 1840 5649 doc-

240 5647 454 5707 tissimi
472 5648 585 5707 viri
632 5648 1005 5721 opinionem,
1045 5647 1284 5705 nisime
1326 5647 1690 5706 deterrerent
1708 5647 1840 5704 hinc

1944 5007 2028 5062 ἐπὶ
2057 5007 2210 5063 πολύ.

2011 5083 2117 5151 (24)
2162 5072 2384 5151 Ῥᾴδιον.
2410 5072 2461 5148 ᾖ.
2500 5075 2593 5132 Sic
2649 5075 3108 5151 emendavimus
3144 5094 3268 5151 cpe
3293 5079 3469 5151 _R_eg_.
3505 5089 3593 5130 se-

1945 5146 2125 5205 cundi
2152 5153 2208 5221 et
2228 5146 2424 5221 [30131.
2444 5147 2693 5221 secundi
2724 5149 2889 5220 quod
2920 5164 3101 5221 prave
3138 5146 3212 5205 in'
3237 5148 3408 5206 editis
3435 5146 3591 5215 lege-

1943 5222 2123 5278 batur
2148 5216 2355 5293 ῥᾴδιον,
2442 5216 2668 5293 σπονδή.

2018 5297 2118 5353 (25)
2148 5277 2300 5346 Vide
2330 5277 2647 5347 Addenda.

2168 5362 2575 5447 :Avaania’opev.
2610 5360 2786 5447 Coisl.
2817 5361 3047 5434 primus
3089 5359 3479 5447 τξινοιιντνλὲιξξιέμσνΖ

2018 5427 2131 5503 (27)
2174 5434 2231 5506 Ὀ
2262 5427 2690 5506 προϐαλλόμενος.
2728 5427 2853 5488 Ουό
2908 5448 3060 5488 mss.
3092 5434 3134 5506 ό⁸
3155 5427 3586 5506 προϐεβλημένος.

1947 5501 2077 5561 Mox
2125 5501 2309 5561 Coisl.‘
2327 5501 2629 5560 secundus
2660 5509 2716 5560 et
2742 5506 2882 5573 Reg.
2913 5501 3214 5557 secundus
3260 5502 3382 5561 τοὺς
3432 5501 3585 5554 οἶκοι.

1946 5575 2175 5647 Ibidem
2198 5575 2405 5632 malim
2436 5572 2852 5647 καταδέχεσθαιξ

2018 5648 2039 5668 ’
2078 5646 2236 5705 Alias
2255 5649 2520 5704 CCCCVl.
2555 5645 2783 5718 Scripta
2819 5658 2981 5702 anno
3011 5645 3135 5700 374.
