4062 6214
430 328 535 385 699

1779 325 1840 381 S.
1887 324 2141 381 BASILll
2190 322 2434 381 MAGNI.

3679 322 3783 377 700

429 454 632 519 curet,
691 454 756 508 ut
812 451 1339 508 circumscribatur
1404 454 1747 507 Isaurorum
1792 450 2077 522 episcopo

2195 445 2246 501 δὲ
2299 456 2449 501 τοῦτο
2509 448 2647 522 βαρύ
2678 456 2733 521 ᾖ,
2777 451 2917 501 καὶὸ
2945 452 3132 522 χρόνος
3165 450 3233 507 μὴ
3298 445 3566 519 ἐπιτρέπῇ,
3625 443 3781 496 ἐκεῖνο

429 558 574 597 suus
599 539 880 609 circulus,
905 557 975 597 eo
1005 541 1170 614 quod
1218 541 1443 597 vicinos
1490 540 1791 612 quosdam
1823 539 2073 595 ordinet.

431 628 748 701 Reliquum
789 635 989 685 autem
1022 631 1196 701 283
1231 629 1405 685 nobis
1452 634 1824 684 reservatum
1863 627 1992 697 erit,
2015 630 2080 680 ut

430 718 677 792 reliquis
708 719 993 776 omnibus
1024 721 1343 793 episcopos
1375 720 1611 789 demus,
1643 735 1797 792 quos
1818 717 2080 774 maxime

430 807 683 865 idoneos
711 808 827 881 ipsi
876 809 1347 879 judicaverimus
1394 809 1586 865 multo
1625 808 1900 864 examine
1928 822 2081 880 prae-

430 914 637 954 mlSSO.

502 1171 555 1222 2.
599 1166 939 1235 Georgium,
991 1169 1056 1222 ut
1100 1166 1292 1239 pietas
1345 1169 1449 1221 tua
1492 1166 1693 1236 jussit,
1752 1163 2084 1238 percontati

432 1271 645 1311 sumus
669 1274 680 1309 :
715 1255 1027 1327 respondit
1049 1260 1252 1311 autem
1271 1271 1342 1311 ea
1371 1270 1508 1327 quae
1547 1260 1649 1310 tua
1674 1255 1853 1311 etiam
1877 1253 2085 1324 religio

430 1343 662 1412 retulit;
698 1344 803 1399 sed
824 1343 899 1398 de
929 1343 1023 1399 his
1053 1343 1235 1399 rebus
1261 1359 1511 1399 necesse
1541 1350 1629 1399 est
1649 1343 1851 1417 quieto
1881 1342 2085 1398 animo

432 1432 639 1504 simus,
682 1448 892 1489 curam
947 1433 1169 1489 domus
1208 1433 1270 1488 in
1312 1433 1639 1490 Dominum
1683 1432 2085 1504 projicientes.

433 1521 683 1578 Conﬁdo
712 1522 874 1576 enim
904 1524 1023 1577 Deo
1076 1525 1309 1593 sancto,
1342 1520 1626 1577 daturum
1670 1521 1839 1577 illum
1876 1519 2087 1575 intelli-

432 1609 718 1679 gentiam,
750 1613 816 1664 ut
845 1609 961 1665 alio
992 1609 1176 1666 modo
1201 1609 1528 1665 liberemur
1552 1608 2084 1677 anecessitatibus,

431 1702 488 1755 et
548 1715 805 1754 vacuam
865 1698 1153 1754 molestiis
1218 1698 1406 1753 vitam
1468 1713 1937 1770 consequamur.
1968 1700 2087 1752 Hoc

2190 535 2547 591 σπουδασάτω
2585 542 2614 597 ἠ
2661 543 2727 597 σὴ
2779 542 3008 605 σύνεσις,
3048 545 3139 591 τοῦ
3178 545 3403 595 ποιῆσαι
3458 533 3783 608 περιγράψαι

2187 635 2259 698 τῷ
2291 626 2540 701 Ἰσαύρων
2570 632 2684 699 (28)
2716 632 2802 681 τὸν
2849 625 2987 681 ἴδιον
3053 626 3262 693 κύκλον,
3298 622 3391 677 διὰ
3428 628 3485 676 τὸ
3543 642 3779 698 χειροτο-

2187 725 2346 776 νῆσαι
2405 717 2558 770 αὑτὸν
2610 723 2927 793 προσοίκους
2982 718 3142 779 τινάς.
3210 718 3278 767 Τὸ
3338 710 3397 767 δὲ
3435 712 3615 786 ἐφεξῆς
3662 714 3784 785 ἡμῖν

2190 805 2406 879 ὑπάρξει
2462 812 2873 880 τεταμιευμένον,
2910 807 2979 868 εἰς
3018 809 3076 858 τὸ
3118 808 3255 858 κατά
3307 807 3392 856 τὸν
3453 808 3788 877 προσήκοντα

2188 898 2369 969 καιρὸν
2429 890 2614 947 δοῦναι
2669 902 2805 948 πᾶσι
2842 902 2951 958 τοῖς
2988 895 3189 957 λοιποῖς
3242 892 3578 959 ἐπισκόπους,
3613 890 3702 951 ὥς
3730 891 3789 950 οἷς

2188 987 2532 1058 κυριωτέρους
2583 986 2689 1053 (29)
2738 986 2867 1037 εἶναι
2916 988 3165 1059 κρίνωμεν
3219 981 3390 1050 αὐτοὶ,
3447 976 3540 1032 διά
3595 978 3791 1040 πολλῆς

2190 1071 2467 1136 ἐξετάσεως
2498 1069 2900 1146 δοκιμάσαντες.

2261 1167 2311 1217 2.
2358 1162 2727 1235 Ἠρωτήσαμεν
2778 1167 3069 1237 Γεωργιον,
3121 1163 3189 1222 ὡς
3246 1157 3501 1211 ἐκέλευσεν
3551 1159 3580 1216 ἠ
3643 1159 3791 1210 θεοσέ

2193 1250 2305 1303 ϐειά
2339 1271 2454 1318 σου,
2496 1256 2583 1303 καὶ
2635 1251 2769 1305 εἶπεν
2808 1251 2843 1304 ἃ
2879 1256 2969 1303 καὶ
3004 1253 3033 1309 ἠ
3082 1255 3145 1308 σή
3204 1248 3441 1301 εὐλάϐεια
3492 1247 3785 1319 ἀνήνηκεν.

2194 1339 2267 1413 ἐφ’
2297 1341 2372 1402 οἷς
2394 1338 2591 1412 ἀνάγκη
2650 1344 2791 1414 ἡμᾶς
2843 1345 2935 1399 τὴν
2993 1342 3229 1411 ἡσυχίαν
3267 1340 3432 1409 ἄγειν,
3476 1336 3785 1412 ἐπιρρίψαν-

2192 1450 2287 1492 τας
2359 1431 2443 1482 ἐπὶ
2494 1433 2679 1505 Κύριον
2732 1435 2824 1489 τὴν
2881 1435 3130 1503 μέριμναν
3188 1434 3281 1480 τοῦ
3348 1430 3513 1482 οἴκου.
3550 1429 3790 1479 Πιστεύω

2192 1522 2290 1593 γὰρ
2317 1528 2389 1591 τῷ
2421 1521 2554 1591 ἁγίῳ
2603 1528 2734 1591 Θεῳ,
2769 1521 2850 1571 ὅτι
2898 1515 3061 1571 δώσει
3102 1521 3194 1570 σὺν
3242 1519 3366 1587 ἡμῖν
3407 1516 3540 1586 (30),
3591 1519 3715 1589 πρὸς
3741 1520 3795 1566 τὶ

2195 1609 2344 1682 ἑτέρῳ
2388 1614 2562 1683 τρόπῳ
2621 1608 2881 1671 ἐξελέσθαι
2937 1616 3035 1660 τῶν
3085 1605 3342 1678 ἀναγκῶν,
3369 1610 3460 1657 καὶ
3515 1608 3639 1677 ἡμῖν
3670 1604 3793 1656 ἄλυ-

2194 1718 2287 1750 πον
2311 1699 2417 1762 (31)
2448 1704 2539 1757 τὴν
2597 1698 2734 1759 ζωὴν
2787 1697 3126 1770 προξενῆσαι.
3164 1697 3279 1749 Ἐάν
3306 1692 3393 1748 οὖν
3425 1695 3484 1748 οὐ
3518 1692 3647 1768 δοκῇ
3679 1696 3795 1763 (32)

428 1794 585 1845 certe
634 1790 684 1844 si
725 1790 923 1844 visum
970 1805 1092 1845 non
1149 1789 1492 1861 fuerit,ipse
1548 1789 1811 1859 digneris
1860 1787 1937 1843 ad
1990 1803 2079 1843 me

2195 1796 2347 1841 τοῦτο
2381 1830 2394 1853 ,
2456 1788 2611 1850 αὐτὸς
2672 1787 2997 1850 καταξίωσον
3073 1788 3459 1859 ὑπομνηστικόν
3538 1804 3628 1857 μοι
3669 1782 3797 1836 ἁπο-

432 1878 936 1934 commentarium
965 1877 1219 1947 mittere,
1242 1878 1317 1933 de
1346 1894 1471 1950 qua
1502 1882 1774 1949 oporteat
1800 1876 2087 1949 dignitate

431 1983 642 2023 curam
670 1967 1037 2040 impendere,
1072 1972 1137 2023 ut
1179 1967 1294 2023 hoc
1334 1966 1691 2023 beneﬁcium
1723 1983 1759 2022 a
1791 1966 2086 2038 potentio-

429 2056 598 2112 ribus
642 2056 986 2130 quibusque
1019 2056 1227 2112 amicis
1256 2056 1687 2126 aggrediamur
1735 2070 2083 2127 exposcere,

432 2145 557 2202 sive
588 2146 796 2215 gratis,
829 2146 954 2201 sive
1002 2145 1184 2201 etiam
1238 2145 1477 2201 modico
1530 2145 1739 2217 pretio,
1768 2148 1946 2216 prout
1978 2147 2085 2200 Do-

431 2234 634 2291 minus
690 2233 865 2290 nobis
920 2234 1145 2289 faverit.
1194 2233 1435 2305 Scripsi,
1480 2238 1547 2288 ut
1595 2234 1951 2306 prmcepisti,
2006 2232 2085 2289 ad

430 2322 675 2379 fratrem
726 2322 1045 2378 Valerium.
1076 2325 1184 2377 Res
1216 2325 1499 2394 Nyssenre
1531 2338 1603 2378 eo
1641 2322 1701 2377 in
1722 2327 1880 2378 statu
1923 2327 2082 2391 sunt,

430 2412 492 2469 in
522 2427 646 2484 quo
676 2417 847 2468 erant
876 2428 911 2468 a
936 2417 991 2468 te
1020 2411 1257 2475 relictae,
1290 2417 1347 2468 et
1377 2428 1492 2484 ope
1540 2415 1782 2468 tuarum
1835 2428 2084 2484 precum

431 2499 654 2556 cedunt
676 2499 735 2554 in
762 2500 996 2555 melius.
1031 2502 1249 2555 Eorum
1272 2504 1497 2565 autem,
1531 2500 1631 2572 qui
1668 2504 1809 2555 tunc
1847 2516 1881 2555 a
1908 2499 2083 2555 nobis

432 2587 657 2645 abcissi
685 2592 845 2656 sunt,
869 2587 971 2643 alii
995 2587 1241 2659 quidem
1263 2587 1340 2644 ad
1365 2587 1568 2644 aulam
1599 2603 1661 2642 se
1683 2587 2081 2658 contulerunt,

432 2676 534 2735 alii
580 2692 719 2733 vero
770 2682 1099 2744 remanent,
1133 2677 1273 2732 inde
1323 2682 1707 2750 expectantes
1751 2693 2081 2736 rumorem.

431 2768 629 2823 Potest
657 2771 859 2822 autem
889 2766 1174 2822 Dominus
1201 2771 1329 2823 tum
1358 2766 1574 2823 horum
1600 2782 1768 2839 spem
1792 2767 2081 2837 frustrari,

432 2860 563 2914 tum
588 2854 826 2913 illorum
854 2855 1117 2912 reditum
1141 2855 1374 2913 irritum
1395 2855 1667 2914 reddere.

504 3035 558 3089 3.
587 3034 803 3090 Manna
832 3032 998 3091 Philo
1028 3034 1337 3108 explicans
1372 3035 1472 3100 ait,
1500 3034 1661 3091 velut
1690 3034 2082 3092 extraditione

2197 1877 2415 1943 στεῖλαι,
2463 1880 2577 1952 πέρὶ
2619 1881 2758 1939 τίνος
2812 1881 2921 1949 χρὴ
2980 1875 3269 1949 ἀξιώματος
3321 1870 3560 1933 σπουδὴν
3604 1873 3793 1927 εἰσενέ-

2194 1969 2414 2035 κασθαι,
2452 1969 2538 2018 ἵνα
2588 1965 2862 2039 ἀρξώμεθα
2916 1965 3074 2017 αἰτεῖν
3132 1966 3349 2017 ἕκαστον
3401 1972 3501 2016 τῶν
3542 1963 3590 2015 ἐν
3624 1960 3792 2015 δυνά-

2194 2077 2278 2131 μει
2336 2058 2486 2129 φίλων
2535 2061 2627 2113 τὴν
2666 2058 2828 2130 χάριν
2890 2059 3106 2124 ταύτην,
3158 2058 3258 2108 εἴτε
3306 2061 3518 2127 προῖκα,
3562 2057 3662 2106 εἴτε
3700 2072 3793 2105 και

2192 2150 2406 2220 μετρίου
2455 2149 2771 2217 τιμήματος,
2826 2146 2890 2204 ὡς
2955 2145 3016 2195 ἄν
3069 2146 3206 2216 ἡμᾶς
3285 2147 3470 2219 Κύριος
3527 2140 3788 2215 εὐοδώσῃ.

2194 2235 2492 2289 ,Επέστειλα
2542 2243 2613 2305 τῷ
2658 2231 2860 2305 ἀδελφῷ
2910 2233 3175 2308 Οὐαλερίῳ
3222 2236 3356 2299 (33),
3410 2235 3480 2296 ὡς
3532 2237 3789 2308 προσέτα-

2193 2325 2299 2388 ξας.
2358 2326 2435 2377 Tu
2489 2326 2711 2384 Νύσσης
2757 2324 3045 2396 πράγματα
3096 2324 3251 2395 ὅμοιά
3316 2322 3430 2375 ἐστι
3468 2328 3578 2383 τοῖς
3647 2324 3793 2396 παρὰ

2191 2424 2282 2475 τῆς
2323 2422 2416 2474 σῆς
2459 2412 2743 2473 θεοσεϐείας
2798 2412 3188 2484 καταλειφθεῖσι
3248 2412 3385 2482 (34),
3445 2416 3535 2463 καὶ
3591 2416 3792 2484 προκό-

2190 2523 2308 2557 πτει
2344 2502 2427 2556 ἐπὶ
2488 2506 2545 2555 τὸ
2600 2500 2803 2574 βέλτιον
2843 2509 2903 2574 τῇ
2966 2505 3213 2576 συνεργίᾳ
3265 2508 3361 2552 τῶν
3419 2509 3520 2552 σῶν
3570 2519 3797 2573 προσευο

2191 2601 2324 2665 χῶν.
2379 2595 2445 2645 Οἱ
2496 2596 2669 2665 μέντοι
2733 2596 2846 2643 τότε
2899 2589 3274 2665 ἀπορραγέντες
3339 2591 3484 2662 ἡμῶν
3517 2630 3534 2660 ,
3590 2592 3640 2641 οἱ
3699 2591 3795 2661 μὲν

2191 2680 2420 2741 ἀπῆλθον
2482 2680 2564 2733 ἐπὶ
2608 2683 2667 2732 τὸ
2723 2676 3101 2756 στρατόπεδον,
3134 2681 3183 2732 οἱ
3213 2675 3272 2732 δὲ
3300 2683 3533 2752 μένουσι,
3559 2678 3667 2748 (35)
3695 2684 3794 2737 τὴν

2191 2771 2380 2824 ἐκεῖθεν
2454 2768 2783 2843 ἀναμένοντες
2850 2774 3047 2842 φήμην.
3109 2772 3331 2831 Δυνατὸς
3396 2764 3454 2821 δε
3504 2769 3528 2819 ὁ
3598 2771 3795 2840 Κύριος

2190 2866 2279 2913 καὶ
2317 2862 2508 2913 τούτων
2539 2868 2839 2932 ματαιῶσαι
2876 2861 2966 2921 τὰς
3019 2855 3233 2919 ἐλπίδας
3256 2901 3270 2927 ,
3321 2856 3578 2920 κάκείνοις
3624 2856 3796 2931 διπρα⁸

2190 2969 2309 3002 κτον
2333 2954 2421 3008 τὴν
2443 2945 2692 3001 ἐπάνοδον
2724 2957 2971 3008 ποιῆσαι.

2261 3042 2313 3095 3.
2354 3042 2423 3091 Τὸ
2470 3040 2637 3110 μάννα
2696 3039 2722 3090 ὁ
2790 3037 2951 3091 Φίλων
3000 3036 3289 3110 ἑρμηνεύων
3339 3035 3457 3109 ἔφη,
3506 3036 3677 3110 ὥσπερ
3738 3034 3796 3087 ἐκ

430 3121 698 3195 quadam
713 3122 964 3179 Judaica
977 3122 1224 3179 edoctus
1237 3124 1411 3189 ,illius
1423 3124 1773 3196 qualitatem
1785 3140 1914 3180 esse
1926 3125 1974 3195 ej
1985 3141 2079 3180 us-

2195 3124 2530 3202 παραδὸσεώς
2587 3123 3051 3189 τινοςΊουδαῑκῆς
3106 3122 3503 3198 δεδιδαγμένος,
3538 3128 3795 3182 τοιαύτην

430 3211 620 3281 modi,
642 3216 705 3267 ut
724 3226 833 3283 pro
860 3212 1232 3269 comedentis
1272 3213 1569 3269 desiderio
1612 3218 1978 3282 mutaretur;
2012 3232 2081 3271 ac

430 3316 539 3372 per
566 3316 629 3357 se
667 3300 914 3373 quidem
945 3318 1074 3358 esse
1105 3306 1398 3376 tanquam
1447 3303 1679 3359 milium
1727 3304 1888 3359 melli
1918 3305 2081 3361 inco-

431 3394 629 3458 ctum;
657 3405 819 3445 nunc
867 3396 1065 3449 autem
1105 3394 1302 3465 panis,
1334 3409 1497 3449 nunc
1535 3392 1733 3451 carnis
1761 3395 1954 3451 vicem
1980 3411 2082 3451 ex-

430 3477 594 3551 plere
626 3479 860 3535 :carnis
891 3486 1117 3545 autem,
1136 3482 1223 3537 vel
1250 3481 1583 3538 volatilium
1599 3482 1692 3538 vel
1716 3484 2082 3540 terrestrium

434 3566 787 3624 animalium
813 3584 827 3625 :
850 3568 1037 3625 modo
1059 3570 1237 3626 etiam
1265 3570 1493 3627 olerum
1533 3587 1811 3643 saporem
1842 3572 2081 3641 referre,

429 3656 615 3730 idque
646 3672 758 3731 pro
811 3657 1291 3732 uniuscujusque
1348 3659 1967 3733 desideriozpiscium
1996 3664 2086 3719 iti-

432 3744 595 3817 dem,
626 3746 778 3803 adeo
810 3754 873 3803 ut
899 3748 1236 3820 proprietas
1273 3748 1576 3821 qualitatis
1606 3748 2083 3824 uniuscujusque

505 3852 619 3928 (28)
644 3859 736 3928 Τᾷι
765 3853 1044 3928 -Ἱσαύρωι
1074 3859 1153 3911 Ita
1187 3858 1332 3928 Reg.
1377 3855 1678 3912 secundus
1697 3860 1763 3928 et
1792 3856 1963 3912 Coisl.
1996 3874 2083 3914 se-

433 3924 939 4000 cundusEditiji-c;
972 3924 1463 4000 ἸσαύρῳΝῑᾶθωτ
1493 3927 1943 4000 Amphilochius
1964 3929 2080 3985 hoc

432 3994 632 4050 Basilii
678 3994 993 4051 consilium
1035 3994 1277 4053 secutus
1323 4013 1473 4064 esse,
1501 3998 1562 4052 id
1601 3994 1707 4063 est,
1735 4002 2079 4056 Isaurorum

433 4066 910 4147 episcoposuum
956 4068 1837 4147 circulumcircumscripsisse,
1868 4086 1938 4147 ac
1967 4070 2082 4147 sibi

427 4138 531 4207 jus
559 4138 945 4207 episcopatus
970 4138 1029 4193 in
1061 4138 1191 4193 aliis
1213 4139 1549 4194 civitatibus
1578 4138 1926 4196 restituendi
1950 4142 2081 4197 reti-

432 4205 657 4263 nuisse.
687 4205 835 4290 Nam
866 4224 1004 4263 cum
1046 4210 1804 4290 .Macedoniushpraecipua;
1861 4212 2082 4290 civitati

432 4281 735 4352 praeesset,
768 4283 832 4334 ut
860 4280 1214 4352 perspicitur
1256 4296 1328 4336 ex
1374 4280 1542 4337 initio
1589 4280 1850 4352 epistola)
1900 4283 2079 4340 tertias

433 4348 787 4432 canonica-ah;
830 4348 1232 4432 rumque_alia
1271 4348 1902 4432 superessentoppida
1923 4355 2077 4425 epis-

429 4435 586 4495 copo
605 4419 887 4495 destituta
913 4437 926 4486 ;
962 4419 1236 4493 Basilius,
1264 4419 1371 4495 qui
1398 4438 1587 4495 unum
1616 4419 1880 4495 aliquem
1908 4441 1939 4480 e
1960 4419 2078 4481 'suo

2192 3218 2348 3270 αὐτοῦ
2372 3216 2501 3269 εἶναι
2548 3221 2642 3275 τὴν
2681 3219 2956 3283 ποιότητα,
2984 3217 3119 3268 ὥστε
3161 3218 3295 3268 κατά
3349 3220 3443 3273 τὴν
3500 3219 3795 3285 φαντασίαν

2190 3315 2281 3359 τοῦ
2310 3305 2566 3367 ἐσθίοντος
2612 3307 3044 3379 μετακίρνασθαι·
3078 3311 3167 3358 καὶ
3200 3302 3327 3357 εἶναι
3365 3307 3455 3377 μὲν
3488 3304 3605 3356 καθ’
3636 3304 3795 3357 ἑαυτὸ

2190 3397 2343 3449 οἰονεὶ
2416 3400 2642 3469 κέγχρον
2700 3394 2951 3466 εψημένον
3005 3395 3118 3466 (36)
3173 3393 3221 3446 ἐν
3277 3394 3484 3467 μέλιτι,
3536 3396 3796 3468 παρέχειν

2192 3483 2251 3539 δε
2278 3493 2365 3538 νῦν
2395 3488 2483 3558 μὲν
2536 3484 2717 3558 ἄρτου,
2754 3492 2840 3535 νῦν
2878 3481 2937 3536 δε
2992 3488 3173 3557 κρέως
3221 3488 3311 3536 καὶ⁹
3357 3488 3520 3545 κρέως
3554 3480 3793 3549 τοιοῦδε,

2190 3577 2219 3635 ᾖ
2249 3582 2478 3628 πετεινοῦ
2510 3578 2538 3632 ἦ
2588 3578 2868 3647 χερσαίου*
2901 3580 2988 3625 νῦν
3039 3570 3097 3625 δὲ
3134 3572 3391 3644 λαχάνου,
3435 3576 3523 3624 καὶ
3551 3571 3794 3644 λαχάνου

2188 3673 2279 3717 τοῦ
2323 3666 2456 3717 κατά
2506 3667 2599 3721 τήν
2648 3662 2923 3735 ἐπιθυμίαν
2973 3662 3221 3715 ἑκάστου·
3252 3665 3341 3714 καὶ
3387 3661 3588 3733 ἰχθύος,
3619 3664 3689 3722 ὡς
3729 3665 3793 3713 τὸ

2192 3750 2391 3826 ἰδίωμα
2451 3760 2539 3813 τῆς
2586 3752 2702 3804 καθ’
2762 3754 2979 3804 ἕκαστον
3027 3755 3173 3821 γένος
3232 3754 3511 3811 ποιότητος
3561 3748 3797 3822 ἀκριϐῶς

2187 3864 2386 3941 petere
2404 3857 3213 3941 stat‘ueratzutamici'domus
3232 3872 3520 3941 magnum
3538 3856 3795 3938 aliquod

2186 3928 2644 3986 incommodum
2659 3928 3148 3998 eﬂ'ugeret.Porro
3164 3930 3224 3984 in
3236 3929 3397 3984 hunc
3412 3944 3584 3983 usum
3598 3928 3793 3999 impe~

2188 4003 2326 4058 trari
2345 3999 2911 4069 solebantcodicilli,
2943 4004 3005 4055 ut
3025 4000 3307 4064 curia,vel
3326 3999 3536 4056 saltem
3559 3999 3788 4055 duum-

2188 4073 2414 4129 viratus
2438 4079 2493 4127 et
2518 4072 2770 4127 civitatis
2816 4087 2957 4127 cura
2980 4072 3331 4127 vitarentur.
3364 4071 3554 4126 Pretio
3579 4074 3786 4126 autem

2188 4144 2539 4214 impetratos
2556 4158 2677 4198 non
2701 4150 2881 4198 modo
2900 4141 3069 4197 nulla
3098 4141 3579 4201 immunitas.sed
3600 4141 3790 4214 etiam

2187 4212 2375 4269 multa
2414 4230 2515 4284 seq
2527 4214 2795 4275 uebatur,
2822 4219 2882 4268 ut
2904 4214 3263 4285 perspicitur
3289 4230 3358 4268 ex
3382 4214 3539 4285 God.
3565 4212 3784 4269 Theod.

2186 4285 2288 4341 lib.
2314 4302 2388 4348 γι,
2418 4283 2513 4340 tit.
2538 4285 2724 4340 22.Sic
2746 4283 3107 4340 enim—habet
3130 4284 3221 4340 lex
3245 4284 3511 4339 secunda
3528 4283 3788 4354 impera-

2188 4357 2330 4411 toris
2359 4355 2711 4412 Constantii:
2729 4356 2764 4410 Α
2777 4356 2809 4410 b
2832 4356 3153 4411 honoribus
3170 4357 3505 4412 mercandis
3525 4370 3635 4423 per
3652 4357 3785 4424 suf-

2182 4428 2414 4497 fragia,
2440 4429 2532 4483 vel
2562 4427 2823 4498 qualibet
2872 4428 3194 4483 ambitione
3232 4427 3586 4496 quaerendis,
3610 4434 3784 4482 certa

432 4490 591 4572 clero
637 4492 1015 4572 promiserat,
1044 4508 1170 4572 nec
1212 4490 1351 4549 eum
1379 4494 1597 4572 morbo
1620 4490 1995 4572 debilitatum
2024 4502 2081 4552 et
2113 4514 2155 4568 ι)
2182 4490 2381 4554 'multa.
2402 4490 3180 4572 prohibuit:cuiaddimus,
3201 4490 3263 4572 ut
3302 4490 3645 4569 quicunque
3679 4500 3784 4572 fu;

430 4562 1199 4639 imparemepiscopalibus
1223 4566 1444 4639 muniis
1468 4566 1693 4639 factum
1725 4566 1957 4639 mittere
1979 4583 2079 4639 po.

428 4636 818 4708 tera_t,auctor
831 4639 924 4708 est
947 4635 1382 4708 Amphilochio
1398 4636 1458 4691 in
1478 4636 1690 4692 eadem
1712 4638 1965 4708 epistola
1980 4635 2079 4695 ca-

428 4703 743 4779 n_oni_ca,u_t
766 4703 1028 4777 aliquem
1052 4703 1123 4761 ex
1143 4723 1347 4763 recens
1372 4707 1712 4779 baptizatis,
1737 4703 1856 4765 sive
1874 4712 2077 4768 Mace-

427 4773 606 4851 donio
637 4773 929 4847 videatur,
963 4780 1089 4851 sive
1116 4794 1257 4843 non,
1282 4773 1631 4851 episcopum
1664 4773 2004 4838 constituat.

503 4848 615 4916 (29)
644 4851 1018 4927 κυριωτέρους.
1050 4848 1351 4927 Quamvis
1379 4848 1506 4927 _i_ta'
1537 4851 1805 4927 habeant
1866 4868 2078 4927 omnes

428 4931 574 4997 mss.
608 4917 995 4997 codices,'vix
1043 4924 1243 4997 tamen
1294 4920 1547 4997 dubium
1582 4923 1728 4997 quin
1752 4922 2078 4997 legendum

430 4991 505 5067 sit
535 4992 923 5067 xutptwrépoug,
960 4997 1139 5063 atque
1168 4992 1325 5048 hanc
1362 4991 1680 5052 lectionem
1702 4994 1764 5050 in
1790 4991 2079 5067 interpre-

429 5059 886 5116 tando'secutus
911 5059 1077 5118 'surn‘.

497 5132 611 5202 (30)
639 5136 801 5206 Δώσει
830 5137 926 5206 ,σον
954 5135 1099 5206 ἡμῖν.
1130 5134 1336 5206 Nullus
1366 5150 1438 5190 ex
1483 5134 1575 5191 his
1626 5134 1824 5206 verbis
1863 5152 2080 5193 sensus

428 5214 690 5269 eruetur,
726 5205 840 5260 nisi
863 5202 1152 5276 legamus
1184 5202 1344 5258 δώσει
1396 5208 1620 5261 σύνεσιν.
1654 5205 1883 5263 Ibidem
1940 5208 2080 5264 editi

426 5277 568 5357 πρὸς.
594 5282 685 5346 τῷ,
716 5274 883 5357 quod
934 5274 1561 5357 emendavimus_op_e
1610 5276 1781 5333 Coisl.
1807 5279 2075 5357 secundi.

427 5344 1059 5421 {aulo'po—st_vocem
1112 5344 1703 5421 Kbpoo;__addidim_us
1754 5365 1826 5405 ex
1873 5351 2079 5407 codice

427 5416 726 5472 Medicam.
758 5417 1000 5473 Videtur
1057 5416 1259 5474 autem
1312 5417 1415 5473 illa
1467 5418 1754 5487 dignitas,
1786 5437 1972 5487 quam
2018 5437 2080 5477 se

429 5486 607 5542 amici
628 5487 880 5561 alicujus
902 5504 1091 5561 causa
1108 5491 1442 5561 petiturum
1472 5489 1763 5561 promittit
1802 5486 2077 5560 Basilius,

428 5569 551 5636 non
575 5557 1017 5636 administratio
1040 5557 1246 5636 aliqua
1276 5557 1493 5636 fuisse,
1514 5561 1620 5636 sed
1644 5566 1888 5636 tantum,
1916 5557 2081 5620 (εοάἱὲ

430 5624 661 5683 cillaria
678 5627 1091 5699 dignitaleoc
1107 5624 1268 5690 enim
1288 5631 1536 5692 consilio
1550 5632 1710 5691 hanc
1725 5632 2081 5705 dignitatem

2185 4576 2409 4640 gientes
2439 4570 2718 4640 obsequia
2739 4571 3068 4639 curiarum,
3088 4569 3332 4625 umbras
3348 4576 3401 4625 et
3424 4572 3665 4625 nomina
3689 4570 3785 4639 af-

2180 4642 2544 4711 fectaverint
2591 4640 2976 4709 dignitatum,
3018 4642 3276 4696 tricenas
3323 4641 3509 4696 libras
3541 4642 3788 4709 argenti

2185 4714 2415 4781 inferre
2442 4717 2757 4781 cogantur,
2806 4717 3083 4767 manente
3102 4712 3212 4767 illa
3251 4714 3568 4780 prceterita
3618 4713 3784 4768 inla-

2187 4785 2642 4852 tioneaurigua
2650 4788 2941 4854 perpetua
2970 4784 3088 4854 lege
3107 4785 3421 4854 constricti
3442 4782 3782 4839 sunt.Unde

2184 4855 2369 4911 miror
2389 4855 2675 4910 Basilium
2706 4853 2783 4910 ab
2806 4854 2919 4910 hac
2939 4853 3037 4910 via
3067 4853 3353 4910 tentanda
3381 4869 3506 4911 non
3526 4854 3783 4910 omnino

2184 4925 2449 4982 alienum
2466 4925 2672 4981 fuisse.
2691 4925 2802 4982 Sed
2822 4924 2971 4981 forte
2990 4926 3083 4981 ha;
3109 4925 3271 4995 leges
3292 4940 3417 4983 non
3442 4924 3784 4983 admodum

2185 5002 2460 5055 accurate
2491 4996 2886 5052 servabantur
2912 4996 3025 5052 sub
3054 4996 3314 5053 Valente.

2256 5072 2371 5133 (3t)
2408 5066 2653 5123 "Alanos.
2679 5068 2769 5123 Sic
2798 5082 2914 5138 ope
2943 5067 3223 5124 codicum
3255 5084 3396 5124 mss.
3427 5066 3783 5125 emendavi-

2185 5155 2342 5195 mus.
2372 5140 2515 5196 Male
2544 5139 2607 5193 in
2639 5138 2811 5195 editis
2839 5138 3047 5194 ἁλυτον.

2258 5210 2369 5280 (32)
2409 5210 2483 5262 Οὐ
2508 5208 2660 5282 δοκῇ.
2693 5210 3200 5282 Οοὶεὶηεεοιωάιιε
3223 5206 3389 5282 δοκεῖ,

2256 5282 2373 5352 (33)
2413 5281 2698 5355 Οὐαλερίῳ.
2735 5281 3233 5355 Coisl_.secundus
3260 5281 3575 5355 Οὐαλλερίῳ.

2258 5355 2369 5419 (34)
2417 5353 2833 5425 Καταλιιφθεῖσι.
2874 5353 3047 5409 Coisl.
3090 5354 3322 5424 primus
3380 5353 3789 5425 καταληφθεῖσι,

2186 5423 2251 5479 in
2280 5439 2345 5480 eo
2370 5430 2553 5493 statu,
2586 5423 2654 5479 in
2675 5440 2791 5493 quo
2812 5430 2987 5481 erant
3017 5440 3055 5482 a
3086 5423 3142 5482 te
3170 5427 3437 5482 inventa.

2259 5498 2373 5559 (35)
2414 5495 2556 5551 Vide
2576 5495 2887 5552 Addenda.

2259 5568 2370 5635 (36)
2410 5566 2714 5639 Ἐψημένον.
2757 5566 3032 5625 Nonnulli
3061 5566 3295 5625 codiCBS
3324 5567 3613 5641 ἐφημένην.
