4062 6214
304 341 408 395 701

1290 344 1777 402 EPISTOLARUM
1816 344 2102 404 CLASSIS
2143 349 2211 404 II.
2252 350 2468 406 EPIST.
2510 352 2685 409 CXCI.

3569 357 3675 413 702

307 461 357 513 ἐν
424 472 487 537 τῇ
556 467 733 538 γεύσει
772 473 865 519 τοῦ
904 466 1168 531 ἐσθίοντος
1234 466 1903 545 διασώζεσθαι.”Αρματα’

2027 472 2235 545 speciei
2288 475 2349 530 in
2402 475 2770 533 comedentis
2816 479 2996 546 gustu
3027 478 3275 535 omnino
3302 483 3666 537 servaretur.

309 550 569 615 ἀναϐάτας
625 559 903 628 τριστοίτας
942 560 1134 628 ἔχοντα
1186 555 1322 611 οἶδεν
1372 562 1400 617 ἡ
1444 566 1646 634 Γραφὴ,
1703 558 1795 613 διὰ
1845 564 1904 613 τὸ

306 650 408 693 τῶν
454 642 644 696 λοιπῶν
702 644 945 719 ἁρμάτων
1004 644 1099 699 δύο
1132 647 1260 700 εἶναι
1321 653 1442 711 τοὺς
1493 649 1761 717 ἐπιϐάτας,
1819 655 1905 702 τόν

307 751 365 784 τε
408 734 625 805 ἡνίοχον
665 740 753 787 καὶ
798 739 885 788 τὸν
939 737 1151 795 ὁπλίτην
1186 756 1197 768 ’
1240 741 1307 790 τὰ
1357 736 1415 791 δέ
1452 747 1543 791 τοῦ
1584 744 1768 814 Φαραὼ
1810 736 1905 792 δύο

310 824 403 893 μεν
467 821 580 894 εἶχε
636 832 758 888 τοῦς
804 825 1172 899 πολεμοῦντας,
1235 829 1322 881 ἕνα
1370 825 1429 881 δὲ
1479 833 1565 880 τὸν
1617 832 1711 891 τας
1759 832 1909 889 ἡνίας

308 918 411 962 τῶν
460 913 628 964 ἵππων
668 917 876 985 ἔχοντα.
933 919 1157 989 Σύμπιος
1208 919 1331 990 ἡμῖν
1378 916 1633 971 ἐπέστειλε
1665 921 1909 991 θεραπευ-

308 1005 461 1059 τικην
492 1000 769 1062 ἐπιστολὴν
800 1010 888 1057 καὶ
908 1012 1230 1077 κοινωνικὴν,
1336 1010 1481 1080 ἡμεῖς
1500 1007 1907 1083 ἁντιγροίψαντες

312 1089 610 1164 ἐπέμψαμεν
660 1102 722 1165 τῇ
756 1094 993 1163 εὐλαϐείᾳ
1050 1116 1144 1149 σον
1187 1100 1254 1149 τὰ
1298 1100 1603 1173 γράμματα,
1637 1101 1721 1150 ἶνα
1774 1100 1907 1169 ἄγαν

312 1179 553 1250 ἐγκρίνας
583 1182 828 1257 κιλεύσῃς
867 1185 1008 1255 αὐτῷ
1062 1184 1443 1257 ἀποσταλῆναι,
1500 1185 1739 1246 δηλονότι
1778 1191 1909 1261 μετὰ

308 1272 618 1343 προσθήκης
656 1278 744 1325 καὶ
796 1282 897 1326 σῶν
944 1279 1285 1348 γραμμάτων.
1314 1277 1646 1352 Ἐῥρωμένος,
1688 1279 1909 1349 εὔθυμος

307 1362 356 1411 ἐν
390 1362 1004 1436 Κνρίῳ,ὑπερενχόμενός
1030 1385 1131 1437 μον
1157 1369 1468 1441 χαρισθείης
1497 1387 1587 1439 μοι
1606 1373 1694 1419 καὶ
1721 1376 1783 1440 τῇ
1817 1375 1908 1420 τοῦ

310 1456 445 1502 Θεοῦ
474 1450 756 1525 Ἐκκλησία
784 1461 844 1526 τῇ
877 1460 967 1506 τοῦ
992 1456 1172 1527 Ἀγίου
1204 1455 1578 1529 φιλανθρωπίᾳ.

835 1585 1173 1634 ΕΠΙΣΤῡΛΗ
1230 1566 1381 1641 PBA'.

2016 564 2233 618 Currus
2262 564 2368 635 qui
2400 581 2670 620 sessores
2725 569 2843 621 tres
2877 567 3192 638 haberent,
3252 569 3498 639 agnovit
3531 568 3677 626 Scri-

2014 652 2520 723 ptura,siquidem
2548 653 2915 725 reliquorum
2947 672 3229 712 curruum
3263 673 3526 714 sessores
3553 659 3676 715 duo

2016 746 2204 807 erant,
2239 742 2452 810 auriga
2476 746 2531 798 et
2561 743 2733 798 miles
2776 749 3081 800 armatus:
3123 747 3446 803 Pharaonis
3472 752 3675 804 autem

2018 846 2225 887 currus
2282 831 2601 887 bellatores
2632 832 2787 889 duos
2833 834 3161 903 habebant,
3195 841 3251 891 et
3278 852 3467 892 unum
3498 852 3678 909 equo-

2015 936 2152 976 rum
2208 920 2482 977 habenas
2526 926 2846 978 tenentem.
2905 923 3155 995 Scripsit
3192 924 3342 980 mihi
3395 925 3677 998 Sympius

2017 1009 2332 1081 epistolam
2364 1010 2547 1066 ofﬁcii
2575 1014 2631 1066 et
2684 1012 3133 1068 communionis
3174 1029 3379 1083 causa,
3426 1014 3519 1070 cui
3566 1029 3678 1084 ego

2013 1100 2374 1168 rescribens,
2416 1099 2639 1156 litteras
2690 1117 2858 1156 meas
2893 1102 2968 1157 ad
3006 1108 3170 1158 tuam
3199 1102 3482 1173 pietatem
3514 1103 3670 1171 misi,

2016 1192 2082 1245 ut
2108 1188 2426 1259 diligenter
2455 1190 2743 1261 probatas
2776 1190 2855 1246 ad
2879 1191 3048 1246 illum
3084 1192 3303 1263 jubeas
3334 1193 3676 1264 transmitti,

2018 1277 2240 1333 additis
2292 1278 2565 1334 videlicet
2596 1284 2652 1335 et
2700 1279 2812 1334 tuis
2839 1280 3032 1351 ipsius
3066 1280 3296 1339 litteris.
3340 1281 3574 1347 Valens,
3613 1281 3677 1341 in

2020 1367 2274 1423 Domino
2304 1367 2528 1434 hilaris,
2558 1383 2668 1439 pro
2699 1384 2795 1424 me
2826 1385 3105 1440 precans,
3138 1372 3389 1427 serveris
3420 1372 3565 1428 mihi
3620 1376 3679 1431 et

2021 1459 2121 1513 Dei
2145 1457 2434 1527 Ecclesiae,
2468 1474 2574 1530 per
2604 1459 2796 1514 sancti
2821 1459 3315 1516 misericordiam.

2449 1583 2627 1657 234
2670 1584 3006 1642 EPISTOLA
3046 1585 3243 1642 cxcr.

307 1702 709 1781 Gratiasagz't
748 1705 1017 1781 Basilius
1066 1707 1303 1762 cuidam
1333 1708 1626 1777 episcopo,
1666 1710 1772 1779 qui
1808 1710 1991 1781 prior
2043 1708 2407 1778 scripserat;
2437 1724 2688 1780 eumque
2714 1709 3017 1778 hortatur,
3041 1717 3105 1766 ut
3132 1712 3260 1780 ipso
3290 1716 3497 1781 agente
3540 1727 3674 1769 cum

382 1774 593 1853 vicinis
613 1776 901 1853 episcopis
933 1778 1097 1832 locus
1123 1783 1177 1833 et
1205 1774 1434 1853 tempus
1468 1774 1691 1853 synodi
1713 1774 2071 1845 iudicentur,
2105 1774 2185 1835 ad
2222 1774 2540 1853 piistinam
2574 1774 3062 1846 communionem,
3094 1774 3272 1853 quam
3315 1774 3504 1841 uarice
3545 1799 3676 1840 sus-

374 1845 638 1914 piciones
670 1848 1145 1919 interruperant,
1178 1845 1420 1906 tandem
1460 1845 1790 1922 aliquando
1816 1853 1976 1908 inter
2000 1845 2257 1908 remotas
2285 1852 2589 1908 Ecclesias
2630 1845 3122 1910 instaurandum:

588 1970 917 2046 Ἀμφιλοχίῳ
942 1974 1075 2044 (37),
1108 1973 1375 2048 ἐπισκὸπῳ
1404 1975 1639 2029 Ἰκονίου.

384 2077 721 2149 Ἐντνχὸντες
786 2088 891 2140 τοῖς
958 2084 1239 2156 γράμμασι
1303 2091 1393 2142 τῆς
1460 2082 1724 2145 εὐλαϐείας
1792 2104 1908 2152 σον,

307 2165 499 2224 πολλὴν
573 2176 645 2237 τῷ
703 2176 816 2222 Θεῶ
872 2174 964 2228 την
1025 2173 1188 2243 χάριν
1238 2173 1484 2243 ἔσχομεν,
1554 2174 1632 2225 ὅτι
1685 2171 1911 2247 ἀρχαίας

312 2254 526 2327 ἀγάπης
555 2259 682 2327 ἴχνη
726 2258 933 2332 εὕρομεν
983 2258 1030 2310 ἐν
1072 2268 1180 2319 τοῖς
1208 2262 1413 2334 ῥήμασι
1470 2269 1565 2322 τῆς
1594 2260 1866 2323 ἐπιστολῆς
1894 2285 1906 2297 ·

309 2348 366 2408 ὃς
412 2346 622 2416 γεόὐκ
670 2350 853 2409 ἔπαθες
918 2353 975 2400 τὸ
1027 2359 1126 2401 τῶν
1179 2350 1395 2419 πολλῶν,
1446 2348 1569 2404 οὐδὲ
1621 2352 1911 2424 φιλονείκως

309 2438 473 2506 ἔσχες
502 2440 633 2508 πρὸς
662 2440 719 2488 τὸ
771 2441 840 2508 μὴ
904 2442 992 2490 καὶ
1022 2438 1177 2500 αὐτὸς
1224 2439 1482 2511 κατάρξαι
1518 2449 1610 2501 τῆς
1643 2440 1909 2512 ἀγαπητι-

309 2533 412 2586 κῆς
467 2525 674 2596 ὁμιλίας
712 2544 725 2556 ⁸
783 2526 891 2579 ἀλλ’
919 2530 987 2589 ὡς
1020 2525 1429 2601 πεπαιδευμένος
1478 2533 1537 2582 τὸ
1586 2529 1641 2582 ἑκ
1671 2551 1910 2585 ταπεινο-

312 2617 577 2687 φροσύνης
632 2616 901 2688 μεγαλεῖον
950 2622 1335 2693 περιγινόμενον
1367 2626 1472 2679 τοῖς
1511 2620 1698 2691 ἁγίοις,
1749 2622 1912 2682 οὕτως

310 2703 449 2755 εἶλον
502 2700 597 2756 διὰ
651 2714 750 2757 τῶν
809 2702 1106 2781 δευτερείων
1163 2709 1448 2781 ἔμπροσθεν
1506 2711 1652 2776 ἡμῶν
1684 2708 1911 2782 ἀποφαν-

311 2794 488 2849 θῆναι.
560 2799 662 2846 Καὶ
736 2796 837 2867 γὰρ
914 2792 1061 2857 οὗτος
1113 2800 1264 2868 νόμος
1326 2805 1421 2858 τῆς
1478 2795 1524 2848 ἐν
1584 2806 1913 2873 Χριστιανοῖς

308 2888 474 2954 νίκης,
527 2903 618 2935 και
674 2884 699 2935 ὁ
767 2883 971 2937 ΰιαττον
1034 2887 1173 2957 ἔχειν
1226 2882 1636 2958 καταδεξάμενος
1714 2906 1910 2960 στεφα-

309 2980 515 3025 νοῦται·
548 2970 659 3027 Ἰνα
696 2970 783 3026 οὖν
832 2978 903 3046 μὴ
939 2972 1323 3047 ἀπολειφθῶμεν
1349 2983 1441 3028 τοῦ
1490 2975 1687 3048 ἀγαθοῦ
1729 2977 1909 3048 ζήλου,

311 3058 437 3116 ἰδοὺ
489 3067 579 3115 καὶ
618 3063 767 3116 αὐτοὶ
808 3062 1251 3137 ἀντιφθεγγὸμεθά
1295 3084 1388 3117 σου
1446 3070 1539 3123 τὴν
1601 3070 1911 3138 σεμνότητα,

306 3156 403 3204 καὶ
449 3148 722 3224 δείκνυμεν
759 3157 854 3211 τὴν
900 3158 1206 3227 προαίρεσιν
1236 3156 1401 3226 ἡμῶν,
1436 3155 1536 3217 ὅτι,
1566 3162 1699 3208 Θεοῦ
1729 3158 1915 3228 χάριτι

308 3249 407 3303 τῆς
442 3244 580 3293 κατὰ
632 3246 724 3300 τὴν
749 3246 929 3294 πίστιν
958 3248 1273 3315 συμφωνίας
1300 3242 1583 3318 ἐρρωμένης
1622 3246 1746 3316 ἡμῖν
1781 3248 1911 3311 (38),

2339 1976 2785 2046 Amphilochia,
2827 1980 3095 2047 episcopo
3134 1980 3344 2036 Iconii.

2093 2081 2278 2137 Lectis
2302 2081 2508 2138 litteris
2535 2083 2769 2154 pietatis
2802 2088 2937 2155 tuae,
2974 2084 3265 2156 plurimas
3296 2088 3416 2143 Deo
3454 2086 3677 2157 gratias

2020 2171 2133 2241 egi,
2170 2170 2333 2243 quod
2385 2172 2649 2243 antiquae
2703 2172 3007 2229 charitatis
3039 2174 3291 2243 vestigia
3344 2175 3677 2232 invenirem

2017 2260 2079 2314 in
2122 2258 2322 2315 verbis
2377 2260 2686 2333 epistolae;
2750 2260 3051 2333 siquidem
3096 2278 3217 2319 non
3248 2279 3371 2335 quo
3409 2263 3678 2336 plerique

2018 2348 2233 2403 morbo
2262 2348 2571 2415 laborasti,
2602 2364 2800 2422 neque
2826 2350 2971 2405 illud
3002 2352 3379 2422 pertinaciter
3408 2353 3676 2423 tenuisti,

2019 2452 2092 2492 ne
2126 2437 2251 2508 ipse
2291 2437 2560 2510 inceptor
2581 2453 2743 2493 esses
2774 2440 2951 2494 amici
2979 2439 3282 2511 colloquii:
3316 2440 3423 2496 sed
3452 2446 3515 2496 ut
3540 2441 3680 2497 edo-

2019 2530 2148 2581 ctus
2175 2542 2361 2598 quam
2392 2528 2719 2599 magnifica
2738 2543 2808 2583 ex
2840 2528 3173 2585 humilitate
3199 2546 3428 2586 merces
3450 2531 3677 2587 sanctis

2018 2616 2366 2684 eveniat,ita
2390 2616 2619 2686 elegisti
2651 2617 2952 2673 secundas
2982 2619 3260 2691 tenendo,
3286 2620 3451 2691 prior
3472 2637 3567 2677 me
3587 2620 3677 2677 in-

2016 2706 2225 2760 veniri.
2258 2708 2391 2761 HEBC
2421 2706 2581 2761 enim
2630 2706 2725 2761 lex
2755 2712 2843 2762 est
2883 2707 3256 2763 Christianiaa
3288 2708 3574 2773 victoria,
3617 2712 3675 2765 et

2017 2795 2121 2866 qui
2150 2794 2351 2849 minus
2379 2793 2600 2849 habere
2632 2810 2755 2850 non
2785 2802 3044 2861 recusat,
3069 2804 3412 2854 coronatur.
3448 2801 3527 2853 Ne
3564 2798 3675 2867 igi-

2020 2888 2115 2939 tur
2150 2882 2418 2938 desimus
2447 2881 2612 2938 bono
2641 2883 2861 2950 studio,
2892 2899 3028 2939 ecce
3078 2890 3134 2941 et
3178 2901 3290 2940 nos
3322 2886 3675 2954 gravitatem

2018 2976 2188 3027 tuam
2214 2970 2638 3037 resalutamus,
2668 2977 2723 3027 et
2751 2972 2899 3044 quid
2928 2972 3105 3029 nobis
3130 2973 3201 3028 sit
3234 2973 3540 3030 sententiae
3569 2974 3675 3031 de-

2020 3065 2431 3117 monstramus
2458 3078 2470 3116 :
2496 3075 2715 3133 nempe
2744 3060 2984 3118 ﬁrmato
3015 3062 3169 3118 inter
3198 3064 3438 3129 nos,Dei
3462 3064 3673 3133 gratia,

2021 3150 2083 3205 in
2119 3149 2238 3205 ﬁde
2261 3165 2587 3221 consensu,
2622 3150 2771 3206 nihil
2796 3167 2924 3205 esse
2963 3152 3130 3224 quod
3168 3151 3479 3224 impediat,
3528 3169 3677 3225 quo-

2021 3239 2223 3295 minus
2254 3239 2442 3294 simus
2468 3254 2657 3294 unum
2686 3255 2907 3312 corpus
2938 3245 2994 3296 et
3024 3256 3182 3295 unus
3227 3240 3492 3312 spiritus,
3525 3241 3677 3297 sicut

309 3327 467 3383 οὑδεν
519 3331 685 3402 ἕτερον
743 3331 852 3383 ἐστι
881 3335 940 3384 τὸ
997 3328 1280 3405 ἐμποδίζον
1339 3336 1465 3404 πρὸς
1494 3336 1550 3385 τὸ
1597 3331 1724 3385 εἶναι
1775 3335 1913 3406 ἡμᾶς

2027 3328 2219 3385 vocati
2258 3345 2468 3384 sumus
2506 3330 2569 3385 in
2616 3345 2738 3386 una
2768 3346 2873 3402 spe
2905 3346 3010 3401 per
3036 3332 3435 3389 vocationem.
3469 3335 3674 3404 Itaque

309 3421 361 3473 ἓν
425 3428 578 3492 σῶμα
632 3425 721 3473 καὶ
779 3422 826 3473 ἓν
868 3429 1089 3494 πνεῦμα,
1138 3423 1313 3482 καθὼς
1370 3420 1657 3493 ἐκλήθημεν
1715 3421 1762 3473 ἐν
1819 3428 1916 3495 μιᾷ

312 3506 493 3561 ἑλπίδι
546 3505 638 3561 διὰ
676 3518 766 3570 τῆς
812 3510 1066 3571 κλήσεως.
1105 3516 1208 3571 Τῆς
1249 3506 1335 3562 οὖν
1391 3518 1484 3571 σῆς
1519 3511 1657 3562 ἐστιν
1707 3509 1916 3582 ἀγάπης

319 3604 385 3668 τῇ
458 3596 615 3671 ἀγαθῇ
672 3597 817 3673 ἀρχῇ
874 3603 963 3651 καὶ
1010 3603 1074 3652 τὰ
1113 3600 1292 3672 ἐφεξῆς
1345 3596 1655 3665 ἀποδοῦναι,
1711 3620 1914 3653 συστα-

314 3694 422 3740 τεῐν
450 3692 554 3748 (39)
587 3691 675 3761 μὶν
715 3694 834 3762 περὶ
879 3694 1096 3741 σεαυτὸν
1142 3694 1259 3749 τοὺς
1315 3689 1643 3761 ὁμοψύχονς,
1676 3686 1917 3747 δηλῶσαι

312 3773 376 3830 δὲ
414 3782 502 3830 καὶ
530 3782 722 3849 χρόνον
767 3783 857 3832 καὶ
887 3782 1041 3831 τόπον
1094 3786 1185 3839 τῆς
1221 3783 1528 3851 συντυχίας,
1554 3780 1635 3831 ἱνα
1662 3779 1818 3851 οὕτω,
1851 3788 1911 3851 τῇ

386 3956 505 4027 (37)
539 3955 887 4037 ’ᾼμφιλοχίῳ
923 3955 1168 4037 Codices
1197 3972 1427 4037 omnes,
1462 3956 1599 4037 editi
1648 3961 1706 4013 et
1745 3974 1913 4037 mss,

308 4029 472 4085 hanc
503 4027 820 4099 epistolam
840 4027 1175 4082 inscribunt
1192 4028 1632 4099 Amphilochio:
1659 4028 1763 4083 sed
1786 4029 1917 4084 luce

311 4100 537 4157 clarius
559 4099 750 4170 estad
782 4114 921 4153 eum
954 4099 1237 4170 scriptam
1267 4115 1388 4154 non
1410 4099 1611 4155 fuisse:
1636 4116 1745 4154 nec
1765 4100 1853 4156 dif
1877 4119 1917 4152 l-

311 4171 421 4227 cile
437 4175 525 4225 est
538 4169 829 4241 conjicere
843 4169 919 4223 ad
938 4169 1101 4225 illum
1123 4172 1470 4241 episcopum
1491 4170 1695 4226 datam
1714 4170 1915 4236 fuisse,

310 4243 386 4299 de
409 4258 536 4314 quo
556 4241 778 4314 mentio
800 4240 960 4314 facta
976 4242 1036 4295 in
1057 4240 1307 4314 epistola
1327 4240 1919 4314 praecedenti.Suspi-

312 4310 485 4385 catur
514 4310 921 4385 Tillemontius
950 4310 1112 4385 hanc
1128 4310 1758 4385 epistol—amscriptam
1788 4310 1919 4385 esse

314 4386 393 4441 ad
428 4384 691 4456 aliquem
726 4399 799 4439 ex
846 4383 1037 4456 Lyciae
1078 4384 1395 4456 episcopis,
1430 4383 1503 4438 de
1530 4383 1750 4456 quibus
1798 4384 1921 4456 agit

316 4456 567 4512 Basilius
595 4455 657 4508 in
689 4455 940 4526 epistola
965 4458 1088 4526 218,
1125 4455 1463 4510 Cum'enim
1490 4455 1781 4510 audiisset
1808 4455 1920 4510 hos

314 4528 640 4600 episcopos
662 4525 740 4581 ab
769 4526 1000 4600 Arianis
1034 4525 1261 4600 alienos
1290 4542 1439 4600 esse,
1473 4531 1528 4580 et
1556 4527 1742 4600 ipsius
1763 4542 1921 4600 com-

314 4596 673 4669 munionem
695 4597 976 4668 amplecti
1000 4596 1189 4669 velle;
1218 4597 1453 4669 scripsit
1482 4596 1916 4669 Amphilochio,

2023 3417 2328 3474 charitatis
2354 3422 2471 3473 tuae
2501 3417 2779 3479 est,bono
2804 3418 2971 3475 initio
2988 3423 3044 3475 et
3068 3435 3203 3491 quae
3221 3425 3676 3493 consequuntur

2022 3508 2301 3579 adjicere,
2352 3508 2669 3563 unanimes
2712 3513 2848 3564 tuos
2902 3513 3099 3565 tecum
3158 3510 3547 3581 conjungere,
3604 3526 3675 3568 ac

2022 3602 2260 3670 tempus
2291 3602 2348 3653 et
2376 3597 2575 3651 locum
2619 3612 2981 3667 congressus
3013 3599 3303 3670 indicare,
3335 3605 3400 3656 ut
3428 3601 3531 3663 sic.
3575 3601 3677 3656 Dei

2023 3686 2215 3757 gratia
2243 3702 2354 3743 nos
2383 3686 2637 3742 invicem
2665 3688 3052 3759 excipientes,
3088 3688 3168 3744 ad
3216 3690 3478 3761 priscam
3531 3688 3673 3745 dile-

2023 3776 2234 3832 ctionis
2267 3776 2525 3831 formam
2558 3776 2852 3833 Ecclesias
2878 3777 3319 3849 gubernemus;
3350 3776 3562 3834 fratres
3601 3795 3674 3835 ex

2022 3960 2365 4028 recensetur
2418 3955 2570 4028 inter
2609 3971 2713 4028 eos
2760 3956 2865 4028 qui
2915 3956 3113 4028 Basilii
3183 3956 3674 4028 communionem

2025 4025 2393 4100 appetebant
2405 4042 2431 4100 _:
2466 4027 2569 4100 sed
2593 4025 3080 4100 tribus—ejusdem
3112 4027 3279 4082 urbis
3309 4028 3675 4100 presbyteris

2024 4096 2152 4191 big?
2179 4096 2622 4191 laus‘iribuit'ur,
2649 4097 2816 4169 quod
2836 4096 3677 4191 argumentpest‘episco'pulm

2024 4168 2719 4249 male_audiisse.-Longe
2750 4184 2892 4237 ergo
2948 4169 3319 4249 probabilior
3357 4168 3486 4249 alia
3503 4168 3650 4249 :l‘ille

2025 4239 2237 4312 montii
2280 4239 2647 4309 conjectura,
2683 4244 2839 4295 hanc
2869 4239 3181 4311 epistolam
3207 4241 3451 4297 inscribi
3498 4243 3675 4312 Sym-

2070 4312 2146 4379 io,
2179 4310 2253 4383 de
2294 4326 2426 4383 quo
2445 4312 2504 4365 in
2549 4312 2717 4381 epist.
2758 4310 3153 4383 praecedenti,
3196 4312 3319 4366 sive
3353 4310 3674 4383 Symposio

2070 4328 2146 4379 10,
2179 4328 2253 4365 ae
2294 4328 2504 4381 quom
2549 4328 2717 4381 eplsn
2775 4328 3153 4382 praecedenti,
3196 4328 3319 4366 Sive
3353 4328 3674 4383 eymposto

2024 4328 2307 4439 I5)eleuciaa
2337 4381 2640 4453 episcopo,
2664 4382 2766 4451 qui
2793 4381 3045 4437 concilio
3078 4382 3676 4453 Constantinopolita-

2026 4470 2105 4509 no
2134 4452 2395 4508 interfuit
2420 4467 2581 4507 anno
2608 4456 2733 4508 381.
2788 4456 2917 4508 Haec
2966 4452 3256 4507 sententia
3286 4452 3677 4509 conﬁrmatur

2027 4541 2097 4603 ex
2151 4524 2324 4595 epist.
2376 4527 2501 4591 204,
2540 4524 2601 4577 in
2647 4539 2782 4603 qua
2822 4522 3069 4603 Basilius
3095 4524 3330 4579 Isauros
3360 4529 3676 4603 enumerat

2027 4594 2354 4651 inter’suos
2383 4594 3138 4652 communicatores.t'orro
3163 4610 3343 4650 nemo
3368 4610 3491 4651 non
3521 4594 3679 4652 videt

316 4684 580 4741 eumque
610 4659 880 4741 hortatus
911 4672 1018 4741 est,
1048 4671 1115 4723 ut
1136 4659 1373 4741 illorum
1403 4659 1637 4741 animo-As
1684 4659 1919 4740 pericli-'-
1950 4659 1996 4714 Ι)
2027 4665 2199 4741 facile
2220 4664 2401 4720 fuisse
2430 4664 2686 4741 librariis
2716 4665 2777 4721 in
2800 4665 2891 4721 his
2920 4665 3149 4737 Sympii
3176 4670 3230 4720 et
3258 4666 3677 4741 Symposiivo-

315 4738 567 4814 teretur,
618 4739 760 4814 Inde
807 4740 1045 4810 conjicit
1093 4738 1497 4814 Tillemontius
1544 4738 1805 4814 aliquem
1850 4755 1923 4814 ex_

315 4813 430 4869 illis
459 4810 785 4882 episcopis,
813 4816 1061 4882 accepta
1089 4811 1487 4882 Amphilochii
1532 4810 1803 4882 epistola,
1843 4810 1923 4866 ad

318 4881 602 4940 Basilium
635 4881 1123 4954 sCripsissefSed
1172 4881 1409 4953 tempus
1466 4881 1604 4954 non,
1638 4881 1918 4954 quadrat.

317 4960 466 5013 Cum
506 4954 668 5025 enim
701 4952 1198 5025 verisimillimum
1238 4952 1487 5008 sithanc
1518 4952 1833 5025 epistolam
1860 4953 1922 5025 in

318 5024 678 5100 praecedenti
702 5024 950 5100 indicari
977 5030 1029 5079 et
1058 5023 1655 5100 designari;cu_mque
1671 5023 1923 5095 epistola

316 5094 441 5162 '218,
472 5098 535 5152 in
566 5110 688 5166 qua
714 5095 788 5150 de
814 5095 1112 5167 episcopis
1146 5095 1334 5167 Lyciae
1376 5094 1592 5164 agitur,
1626 5094 1786 5149 anno
1818 5100 1919 5151 375

317 5170 538 5239 scripta
570 5168 644 5221 sit
674 5171 822 5239 _pos_t
861 5167 1119 5239 reditum
1158 5183 1230 5221 ex
1282 5169 1506 5239 Ponto;
1539 5182 1783 5221 necesse
1834 5170 1923 5239 est

314 5237 450 5295 hoc
471 5238 607 5294 loco
635 5237 799 5292 aliud
830 5238 1156 5307 negotium,
1191 5253 1261 5292 ac
1292 5237 1465 5299 alios.
1494 5253 1691 5309 quam
1711 5237 1917 5308 Lyciae,

312 5312 633 5378 episcopos
664 5308 1007 5378 intelligere.
1056 5309 1274 5363 Deinde
1321 5324 1481 5378 vero,
1515 5307 1595 5363 ἰιι
1638 5307 1923 5364 observat

312 5378 473 5438 idem
505 5378 899 5451 doctissimus
927 5378 1435 5451 scriptor,videtur
1465 5378 1919 5451 episcopus,cui

314 5450 819 5529 scribitﬁBasilius,
850 5449 1346 5529 metropolitanus
1370 5449 1554 5505 fuisse
1580 5466 1592 5516 ;
1622 5449 1920 5529 siquidem

314 5529 486 5595 rogat
519 5522 773 5579 Basilius
820 5526 884 5578 ut
939 5521 1806 5595 unanimeshsuosconsociet,
1850 5536 1921 5595 ac

313 5591 511 5651 locum
539 5598 596 5648 et
623 5600 862 5664 tempus
894 5592 1293 5648 conveniendi
1346 5592 1640 5664 designet.
1673 5596 1745 5647 At
1791 5591 1918 5663 epi-

315 5681 535 5739 scopus
564 5663 762 5738 lyrae,
780 5665 885 5736 qui
909 5664 1105 5740 Lycia
1124 5663 1624 5738 metropolitanus
1648 5666 1923 5728 erat,non

2030 4737 2201 4809 cibus
2230 4738 2863 4809 errare.Quaecumque
2892 4742 3093 4792 autem
3121 4742 3417 4809 statuatur
3446 4738 3676 4809 opinio,

2026 4808 2197 4881 facile
2217 4807 2574 4879 perspicitur
2593 4807 3019 4881 gravissimum
3040 4823 3170 4862 esse
3191 4808 3258 4881 in»
3274 4808 3439 4881 titulo
3460 4807 3678 4881 episto-

2030 4879 2100 4958 με
2132 4884 2413 4941 erratum.
2460 4881 2663 4958 Neque
2716 4880 2876 4958 enim
2905 4879 2979 4933 de
3004 4878 3677 4958 reconciliatione'Ba‘si-

2027 4950 2143 5005 lius
2197 4964 2374 5019 agere
2406 4949 2600 5019 potuit
2652 4964 2791 5003 cum
2848 4949 3285 5021 Amphilochia,
3339 4967 3476 5005 cum
3526 4951 3679 5007 inter

2030 5026 2354 5091 utrumque
2376 5034 2615 5090 semper
2634 5020 2917 5075 exstiterit
2942 5020 3282 5077 arctissima
3310 5020 3675 5089 conjunctio.

2101 5094 2205 5161 (38)
2236 5091 2411 5157 Ἡμῖν.
2463 5091 2750 5164 Quamvis
2780 5092 2839 5146 in
2862 5097 3127 5164 quatuor
3155 5093 3457 5150 veteribus
3502 5091 3675 5164 libris

2028 5162 2261 5243 legatur
2286 5164 2426 5243 sua,
2462 5163 2654 5243 magis
2682 5161 2900 5243 tamen
2931 5163 3150 5243 arridet
3182 5164 3474 5243 scriptura
3503 5161 3674 5216 codi-

2030 5250 2174 5312 cum
2213 5233 2386 5312 Cois].
2418 5235 2595 5312 primi
2646 5239 2700 5289 et
2730 5234 2875 5312 Med.
2909 5234 3014 5306 qui
3052 5233 3393 5312 cumeditis
3425 5247 3675 5312 consen-

2030 5306 2198 5359 tiunt.
2228 5307 2291 5359 ln
2315 5302 2623 5361 Hariaeano
2646 5311 2847 5360 autem
2874 5302 2995 5361 non
3027 5310 3215 5373 exstat
3245 5305 3373 5359 haec
3400 5302 3671 5373 epislola.

2031 5375 2211 5431 I‘aulo
2240 5382 2377 5447 post
2405 5376 2564 5447 idem
2598 5376 2773 5431 Cois].
2797 5378 3029 5447 primus
3054 5371 3231 5428 ἑλπίδι
3266 5382 3356 5434 τῆς
3394 5371 3625 5435 πίστεως
3657 5390 3670 5404 ο

2030 5444 2344 5525 Medicaeus
2382 5444 2673 5525 amto‘trﬁ;
2699 5444 2951 5508 κλήσεως.
3211 5515 3244 5525 Δ.
3341 5514 3351 5525 ⁸
3423 5513 3434 5524 .
3512 5514 3522 5525 _

2101 5521 2211 5587 (39)
2237 5526 2531 5575 Συστατεῐν.
2550 5520 2796 5577 Codices
2827 5525 2945 5575 tres
2974 5532 3096 5573 non
3125 5519 3528 5588 antiquissimi
3555 5536 3675 5572 συν-

2030 5608 2253 5645 ταττειν.

2101 5665 2117 5681 ⁸
2142 5661 2304 5719 Alias
2332 5660 2688 5719 CCCXCVIII.
2725 5658 2955 5731 Scripta
2983 5671 3144 5716 anno
3169 5660 3296 5722 374.
