4062 6214
454 222 557 277 707

1836 218 1894 273 S.
1926 217 2176 273 BASILII
2211 217 2303 274 MA
2314 216 2429 273 GNl

3705 224 3808 277 708

455 348 513 402 et
558 342 785 400 meritis
833 341 950 397 tuis
982 340 1232 412 majore,
1262 340 1504 396 veniam
1534 339 1645 396 tibi
1672 355 1709 395 a
1745 340 1925 396 nobis
1952 340 2104 396 dari.

2225 344 2318 392 τινὶ
2346 338 2651 411 ἐγχειρήσει
2684 341 2773 390 καὶ
2804 336 3184 412 ὑπερϐαινούση
3217 357 3309 391 σου
3345 344 3440 399 τὴν
3471 339 3639 412 ἀξίαν,
3677 360 3809 413 συγ-

460 436 673 490 Verum
698 430 1102 504 praetermissa
1150 430 1265 486 hac
1318 429 1531 493 ironia,
1567 429 1761 486 scribe
1818 429 1996 485 nobis
2028 428 2109 485 ad

457 538 703 582 omnem
747 521 1151 577 occasionem.
1200 521 1332 576 Sive
1384 520 1543 576 enim
1575 520 1932 593 eloquentize
1988 535 2107 576 non

461 629 594 669 sum
646 626 884 683 expers,
936 609 1270 681 eloquentis
1308 610 1419 665 viri
1466 608 1689 665 litteras
1718 608 2109 665 libentissime

438 702 700 772 legam:
745 700 871 755 sive
929 704 1227 770 quantum
1276 699 1352 754 sit
1406 698 1715 754 charitatis
1770 698 2024 766 bonum,
2077 712 2109 753 θ

459 792 765 865 Scriptura
792 789 995 857 didici,
1024 789 1295 865 maximo
1321 805 1569 861 prorsus
1593 790 1652 844 in
1680 789 1869 861 pretio
1892 794 1977 845 est
2006 789 2110 844 bo-

456 882 639 937 minis
692 895 788 935 me
836 878 1137 947 diligentis
1192 877 1583 950 colloquium.
1615 878 1849 935 Utinam
1907 882 2109 934 autem

456 969 803 1043 perscribas
828 982 961 1040 qua!
1004 967 1112 1023 tibi
1147 983 1363 1039 precor
1391 967 1573 1033 bona,
1594 968 1864 1039 corporis
1885 966 2111 1023 valetu-

458 1060 682 1129 dinem,
713 1073 783 1113 ac
804 1056 1022 1112 domus
1045 1056 1225 1112 totius
1257 1057 1716 1128 prosperitatem
1742 1057 1754 1112 !
1788 1058 1918 1112 lam
1944 1054 2111 1128 quod

459 1148 537 1205 ad
568 1162 662 1203 res
688 1150 925 1201 nostras
958 1149 1209 1217 spectat,
1242 1147 1390 1200 scito
1439 1160 1545 1201 eas
1595 1145 1770 1201 solito
1808 1161 1931 1201 non
1978 1160 2111 1200 esse

457 1236 911 1295 tolerabiliores.
959 1235 1110 1292 Satis
1147 1240 1349 1291 autem
1380 1236 1489 1291 erit
1526 1236 1642 1291 hoc
1668 1235 1886 1305 dicere,
1918 1241 1983 1292 ut
2008 1235 2112 1293 tibi

459 1325 730 1399 corporis
796 1323 986 1379 nostri
1054 1324 1373 1379 infirmitas
1439 1324 1901 1380 demonstretur.
1962 1327 2112 1381 Nam

459 1414 657 1471 morbi
676 1429 839 1468 nunc
870 1412 1188 1467 detinentis
1237 1413 1740 1482 magnitudinem,
1771 1429 1881 1469 nec
1908 1413 2110 1469 verbis

459 1505 873 1560 demonstrare
900 1499 1094 1561 facile.
1125 1517 1235 1557 nec
1265 1517 1329 1557 re
1362 1502 1727 1573 persuadere
1766 1524 1779 1558 :
1812 1502 2113 1575 siquidem

456 1592 528 1649 iis
557 1607 695 1665 quae
727 1606 1000 1659 noveras,
1034 1592 1232 1661 majus
1271 1590 1591 1663 quidpiam
1640 1608 1676 1648 a
1706 1591 1882 1647 nobis
1912 1592 1991 1648 ad
2019 1592 2114 1648 in-

458 1680 800 1737 ﬁrmitatem
837 1682 1149 1735 inventum
1180 1684 1290 1736 est.
1340 1682 1475 1736 Jam
1524 1680 1623 1736 Dei
1662 1680 1808 1736 boni
1837 1696 1992 1753 opus
2024 1685 2115 1737 est

457 1770 616 1827 vires
646 1769 795 1825 mihi
850 1768 1146 1835 sufﬁcere,
1182 1773 1247 1825 ut
1276 1770 1571 1841 patienter
1618 1769 1807 1825 feram
1855 1769 2111 1826 inﬂictas

460 1860 728 1933 corporis
756 1860 835 1917 ad
875 1865 1148 1915 nostram
1193 1860 1511 1917 utilitatem
1540 1859 1754 1933 plagas
1785 1860 1865 1918 ab
1892 1875 1963 1917 eo
2007 1860 2114 1934 qui

458 1949 615 2007 bene
644 1949 822 2006 nobis
848 1948 991 2006 facit
1012 1951 1154 2005 Deo.

984 2091 1327 2147 EPISTOLA
1365 2091 1584 2148 CXCV".

2215 436 2429 501 γνώμης
2478 427 2600 503 παρ’
2640 430 2785 500 ἡμῶν
2839 430 3140 499 τυγχάνειν.
3187 428 3363 498 Ἀλλὰ,
3411 438 3503 491 τοῖς
3556 432 3814 505 εἰρωνείας

2216 520 2411 580 ταύτης
2438 517 2698 590 ἀφέμενος,
2723 516 2984 569 ἐπίστελλε
3013 519 3134 589 ὑμῖν
3166 515 3260 569 διὰ
3284 521 3460 580 πάσης
3489 524 3808 592 προφάσεως,

2218 610 2335 659 Εἴτε
2363 610 2461 680 γὰρ
2512 608 2635 679 ἡμῖν
2666 605 2830 677 λόγων
2860 611 3117 678 μέτεστιν,
3169 603 3371 665 ἣδιστα
3414 607 3590 681 λογίου
3624 607 3812 684 ἀνδρὸς

2216 698 2524 768 γράμμασιν
2573 694 2908 767 ἐντευξόμεθα
2936 696 3082 765 (51)’
3116 698 3215 748 εἴτε
3263 701 3439 749 καὶτὸ
3470 707 3562 760 τῆς
3607 698 3812 770 ἀγάπης

2217 784 2370 837 καλὸν
2401 787 2520 837 ὅσον
2548 783 2678 856 ἐστὶ,
2708 786 2853 857 ποιρά
2898 793 2986 844 τῆς
3034 791 3237 860 Γραφῆς
3283 784 3695 860 πεπαιδεύμεθα,
3722 795 3811 841 τοῦ

2217 878 2409 936 παντὸς
2440 874 2587 937 ἀξίαν
2611 876 2854 946 τιθέμεθα
2879 870 3070 946 ἀνδρὸς
3097 874 3395 946 ἀγαπῶντος
3417 878 3558 949 ἡμᾶς
3585 877 3811 950 ὁμιλίαν.

2219 967 2310 1022 Εἵη
2344 961 2404 1016 δέ
2436 983 2493 1016 σε
2520 962 2788 1035 γράφεινζᾶ
2812 963 3076 1037 εὐχόμεθά
3099 984 3184 1016 σοι
3214 964 3405 1036 ἀγαθὰ,
3430 968 3604 1037 ὑγείαν
3638 974 3811 1040 σώμα-

2218 1074 2324 1121 τος,
2362 1058 2453 1105 καὶ
2492 1054 2730 1110 εὐθηνίαν
2770 1056 2914 1104 οἴκου
2944 1054 3162 1115 παντοςῐ
3197 1057 3272 1106 Τά
3299 1050 3358 1107 δὲ
3388 1057 3611 1128 ἡμέτερα
3644 1054 3811 1129 μηδὲν

2220 1142 2521 1215 ἀνεκτότερα
2579 1146 2804 1214 γίνωσκε
2858 1149 2951 1203 τῆς
2994 1145 3274 1206 συνηθείας
3335 1140 3483 1200 εἶναι.
3531 1146 3703 1221 Ἀρκεῖ
3754 1143 3813 1199 δῖ

2217 1239 2462 1285 τοσοῦτον
2520 1230 2699 1300 εἰπεῖν,
2761 1236 2850 1283 καὶ
2898 1227 3229 1294 ἐνδείξασθαὶ
3280 1252 3363 1285 σοι
3428 1242 3518 1286 τοῦ
3573 1242 3813 1307 σώματος

2220 1325 2367 1394 ἡμῶν
2397 1326 2489 1379 τὴν
2522 1319 2806 1375 ἀσθένειαν.
2829 1326 2933 1379 Τὴν
2963 1324 3064 1395 γὰρ
3095 1329 3183 1373 νῦν
3212 1326 3545 1394 κατέχουσαν
3574 1327 3711 1397 ἡμᾶς
3745 1326 3816 1389 εἰς

2219 1414 2278 1463 τὸ
2311 1410 2591 1485 ἀρρωστεῖν
2619 1407 2927 1482 ὑπερϐολὴν,
2955 1412 3072 1461 οὔτε
3099 1408 3236 1482 λόγῳ
3268 1408 3570 1473 ἐδείξασθαι
3604 1410 3811 1486 ῥᾴδιον,

2222 1502 2339 1552 οὔτε
2387 1502 2520 1572 ἔργῳ
2550 1499 2829 1556 πεισθῆναι
2853 1517 2865 1529 ο
2918 1500 3054 1571 εἴπερ
3107 1497 3329 1568 ἐκείνων,
3357 1496 3424 1551 ὧν
3462 1501 3616 1564 αὐτὸς
3644 1500 3813 1575 ᾔδεις,

2223 1589 2403 1663 εὑρέθη
2428 1607 2478 1639 τι
2502 1586 2672 1639 πλεῖον
2697 1586 2822 1660 παρ’
2853 1588 2997 1659 ἡμῶν
3030 1586 3096 1646 εἰς
3117 1585 3435 1662 ἀρρωστίαν.
3470 1598 3607 1643 Θεοῦ
3636 1588 3696 1643 δέ
3724 1600 3815 1644 τοῦ

2224 1676 2423 1748 ἀγαθοῦ
2458 1678 2604 1749 ἔργον
2638 1670 2821 1727 δοῦναι
2846 1676 2971 1747 ἡμῖν
3003 1671 3246 1747 δύναμιν,
3266 1679 3392 1750 πρὸς
3416 1680 3473 1729 τὸ
3504 1676 3552 1729 ἐν
3582 1681 3812 1753 ὑπομονῇ

2224 1769 2387 1838 φέρειν
2416 1766 2505 1824 τὰς
2534 1762 2617 1815 ἐπὶ
2651 1767 2964 1835 συμφέροντι
2989 1765 3113 1834 ἡμῖν
3136 1761 3450 1837 ἐπαγομένας
3472 1766 3543 1828 εἰς
3572 1770 3632 1819 τό
3662 1777 3817 1837 σῶμα

2220 1854 2426 1926 πληγὰς
2451 1855 2594 1926 παρὰ
2611 1859 2704 1905 τοῦ
2734 1851 3118 1925 εὐεργετοῦντος
3143 1854 3282 1925 ἡμᾶς
3315 1859 3529 1930 Κυρίου.

2756 2092 3095 2143 ΕΠΙΣΤΟΛΠ
3133 2073 3279 2149 Ρ5Ε’.

514 2217 826 2274 Rationem
850 2214 1048 2271 reddit
1078 2215 1343 2271 Basilius
1368 2230 1479 2272 cur
1507 2230 1649 2273 raro
1680 2216 1905 2273 scribat
1931 2231 1956 2274 .'
1979 2215 2060 2272 ad
2080 2211 2509 2286 postulandum
2541 2226 2578 2269 a
2602 2213 2722 2269 Deo
2752 2212 3008 2270 reditum
3037 2214 3443 2284 episcoporum
3475 2213 3779 2271 hortatur.

630 2355 1008 2426 Euphronio,
1034 2356 1307 2425 episcopo
1334 2356 1600 2413 Colonia
1628 2357 1951 2413 Armeniae.

531 2481 853 2552 Propterea
879 2479 1047 2552 quod
1076 2479 1256 2549 longe
1282 2480 1496 2537 dissita
1538 2485 1627 2537 est
1655 2497 1691 2538 a
1716 2480 1825 2537 viis
1856 2480 2114 2554 publicis

462 2568 731 2639 Colonia,
764 2585 953 2642 quam
986 2568 1091 2625 tibi
1119 2569 1406 2625 Dominus
1439 2570 1899 2641 gubernandam
1933 2569 2118 2626 credi-

461 2659 566 2723 dit,
595 2659 828 2715 etiamsi
889 2674 1048 2731 smpe
1098 2661 1325 2715 caeteris
1374 2659 1625 2715 minoris
1656 2660 1953 2716 Armenias
2001 2650 2118 2716 fra-

460 2749 650 2806 tribus
681 2748 966 2815 scribam,
996 2764 1153 2819 aegre
1186 2754 1387 2806 tamen
1418 2750 1496 2806 ad
1524 2755 1689 2807 tuam
1721 2752 2004 2822 pietatem
2023 2750 2112 2806 lit-

461 2840 619 2893 teras
644 2836 837 2906 mitto,
863 2837 1170 2893 neminem
1215 2854 1469 2911 sperans
1512 2838 1802 2904 futurum,
1830 2838 1934 2910 qui
1980 2837 2114 2894 illas

460 2941 531 2982 eo
562 2940 758 2997 usque
790 2924 1068 2997 perferat.
1104 2926 1248 2982 Cum
1295 2932 1497 2983 autem
1533 2943 1695 2983 nunc
1728 2943 1966 2999 sperem
2011 2930 2115 2983 aut

2422 2357 2705 2429 Εὐφρονίῳ,
2739 2355 3008 2426 ἐπισκόπῳ
3038 2355 3317 2417 Κολωνείας
3346 2357 3638 2432 Ἀρμενίας.

2296 2481 2391 2532 Διὰ
2413 2483 2471 2533 τὸ
2501 2482 2705 2554 μακρὰν
2735 2478 3036 2551 ἀπῳκίσθαι
3064 2488 3164 2532 τῶν
3187 2477 3501 2555 ὁδενομένων
3531 2486 3701 2534 τόπων
3723 2488 3819 2542 τήν

2224 2568 2527 2635 Κολώνειαν,
2558 2574 2618 2628 ἦν
2649 2570 2674 2621 ὁ
2716 2572 2905 2644 Κύριος
2952 2565 3140 2622 ἔδωκεν
3191 2571 3291 2623 ὑπό
3342 2575 3424 2623 σοὶ
3465 2566 3820 2639 διιθύνεσθαι,

2221 2657 2468 2721 πολλάκις
2517 2657 2609 2710 κᾶν
2652 2666 2760 2720 τοῖς
2798 2656 2973 2718 ἄλλοις
3023 2655 3258 2731 ἀδελφοῖς
3306 2658 3677 2732 ἐπιστέλλωμεν
3716 2668 3823 2722 τοῖς

2222 2749 2357 2799 κατὰ
2384 2751 2472 2805 τὴν
2503 2749 2694 2821 μικρὰν
2728 2747 3019 2821 Ἀρμενίαν,
3073 2746 3302 2822 ὀκνηρῶς
3348 2753 3611 2821 πέμπομεν
3642 2753 3821 2824 γράμ-

2220 2857 2363 2911 ματα
2391 2841 2519 2910 πρὸς
2549 2842 2641 2896 τήν
2685 2836 2946 2890 εὐλάϐειάν
2989 2857 3102 2908 σου,
3133 2835 3336 2911 μηδένα
3366 2837 3659 2902 ἐλπίζοντες
3688 2838 3825 2893 εἶναι

2221 2929 2307 2978 τὸν
2333 2930 2523 3001 μέχρις
2554 2925 2753 2979 ἐκείνων
2782 2922 2816 2978 δ
2823 2930 3183 2999 ιακομίζοντα.
3216 2927 3366 2981 Ἀλλὰ
3390 2936 3478 2978 νῦν
3508 2930 3536 2987 ἦ
3572 2928 3727 2981 αὐτόν
3764 2949 3825 2982 σε

458 3018 517 3071 te
543 3014 916 3082 adfuturum,
954 3018 1058 3070 aut
1088 3016 1405 3087 epistolam
1446 3018 1523 3073 ab
1562 3017 1862 3089 episcopis
1891 3016 2113 3089 quibus

2225 3019 2544 3093 παρέσεσθαι
2598 3011 3032 3091 προσδοκῶντες,
3087 3018 3116 3076 ἣ
3179 3013 3674 3090 διαπεμφθήσεσθαι
3723 3023 3823 3076 τὴν

462 3103 679 3175 scribo,
710 3119 841 3159 esse
869 3104 1040 3175 287
1072 3105 1149 3161 ad
1194 3111 1247 3161 te
1288 3106 1849 3174 transmittendam;
1893 3110 1950 3162 et
1996 3110 2113 3162 tum

460 3192 660 3249 scribo
699 3192 922 3263 pietati,
955 3198 1013 3249 et
1064 3198 1118 3248 te
1165 3208 1274 3264 per
1325 3192 1550 3251 litteras
1598 3194 1833 3263 saluto;
1866 3211 2005 3251 cum
2058 3199 2113 3251 te

459 3280 773 3337 certiorem
804 3280 1030 3336 faciens
1081 3281 1273 3337 videri
1328 3298 1426 3338 me
1483 3284 1681 3340 adhuc
1718 3283 1779 3340 in
1806 3289 1963 3341 terra
1989 3299 2115 3340 ver-

459 3370 612 3437 sari;
680 3373 811 3425 tum
872 3369 1224 3433 adhortans,
1279 3386 1390 3443 pro
1437 3388 1535 3427 me
1597 3377 1661 3428 ut
1714 3374 1995 3444 preceris,
2050 3376 2115 3429 ut

459 3472 763 3515 aerumnas
817 3473 889 3513 ac
948 3456 1325 3514 calamitates
1392 3459 1627 3516 minuat
1691 3461 2003 3529 Dominus,
2058 3464 2116 3517 et

456 3546 786 3603 vehemens
838 3545 986 3603 illud
1016 3546 1244 3603 doloris
1304 3548 1570 3620 pondus,
1617 3565 1781 3606 nunc
1830 3550 2114 3607 cordibus

456 3638 680 3694 nostris
718 3636 1147 3701 incumbentis,
1198 3636 1378 3694 veluti
1432 3638 1660 3695 nubem
1693 3641 2049 3712 quamdam,
2078 3656 2114 3697 a

455 3726 634 3783 nobis
667 3726 1045 3783 submoveat.
1098 3727 1222 3783 Hoc
1272 3734 1474 3785 autem
1519 3730 1845 3801 continget,
1877 3730 1928 3786 si
1966 3729 2114 3786 cele-

458 3832 584 3873 rem
649 3816 751 3872 det
807 3816 1067 3873 reditum
1122 3816 1592 3887 religiosissimis
1650 3819 1969 3892 episcopis,
2010 3819 2115 3891 qui

456 3920 618 3962 nunc
649 3905 909 3978 dispersi
931 3911 1091 3975 sunt,
1125 3922 1340 3979 poenas
1366 3923 1476 3981 pro
1506 3910 1728 3981 pietate
1757 3909 2112 3982 pendentes.

954 4065 1298 4123 EPISTOLA
1339 4068 1605 4123 CXCVI“.

2223 3105 2500 3164 ἐπιστολὴν
2543 3108 2688 3179 παρὰ
2735 3113 2833 3156 τῶν
2887 3103 3181 3158 ἐπισκόπων
3209 3107 3287 3167 οἶς
3320 3106 3698 3180 ἐπεστείλαμεν,
3727 3113 3826 3161 καὶ

2220 3198 2482 3269 γράφομεν
2510 3202 2572 3266 τῇ
2603 3193 2839 3266 εὐλαϐείᾳ
2881 3214 2995 3262 σου,
3028 3200 3117 3247 καὶ
3158 3199 3612 3271 προσαγορεύομέν
3642 3216 3699 3249 σε
3728 3193 3829 3249 διὰ

2221 3284 2313 3336 τοῦ
2342 3286 2672 3358 γράμματος,
2726 3284 2855 3355 ὁμοῦ
2895 3286 2985 3356 μὲν
3036 3290 3394 3357 σημαίνοντες,
3433 3288 3512 3337 ὅτι
3565 3281 3829 3358 δοκοῦμεν

2222 3375 2299 3426 ἔτι
2329 3372 2458 3426 εἶναι
2501 3374 2626 3446 ὑπὲρ
2676 3380 2771 3432 τῆς
2819 3379 2932 3443 γῆς,
2962 3375 3091 3445 ὁμοῦ
3120 3370 3178 3426 δὲ
3207 3374 3621 3449 παρακαλοῦντες
3644 3395 3829 3450 προσ-

2223 3464 2477 3534 εὐχεσθαι
2542 3464 2668 3534 ὑπὲρ
2718 3463 2885 3533 ἡμῶν,
2944 3462 3027 3513 ἵνα
3076 3464 3101 3513 ὁ
3168 3466 3355 3536 Κύριος
3414 3462 3679 3537 ἐλαττώσῃ
3728 3468 3832 3528 τὰς

2225 3551 2441 3622 θλίψεις,
2473 3555 2561 3603 καὶ
2592 3554 2650 3602 τὸ
2678 3550 2808 3602 πολύ
2846 3558 2998 3604 τοῦτο
3032 3550 3196 3625 βάρος
3224 3561 3316 3613 τῆς
3361 3550 3552 3616 ὀδύνης
3593 3563 3691 3617 τῆς
3733 3562 3830 3606 νῦν

2223 3641 2547 3713 ἐπικειμένης
2570 3648 2686 3702 ταῖς
2711 3636 2960 3715 καρδίαις
2983 3644 3148 3713 ἡμῶν,
3175 3643 3280 3694 οἶόν
3305 3663 3355 3695 τι
3376 3648 3536 3717 νέφος,
3565 3643 3650 3716 ἀφ’
3672 3647 3831 3715 ἡμῶν

2225 3729 2494 3802 ἀπαγάγῃ.
2514 3728 2702 3782 Ἐσται
2730 3725 2789 3782 δε
2807 3738 2956 3782 τοῦτο
2987 3729 3070 3783 ἐὰν
3091 3739 3310 3803 ταχεῖαν
3342 3729 3419 3803 δῷ
3444 3737 3537 3791 τὴν
3567 3730 3831 3785 ἐπάνοδον

2223 3827 2332 3881 τοῖς
2392 3817 2804 3891 θεοφιλεστάτοις
2856 3819 3184 3888 ἐπισκόποις,
3234 3820 3283 3874 οἱ
3337 3829 3425 3873 νῦν
3474 3822 3604 3875 εἰσιν
3659 3820 3711 3874 ἐν
3756 3831 3829 3897 τῇ

2227 3904 2515 3982 διασπορᾷ,
2546 3904 2702 3971 δικας
2732 3904 2971 3971 διδόντες
3000 3910 3126 3983 ὑπερ
3153 3918 3249 3973 τῆς
3271 3910 3552 3973 εὐσεϐείας.

2758 4074 3099 4124 ΕΠΙΣΤΟΛΗ
3139 4055 3283 4136 Ρὸςκ

458 4186 730 4244 Basilius
754 4185 1026 4260 Aburgio
1057 4190 1413 4259 gratulatur
1438 4206 1695 4269 summos
1726 4190 2002 4269 honores,
2029 4208 2483 4269 qcprosperum
2516 4194 2741 4269 incepti
2762 4196 2990 4251 exitum
3020 4202 3327 4265 precatur,
3349 4210 3523 4269 seque
3545 4197 3839 4268 gravissi-

1577 4264 1685 4320 mis
1714 4264 1932 4321 morbis
1961 4265 2342 4324 debilitatum
2370 4266 2695 4338 signiﬁcat.

1130 4404 1425 4477 Aburgio.

530 4542 806 4599 Prosilire
854 4545 912 4599 te
977 4543 1165 4600 instar
1228 4544 1559 4617 stellarum,
1619 4548 1804 4605 modo
1848 4547 1911 4604 in
1976 4548 2115 4619 hac,

460 4630 646 4687 modo
703 4631 764 4686 in
822 4631 922 4688 illa
977 4632 1382 4691 barbarorum
1422 4637 1667 4705 regione
1698 4642 2115 4710 apparentem,

460 4732 624 4773 nunc
644 4718 892 4791 quidem
907 4736 1214 4777 annonam
1229 4723 1518 4780 militibus
1535 4725 2115 4795 subministrantem,

460 4822 625 4864 nunc
681 4824 827 4866 vero
904 4809 1255 4883 imperatori
1316 4813 1378 4870 in
1451 4813 1773 4887 splendido
1820 4820 2118 4890 apparatu

529 5238 574 5335 ξ.
590 5245 754 5335 alias
1064 5236 1296 5335 Sacripta
1318 5269 1481 5310 anno
1508 5243 1633 5335 31$.

529 5320 574 5344 "
602 5320 763 5395 Alias
797 5322 1061 5395 CCACLIX.
1085 5320 1317 5395 Scripta
1337 5340 1499 5382 anno
1529 5330 1658 5381 375.

525 5394 638 5471 (ξι)
700 5391 1088 5471 Ἐντςυξόμεᾷα.
1146 5391 1239 5471 Sic
1273 5411 1453 5471 __mss.
1511 5396 1779 5471 codices_
1817 5397 2119 5471 etprima

459 5461 642 5583 edeitio
700 5461 1079 5521 Parisxensis.
1148 5467 1385 5535 Legitur
1438 5467 1501 5523 in
1556 5468 1825 5527 secunda
1876 5461 2121 5535 ἐντευξοί-

460 5550 520 5583 με
558 5552 610 5583 α.

458 5550 610 5602 μευα.

531 5603 634 5674 (52)
692 5607 1051 5682 Στρατιωτικὰ
1101 5610 1428 5687 παρέχοντα.
1484 5610 1579 5671 Sic
1638 5611 1796 5673 Harl.
1856 5616 1914 5674 et
1952 5616 2114 5676 uter-

2867 4407 3176 4485 Ἀϐουργίῳ.

2297 4552 2527 4623 Διάττειν
2587 4570 2643 4605 σε
2692 4571 2758 4613 ως
2813 4555 2933 4616 τοὺς
2996 4551 3235 4627 ἀστέρας,
3289 4552 3466 4607 άλλοτε
3529 4555 3642 4608 κατ’
3701 4556 3836 4611 ἄλλο

2224 4644 2375 4713 μέρος
2427 4648 2518 4701 τῆς
2575 4638 2908 4717 βαρϐαρικῆς
2962 4640 3272 4715 ἀνίσχοντα,
3340 4651 3426 4695 νῦν
3482 4647 3571 4716 μὲν
3618 4652 3845 4719 σιτηρέ-

2227 4748 2319 4781 σια
2376 4734 2732 4803 στρατιωτικὰ
2783 4735 3086 4806 παρέχοντα
3141 4735 3307 4805 (52),
3360 4741 3447 4785 νῦν
3500 4730 3559 4786 δε
3612 4733 3849 4807 βασιλεῖ

2223 4824 2521 4891 φαινόμενον
2596 4823 2726 4893 μετά
2794 4820 3034 4894 λαμπροῦ
3084 4829 3175 4875 τοῦ
3234 4827 3505 4895 σχήματος
3537 4865 3552 4894 ,
3624 4825 3653 4881 ἡ
3729 4832 3851 4876 τῶν

2225 5272 2344 5332 que
2376 5248 2549 5334 coisl.
2582 5266 2718 5317 cum
2760 5250 2904 5334 Reg.
2942 5250 3232 5318 Secundo.
3275 5254 3423 5334 Editi
3466 5266 3539 5332 τῷ
3569 5274 3863 5333 στρατιω-

2225 5339 2376 5406 τικῷ.
2412 5333 2592 5406 Saepe
2632 5334 2691 5389 in
2732 5333 3281 5406 provinciaswextra
3322 5333 3595 5406 ordinem
3631 5334 3867 5389 mitte-

2225 5402 2448 5477 bantur
2483 5402 2597 5477 qui
2654 5402 2962 5461 annonam
3004 5405 3321 5477 militarem
3370 5404 3722 5477 expedirent
3771 5411 3879 5465 et

2227 5473 2572 5548 diligentius
2605 5481 2914 5548 curarent,
2957 5481 3023 5531 ut
3068 5476 3259 5548 docet
3290 5473 3689 5548 Gothofredus
3749 5478 3883 5537 ad

2225 5544 2330 5601 lib.
2381 5563 2460 5620 γη
2509 5546 2644 5603 cod.
2676 5544 2909 5620 Theod.
2951 5550 3161 5620 munus
3211 5547 3513 5620 ejusmodi
3556 5547 3881 5620 Aburgio

2228 5618 2627 5679 commissum
2647 5619 2986 5692 gratulatur
3008 5618 3285 5679 Basilius.
