4092 6210
261 254 373 309 709

1215 244 1716 304 EPISTOLARUM
1754 244 2039 303 CLASSlS
2078 249 2145 303 Il.
2187 250 2397 306 EPIST.
2440 250 2687 309 CXCVII.

3517 264 3624 319 710

262 375 476 447 ἀγαθῶν
526 372 741 446 ἄγγελος
816 377 959 446 φήμη
1046 372 1371 444 ἀγγελλουσα
1452 376 1575 443 ἡμῖν
1637 372 1751 439 (53)
1804 371 1858 422 οὐ

1974 377 2290 439 astantem,
2337 376 2548 431 nuntia
2590 376 2894 435 bonorum
2952 381 3118 440 fama
3171 384 3348 441 nobis
3376 400 3623 444 narrare

264 463 549 519 διαλείπει.
616 464 897 536 Εὗχόμεθα
951 459 1011 516 δὲ
1074 472 1144 534 τῷ
1210 468 1337 534 Θεῷ,
1396 461 1536 534 κατὰ(
1566 461 1716 533 λόγον
1754 461 1867 533 (54)

266 577 354 611 σοι
385 561 673 629 προίοῦσαν
701 558 789 611 τὴν
822 558 909 612 την
941 552 1296 626 ἐπιχείρησιν,
1332 551 1413 605 ἐπὶ
1440 557 1573 625 μέγα
1604 571 1661 604 σε
1683 551 1865 626 προελ-

266 648 395 712 θεῖν,
437 649 527 697 καὶ
572 643 797 715 φανῆναί
851 662 976 694 ποτε
1042 650 1103 715 τῇ
1160 638 1384 714 πατρίδι
1434 644 1525 703 ἕως
1557 639 1706 713 ἐσμεν
1738 642 1862 715 ὑπὲρ

261 743 387 807 γῆς,
458 738 546 785 καὶ
609 736 698 783 τὸν
744 731 871 806 ἀέρα
914 738 1094 784 τοῦτον
1153 730 1423 802 ἁνέλκομεν
1469 730 1604 799 (55).
1664 737 1862 782 Τοσοῦ-

261 844 353 877 τον
398 826 500 895 γὰρ
528 826 767 894 μέτεστιν
793 824 917 894 ἡμῖν
947 828 1037 873 τοῦ
1066 818 1211 893 βίου,
1245 821 1365 872 ὅσον
1407 823 1644 871 ἀναπνεῖν
1685 824 1858 890 μόνον.

764 1004 1103 1052 ΕΠΙΣΤΟΛΗ
1136 998 1281 1085 PCIZ"

1976 477 2098 518 non
2130 470 2345 519 cessat.
2392 468 2577 521 Deum
2610 474 2808 523 autem
2840 487 3067 543 precor,
3101 479 3186 543 ut,
3235 476 3472 549 incepto
3515 477 3624 536 tibi

1974 566 2085 623 pro
2139 553 2363 608 meritis
2417 554 2796 623 succedente,
2853 560 2927 615 ad
2977 578 3269 633 magnum
3325 565 3621 638 quiddam

1975 641 2287 709 eveharis;
2338 649 2393 699 et
2450 644 2696 701 tandem
2742 647 3067 721 aliquando
3117 655 3506 727 conspiciaris
3555 658 3619 713 in

1972 732 2184 803 patria,
2219 732 2367 788 dum
2414 734 2474 789 in
2522 736 2690 791 terris
2732 754 2937 793 versor
2984 746 3161 813 atque
3209 744 3369 801 hunc
3416 762 3620 804 aerem

1972 820 2155 877 duco.
2224 826 2286 876 In
2343 822 2459 878 hoc
2508 824 2667 879 enim
2697 829 2929 883 tantum
2956 829 3091 885 vitae
3124 834 3419 906 particeps
3458 853 3615 906 sum,

1972 911 2138 981 quod
2162 912 2411 984 respiro.

2479 1004 2817 1060 EPISTOLA
2857 1006 3120 1063 CXCVIl'.

255 1107 618 1188 Ambrosius
638 1106 831 1188 missu
852 1106 1085 1188 clericis
1116 1105 1411 1188 Bnasitt'am
1441 1108 1773 1188 rogaverat,
1800 1107 1864 1157 ut
1892 1102 2007 1188 sibi
2034 1119 2250 1188 corpus
2272 1106 2435 1188 beati
2456 1108 2733 1188 Dionysii
2760 1111 3228 1188 Mediolan_ensis
3244 1116 3616 1188 redderetur,

332 1178 653 1260 respondet
692 1178 1090 1260 ejus_litteris
1134 1177 1419 1260 Basilius,
1466 1174 1802 1260 mirabilem
1841 1177 2205 1260 gratulati:an
2230 1179 2593 1260 electionem,
2619 1174 2897 1260 bertamr
2930 1184 3295 1260 qd_Pqt7'um
3326 1174 3621 1260 δεραεηάά

334 1251 971 1331 υρειίρίαηηανζαιᾳιιε
1012 1252 1317 1314 accurate,
1351 1246 1643 1331 quomodo
1676 1260 1889 1331 corpus
1938 1246 2097 1303 beati
2129 1250 2407 1331 Dionysii
2442 1251 2805 1331 a__ﬁdelibus,
2840 1257 2946 1323 qui
2973 1256 3135 1331 illud
3177 1246 3619 1331 custodiebant,

330 1317 722 1392 impetratum
750 1317 961 1388 fuerit,
995 1334 1065 1374 ac
1089 1334 1258 1375 veras
1288 1332 1409 1373 esse
1433 1318 1601 1373 illius
1628 1317 1916 1387 reliquias
1946 1326 2261 1389 asseverat,
2288 1324 2341 1375 et
2372 1323 2713 1378 certissimis
2743 1317 3107 1395 arg'umentz's
3138 1332 3475 1398 conﬁrmat.

548 1424 869 1498 Ἀμϐροσίῳ,
913 1424 1182 1496 ἐπισκόπῳ
1220 1420 1413 1477 Medio)
1423 1427 1576 1478 οίνων.

330 1522 383 1573 1.
424 1515 664 1588 Μεγάλαι
713 1516 793 1567 ἀεὶ
831 1519 919 1567 καὶ
962 1514 1147 1566 πολλαὶ
1186 1522 1277 1565 τοῦ
1330 1518 1587 1566 Δεσπότου
1629 1515 1773 1585 ἡμῶν
1808 1514 1862 1564 αἱ

248 1604 474 1681 δωρεαὶ,
530 1611 620 1657 καὶ
686 1604 801 1657 οὔτε
859 1607 916 1656 τὸ
969 1605 1182 1675 μέγεθος
1217 1603 1384 1655 αὐτῶν
1433 1606 1708 1676 μετρητὸν,
1744 1605 1860 1654 οὔτε

244 1700 309 1749 τὸ
337 1696 538 1756 πλῆθος
566 1692 875 1767 ἀριθμητὸν.
916 1698 1028 1746 Μία
1080 1689 1138 1745 δὲ
1203 1700 1303 1744 τῶν
1359 1697 1619 1764 μεγίστων
1653 1688 1859 1765 δωρεῶν

2232 1426 2565 1493 Ambrosio,
2589 1429 2859 1497 episcopo
2886 1432 3339 1491 Medz‘olanensi.

2044 1518 2089 1567 1.
2126 1515 2335 1583 Magna
2366 1530 2604 1586 semper
2633 1521 2690 1572 et
2719 1518 2907 1574 multa
2938 1522 3171 1577 Domini
3202 1525 3394 1579 nostri
3431 1524 3617 1596 dona,

1969 1614 2078 1656 nec
2110 1618 2317 1657 eorum
2362 1604 2839 1673 magnitudinem
2881 1609 3092 1677 metiri,
3136 1616 3239 1667 aut
3286 1613 3618 1670 multitudi-

1968 1704 2106 1745 nem
2138 1691 2227 1745 fas
2273 1696 2360 1747 est
2391 1708 2726 1749 numerare.
2768 1698 2962 1751 Unum
2995 1704 3195 1755 autem
3226 1717 3297 1756 ex
3333 1702 3618 1759 maximis

245 1786 372 1840 ἐστι
414 1794 520 1847 τοῖς
562 1784 888 1846 εὐαισθήτως
945 1780 1254 1856 δεχομένοις
1282 1785 1375 1844 τὰς
1427 1785 1659 1857 χάριτας
1687 1787 1776 1833 καὶ
1824 1783 1853 1839 ἡ

1974 1778 2164 1849 donis,
2196 1779 2343 1835 illud
2385 1781 2564 1837 etiam
2601 1788 2690 1838 est
2719 1783 2811 1839 his
2854 1786 2957 1857 qui
2988 1802 3111 1842 non
3144 1789 3270 1845 sine
3301 1806 3484 1847 sensu
3512 1793 3616 1849 be-

242 1883 505 1951 παροῦσα
536 1874 689 1944 αὕτη,
723 1876 804 1926 ὅτι
837 1872 1079 1927 πλεῖστον
1118 1875 1232 1942 (56)
1276 1874 1414 1945 ἡμᾶς
1465 1878 1527 1944 τῇ
1583 1874 1719 1924 θέσει
1766 1876 1857 1922 τοῦ

243 1971 420 2019 τόπου
472 1961 824 2037 διῃρημένους
866 1959 1053 2015 ἔδωκεν
1099 1959 1338 2022 eamea;
1378 1962 1734 2014 συνάπτεσθαι
1766 1957 1861 2012 θ’ίὰ

243 2064 349 2116 τῆς
407 2052 456 2105 ἐν
494 2060 599 2113 τοῖς
651 2054 933 2124 γράμμασι
988 2054 1425 2124 προσφωνήσεως.
1479 2054 1580 2103 Καὶ
1618 2054 1857 2121 γνώσεως

240 2149 444 2218 τρόπον
502 2138 678 2195 διττὸν
731 2144 855 2213 ἡμῖν
917 2138 1253 2215 ἐχαρίσατο·
1316 2141 1402 2192 ἕνα
1466 2142 1556 2212 μὲν
1623 2136 1718 2191 δία
1768 2146 1859 2198 τῆς

250 2238 568 2305 συντυχίας,
618 2232 786 2305 ἕτερον
853 2226 912 2282 δί
964 2232 1052 2281 τὸν
1127 2224 1220 2281 διὰ
1274 2236 1369 2290 τῆς
1414 2236 1506 2281 τοῦ
1554 2230 1859 2301 γράμματος

246 2322 481 2395 ὁμιλίας.
522 2321 664 2374 Ἐπεὶ
714 2315 801 2371 οὖν
847 2320 1201 2391 ἐγνωρίσαμέν
1262 2337 1319 2369 σε
1377 2313 1449 2369 δι’
1488 2317 1555 2367 ὧν
1608 2316 1853 2389 ἐφθέγξω.

246 2417 343 2465 καὶ
386 2411 753 2485 ἐγνωρίσαμεν,
799 2407 856 2460 οὗ
900 2411 986 2460 τὸν
1033 2410 1331 2480 σωματικὸν
1381 2414 1703 2480 χαρακτῆρα
1742 2412 1857 2469 ταῖς

249 2505 491 2574 μνήμαις
556 2494 702 2570 ἡμῶν
759 2498 1194 2567 ἐνττπωσάμενοι,
1264 2494 1392 2547 ἀλλὰ
1446 2502 1539 2546 τοῦ
1608 2496 1709 2546 ἔσω
1766 2494 1856 2546 ἀν-

253 2592 470 2664 Θρωπου
516 2589 575 2638 τὸ
636 2585 824 2647 κάλλος
995 2584 1231 2656 ποικιλίᾳ
1263 2591 1361 2636 τῶν
1418 2584 1580 2655 λογων
1624 2603 1859 2657 καταμα-

256 2682 455 2739 Θὸντες,
517 2678 597 2729 ὅτι
664 2677 884 2737 ἕκαστος
923 2676 1067 2747 ἡμῶν
1118 2673 1171 2726 ἐκ
1202 2682 1293 2726 τοῦ
1322 2676 1734 2749 περισσεύματος
1763 2682 1857 2735 τῆς

258 2762 492 2840 καρδίας
532 2764 691 2818 λαλεῖ·
730 2760 1055 2836 ἐδοξάσαμεν
1083 2766 1170 2815 τὸν
1202 2765 1330 2815 Θεὸν
1377 2764 1545 2834 ἡμῶν,
1598 2766 1685 2814 τὸν
1738 2762 1855 2814 καθ’

257 2857 488 2913 ἑκάστην
544 2857 715 2927 γενεὰν
774 2852 1098 2925 ἐκλεγόμενον
1162 2856 1283 2914 τοὺς
1337 2851 1473 2923 αὐτῷ
1523 2850 1856 2926 εὖαρεστοῦν-

254 2964 372 3008 τας’
429 2945 484 3006 ὃς
520 2948 767 3018 πρότερον
819 2944 908 3016 μὲν
958 2940 1011 2993 ἐκ
1070 2950 1169 2993 τῶν
1218 2945 1469 3012 ποιμνίων
1524 2949 1622 2991 τῶν
1666 2938 1859 3015 προϐά-

254 3054 361 3086 των
414 3036 615 3106 ἤγειρεν
671 3034 907 3105 ἄρχοντα
946 3039 1018 3101 τῷ
1074 3030 1181 3101 λαῷ
1235 3029 1416 3082 αὐτοῦ*
1450 3034 1539 3081 καὶ
1562 3032 1647 3081 τὸν
1687 3029 1860 3102 Ἀμώς

1969 1868 2183 1925 beficia
2226 1870 2578 1942 suscipiunt,
2638 1874 2805 1944 quod
2835 1890 2997 1930 nunc
3049 1875 3403 1947 longissime
3438 1881 3617 1937 nobis

1964 1956 2237 2014 locorum
2290 1960 2602 2016 intervallo
2656 1961 3021 2019 distantibus
3078 1965 3241 2024 dedit
3295 1969 3451 2026 inter
3505 1986 3618 2029 nos

1967 2046 2253 2116 conjungi
2283 2062 2389 2119 per
2416 2048 2747 2105 litterarum
2778 2050 3231 2109 allocutionem.
3287 2059 3334 2112 Α
3364 2073 3618 2128 cognos-

1966 2135 2142 2191 cendi
2203 2137 2452 2208 quidem
2501 2138 2755 2195 modum
2784 2139 3090 2213 duplicem
3130 2143 3306 2200 nobis
3347 2146 3618 2219 imperti-

1964 2224 2050 2281 vit
2079 2243 2091 2281 :
2130 2240 2321 2281 unum
2343 2242 2449 2299 per
2479 2243 2894 2299 congressum,
2924 2229 3182 2287 alterum
3208 2249 3352 2291 vero
3395 2250 3502 2308 per
3528 2236 3617 2293 lit-

1965 2318 2228 2371 terarum
2250 2315 2612 2389 colloquium
2630 2360 2643 2373 .
2684 2319 2983 2384 Quoniam
3013 2321 3191 2391 igitur
3220 2324 3618 2395 cognovimus

1965 2407 2020 2459 te
2043 2420 2115 2459 ex
2141 2405 2232 2459 his
2258 2421 2395 2476 qua:
2424 2404 2658 2462 locutus
2688 2423 2749 2463 es
2776 2426 2788 2463 :
2819 2410 3217 2480 cognovimus
3234 2418 3459 2485 autem,
3496 2429 3620 2472 non

1967 2494 2235 2565 corporis
2275 2493 2534 2564 ﬁguram
2566 2497 2871 2554 memoriaa
2919 2504 3136 2556 nostrae
3181 2500 3617 2576 imprimentes,

1967 2582 2073 2637 sed
2100 2582 2364 2638 hominis
2387 2582 2603 2639 interni
2631 2585 3140 2657 pulchritudinem
3166 2606 3237 2647 ex
3269 2608 3619 2650 sermonum

1965 2669 2250 2726 varietate
2315 2671 2765 2743 perspicientes,
2834 2674 3134 2746 siquidem
3200 2681 3619 2753 unusquisque

1965 2763 2243 2815 nostrum
2273 2774 2345 2814 ex
2376 2758 2754 2816 abundantia
2796 2763 2994 2818 cordis
3032 2764 3297 2836 loquitur
3328 2769 3403 2835 68;
3433 2768 3619 2837 glori-

1966 2846 2283 2902 ﬁcavimus
2337 2847 2525 2903 Deum
2583 2854 2853 2905 nostrum
2884 2852 2991 2923 qui
3040 2852 3291 2923 singulis
3339 2856 3616 2913 aetatibus

1967 2935 2127 3005 eligit
2174 2951 2275 2992 eos
2340 2936 2445 3009 qui
2501 2936 2615 3009 ipsi
2659 2937 2915 3009 placent,
2952 2955 3023 2995 ac
3052 2942 3218 3013 prius
3266 2942 3514 3015 quidem
3545 2959 3619 3001 ex

1967 3025 2172 3080 ovium
2200 3039 2376 3097 grege
2410 3026 2718 3082 suscitavit
2765 3027 3099 3101 principem
3149 3031 3374 3103 populo
3404 3047 3537 3101 suo,
3563 3036 3621 3089 et

255 3122 314 3175 ἐκ
362 3130 454 3175 τοῦ
510 3120 747 3175 αἰπολίου
803 3116 1175 3192 ἐνδυναμώσας
1233 3115 1327 3170 διὰ
1387 3126 1479 3171 τοῦ
1542 3121 1857 3191 Πνεύματος,

1974 3119 2150 3171 Amos
2182 3131 2255 3171 ex
2289 3115 2497 3188 caprili
2538 3115 2995 3174 corroboratum
3044 3134 3081 3174 a
3130 3120 3349 3191 Spiritu
3391 3122 3452 3178 in
3484 3137 3619 3193 pro.

254 3212 467 3284 ὕψωσεν
534 3210 604 3273 εἰς
651 3214 941 3285 προφήτηνο
1000 3216 1087 3260 νῦν
1137 3204 1197 3261 δε
1248 3204 1420 3283 ἄνδρα
1473 3206 1527 3259 ἐκ
1566 3216 1660 3269 τῆς
1692 3206 1859 3280 βασι-

251 3301 515 3361 λευούσης
566 3299 781 3369 πόλεως,
825 3297 1000 3374 ἀρχὴν
1048 3297 1167 3349 ὃλου
1216 3298 1392 3357 ἔθνους
1433 3302 1859 3369 πεπιστευμένον,

255 3390 463 3461 ὑψηλὸν
515 3397 588 3460 τῷ
635 3393 947 3464 φρονήματι,
1000 3390 1180 3459 γένους
1243 3385 1595 3461 λαμπρότητι,
1646 3405 1861 3460 περιφα-

257 3484 380 3549 νείᾳ
439 3476 580 3550 βίου,
607 3478 767 3549 λόγων
808 3473 1050 3549 δυνάμει,
1098 3482 1229 3528 πᾶσι
1298 3482 1403 3535 τοῖς
1460 3476 1576 3546 (57)
1610 3477 1747 3526 κατὰ
1775 3479 1859 3527 τὸν

267 3566 393 3641 βίον
440 3565 781 3640 περίϐλεπτον,
845 3565 1077 3619 εἵλκυσεν
1137 3565 1208 3627 εἰς
1273 3569 1366 3622 τὴν
1432 3572 1531 3615 τῶν
1611 3568 1860 3636 ποιμνίων

264 3662 364 3710 τοῦ
402 3662 633 3731 Χριστοῦ
683 3655 990 3729 ἐπιμέλειαν⁸
1044 3654 1159 3722 Ὃς,
1226 3655 1398 3707 πάντα
1448 3652 1609 3728 ῥίψας
1660 3657 1726 3706 τὰ
1771 3662 1861 3707 τοῦ

261 3745 393 3819 βίον
438 3745 877 3817 πλεονεκτήματα,
934 3748 1018 3797 καὶ
1083 3745 1415 3816 ἡγησάμενος
1474 3743 1609 3795 αὐτὰ
1666 3743 1861 3815 ζημίαν

261 3837 349 3888 ἶνα
406 3838 636 3910 Χριστὸν
689 3831 928 3909 κερδήσῃ
962 3836 1073 3905 (58)
1108 3837 1222 3894 τοὺς
1267 3836 1444 3893 οἴακας
1480 3828 1735 3895 δέξασθαι
1774 3832 1861 3884 ἔπ-

260 3928 458 3998 «pain
521 3932 617 3986 τῆς
668 3923 894 3997 μεγάλης
946 3928 1034 3975 καὶ
1078 3922 1391 3997 περιϐοήτου
1436 3925 1557 3983 νηὸς
1584 3920 1664 3974 ἐπὶ
1694 3929 1754 3994 τῇ
1790 3922 1863 3983 εἱς

263 4018 393 4070 Θεὸν
436 4018 633 4079 πίστει,
674 4020 766 4065 τοῦ
820 4020 1057 4087 Χριστοῦ
1114 4011 1441 4073 Ἐκκλησίας.
1481 4010 1611 4082 Ἀγε
1669 4015 1858 4078 τοίνυν,

258 4103 306 4156 ὦ
355 4111 490 4158 Θεοῦ
553 4102 808 4177 ἄνθρωπε,
878 4099 1057 4160 ἐπειδὴ
1105 4100 1164 4154 οὗ
1204 4100 1326 4175 παρ’
1378 4099 1658 4175 ἀνθρώπων
1715 4120 1859 4175 παρ-

257 4193 433 4253 έλαϐες
486 4192 515 4251 ἦ
573 4188 876 4263 ἐδιδάχθης
937 4194 995 4243 τὸ
1057 4190 1371 4263 Εὐαγγέλιον
1453 4196 1544 4241 τοῦ
1602 4196 1859 4264 Χριστοῦ,

258 4280 369 4335 ἀλλ’
418 4281 575 4342 αὐτὸς
624 4298 682 4333 σε
737 4282 763 4331 ὁ
813 4282 999 4354 Κύριος
1061 4277 1162 4332 ἀπὸ
1216 4288 1313 4331 τῶν
1387 4286 1574 4354 κριτῶν
1631 4286 1726 4340 τῆς
1762 4286 1863 4349 γῆς

256 4369 349 4424 ἐπὶ
393 4375 489 4427 τὴν
539 4364 802 4442 καθέδραν
858 4370 972 4441 (59)
1032 4376 1129 4424 τῶν
1185 4366 1487 4422 ἀποστόλων
1562 4369 1860 4441 μετέθηκεν,

335 4496 386 4532 ⁵⁸
425 4493 625 4552 Matth.
650 4508 753 4566 χιι,
785 4494 875 4550 34.

337 4620 456 4690 (53)
494 4616 851 4690 ’Δγγέλλονσα
870 4618 1013 4690 ἡμῖν.
1045 4614 1581 4690 Πιιοᾉγθῒιιεῐίεεὶωἰ
1622 4615 1861 4672 codices

260 4688 447 4768 Coislé
482 4696 538 4746 et
567 4688 719 4768 Πβᾲτ
741 4688 1237 4768 meream
1268 4758 1277 4768 .
1345 4758 1373 4768 η
1418 4758 1428 4768 .

338 4764 454 4832 (54)
496 4764 642 4816 Κατὰ
670 4758 841 4832 λόγον.
884 4759 1076 4815 Mallet
1116 4758 1509 4815 Combefisius
1554 4760 1690 4832 κατὰ
1720 4764 1857 4832 νοῦν.

261 4834 383 4893 Sed
417 4830 647 4889 inutilis
706 4830 863 4887 illius
913 4834 1274 4902 conjectura.
1332 4830 1863 4896 Quemadmodum

260 4907 428 4962 enim
455 4904 674 4960 dicitur
708 4902 997 4977 παραλογος
1026 4904 1287 4977 συμφορά,
1322 4902 1863 4977 (ςᾳιαῃέιιᾳε-ίηορί-

258 4984 436 5043 nata,
461 4982 528 5031 ut
556 4980 643 5031 est
668 4972 834 5046 apud
858 4972 1239 5046 Plutarchum
1270 4974 1436 5046 initio
1457 4972 1594 5028 libri
1624 4974 1705 5027 De
1730 4988 1865 5046 con-

260 5051 599 5115 solatione;
636 5044 743 5101 cur
773 5060 894 5101 non
922 5045 1101 5101 etiam
1144 5044 1379 5099 dicatur
1416 5045 1724 5114 inceptum
1754 5044 1863 5115 ali-

259 5119 608 5195 quod‘xard
653 5116 804 5195 λόγῳ
834 5116 1177 5195 spccedere,
1209 5131 1348 5171 cum
1378 5114 1778 5187 expectationi
1808 5118 1867 5171 et

260 5187 496 5251 meritis
516 5187 889 5260 respondet?

330 5264 445 5335 (55)
478 5255 800 5335 ῗΑνζλΞιομι-ι.
834 5262 924 5316 Ita
950 5274 1094 5315 mss.
1129 5272 1253 5331 sex,
1283 5272 1393 5331 pro
1424 5272 1496 5314 eo
1524 5255 1693 5329 quod
1738 5260 1865 5314 erat

262 5331 783 5417 maneam
948 5402 988 5417 ..

332 5411 451 5477 (56)
482 5404 603 5477 Ὀτι
634 5397 895 5477 πλεῖστον.
948 5402 1047 5477 με
1086 5417 1236 5477 mss.
1266 5405 1325 5458 et
1367 5398 1630 5473 antiquae
1661 5397 1867 5456 editio-

269 5473 389 5535 nes.
423 5473 620 5533 Editio
642 5473 995 5532 Parisiensis
1022 5476 1102 5527 ὅτι
1132 5473 1323 5528 πλεῖον.

336 5550 454 5621 (57)
486 5555 628 5605 nam
657 5567 787 5613 τοις.
814 5550 900 5607 Ita
928 5545 1085 5607 Harl.
1118 5551 1371 5621 uterque
1415 5545 1557 5623 Reg.
1590 5546 1647 5608 et
1700 5545 1864 5610 uter-

1967 3204 2214 3277 phetam
2240 3204 2432 3260 evexit
2458 3222 2471 3273 ;
2500 3220 2662 3260 nunc
2692 3210 2895 3262 autem
2925 3205 3122 3263 virum
3152 3224 3226 3264 ex
3251 3210 3416 3280 regia
3445 3210 3617 3279 urbe,

1968 3294 2160 3364 gentis
2226 3293 2403 3349 totius
2450 3298 2762 3357 rectorem,
2802 3296 2980 3367 288
3014 3296 3218 3353 animo
3268 3297 3615 3368 sublimem,

1969 3382 2202 3452 generis
2234 3381 2518 3455 claritate,
2553 3398 2733 3455 opum
2755 3384 3099 3457 splendore,
3145 3385 3383 3443 dicendi
3432 3387 3619 3445 facul-

1968 3475 2086 3527 tate
2116 3470 2402 3527 omnibus
2430 3472 2492 3527 in
2532 3472 2751 3529 saeculo
2778 3475 3137 3544 degentibus
3194 3477 3618 3549 conspicuum,

1970 3561 2048 3617 ad
2078 3562 2275 3631 gregis
2304 3561 2512 3617 Christi
2535 3577 2742 3618 curam
2776 3564 3084 3635 pertraxit.
3142 3565 3255 3630 Qui
3297 3566 3619 3638 projiciens

1968 3651 2174 3707 omnia
2205 3650 2408 3705 saeculi
2446 3660 2823 3721 ornamenta,
2857 3668 3047 3725 eaque
3084 3652 3379 3710 damnum
3423 3655 3620 3711 existi-

1968 3754 2145 3795 mans
2172 3744 2236 3794 ut
2266 3738 2564 3794 Christum
2586 3738 2937 3809 lucrifaciat,
2962 3741 3287 3797 commissa
3320 3743 3623 3812 guberna-

1969 3828 2103 3885 cula
2130 3828 2389 3900 suscepit
2419 3844 2656 3899 magnae
2679 3835 2736 3884 et
2759 3830 2839 3885 ob
2861 3830 3046 3886 ﬁdem
3069 3830 3130 3886 in
3154 3833 3340 3887 Deum
3362 3830 3622 3889 celeber-

1967 3918 2135 3974 rimaa
2191 3917 2381 3983 navis,
2415 3917 2631 3974 Christi
2676 3918 2971 3975 Ecclesiae.
3004 3924 3125 3990 Age
3146 3920 3345 3990 igitur,
3374 3936 3410 3976 ο
3433 3920 3619 3978 homo

1969 4006 2091 4073 Dei,
2125 4004 2621 4079 quandoquidem
2656 4023 2779 4063 non
2821 4006 2899 4063 ab
2936 4007 3289 4065 hominibus
3341 4008 3624 4082 accepisti

1970 4099 2075 4152 aut
2098 4094 2347 4151 edoctus
2378 4111 2441 4151 es
2462 4095 2854 4165 Evangelium
2879 4096 3115 4167 Christi,
3144 4097 3248 4154 sed
3274 4099 3401 4171 ipse
3431 4104 3486 4155 te
3518 4102 3627 4156 Do-

1969 4184 2173 4241 minus
2204 4200 2277 4239 ex
2307 4188 2475 4241 terrte
2502 4184 2810 4255 judicibus
2859 4187 2937 4242 ad
2986 4187 3339 4244 cathedram
3384 4194 3627 4262 aposto-

1968 4273 2167 4331 lorum
2193 4274 2534 4330 transtulit:
2583 4280 2746 4331 certa
2790 4274 3025 4332 bonum
3070 4282 3411 4334 certamen:
3467 4278 3626 4335 inﬁr-

1972 4365 2209 4423 mitates
2236 4364 2447 4439 populi
2468 4380 2633 4437 cura,
2665 4366 2714 4422 si
2739 4382 2923 4439 quem
2944 4366 3094 4425 forte
3118 4367 3351 4426 Arianae
3375 4368 3625 4426 insanin

1970 4629 2090 4695 que
2121 4614 2294 4695 Coisl.
2327 4612 2477 4695 Editi
2504 4616 2789 4695 προίγμασι
2810 4621 2935 4695 τοῖς.
2968 4616 3156 4674 Editio
3186 4619 3417 4689 Hagan,
3456 4617 3625 4695 ἱργοις

1970 4694 2100 4755 τοῖς,
2132 4687 2310 4742 rebus
2327 4688 2401 4757 Ain
2427 4687 2869 4757 saculo'gestis.

2044 4760 2156 4832 (5_8)
2208 4754 2479 4832 Κερδὴσῃ.
2527 4754 2873 4832 Harlaeanus
2911 4758 3102 4832 codex
3148 4776 3289 4817 cum
3339 4762 3623 4820 Mediczeo

1977 4826 2285 4903 κερδησης,’
2306 4835 2361 4883 et
2414 4826 2553 4903 m0;
2610 4828 2938 4903 éjrrerpaénnc._
2975 4831 3205 4903 Ibidem,
3252 4832 3422 4889 deest
3475 4832 3625 4897 δέξα-

1976 4899 2100 4980 σθαι
2129 4899 2200 4980 in_'
2220 4906 2476 4980 utroquo
2507 4902 2687 4980 Regio
2710 4899 2766 4957 et
2791 4901 2963 4980 Qoisl.
2989 4902 3276 4980 secundo,
3299 4905 3460 4980 quod
3488 4905 3624 4980 qui-

1973 4971 2113 5043 dem
2141 4970 2470 5043 elegantius
2495 4970 2732 5043 videtur
2768 4971 3001 5043 abesse,
3034 4990 3144 5029 nec
3173 4970 3379 5031 tamen
3409 4970 3619 5042 delévi,

1972 5042 2119 5119 quia
2148 5041 2553 5119 nonomnino
2575 5042 2857 5119 vitiosum
2880 5041 3048 5119 estet
3073 5046 3134 5119 in
3168 5046 3299 5101 aliis
3321 5041 3623 5119 antiquio4

1972 5111 2141 5189 ribus
2172 5111 2483 5189 codicibus
2538 5112 2774 5189 legitur.
2812 5117 2937 5171 Mox
2993 5116 3206 5189 vitiose
3250 5118 3312 5189 in
3370 5111 3622 5189 utroque

1974 5185 2156 5254 Regio
2188 5189 2243 5238 et
2274 5183 2452 5240 Coisl.
2481 5185 2749 5254 secundo
2778 5193 2837 5254 τῇ
2876 5195 2969 5239 τοῦ
3000 5192 3127 5241 Θεοῦ
3158 5188 3461 5254 Ἐκκλησία.

2046 5244 2160 5325 (‘59)
2194 5254 2314 5330 '§1:_i
2338 5260 2441 5330 τὴν·
2480 5252 2760 5330 καθέδραν.
2798 5244 2889 5330 sic
2942 5264 3082 5330 tres,
3110 5244 3497 5330 vetustissimi
3525 5270 3623 5312 co.

1974 5324 2162 5404 dices.
2216 5325 2366 5404 Editl
2423 5325 2506 5379 ἕπὶ
2559 5324 2656 5385 τὴν
2699 5326 3003 5404 προεδρίαν..
3061 5329 3302 5399 Legitur
3378 5327 3625 5399 vulgata

1975 5397 2271 5469 scriptura
2292 5398 2366 5453 ad
2403 5413 2572 5454 oram
2604 5397 2827 5455 codicis
2860 5397 3017 5457 Harl.

2049 5470 2067 5491 '
2095 5466 2266 5527 'Alias
2288 5469 2395 5527 LV.
2418 5470 2650 5544 Scripta
2688 5487 2851 5531 anno
2890 5476 3014 5531 37b.
