4092 6210
568 258 666 309 7H

1950 236 2004 297 S.
2048 230 2299 293 BASILll
2337 234 2554 291 MAGNI

3768 250 3847 303 7l2

565 395 735 453 labes
769 394 959 463 attigit
999 406 1267 448 :renova
1302 394 1497 446 vetera
1556 392 1795 445 Patrum
1844 384 2117 453 vestigia,
2163 385 2206 435 et

2326 377 2581 450 ἀγωνίζου
2630 383 2717 432 τὸν
2756 380 2908 433 καλὸν
2954 382 3147 455 ἀγῶνα,
3184 378 3465 457 διόρθωσαι
3508 386 3569 435 τὰ
3631 384 3851 460 ἁρρωστή⁸

566 485 901 542 dilectionis
930 500 1073 553 erga
1114 498 1223 537 nos
1264 480 1678 549 fundamento,
1725 476 1890 551 quod
1918 492 1952 530 a
1992 480 2045 529 te
2093 473 2217 542 jac-

566 580 694 630 tum
746 578 851 636 est,
898 573 977 628 da
1026 586 1274 643 operam
1319 575 1383 624 ut
1436 574 1816 639 superstruas
1883 558 2215 634 frequentia

566 662 1015 720 salutationum.
1045 662 1137 715 Sic
1164 660 1323 715 enim
1350 658 1678 730 poterimus
1709 654 1886 711 vicini
1921 654 2070 707 inter
2101 664 2212 703 nos

567 769 699 809 esse
729 752 940 825 spiritu
970 750 1202 807 etiamsi
1222 747 1591 805 habitatione
1613 740 2213 816 terrestriplurimum

567 844 650 914 sej
662 856 983 912 ungamur.

636 1115 689 1165 2.
718 1113 875 1166 Tuus
900 1114 1098 1165 autem
1128 1106 1190 1162 in
1237 1104 1655 1161 beatissimum
1693 1097 2046 1171 Dionysium
2094 1091 2213 1164 epi-

567 1214 820 1270 scopum
848 1198 1029 1253 ardor
1056 1194 1241 1251 animi
1266 1208 1512 1249 omnem
1533 1191 1607 1246 de
1627 1195 1683 1245 te
1714 1204 1857 1259 erga
1888 1186 2207 1241 Dominum

567 1303 860 1348 amorem,
884 1284 1278 1341 reverentiam
1305 1282 1364 1337 in
1392 1286 1825 1347 antecessores,
1860 1281 1915 1332 et
1944 1271 2211 1328 studium

562 1377 704 1432 ﬁdei
740 1380 1011 1432 testatur.
1043 1374 1241 1429 Animi
1266 1371 1425 1426 enim
1456 1384 1598 1439 erga
1644 1366 1852 1422 ﬁdeles
1884 1376 2210 1420 conservos

564 1466 800 1522 affectio
830 1464 1081 1521 refertur
1120 1462 1197 1517 ad
1248 1460 1590 1524 Dominum,
1626 1458 1719 1513 cui
1750 1455 2107 1519 servierunt;
2157 1453 2213 1505 et

561 1554 836 1627 quisquis
889 1570 1013 1619 eos,
1045 1553 1149 1625 qui
1185 1566 1295 1623 pro
1325 1549 1445 1605 ﬁde
1488 1548 1888 1609 decertarunt,
1936 1544 2209 1607 honorat,

561 1643 775 1700 eodem
808 1660 870 1698 se
900 1642 1039 1698 ﬁdei
1059 1640 1274 1696 ardore
1303 1638 1549 1695 accendi
1575 1635 1851 1701 ostendit,
1882 1634 1964 1689 ita
1996 1638 2060 1687 ut
2089 1645 2211 1686 una

563 1737 621 1789 et
672 1732 882 1787 eadem
921 1730 1075 1786 actio
1122 1726 1466 1798 multiplicis
1516 1725 1746 1781 virtutis
1798 1719 2209 1779 testimonium

561 1820 801 1877 habeat.
834 1824 1047 1875 Notum
1072 1824 1271 1873 autem
1305 1817 1558 1872 facimus
1587 1820 1701 1869 tuae
1732 1812 1791 1867 in
1814 1811 2042 1867 Christo
2065 1809 2207 1864 cha-

562 1910 739 1977 ritati,
769 1909 1029 1981 optimos
1068 1907 1299 1975 fratres,
1331 1904 1436 1978 qui
1475 1920 1510 1959 a
1537 1909 1638 1959 tua
1669 1902 1885 1979 pietate
1933 1899 2015 1956 ad
2064 1896 2208 1953 boni

563 2000 760 2072 aperis
808 1997 1205 2054 ministerium
1247 1994 1415 2050 electi
1471 1992 1728 2057 fuerunt,
1762 1990 2027 2062 primum
2082 1986 2210 2060 qui-

562 2089 700 2144 dem
725 2088 828 2143 toti
859 2087 1016 2143 clero
1034 2085 1274 2142 laudem
1309 2081 1663 2138 conciliasse
1692 2095 1929 2134 morum
1958 2092 2208 2132 suorum

561 2178 990 2242 concinnitate;
1043 2173 1339 2246 siquidem
1406 2187 1517 2226 sua
1566 2170 1836 2242 ipsorum
1910 2166 2211 2222 modestia

560 2281 947 2322 communem
961 2264 1223 2319 omnium
1239 2262 1593 2332 gravitatem
1610 2258 1979 2323 indicabant;
1992 2255 2209 2313 deinde

558 2371 700 2411 vero
727 2354 893 2410 omni
926 2352 1123 2408 studio
1160 2368 1230 2407 ac
1264 2351 1574 2419 diligentia
1602 2365 1766 2415 usos,
1795 2348 2057 2403 hiemem
2101 2345 2208 2400 im-

556 2443 825 2517 perviam
875 2458 996 2498 non
1045 2440 1494 2508 reformidasse,
1526 2455 1597 2494 ac
1647 2438 1815 2494 omni
1869 2434 2209 2492 constantia

556 2531 834 2588 ﬁdelibus
855 2530 1012 2586 beati
1041 2529 1310 2600 corporis
1343 2527 1693 2583 custodibus
1730 2525 2119 2599 persuasisse,
2146 2529 2209 2581 ut

557 2620 705 2692 ipsis
756 2634 879 2673 sure
930 2618 1204 2690 ipsorum
1235 2616 1369 2672 vitae
1402 2616 1749 2688 praasidium
1789 2613 2203 2669 concederent.

558 2709 803 2767 Noveris
828 2713 1051 2772 autem,
1080 2722 1395 2779 nunquam
1426 2706 1691 2761 futurum
1720 2704 1924 2771 fuisse,
1957 2707 2021 2757 ut
2046 2702 2207 2774 prin-

560 2798 795 2870 cipatus
828 2801 931 2851 aut
959 2795 1278 2851 hominum
1327 2799 1650 2867 potestates
1689 2794 1810 2848 vim
1857 2790 2206 2847 hominibus

558 2888 670 2943 illis
723 2886 934 2942 afferre
988 2890 1259 2956 possent;
1314 2884 1428 2939 nisi
1457 2884 1677 2939 horum
1721 2882 1972 2938 fratrum
2020 2880 2205 2936 animi

556 2977 811 3033 ﬁrmitas
841 2991 945 3031 eos
974 2974 1237 3030 ﬂexisset
1278 2978 1343 3030 ut
1372 2973 1669 3029 cederent.
1703 2971 1959 3027 Contulit
2003 2975 2203 3025 autem

555 3066 885 3140 plurimum
907 3064 985 3121 ad
1003 3069 1273 3136 optatam
1294 3080 1421 3119 rem
1447 3062 1888 3118 conﬁciendam
1912 3065 1967 3116 et
1988 3058 2207 3115 charis-

561 3155 697 3211 simi
729 3170 798 3210 ac
829 3153 1258 3223 religiosissimi
1288 3152 1392 3207 ﬁlii
1420 3152 1608 3207 nostri
1636 3150 1898 3207 Therasii
1937 3165 2205 3221 compre-

558 3243 783 3316 sbyteri
829 3242 1168 3313 praesentia,
1208 3241 1312 3313 qui
1359 3240 1668 3296 laboribus
1714 3239 1941 3295 itineris
1995 3242 2207 3310 sponte

557 3331 876 3403 susceptis,
911 3331 1420 3387 vehementiorem
1467 3330 1736 3385 ﬁdelium
1774 3328 1932 3384 illius
1958 3328 2072 3383 loci
2099 3329 2205 3383 im-

554 3425 760 3492 petum
793 3420 1163 3489 compressit,
1218 3424 1274 3474 et
1327 3435 1465 3474 cum
1520 3418 1879 3473 reluctantes
1936 3418 2204 3473 oratione

554 3525 665 3564 sua
690 3508 973 3577 ﬂexisset,
1008 3524 1209 3563 coram
1242 3508 1629 3579 presbyteris,
1654 3507 1945 3573 diaconis,
1978 3506 2207 3561 multis-

554 3613 672 3670 que
704 3597 833 3653 aliis
870 3600 1055 3652 Deum
1110 3596 1457 3651 timentibus
1508 3596 1778 3652 sublatas
1816 3612 1954 3652 cum
2001 3594 2206 3650 debita

553 3688 887 3745 reverentia
916 3685 1200 3758 reliquias
1244 3684 1528 3740 fratribus
1558 3686 1860 3741 servavit:
1902 3700 2057 3757 quas
2095 3700 2204 3739 vos

555 3782 722 3833 tanto
753 3794 890 3833 cum
920 3776 1141 3846 gaudio
1174 3776 1477 3847 suscipite,
1500 3782 1728 3848 quanto
1776 3792 1915 3830 cum
1948 3790 2203 3830 maerore

555 3867 856 3938 prosecuti
915 3870 1052 3921 sunt
1091 3866 1330 3921 illarum
1379 3866 1679 3921 custodes.
1714 3867 1897 3921 Nemo
1950 3864 2199 3931 dubitet,

557 3971 739 4011 nemo
760 3955 936 4025 289
985 3955 1254 4027 ambigat
1279 3972 1291 4010 :
1343 3955 1439 4011 hic
1457 3956 1553 4011 ille
1575 3962 1663 4011 est
1688 3955 1939 4011 invictus
1960 3955 2199 4010 athleta.

557 4044 705 4098 Ossa
748 4043 851 4098 illa
915 4044 1083 4097 novit
1125 4044 1435 4113 Dominus,
1493 4060 1629 4115 quae
1687 4060 1809 4100 una
1858 4061 1996 4099 cum
2025 4043 2204 4100 beata

556 4132 762 4188 anima
814 4131 1195 4188 dimicarunt.
1248 4135 1379 4188 Haec
1434 4149 1574 4188 cum
1622 4134 1755 4206 ipsa
1785 4134 2097 4190 coronabit
2142 4135 2202 4190 in

547 4225 715 4293 justa
743 4221 842 4277 illa
870 4222 1368 4277 remunerationis
1407 4223 1601 4295 ipsius
1631 4224 1747 4292 die,
1774 4225 1859 4279 uti
1913 4224 2203 4295 scriptum

554 4315 680 4368 est:
741 4310 985 4383 Oportet
1040 4327 1152 4366 nos
1187 4316 1342 4367 stare
1396 4317 1532 4367 ante
1580 4312 1841 4367 tribunal
1882 4313 2108 4380 Christi,
2142 4318 2207 4369 ut

2323 490 2464 541 ματα
2492 478 2581 521 τοῦ
2624 471 2769 539 λαοῦ,
2806 476 2851 524 εἴ
2888 493 3023 534 τινος
3063 475 3167 547 ἄρα
3221 476 3276 524 τὸ
3341 475 3503 534 πάθος
3550 482 3640 535 τῆς
3683 475 3851 550 Ἀρεία-

2322 567 2413 619 νῆς
2454 564 2566 628 (60)
2622 568 2810 633 μανίας
2865 563 3056 633 ἣψατοο
3113 560 3395 615 ἁνανέωσαι
3440 565 3502 614 τὰ
3547 562 3729 637 ἀρχαῖα
3773 576 3847 619 τῶν

2324 654 2563 722 Πατέρων
2605 654 2751 722 ἴχνη,
2787 658 2875 704 καὶ
2922 660 3017 713 τῆς
3065 656 3193 725 πρός
3248 654 3378 724 ἡμᾶς
3434 651 3633 723 ἀγάπης
3672 656 3717 705 ὃν
3757 676 3847 708 κατ-

2321 736 2505 790 εϐάλου
2554 740 2661 810 (61)
2720 741 2945 812 θεμέλιον
2998 737 3351 814 ἐποικοδομεῖν
3393 738 3650 802 σπουδαζε
3676 751 3729 815 τῇ
3760 765 3846 796 σνν-

2322 833 2471 901 εχείᾳ
2504 837 2603 880 τῶν
2633 831 2994 905 προσρήσεων.
3031 832 3181 882 Ουτω
3228 834 3324 903 γὰρ
3367 826 3687 903 δυνησόμεθα
3728 831 3848 905 ἐγγὺς

2321 915 2542 976 ἀλλήλων
2573 926 2702 971 εἶναι
2732 930 2802 990 τῷ
2830 924 3101 993 πνεύματι,
3145 921 3188 973 εἰ
3226 926 3313 973 καὶ
3352 929 3413 993 τῇ
3457 920 3650 978 οἰκήσει
3691 930 3743 994 τῇ
3786 922 3849 976 ἐπὶ

2317 1014 2413 1069 τῆς
2439 1016 2538 1079 γῆς
2562 1008 2865 1081 παμπληθὲς
2897 1010 3259 1083 ἀπῳκίσμεθα.

2388 1101 2441 1151 2.
2468 1097 2524 1150 Ἠ
2558 1094 2617 1150 δε
2646 1105 2763 1171 περὶ
2800 1103 2887 1151 τὸν
2931 1106 3324 1173 μακαριώτατον
3357 1100 3468 1167 (62)
3498 1102 3741 1153 Διονύσιον
3783 1106 3849 1153 τὸν

2318 1184 2601 1238 ἐπίσκοπον
2632 1187 2895 1261 φιλοτιμία
2941 1208 3034 1242 σου
3079 1194 3168 1241 καὶ
3202 1185 3410 1248 σπουδὴ
3458 1192 3623 1241 πᾶσάν
3654 1210 3727 1243 σοι
3752 1210 3853 1264 μαρ-

2318 1284 2463 1350 τυρεῖ
2484 1276 2691 1348 ἀγάπην
2718 1282 2845 1352 πρὸς
2904 1283 2989 1331 τὸν
3044 1283 3251 1355 Κύριον,
3298 1284 3452 1352 τιμὴν
3491 1280 3557 1342 εἰς
3611 1284 3715 1340 τοὺς
3760 1301 3856 1355 προ-

2317 1364 2581 1431 λαϐόντας,
2645 1364 2885 1426 σπουδὴν
2937 1374 3056 1441 περὶ
3122 1374 3215 1427 τὴν
3274 1374 3478 1424 πίστιν.
3536 1369 3590 1422 Ἡ
3618 1373 3705 1444 γὰρ
3754 1374 3857 1444 πρὸς

2317 1460 2435 1517 τοὺς
2495 1460 2669 1516 εὔνους
2726 1467 2822 1509 τῶν
2868 1455 3165 1530 ὁμοδούλων
3222 1455 3459 1519 διάθεσις
3512 1464 3601 1516 τὴν
3643 1458 3857 1531 ἀναφορὰν

2318 1543 2403 1597 ἐπὶ
2442 1550 2527 1597 τόν
2568 1551 2828 1604 Δεσπότην
2887 1549 3019 1619 ἔχει,
3058 1544 3097 1617 ᾧ
3157 1544 3553 1600 δεδουλεύκασι·
3592 1554 3674 1599 καὶ
3716 1550 3738 1599 ὁ
3772 1552 3861 1609 τοὺς

2319 1631 2413 1686 διὰ
2468 1640 2645 1687 πίστιν
2696 1635 2985 1696 ὴθληκότας
3046 1646 3207 1709 τιμῶν
3272 1634 3432 1699 δῆλός
3486 1640 3594 1690 ἐστι
3645 1640 3723 1690 τὸν
3773 1640 3859 1689 ἴσον

2250 1718 2289 1771 Β
2321 1724 2471 1787 ζῆλον
2532 1727 2669 1795 ἔχων
2724 1732 2818 1787 τῆς
2884 1731 3145 1787 πίστεως·
3193 1727 3327 1785 ὥστε
3404 1731 3499 1799 μία
3540 1727 3661 1785 αὕτη
3710 1726 3862 1800 πρᾶξις

2315 1812 2510 1874 πολλῆς
2562 1812 2750 1887 ἀρετῆς
2797 1811 2910 1886 ἔχει
2964 1820 3058 1873 τὴν
3107 1820 3427 1891 μαρτυρίαν,
3482 1816 3773 1891 Γνωρίζομεν
3818 1811 3862 1866 δέ

2318 1922 2411 1955 σου
2483 1911 2544 1976 τῇ
2596 1902 2643 1955 ἄν
2712 1912 2928 1978 Χριστῷ
2998 1903 3196 1977 ἀγάπῃ,
3244 1907 3325 1957 ὅτι
3388 1908 3435 1958 οἰ
3502 1902 3862 1958 σπουδαιότατοι

2316 1990 2549 2065 ἀδελφοὶ,
2620 1996 2668 2045 οἱ
2724 1996 2867 2067 παρὰ
2928 2002 3019 2054 τῆς
3059 1994 3327 2057 εὐλαϐείας
3398 2015 3491 2048 σου
3556 1995 3618 2056 εἰς
3675 1999 3755 2053 τὴν
3792 2000 3861 2045 τοῦ

2316 2080 2517 2153 ἀγαθοῦ
2611 2086 2760 2156 ἔργου
2842 2080 3110 2135 διακονίαν
3204 2086 3621 2157 προτιμηθέντες,
3701 2092 3862 2155 πρῶτον

2315 2175 2404 2244 μὲν
2462 2177 2617 2224 παντὶ
2660 2181 2731 2243 τῷ
2784 2172 2959 2245 κλήρῳ
3009 2175 3213 2226 ἔπαινον
3270 2178 3495 2247 ἤνεγκαν
3546 2170 3632 2226 διὰ
3690 2182 3769 2233 τῆς
3800 2171 3863 2244 ἐμ-

2314 2260 2512 2334 μελείας
2567 2271 2665 2313 τῶν
2718 2267 2937 2335 τρόπων⁹
3001 2262 3049 2314 ἐν
3102 2266 3203 2337 γὰρ
3260 2272 3320 2336 τῇ
3383 2263 3496 2316 καθ’
3560 2264 3747 2322 ἑαυτοὺς
3806 2262 3865 2313 εὖ·

2318 2354 2637 2423 σχημοσυνη
2700 2355 2758 2403 τὸ
2810 2354 3005 2423 κοινόνς
3032 2355 3232 2405 πάντων
3290 2354 3540 2415 εὐσταθὲς
3575 2357 3864 2425 κατεμήνυον·

2316 2438 2506 2511 ἔπειτα,
2584 2442 2729 2513 πάση
2793 2438 2999 2514 σπουδῇ
3084 2447 3173 2493 καὶ
3240 2442 3488 2515 ἐμμελείᾳ
3561 2444 3863 2517 χρησάμενοι,

2314 2530 2708 2603 κατετόλμησαν
2774 2534 2865 2602 μεν
2937 2540 3201 2603 χειμῶνος
3275 2530 3501 2599 ἀϐάτου,
3573 2536 3758 2585 ἔπεισαν
3822 2526 3867 2581 δὲ

2314 2622 2442 2690 μετά
2462 2620 2633 2679 πάσης
2683 2620 2909 2681 εὐτονίας
2947 2625 3068 2683 τοὺς
3116 2625 3346 2683 πιστοὺς
3401 2622 3622 2694 φύλακας
3672 2628 3752 2673 τοῦ
3794 2639 3868 2690 μα-

2313 2714 2498 2783 καρίου
2568 2728 2808 2781 σωματος
2863 2712 2929 2761 τὰ
2981 2710 3310 2784 φυλακτήρια
3372 2720 3461 2772 τῆς
3535 2712 3709 2764 ἑαυτῶν
3762 2710 3867 2769 ζωῆς

2316 2805 2713 2869 παραχωρῆσαι
2752 2800 2974 2857 τούτοις.
3038 2804 3137 2851 Καὶ
3166 2804 3423 2870 γίνωσκε,
3457 2802 3535 2853 ὅτι
3578 2802 3685 2852 οὔτε
3710 2798 3864 2871 ἀρχαὶ,

2316 2886 2431 2936 οὐτε
2498 2882 2805 2938 δυναστεῖαι
2860 2886 3140 2959 ἀνθρώπων
3192 2886 3493 2960 ἐξίσχνσαν
3524 2892 3581 2942 ἄν
3626 2908 3736 2942 ποτε
3774 2886 3867 2959 βιά-

2318 2976 2516 3026 σασθαι
2573 2979 2692 3037 τοὺς
2740 2975 3041 3050 ἀνθρώπους
3100 2977 3351 3040 ἐκείνουςο
3397 2981 3439 3032 εἰ
3491 2984 3559 3051 μὴ
3610 2983 3663 3031 τὸ
3704 2981 3867 3031 εὔτονον

2246 3065 2286 3121 C
2315 3072 2410 3126 τῆς
2438 3069 2782 3138 προαιρέσεως
2826 3075 2925 3117 τῶν
2987 3063 3219 3140 ἀδελφῶν
3264 3072 3465 3121 τούτων
3521 3066 3867 3131 ἐξεδυσώπησεν

2316 3152 2501 3215 αὐτοὺς
2548 3158 2676 3229 πρὸς
2733 3160 2827 3213 τήν
2887 3163 3253 3231 συγχώρησιν.
3308 3164 3613 3233 Συνήργησε
3658 3155 3709 3211 δὲ
3744 3155 3867 3229 μάλι-

2318 3263 2418 3295 στα
2464 3247 2587 3318 πρὸς
2634 3248 2692 3296 τὸ
2745 3249 3193 3321 καταπραχθῆναι
3231 3248 3297 3299 τὰ
3375 3245 3760 3320 σπουδαζόμενα
3798 3250 3866 3296 καὶ

2316 3334 2344 3390 ἠ
2406 3338 2673 3407 παρουσία
2753 3343 2843 3386 τοῦ
2934 3338 3303 3389 ποθεινοτάτου
3390 3344 3478 3390 καὶ
3544 3336 3866 3391 εὐλαϐεστάτον

2315 3424 2430 3474 υἱοῦ
2480 3425 2645 3495 ἡμῶν.
2699 3429 2974 3498 Θηρασίου
3028 3433 3119 3477 τοῦ
3174 3427 3659 3499 συμπρεσϐυτέρον,
3701 3426 3761 3492 ὃς,
3800 3423 3868 3475 αν-

2318 3512 2560 3586 θαιρέτως
2608 3516 2695 3564 τὸν
2754 3519 2911 3565 κόπον
2958 3522 3051 3576 τῆς
3132 3512 3448 3590 ὁδοιπορίας
3514 3513 3864 3587 ὑποδεξάμενος,

2315 3602 2509 3653 ἔπαυσε
2551 3606 2641 3673 μὲν
2707 3607 2764 3654 τὸ
2821 3600 3047 3677 σφοδρὸν
3086 3613 3180 3665 τῆς
3212 3606 3383 3677 ὁρμῆς
3426 3616 3522 3659 τῶν
3558 3606 3655 3658 ἐκεῖ
3682 3612 3867 3667 πιστῶν,

2313 3690 2449 3762 λόγῳ
2491 3688 2549 3743 δε
2580 3698 2874 3763 συμπείσας
2928 3697 3048 3755 τοὺς
3112 3693 3517 3767 ἀντεχομένους,
3559 3695 3637 3747 ἐπὶ
3682 3690 3866 3767 πρεσϐυ-

2312 3785 2469 3854 τέρων
2517 3786 2607 3831 καὶ
2666 3778 2918 3833 διακόνων
2976 3787 3064 3834 καὶ
3115 3783 3278 3835 ἄλλων
3324 3785 3527 3837 πολλῶν
3576 3786 3669 3837 τῶν
3718 3780 3868 3854 φοϐον-

2313 3875 2473 3941 μένων
2522 3874 2609 3921 τὸν
2670 3873 2859 3944 Κύριον
2909 3874 3039 3942 μετὰ
3110 3880 3208 3932 τῆς
3274 3878 3576 3945 πρεπούσης
3646 3869 3867 3926 εὐλαϐείας

2314 3956 2607 4031 ἀνελόμενος
2674 3962 2740 4010 τὰ
2793 3959 3032 4031 λείψανα,
3097 3958 3427 4015 συνδιέσωσε
3477 3972 3583 4025 τοῖς
3645 3957 3863 4031 ἀδελφοις·

2310 4046 2345 4097 ἂ
2392 4051 2521 4119 μετὰ
2587 4050 2845 4108 τοσαύτης
2892 4055 3062 4120 χαρᾶς
3106 4045 3459 4118 ὑποδέξασθε,
3493 4052 3604 4124 μεθ’
3658 4052 3773 4109 ὅσης
3803 4045 3869 4095 λύ’

2311 4156 2412 4197 πης
2478 4137 2815 4210 προεπεμψαν
2883 4141 2931 4190 οἱ
2985 4138 3351 4209 φυλάσσοντες.
3416 4138 3613 4201 Μηδεὶς
3642 4136 3868 4211 διακρινέ-

2315 4226 2455 4276 σθω⁶
2508 4222 2700 4298 μηδεὶς
2760 4225 3146 4298 ἇμφιϐαλλέτω·
3217 4228 3372 4291 οὗτός
3440 4229 3580 4281 ἐστιν
3640 4228 3803 4285 ἐκεῖνος
3850 4222 3867 4271 ό

2315 4312 2567 4375 ἀήττητος
2621 4314 2870 4377 ἀθλητής.
2939 4323 3121 4369 Ταῦτα
3161 4318 3407 4391 γνωρίζει
3447 4322 3509 4371 τὰ
3552 4319 3677 4371 ὀστᾶ
3720 4318 3742 4368 ὁ
3788 4312 3868 4366 Κύ-

553 4400 770 4458 referat
792 4400 1206 4473 unusquisque
1230 4400 1563 4457 secundum
1592 4417 1664 4457 ea
1689 4417 1825 4473 quae
1856 4416 1963 4473 per
1987 4418 2204 4472 corpus

2312 4422 2437 4476 ριος,
2490 4406 2556 4454 τὰ
2603 4399 3066 4462 συνδιαθλησαντα
3104 4412 3164 4476 τῇ
3217 4412 3459 4481 μακαρίᾳ
3508 4408 3678 4478 ψυχῇ.
3725 4410 3869 4456 Ταῦτα

554 4490 674 4560 egit
703 4492 770 4525 ⁸⁸·
806 4492 932 4546 Una
955 4505 1094 4545 arca
1124 4495 1268 4554 erat,
1301 4506 1436 4562 qum
1462 4491 1873 4546 venerandum
1895 4490 2041 4546 illud
2069 4507 2203 4546 cor-

556 4595 672 4652 pus
711 4580 980 4651 excepit;
1010 4579 1211 4634 nullus
1242 4596 1432 4651 prope
1479 4580 1680 4651 ipsum
1707 4580 1928 4651 jacuit;
1971 4581 2202 4650 insigne

556 4667 665 4723 fuit
699 4668 1047 4740 sepulcrum
1080 4686 1092 4735 ;
1130 4669 1410 4739 martyris
1436 4669 1635 4724 honor
1664 4671 1715 4724 ei
1745 4670 1997 4725 delatus.
2049 4671 2204 4727 Chri-

557 4757 754 4824 stiani,
789 4758 893 4829 qui
920 4758 1118 4830 ipsum
1146 4759 1408 4831 hospitio
1435 4766 1811 4831 exceperant,
1840 4766 1980 4817 tunc
2002 4767 2058 4817 et
2079 4761 2202 4816 suis

558 4846 844 4902 manibus
874 4847 1307 4920 deposuerunt,
1336 4854 1393 4905 et
1430 4865 1591 4905 nunc
1621 4850 1974 4906 extulerunt.
2011 4851 2075 4906 Hi
2104 4851 2203 4907 ﬂe-

554 4940 772 4992 verunt
802 4936 1051 5009 quidem
1076 4942 1372 5011 tanquam
1395 4944 1563 5012 patre
1594 4944 1651 4997 et
1678 4946 1937 5013 patrono
1967 4940 2198 4998 orbati:

626 5099 674 5135 ⁶⁶
710 5099 881 5156 Rom.
916 5114 1032 5170 xxv,
1068 5102 1133 5157 10
1156 5114 1169 5168 ;
1195 5103 1239 5157 ll
1262 5100 1394 5158 Cor.
1422 5115 1480 5168 v,
1506 5105 1589 5159 10.

626 5262 741 5333 (60)
777 5260 1065 5336 Ἀρειανῆς.
1086 5262 1204 5336 _Sic_
1222 5266 1341 5317 tres
1370 5261 1754 5319 vetustissimi
1795 5262 2031 5321 codices
2064 5279 2202 5323 cum

552 5332 734 5403 Regio
777 5332 994 5406 primo.
1022 5332 1168 5387 Edlli
1194 5333 1484 5406 Ἀρειανικῆ
1499 5355 1537 5395 ς,

623 5410 731 5477 (61)
762 5404 1081 5457 Κατεϐάλου.
1112 5408 1197 5458 lta
1226 5404 1669 5477 mss.gcodices.
1694 5406 1841 5462 Editi
1865 5407 2199 5477 κατεϐάλλου,

551 5476 782 5548 Ibidem
839 5476 979 5531 editi
1009 5483 1206 5548 ~miro»
1263 5474 1526 5548 θεμέλιον,
1570 5476 1766 5533 Prima
1820 5494 1935 5535 vox
1988 5474 2202 5537 melius

550 5545 721 5603 abest
745 5562 782 5604 a
810 5546 1121 5604 codicibus
1142 5546 1298 5605 Harl.
1322 5545 1383 5605 et
1408 5547 1557 5608 Med.

2312 4492 2423 4564 μετ’
2456 4491 2616 4553 αὐτῆς
2673 4499 2989 4565 οτεφανὼσει
3041 4492 3088 4544 ἐν
3144 4502 3206 4566 τῇ
3260 4497 3433 4569 ἡμέρᾳ
3484 4504 3569 4556 τῆς
3622 4487 3869 4546 ἀνταποδό-

2315 4604 2438 4645 σεως
2505 4584 2664 4636 αὑτοῦ
2716 4594 2777 4657 τῇ
2851 4582 3037 4657 δικαίᾳ
3090 4588 3225 4637 κατὰ
3273 4590 3332 4637 τό
3377 4590 3723 4661 γεγραμμένον
3754 4600 3764 4611 ·
3808 4580 3867 4630 ὅτι

2314 4672 2397 4727 δεῖ
2438 4678 2572 4747 ἡμᾶς
2620 4684 2956 4748 παραστῆναι
3011 4684 3081 4745 τῷ
3116 4674 3345 4747 ’βήματι
3401 4686 3494 4729 τοῦ
3538 4680 3774 4749 Χριστοῦ,
3805 4671 3867 4720 ἱνα

2311 4769 2598 4836 κομίσηται
2656 4765 2872 4825 ἕκαστος
2924 4764 3109 4839 πρὸςᾶ
3157 4765 3342 4838 ἔπραξε
3393 4763 3488 4818 διὰ
3523 4774 3610 4817 τοῦ
3644 4770 3866 4835 σώματος·

2310 4859 2423 4905 Μία
2470 4852 2661 4923 λάρναξ
2701 4850 2760 4910 ἦν
2800 4855 2829 4911 ἡ
2879 4850 3233 4925 ὑποδεξαμένη
3290 4858 3347 4906 τὸ
3389 4860 3559 4927 τίμῖον
3599 4852 3746 4905 ἐκεῖνο
3789 4853 3868 4898 σῶα

2311 4960 2402 5015 μα·
2455 4938 2630 5004 οὐδεὶς
2683 4944 2708 4993 ό
2752 4941 2974 5001 πλησίον
3014 4943 3170 4997 αὑτοῦ
3216 4949 3603 5017 κατακείμενος*
3646 4940 3867 5008 ἐπίσημος

2380 5267 2496 5340 (62),
2517 5262 2575 5318 Ἦ
2608 5258 2667 5340 ‘e
2687 5269 2804 5340 περὶ
2836 5266 2923 5340 τὸν
2950 5270 3367 5340 μακαριώτατον.
3396 5256 3866 5340 Antehaec‘verba

2310 5336 2527 5409 desinit
2557 5336 2807 5409 epistola
2839 5336 3050 5409 Basilii
3070 5336 3129 5393 in
3156 5338 3437 5409 omnibus
3471 5336 3637 5409 editis
3662 5337 3714 5409 et
3740 5342 3861 5387 mss,

2311 5404 2901 5480 codicibus,excepto
2925 5407 3233 5465 Harlzeano
3252 5407 3473 5473 codice,
3490 5404 3862 5480 quiinsigncm

2309 5480 2468 5553 hanc
2490 5472 2744 5552 partem,
2766 5472 2890 5551 qua
2913 5480 3333 5553 translationis
3350 5481 3403 5553 S_.
3438 5472 3843 5553 Dionysi-i'histo

2306 5552 2399 5610 ria
2435 5542 2737 5625 narratur,
2766 5542 3197 5625 percommode
3237 5551 3411 5611 nobis
3458 5542 3853 5621 suppeditant.
