4062 6214
414 212 520 272 715
1793 206 1848 260 S.
1891 203 2140 260 BASILII
2176 206 2396 261 MAGNI
3659 219 3760 272 716

417 333 624 406 spicue
652 345 723 386 ac
749 327 885 394 cito,
919 327 1038 383 Deo
1066 325 1376 397 largiente,
1403 327 1637 383 referat.
1672 330 1740 382 Et
1765 327 2032 384 desidera

2144 336 2266 383 ,νῦν
2313 329 2684 402 ἀπεστείλαμεν
2736 332 2869 405 πρὸς
2923 333 3017 388 τὴν
3070 329 3332 388 εὖ).ά6ειαν
3381 353 3505 406 σου,
3565 356 3620 388 εκ
3675 348 3766 400 τῆς

411 421 716 478 tissimum
741 417 986 473 fratrem
1011 415 1338 471 Eusebium
1371 416 1676 486 lectorem,
1697 417 2032 490 jampridem

2173 423 2358 493 χώρας
2414 418 2892 492 μεταστειλάμενοι,
2943 418 3288 493 ἐχρησάμεθα
3344 422 3484 494 αὐτῷ
3543 421 3765 498 διακόνῳ

412 509 494 566 ad
533 513 702 564 tuam
742 505 1027 579 pietatem
1073 503 1376 576 proﬁcisci
1421 505 1791 576 gestientem,
1826 503 2032 560 retinui

2171 513 2269 557 τῶν
2334 509 2460 582 πρὸς
2517 511 2608 566 τὴν
2667 511 2764 566 σὴν
2822 510 3076 565 ὁσιότητα
3127 511 3487 584 γραμμάτων,
3539 515 3621 566 ἵνα
3679 520 3764 568 καὶ

409 615 570 666 mus,
602 611 805 653 aerem
845 597 1253 664 temperatum
1295 597 1732 664 exspectantes.
1766 595 1850 648 Ac
1901 607 2064 648 nunc

410 685 660 759 quidem
687 699 814 740 non
835 681 1215 738 mediocriter
1241 680 1525 736 sollicitus
1547 699 1682 738 sum
1705 697 1802 748 ne,
1827 681 2064 738 insueta

409 774 812 848 peregrinatio
838 770 1066 844 aliquid
1099 769 1154 826 ei
1182 769 1393 826 afferat
1415 771 1559 826 novi
1590 770 1983 838 incommodi,
2007 773 2064 826 et

408 863 610 921 morbi
649 877 898 919 causam
941 859 1208 931 praebeat
1253 859 1494 932 corpori
1521 859 1600 916 ad
1641 859 2061 930 aegrotandum

407 952 678 1024 proclivi.

405 1045 658 1114 μένοντες.
711 1044 814 1093 Καὶ
867 1045 956 1090 νῦν
1015 1041 1190 1112 μέντοι
1241 1037 1290 1088 ἐν
1355 1034 1598 1112 φροντίδι
1654 1037 1714 1089 οὗ
1771 1045 1834 1108 τῇ
1885 1039 2129 1109 τυχούσῃ
2186 1037 2311 1109 εἰμὶ,
2367 1043 2568 1110 μήποτε
2621 1039 2762 1110 αὐτῷ
2809 1043 2867 1092 τὸ
2920 1045 3040 1115 περὶ
3097 1043 3190 1101 τὰς
3241 1039 3544 1118 ὁδοιπορίας
3603 1047 3762 1109 ἄηθες

2172 595 2238 646 τὰ
2293 597 2521 670 ἡμέτερα
2567 605 2743 669 σαφῶς
2799 594 3096 669 διαγγείλῃ,
3136 603 3226 649 καὶ
3269 601 3334 650 τὰ
3379 595 3593 654 αὐτόθεν
3642 605 3761 676 ἡμῖν

2172 679 2396 754 ἐναργῶς
2447 688 2538 736 καὶ
2595 687 2802 756 ταχέως
2859 691 2922 756 τῇ
2985 690 3075 735 τοῦ
3137 692 3272 738 Θεοῦ
3329 690 3519 762 χάριτι
3585 687 3761 744 διακο-

2169 775 2326 844 μίσῃ.
2381 775 2475 824 Καὶ
2529 776 2615 824 τὸν
2669 775 3028 826 ποθεινότατον
3087 769 3305 847 ἀδελφόν
3363 777 3610 832 Εὑσέϐιον
3675 785 3758 832 τόν

2170 857 2505 930 ἀναγνώστην
2561 861 2722 914 πάλαι
2779 861 3100 934 ἐπειγόμενον
3155 866 3281 936 πρὸς
3337 871 3429 923 τὴν
3497 872 3592 926 σὴν
3652 871 3760 922 θεο-

2171 948 2370 1000 σέϐειαν
2438 949 2726 1022 ἐπέσχομεν
2759 991 2775 1015 ,
2839 955 2897 1002 τὸ
2963 959 3062 1002 τῶν
3129 949 3290 1026 ἀέρων
3365 955 3570 1028 εὐκραές
3637 955 3760 1009 ἀνα-

405 1131 646 1204 ξενισμὸν
689 1129 974 1201 ἐμποιήσῃ,
1027 1131 1116 1178 καὶ
1165 1125 1461 1200 ἀρρωστίας
1513 1127 1687 1178 αἰτίαν
1733 1128 1994 1202 παράσχῃ
2040 1133 2112 1198 τῷ
2163 1129 2367 1198 σώματι
2417 1127 2715 1202 εὐαφόρμως
2760 1131 2938 1199 ἔχοντι
2977 1133 3110 1203 πρὸς
3155 1135 3250 1188 τὴν
3309 1130 3598 1188 ἀσθένειαν,

474 1225 530 1278 2.
579 1219 720 1285 Qut-e
762 1231 946 1290 porro
994 1215 1058 1272 in
1106 1213 1340 1271 Oriente
1397 1219 1651 1283 novata,
1701 1229 2058 1287 supervaca-

401 1323 588 1366 neum
634 1305 842 1362 litteris
885 1303 1244 1374 signiﬁcare,
1273 1319 1413 1358 cum
1455 1303 1669 1360 fratres
1709 1303 1827 1374 ipsi
1876 1319 2055 1360 accu-

399 1403 530 1455 rate
558 1396 796 1469 possint
832 1410 942 1466 per
968 1410 1030 1449 se
1056 1393 1170 1466 ipsi
1213 1408 1480 1450 narrare.
1519 1393 1684 1450 Scias
1722 1398 1926 1448 autem
1954 1409 2054 1449 ve-

397 1484 743 1542 nerandum
788 1481 938 1538 mihi
985 1485 1187 1554 caput,
1225 1497 1340 1550 me,
1377 1497 1518 1536 cum
1545 1481 1675 1536 haec
1705 1481 2050 1548 scriberem,

395 1575 481 1631 ita
521 1572 681 1630 male
711 1571 997 1628 affectum
1043 1567 1252 1635 fuisse,
1285 1573 1352 1626 ut
1385 1570 1516 1640 jam
1557 1585 1655 1625 me
1702 1585 1918 1626 omnes
1960 1569 2052 1624 vi—

394 1663 580 1722 vendi
610 1677 750 1735 spes
795 1659 1164 1732 reliquerint.
1215 1660 1448 1716 Etenim
1477 1674 1554 1715 ne
1583 1659 1890 1716 numerari
1926 1660 2056 1731 qui-

395 1752 537 1808 dem
582 1755 780 1824 potest
819 1765 1028 1806 eorum
1079 1764 1216 1820 quae
1265 1747 1414 1804 mihi
1457 1747 1814 1818 ingruerunt
1853 1747 2054 1804 multi-

393 1841 564 1910 tudo,
596 1845 655 1896 et
681 1843 912 1911 quanta
955 1837 1296 1904 inﬁrmitas,
1323 1836 1703 1908 febriumque
1733 1836 2048 1902 acerbitas,

393 1935 452 1986 et
491 1929 658 1986 mala
685 1926 980 1984 habitudo
1005 1943 1019 1994 ;
1047 1925 1163 1982 nisi
1196 1925 1365 1996 quod
1392 1925 1509 1981 hoc
1535 1940 1726 1980 unum
1757 1941 1830 1980 ex
1859 1925 2052 1980 omni-

389 2017 508 2076 bus
555 2017 874 2086 colligitur,
902 2013 1220 2086 impletum
1257 2013 1390 2084 jam
1431 2013 1581 2068 mihi
1621 2029 1752 2068 esse
1805 2017 2046 2085 tempus

390 2105 887 2164 commorationis
914 2104 978 2160 in
1019 2103 1136 2160 hac
1175 2101 1396 2158 infelici
1423 2105 1482 2159 et
1511 2117 1861 2160 aerumnosa
1901 2103 2043 2160 vita.

897 2317 1240 2377 EPISTOLA
1277 2315 1523 2374 CXCIX'.

894 2443 1206 2501 Canonica
1247 2443 1534 2499 secunda.

2236 1219 2295 1270 2.
2341 1217 2418 1267 Τὰ
2453 1219 2629 1287 μέντοι
2686 1219 3128 1290 καινοτομηθέντα
3185 1225 3302 1296 περὶ
3353 1225 3448 1279 τὴν
3511 1219 3762 1282 ἀνατολὴν

2163 1307 2402 1378 περιττὸν
2451 1306 2586 1376 ἡμᾶς
2643 1303 2756 1357 ἔστι
2805 1303 2898 1358 (ἲιὰ
2951 1309 3274 1382 γραμμάτων
3326 1315 3619 1382 σημαίνειν,
3667 1313 3762 1364 αὐσ-

2163 1399 2263 1444 τῶν
2323 1400 2423 1444 τῶν
2482 1389 2717 1465 ἀδελφῶν
2776 1392 3004 1466 ἀκριϐῶς
3059 1393 3356 1468 δυναμένων
3423 1397 3508 1470 ἀφ’
3565 1399 3760 1453 ἑαυτῶν

2165 1476 2480 1552 διαγγεῖλαι.
2549 1485 2777 1534 Γίνωσκε
2843 1479 2942 1550 δὲ,
3009 1486 3300 1556 τιμιωτάτη
3367 1507 3458 1558 μοι
3521 1489 3754 1560 κεφαλὴ,

2161 1569 2273 1639 ὅτι,
2325 1572 2481 1628 ἡνίκα
2532 1575 2699 1623 ταῦτα
2751 1569 3074 1645 ἐπέστελλον,
3123 1571 3257 1626 οὕτω
3306 1571 3573 1648 διεκείμην
3627 1581 3758 1650 φαύ-

2163 1656 2283 1722 λως,
2337 1659 2472 1716 ᾧστε
2520 1661 2692 1719 πάσας
2741 1679 2804 1732 με
2861 1659 3038 1713 λοιπὸν
3090 1669 3184 1714 τοῦ
3242 1663 3338 1736 ζῇν
3392 1667 3486 1725 τὰς
3539 1663 3756 1728 ἐλπίδας

2160 1745 2544 1799 ἐπιλελοιπέναι.
2591 1753 2692 1801 Καὶ
2729 1751 2828 1822 γὰρ
2866 1746 2989 1802 οὐδὲ
3027 1749 3487 1824 ἐξαριθμήσασθαι
3530 1751 3754 1808 δυνατὸν

2159 1843 2258 1886 τῶν
2293 1834 2657 1908 ἐπιγινομένων
2713 1857 2804 1908 μοι
2857 1841 3258 1910 συμπτωμάτων
3307 1844 3365 1892 τὸ
3403 1841 3622 1908 πλῆθος,
3661 1849 3752 1896 καὶ

2156 1929 2245 1982 τὴν
2294 1923 2592 1994 ἀσθένειαν,
2643 1931 2734 1977 καὶ
2793 1929 2853 1978 τὸ
2905 1930 3115 1998 μέγεθος
3180 1937 3280 1980 τῶν
3343 1941 3604 2005 πυρετῶν,
3661 1938 3751 1986 καὶ

2155 2017 2250 2070 τὴν
2297 2016 2610 2070 κακοήθειαν
2669 2015 2824 2066 ὁποῖα
2860 2016 2972 2086 (68)
2999 2037 3011 2048 ·
3051 2015 3184 2074 πλὴν
3236 2019 3317 2070 ὅτι
3364 2017 3420 2070 ἐκ
3448 2023 3647 2073 πάντων
3699 2021 3748 2074 ἓν

2153 2104 2212 2153 τὸ
2245 2105 2613 2174 συναγόμενον,
2640 2102 2918 2178 πληρῶσαι
2947 2106 3082 2176 ἡμᾶς
3109 2105 3288 2158 λοιπὸν
3316 2111 3404 2159 τὸν
3439 2113 3628 2182 χρόνον
3653 2117 3750 2172 τῆς

2153 2195 2432 2264 παροικίας
2457 2197 2548 2243 τοῦ
2579 2187 2847 2250 δυστήνου
2886 2195 3073 2245 τούτου
3107 2199 3197 2247 καὶ
3227 2192 3490 2268 ὀδυνηρόν)
3529 2197 3674 2270 βίου.

2683 2321 3006 2370 ΕΡΙΣΤΟΛΗ
3043 2301 3200 2378 Ρ5Θ’.

2765 2447 3017 2501 Κανονικὴ
3061 2441 3124 2499 ϐ’.

383 2566 669 2628 Pluribus
691 2565 1110 2638 Amphilochii
1133 2565 1560 2639 quastiom'bus
1583 2565 1666 2623 ad
1693 2579 1950 2639 canones
1969 2563 2376 2639 spectantibus
2406 2563 2728 2639 respondet
2751 2565 3042 2639 Basilius,
3071 2580 3146 2622 ac
3173 2569 3370 2624 multa
3397 2570 3664 2639 explicat
3691 2577 3748 2626 et

451 2635 950 2710 conﬁrmatfquae
981 2640 1046 2693 in
1079 2635 1290 2711 prima,
1321 2638 1577 2706 epistola
1623 2638 1919 2692 canonica
1963 2641 2281 2700 statuerat,
2327 2635 2401 2711 de
2443 2637 2860 2711 matrimonio,
2917 2638 2992 2694 de
3037 2639 3370 2708 virginibus
3421 2635 3624 2711 lapsis,
3673 2643 3748 2699 de

458 2713 750 2783 baptismo
797 2708 1412 2784 hareticorlum._ﬁaec
1463 2713 1664 2784 autem
1704 2722 1990 2784 responsa
2031 2721 2152 2762 non
2193 2708 2397 2784 statim
2423 2709 2605 2764 missa
2645 2713 2788 2764 sunt
2833 2723 2906 2765 ac
2941 2711 3194 2782 scripta,
3219 2708 3541 2782 propterea
3583 2708 3749 2784 quod

451 2779 685 2841 moram
713 2783 1048 2840 attulerunt
1078 2781 1303 2837 Basilii
1328 2779 1570 2836 morbus
1600 2794 1672 2836 ac
1701 2781 2113 2835 ministrorum
2139 2779 2401 2848 penuria

745 2905 1171 2975 Amphilochia
1208 2905 1283 2961 de
1319 2902 1668 2960 canonibus.

456 3037 604 3092 Cum
640 3030 877 3104 pridem
907 3029 982 3086 ad
1015 3027 1363 3102 propositas
1393 3025 1570 3084 nobis
1609 3043 1648 3084 a
1685 3029 1789 3083 tua
1817 3026 2036 3098 pietate

382 3122 752 3198 quaestiones
801 3119 1294 3193 respondissem;
1343 3133 1469 3174 non
1522 3115 1661 3173 misi
1718 3115 2032 3188 scriptum,

381 3211 603 3284 partim
628 3209 878 3282 quidem
915 3207 1100 3278 longo
1133 3211 1191 3263 et
1218 3205 1557 3278 periculoso
1586 3203 1805 3260 morbo
1834 3203 2037 3259 deten-

381 3305 502 3368 tus,
531 3297 752 3370 partim
796 3313 930 3354 vero
963 3299 1208 3370 propter
1243 3294 1560 3368 penuriam
1595 3293 2030 3349 ministrorum.

381 3387 564 3444 Pauci
607 3387 770 3442 enim
808 3385 975 3458 apud
1015 3401 1151 3454 nos,
1177 3388 1234 3440 et
1262 3385 1374 3440 viae
1403 3383 1597 3456 periti,
1625 3386 1681 3438 et
1727 3381 1924 3454 parati
1954 3381 2036 3438 ad

382 3475 684 3548 ejusmodi
730 3473 1080 3530 ministeria.
1145 3475 1357 3544 Quare,
1417 3471 1671 3542 cognitis
1721 3486 2033 3527 morarum

382 3564 604 3634 causis,
656 3564 904 3634 ignosce
957 3561 1163 3618 nobis.
1209 3561 1502 3618 Admirati
1560 3563 1762 3617 autem
1819 3573 2031 3614 sumns

379 3657 554 3710 tuum
606 3651 877 3708 discendi
925 3651 1217 3720 studium,
1267 3649 1447 3706 simul
1501 3653 1559 3705 et
1607 3647 2027 3716 humilitatem,

379 3741 546 3816 quod
587 3746 643 3798 et
675 3741 902 3798 discere
931 3755 1056 3798 non
1087 3739 1372 3810 graveris,
1404 3754 1543 3795 cum
1572 3737 1829 3794 docendi
1855 3738 2029 3793 locus

377 3831 488 3888 tibi
535 3831 902 3888 commissus
949 3831 1044 3899 sit,
1095 3833 1152 3885 et
1197 3845 1234 3886 a
1279 3827 1458 3886 nobis
1511 3817 1763 3894 discere,
1807 3825 2027 3899 quibus

375 3919 526 3974 nihil
570 3924 661 3975 est
696 3919 906 3990 magni
947 3919 1028 3975 ad
1072 3915 1411 3974 scientiam.
1461 3915 1576 3972 Sed
1625 3919 1830 3971 tamen
1880 3913 2028 3986 quia

374 4021 502 4064 non
549 4007 819 4076 gravaris
861 4005 941 4062 ob
969 4005 1250 4062 timorem
1291 4004 1394 4060 Dei
1416 4019 1546 4060 rem
1589 4003 1804 4070 facere,
1835 4017 2025 4074 quam

375 4095 532 4151 alius
583 4093 752 4151 haud
795 4093 971 4150 faeile
1013 4093 1216 4160 faciat,
1261 4096 1497 4166 oportet
1537 4095 1602 4148 ut
1643 4096 1701 4148 et
1741 4107 1852 4148 nos
1903 4096 2022 4147 tuae

373 4183 666 4242 alacritati
707 4199 779 4240 ac
807 4181 972 4240 bono
1015 4181 1214 4238 studio
1255 4197 1437 4255 opem
1471 4181 1652 4239 etiam
1682 4181 1838 4238 ultra
1864 4181 2021 4237 vires

367 4272 656 4330 feramus.

439 4365 596 4418 XVII.
629 4361 1012 4432 Interrogasti
1033 4375 1146 4416 nos
1170 4359 1245 4417 de
1267 4360 1518 4416 Bianore
1541 4358 1916 4433 presbytero,
1939 4375 2018 4416 an

363 4449 428 4507 in
465 4451 695 4508 clerum
745 4450 981 4508 admitti
1025 4449 1248 4522 possit,
1287 4451 1532 4522 propter
1563 4448 2014 4520 jusjurandum.

364 4541 486 4609 Ego
525 4545 726 4598 autem
751 4555 848 4596 me
869 4542 1001 4611 jam
1029 4555 1418 4596 communem
1444 4537 1713 4610 aliquam
1743 4537 2016 4608 regulam

363 4627 442 4684 de
469 4629 755 4684 omnibus
785 4629 892 4701 qui
911 4643 1035 4685 una
1054 4643 1195 4684 cum
1215 4643 1286 4684 eo
1304 4629 1680 4700 juraverant,
1699 4627 2015 4683 Antioche-
2041 4671 2064 4678 -,

359 4717 457 4772 nis
479 4716 706 4774 clericis
727 4717 988 4774 edidisse
1010 4717 1287 4786 memini;
1313 4721 1376 4773 ut
1399 4716 1515 4790 ipsi
1544 4732 1580 4772 a
1605 4715 1862 4788 publicis
1883 4715 2012 4788 qui-

359 4803 500 4862 dem
532 4805 932 4864 conventibus
960 4805 1323 4876 abstineant,
1345 4805 1626 4879 privatim
1659 4805 1830 4877 291
1867 4821 2010 4863 vero

423 4947 646 5033 ignes
665 4951 734 5033 If.
768 4947 1186 5033 Scripta'anno
1219 4953 1340 5008 373.

566 5021 778 5094 ,Ὁτι-οἷα.
811 5017 960 5094 Editi
989 5023 1190 5086 ὁποίαν,
1223 5017 1704 5094 repugnantibus
1729 5037 1876 5078 mss.
1907 5036 2005 5078 ve-

351 5091 698 5149 tustissimis
727 5099 785 5150 et
811 5093 943 5149 aliis
971 5091 1421 5150 recentioribus.

421 5165 536 5238 (69)
583 5165 952 5238 Προταθείσας.
1015 5167 1102 5238 Ita
1136 5169 1301 5238 rocto
1338 5163 1578 5238 saltem
1641 5179 1806 5238 mss._
1849 5163 2002 5238 Editi

347 5233 704 5308 προτιθείσας.
773 5237 950 5292 Deest
1020 5236 1276 5308 initium,
1337 5233 1862 5308 hujus_epistolze
1935 5237 1999 5292 in

347 5255 704 5362 nforwstaatg.
773 5255 950 5292 ueesr.
1020 5255 1258 5292 mitium
1337 5255 1522 5308 unjus
1599 5255 1862 5308 eplswue
1935 5255 1998 5292 in

343 5321 386 5392 p
417 5307 625 5392 nribus
683 5325 832 5364 mss.
885 5323 1080 5380 usque
1131 5308 1214 5364 ad
1263 5307 1394 5363 hac
1447 5305 1633 5363 verba
1690 5307 1998 5382 Ἰἰρωτησας

345 5385 503 5438 ἡμᾶς.

380 5399 528 5530 μῧῖῖ)
567 5447 717 5530 usta
757 5445 817 5504 δὲ
864 5449 1104 5530 ἐνεργεῖν.
1150 5449 1321 5530 saepe
1365 5449 1781 5530 vituperantnr
1827 5450 1996 5530 apud

343 5523 586 5578 sanctos
621 5521 844 5592 Patres,
867 5521 1173 5596 qui'sacra
1207 5521 1270 5578 in
1301 5521 1554 5594 privatis
1593 5521 1828 5578 sedibus
1868 5521 1994 5578 sive

2563 2900 2890 2974 ’Δμφιλοχίῳ
2926 2907 3044 2976 περὶ
3082 2907 3326 2960 κανόνων.

2217 3023 2389 3077 Πάλαι
2429 3027 2560 3099 πρὸς
2606 3027 2696 3086 τὰς
2739 3028 2886 3100 παρὰ
2931 3035 3026 3090 τῆς
3075 3027 3339 3090 εὐλαϐείας
3401 3048 3493 3082 σου
3547 3050 3748 3103 προτα-

2147 3113 2326 3176 θείσας
2371 3115 2484 3186 (69)
2537 3115 2662 3188 ἡμῖν
2713 3116 2993 3190 ἐρωτήσεις
3035 3115 3459 3194 ἀποκρινάμενος,
3501 3119 3594 3172 οὐκ
3645 3121 3749 3176 ἆπ-

2145 3203 2349 3256 έστειλα
2389 3207 2448 3256 τὸ
2476 3207 2716 3280 γράμμα,
2749 3213 2903 3258 τοῦτο
2941 3209 3032 3279 μὲν
3065 3209 3164 3260 ὑπὸ
3193 3217 3291 3270 τῆς
3320 3207 3616 3284 ἀρρωστίας
3645 3221 3750 3276 τῆς

2143 3299 2346 3368 μακρᾶς
2375 3299 2465 3345 καὶ
2495 3289 2825 3347 ἐπικινδύνου
2856 3295 3195 3368 ἀσχοληθεὶς,
3225 3305 3379 3350 τοῦτο
3414 3295 3473 3351 δὲ
3499 3299 3620 3351 ὑπὸ⁹
3647 3311 3752 3366 τῆς

2145 3379 2361 3457 ἀπορίας
2391 3389 2490 3434 τῶν
2521 3379 2950 3455 διακονουμένων,
2985 3384 3185 3457 Ὀλίγοι
3229 3389 3328 3459 γὰρ
3359 3407 3463 3462 παρ
3496 3389 3623 3460 ἡμῖν
3653 3395 3750 3444 καὶ

2142 3467 2270 3522 ὁδοῦ
2302 3475 2554 3544 ἔμπειροι,
2571 3477 2660 3524 καὶ
2697 3479 3177 3548 παρεσκευασμένοι
3205 3481 3332 3550 πρὸς
3363 3481 3456 3537 τὰς
3491 3483 3756 3542 τοιαύτας

2142 3561 2446 3633 ὑπηρεσίας.
2490 3559 2669 3628 "ﬂare,
2703 3565 2880 3634 μαθὼν
2926 3565 3018 3625 τὰς
3057 3563 3332 3626 αἰτίαστῆς
3375 3563 3748 3642 βραδυτῆτος,

2141 3645 2231 3710 ὃός
2278 3653 2400 3722 ἡμῖν
2447 3653 2538 3708 τὴν
2585 3657 2923 3724 συγγνώμην,
2951 3653 3348 3726 Ἐθαυμάσαμεν
3399 3651 3458 3707 δέ
3497 3675 3594 3708 σου
3643 3665 3756 3718 τὴν

2139 3737 2474 3810 φιλομάθειαν
2517 3739 2646 3812 ὁμοῦ
2694 3743 2784 3792 καὶ
2824 3745 2918 3800 τὴν
2959 3746 3470 3816 ταπεινοφροσύνην
3523 3745 3602 3798 ὅτι
3647 3753 3752 3802 καὶ

2136 3827 2317 3897 μαθεῖν
2371 3824 2671 3900 καταδέχῃ,
2699 3833 2793 3886 τὴν
2825 3837 2916 3881 τοῦ
2964 3825 3241 3883 διδάσκειν
3279 3832 3426 3894 τάξιν
3455 3853 3758 3888 πεπιστευ-

2134 3917 2298 3986 μένος,
2331 3920 2422 3968 καὶ
2464 3919 2737 3989 μανθάνειν
2783 3917 2906 3991 παρ’
2937 3921 3102 3990 ἡμῶν,
3137 3921 3210 3980 οἷς
3253 3918 3402 3974 οὐδὲν
3431 3927 3564 3994 μέγα
3607 3930 3754 4000 πρὸς·

2137 4023 2286 4057 σεστι
2323 4007 2450 4078 πρὸς
2485 4013 2698 4078 γνῶσιν.
2741 4005 2874 4058 Ἀλλ’
2901 4009 3057 4080 ὅμως,
3089 4005 3270 4068 ἐπείὸὴ
3317 4008 3592 4085 καταδέχῃ
3639 4011 3756 4070 διὰ

2131 4095 2218 4144 τὸν
2267 4092 2422 4164 φόϐον
2471 4102 2564 4146 τοῦ
2611 4101 2745 4148 Θεοῦ
2791 4103 2954 4148 ποιεῖν
3001 4103 3223 4171 πρᾶγμα
3261 4097 3321 4151 οὗ
3365 4097 3558 4174 ῥᾳδίως
3609 4105 3756 4177 παρ’

2131 4181 2302 4258 ἑτέρου
2345 4187 2627 4256 γινόμενον,
2655 4187 2766 4257 χρὴ
2799 4190 2889 4237 καὶ
2926 4187 3064 4260 ἡμᾶς
3097 4195 3158 4258 τῇ
3197 4190 3466 4262 προθυμίᾳ
3507 4209 3610 4243 σου
3641 4201 3752 4248 καὶ

2048 4259 2094 4313 D
2127 4279 2190 4344 τῇ
2223 4272 2394 4345 ἀγαθῇ
2431 4271 2639 4346 σπουδῇ
2677 4277 3016 4350 συναίρεσθαι
3045 4281 3134 4328 καὶ
3163 4259 3290 4352 ὑπερ
3323 4259 3565 4352 δυναμιν.

2198 4361 2274 4415 ΙΖ’
2315 4363 2625 4438 ἸΙρώτησας
2680 4365 2820 4435 ἡμᾶς
2877 4369 2994 4438 περὶ
3051 4368 3290 4440 Βιάνορος
3343 4375 3434 4420 τοῦ
3490 4371 3750 4444 πρεσϐυ-

2126 4454 2298 4523 τέρου,
2340 4449 2384 4502 εἰ
2433 4448 2616 4514 δεκτός
2645 4451 2790 4504 ἐστιν
2819 4451 2887 4514 εἰς
2929 4457 3017 4505 τὸν
3051 4453 3263 4530 κλῆρον,
3293 4451 3388 4508 διὰ
3429 4460 3515 4509 τὸν
3545 4461 3748 4532 ὅρκον.

2130 4538 2257 4609 Ἑγώ
2299 4535 2358 4592 δὲ
2401 4535 2508 4598 ἤδη
2557 4541 2675 4592 τινὰ
2702 4543 2869 4591 κοινὸν
2913 4541 3026 4614 ὅρον
3069 4547 3187 4614 περὶ
3219 4545 3421 4596 πάντων
3451 4545 3584 4617 ὁμοῦ
3629 4557 3746 4602 τῶν

2122 4628 2231 4700 μετ’
2275 4627 2435 4680 αὐτοῦ
2489 4627 2833 4700 ὀμωμοκότων
2885 4637 2994 4692 τοῖς
3049 4631 3164 4683 κατ’
3213 4631 3539 4704 Ἀντιόχειαν
3591 4636 3746 4695 κλη-

2119 4724 2290 4792 ρικοίς
2353 4713 2478 4768 οἶδα
2538 4715 2869 4779 ἐκτεθεικως·
2935 4721 3070 4771 ὥστε
3133 4728 3234 4771 τῶν
3297 4725 3388 4793 μεν
3445 4719 3744 4795 δημοσίω-ν

2121 4805 2312 4868 αὐτοὺς
2347 4805 2646 4878 ἀπέχεσθαι
2686 4806 2967 4881 συλλόγων,
3019 4805 3133 4882 ἰδίᾳ
3171 4805 3232 4862 δὲ
3261 4809 3477 4886 ἐνεργεῖν
3507 4817 3628 4884 (70)
3657 4819 3744 4872 τὰ,

2114 4947 2464 5007 domesticis
2489 4949 2763 5009 oratoriis
2795 4949 3120 5026 celebrant.
3141 4953 3285 5026 Hinc
3307 4954 3592 5026 Irenteus,
3613 4957 3732 5016 lib.

2114 5037 2192 5105 ης,
2215 5039 2348 5106 cap.
2363 5027 2452 5091 26,
2472 5028 2744 5106 oportere
2766 5023 2848 5106 ait
2875 5039 2998 5092 eos,
3020 5028 3124 5098 qui
3147 5025 3444 5106 absistunt
3475 5043 3516 5106 ςι
3532 5023 3738 5106 prin—

2113 5095 2303 5163 cipali
2337 5097 2704 5170 successione
2741 5101 2797 5152 et
2828 5095 3189 5170 quocunque
3225 5099 3352 5153 loco
3393 5095 3730 5170 colligunt,

2109 5173 2405 5233 suspectos
2451 5165 2697 5236 habere,
2746 5165 3054 5236 veliquasi
3083 5165 3393 5224 haereticos
3435 5175 3488 5225 et
3535 5165 3738 5230 inata?

2109 5238 2458 5308 sententiae,
2515 5238 2608 5292 vel
2663 5239 2840 5308 quasi
2904 5239 3241 5294 scindentes
3297 5245 3351 5295 et
3409 5241 3602 5296 elatos
3665 5249 3734 5300 ct

2107 5307 2222 5362 sibi
2262 5309 2602 5384 placentes;
2645 5307 2752 5363 aut
2795 5323 3004 5384 rursus
3053 5316 3118 5384 ut
3165 5310 3516 5380 hypocritas
3555 5329 3734 5384 quae-

2105 5384 2232 5458 stus
2277 5382 2484 5458 gratia
2529 5385 2586 5458 et
2629 5395 2800 5435 vana:
2836 5381 3050 5458 gloriae
3095 5381 3206 5458 hac
3235 5381 3584 5458 operantesi
3605 5385 3733 5442 Ba—

2106 5449 2291 5520 silius,
2325 5451 2388 5505 in
2427 5451 2646 5519 psalm.
2691 5467 2872 5519 xxvu,
2904 5465 2970 5506 n.
3011 5455 3082 5508 3:
3130 5449 3280 5508 Non'
3305 5455 3492 5522 igitur
3528 5461 3730 5516 extra

2105 5527 2380 5578 sanctam
2411 5523 2570 5580 hanc
2597 5522 2806 5580 aulam
2832 5522 3094 5582 adorare
3121 5525 3371 5594 oportel,
3403 5525 3508 5582 sed
3533 5527 3724 5589 intra
