4062 6214
468 254 574 323 7'19

1822 252 1878 309 S.
1922 250 2171 309 BASILII
2210 250 2457 308 MAGNI.

3683 270 3757 327 ’ΠΟ

466 389 698 462 judicio
742 378 1055 457 subjicitur
1098 378 1583 453 gravissimo,ut
1636 391 1771 450 qure
1828 376 2015 432 ﬁdem
2066 375 2113 431 ir

2237 376 2297 428 Εἰ
2324 379 2495 427 τοίνυν
2532 378 2684 448 χήρα
2738 378 2957 450 κρίματι
2981 376 3250 429 ὑπόκειται
3290 376 3577 453 βαρυτάτῳ,
3605 386 3661 446 ὡς
3692 395 3762 448 τὴν

471 479 772 537 Christum
828 473 1057 530 irritam
1106 469 1340 533 fecerit,
1372 466 1523 539 quid
1565 466 1742 522 nobis
1785 464 2129 538 putandum

470 568 544 624 de
569 566 815 637 virgine,
849 579 983 635 quae
1017 576 1241 635 sponsa
1270 561 1359 613 est
1388 556 1623 622 Christi,
1648 560 1706 611 et
1753 570 1993 611 sacrum
2018 569 2128 610 vas

470 656 726 714 Domino
780 651 1126 708 dedicatum
1147 649 1174 703 ‘?
1204 651 1484 717 Magnum
1523 645 1770 718 quidem
1801 649 1893 700 est
1919 658 2128 716 pecca-

470 744 735 809 tum,vel
787 740 1069 798 ancillam
1123 735 1509 793 clandestinis
1557 732 1959 791 matrimoniis
1997 745 2127 787 sese

468 837 739 895 dantem,
766 836 977 903 stupro
1016 829 1269 884 domum
1307 824 1576 896 implere,
1610 827 1665 879 et
1686 822 1980 879 deteriore
2008 820 2129 876 vita

468 924 754 995 injuriam
803 916 1140 992 possessori
1178 916 1374 971 facere
1402 932 1414 970 :
1439 914 1619 983 longe
1642 917 1844 969 autem
1876 910 2126 981 gravius

467 1018 554 1069 est
590 1026 877 1084 sponsam
907 1008 1038 1064 fieri
1065 1005 1423 1071 adulteram,
1457 1019 1527 1059 ac
1550 1019 1675 1057 suae
1719 1017 1858 1057 cum
1892 1014 2125 1072 sponso

469 1100 879 1173 conjunctioni
932 1098 1199 1153 dedecus
1253 1095 1563 1159 ferentem,
1592 1090 1915 1163 impudicis
1962 1088 2125 1145 volu-

467 1192 735 1267 ptatibus
794 1204 857 1245 se
905 1187 1151 1243 dedere.
1211 1182 1466 1239 Proinde
1514 1180 1699 1237 vidua
1760 1178 2031 1267 quidem,
2057 1180 2126 1267 ut

469 1285 755 1352 corrupta
787 1276 1025 1341 ancilla,
1059 1274 1537 1339 condemnatur;
1565 1270 1731 1339 virgo
1772 1283 1913 1325 vero
1956 1266 2122 1323 adul-

471 1379 609 1429 terae
665 1365 893 1439 judicio
952 1364 1126 1436 292
1193 1360 1549 1431 subjicitur.
1592 1356 2124 1424 Quemadmodum

468 1462 652 1532 igitur
678 1473 817 1513 eum
839 1455 944 1528 qui
984 1470 1123 1509 cum
1162 1450 1359 1508 aliena
1382 1453 1470 1506 est
1492 1448 1758 1512 muliere,
1782 1446 2124 1503 adulterum

468 1549 876 1607 nominamus,
912 1557 1037 1599 non
1088 1540 1255 1615 prius
1309 1538 1690 1595 admittentes
1736 1535 1816 1592 ad
1855 1549 2128 1591 commu-

469 1639 737 1701 nionem,
769 1649 955 1706 quam
985 1647 1022 1687 a
1059 1632 1309 1703 peccato
1349 1626 1706 1683 cessaverit:
1733 1624 1816 1680 ita
1856 1622 2125 1695 profecto

2238 464 2305 525 εἰς
2360 467 2590 538 Χριστὸν
2650 463 2955 522 ἀθετήσασα
2998 471 3195 533 πίστιν,
3244 471 3294 519 τί
3346 472 3452 543 χρὴ
3517 470 3764 543 λογίζεσθαι

2238 556 2376 625 ἡμᾶς
2406 559 2524 628 περὶ
2553 562 2647 615 τῆς
2701 556 2976 627 παρθένου,
3011 556 3127 617 ητις
3170 559 3340 629 νύμφη
3396 556 3501 610 ἐστὶ
3545 569 3623 612 τοῦ
3667 572 3766 638 Χρι-

2241 649 2400 708 στου,
2434 648 2522 695 καὶ
2582 650 2760 703 σκεῦος
2808 645 2940 719 ἱερὸν
2998 643 3233 697 ἀνατεθὲν
3279 653 3352 715 τῷ
3382 653 3623 719 Δεσπότη;
3650 657 3768 725 Μέγα

2237 734 2327 803 μὲν
2367 732 2654 805 ἁμάρτημα
2704 737 2794 785 καὶ
2845 729 3036 792 δούλην
3078 734 3343 809 λαθραίοις
3394 740 3569 810 γάμοις
3619 740 3770 801 ἑαυτὴν

2236 816 2583 873 ἐπιδιδούσαν
2631 824 2820 895 φθορᾶς
2876 820 3174 881 ἀναπλῆσαι
3209 827 3296 876 τὸν
3348 821 3514 892 οἶκον,
3560 833 3637 881 καὶ
3666 833 3772 882 καθ-

2235 908 2465 981 υϐρίζειν
2492 906 2586 963 διὰ
2632 917 2723 963 τοῦ
2756 918 2986 986 πονηροῦ
3031 911 3154 984 βίου
3183 916 3272 965 τὸν
3303 919 3611 988 κεκτημένον·
3640 918 3777 988 πολλῷ

2236 976 2311 1050 δὲ-
2335 994 2508 1056 δήπου
2563 976 2924 1075 χαλεπώτερον
2960 976 3054 1059 τὴν
3097 1004 3299 1074 νύμφην
3355 976 3634 1075 μοιγξαλίδα
3660 976 3777 1078 7m:-

2237 1088 2381 1156 σθαι,
2418 1092 2508 1141 καὶ
2537 1092 2630 1146 τὴν
2654 1092 2784 1164 πρὸς
2831 1092 2916 1141 τὸν
2968 1095 3187 1163 νυμφίον
3244 1092 3422 1144 ἕνωσιν
3468 1092 3781 1166 ἀτιμάσασαν,

2233 1173 2446 1237 ἡδοναῖς
2472 1176 2803 1250 ςὰκολοίστοις
2870 1180 3054 1239 ἑαυτὴν
3115 1176 3407 1234 ἐπιδοῦναι.
3440 1182 3678 1242 Οὐκοῦνή
3711 1188 3784 1255 μὲν

2231 1270 2399 1339 χήρα,
2455 1268 2520 1327 ὡς
2579 1263 2740 1325 δούλη
2802 1265 3173 1344 διεφθαρμένη,
3238 1266 3787 1332 καταδικάζεται·ἠδὶ

2231 1356 2482 1426 παρθένος
2551 1363 2625 1427 τῷ
2699 1362 2917 1429 κρίματι
2986 1366 3077 1418 τῆς
3131 1355 3454 1431 μοιχαλίδος
3519 1361 3782 1417 ὑπόκειται.

2230 1442 2430 1517 ’Ὠσπερ
2479 1441 2567 1496 οὖν
2603 1448 2689 1497 τὸν
2740 1444 2983 1521 ἀλλοτρία
3040 1453 3249 1518 γυναικὶ
3322 1452 3560 1502 συνιόντα
3628 1453 3791 1522 μοιχὸν

2234 1530 2573 1605 ὀνομάζομεν,
2639 1534 2700 1587 ού
2751 1540 2999 1609 πρότερον
3054 1533 3473 1611 παραδεξάμενοι
3516 1539 3584 1600 εἰς
3644 1558 3799 1591 κοινωο

2232 1625 2368 1690 νίαν,
2425 1627 2548 1697 πρὶν
2576 1626 2607 1682 ἧ
2648 1626 2962 1678 παύσασθαι
3002 1634 3099 1687 τῆς
3156 1625 3437 1701 ἁμαρτίας·
3467 1628 3596 1681 οὕτω
3642 1625 3800 1685 δηλον-

470 1733 527 1785 et
547 1728 621 1782 de
651 1741 722 1781 eo
739 1723 843 1796 qui
871 1721 1168 1790 virginem
1186 1717 1370 1774 habet
1389 1712 1899 1772 statuemus.lllud
1921 1715 2113 1769 autem

2233 1713 2315 1762 ότι
2352 1714 2442 1763 καὶ
2462 1710 2548 1764 ἐπὶ
2567 1719 2658 1764 τοῦ
2687 1717 2781 1772 τὴν
2827 1716 3078 1788 παρθένον
3125 1717 3343 1787 ἔχοντος
3394 1714 3804 1789 διατεθησὸμεθα.

470 1832 632 1874 nunc
679 1816 739 1870 in
778 1817 1158 1869 antecessum
1215 1810 1473 1863 statuere
1517 1803 1694 1860 nobis
1744 1817 1988 1857 necesse
2015 1805 2125 1874 est,

468 1905 765 1976 virginem
807 1899 1032 1970 vocari,
1066 1912 1202 1970 quae
1243 1910 1305 1950 se
1344 1910 1457 1950 sua
1503 1896 1717 1965 sponte
1768 1889 1982 1947 obtulit
2012 1892 2126 1947 Do-

470 1995 736 2056 mino,ac
767 1988 1049 2047 nuntium
1069 1983 1295 2058 nuptiis
1324 1982 1573 2048 remisit,
1606 1986 1661 2037 et
1707 1977 2125 2035 sanctimoniae

470 2083 809 2141 institutum
865 2076 1149 2149 amplexa
1199 2077 1305 2129 est.
1348 2069 1752 2127 Professiones
1804 2071 2006 2125 autem
2046 2067 2125 2124 ab

472 2190 544 2231 eo
568 2177 841 2243 tempore
861 2165 1252 2232 admittimus,
1272 2176 1394 2233 quo
1417 2164 1564 2215 tetas
1588 2158 1839 2215 rationis
1860 2155 2124 2229 comple-

471 2264 744 2318 mentum
795 2254 1099 2313 habuerit.
1152 2254 1353 2322 Neque
1401 2247 1558 2304 euim
1632 2246 1892 2318 pueriles
1945 2260 2124 2301 voces

470 2349 720 2406 omnino
769 2348 931 2401 ratas
974 2342 1037 2397 in
1080 2337 1382 2411 ejusmodi
1428 2335 1609 2392 rebus
1650 2334 1874 2391 habere
1912 2349 2127 2390 convc-

470 2438 597 2494 nit:
629 2435 737 2492 sed
777 2448 914 2506 quae
960 2445 1144 2502 supra
1214 2426 1517 2483 sexdecim
1558 2423 1653 2480 vel
1696 2422 2125 2495 septemdecim

470 2542 666 2584 annos
696 2528 865 2590 nata,
892 2519 1420 2577 ratiocinationum
1452 2529 1702 2571 suarum
1744 2512 1988 2583 arbitra,
2020 2512 2127 2568 diu

469 2616 817 2672 examinata
859 2626 930 2667 ac
965 2607 1245 2682 probata,
1270 2604 1556 2675 deinceps
1597 2601 2035 2675 perseveravit,
2068 2604 2127 2658 et

468 2711 534 2761 ut
553 2703 903 2761 admittatur
958 2698 1298 2753 constanter
1342 2691 1662 2763 rogaverit,
1690 2696 1821 2747 tum
1872 2690 2122 2746 demum

466 2794 620 2850 inter
666 2790 932 2861 virgines
976 2782 1308 2848 referenda,
1349 2783 1602 2853 ejusque
1657 2784 1789 2835 rata
1836 2778 2122 2836 habenda

466 2881 782 2955 professio,
811 2893 881 2934 ac
908 2875 1068 2932 illius
1110 2872 1353 2930 violatio
1399 2868 1843 2926 inexorabiliter
1870 2868 2120 2941 punien-

466 2971 567 3027 da.
609 2968 816 3027 Multas
861 2964 1023 3020 enim
1066 2963 1345 3035 parentes
1383 2957 1696 3015 adducunt
1741 2959 1799 3013 et
1826 2956 2040 3012 fratres
2063 2960 2120 3013 et

465 3058 952 3132 propinquorum
999 3049 1276 3108 nonnulli
1318 3052 1454 3104 ante
1506 3050 1777 3113 aetatem,
1826 3060 1951 3100 non
2007 3061 2120 3102 sua

463 3151 679 3220 sponte
725 3144 806 3201 ad
843 3141 1114 3199 caelibem
1141 3139 1325 3195 vitam
1369 3136 1601 3202 incitas,
1635 3134 1742 3190 sed
1766 3138 1833 3189 ut
1862 3132 1973 3189 sibi
2002 3133 2120 3206 ipsi

463 3233 713 3307 aliquod
738 3233 800 3288 in
830 3232 952 3287 vita
976 3226 1366 3285 commodum
1395 3222 1774 3297 provideant.
1795 3221 1963 3279 Tales
1991 3236 2117 3278 non

461 3323 635 3380 facile
664 3318 1075 3387 admittendos,
1096 3316 1290 3372 donec
1319 3318 1522 3387 aperte
1550 3312 1819 3385 ipsarum
1845 3326 2119 3383 perscru-

459 3411 560 3468 tati
589 3410 882 3466 fuerimus
914 3404 1292 3461 sententiam.

528 3518 666 3575 XIX.
695 3515 969 3571 Virorum
1015 3514 1215 3568 autem
1237 3507 1643 3582 professiones
1664 3521 1787 3563 non
1804 3506 2111 3574 novimus,

455 3610 863 3680 prteterquam
920 3601 971 3657 si
1022 3600 1127 3673 qui
1171 3613 1233 3654 se
1284 3596 1396 3669 ipsi
1448 3595 1889 3653 monachorum
1915 3594 2113 3651 ordini

457 3694 848 3767 ascripserint
880 3709 892 3747 :
925 3689 1030 3763 qui
1077 3686 1326 3761 quidem
1367 3686 1542 3743 tacite
1596 3685 1782 3740 vitam
1836 3682 2108 3739 caelibem

450 3786 728 3842 videntur
766 3780 1128 3852 suscepisse.
1158 3779 1584 3832 Verumtamen
1613 3774 1675 3830 in
1710 3773 1825 3829 illis
1863 3788 2110 3844 quoque

448 3872 601 3930 illud
629 3871 846 3944 opinor
872 3866 1152 3942 praemitti
1183 3868 1472 3937 oportere,
1506 3867 1572 3919 ut
1600 3862 1712 3934 ipsi
1741 3863 2110 3932 interrogen-

447 3967 582 4027 tur,
634 3958 1085 4030 accipiaturque
1161 3969 1374 4011 eorum
1450 3951 1741 4024 professio
1814 3950 1977 4007 clara
2036 3966 2107 4006 ac

448 4049 769 4122 perspicua
794 4068 806 4102 :
830 4050 895 4101 ut
923 4061 1083 4110 cum,
1117 4059 1179 4098 se
1209 4041 1289 4098 ad
1330 4040 1720 4096 libidinosam
1746 4042 1804 4095 et
1829 4038 2106 4110 volupta-

446 4140 602 4196 riam
641 4137 822 4193 vitam
861 4132 1278 4200 converterint,
1312 4145 1521 4187 eorum
1577 4128 1683 4201 qui
1728 4128 2104 4185 fornicantur

444 4224 743 4300 punitioni
774 4221 1191 4293 subjiciantur.

517 4338 620 4393 XX.
655 4336 1037 4404 Quaecunque
1066 4329 1368 4400 mulieres,
1392 4343 1532 4384 cum
1558 4329 1758 4383 essent
1775 4326 1839 4382 in
1862 4326 2097 4397 haeresi,

2235 1799 2424 1852 Ἐκεῖνο
2464 1796 2524 1854 δὲ
2586 1808 2674 1853 νῦν
2736 1800 3267 1878 προδιομολογεῐσθαι
3344 1807 3471 1878 ἡμῖν
3538 1805 3805 1879 ἀναγκαῖον,

2234 1889 2312 1941 ὅτι
2366 1890 2618 1962 παρθένος
2670 1890 2979 1964 ὀνομάζεται
3044 1895 3074 1951 ἡ
3132 1892 3391 1957 ἑκουσίως
3445 1894 3621 1955 ἑαυτὴν
3668 1914 3813 1968 προσ-

2234 1985 2506 2050 αγαγοῦσα
2565 1987 2637 2050 τῷ
2693 1985 2906 2054 Κυρίῳ,
2959 1986 3049 2034 καὶ
3107 1982 3477 2056 ἀποταξαμένη
3528 1993 3597 2055 τῷ
3655 1986 3809 2055 γάμῳ,

2235 2069 2323 2118 καὶ
2360 2070 2447 2119 τὸν
2479 2066 2527 2118 ἐν
2549 2066 2798 2141 ἁγιασμῷ
2856 2068 2973 2142 βίον
2995 2077 3417 2145 προτιμήσασα.
3447 2075 3552 2135 Τὰς
3599 2068 3654 2125 δὲ
3689 2074 3815 2145 ὁμο--

2233 2154 2413 2226 λογίας
2468 2159 2582 2209 τότε
2643 2157 2958 2231 ἐγκρίνομεν,
3005 2158 3089 2232 ἀφ’
3147 2160 3309 2236 οὗπερ
3358 2163 3421 2213 ἄν
3451 2164 3480 2220 ἠ
3514 2160 3686 2219 ἡλικία
3732 2166 3814 2218 τὴν

2232 2251 2325 2296 τοῦ
2354 2244 2509 2316 λόγου
2560 2246 2939 2320 συμπλήρωσιν
2974 2250 3088 2320 (75)
3120 2252 3243 2322 ἕχῄ.
3277 2247 3424 2304 Οὐδὲ
3454 2252 3551 2326 γὰρ
3590 2253 3679 2313 τὰς
3702 2270 3815 2303 παι-

2235 2329 2391 2394 δικὰς
2450 2335 2618 2405 φωνὰς
2665 2337 2863 2397 πάντως
2901 2340 3079 2409 κυρίας
3132 2338 3212 2391 ἐπὶ
3264 2347 3372 2391 τῶν
3430 2342 3666 2392 τοιούτων
3694 2341 3817 2409 ἡγείο

2235 2424 2359 2475 σθαι
2411 2432 2690 2498 προσῆκεν,
2751 2425 2878 2479 ἀλλὰ
2924 2432 3019 2486 τὴν
3058 2428 3185 2501 ὑπὲρ
3229 2431 3304 2481 τὰ
3357 2426 3492 2483 δέκα
3535 2428 3588 2492 ἓξ
3623 2431 3651 2485 ἦ
3706 2424 3821 2480 δέκα

2233 2517 2321 2565 καὶ
2360 2512 2489 2564 ἑπτὰ
2506 2518 2781 2586 γενομένην
2828 2518 2935 2584 ἔτη,
2977 2521 3158 2591 κυρίαν
3213 2514 3387 2571 οὖσαν
3418 2528 3519 2571 τῶν
3556 2518 3817 2589 λογισμῶν,

2232 2598 2598 2675 ἀνακριθεῐσαν
2650 2602 2736 2655 ἐπὶ
2809 2604 2981 2656 πλεῖον
3054 2612 3167 2658 εἶτα
3246 2612 3696 2680 παραμείνασαν,
3743 2608 3821 2657 καὶ

2230 2687 2554 2762 λιπαροῦσαν
2611 2688 2705 2744 διὰ
2745 2693 2950 2745 ἱκεσιῶν
2989 2698 3114 2768 πρὸς
3155 2697 3212 2748 τὸ
3253 2694 3696 2772 παραδεχθῆναι,
3724 2699 3825 2746 τότε

2230 2777 2669 2851 ἑγκαταλέγεσθαι
2707 2786 2815 2856 χρὴ
2865 2790 2983 2843 ταῖς
3026 2786 3334 2856 παρθένοις,
3377 2791 3470 2839 καὶ
3517 2791 3611 2844 τὴν
3664 2782 3827 2856 ὁμολο·

2227 2872 2346 2938 γίαν
2395 2877 2488 2930 τῆς
2538 2872 2788 2931 τοιαύτης
2826 2879 3051 2945 κυροῦν,
3082 2878 3173 2926 καὶ
3226 2880 3331 2933 τὴν
3388 2874 3639 2933 ἀθέτησιν
3691 2872 3831 2931 αὐτῆς

2227 2954 2593 3029 ἀπαραιτήτῶς
2651 2959 2886 3023 κολάζειν
2919 3001 2933 3017 .
3003 2961 3198 3024 Πολλὰς
3279 2967 3388 3041 γὰρ
3464 2970 3634 3036 γονεῖς
3685 2979 3829 3037 προσ-

2225 3047 2416 3117 άγουσι
2466 3052 2555 3100 καὶ
2622 3044 2881 3121 ἀδελφοὶ,
2943 3056 3033 3104 καὶ
3088 3060 3188 3104 τῶν
3277 3058 3661 3129 προσηκόντων
3722 3052 3837 3110 τινες

2224 3139 2324 3209 πρὸ
2363 3144 2458 3196 τῆς
2486 3136 2713 3209 ἡλικίας,
2741 3138 2835 3190 οὐκ
2891 3141 3087 3193 οἴκοθεν
3140 3142 3492 3216 ὀρριηθείσας
3549 3146 3675 3217 πρὸς
3722 3138 3837 3211 ἁγα-

2223 3229 2370 3297 μίαν,
2395 3224 2521 3278 ἀλλά
2573 3246 2623 3279 τι
2672 3226 2921 3299 βιωτικὸν
2959 3229 3162 3292 ἑαυτοῖς
3200 3228 3609 3307 διοικούμενοι.
3646 3231 3737 3292 "Ag
3785 3228 3838 3280 οὗ

2221 3310 2422 3387 ῥᾳδίως
2476 3312 2879 3388 προσδέχεσθαι
2936 3315 3038 3389 δεῖ,
3071 3319 3163 3382 ἓως
3192 3321 3265 3374 ἄν
3304 3330 3550 3397 φανερῶς
3575 3326 3669 3381 τὴν
3709 3317 3836 3373 ἰδίαν

2222 3401 2391 3455 αὐτῶν
2436 3403 2608 3476 ἐρευνή
2620 3424 2786 3478 σωμεν
2806 3410 3035 3480 γνώμην,

2292 3509 2391 3564 ΙΘ’.
2451 3508 2680 3585 Ἀνδρῶν
2723 3509 2782 3565 δὲ
2843 3514 3117 3586 ὁμολογίας
3171 3516 3275 3569 οὐκ
3322 3517 3581 3591 ἔγνωμεν,
3635 3517 3762 3575 πλὴν
3799 3513 3835 3567 εἰ

2219 3602 2290 3669 μή
2320 3618 2447 3659 τινες
2506 3600 2713 3661 ἑαυτοὺς
2740 3610 2810 3672 τῷ
2854 3604 3083 3676 τάγματι
3120 3613 3229 3656 τῶν
3292 3612 3639 3680 μοναζὸντων
3680 3606 3839 3678 ἐγκατο

2219 3689 2540 3762 ηρίθμησαν*
2575 3690 2625 3742 οἵ
2687 3693 2820 3743 κατὰ
2862 3695 2919 3743 τὸ
2973 3698 3322 3766 σιωπώμενον
3388 3694 3622 3750 δοκοῦσι
3680 3713 3843 3768 παρα-

2220 3773 2481 3848 δεδέχθαι
2524 3787 2615 3837 τῆν
2655 3778 2906 3852 ἀγαμίαν.
2958 3781 3097 3840 Πλὴν
3151 3790 3252 3837 καὶ
3317 3785 3404 3839 ἐπ’
3440 3787 3645 3840 ἐκείνων
3700 3784 3841 3837 ἐκεῖνο

2217 3868 2451 3938 ἡγοῦμαι
2534 3872 2887 3942 προηγεῖσθαι
2971 3876 3273 3943 προσήκειν
3356 3878 3503 3947 (76),
3566 3874 3843 3950 ἐρωτᾶσθαι

2216 3954 2402 4015 αὐτοὺς
2426 3997 2445 4028 ,
2483 3961 2573 4008 καὶ
2626 3956 2983 4029 λαμϐάνεσθαι
3033 3965 3127 4018 τὴν
3167 3963 3306 4038 παρ’
3343 3964 3524 4018 αύτών
3576 3963 3841 4037 ὁμολογίαν

2215 4042 2429 4117 ἐναργῆ,
2484 4044 2878 4117 ὦστε,ἐπειδάν
2933 4052 3339 4122 μετατίθενται
3402 4058 3541 4128 πρὸς
3599 4059 3687 4106 τὸν
3748 4050 3857 4123 ςιιλό

2214 4151 2406 4207 σαρκον
2455 4139 2545 4186 καὶ
2592 4132 2837 4193 ἡδονικὸν
2892 4136 3034 4210 βίον,
3078 4140 3318 4213 ὑπάγειν
3381 4144 3585 4207 αὐτούς
3636 4149 3709 4215 τῷ
3759 4147 3847 4193 τῶν

2208 4227 2555 4294 πορνευόντων
2587 4224 2849 4297 ἐπιτιμίῳ,

2282 4328 2353 4384 κ’.
2396 4329 2558 4382 Ὃσαι
2605 4338 2883 4402 γυναῖκες,
2935 4333 2983 4386 ἐν
3033 4336 3241 4408 αἱρέσει
3300 4336 3476 4394 οὖσαι
3506 4382 3523 4410 ,
3582 4340 3848 4415 παρθενίαν

440 4425 847 4495 virginitatem
884 4421 1171 4495 professae
1202 4422 1360 4488 sunt,
1392 4417 1498 4473 sed
1528 4420 1743 4489 postea
1788 4417 2099 4472 matrimo—

2227 4417 2546 4491 ομολόγησαν
2568 4464 2584 4489 ,
2624 4417 2735 4473 εἶτα
2770 4424 2903 4494 μετὰ
2931 4431 3098 4477 ταῦτα
3133 4429 3326 4500 γάμον
3388 4428 3851 4497 ἂνθείλοντονούχ

438 4513 609 4569 nium
662 4511 1048 4586 praetulerunt
1076 4524 1201 4565 non
1255 4506 1512 4563 arbitror
1541 4521 1645 4560 eas
1699 4503 2095 4563 condemnari

431 4606 729 4674 oportere.
779 4601 1155 4669 Quaecunque
1197 4598 1354 4653 enim
1409 4595 1553 4650 dicit
1599 4595 1720 4663 (ex,
1753 4595 1826 4650 iis
1873 4596 1979 4666 qui
2026 4597 2092 4653 in

431 4692 560 4762 lege
587 4696 729 4746 sunt
759 4689 906 4745 dicit
936 4690 1005 4741 σε.
1039 4688 1181 4752 Quae
1213 4690 1415 4742 autem
1442 4683 1660 4755 jugum
1705 4682 1917 4740 Christi
1942 4699 2091 4741 non-

425 4779 575 4835 dum
606 4778 941 4845 subierunt,
974 4791 1058 4831 eae
1104 4790 1217 4830 nec
1247 4772 1484 4829 Domini
1529 4771 1693 4841 leges
1722 4778 2082 4843 agnoscunt,

423 4871 616 4933 Quare
648 4871 788 4925 sunt
828 4867 892 4923 in
922 4864 1247 4922 Ecclesiam
1285 4860 1679 4935 recipiendae;
1714 4876 1856 4917 cum
1885 4863 2087 4919 omni-

415 4959 533 5016 bus
560 4957 743 5015 etiam
801 4956 1023 5013 horum
1074 4952 1498 5011 remissionem
1541 4949 1836 5009 habentes
1866 4966 1940 5009 ex
1964 4951 2084 5011 ﬁde

485 5077 534 5112 ⁸⁸
567 5077 738 5131 Rom.
771 5087 852 5141 ui,
888 5075 973 5128 19.

479 5190 588 5262 (75)
627 5190 733 5250 Τὰς
786 5183 846 5239 δὲ
898 5178 1690 5264 ὁμολογίας..,“συμπ)ἑὰρωσιν.
1721 5181 2078 5264 I’ta‘codices

403 5249 831 5316 mésfsummo
888 5249 1386 5313 consensu.Editi
1442 5249 1548 5311 Tria
1595 5249 1667 5324 e‘e
1721 5250 2073 5324 ὁμολογιανη,

402 5331 760 5405 ἐμπλήρωσιν.
793 5331 913 5384 Hoc
968 5324 1169 5381 Basilii
1225 5324 1535 5380 decretum
1574 5322 1649 5378 de
1677 5322 2071 5394 professionis

402 5407 571 5452 aetate
619 5403 834 5452 citatur
861 5399 925 5452 in
954 5410 1190 5452 canone
1233 5393 1707 5452 quadragesimo
1751 5394 1975 5452 svnodi
2004 5396 2069 5452 in

398 5407 571 5459 aetate
619 5406 834 5458 citatur
861 5406 925 5453 in
954 5410 1190 5453 canone
1233 5406 1707 5466 quadragesxmo
1751 5406 1975 5466 synocu
2004 5411 2067 5452 1n

394 5472 614 5547 Trullo,
638 5477 695 5529 et
742 5469 955 5547 decem
994 5471 1052 5525 et
1094 5471 1325 5547 septem
1385 5464 1550 5537 anni,
1602 5477 1759 5539 quos
1806 5465 2067 5525 Basilius

392 5542 660 5616 requirit,
691 5541 772 5604 ad
799 5540 1012 5601 decem
1040 5537 1420 5610 rediguntur.

2205 4510 2439 4581 ἡγοῦμαι
2489 4517 2689 4583 χρῆναι
2745 4508 3213 4574 καταδικάζεσθαι
3269 4522 3506 4583 ταύτας.
3570 4521 3718 4573 ⁶Οσα
3759 4519 3850 4589 γὰρ

2203 4598 2229 4648 ὁ
2267 4601 2420 4669 νόμος
2470 4596 2625 4670 λέγει,
2656 4606 2763 4661 τοῖς
2812 4601 2860 4653 έν
2906 4611 2979 4673 τῷ
3026 4607 3171 4676 νόμῳ
3236 4607 3437 4663 λαλεῖ.
3483 4615 3555 4667 Αἱ
3603 4610 3665 4666 δὲ
3708 4616 3855 4683 μήπω

2200 4684 2521 4739 ὑπελθοῦσαι
2559 4690 2645 4739 τὸν
2704 4689 2865 4760 ζυγὸν
2902 4699 2996 4744 τοῦ
3048 4700 3312 4768 Χριστοῦ
3366 4698 3507 4754 οὐδὲ
3559 4706 3659 4760 την
3711 4715 3854 4772 νομο-

2202 4775 2377 4827 θεσίαν
2446 4775 2856 4847 ἐπιγινώσκουσι
2904 4787 2995 4833 τοῦ
3040 4786 3332 4838 Δεσπὸτου
3369 4829 3385 4843 .
3458 4790 3635 4844 ⁴¹Ωστε
3685 4785 3856 4842 δεκταί

2196 4862 2383 4935 εἰσιτῇ
2411 4863 2717 4938 Ἐκκλησίᾳ,
2758 4869 2891 4939 μετὰ
2939 4870 3145 4922 πάντων
3191 4878 3296 4927 καὶ
3357 4881 3457 4936 τὴν
3526 4879 3616 4933 ἐπὶ
3666 4879 3858 4933 τούτοις

2193 4950 2377 5023 ἄφεσιν
2422 4953 2649 5026 ἔχουσαι
2673 4956 2785 5028 (77)
2814 4955 2870 5009 ἐκ
2900 4964 2991 5019 τῆς
3018 4962 3264 5025 πίστεως
3308 4973 3418 5031 τῆς
3472 4968 3552 5032 εἰς
3597 4969 3852 5045 Χριστόν.

2258 5183 2375 5270 (76)
2417 5190 2728 5270 Opo‘aﬁ‘xfw.
2762 5188 2912 5270 ξζάἱῇ
2948 5192 3006 5247 et
3040 5194 3669 5270 nonnullicodices
3715 5214 3858 5257 mss.

2184 5265 2472 5343 προσῆκεν.
2498 5258 2613 5315 Sed
2633 5258 2699 5315 in
2724 5258 3000 5332 pluribus
3028 5265 3087 5318 et
3116 5258 3625 5341 antiquioribus
3647 5272 3859 5345 legitur

2183 5345 2489 5401 προσηκειν.

2182 5398 2697 5542 ᾃὲἷῖἰνἜχουσαι.
2732 5402 2827 5461 Sic
2862 5419 3014 5464 mss.
3043 5420 3323 5471 summo
3348 5412 3861 5478 consensu.Editi
