4092 6210
272 92 391 121 ’ἡ
442 92 457 109 Ι

250 316 356 373 721

1215 322 1709 385 EPISTOLARUM
1748 330 2031 391 CLASSIS
2070 333 2136 389 II.
2182 334 2400 396 EPIST.
2447 341 2667 398 CXCIX.

3515 342 3620 398 722

254 445 365 495 Καὶ
396 440 621 494 καθόλου
646 441 715 495 τὰ
742 441 791 496 ἐν
819 448 891 516 τῷ
929 451 1305 521 κατηχουμένῳ
1338 448 1441 523 βίῳ
1469 456 1716 526 γενόμενα
1745 455 1849 527 (78]

1966 457 2029 514 in
2059 459 2375 520 Christum.
2406 468 2488 520 Ac
2540 466 2789 523 omnino
2839 483 2975 540 quae
3030 468 3091 524 in
3130 464 3621 524 catechumenica

196 552 199 553 ν
250 531 324 591 εἰς
374 531 590 592 εὐθύνας
634 532 727 585 οὐκ
780 535 980 605 ἄγεται.
1030 540 1258 601 Τούτους
1311 536 1371 592 δε
1433 538 1674 598 δηλονότι
1740 546 1858 597 οἶνευ

252 619 637 692 βαπτίσματος
688 624 719 679 ἠ
769 622 1054 683 Ἐκκλησία
1108 627 1167 679 οὐ
1232 626 1640 704 παραδέχεται.
1699 632 1861 688 Ὠστε

250 708 669 781 ἀναγκαιότατον
699 712 811 785 (79)
852 712 935 767 ἐπὶ
990 719 1193 781 τούτοις
1248 722 1315 772 τὰ
1351 720 1603 793 πρεσϐεῖα
1644 730 1733 784 τῆς
1782 743 1860 796 γε·

248 818 462 861 νεσεως.

334 890 455 945 KA'.
499 891 561 945 Εἰ
620 892 751 965 ἀνὴρ
782 893 897 966 (80)
921 901 1130 966 γυναικὶ
1189 907 1461 967 συνοικῶν,
1493 898 1724 970 ἐπειδὰν,
1782 907 1853 976 μὴ

255 978 535 1055 ἀρκεσθεὶς
579 991 653 1054 τῷ
709 984 897 1055 γάμῳ,
953 985 1025 1046 εἰς
1070 992 1312 1061 πορνείαν
1396 989 1589 1063 ἐκπέσῃ
1623 1036 1637 1063 ,
1671 996 1857 1067 πόρνον

252 1075 496 1143 κρίνομεν
549 1074 637 1123 τόν
687 1080 936 1126 τοιοῦτον
996 1080 1086 1128 καὶ
1134 1075 1305 1130 πλεῖον
1352 1078 1508 1132 αὑτὸν
1555 1087 1858 1155 παρατείνοο

249 1178 349 1232 μεν
401 1160 453 1211 ἕν
500 1166 611 1223 τοῖς
658 1160 939 1235 ἐπιτιμίοις
977 1181 991 1195 ⁸
1042 1165 1100 1218 οὐ
1152 1170 1322 1238 μέντοι
1374 1170 1561 1240 ἔχομεν
1616 1174 1807 1224 κανόνα
1838 1213 1853 1240 ,

247 1256 329 1319 τῷ
396 1257 493 1312 τῆς
542 1256 791 1323 μοιχείας
843 1254 998 1306 αὐτὸν
1050 1256 1339 1328 ὑπαγαγεῖν
1377 1259 1486 1329 (81)
1544 1257 1853 1331 ἐγκλήματι,

249 1336 345 1389 ἐὰν
375 1338 449 1401 εἰς
494 1338 761 1415 ἐλευθέραν
816 1344 988 1415 γάμου
1015 1348 1046 1401 ἡ
1079 1343 1313 1419 ἁμαρτία
1348 1350 1563 1418 γένηται
1585 1365 1598 1378 '
1652 1346 1791 1402 διότι
1820 1352 1850 1408 ἡ

247 1427 507 1499 μοιχαλὶς
577 1433 689 1502 μεν,
748 1437 1085 1505 Μιαινομένη,
1146 1440 1298 1508 φησὶ,
1353 1438 1721 1509 μιωθήσεται,
1766 1442 1856 1491 καὶ

248 1516 354 1569 οὐκ
402 1516 717 1593 ἀναστρέψεί
761 1524 886 1594 πρὸς
938 1524 1025 1573 τόν
1071 1520 1245 1598 ἄνδρα
1286 1523 1464 1586 αὐτῆς·
1506 1530 1595 1579 καὶ
1634 1526 1693 1579 Ὀ
1722 1546 1857 1580 κατ-

249 1610 396 1677 ἔχων
438 1605 739 1679 μοιχαλίδα
792 1608 965 1684 ἄφρων
1007 1615 1097 1664 καὶ
1153 1611 1361 1675 ἀσεϐής*
1416 1616 1442 1666 ὁ
1496 1620 1672 1687 μέντοι
1731 1635 1855 1690 πορ-

245 1698 440 1757 νεύσας
466 1696 561 1749 οὐκ
611 1698 1086 1759 ἀποκλεισθήσεται
1109 1710 1201 1763 τῆς
1227 1707 1360 1775 πρὸς
1387 1712 1613 1776 γυναῖκα
1668 1706 1855 1759 ἑαυτοῦ

246 1789 631 1848 συνοικήσεως.
660 1786 821 1841 Ὠστε
849 1790 879 1848 ἠ
912 1793 1004 1861 μὲν
1056 1796 1185 1862 γυνή
1240 1791 1341 1845 ἀπο
1396 1798 1636 1867 πορνείας
1694 1794 1852 1849 ἐπαν-

246 1878 403 1927 ιόντα
440 1877 527 1927 τόν
563 1872 737 1950 ἄνδρα
785 1877 947 1941 αὐτῆς
1000 1877 1352 1953 παραδέξεται
1375 1923 1389 1949 ,
1422 1883 1448 1934 ὁ
1481 1880 1541 1937 δὲ
1584 1882 1711 1961 ἀνὴρ
1739 1888 1853 1957 (82)

241 1966 349 2021 τήν
377 1965 685 2036 μιανθεῖσαν
748 1974 849 2019 τῶν
900 1969 1056 2020 οἴκων
1116 1968 1301 2022 ἑαυτοῦ
1351 1969 1648 2045 ἀποπέμψει
1679 2014 1692 2028 .
1749 1978 1851 2027 Καὶ

238 2053 448 2104 τούτων
506 2048 565 2106 δε
595 2055 620 2107 ὁ
662 2053 808 2127 λόγος
854 2055 915 2109 οὐ
972 2053 1175 2133 ῥᾴδιος·
1210 2060 1242 2118 ἡ
1305 2056 1364 2113 δὲ
1421 2062 1672 2119 συνήθεια
1720 2063 1853 2117 οὕτω

238 2143 560 2215 κεκράτηκε.

324 2228 441 2287 Κῐί.
491 2233 621 2293 Τοὺς
667 2230 721 2296 ἓξ
774 2231 1009 2309 ἁρπαγῆς
1066 2236 1281 2309 ἔχοντας
1334 2242 1611 2310 γυναῖκας,
1668 2238 1711 2293 εἰ
1762 2241 1852 2313 μὶν

244 2318 424 2381 ἄλλοις
469 2327 1024 2396 προμεμνηστευμένας
1081 2322 1175 2377 εἶεν
1234 2324 1577 2399 ἀφῃρημένοι,
1617 2327 1677 2381 οὐ
1727 2332 1853 2403 πρό-

241 2427 395 2481 τερον
441 2414 553 2483 χρή
608 2408 1035 2484 παραδέχεσθαι,
1088 2418 1211 2489 πρὶν
1254 2416 1284 2474 ἦ
1320 2414 1597 2488 ἀφελέσθαι
1658 2417 1848 2487 αὐτῶν,

242 2502 342 2550 καὶ
368 2496 447 2549 ἔπ’
500 2496 716 2573 ἐξουσίᾳ
754 2501 867 2571 (83)
896 2510 995 2553 τῶν
1052 2500 1106 2565 ἐξ
1156 2502 1328 2579 ἀρχῆς
1382 2510 1852 2579 μνηστευσαμένων

243 2594 492 2659 ποιῆσαι,
528 2590 626 2642 εἴτε
678 2587 946 2661 βούλοιντο
1008 2590 1181 2644 λαϐεῖν
1238 2593 1420 2663 αὐτὰς,
1466 2598 1566 2647 εἴτε
1615 2594 1852 2657 ἀποστῆ-

243 2695 359 2728 ναι·
400 2676 440 2728 εἰ
490 2672 551 2729 δε
601 2677 973 2750 σχολάζουσαν
1029 2700 1111 2743 τις
1168 2679 1341 2753 λάϐοι,
1390 2681 1705 2758 ἁφαιρεσθαι
1760 2688 1851 2758 μεν

245 2760 356 2833 δεῖ,
383 2770 472 2819 καὶ
509 2774 616 2829 τοῖς
670 2768 882 2832 οἰκείοις
924 2768 1305 2842 ἀποκαθιστᾷν,
1348 2769 1634 2846 ἐπιτρέπειν
1684 2769 1744 2826 δε
1782 2782 1846 2847 τῇ

240 2858 428 2927 γνώμῃ
474 2863 575 2907 τῶν
632 2856 852 2923 οἰκείων,
890 2861 990 2911 εἴτε
1044 2866 1212 2930 γονεῖς
1268 2860 1382 2931 εἷεν,
1444 2864 1544 2914 εἴτε
1612 2858 1847 2935 ἀδελφοὶ,

244 2945 347 2995 εἴτε
413 2943 696 2998 οἰτινεσοῦν
775 2955 1089 3019 προεστῶτες
1162 2956 1254 3009 τῆς
1328 2953 1485 3023 κόρης
1515 2965 1529 2981 ’
1597 2952 1693 3002 κοίν
1755 2953 1847 3024 μὲν

242 3032 461 3086 nam;
518 3034 658 3107 αὐτῷ
709 3033 1064 3110 παραδοῦναι,
1097 3038 1350 3091 ἵστασθαι
1404 3042 1464 3092 τὸ
1502 3043 1846 3094 συνοικέσιον*

243 3120 331 3175 ἑὰν
371 3120 431 3176 δὲ
487 3125 812 3179 άνανεύσωσι
842 3126 955 3199 (84)
986 3168 1000 3194 ,
1026 3131 1099 3200 μὴ
1158 3126 1465 3199 βιάζεσθαι.
1519 3133 1618 3182 Τὸν
1673 3134 1847 3204 μέντοι
1886 3162 1927 3221 C

327 3239 370 3273 ⁸⁷
402 3240 626 3295 Jerem.
658 3251 743 3302 ιιι,
779 3239 831 3291 1.
916 3236 963 3271 ⁸⁸
989 3238 1159 3293 Prov.
1191 3250 1357 3307 xvut,
1381 3240 1471 3293 22.

338 3346 430 3415 78)
472 3348 738 3415 Γενόμενᾳ.
763 3341 907 3399 Male
934 3342 1109 3415 Angli
1129 3342 1191 3399 in
1220 3343 1532 3400 Pandectis
1552 3348 1609 3401 et
1639 3346 1739 3403 alii
1762 3348 1846 3404 in-

240 3414 535 3495 terpretes
564 3414 849 3495 reddunt,
878 3429 1014 3495 qua:
1038 3414 1131 3495 in
1183 3416 1682 3495 catechumenica
1718 3420 1846 3476 vita

241 3484 429 3561 fiunt.
460 3490 589 3561 Non
606 3486 763 3541 enim
793 3484 935 3541 dicit
955 3485 1206 3561 Basilius
1236 3502 1309 3542 ea
1336 3501 1459 3542 non
1488 3488 1686 3559 puniri
1706 3505 1843 3561 qua:

242 3557 315 3617 in
341 3559 459 3630 hoc
489 3560 643 3611 statu
665 3562 1013 3630 peccantur,
1037 3557 1400 3630 sedtantum
1430 3557 1679 3630 peccata
1707 3557 1845 3616 ante

244 3629 624 3702 baptismum
652 3628 977 3702 commissa
996 3628 1304 3702 baptismo
1333 3628 1699 3702 expiarimec
1716 3632 1844 3701 jam

242 3698 380 3758 esse
389 3699 615 3771 judicio
650 3699 1055 3756 ecclesiastico
1084 3698 1367 3756 obnoxia.
1398 3698 1545 3757 Hinc
1565 3698 1847 3759 observat

242 3770 665 3843 Zonarasnon
721 3786 997 3843 pugnare
1046 3770 1208 3843 hunc
1264 3786 1559 3827 canonem
1590 3788 1728 3829 cum
1748 3789 1845 3830 ca-

240 3859 403 3901 none
427 3842 640 3916 quinto
671 3841 1157 3916 Neocaesariensi,
1188 3842 1251 3898 in
1296 3858 1419 3914 quo
1464 3859 1659 3916 poenae
1689 3849 1843 3902 cate-

240 3912 560 3971 chuménis
589 3914 984 3984 peccantibus
1010 3912 1437 3969 decernuntur.

316 3986 431 4060 σθ)
473 3983 927 4060 ’ᾼναγκαιότατον.
962 3983 1196 4055 Legitur
1222 3984 1285 4041 in
1334 3985 1514 4058 Regio
1570 3986 1842 4060 quodam

237 4056 353 4114 cod
364 4054 451 4113 ic'e
491 4054 897 4127 ἀναγκαιότατα.

312 4130 429 4201 (80)
467 4128 529 4201 iii
558 4125 711 4201 ἀνὴρ.
754 4129 941 4201 peest
975 4125 1320 4201 conjunctio
1360 4127 1421 4184 in
1458 4128 1716 4201 duobus
1754 4144 1840 4185 re-

234 4197 609 4275 centioribus
644 4197 998 4275 codicibus.
1031 4197 1268 4267 Legitur
1303 4198 1417 4275 ’βὰν
1438 4198 1575 4275 amp
1598 4200 1659 4255 in
1686 4202 1839 4275 anti-

230 4271 542 4344 quissima
567 4269 924 4344 collectione
950 4283 1256 4325 canonum
1296 4269 1668 4344 rCoisli’ni'ana
1693 4276 1750 4328 et
1777 4273 1839 4327 in

231 4339 577 4413 Pandectis.
612 4339 1177 4413 Commodiussane
1218 4343 1307 4413 est
1353 4343 1836 4413 conjunctionem

230 4412 467 4481 tollere,
490 4427 683 4481 eoque
703 4410 956 4468 consilio
974 4410 1211 4467 videtur
1235 4410 1297 4466 in
1317 4410 1625 4468 codicibus
1654 4414 1836 4470 modo

228 4484 436 4569 citatis
496 4481 713 4569 deleta.
748 4482 863 4539 Sed
909 4486 1113 4539 tamen
1142 4481 1281 4554 plus
1332 4482 1722 4541 tribuendum
1750 4490 1836 4542 tot
1863 4515 1907 4569 υ

230 4554 373 4612 aliis
401 4554 732 4611 codicibus.

308 4628 420 4696 (81)
457 4626 786 4697 ’Υπαγαγεῖν.
818 4624 1205 4681 Consentiunt
1231 4624 1293 4679 in
1329 4626 1446 4683 hac
1486 4641 1634 4683 voce
1679 4642 1829 4684 mss.

231 4697 501 4769 codices.
548 4698 701 4769 Editi
748 4698 1565 4769 ondvymaSupraqvidimus,
1590 4713 1723 4755 can.
1775 4702 1829 4767 9,

232 4768 549 4848 Basilium
577 4768 638 4825 in
667 4768 739 4848 iis
777 4783 914 4848 quas
945 4767 1024 4823 ad
1052 4767 1376 4848 repudium
1406 4767 1677 4831 attinent.
1709 4769 1833 4848 (ξιιο

229 4840 439 4896 virum
469 4840 621 4895 inter
652 4844 711 4894 et
742 4838 1053 4895 mulierem
1082 4838 1433 4896 discrimina
1458 4856 1699 4897 ponere.
1732 4842 1835 4897 Hic

233 4917 446 4984 autem
474 4909 964 4984 tertiumadjicit,
995 4925 1065 4984 ac
1102 4909 1588 4984 virumdquidem
1618 4914 1679 4968 in
1702 4912 1836 4983 ipso

234 4982 651 5055 matrimonio,
684 4981 733 5055 si
779 4997 919 5037 cum
966 4980 1167 5055 soluta
1187 4987 1247 5039 et
1272 4980 1836 5055 liberapeccaverit,

234 5053 520 5111 adulterii
547 5052 790 5109 nomine
817 5066 941 5107 non
961 5052 1348 5118 condemnat,
1375 5052 1841 5110 sed'fornicatio-

234 5126 332 5182 nis
367 5140 657 5197 :uxorem
701 5123 989 5197 autem‘in
1040 5123 1255 5180 eodem
1298 5129 1545 5197 peccato
1590 5124 1846 5182 certissi-

232 5212 406 5255 mam
436 5195 773 5252 adulteram
792 5192 1074 5250 declarat.

307 5270 429 5339 (82)
466 5267 526 5319 Ὀ
557 5263 617 5319 δε
657 5265 853 5339 ἀνὴρ...
886 5264 1204 5337 ἀποπέμψει.
1230 5268 1358 5322 Non
1389 5267 1844 5339 solusiBasilius

233 5316 927 5397 ha‘nclconsuetudinem
984 5316 1243 5393 secutus.
1266 5340 1489 5393 Auctor
1542 5316 1845 5395 Constitu-

240 5416 471 5468 tionum
501 5410 972 5483 apostolicarum
1004 5408 1087 5463 sic
1114 5408 1381 5481 loquitur
1404 5409 1841 5483 lib.v1,cap.44:

236 5485 294 5537 Ὀ
324 5487 571 5553 κατέχων
608 5485 703 5539 τήν
758 5481 1187 5553 παραφθαρεῖσαν
1244 5483 1443 5553 odoror;
1505 5481 1706 5553 θεσμοιῖ
1748 5502 1847 5535 πα-

233 5549 733 5635 ράνομος·’.ξπείπερ
792 5549 1103 5635 σκατέχων
1168 5549 1488 5635 μοιχαλίᾷα.
1520 5549 1694 5625 ἄφρων
1758 5559 1847 5607 καὶ

234 5576 480 5677 ρανεέμος·
511 5576 733 5643 ἐπείπερ
792 5576 818 5604 ο
861 5576 1103 5635 ματεχων
1168 5576 1466 5637 μοιχαλιςα
1520 5576 1694 5625 αφρων
1758 5576 1847 5607 και

234 5629 334 5682 de:
374 5630 454 5687 ἠς.
531 5629 763 5695 Αποτεμε
812 5641 915 5695 γαρ
971 5628 1153 5694 αυτὴν,
1188 5628 1363 5695 φησιν,
1394 5626 1496 5676 απὸ
1552 5634 1652 5676 τῶν
1713 5644 1847 5698 σαρ-

1965 547 2088 604 vita
2118 549 2276 607 facta
2329 558 2491 623 sunt,
2515 554 2574 609 in
2618 555 2916 625 judicium
2955 572 3076 613 non
3106 560 3418 612 vocantur.
3450 554 3619 610 Tales

1968 641 2171 694 autem
2202 640 2472 698 videlicet
2494 643 2621 699 sine
2638 644 2997 716 baptismate
3028 645 3294 701 Ecclesia
3321 658 3443 699 non
3469 643 3614 698 reci-

1966 726 2073 798 pit.
2107 728 2300 792 Quare
2340 731 2734 798 generationis
2758 733 2897 804 jura
2923 738 3061 789 sunt
3087 732 3148 789 in
3179 733 3322 805 ipsis
3352 732 3615 788 maxime

1965 829 2330 874 necessaria.

2041 905 2171 959 XXI.
2216 906 2272 961 Si
2311 906 2402 961 vir
2440 922 2563 964 una
2611 924 2753 965 cum
2804 925 2990 966 uxore
3037 909 3318 965 habitans
3346 952 3360 977 ,
3398 913 3614 981 postea

1963 992 2352 1050 matrimonio
2373 1010 2496 1050 non
2526 1001 2861 1067 contentus,
2891 998 2954 1053 in
2990 997 3446 1055 fornicationem
3475 996 3624 1052 inci-

1965 1078 2151 1151 derit;
2183 1082 2608 1140 fornicatorem
2669 1102 2809 1141 eum
2855 1087 3206 1157 judicamus
3238 1130 3251 1155 ,
3292 1088 3617 1161 ipsumque

1963 1167 2203 1240 longius
2258 1171 2652 1243 producimus
2682 1174 2743 1228 in
2768 1175 3068 1246 impositis
3115 1175 3479 1247 poeniszsed
3539 1182 3620 1231 ta-

1964 1273 2105 1315 men
2154 1275 2454 1317 canonem
2510 1277 2634 1317 non
2684 1263 3007 1334 habemus,
3040 1266 3142 1337 qui
3166 1280 3304 1320 eum
3345 1264 3620 1321 adulterii

1965 1346 2199 1404 crimini
2220 1350 2517 1420 subjiciat,
2540 1352 2588 1406 si
2610 1351 2670 1407 in
2692 1351 2951 1409 solutam
2974 1370 3009 1409 a
3030 1354 3415 1410 matrimonio
3440 1356 3615 1426 293

1964 1440 2281 1508 peccatum
2303 1440 2698 1495 commissum
2720 1440 2819 1497 sit:
2844 1442 3323 1515 proptereaquod
3349 1443 3622 1501 adultera

1964 1524 2235 1597 quidem,
2278 1526 2491 1599 inquit,
2535 1529 2781 1585 Polluta
2820 1530 3136 1598 polluetur
3183 1534 3238 1585 et
3294 1530 3374 1585 ad
3421 1530 3619 1587 virum

1967 1629 2148 1669 suum
2201 1620 2529 1671 revertetur
2576 1618 2646 1683 ⁸⁷,
2686 1621 2744 1673 et
2774 1662 2789 1687 ,
2852 1618 2966 1685 Qui
3001 1618 3344 1674 adulteram
3397 1618 3620 1675 detinet

1961 1704 2185 1759 stultus
2215 1710 2295 1759 est
2338 1712 2387 1760 et
2425 1706 2643 1775 impius
2697 1708 2788 1761 68:
2833 1706 2940 1762 sed
2995 1707 3100 1779 qui
3154 1706 3483 1762 fornicatus
3510 1712 3618 1776 est,

1891 1806 2089 1867 Bnon
2130 1791 2481 1849 excludetur
2546 1796 2874 1867 quominus
2929 1810 3066 1850 cum
3123 1811 3309 1851 uxore
3368 1795 3619 1857 habitet.

1964 1882 2160 1948 Quare
2216 1897 2369 1938 uxor
2431 1882 2679 1955 quidem
2711 1884 3171 1941 afornicatione
3222 1889 3620 1941 revertentem

1960 1971 2157 2027 virum
2210 1987 2390 2027 suum
2447 1972 2702 2045 excipiet
2734 1974 2867 2030 :vir
2914 1989 3057 2029 vero
3106 1973 3397 2046 pollutam
3432 1990 3463 2029 e
3495 1973 3620 2029 suis

1962 2059 2197 2116 aadibus
2261 2060 2472 2132 ejiciet.
2506 2065 2697 2135 Atque
2742 2063 2960 2119 horum
3017 2062 3267 2135 quidem
3313 2062 3465 2119 ratio
3494 2077 3620 2119 non

1961 2148 2172 2217 facilis,
2196 2148 2304 2205 sed
2333 2150 2713 2208 consuetudo
2736 2151 2820 2207 sic
2850 2150 3121 2210 invaluit.

2035 2240 2195 2295 XXII.
2232 2238 2344 2305 Qui
2392 2254 2465 2295 ex
2495 2245 2675 2312 raptu
2711 2240 2995 2297 mulieres
3042 2240 3294 2311 habent,
3320 2239 3621 2313 siquidem

1960 2328 2093 2386 aliis
2118 2329 2249 2400 jam
2279 2328 2616 2401 desponsus
2662 2330 3058 2402 abripuerint,
3092 2335 3230 2387 ante
3268 2328 3624 2387 admittendi

1959 2434 2085 2476 non
2108 2422 2269 2488 sunt,
2299 2433 2488 2491 quam
2519 2419 2597 2476 ab
2637 2420 2721 2476 eis
2751 2420 2968 2476 ablatas
3023 2420 3143 2477 sint
3167 2424 3221 2476 et
3252 2436 3461 2476 eorum
3491 2420 3621 2493 qui-

1959 2507 2077 2564 bus
2124 2506 2204 2563 ab
2259 2506 2428 2563 initio
2473 2507 2795 2580 desponsae
2826 2511 3016 2577 erant,
3038 2509 3322 2581 potestati
3349 2508 3620 2575 redditae,

1960 2599 2165 2652 utrum
2204 2611 2308 2651 eas
2354 2595 2539 2651 velint
2594 2597 2886 2669 accipere,
2921 2612 3001 2653 an
3039 2597 3349 2654 desistere.
3384 2598 3442 2654 Si
3484 2598 3622 2671 quis

1961 2690 2165 2743 autem
2182 2690 2498 2742 vacantem
2521 2686 2833 2759 acceperit,
2844 2688 3077 2743 auferre
3098 2687 3348 2759 quidem
3368 2693 3617 2761 Oportet,

1960 2775 2209 2846 suisque
2263 2773 2593 2845 restituere,
2620 2779 2675 2831 et
2720 2774 2996 2847 ipsorum
3039 2776 3331 2833 voluntati
3379 2776 3619 2848 permit-

1959 2868 2105 2929 tere,
2160 2863 2282 2919 sive
2301 2863 2435 2923 lsint
2484 2867 2786 2935 parentes,
2810 2864 2941 2921 sive
2987 2864 3215 2935 fratres,
3252 2864 3375 2919 sive
3418 2863 3617 2935 quivis

1958 2952 2061 3010 alii
2088 2951 2298 3025 puellae
2336 2952 2790 3009 moderatores:
2822 2969 2895 3010 ac
2924 2954 2972 3009 si
2998 2954 3052 3011 ei
3080 2953 3327 3026 quidem
3374 2952 3616 3008 tradere

1956 3040 2165 3108 velint,
2225 3045 2458 3114 oportet
2522 3042 2976 3099 matrimonium
3039 3042 3399 3098 constituere
3456 3057 3469 3096 :
3521 3041 3615 3098 sin

1956 3135 2157 3189 autem
2212 3130 2518 3188 renuerint
2553 3171 2567 3197 ,
2598 3146 2991 3204 nequaquam
3017 3131 3141 3187 vim
3169 3129 3386 3186 inferre
3412 3172 3426 3189 .
3460 3130 3613 3187 Eum

1954 3352 2056 3419 κῷν
2104 3365 2224 3419 σου.
2262 3344 2357 3419 ,Οὐ
2408 3346 2511 3418 γὰρ
2562 3345 2675 3419 ἐστι
2728 3346 2944 3419 βοηθὸς,
2978 3345 3084 3399 ἀλλ’
3129 3345 3419 3412 ἐπίϐουλος,
3478 3347 3611 3418 πρὸς

1955 3417 2103 3470 ἄλλον
2126 3415 2451 3470 ἀποκλίνασα
2478 3415 2571 3476 τὴν
2614 3415 2869 3473 διάνοιαν.
2898 3419 3013 3486 Qui
3060 3424 3413 3486 corruptum
3466 3415 3609 3474 reti-

1953 3495 2075 3559 net,
2100 3495 2339 3561 natura:
2366 3491 2549 3559 legem
2581 3490 2811 3547 violat:
2836 3489 3319 3561 quandoquidem
3348 3488 3453 3561 qui
3477 3489 3609 3561 reti-

1953 3565 2055 3616 net
2105 3559 2462 3622 adulteram,
2516 3561 2730 3616 stultus
2769 3559 2861 3617 est
2898 3567 2955 3618 et
3002 3559 3247 3631 impius.
3307 3559 3608 3615 Abscinde

1953 3632 2116 3687 enim
2146 3646 2303 3697 eam,
2334 3632 2549 3702 inquit,
2580 3648 2617 3687 a
2652 3632 2938 3688 carnibus
2968 3633 3100 3687 tuis.
3129 3633 3288 3688 Nam
3327 3632 3607 3700 adjutrix

1953 3718 2075 3775 non
2095 3702 2310 3775 θείνειΞᾴ
2333 3703 2704 3772 insidiatrix,
2735 3719 2868 3775 qua?
2895 3710 3146 3775 mentem
3174 3704 3255 3775 ad
3293 3704 3482 3758 alium
3509 3703 3607 3759 de-

1954 3774 2228 3831 clinarit.
2258 3774 2477 3845 Acanon
2527 3777 2558 3828 8
2605 3773 3096 3845 Neocaesariensis
3125 3773 3311 3845 laicis,
3342 3789 3605 3845 quorum

1952 3860 2173 3900 uxores
2198 3843 2474 3900 adulterii
2500 3846 2808 3907 convictae,
2832 3844 3061 3900 aditum
3088 3844 3167 3899 ad
3200 3843 3603 3899 ministerium

1951 3915 2436 3987 ecclesiasticum,
2467 3915 2722 3987 claudit;
2757 3915 2983 3987 clericis
3030 3915 3426 3987 depositionis
3477 3931 3603 3987 pce-

1949 4003 2097 4043 nam
2125 3987 2368 4055 irrogat.
2394 3986 2441 4041 si
2472 3986 2806 4043 adulteram
2833 3986 3024 4042 nolint
3047 3986 3363 4041 dimittere.
3396 3986 3601 4041 Canon

1950 4061 2018 4113 65
2049 4057 2443 4113 Eliberitanus
2462 4057 2546 4112 sic
2571 4057 2841 4113 babet:Si
2860 4060 3032 4126 cujus
3054 4057 3263 4113 clerici
3288 4072 3448 4113 uxor
3471 4057 3601 4125 fue-

1948 4131 2031 4185 rit
2051 4129 2653 4196 machata,elscierit
2682 4144 2812 4185 eam
2843 4131 3099 4185 maritus
3120 4143 3263 4183 suus
3288 4129 3601 4196 marchart,

1948 4206 2005 4257 et
2030 4216 2152 4256 non
2182 4214 2311 4256 eam
2356 4201 2559 4255 statim
2586 4202 2929 4270 projecerit,
2953 4214 3061 4255 nec
3088 4201 3151 4254 in
3176 4201 3298 4267 ﬁne
3338 4201 3600 4267 accipiat

1945 4273 2437 4328 communionem.
2464 4273 2709 4327 Hermas
2736 4271 2840 4326 lib.
2872 4287 2913 4338 1,
2937 4286 2989 4328 c.
3017 4275 3071 4334 2,
3095 4270 3436 4326 adulteram
3465 4270 3597 4339 ejici

1941 4343 2133 4413 jubet,
2168 4343 2273 4397 sed
2296 4347 2500 4398 tamen
2527 4344 2915 4413 pamitentem
2933 4342 3136 4413 recipi.
3163 4341 3598 4413 S.Augustinus

1943 4412 2308 4471 adulterium
2368 4412 2697 4471 legitimam
2757 4428 2894 4468 esse
2948 4412 3289 4468 dimittendi
3342 4426 3596 4467 causam

1941 4485 2315 4557 pronuntiat,
2352 4482 2457 4539 sed
2480 4499 2603 4539 non
2632 4483 3055 4551 necessariam,
3086 4482 3191 4538 lib.
3219 4498 3280 4538 ιι.
3310 4484 3397 4539 De
3421 4482 3598 4539 adul-

1942 4563 2052 4614 ter.
2082 4558 2332 4627 nuptiis,
2359 4571 2493 4627 cap.
2517 4559 2569 4619 5,
2594 4570 2655 4613 n.
2689 4560 2770 4610 l3.

2012 4629 2126 4698 (83)
2176 4624 2592 4698 Ἐπἐξοῖασίᾳ.
2662 4629 2824 4683 Unus
2887 4625 3079 4682 codex
3135 4628 3278 4696 Reg.
3319 4624 3396 4677 ἐπ’
3455 4625 3596 4689 ἐξου-

1940 4718 2081 4760 σιας.

2012 4770 2121 4841 (84)
2162 4769 2533 4841 Ἀνανεῗύσωσι.
2569 4768 2661 4825 Sic
2689 4772 2921 4825 veteres
2970 4768 3106 4825 libri
3154 4784 3395 4841 summo
3450 4783 3595 4825 con-

1943 4840 2297 4898 sensu.Editi
2326 4840 2631 4911 ἀνανεύωσι.
2663 4840 2865 4911 Mirari
2884 4846 3083 4896 autem
3116 4840 3280 4896 subit
3309 4856 3416 4896 cur
3440 4856 3595 4911 quos

1943 4913 2105 4983 leges
2125 4911 2327 4966 civiles
2353 4910 2592 4983 capitali
2617 4910 2913 4983 supplicio
2931 4912 3402 4983 puniebantmec
3422 4910 3597 4983 rapto

1946 4981 2226 5040 sinebant
2240 4981 2556 5053 perfrui,ut
2574 4981 2772 5037 videre
2793 4987 2883 5038 est
2906 4981 3366 5049 cod.Theodos.,
3389 4981 3591 5038 libfix.

1948 5056 2036 5112 tit.
2060 5059 2150 5122 25,
2181 5052 2257 5108 iis
2283 5052 2534 5125 Basilius
2552 5056 2688 5125 tam
2707 5053 2867 5109 leves
2905 5054 3379 5125 pmnasirroget,
3420 5069 3528 5107 nec
3559 5068 3595 5107 a

1950 5125 2336 5197 matrimonio
2352 5122 2653 5197 excludat,
2668 5125 2715 5180 si
2737 5122 3055 5197 parentum
3074 5122 3320 5195 virginis
3349 5137 3597 5197 consen-

1952 5214 2056 5253 sus
2085 5194 2423 5261 accedat,ut
2457 5193 2659 5251 videre
2689 5193 2780 5252 est
2817 5196 2875 5251 in
2909 5211 3140 5253 canone
3169 5193 3257 5251 ‘22.
3282 5195 3393 5250 Sed
3415 5193 3595 5248 credo

1953 5272 2229 5324 sanctum
2259 5266 2567 5322 doctorem
2598 5282 2669 5322 ea
2689 5272 2887 5323 mente
2904 5267 3114 5323 leniter
3132 5268 3342 5335 egisse,
3367 5280 3442 5319 ne
3466 5264 3599 5334 qui-

1951 5339 2216 5419 busipsa
2244 5338 2389 5419 fuga
2422 5339 2838 5419 impunitatem
2859 5344 2923 5419 et
2942 5337 3409 5419 licentiamdare
3436 5338 3597 5404 pote-

1950 5406 2131 5477 rat,hi
2148 5406 3011 5483 etmatrimoniidesperatione
3024 5415 3080 5483 et
3095 5406 3387 5483 gravioris
3405 5420 3596 5476 poenae

1954 5485 2121 5538 metu
2156 5481 2217 5536 in
2256 5480 2474 5537 scelere
2502 5478 2989 5537 obdurescerent.
3016 5480 3160 5534 Hinc
3180 5478 3255 5533 de
3282 5492 3597 5532 sacrarum

1952 5552 2255 5623 virginum
2285 5557 2463 5625 raptu
2518 5568 2642 5609 non
2682 5552 2967 5625 loquitur,
2999 5550 3103 5605 sed
3121 5548 3309 5625 _dc.iis
3341 5552 3594 5625 tantum,

1954 5618 2213 5698 quorum
2240 5618 2491 5696 peccato
2520 5618 2971 5680 matrimonium
3000 5618 3228 5677 mederi
3256 5622 3507 5693 poterat.
