4092 6210
549 370 656 425 723

1906 366 1964 422 S.
2008 363 2260 419 BASILII
2307 363 2553 419 MAGNI.

3633 93 4018 441 τ

3633 93 4018 441 τ

555 496 761 550 autem
803 490 908 564 qui
930 506 1003 547 ex
1060 492 1290 564 stupro,
1321 490 1447 547 sive
1498 491 1703 548 latenti
1742 492 1867 548 sive
1917 488 2202 558 violento,

2317 486 2373 538 ἐκ
2414 484 2702 561 διαφθορᾶς
2741 486 2840 539 εἴτε
2890 485 3140 562 λαθραίας
3196 487 3292 539 εἴτε
3347 487 3630 562 βιαιοτέρας
3672 503 3855 565 γυναῖκα

552 596 803 638 uxorem
854 579 1058 644 habet,
1088 595 1334 636 necesse
1373 585 1461 636 est
1498 580 1907 637 fornicationis
1958 593 2205 652 poenam

553 685 903 741 agnoscere.
940 672 1041 725 Est
1087 674 1287 726 autem
1330 670 1391 725 in
1421 675 1680 742 quatuor
1708 670 1881 725 annis
1908 669 2208 742 praefinita

553 760 989 816 fornicantibus
1031 776 1234 831 poena.
1282 762 1525 831 Oportet
1577 776 1681 815 eos
1741 776 1903 815 anno
1943 759 2140 831 primo
2170 774 2207 813 a

551 850 828 923 precibus
887 848 1120 921 expelli,
1150 854 1205 905 et
1242 849 1383 905 ﬂere
1443 849 1522 904 ad
1583 849 1737 905 fores
1774 849 2079 905 ecclesiis:
2112 863 2205 903 se-

554 939 755 994 cundo
778 937 856 994 ad
882 938 1255 994 auditionem
1304 937 1581 1008 admitti,
1609 937 1779 994 tertio
1805 938 1884 993 ad
1915 938 2206 1009 pmniten-

554 1028 700 1084 tiam
726 1045 738 1083 :
763 1031 979 1101 quarto
1010 1027 1088 1083 ad
1120 1027 1407 1083 standum
1436 1043 1559 1083 una
1585 1044 1724 1083 cum
1753 1026 2003 1099 populo,
2027 1026 2206 1082 absti-

552 1121 765 1174 nentes
807 1116 885 1172 ab
951 1116 1296 1186 oblatione;
1338 1115 1557 1172 deinde
1613 1116 1697 1173 eis
1750 1115 2010 1188 permitti
2060 1116 2207 1172 boni

555 1206 1070 1262 communionem.

626 1296 808 1352 XXIII.
851 1298 929 1349 De
960 1294 1076 1349 hiis
1124 1297 1325 1349 autem
1364 1293 1468 1365 qui
1498 1294 1654 1348 duas
1707 1309 1942 1349 sorores
1988 1309 2207 1349 uxores

556 1382 807 1452 ducunt,
846 1382 941 1438 vel
970 1382 1043 1437 de
1075 1382 1159 1437 eis
1184 1398 1321 1453 qum
1360 1382 1602 1438 duobus
1632 1382 1917 1437 fratribus
1948 1382 2203 1446 nubunt,

553 1488 590 1527 a
611 1472 786 1526 nobis
806 1471 966 1527 edita
987 1476 1076 1526 est
1095 1469 1369 1542 epistola,
1391 1471 1564 1541 cujus
1592 1471 1868 1527 misimus
1900 1471 2208 1544 exemplar

554 1563 670 1615 tuae
702 1559 926 1631 pietati.
954 1560 1063 1626 Qui
1103 1563 1305 1614 autem
1338 1559 1428 1613 sui
1450 1558 1649 1615 fratris
1677 1575 1927 1615 uxorem
1959 1574 2204 1631 accepe-

552 1649 647 1717 rit,
678 1665 799 1705 non
840 1649 1007 1720 prius
1047 1648 1415 1713 admittetur,
1443 1664 1633 1721 quam
1679 1648 1757 1705 ab
1784 1664 1854 1705 ea
1876 1649 2206 1707 recesserit.

625 1738 826 1792 XXIV.
854 1737 1128 1805 Viduam,
1152 1754 1288 1809 quas
1318 1738 1379 1793 in
1409 1738 1733 1795 viduarum
1773 1754 2096 1794 numerum
2122 1754 2208 1793 re-

2318 578 2510 648 ἔχοντα
2555 576 2752 649 ἀνάγκη
2784 580 2843 628 τὸ
2874 585 2967 638 τῆς
3016 581 3254 649 πορνείας
3305 575 3572 649 ἐπιγνῶναι
3621 580 3851 655 ἐπιτίμιον.

2316 664 2471 718 Ἐστι
2529 662 2588 718 δὲ
2642 665 2690 717 ἐν
2742 670 3026 740 τέσσαρσιν
3103 669 3264 718 ἔτεσιν
3317 670 3570 739 ὡρισμένη
3628 678 3724 732 τοῖς
3762 693 3857 747 πορ-

2316 758 2551 807 νεύουσιν
2583 756 2611 812 ἡ
2664 758 2990 827 ἐπιτίμησις.
3044 759 3156 827 Χρὴ
3208 756 3277 817 τῴ
3324 761 3509 829 πρώτῳ
3574 757 3858 815 ἐκϐαλλεσθαι

2317 851 2417 895 τῶν
2468 852 2781 916 προσευχῶν
2819 884 2832 907 ,
2892 849 2981 895 καὶ
3038 844 3371 916 προσκλαίειν
3418 845 3598 907 αύτούς
3650 856 3705 919 τῇ
3759 852 3860 921 θύρα

2315 940 2411 992 τῆς
2441 931 2744 992 ἐκκλησίας*
2792 940 2865 1001 τῷ
2924 928 3147 1008 δευτέρῳ
3198 929 3456 1003 δεχθῆναι
3511 934 3581 997 εἰς
3632 934 3858 1009 ἀκρόασιν·

2317 1028 2389 1090 τῷ
2442 1026 2600 1094 τρίτῳ
2649 1021 2715 1082 εἰς
2768 1023 3043 1094 μετάνοιαν
3072 1039 3087 1052 ’
3141 1029 3213 1092 τῷ
3262 1023 3485 1095 τετάρτῳ
3533 1022 3600 1085 εἰς
3649 1028 3864 1079 σύστασιν

2316 1112 2446 1182 μετὰ
2502 1117 2591 1162 τοῦ
2650 1110 2775 1162 λαοῦ
2805 1153 2818 1177 ,
2871 1109 3225 1183 ἀπεχομένους
3273 1119 3364 1171 τῆς
3418 1120 3737 1186 προσφορᾶς³
3780 1118 3866 1168 εἶτα

2317 1199 2509 1262 αύτούς
2535 1200 2646 1272 (85)
2690 1199 3056 1273 ἐπιτρέπεσθαι
3086 1204 3181 1257 τὴν
3234 1206 3501 1253 κοινωνίαν
3552 1210 3638 1254 τοῦ
3683 1202 3865 1275 ἀγαθοῦ.

2391 1286 2505 1343 ΚΓ.
2540 1293 2665 1363 Περὶ
2689 1285 2747 1340 δε
2776 1297 2874 1339 τῶν
2925 1285 3021 1339 δύο
3078 1286 3302 1361 ἀδελφὰς
3354 1292 3667 1362 γαμούντων,
3698 1289 3869 1349 ἧάὃελ-

2318 1383 2432 1449 φοῖς
2471 1373 2599 1429 δυσι
2653 1381 3029 1451 γαμουμένων,
3089 1374 3442 1429 ἐπιστολίδιον
3504 1380 3622 1451 ἡμῖν
3677 1379 3869 1453 ἐκπεφώ-

2317 1485 2488 1531 νηται,
2548 1462 2608 1517 οὗ
2662 1469 2719 1517 τὸ
2769 1464 3082 1539 ἀντίγραφον
3134 1463 3504 1537 ἀπεστείλαμεν
3534 1468 3641 1537 (86)
3693 1488 3774 1520 σου
3820 1477 3868 1542 τῇ

2316 1554 2574 1627 εύλαϐείᾳ,
2605 1554 2663 1606 Ὀ
2696 1552 2755 1607 δὲ
2786 1551 3009 1627 ἀδελφοῦ
3044 1552 3185 1607 ἰδίου
3240 1562 3467 1626 γυναῖκα
3501 1555 3660 1608 λαϐὼν
3692 1557 3744 1609 ού
3771 1563 3872 1633 πρὸ·

2317 1662 2462 1715 τερον
2497 1641 2824 1716 δεχθήσεται
2854 1648 2977 1716 πρὶν
3010 1643 3305 1703 ἀποστῆναι
3330 1645 3511 1705 αὐτῆς.

2393 1731 2504 1786 ΚΝ.
2562 1738 2777 1807 Χήραν,
2831 1736 2926 1791 τὴν
2983 1732 3355 1805 καταλεγεῖσαν
3419 1734 3491 1796 εἰς
3551 1738 3632 1785 τὸν
3694 1732 3875 1810 ἀριθμὸν

551 1827 673 1883 lata
710 1833 816 1892 est,
840 1828 956 1883 hoc
993 1832 1106 1894 est,
1130 1844 1265 1899 quae
1297 1828 1375 1883 ab
1417 1827 1678 1884 Ecclesia
1716 1827 1893 1883 alitur
1915 1827 2205 1899 judicavit

2316 1831 2415 1874 τῶν
2467 1831 2672 1897 χηρῶν,
2698 1871 2702 1875 ,
2731 1826 2971 1875 τουτέστι
3001 1865 3015 1890 ,
3048 1825 3143 1880 τὴν
3193 1819 3599 1897 διακονουμένην
3647 1824 3748 1895 (87)
3799 1826 3878 1877 ὑπὸ

550 1915 870 1988 Apostolus
900 1916 1231 1972 nubentem
1257 1916 1561 1971 contemni
1596 1915 1816 1971 debere
1838 1919 1907 1970 δ’.
1942 1917 2074 1972 Viro
2105 1932 2206 1972 au-

550 2008 671 2061 tem
696 2005 879 2061 viduo
908 2004 1004 2060 lex
1048 2005 1332 2078 imposita
1378 2020 1502 2060 non
1560 2010 1667 2074 est,
1701 2004 1808 2060 sed
1838 2004 1941 2060 tali
1986 2002 2207 2059 sufﬁcit

552 2108 733 2164 poena
763 2093 1168 2165 digamorum.
1194 2094 1377 2149 Porro
1410 2092 1600 2149 vidua
1652 2094 1968 2162 sexaginta
2009 2108 2203 2147 annos

549 2188 713 2251 nata,
749 2184 797 2239 si
823 2200 1034 2240 rursus
1092 2199 1217 2240 una
1273 2199 1414 2238 cum
1444 2183 1574 2238 viro
1625 2182 1897 2239 habitare
1932 2182 2199 2250 voluerit,

548 2271 696 2331 boni
736 2272 1161 2329 communione
1188 2287 1312 2326 non
1342 2271 1690 2342 dignabitur
1715 2313 1728 2339 ,
1760 2272 1953 2327 donec
1989 2271 2067 2329 ab
2092 2272 2199 2327 im-

548 2363 824 2435 puritatis
876 2363 1014 2419 vitio
1061 2362 1372 2418 destiterit.
1430 2361 1545 2418 Sed
1595 2363 1645 2418 si
1696 2366 1832 2419 ante
1888 2364 2202 2434 sexaginta

548 2467 743 2507 annos
789 2468 927 2507 eam
981 2451 1457 2524 ascripserimus,
1492 2456 1702 2509 nostra
1744 2456 1849 2524 est,
1895 2469 2014 2509 non
2062 2469 2201 2509 mu-

546 2538 705 2603 lieris
726 2540 927 2614 culpa.

616 2722 771 2778 XXV.
812 2721 922 2786 Qui
953 2736 989 2776 a
1018 2737 1082 2776 se
1112 2723 1448 2792 stupratam
1477 2735 1587 2791 pro
1617 2736 1802 2777 uxore
1830 2721 2200 2791 detinet,stu-

544 2810 639 2884 pri
662 2809 913 2882 quidem
934 2825 1175 2882 prunam
1200 2808 1448 2878 subibit,
1473 2809 1580 2866 sed
1604 2810 1655 2866 ei
1678 2809 1880 2866 licebit
1908 2826 2041 2868 eam
2064 2827 2204 2867 uxo-

543 2914 672 2956 rem
702 2898 947 2954 habere.

617 2986 819 3060 294.
859 2990 1037 3043 XXVI.
1080 2987 1417 3043 Fornicatio
1467 2987 1921 3045 matrimonium
1944 2994 2198 3061 nonest,

544 3077 653 3133 sed
684 3092 759 3132 ne
803 3076 1172 3132 matrimonii
1203 3076 1449 3148 quidem
1482 3076 1739 3133 initium.
1771 3079 1962 3143 Quare
1986 3079 2035 3134 si
2073 3078 2199 3135 ﬁeri

540 3170 756 3239 potest,
786 3171 849 3221 ut
876 3166 977 3239 qui
1019 3181 1125 3238 per
1171 3164 1631 3221 fornicationem
1682 3167 1987 3237 conjuncti
2038 3173 2196 3236 sunt,
2241 3191 2283 3247 ο

542 3259 921 3328 separentur,
947 3254 1010 3310 id
1056 3254 1304 3327 quidem
1354 3255 1651 3327 optimum
1698 3260 1812 3312 est.
1846 3256 1946 3311 Sin
1996 3262 2201 3312 autem

543 3344 631 3400 eis
661 3343 912 3399 omnino
960 3343 1197 3415 placeat
1226 3344 1603 3414 conjugium,
1634 3343 2046 3426 fornicationis
2067 3346 2201 3418 qui-

542 3431 682 3489 dem
710 3447 955 3504 poenam
998 3437 1371 3501 agnoscant;
1401 3432 1509 3488 sed
1534 3432 1783 3489 minime
1825 3441 2199 3506 separentur,

542 3536 620 3577 ne
640 3519 790 3591 quid
824 3519 1087 3576 deterius
1119 3520 1376 3577 accidat.

620 3608 825 3665 XXVII.
869 3612 947 3665 De
976 3608 1351 3681 presbytero,
1375 3609 1479 3681 qui
1532 3609 1791 3667 insciens
1846 3611 2063 3667 illicitis
2094 3628 2200 3668 nu—

543 3697 1044 3775 ptiisimplicatus
1089 3702 1199 3767 est,
1234 3697 1414 3753 statui
1460 3714 1597 3771 quae
1646 3701 1983 3772 oportebat,
2006 3702 2202 3757 cathe-

543 3789 664 3846 drae
702 3790 952 3863 quidem
988 3788 1343 3863 participem
1394 3804 1545 3861 esse,
1580 3791 1686 3847 sed
1726 3808 1763 3847 a
1790 3792 2035 3864 reliquis
2073 3809 2204 3848 mu-

546 3879 663 3934 niis
718 3879 1039 3935 abstinere.
1092 3881 1243 3935 Nam
1293 3878 1436 3935 satis
1479 3883 1568 3935 est
1623 3880 1923 3950 ejusmodi
1970 3882 2204 3939 homini

548 3968 747 4021 venia.
784 3970 854 4022 Ut
884 3972 1087 4021 autem
1129 3966 1311 4022 alium
1341 3967 1677 4037 benedicat,
1704 3969 1805 4040 qui
1833 3970 2077 4042 propria
2105 3987 2203 4027 cu-

546 4069 681 4110 rare
711 4054 890 4110 debet
918 4054 1187 4125 vulnera,
1223 4055 1471 4109 minime
1502 4063 2002 4114 consentaneum.
2028 4061 2206 4115 Bene-

549 4142 732 4199 dictio
781 4142 944 4198 enim
1020 4143 1515 4198 sanctiﬁcationis
1574 4147 2041 4203 communicatio
2092 4153 2204 4208 est.

550 4232 747 4297 Quam
798 4230 899 4304 qui
954 4246 1078 4287 non
1132 4230 1342 4295 habet,
1406 4234 1891 4306 proptereaquod
1946 4235 2207 4295 insciens

550 4318 764 4393 lapsus
803 4324 910 4387 est,
943 4318 1254 4393 quomodo
1297 4319 1429 4375 aliis
1487 4321 1827 4391 impertiet?
1859 4320 2066 4396 Itaque
2097 4342 2207 4382 nec

554 4410 798 4483 publice
858 4425 969 4465 nec
1044 4408 1327 4482 privatim
1407 4408 1744 4478 benedicat,
1810 4428 1920 4467 nec
1986 4429 2207 4487 corpus

557 4499 765 4554 Christi
795 4497 1113 4554 distribuat
1142 4496 1297 4563 aliis,
1330 4512 1441 4552 nec
1466 4496 1725 4568 quodvis
1765 4498 1931 4555 aliud
1968 4517 2207 4559 sacrum

557 4602 780 4643 munus
830 4586 1028 4652 obeat,
1085 4584 1211 4653 sed,
1267 4586 1603 4643 honorifica
1663 4586 1804 4643 sede
1871 4595 2206 4662 contentus,

556 4679 726 4744 roget
753 4691 891 4730 cum
922 4674 1210 4747 lacrymis
1246 4674 1588 4745 Dominum,
1620 4678 1685 4731 ut
1714 4675 1827 4732 sibi
1858 4676 2212 4748 ignorantia

557 4768 875 4837 peccatum
906 4763 1260 4819 remittatur.

633 4891 680 4926 "
722 4893 743 4946 I
779 4889 929 4947 Tim.
956 4905 1015 4957 v,
1047 4894 1131 4961 lt,
1165 4894 1254 4949 t2.

599 5012 925 5101 .(8.5)'Eiraz‘
964 5016 1173 5101 αύτούς.
1208 5015 1415 5072 Plures
1472 5015 1713 5073 codices
1745 5034 1867 5075 non
1920 5019 2213 5093 antiquis-

563 5095 698 5143 simi
732 5095 839 5141 εἰτα
865 5095 1062 5149 αυτοῖς.

635 5162 756 5240 (86).
788 5159 1205 5241 Ἀπεστείλαμεν.
1242 5157 1333 5240 Sic
1360 5157 1596 5241 codices
1616 5176 1779 5241 “mss.
1810 5176 1919 5241 pro
1950 5178 2021 5217 eo
2048 5163 2213 5241 quod

562 5229 804 5305 eratin
861 5230 1035 5285 editis
1072 5229 1383 5305 ﬁnienda.
1412 5230 1782 5300 Epistolium,
1808 5229 1883 5288 de
1936 5229 2086 5305 quo'
2115 5235 2214 5291 hic

564 5303 840 5363 Basilius.
876 5307 966 5356 est
990 5299 1243 5371 epistola
1274 5301 1393 5355 160.

635 5378 747 5443 (87)
799 5370 1226 5443 Διαχονουμένην.
1284 5370 1710 5444 ωηῌειθνυθθ
1760 5371 2213 5444 interpretanda

564 5440 805 5498 secutus
841 5461 975 5498 sum
1008 5440 1321 5497 Zonaram.
1349 5440 1534 5496 Minus
1557 5444 1876 5497 commode
1908 5440 2005 5501 alii
2035 5448 2211 5503 inter-

562 5521 778 5586 pretes,
812 5530 943 5585 qua?
972 5515 1047 5570 ab
1094 5514 1380 5586 Ecclesia,
1405 5513 1887 5586 maiae-enatum
1937 5527 2209 5586 suscepta

560 5590 665 5665 est.
700 5582 850 5665 Illud
879 5591 1091 5665 autem!
1112 5585 1448 5665 παρορᾶσθαι
1472 5582 1808 5665 .idemﬂesse
1847 5582 2209 5665 monent-iu-

558 5658 839 5723 terpretes
869 5670 939 5711 ac
961 5653 1282 5723 contemni,
1314 5670 1426 5710 nec
1462 5653 1592 5724 jam
1640 5655 1913 5711 Ecclesiae
1946 5659 2206 5730 sumpti-

2316 1919 2412 1975 τῆς
2474 1911 2783 1972 Ἐκκλησίας
2816 1955 2829 1979 ,
2879 1914 3069 1986 ἔκρινεν
3126 1912 3153 1962 ὁ
3212 1911 3528 1972 Ἀπὸστολος
3589 1918 3875 1985 γαμουμένην

2314 2002 2669 2074 παρορᾶσθαι.
2712 1997 2893 2075 Ἀνδρὶ
2940 1996 2998 2053 δὲ
3052 2002 3385 2073 χηρεύσαντι
3438 1997 3607 2062 οὐδεὶς
3662 2000 3877 2053 ἐπίκειται

2314 2095 2486 2161 νόμος,
2522 2088 2630 2141 ἀλλ’
2677 2090 2851 2141 ἰκανὸν
2881 2096 2952 2160 τῷ
2983 2091 3200 2159 τοιούτῳ
3239 2092 3297 2140 τὸ
3352 2098 3451 2141 τῶν
3499 2086 3723 2163 διγάμων
3749 2092 3880 2142 ἐπιτί-

2311 2197 2450 2251 μιον.
2500 2178 2559 2230 Ἠ
2608 2183 2783 2251 μέντοι
2837 2183 3019 2255 χήρα,
3082 2178 3456 2239 ἐξηκονταετὴς
3517 2180 3766 2250 θεγονυῐα,
3813 2179 3878 2229 ἐὰν

2312 2268 2491 2326 ἕληται
2549 2268 2700 2320 πάλιν
2785 2266 2938 2345 ἀνδρὶ
3002 2275 3303 2333 συνοικεῖν,
3368 2270 3426 2321 ού
3474 2270 3876 2332 καταξιωθήσεταε

2311 2366 2410 2418 τῆς
2448 2358 2540 2409 τού
2600 2356 2797 2430 ἀγαθοῦ
2854 2359 3279 2428 κοινωνίας,ἓως
3341 2360 3404 2410 ἄν
3455 2366 3545 2409 τοῦ
3600 2359 3775 2417 πάθους
3808 2365 3877 2415 τῆς

2314 2444 2645 2520 ἀκαθαρσίας
2717 2449 3010 2504 παύσηται.
3083 2447 3198 2499 Ἐὰν
3273 2451 3456 2519 μέντοι
3520 2450 3616 2522 πρὸ
3672 2447 3878 2509 ἑξήκοντα

2312 2532 2435 2586 ἐτῶν
2496 2535 2870 2609 ἀριθμήσωμεν
2901 2536 3013 2606 (88)
3043 2534 3226 2604 αύτὴν,
3260 2537 3512 2610 ἡμέτερον
3554 2540 3609 2588 τὸ
3662 2535 3875 2608 ἔγκλημα,

2312 2624 2373 2675 οὗ
2404 2632 2496 2675 τοῦ
2526 2630 2766 2696 γυναίου.

2387 2712 2588 2769 ΚΕ’,Ὀ
2615 2718 2707 2771 τὴν
2740 2709 3119 2786 διεφθαρμένην
3178 2713 3262 2785 ὑφ’
3316 2713 3508 2767 ἑαυτοῦ
3573 2714 3639 2776 εἰς
3690 2718 3878 2789 γυναῖκα

2311 2804 2551 2873 κατέχων
2581 2804 2639 2853 τὸ
2671 2805 2761 2875 μὲν
2801 2800 2883 2854 ἐπὶ
2914 2809 2975 2873 τῇ
3012 2804 3178 2875 φθορᾷ
3227 2801 3491 2876 ἐπιτίμιον
3543 2804 3877 2867 ὑποστήσεται,

2309 2895 2403 2948 τὴν
2446 2887 2504 2943 δὲ
2529 2898 2754 2962 γυναῖκα
2784 2894 2927 2962 ἔχειν
2952 2894 3281 2964 συγχωρηθή
3294 2912 3469 2948 σε’-αι.

2384 2979 2497 3039 Καί.
2533 2979 2589 3031 ἸΙ
2643 2985 2854 3049 πορνεία
2909 2982 3078 3053 γάμος
3117 2980 3210 3031 ούκ
3271 2982 3440 3033 ἔστιν·
3502 2981 3605 3033 ἀλλ’
3656 2975 3767 3034 οὐδὲ
3798 2981 3878 3051 γά-

2308 3088 2408 3141 μου
2459 3068 2621 3141 ἀρχή.
2662 3068 2843 3141 Ὠστε,
2889 3069 2972 3121 ἐὰν
3083 3066 3306 3123 δυνατὸν
3362 3075 3479 3134 τοὺς
3531 3074 3660 3123 κατὰ
3705 3074 3881 3143 πορνεία

2313 3162 2732 3230 συναπτομένους
2794 3160 3169 3230 χωρίζεσθαι,
3212 3167 3371 3212 τοῦτο
3437 3164 3725 3233 κράτιστον.
3784 3158 3879 3210 Ἐὁω

2312 3244 2372 3299 δὲ
2414 3252 2701 3320 στέργωσιν
2762 3246 2818 3298 ἐκ
2872 3250 3061 3307 παντὸς
3116 3251 3313 3323 τρόπου
3372 3254 3430 3302 τὸ
3492 3250 3880 3313 συνοικέσιον,τὸ

2310 3340 2400 3409 μὲν
2459 3344 2555 3396 τῆς
2602 3341 2842 3409 πορνείας
2896 3337 3155 3409 ἐπιτίμιον
3211 3337 3880 3413 γνωριζέτωσανοὰφιίσθω-

2312 3445 2409 3478 σαν
2442 3422 2520 3492 δὲ,
2547 3428 2629 3478 ἵνα
2649 3429 2720 3498 μὴ
2751 3429 2931 3499 χεῖρόν
2952 3445 3003 3477 τι
3033 3430 3264 3498 γένηται.

2386 3603 2501 3658 ΚΖ.
2556 3608 2681 3677 Περὶ
2752 3610 2843 3656 τοῦ
2896 3603 3247 3677 πρεσϐυτέρου
3282 3648 3297 3672 ,
3361 3612 3454 3658 τοῦ
3521 3605 3632 3657 κατ’
3701 3605 3879 3673 ἄγνοιαν

2313 3690 2525 3764 ἁθέσμῳ
2579 3694 2731 3763 γάμῳ
2790 3694 2905 3761 (89)
2954 3696 3323 3765 περιπαρέντος
3358 3734 3373 3757 ,
3426 3697 3594 3765 ὥρισα
3647 3693 3679 3744 ἃ
3725 3688 3874 3762 ἑχρῦν’

2312 3778 2570 3853 καθέδρας
2635 3784 2724 3852 μὲν
2783 3785 3020 3853 μετέχειν
3055 3819 3067 3831 .
3132 3790 3229 3833 τῶν
3280 3778 3342 3833 δὲ
3402 3782 3593 3835 λοιπῶν
3660 3781 3879 3853 ἐνεργειῶν

2314 3869 2629 3940 ἀπέχεσθαι’
2694 3869 2933 3944 Ἀρκετὸν
2978 3872 3077 3943 γὰρ
3137 3878 3208 3941 τῷ
3262 3874 3487 3943 τοιούτῳ
3532 3874 3561 3929 η
3604 3874 3873 3941 συγγνώμη.

2314 3958 2551 4029 Εὐλογεῖν
2584 3954 2643 4010 δὲ
2698 3958 2888 4030 ἕτερον,
2916 3961 3003 4009 τὸν
3051 3961 3117 4011 τὰ
3164 3958 3333 4012 οἰκεῖα
3372 3960 3607 4033 τημελεῖν
3658 3956 3883 4029 ὀφείλοντα

2314 4050 2610 4121 τραύματα,
2638 4045 3003 4103 ἀνακόλουθον.
3032 4047 3257 4119 Εύλογία
3314 4052 3420 4122 γὰρ
3475 4049 3730 4121 ἁγιασμοῠ
3757 4044 3879 4116 μετά-

2316 4133 2464 4197 δοσίς
2519 4134 2767 4187 ἐστιν.Ὀ
2822 4136 2879 4187 δὲ
2930 4143 3079 4188 τοῦτο
3128 4140 3198 4207 μὴ
3252 4138 3431 4207 ἔχων,
3480 4135 3571 4190 δια
3630 4134 3767 4187 τὸέκ
3808 4137 3880 4187 τῆς

2316 4224 2529 4296 ἀγνοίας
2580 4226 2911 4297 παράπτωμα
2980 4233 3090 4288 πῶς
3154 4226 3308 4298 ἑτέρῳ
3393 4222 3881 4299 μεταδώσει;Μέτί

2315 4318 2485 4366 τοίνυν
2537 4309 2776 4385 δημοσίᾳ
2821 4318 2952 4384 μήτε
3003 4310 3117 4385 ἰδία
3157 4313 3426 4385 εὐλογείτω
3462 4360 3476 4386 ,
3509 4320 3638 4387 μήτε
3680 4315 3730 4363 τὸ
3760 4316 3882 4377 σῶμα

2316 4409 2407 4453 τοῦ
2438 4409 2673 4474 Χριστοῦ
2729 4406 3056 4473 κατανεμέτω
3109 4402 3302 4476 ἑτέροις
3336 4446 3351 4470 ,
3384 4409 3519 4476 μήτε
3574 4424 3624 4456 τι
3669 4400 3777 4452 ἄλλο
3802 4396 3879 4447 λιι-

2318 4496 2593 4563 τουργείτω
2628 4533 2641 4555 ,
2715 4488 2842 4541 ἀλλὰ
2913 4490 3224 4563 ἀρκούμενος
3290 4501 3354 4563 τῇ
3434 4488 3685 4567 προεδρία
3750 4501 3878 4559 προσ-

2318 4578 2535 4631 κλαιέτω
2568 4580 2681 4651 (90)
2710 4586 2779 4649 τῷ
2840 4585 3013 4654 Κυρίῳ
3042 4623 3057 4649 ,
3114 4583 3537 4654 συγχωρηθῆναι
3585 4581 3717 4649 αύτῷ
3754 4578 3803 4626 τὸ
3836 4571 3875 4623 ἐκ

2320 4676 2415 4729 τῆς
2437 4666 2646 4740 ἀγνοίας
2677 4667 2937 4741 ἀνομημα.

2321 5022 2437 5079 bus
2469 5022 2812 5079 sustentari.

2394 5095 2967 5169 (88),Ἀριθμήσωμεν.
3002 5095 3094 5152 Sic
3147 5095 3415 5169 plerique
3473 5094 3705 5151 codices
3753 5099 3875 5144 mss.

2323 5165 2473 5219 Edill
2512 5164 2707 5224 ἀριθαῆ
2721 5164 2894 5220 causa.

2392 5240 2507 5306 (89)
2529 5220 2594 5310 _"A
2608 5220 2792 5309 ato-Lua
2810 5239 2990 5310 7am».
3017 5236 3249 5310 lllicitas
3286 5237 3529 5310 nuptias
3554 5232 3877 5310 interpreta-

2322 5310 2417 5387 tur
2449 5307 2789 5387 Balsamon.
2884 5307 3027 5379 quis
3047 5384 3052 5387 Δ
3074 5308 3257 5387 ducat
3286 5307 3441 5387 eam,
3469 5308 3639 5387 cujus
3660 5307 3741 5387 vel
3768 5307 3876 5387 ῖρξθ

2320 5383 2479 5433 tutor
2508 5384 2615 5445 est,
2640 5380 2731 5433 vel
2755 5373 2939 5447 ipsius
2957 5384 3126 5450 pater
3154 5379 3242 5434 vel
3272 5373 3616 5443 monialein,
3650 5373 3736 5450 vel
3763 5382 3875 5423 con-

2320 5444 2739 5517 sanguineam.
2772 5444 3032 5505 Zonaras
3088 5451 3601 5520 consanguineam
3650 5444 3734 5498 vel
3771 5452 3874 5520 ωος

2316 5510 2539 5575 Πίθῐθω
2566 5521 2857 5589 intelligit,
2888 5520 3131 5576 Alexius
3174 5510 3481 5577 Arisfénus
3507 5518 3757 5579 viduam,
3788 5510 3874 5564 aut

2314 5606 2613 5655 insanam,
2644 5597 2747 5646 aut
2777 5608 2806 5645 e
2838 5591 3225 5658 scenicis,aut
3257 5596 3375 5649 Deo
3405 5594 3816 5646 consecratam.

2388 5663 2497 5733 (90)
2536 5661 2920 5736 Προσκλαιέτω.
2971 5661 3218 5719 Addunt
3264 5662 3406 5720 editi
3452 5665 3509 5715 et
3556 5664 3667 5715 tres
3698 5661 3871 5709 recen-
