4062 6214
262 373 354 426 725

1207 365 1687 424 EPISTOLARUM
1726 363 2008 420 CLASSIS
2044 365 2112 418 II.
2154 363 2367 420 EPIST.
2409 365 2625 420 CXCIX.

3508 351 3614 418 726

315 491 634 550 ΚΗ’,Ἐκεῐνό
662 508 722 560 γε
751 493 854 562 μὴν
879 489 1078 560 γελοῖόν
1107 507 1197 562 μοι
1224 491 1567 562 κατεφάνη,τό
1599 488 1828 550 εὖξασθα

2032 486 2426 542 XXVIII.Illud
2447 485 2694 558 quidem
2715 483 2863 539 mihi
2884 484 3085 540 visum
3129 487 3222 540 est
3263 484 3614 550 ridiculum,

260 602 366 634 τινα
401 583 548 633 ὑείων
605 578 902 650 ἀπέχεσθαι
953 589 1134 655 κρεῶν,
1174 579 1330 632 Ὠστε
1385 579 1710 641 καταξίωσον
1769 575 1850 628 δι-

262 668 466 724 δάσκειν
498 673 614 738 (91)
664 669 851 729 αὐτοὺς
879 676 980 720 τῶν
1018 665 1347 720 ἀπαιδεύτων
1393 677 1707 740 προσευχῶν
1759 671 1848 718 καὶ

259 758 562 830 ἐπαγγελιῶν
607 755 903 828 ἀπέχεσθαι
926 777 938 790 ·
989 761 1082 816 τὴν
1127 761 1300 830 μέντοι
1329 765 1531 832 χρῆσιν
1563 753 1846 830 ἀδιάφορον

259 845 376 900 εἶναι
408 851 788 919 συγχώρησον,
822 841 987 897 Οὐδὲν
1018 848 1118 919 γὰρ
1151 849 1352 917 κτίσμα
1383 852 1515 898 Θεοῦ
1556 843 1846 901 ἀπόϐλητον

259 938 360 1008 μετ’
389 937 734 1008 εὐχαριστίας
763 933 1166 1006 λαμϐανόμενον,
1196 933 1356 986 Ὥστε
1393 936 1424 992 ἡ
1459 935 1593 1006 εὐχὴ
1621 937 1844 1008 καταγέ-

257 1026 454 1096 λαστος,
489 1025 596 1098 οὐχ
625 1026 654 1083 ἡ
690 1023 870 1096 ἀποχὴ
904 1023 1185 1096 ἀναγκαία.

317 1202 444 1256 ΚΘ’.
475 1191 774 1274 Ἀρχόντας
803 1203 978 1272 μέντοι
1029 1199 1252 1272 ὀμνύειν,
1301 1197 1385 1251 ἐπὶ
1435 1203 1494 1252 τὸ
1547 1207 1842 1252 κακοποιεῖν

251 1297 368 1354 τοὺς
423 1291 752 1364 ἀρχομένους
787 1328 801 1351 ,
881 1295 973 1340 καὶ
1045 1291 1179 1340 πάνυ
1249 1289 1621 1362 θεραπεύεσθαι
1667 1308 1840 1362 προσ-

251 1389 338 1440 ῆκε
393 1383 526 1445 (92).
581 1381 844 1450 Θεραπεία
898 1373 958 1428 δὲ
1004 1379 1196 1428 τούτων
1247 1373 1436 1434 διττή·
1495 1381 1592 1450 μία
1629 1379 1738 1450 μὲν,
1770 1382 1840 1450 μὴ

251 1469 447 1542 όμνυειν
499 1469 686 1527 αὐτοὺς
749 1463 1106 1518 διδάσκεσθαι
1161 1471 1485 1542 προχείρως·
1547 1466 1694 1542 ἑτέρα
1758 1463 1837 1536 δε,

249 1563 314 1632 μὴ
343 1557 594 1630 ἐπιμένειν
632 1557 682 1608 ἐν
729 1563 845 1618 ταῖς
895 1562 1144 1628 πονηραῖς
1192 1560 1454 1628 κρίσεσιν,
1482 1557 1837 1630 Ὧστε,’ό’ρκῳ

249 1647 548 1724 προληφθείς
601 1666 682 1708 τις
737 1645 808 1706 εἰς
870 1649 1180 1697 κακοποιίαν
1237 1645 1426 1718 ἐτέρου,
1473 1649 1568 1703 τὴν
1616 1648 1705 1718 μὲν
1754 1645 1837 1698 ἐπὶ

247 1745 302 1808 τῇ
337 1739 615 1810 προπετείᾳ
641 1743 735 1787 τοῦ
781 1737 936 1808 ὅρκου
989 1735 1262 1806 μετάνοιαν
1309 1731 1708 1804 ἐπιδεικνύσθω,
1761 1739 1832 1808 μὴ

1958 589 2174 628 vovere
2203 573 2466 645 aliquem
2491 589 2553 628 se
2583 589 2620 627 a
2641 571 2828 626 suillis
2856 571 3142 627 carnibus
3165 572 3609 630 abstenturum.

1957 663 2365 730 Quamobrem
2412 663 2663 732 dignare
2702 677 2805 717 eos
2853 661 3090 728 docere,
3135 667 3202 718 ut
3267 662 3345 718 ab
3391 663 3612 735 ineptis

1954 753 2108 808 votis
2141 758 2196 809 et
2225 754 2542 826 promissis
2564 752 2942 820 abstineant;
2970 751 3074 808 sed
3101 769 3280 808 usum
3307 753 3612 810 nihilomi-

1951 857 2068 897 nus
2097 842 2538 898 indifferentem
2569 859 2698 897 esse
2729 841 2876 896 sine.
2909 840 3082 897 Nulla
3122 841 3283 896 enim
3313 841 3414 898 Dei
3439 859 3608 900 crea—

1953 935 2124 1001 tura,
2184 949 2322 1005 quae
2393 949 2533 988 cum
2581 931 2910 1002 gratiarum
2968 929 3203 986 actione
3257 932 3608 1003 percipitur,

1949 1021 2277 1094 rejicienda
2303 1024 2469 1078 est".
2503 1024 2698 1088 Quare
2717 1023 2928 1078 votum
2953 1023 3042 1076 est
3067 1018 3608 1092 ridiculum,absti-

1949 1111 2154 1168 nentia
2183 1127 2306 1168 non
2334 1111 2701 1168 necessaria.

2025 1202 2198 1256 XXIX.
2228 1201 2398 1266 Quod
2425 1201 2704 1257 homines
2725 1203 3014 1272 potestate
3035 1199 3268 1273 praditi
3295 1201 3522 1272 jurant,
3543 1219 3607 1258 se

1949 1289 2108 1344 male
2135 1290 2204 1344 iis
2225 1289 2448 1361 quibus
2477 1295 2744 1362 praesunt
2771 1289 3056 1359 facturos,
3087 1289 3236 1346 illud
3260 1295 3318 1346 et
3341 1291 3607 1348 maxime

1949 1381 2225 1434 curatum
2255 1383 2508 1450 oportet.
2529 1377 2752 1435 Medela
2773 1383 2975 1434 autem
3002 1395 3212 1434 eorum
3234 1383 3324 1436 est
3339 1378 3564 1451 duplex
3587 1397 3602 1436 :

1947 1483 2073 1524 una
2097 1467 2366 1540 quidem,
2391 1472 2456 1523 ut
2475 1468 2806 1523 doceantur
2829 1483 2952 1523 non
2975 1467 3147 1523 facile
3165 1468 3390 1538 jurare,
3418 1469 3606 1525 altera

1945 1571 2112 1626 vero,
2141 1571 2218 1612 ne
2242 1557 2304 1612 in
2333 1557 2511 1612 malis
2554 1556 2821 1612 consiliis
2861 1556 3206 1628 persistant.
3239 1555 3464 1612 Idcirco
3494 1557 3602 1630 qui

1941 1645 2338 1718 jurejurando
2369 1646 2448 1702 ad
2479 1646 2721 1702 alterius
2750 1645 3116 1700 maleﬁcium
3143 1651 3602 1716 praeoccupatus

1947 1739 2054 1804 est,
2105 1735 2155 1790 is
2204 1751 2328 1790 suae
2375 1735 2438 1790 in
2486 1735 2749 1805 jurando
2805 1734 3149 1790 temeritatis
3186 1733 3600 1806 paenitentiam

243 1831 407 1898 μέντοι
459 1830 808 1897 προσχήματι
864 1821 1125 1885 εὐλαϐείας
1179 1827 1272 1882 τὴν
1339 1829 1590 1896 πονηρίαν
1651 1823 1831 1876 ἑαυτοῦ

1945 1823 2242 1890 ostendat,
2270 1839 2395 1878 non
2441 1827 2644 1878 autem
2691 1839 2800 1896 per
2829 1838 3078 1878 causam
3108 1823 3344 1896 pietatis
3371 1823 3598 1894 impro-

245 1913 552 1986 βεϐαιούτω.
584 1910 724 1966 Ούιῖε
752 1915 852 1986 γὰρ
883 1908 1091 1986 Ἡρώδῃ
1127 1917 1430 1986 συνήνεγκεν
1469 1913 1830 1987 εὐορκήσαντι,

243 2003 314 2068 ὃς,
383 2005 466 2054 ἶνα
521 2008 594 2076 μὴ
657 2001 947 2074 ἐπιορκήσῃ
1019 1997 1198 2070 δῆθεν,
1266 2003 1438 2073 φονεὺς
1493 2001 1686 2072 ἐγένετο
1741 2010 1834 2054 τοῦ

243 2097 528 2164 προφήτου.
558 2091 734 2153 Ἀπαξ
764 2087 823 2142 δὲ
853 2092 878 2142 ὁ
905 2091 1052 2162 ὅρκος
1100 2089 1458 2162 ἀπηγόρευται
1484 2111 1496 2122 ·
1547 2090 1716 2144 πολλῶ
1777 2089 1836 2144 δὲ

245 2177 410 2238 δήπου
461 2181 600 2242 εἰκός
627 2183 713 2232 τόν
769 2177 854 2232 ἐπὶ
899 2187 1044 2250 κακῷ
1092 2185 1356 2252 γινόμενον
1400 2183 1832 2256 κατακεκρίσθαι.

241 2269 392 2320 Ὠστε
423 2275 755 2342 μεταφρονεῐν
793 2271 880 2320 τόν
911 2268 1166 2340 ὀμνύοντα
1189 2273 1322 2342 χρὴ,
1356 2269 1484 2340 οὐχὶ
1516 2267 1836 2330 σπουδάζειν

247 2356 484 2428 βεϐαιοῦν
517 2358 702 2410 ἑαυτοῦ
730 2360 788 2410 τὸ
833 2355 1062 2412 ἀνόσιον.
1096 2356 1364 2420 Ἐξέτασον
1391 2361 1492 2432 γὰρ
1523 2358 1836 2434 πλατύτερον

245 2449 335 2504 τὴν
389 2445 626 2499 ἀτοπίαν.
675 2449 737 2498 Εἴ
789 2466 868 2506 τις
917 2445 1150 2518 ὀμόσειε-δ
1204 2448 1318 2514 (93)
1377 2445 1681 2522 ἐνεξορύξειν
1720 2452 1838 2500 τοὺς

251 2533 534 2607 ὀφθαλμοὺς
599 2541 690 2588 τοῦ
747 2531 992 2608 ἀδελφοῦ,
1052 2534 1096 2586 εἰ
1159 2535 1312 2586 καλὸν
1361 2538 1419 2587 τό
1483 2544 1712 2588 τοιοῦτον
1767 2539 1836 2600 εἰς

253 2623 391 2693 ἔργον
445 2623 654 2696 ἀγαγεῖν
699 2624 877 2696 αύτῷ;
932 2627 976 2676 εἴ
1027 2643 1109 2684 τις
1161 2627 1456 2696 φονεύσειν,
1509 2628 1554 2676 εἴ
1591 2645 1666 2686 τις
1709 2625 1836 2688 ὅλως

255 2707 322 2762 δι’
371 2713 517 2784 ὅρκου
571 2717 778 2770 ἐντολήν
827 2733 944 2764 τινα
987 2712 1430 2785 παραϐήσεσθαι;
1475 2713 1688 2785 Ὠμοσα
1731 2719 1833 2792 γὰρ

251 2803 333 2851 καὶ
363 2805 578 2870 ἕστησα,
611 2803 741 2874 οὐχὶ
769 2806 863 2860 τὴν
897 2801 1176 2876 ἁμαρτίαν,
1209 2801 1338 2854 ἁ).λὰ
1381 2811 1474 2854 τοῦ
1507 2804 1834 2876 φυλάξασθαὶ

248 2893 310 2940 τὰ
373 2895 594 2964 κρίματα
651 2899 748 2950 τῆς
818 2887 1165 2954 δικαιοσύνης
1227 2910 1342 2947 σου.
1377 2889 1578 2964 ’Ὠσπερ
1621 2890 1679 2945 δὲ
1739 2899 1833 2954 τὴν

245 2976 442 3037 ἐντολὴν
499 2979 836 3050 ἇριεταθέτοις
886 2983 1110 3053 κρίμασι
1169 2989 1405 3056 προσῆκε
1463 2979 1828 3055 βεϐαιοῦσθαι,

243 3067 376 3118 οὕτω
407 3074 497 3126 τήν
542 3069 804 3144 ἁμαρτίαν
849 3074 1108 3130 παντοίως
1145 3071 1362 3126 καθήκει
1391 3069 1718 3144 ἁκυροῡσθαι
1746 3077 1834 3124 καὶ

242 3151 599 3226 ἀφανίζεσθαι.

233 3510 334 3561 οὐκ
389 3514 612 3584 ἔχομεν,
692 3508 832 3562 ἰδίαν
890 3509 948 3563 δὲ
1003 3518 1214 3584 γνώμην
1269 3512 1658 3588 ἐποιησάμεθαο
1713 3523 1836 3590 τρία

449 3427 574 3497 Περὶ
640 3429 742 3474 τῶν
811 3421 1147 3495 ἁρπαζόντων
1217 3427 1406 3476 κανόνα
1456 3429 1548 3498 μὲν
1614 3426 1834 3482 παλαιὸν

237 3600 332 3654 ἔτη
367 3601 496 3669 (94),
531 3606 617 3650 καὶ
645 3600 838 3661 αύτούς
878 3605 968 3652 καὶ
1016 3605 1138 3661 τοὺς
1183 3606 1608 3675 συναρπάζοντας
1656 3605 1835 3668 αὐτοῖς

231 3685 336 3748 ἔξω
385 3695 480 3738 τῶν
529 3688 697 3760 εὐχῶν
743 3690 999 3759 γίνεσθαι.
1059 3693 1128 3741 Τὸ
1180 3686 1239 3742 δὲ
1297 3697 1370 3764 μὴ
1415 3691 1600 3765 βιαίως
1629 3699 1832 3766 γινόμε-

225 3795 314 3826 νον
365 3781 494 3844 (95),
553 3775 825 3829 ἀνεύθυνόν
883 3777 1042 3848 ἐστίν,
1103 3779 1226 3830 ὅταν
1285 3785 1355 3851 μὴ
1409 3780 1642 3856 φθορὰῇ
1692 3781 1832 3856 μηδὲ

223 3863 394 3922 zelon-i2
450 3867 714 3938 ἡγουμένη
771 3873 864 3918 τοῦ
921 3869 1247 3939 πράγματος.
1305 3868 1630 3932 Λύτεξουσία
1678 3869 1738 3924 δὲ
1795 3875 1826 3931 ἡ

225 3957 396 4023 χήρα,
423 3959 512 4006 καὶ
542 3953 620 4006 ἐπ’
649 3954 780 4025 αὐτῇ
813 3957 871 4006 τὸ
913 3953 1287 4014 ἀκολουθῆσαι.
1329 3955 1486 4011 Ὠστε
1531 3967 1632 4010 τῶν
1678 3980 1826 4032 σχη-

226 4043 402 4110 μάτων
431 4045 554 4114 ἡμῖν
587 4042 646 4094 οὗ
679 4046 1028 4115 φροντιστέον.

295 4235 346 4268 το
369 4235 712 4306 ΙΤὶω.ιγ,4.
785 4239 834 4273 τι
856 4238 1290 4308 Matth.xw,1o.
1374 4241 1424 4276 τι
1446 4241 1716 4306 Matth.v,
1733 4247 1821 4301 34.

233 4339 406 4396 tiores
433 4359 578 4424 m_ss.
612 4344 803 4424 ἑτέροις
846 4350 954 4424 καὶ.
987 4348 1134 4424 ,οῑοη
1179 4347 1566 4424 ﬂeat_coram
1599 4351 1738 4406 aliis
1767 4359 1824 4408 et

237 4426 430 4488 coram
459 4417 580 4470 Deo
604 4431 619 4479 ;
653 4415 856 4488 sicque
885 4415 1100 4488 legitur
1122 4417 1286 4488 apud
1329 4418 1744 4477 Balsamonem
1767 4428 1823 4479 et

239 4483 542 4540 Zonaram.
578 4487 694 4541 Sed
723 4483 852 4541 hinc
877 4483 1096 4542 deSunt
1131 4483 1194 4542 in
1238 4489 1522 4545 omnibus
1564 4492 1694 4546 aliis
1725 4509 1822 4548 co-

243 4539 1194 4613 dicibusﬁmssfetﬁinﬁconcilid
1230 4539 1528 4623 tanta)“,
1566 4539 1693 4618 ἷιὶξῖ
1723 4539 1818 4620 ilic
1849 4539 1894 4594 Ι)

247 4637 424 4681 canon
455 4628 648 4684 Basilii
669 4634 757 4682 est
776 4629 929 4683 inter
948 4645 1212 4685 canones
1237 4631 1473 4686 concilii
1497 4633 1819 4692 vicesimus

246 4701 451 4770 sextus.
509 4703 800 4770 Praeterea
851 4705 1150 4770 repugnat
1201 4706 1266 4756 ut
1317 4703 1568 4758 Basilius
1619 4706 1816 4763 eidem

243 4768 575 4847 presbytero
623 4768 1032 4847 ethonorém'
1059 4770 1360 4847 cathedra:
1395 4781 1727 4847 conservet,
1759 4785 1817 4835 et

244 4835 314 4920 ad
327 4835 842 4920 janua’snecclesite
871 4841 1011 4920 flere
1039 4843 1409 4920 praescribat:

301 4912 406 4993 )
433 4909 868 4993 atddaxsw.mlta
904 4909 1178 4993 plerique
1207 4930 1356 4993 mss.
1389 4915 1537 4972 Editi
1569 4913 1809 4993 διδάξαι,

301 4982 404 5046 (92)
433 4989 699 5056 Προσῆκε.
732 4983 824 5038 Sic
843 4982 1060 5053 legitur
1077 4982 1144 5038 in
1174 4985 1458 5042 omnibus
1485 5004 1631 5046 mss.
1663 4991 1814 5048 Editi

243 5059 491 5118 προσήκει.

298 5125 397 5202 (git)
428 5123 896 5202 'Opéaecsv._Editi
933 5125 1132 5202 ὀμόσει,
1162 5127 1431 5202 et_paulo
1459 5133 1597 5202 post
1643 5133 1806 5202 ἄγειν.

242 5190 460 5250 Codices
488 5190 642 5252 'mss.
675 5195 775 5252 vix
817 5190 1372 5254 ullo'dissentiénte
1405 5190 1632 5258 habent
1661 5190 1810 5260 utin

243 5265 376 5318 textu
405 5267 743 5337 posuimus.

297 5339 394 5400 (9i)
425 5343 557 5414 'ljpiu
581 5341 692 5394 ἔτη.
713 5341 852 5393 Tres
873 5353 1064 5414 annos
1093 5343 1259 5414 extra
1285 5357 1492 5413 preces
1521 5342 1805 5414 decernit,

245 5417 298 5486 {te
339 5408 584 5478 proinde
624 5413 878 5486 quartus
917 5410 1172 5465 addetur
1201 5408 1352 5466 inter
1381 5408 1795 5486 consistentes.

248 5473 368 5555 {iam
391 5495 594 5555 supra,
625 5473 882 5555 (ἔδοι-22,
914 5485 1176 5551 quatuor
1196 5498 1394 5555 annos
1425 5483 1713 5555 decernit,
1743 5493 1808 5543 ut

248 5541 696 5628 fornicatbribus.
747 5541 886 5628 Τι’εέ
934 5541 1136 5628 autem
1191 5551 1341 5628 illos
1385 5561 1552 5628 extra
1599 5541 1807 5628 preces

251 5629 433 5680 annos.
466 5622 617 5676 inter
641 5621 958 5676 audientes
993 5623 1224 5678 traduci
1253 5621 1808 5686 existimant-Zona-

251 5699 330 5741 ras
353 5697 404 5746 et
433 5691 752 5747 Balsamon
785 5691 935 5748 inter
983 5693 1322 5750 substratos
1349 5696 1678 5754 Aristenus.
1706 5703 1808 5756 Zo-
1853 5711 1864 5718 '

253 5771 386 5820 nam
409 5767 464 5818 et
491 5762 864 5820 Balsamonis
888 5765 1180 5822 sententia
1193 5765 1334 5822 inde
1361 5765 1576 5825 ﬁrmari
1593 5772 1804 5842 possit,

1944 1911 2195 1968 bitatem
2259 1928 2434 1968 suam
2482 1913 2816 1968 conﬁrmet.
2881 1915 3085 1984 Neque
3149 1911 3312 1967 enim
3377 1911 3600 1968 Herodi

1940 2002 2372 2073 jusjurandum
2402 2001 2756 2058 observasse
2778 2001 3022 2076 profuit,
3055 2001 3161 2074 qui
3198 2001 3492 2067 videlicet,
3520 2017 3598 2058 ne

1945 2091 2260 2164 pejeraret,
2311 2091 2670 2164 prophetam
2717 2089 3014 2146 occidit".
3050 2089 3307 2146 Omnino
3349 2089 3600 2164 quidem

1942 2179 2372 2250 jusjurandum
2403 2179 2775 2252 prohibitum
2801 2181 2953 2235 est"
2988 2197 3002 2234 :
3035 2179 3142 2236 sed
3179 2179 3370 2236 multo
3399 2179 3598 2250 magis

1947 2273 2422 2324 consentaneum
2461 2273 2574 2338 est,
2603 2272 2670 2324 ut
2723 2267 2890 2342 quod
2939 2267 3020 2324 ad
3067 2268 3296 2324 malum
3339 2269 3599 2342 interpo-

1947 2358 2128 2428 nitur,
2160 2357 2610 2414 condemnetur.
2641 2359 2833 2421 Quare
2861 2357 2912 2412 is
2955 2359 3060 2432 qui
3087 2357 3333 2430 juravit,
3361 2362 3599 2414 senten-

1949 2448 2094 2505 tiam
2123 2453 2356 2504 mutare
2385 2448 2588 2514 debet,
2615 2463 2740 2504 non
2763 2447 2826 2504 id
2856 2448 3055 2504 studio
3095 2449 3321 2504 habere
3371 2453 3436 2506 ut
3463 2463 3602 2522 pro-

1946 2537 2148 2610 prium
2177 2538 2349 2594 nefas
2371 2537 2704 2594 conﬁrmet.
2735 2541 2848 2594 Fac
2871 2538 3030 2594 enim
3049 2537 3227 2594 latius
3255 2537 3600 2594 consideres

1948 2626 2410 2682 absurditatem.
2453 2626 2510 2682 Si
2541 2626 2678 2698 quis
2724 2627 2883 2698 juret
2911 2625 3273 2682 effossurum
3301 2643 3363 2682 se
3392 2625 3602 2682 oculos

1944 2714 2161 2784 fratris,
2195 2731 2272 2771 an
2304 2713 2665 2786 prreclarum
2711 2719 2798 2770 est
2830 2715 3129 2785 ejusmodi
3166 2715 3600 2786 jusjurandum

1945 2803 2024 2859 ad
2053 2819 2207 2876 opus
2236 2804 2566 2876 perducere
2588 2803 2616 2857 ?
2647 2803 2695 2858 si
2725 2803 2862 2876 quis
2897 2819 2958 2858 se
2997 2803 3448 2860 interfecturum
3469 2805 3497 2860 ?
3549 2805 3600 2860 si

1943 2891 2080 2964 quis
2110 2893 2359 2948 omnino
2386 2893 2746 2948 mandatum
2770 2891 3020 2964 aliquod
3041 2895 3601 2962 transgressurum?

1944 2981 2148 3038 Juravi
2179 2981 2338 3036 enim
2367 2987 2421 3036 et
2453 2981 2651 3051 statui,
2681 2996 2806 3036 non
2856 2985 3174 3052 peccatum
3203 2984 3459 3052 patrare,
3493 2979 3601 3035 sed

1945 3085 2184 3125 servare
2244 3069 2474 3142 judicia
2518 3069 2764 3140 justitiae
2821 3069 3018 3124 tuae".
3070 3067 3599 3133 Quemadmodum

1943 3159 2105 3214 enim
2151 3163 2524 3231 praeceptum
2569 3157 3048 3214 immutabilibus
3087 3155 3352 3212 consiliis
3381 3157 3600 3212 conﬁr-

1940 3247 2238 3303 mandum
2269 3253 2382 3318 est,
2434 3247 2520 3304 ita
2541 3251 2861 3322 peccatum
2889 3247 3139 3302 omnino
3181 3245 3488 3302 inﬁrmare
3539 3249 3599 3303 et

1941 3337 2139 3392 delere
2169 3337 2467 3394 convenit.

2013 3429 2166 3482 XXX.
2200 3428 2282 3484 De
2310 3427 2383 3482 iis
2431 3425 2538 3499 qui
2565 3425 2829 3498 rapiunt,
2881 3441 3179 3482 canonem
3217 3425 3466 3499 quidem
3491 3440 3599 3482 an-

1941 3513 2182 3588 tiquum
2241 3531 2364 3574 non
2427 3515 2766 3585 habemus,
2832 3515 2940 3571 sed
2997 3515 3308 3588 propriam
3365 3519 3598 3572 senten-

1941 3603 2087 3660 tiam
2126 3606 2302 3678 295
2342 3605 2728 3677 proferimus,
2756 3607 2822 3660 ut
2845 3609 2898 3660 et
2926 3604 3041 3677 ipsi
3083 3608 3142 3660 et
3168 3604 3272 3677 qui
3299 3619 3426 3660 una
3453 3619 3595 3659 cum

1939 3693 2092 3766 ipsis
2121 3694 2385 3765 rapiunt,
2417 3693 2608 3749 tribus
2637 3693 2812 3748 annis
2845 3695 2968 3749 sint
2989 3697 3156 3750 extra
3175 3693 3594 3766 preces.Quod

1940 3787 2145 3838 autem
2169 3781 2461 3838 violenter
2482 3797 2606 3837 non
2626 3781 2714 3847 ﬁt,
2733 3797 2928 3856 poenas
2955 3781 3104 3837 nulli
3124 3781 3458 3838 obnoxium
3479 3784 3589 3850 est,

1939 3871 1988 3925 si
2019 3886 2130 3925 nec
2159 3875 2437 3942 stuprum
2470 3885 2583 3926 nec
2625 3869 2854 3926 furtum
2903 3883 3032 3926 rem
3057 3870 3445 3942 prmcesserit.
3487 3872 3592 3926 Est

1936 3964 2139 4017 autem
2163 3959 2349 4014 vidua
2378 3959 2471 4013 sui
2500 3958 2677 4028 juris,
2711 3963 2767 4014 et
2795 3957 3086 4030 sequendi
3113 3961 3376 4029 potestas
3404 3973 3589 4029 penes

1933 4049 2134 4120 ipsam
2187 4051 2296 4104 est.
2337 4048 2532 4113 Quare
2574 4047 3030 4103 simulationum
3069 4062 3142 4103 ac
3185 4050 3586 4118 printextuum

1933 4153 2078 4194 cura
2105 4135 2271 4192 nulla
2292 4135 2472 4192 nobis
2502 4135 2792 4192 habenda
2815 4139 2922 4192 est.

1930 4245 1980 4279 ⁷³
2001 4243 2156 4300 Psal.
2181 4259 2364 4311 cxvm,
2390 4245 2512 4300 106.

1929 4351 2097 4478 quod
2119 4351 2241 4406 duo
2262 4366 2510 4423 precum
2525 4365 2764 4431 .genera
2788 4349 2854 4406 in
2889 4349 2984 4406 his
3013 4349 3578 4433 Basiliicanonibus

1973 4427 2404 4478 istinauuntur.
2449 4421 2591 4477 Aliae
2649 4437 2812 4478 enim
2877 4424 3018 4476 sunt
3077 4421 3378 4478 ﬁdelium.
3443 4422 3575 4478 aliae

1973 4421 2404 4492 istinguuntur.
2449 4421 2591 4477 Aliae
2649 4421 2812 4478 enim
2877 4424 3018 4476 sunt
3077 4421 3378 4492 ﬁdelium,
3443 4422 3575 4480 alias

1931 4491 2372 4549 substratorum
2393 4509 2624 4564 preces.
2651 4495 2823 4558 Nam,
2845 4507 2982 4548 can.
3002 4497 3092 4558 75,
3119 4491 3194 4547 de
3213 4508 3285 4548 eo
3311 4492 3576 4564 quicum

1929 4581 2041 4620 sua
2071 4580 2274 4620 sorore
2295 4564 2560 4636 pollutus
2587 4569 2675 4619 est
2702 4564 2986 4636 decernit,
3013 4568 3081 4618 ut
3103 4567 3428 4636 postquam
3455 4569 3574 4622 tres

1928 4651 2124 4692 annos
2153 4634 2314 4691 inter
2333 4635 2543 4690 ﬂentes
2597 4634 2946 4706 traduxerit,
2983 4641 3193 4704 postea
3237 4634 3352 4692 alio
3393 4636 3572 4692 trien-

1923 4707 2027 4762 nio
2053 4707 2134 4764 ad
2175 4709 2364 4762 solam
2391 4707 2759 4764 auditionem
2789 4707 3172 4776 admittatur,
3199 4721 3271 4762 ac
3299 4707 3572 4777 Scriptu-

1924 4781 2008 4834 rz's
2032 4777 2427 4848 doctrinaque
2454 4778 2678 4834 auditis
2724 4779 3027 4847 ejiciatur,
3074 4791 3181 4833 nec
3220 4777 3440 4847 dignus
3467 4779 3572 4838 ha-

1925 4850 2138 4921 beatur
2165 4851 2456 4921 oratione.
2480 4848 2622 4921 Vide
2647 4864 2912 4904 canones
2939 4852 3004 4904 356
3029 4853 3086 4904 et
3117 4851 3204 4921 82.
3253 4849 3480 4921 Expelli
3533 4866 3571 4907 a

1920 4919 2202 4991 precibus
2225 4919 2408 4991 idem
2463 4925 2552 4973 est
2592 4919 2656 4974 in
2687 4935 2920 4974 canone
2949 4923 3142 4991 22,_ac
3169 4919 3325 4976 inter
3340 4919 3568 4978 'ﬂentes

1920 4989 2260 5047 amandari.
2293 4990 2350 5045 Si
2379 4993 2582 5062 tamen
2605 5005 2804 5062 pana:
2827 4989 3171 5062 raptoribus
3199 4991 3428 5062 eaedem
3457 4993 3568 5048 im-

1918 5067 2224 5134 ponantur
2268 5076 2340 5115 ac
2389 5059 2872 5134 fornicatoribus,
2898 5059 2970 5116 iit
2995 5061 3212 5134 fatetur
3237 5061 3564 5134 Aristenus,

1916 5132 2041 5188 non
2065 5132 2238 5188 video
2260 5147 2364 5186 cur
2391 5135 2653 5202 quatuor
2694 5132 2838 5188 anni
2886 5147 3012 5190 non
3035 5133 3249 5188 eodem
3287 5134 3473 5189 modo
3499 5132 3563 5189 in

1915 5210 2172 5275 utroque
2211 5208 2458 5275 peccato
2497 5203 2926 5275 disponantur.
2974 5207 3124 5260 Nam
3167 5204 3562 5275 fornicatores

1959 5291 2022 5330 er
2043 5273 2362 5330 triennium
2388 5273 2861 5330 excludunturin
2882 5291 3114 5332 canone
3137 5279 3206 5330 22
3226 5291 3258 5330 a
3282 5273 3562 5346 precibus

1911 5291 2022 5400 Iper
2043 5291 2362 5330 triennium
2388 5291 2861 5330 excmaunmrm
2882 5291 3114 5332 canone
3137 5291 3206 5330 zz
3226 5291 3258 5330 a
3282 5291 3559 5346 precibus

1959 5345 2204 5414 dolium,
2236 5345 2320 5400 ita
2345 5349 2409 5400 ut
2433 5347 2630 5417 primo
2668 5361 2829 5402 anno
2859 5347 3011 5404 inter
3034 5346 3244 5402 ﬂentes
3273 5345 3412 5417 sint,
3459 5360 3559 5399 se-

1914 5417 2112 5471 cundo
2163 5419 2314 5472 inter
2366 5415 2700 5484 audientes,
2766 5417 2933 5473 tertio
2987 5417 3140 5473 inter
3198 5415 3555 5481 substratos,

1912 5491 2128 5560 quarto
2158 5489 2488 5544 consistant
2512 5504 2648 5560 cum
2669 5488 2970 5544 ﬁdelibus.

1983 5563 2090 5631 (95)
2141 5565 2431 5631 Γινόμενον.
2491 5559 2698 5631 Plures
2763 5560 3002 5631 codices
3035 5573 3213 5631 ‘mss.
3265 5560 3556 5631 γενόμενον,

1914 5627 2087 5694 QUod
2116 5627 2318 5686 autem
2347 5631 2422 5686 de
2450 5629 2634 5686 vidua
2665 5631 2870 5687 statuit
2892 5630 3008 5686 hoc
3033 5627 3169 5686 loco
3195 5627 3464 5700 Basilius,
3493 5629 3559 5687 id

1913 5700 2134 5758 clarius
2159 5702 2287 5778 ipse
2317 5701 2599 5782 explanat
2618 5715 2753 5757 can.
2777 5704 2864 5756 53.
