4092 6210
547 273 653 327 727

3466 0 3575 29 τινι

3526 78 3535 85 .
3558 48 3619 71 ςιἸη

3670 0 3751 169 ΙΛΙσΙ
3786 0 3797 147 Ι
3976 0 4003 253 ΙΙ

1941 269 1997 325 8.
2029 270 2278 330 ΒΑΞΙῙᾸΙ
2306 275 2525 333 MAGNI
3747 278 3820 337 ὨΒ

613 396 785 452 XXXI.
816 395 997 466 Cujus
1024 395 1113 451 vir
1150 394 1442 468 discessit,
1476 411 1587 452 nec
1619 398 1947 469 comparet,
1989 412 2062 453 ea
2091 412 2196 453 an-

2380 400 2504 455 AA'.
2532 399 2612 465 Ἦ,
2644 398 3091 471 ἀναχωρήσαντος
3134 397 3247 470 (96)
3280 394 3396 449 τοῦ’
3419 394 3611 471 ἀνδρὸς,
3640 401 3715 452 καὶ
3737 400 3829 474 ἄρα.

543 482 787 555 tequam
816 483 890 538 de
917 484 1048 554 ejus
1080 489 1271 540 morte
1320 484 1533 540 certior
1578 485 1737 541 facta
1784 485 1877 553 sit,
1905 500 2027 541 una
2058 500 2197 541 cum

544 570 662 627 alio
690 571 975 627 habitans
1005 574 1366 631 mcechatur.

620 662 820 715 XXXII.
867 664 1181 718 Peccatum
1222 663 1301 717 ad
1335 666 1589 718 mortem
1629 666 1949 735 peccantes
1979 661 2195 731 clerici,

547 748 621 804 de
650 750 842 818 gradu
874 750 1253 822 dejiciuntur,
1281 768 1317 807 a
1345 752 1641 807 laicorum
1692 758 1895 807 autem
1924 767 2197 808 commu-

546 840 727 895 nione
756 854 883 896 non
918 846 1215 897 arcentur.
1260 842 1400 897 Non
1439 843 1593 897 enim
1639 841 1974 897 vindicabis
2000 842 2101 897 bis
2135 841 2199 896 in

548 930 807 999 idtpsum
822 932 891 985 ⁷⁸.

626 1021 844 1075 XXXIII.
892 1020 1095 1077 Mulier
1123 1036 1259 1093 quae
1308 1020 1369 1076 in
1417 1020 1511 1077 via
1536 1020 1785 1094 peperit,
1818 1023 1875 1077 et
1905 1020 2060 1076 fetus
2111 1019 2203 1076 sui

550 1122 761 1164 curam
790 1124 914 1165 non
944 1110 1225 1183 suscepit,
1259 1109 1440 1166 credis
1469 1109 1704 1166 crimini
1728 1109 2100 1180 subjiciatur.

624 1287 843 1342 XXXIV.
874 1286 1140 1343 Mulieres
1182 1285 1476 1343 adulterio
1507 1286 1791 1359 pollutas,
1820 1291 1876 1344 et
1904 1285 1983 1343 ob
2012 1288 2203 1360 pieta-

551 1376 676 1431 tem
719 1376 1090 1446 conﬁtentes,
1118 1381 1221 1433 aut
1265 1378 1700 1450 quoquomodo
1741 1377 2046 1434 convictas
2092 1393 2203 1450 pu-

554 1463 765 1519 blicari
794 1469 995 1536 patres
1025 1466 1213 1521 nostri
1237 1466 1582 1534 noluerunt,
1607 1482 1684 1523 ne
1711 1482 1962 1523 causam
1996 1467 2205 1523 mortis

556 1554 939 1625 praebeamus
973 1554 1292 1620 convictis;
1336 1556 1658 1611 consistere
1685 1562 1886 1613 autem
1911 1556 2048 1631 illas
2077 1557 2206 1612 sine

555 1643 981 1700 communione
1002 1644 1330 1716 jusserunt,
1363 1644 1557 1701 donec
1594 1646 1918 1718 impleatur
1967 1652 2205 1719 tempus

554 1733 940 1803 paenitentiae.

631 1822 831 1877 XXXV.
866 1822 929 1877 In
960 1823 1178 1879 marito
1207 1821 1285 1879 ab
1311 1838 1497 1879 uxore
1518 1822 1800 1879 derelicto
1826 1824 2210 1881 consideran-

557 1910 638 1965 da
657 1911 1056 1967 derelictionis
1080 1928 1299 1968 causa:
1333 1928 1403 1968 ac
1431 1912 1481 1967 si
1506 1928 1643 1968 eam
1671 1916 1887 1984 praeter
1913 1914 2211 1969 rationem

560 2000 885 2055 secessisse
933 2001 1281 2065 constiterit,
1329 2000 1425 2057 ille
1471 2001 1720 2074 quidem
1767 2000 1989 2074 dignus
2011 2004 2209 2073 venia,

557 2088 690 2145 haec
745 2105 889 2145 vero
935 2090 1185 2147 mulcta.
1216 2090 1401 2147 Venia
1442 2093 1645 2147 autem
1703 2090 1777 2160 ei,
1824 2095 1891 2148 ut
1934 2091 2210 2148 Ecclesiae

560 2179 986 2248 communicet,
1010 2179 1273 2236 dabitur.

630 2268 855 2321 XXXVI.
896 2267 1137 2323 Militum
1196 2282 1426 2339 uxores,
1468 2282 1605 2340 quas
1637 2268 1867 2325 maritis
1919 2269 2043 2325 suis
2088 2286 2213 2327 non

562 2355 1073 2425 comparantibus,
1134 2361 1491 2428 nupserunt,
1523 2357 1735 2413 rationi
1791 2358 1988 2415 eidem
2030 2358 2216 2430 subji-

562 2445 821 2512 ciuntur,
849 2445 945 2499 cui
966 2450 1024 2499 et
1050 2444 1187 2511 illae,
1219 2460 1356 2517 quae
1400 2446 1481 2501 ob
1512 2448 2055 2518 peregrinationem
2085 2464 2215 2505 ma-

559 2534 836 2602 ritorum,
882 2534 1142 2590 reditum
1198 2551 1321 2591 non
1375 2542 1799 2609 exspectavere
1832 2555 1845 2594 :
1880 2538 1986 2593 sed
2011 2542 2214 2595 tamen

561 2638 659 2679 res
706 2622 1063 2679 nonnullam
1115 2623 1212 2681 hic
1245 2624 1486 2681 veniam
1515 2625 1801 2697 admittit,
1822 2627 1991 2699 quod
2019 2627 2217 2699 major

564 2712 639 2766 sit
668 2713 879 2767 mortis
907 2712 1193 2784 suspicio.

638 2801 881 2856 XXXVII.
909 2800 1018 2866 Qui
1056 2801 1254 2857 aliena
1286 2801 1398 2858 sibi
1420 2802 1623 2860 ablata
1648 2818 1900 2861 uxorem
1930 2805 2123 2875 duxit,
2154 2805 2215 2862 in

561 2888 762 2961 prima
793 2889 1038 2962 quidem
1069 2890 1344 2946 adulterii
1389 2892 1614 2948 crimen
1655 2893 1988 2962 sustinebit,
2028 2895 2091 2951 in
2130 2910 2217 2951 se-

565 2977 768 3033 cunda
795 2994 939 3034 vero
969 2996 1105 3034 reus
1136 2995 1260 3036 non
1291 2986 1521 3050 agetur.

2241 1749 2286 1803 Β
2317 1740 2508 1810 χρόνον
2538 1744 2634 1796 τῆς
2663 1740 2958 1807 μετανοίας.

2306 497 2423 551 νοῦς
2455 496 2615 555 ὄντος,
2648 493 2747 560 πρὸ
2777 496 2867 539 τοῦ
2897 490 3178 546 πεισθῆναι
3203 492 3319 561 περὶ
3346 494 3436 540 τοῦ
3469 490 3671 541 θανάτου
3694 490 3830 564 αὐτοῦ,

2309 579 2462 653 ἑτέρῳ
2497 583 2709 635 συνοικὴ
2722 597 2862 630 σασα
2888 582 3146 650 μοίχᾶται
3162 622 3174 634 ,

2380 666 2499 721 ΛΠ.
2549 668 2614 719 Οἱ
2662 671 2756 724 τὴν
2793 670 2925 737 πρὸς
2958 667 3174 717 θάνατον
3224 664 3334 735 (9³7)
3372 664 3616 740 ἁμαρτίαν
3650 665 3835 741 ἁμαρτά-

2307 776 2471 817 νοντες
2501 755 2741 829 κληρικοὶ
2772 762 2863 807 τοῦ
2911 753 3123 827 βαθμοῦ
3165 755 3495 825 κατάγονται,
3516 761 3607 815 τῆς
3630 760 3835 815 κοινωνίας

2311 843 2372 899 δὲ
2407 853 2507 897 τῶν
2537 844 2728 897 λαῐκῶν
2760 842 2854 896 οὐκ
2885 842 3217 917 ἐξείργονται.
3250 843 3324 896 Οὐ
3352 844 3450 915 γὰρ
3494 839 3756 904 ἐκδικήσεις
3779 842 3838 907 om

2311 933 2394 987 ἐπὶ
2421 938 2480 986 τό
2509 934 2657 989 αὐτό.

2383 1024 2502 1078 ΛΓ.
2529 1023 2586 1076 Ἠ
2622 1024 2777 1095 γυνὴ,
2813 1024 2844 1081 ἡ
2881 1019 2976 1076 διὰ
3032 1029 3129 1085 τῆς
3166 1018 3294 1074 ὁδοῦ
3331 1026 3593 1087 κυήσασα,
3641 1026 3720 1073 καὶ
3753 1022 3841 1093 diu-

2309 1113 2524 1171 λὴσασα
2552 1120 2644 1165 τοῦ
2688 1116 2976 1185 κυήματος,
3006 1120 3078 1183 τῷ
3107 1118 3200 1165 τοῦ
3244 1117 3398 1184 φόνου
3446 1111 3713 1187 ἐγκλήματι
3750 1113 3842 1163 ὐπο-

2312 1205 2527 1257 κείσθω.

2384 1292 2503 1346 ΛΔ’.
2535 1294 2641 1352 Τὰς
2678 1291 3054 1363 μοιχευθείσας
3086 1296 3339 1361 γυναῖκας
3383 1292 3472 1343 καὶ
3502 1289 3847 1364 ίξαγορευούσας

2315 1378 2388 1434 δι’
2420 1379 2703 1451 εὐλάϐειαν,
2738 1380 2767 1438 ἦ
2803 1381 3042 1431 ὁπωσοῦν
3070 1378 3435 1451 ἐλεγχομένας,
3464 1376 3764 1452 δημοσιεύειν
3782 1378 3848 1430 οὐκ

2314 1469 2589 1523 ἐκέλευσαν
2649 1471 2698 1521 οἱ
2744 1473 2961 1541 πατέρες
3018 1470 3187 1540 ἡμῶν,
3224 1471 3307 1521 ἶνα
3354 1474 3425 1541 μὴ
3487 1470 3693 1521 θανάτου
3722 1469 3849 1520 αἰτίαν

2314 1560 2676 1635 παράσχωμεν
2716 1556 3075 1629 ἑλεγχθείσαις
3099 1578 3114 1592 ο
3176 1558 3431 1610 ἵστασθαι
3471 1555 3528 1610 δὲ
3580 1558 3723 1619 αὐτὰς
3766 1558 3851 1609 ἄνευ

2316 1651 2585 1709 κοινωνίας
2624 1646 2971 1719 προσέταξαν,
3002 1650 3169 1721 μέχρι
3217 1654 3311 1700 τοῦ
3361 1646 3771 1721 συμπληροῦσθαι
3790 1648 3854 1697 τὸν

2388 1824 2510 1879 ΛΕ’.
2542 1823 2655 1878 Ἐπὶ
2714 1821 2773 1877 δε
2820 1832 2913 1877 τοῦ
2961 1825 3387 1897 καταλειφθέντος
3436 1820 3616 1897 ἀνδρὸς
3660 1825 3746 1876 ὑπὸ
3787 1830 3856 1885 τῆς

2317 1908 2577 1986 γυναικὸς
2591 1917 2703 1989 χρὴ
2738 1919 2948 1967 σκοπεῖν
2992 1919 3085 1973 τὴν
3114 1913 3290 1966 αἰτίαν
3330 1922 3429 1974 τῆς
3475 1912 3854 1984 ἐγκαταλείψιως·

2320 2002 2415 2056 κᾶν
2455 2012 2585 2076 φανῇ
2650 2002 2850 2076 ἀλόγως
2907 2002 3334 2075 ἀναχωρήσασα,
3397 2004 3423 2055 ό
3466 2006 3555 2075 μεν
3602 2008 3861 2073 συγγνώμης

2321 2091 2461 2146 ἐστὶν
2511 2094 2672 2163 ἄξιος,
2705 2095 2734 2150 ἠ
2789 2089 2849 2145 δε
2899 2090 3185 2164 ἐπιτιμίου.
3214 2091 3274 2145 Ἡ
3327 2088 3389 2145 δε
3437 2096 3703 2163 συγγνώμη
3735 2092 3860 2160 τούτῳ

2320 2184 2529 2254 πρόςτὸ
2559 2187 2815 2233 κοινωνεῖν
2844 2187 2904 2253 τῇ
2938 2180 3225 2252 Ἐκκλησία
3256 2176 3567 2238 δοθήσεται.

2392 2270 2511 2335 Λς’.
2566 2266 2964 2345 Στρατιώτιδες,
3014 2271 3202 2321 αἰτῶν
3258 2265 3467 2341 ἀνδρῶν
3515 2267 3701 2340 ἀφανῶν
3746 2270 3864 2351 ὄντων

2320 2362 2666 2432 γαμηθεῖσαι,
2696 2367 2769 2429 τῷ
2799 2358 2939 2429 αὐτῷ
2959 2358 3259 2411 ὑπόκεινται
3294 2357 3454 2429 λόγῳ,
3495 2354 3623 2430 ᾧπερ
3654 2355 3706 2407 ἆν
3733 2359 3805 2407 καὶ
3827 2358 3865 2405 αι

2324 2446 2419 2502 διὰ
2447 2453 2541 2506 τὴν
2580 2444 2888 2520 ἀποδημίαν
2918 2455 3017 2499 τῶν
3071 2443 3274 2519 ἀνδρῶν
3324 2452 3398 2519 μὴ
3456 2445 3767 2518 ἀναμείνασαι
3798 2447 3867 2499 τὴν

2324 2534 2612 2590 ἕπάδοδονο
2681 2537 2813 2596 πλὴν
2875 2540 2988 2608 ἔχει
3039 2538 3156 2589 τινὰ
3203 2542 3524 2609 συγγνώμην
3586 2537 3641 2587 τὸ
3695 2539 3868 2607 πρᾶγμα

2324 2627 2565 2697 ἐνταῦθα,
2620 2623 2655 2679 δ
2660 2628 2715 2679 ιὰ
2741 2630 2800 2679 τὸ
2853 2625 3045 2698 μᾶλλον
3083 2628 3215 2701 πρὸς
3247 2628 3472 2679 θάνατον
3511 2622 3634 2678 εἶναι
3659 2628 3741 2683 τήν
3778 2624 3869 2674 ὑπό·

2324 2738 2486 2774 νοιαν.

2397 2808 2518 2863 ΛΖ’.
2568 2807 2715 2861 Μετὰ
2741 2809 2801 2859 τὸ
2834 2804 3179 2881 ἀφαιρεθῆναι
3234 2808 3335 2864 τὴν
3388 2804 3702 2881 ἀλλοτρίωό
3740 2805 3873 2876 γαμή·

2327 2916 2446 2965 σας,
2479 2896 2561 2949 ἐπὶ
2608 2899 2699 2969 μεν
2746 2904 2809 2955 τῆ
2864 2901 3043 2969 πρώτη
3087 2900 3338 2968 μοιχείαν
3385 2894 3769 2967 ὴκληθήσεται·
3810 2890 3872 2943 ἐπὶ

2329 2983 2388 3039 δε
2413 2993 2473 3058 τῇ
2511 2982 2729 3059 δευτέρα
2758 2984 3026 3045 ἀνεύθυνος
3055 2987 3227 3040 ἔσται.

633 3070 905 3124 XXXVIII.
938 3069 1172 3139 Puellae,
1204 3086 1340 3142 quae
1383 3075 1601 3143 praeter
1638 3074 1823 3144 patris
1860 3074 2217 3131 sententiam

2400 3074 2527 3129 ΛΗ.
2562 3076 2625 3128 Αἱ
2654 3079 2826 3147 κόραι,
2856 3075 2911 3126 αἱ
2940 3076 3085 3146 παρὰ
3111 3079 3327 3147 γνώμην
3347 3075 3539 3145 πατρὸς
3566 3072 3873 3129 ἀκολουθήσα-

567 3163 786 3212 secutae
820 3161 974 3218 sunt.
1008 3158 1413 3228 fornicamur;
1454 3161 1855 3218 reconciliatis
1884 3168 2087 3220 autem
2117 3178 2223 3235 pa-

565 3246 838 3301 rentibus
869 3246 1106 3303 videtur
1150 3264 1243 3304 res
1282 3248 1621 3304 remedium
1647 3251 1951 3323 accipere;
1985 3267 2107 3308 non
2138 3258 2222 3309 ta-

566 3350 707 3390 men
758 3335 958 3390 statim
1003 3336 1065 3391 in
1108 3338 1603 3394 communionem
1645 3340 2061 3413 restituuntur,
2118 3342 2224 3398 sed

567 3423 824 3479 triennio
854 3425 1201 3496 punientur.

646 3514 869 3568 XXXIX.
911 3515 1051 3579 Quae
1100 3514 1246 3571 vivit
1304 3531 1443 3572 cum
1494 3516 1787 3586 adultero,
1819 3518 2091 3576 adultera
2139 3521 2229 3575 est

573 3602 742 3658 omni
772 3612 1062 3675 tempore.

647 3692 750 3747 XL.
786 3694 925 3757 Quae
953 3697 1168 3763 praeter
1208 3694 1337 3750 heri
1384 3696 1743 3753 sententiam
1789 3711 1850 3751 se
1880 3697 2010 3753 viro
2036 3697 2227 3767 tradit,

575 3778 869 3839 fornicata
891 3787 1011 3852 est;
1048 3799 1184 3857 qua:
1204 3800 1341 3842 vero
1368 3790 1583 3859 postea
1627 3787 2013 3843 matrimonio
2041 3786 2229 3844 libero

650 3978 699 4012 ’⁸⁸
729 3977 876 4036 Nah.
910 3994 949 4047 ι,
980 3983 1033 4034 9.

654 4178 769 4244 (96)
791 4172 849 4226 Ἠ
880 4172 1340 4249 ἀναχωρήσαντος.
1373 4175 1600 4249 Synodi
1637 4176 1698 4231 in
1745 4176 1941 4233 Trullo
1971 4192 2234 4249 nonage-

583 4244 773 4300 simus
803 4244 1008 4301 tertius
1036 4244 1231 4301 canon
1258 4244 1524 4302 continet
1565 4248 1725 4303 hunc
1765 4265 2063 4305 canonem
2092 4244 2232 4307 cum

580 4317 882 4373 tricesimo
912 4322 1079 4372 sexto
1104 4323 1159 4372 et
1187 4318 1654 4389 quadragesimo
1687 4325 1873 4375 sexto.

652 4392 889 4459 (97)Τὴν
937 4393 1067 4459 πρὸς
1119 4391 1352 4444 θάνατον.
1396 4392 1643 4444 Peccato
1695 4391 1777 4445 ad
1827 4396 2073 4446 mortem
2107 4393 2231 4449 sive

583 4457 821 4533 mertali
844 4457 1002 4531 saepe
1027 4465 1251 4533 veteres
1272 4460 1550 4533 eamdem
1589 4477 1658 4515 ac
1689 4476 1799 4515 nos
1820 4460 1998 4516 hodie
2021 4462 2233 4533 adjun-
2264 4457 2307 4511 D

584 4531 804 4606 gim_i_i_s,
840 4530 999 4606 saepe
1039 4530 1218 4606 aliam
1267 4532 1573 4606 notionem
1605 4532 1948 4601 subjiciunt.
1984 4534 2075 4588 Sic
2101 4530 2233 4606 ipse

587 4601 840 4656 Basilius
860 4604 919 4655 in
938 4617 1071 4672 cap.
1103 4617 1157 4655 1v
1192 4604 1378 4669 Isaiae,
1412 4618 1474 4656 n.
1509 4608 1628 4667 I37,
1652 4618 1709 4674 p.
1742 4601 2233 4674 475,peccata'ad

584 4677 839 4745 mortem
872 4679 1084 4745 vocat,
1115 4688 1249 4743 quae
1298 4679 1434 4743 post
1476 4681 1785 4745 acceptam
1830 4675 2233 4744 cognitionem

584 4742 920 4816 voluntarie
970 4742 1388 4816 admittuntur,
1439 4760 1508 4800 ac
1560 4742 1637 4799 ea
1679 4742 1931 4816 opponit
1971 4748 2234 4816 peccatis

584 4813 958 4884 ignorantiae.
1009 4815 1082 4869 At
1133 4814 1193 4868 in
1237 4816 1450 4871 eodem
1494 4813 2074 4879 Comméritariofn.
2112 4821 2230 4884 I66,

584 4902 644 4955 p.
660 4889 1039 4959 497,pe_ccata
1051 4886 1128 4940 ad
1141 4894 1394 4942 mortem
1408 4894 1584 4943 vocat
1598 4887 2047 4959 qurecunquein
2061 4888 2234 4943 infer-

584 4973 734 5030 num
765 4957 1091 5012 deducunt.
1126 4959 1412 5022 Quaenam
1438 4957 1687 5030 crgoad
1710 4957 1965 5014 mortem
1988 4965 2236 5030 peccata

586 5028 647 5084 in
680 5029 1052 5101 liochcanone
1082 5033 1149 5083 32
1198 5030 1511 5101 intelligit?
1542 5029 1602 5084 Id
1642 5030 1897 5101 perspici
1937 5028 2134 5101 potest
2161 5047 2233 5086 ex

587 5099 924 5154 canonibus
954 5104 1019 5154 69
1047 5105 1101 5173 et
1130 5103 1215 5173 70.
1251 5100 1337 5155 lbi
1367 5102 1527 5173 enim
1567 5099 1915 5173 clericorum
1937 5099 2229 5173 peccatis,

586 5187 722 5243 quze
750 5187 870 5225 non
901 5171 1257 5237 gravissima
1295 5172 1560 5242 quidem,
1595 5172 1700 5225 sed
1732 5178 1931 5227 tamen
1954 5171 2236 5228 mortalia

586 5242 775 5309 erant,
832 5246 888 5296 et
933 5242 1271 5297 necessario
1324 5243 1687 5309 confitenda,
1744 5242 1991 5297 leviores
2022 5259 2233 5314 poenas

583 5314 816 5381 inﬂixit,
848 5329 1035 5384 quam
1088 5319 1332 5383 peccato
1372 5314 1453 5368 ad
1484 5320 1730 5367 mortem
1762 5314 1821 5366 in
1868 5330 2098 5369 canone
2129 5319 2221 5369 3'2.

584 5386 823 5440 Videtur
854 5402 995 5451 ergo
1026 5385 1183 5438 lianc
1225 5400 1434 5438 vocem
1492 5384 1672 5454 paulo
1700 5384 1956 5437 strictius
2002 5385 2061 5439 in
2118 5385 2230 5440 hoc

580 5471 814 5511 canone
843 5462 909 5510 :32
940 5470 1283 5525 usurpasse,
1313 5454 1744 5527 neque-omnia
1771 5460 2036 5525 peccata,
2058 5472 2229 5527 quze-

578 5542 817 5597 cunque
859 5544 891 5580 τι
926 5531 1043 5581 IIeo
1076 5532 1375 5597 separant,
1426 5526 1530 5579 sed
1564 5526 1838 5597 graviora
1868 5526 2099 5582 tantum
2131 5530 2229 5582 de-

575 5596 860 5663 signasse.
892 5600 1113 5653 Eodem
1144 5596 1321 5653 Sensu
1365 5596 1659 5669 synodus
1680 5596 2037 5669 liliberitana
2065 5602 2228 5655 vetat

570 5680 704 5722 can.
733 5671 800 5722 3‘2
828 5669 990 5737 apud
1012 5667 1453 5743 presbyterum,
1483 5668 1531 5726 si
1561 5667 1698 5741 quis
1724 5668 1895 5738 gravi
1938 5668 2115 5742 lapsu
2162 5670 2225 5727 in

2331 3184 2444 3233 σαι,
2474 3167 2784 3239 πορνεύουσι
2808 3178 2822 3192 ⁶
2875 3160 3255 3234 διαλλαγέντων
3301 3162 3364 3217 δὲ
3411 3171 3511 3216 τῶν
3548 3166 3736 3235 γονέων,
3765 3156 3877 3211 δοκεῖ

2334 3256 2603 3328 θεραπείαν
2631 3252 2908 3325 λαμϐάνειν
2938 3254 2997 3303 τὸ
3026 3256 3239 3323 γεγονός
3262 3269 3277 3283 ο
3327 3254 3425 3305 οὐκ
3476 3252 3623 3313 εὐθὺς
3652 3248 3704 3303 δὲ
3730 3249 3875 3309 tigni?

2331 3347 2599 3394 κοινωνίαν
2648 3340 3123 3409 ἁποκαθίστανται,
3157 3340 3264 3393 ἀλλ’
3312 3341 3766 3415 ἐπιτιμηθησονται
3788 3338 3877 3410 τρία

2332 3433 2417 3490 ἔτη
2452 3435 2567 3503 (98)
2582 3473 2594 3485 .

2406 3519 2535 3576 ΛΘ’.
2568 3520 2625 3573 Ἠ
2657 3528 2731 3591 τῷ
2754 3518 3180 3592 μοιχῷξσυζῶσα
3208 3518 3465 3591 μοιχαλίς
3506 3518 3616 3572 ἐστι
3644 3517 3793 3571 πάντα
3813 3512 3877 3563 τὸν

2334 3613 2525 3683 χρόνον
2551 3611 2686 3681 (99).

2406 3698 2490 3753 Μ’.
2526 3698 2583 3751 Ἠ
2642 3700 2786 3774 παρὰ
2817 3702 3028 3771 γνώμην
3078 3704 3171 3749 τοῦ
3226 3693 3493 3750 δεσπότου
3548 3693 3693 3769 ἀνδρὶ
3734 3692 3879 3745 ἑαυτήν

2336 3785 2631 3841 ἕκδιδοῦσα
2660 3790 2735 3858 (1)
2794 3787 3094 3861 ἐπόρνευσεν
3123 3803 3136 3818 ⁸
3195 3789 3224 3846 ἠ
3260 3783 3321 3839 δε
3359 3790 3489 3860 μετὰ
3534 3794 3690 3840 ταῦτα
3728 3778 3880 3852 πεποιρο

2336 4180 2577 4236 ruinam
2592 4179 2802 4235 mortis
2816 4178 3110 4251 inciderit,
3133 4193 3311 4250 agere
3323 4176 3724 4251 paenitentiam
3739 4168 3881 4251 deiic-

2338 4266 2421 4322 re,
2439 4251 2543 4323 sed
2563 4252 2760 4323 potius
2777 4250 2943 4323 apud
2958 4244 3339 4323 episcopum:
3362 4252 3652 4323 Diaconus
3664 4244 3880 4321 detectus

2340 4325 2400 4378 in
2422 4322 2669 4377 crimine
2700 4322 2908 4378 mortis
2932 4322 3067 4377 ante
3108 4322 3554 4377 ordinationem
3583 4323 3877 4390 commisso.

2341 4393 2706 4466 pcenitentite
2734 4393 3046 4463 subjicitur
3070 4409 3205 4448 can.
3227 4396 3295 4447 76
3322 4393 3595 4463 ejusdem
3623 4384 3828 4466 synodi.

2414 4466 2522 4533 (98)
2556 4453 3057 4537 Ἐπιτιμηθῆσονται
3104 4469 3225 4537 τρία
3262 4453 3374 4521 Ern:
3422 4453 3691 4537 Zonaras,
3723 4453 3881 4537 balsa-

2341 4531 2570 4591 monet
2600 4531 2905 4589 Aris‘tenus
2937 4535 3097 4589 hunc
3127 4531 3426 4591 canonem
3459 4531 3745 4603 accipiunt
3786 4533 3880 4603 non

2343 4606 2417 4661 de
2449 4606 2632 4679 raptis
2654 4605 3012 4679 virginibus,
3036 4605 3140 4679 sed
3162 4605 3235 4659 de
3258 4605 3327 4659 iis
3353 4621 3491 4677 quae
3518 4600 3881 4679 prieternpatrlfs

2344 4678 2699 4732 sententiam
2746 4678 3003 4732 nubunt.
3036 4676 3152 4731 Illis
3200 4676 3401 4730 autem
3444 4676 3880 4730 communionem

2342 4755 2477 4819 post
2503 4753 2619 4803 tres
2645 4763 2837 4803 annos
2863 4748 3031 4803 reddi
3053 4747 3396 4803 existimant
3422 4745 3727 4800 Balsamon
3742 4736 3882 4819 et'Zo-

2343 4814 2553 4892 haras.
2572 4822 2644 4873 At
2660 4819 2967 4873 Aristenus
2990 4820 3071 4892 ait
3094 4836 3107 4873 :
3132 4823 3356 4892 ῖριετίαν
3377 4818 3717 4892 ὑποπιπτέτω,
3741 4814 3884 4892 (rfert:

2342 4894 2443 4945 m’o
2458 4890 2900 4962 substernatur.
2915 4890 3094 4945 Valde
3116 4883 3325 4962 dubito
3345 4904 3423 4945 an
3445 4903 3565 4943 non
3587 4883 3882 4962 praetert‘re?

2342 4976 2537 5015 annos
2603 4960 3023 5016 substrationis
3100 4960 3256 5016 alius
3320 4965 3475 5015 inter
3537 4952 3880 5013 consistentes

2344 5033 2727 5113 prtia-scriptu?
2774 5031 2968 5113 ῐρθτίί-
3022 5032 3111 5113 Si}?
3162 5032 3323 5113 enim
3354 5044 3531 5100 supra
3576 5033 3685 5113 “‘9?
3721 5029 3880 5113 53.9925,

2342 5094 2567 5179 irrogat
2589 5094 2956 5179 raptoribus,
2984 5104 3203 5173 quibus
3235 5094 3445 5157 tamen
3468 5111 3686 5179 canone
3721 5094 3879 5179 22]}?

2343 5160 2569 5228 demunt
2582 5160 2731 5228 {orni
2742 5160 3320 5245 catoribiisquatuor
3335 5186 3526 5227 annos
3538 5170 3611 5223 im
3622 5160 3877 5245 posuerat-

2415 5245 2527 5313 (99)
2561 5248 2735 5297 Πάντα
2761 5249 2846 5297 τὸν
2884 5243 3095 5315 χρόνονῖ
3159 5246 3250 5300 Sic
3308 5259 3448 5315 mss.
3498 5252 3736 5315 summo.
3763 5243 3878 5315 con:

2341 5304 2539 5370 sensu.
2596 5317 2686 5371 Sic
2719 5304 3211 5381 etiammlonaras,
3247 5314 3561 5369 Balsamon
3592 5313 3643 5381 et
3680 5304 3877 5378 Alexiu§

2340 5388 2667 5442 Aristenus.
2732 5386 2879 5443 Editi
2922 5402 3031 5458 pro
3076 5387 3168 5443 his
3200 5380 3461 5441 vocibus
3510 5380 3724 5437 habent
3755 5386 3877 5423 παντί

2337 5476 2531 5523 τροπῳ.
3482 5522 3485 5523 ν
3740 5514 3772 5523 ..
3841 5508 3850 5518 ι

2405 5478 2531 5511 οπο».
3841 5508 3850 5518 .

2369 5478 2491 5598 ρ(1)’
2516 5525 2858 5600 Ἐκδιὸοῦσα.
2890 5529 2983 5583 Sic
3003 5532 3453 5600 mss._quatuor_,
3475 5522 3628 5600 iique
3650 5514 3877 5600 meliorlf

2334 5590 2511 5656 notae.
2549 5601 2697 5655 Editi
2722 5598 2993 5671 νέκὸοῡσα.
3033 5590 3215 5657 Paulo
3264 5602 3399 5671 post
3425 5590 3632 5665 legitur
3674 5590 3730 5643 in
3775 5594 3875 5637 uno

2335 5671 2543 5728 codice
2567 5670 2800 5745 πεπαῤῥη
2811 5675 3090 5744 σιασμένῃ.
