4092 6210
467 292 571 345 735

1837 288 1872 343 S
1887 330 1900 342 .
1948 286 2192 343 BASlLll
2230 285 2451 344 MAGNI

3728 284 3835 340 736

469 426 571 468 eos
618 410 723 483 qui
768 424 889 466 una
920 424 1058 465 cum
1100 411 1203 467 tua
1241 409 1551 467 sanctitate
1594 413 1753 483 sunt,
1797 413 1853 467 et
1890 411 2116 467 clerum

2235 411 2398 470 κῦτοίς
2441 413 2594 461 τοῦτο
2644 410 2774 480 πρὸς
2812 411 2986 460 πᾶσαν
3035 406 3342 480 ἀσφάλειαν.
3379 406 3541 459 ’Ὥστε
3580 409 3675 458 καὶ
3713 410 3842 468 τοὺς

469 516 731 571 omnem,
767 498 1183 571 populumque
1213 499 1375 568 quia
1401 506 1455 555 te
1481 501 1763 572 pascitur,
1792 504 1849 556 et
1877 499 2118 569 religio-

468 589 737 644 sissimos
775 588 987 644 fratres
1020 595 1257 645 nostros
1288 605 1358 645 ac
1386 590 1831 644 comministros
1868 588 2117 659 dignare

468 683 672 733 nostro
697 678 944 733 nomine
967 677 1249 734 salutare.
1279 678 1577 733 Memoriae
1604 677 1936 734 beatissimi
1960 694 2118 734 mar-

469 766 616 837 tyris
649 766 969 838 Eupsycbii
1000 766 1368 835 memineris,
1408 782 1519 821 nec
1555 772 1860 839 exspectes
1900 771 1964 823 ut
1991 782 2119 823 mo-

468 869 649 910 neam
681 859 733 909 te
763 856 1017 910 iterum:
1058 870 1254 927 neque
1284 854 1389 910 des
1427 871 1676 927 operam
1711 859 1775 911 ut
1808 855 1888 913 ad
1916 855 2118 927 ipsum

469 943 871 1014 praestitutum
888 944 1047 999 diem
1068 944 1349 999 accedas:
1376 944 1481 999 sed
1502 948 1567 999 ut
1581 945 1742 1000 hunc
1762 945 2118 1016 praevenias,

469 1047 701 1104 nosque
715 1032 1031 1101 exhilares,
1045 1032 1092 1086 si
1111 1032 1294 1088 modo
1314 1032 1514 1088 adhuc
1529 1033 1590 1088 in
1612 1036 1769 1089 terra
1785 1048 2117 1090 versemur.

470 1120 709 1175 Interim
754 1121 961 1177 valens
1005 1122 1067 1177 in
1112 1122 1387 1188 Domino,
1433 1138 1505 1178 ac
1541 1138 1651 1195 pro
1696 1122 1873 1178 nobis
1912 1137 2111 1194 orans,

470 1208 720 1263 serveris
747 1209 923 1264 nobis
950 1213 1007 1265 et
1033 1210 1133 1265 Dei
1172 1209 1445 1265 Ecclesiis
1475 1210 1667 1265 sancti
1697 1210 1908 1279 gratia.

2229 504 2475 561 συνόντας
2524 506 2586 570 τῇ
2649 500 2889 555 όσιότητί
2939 517 3056 564 σου,
3107 502 3196 549 xui.
3245 499 3414 549 πάντα
3476 499 3565 548 τὸν
3619 495 3835 568 κλῆρον,

2225 594 2314 641 καὶ
2352 591 2438 639 τόν
2486 587 2607 638 λαόν
2660 590 2761 659 τὸμ
2807 588 2907 639 ὑπὸ
2961 594 3054 639 σοῦ
3096 591 3515 658 ποιμαινόμενον,
3568 588 3664 636 καὶ
3714 589 3837 646 τοὺς

2228 676 2651 748 θεοφιλεστάτους
2700 671 2949 747 ἀδελφοὺς
2999 677 3143 747 ἡμων
3192 676 3303 745 (17)
3346 680 3437 726 καὶ
3498 672 3835 746 συλλειτουρ-

2224 769 2349 837 γοὺς
2402 771 2701 839 προσειπεῖν
2752 763 2875 835 παρ’
2926 765 3070 835 ἡμῶν
3131 763 3475 825 καταξίωσον·
3545 769 3651 822 Τῆς
3707 766 3834 833 μνή-

2225 873 2329 927 μης
2375 860 2465 905 τοῦ
2501 854 2903 925 μακαριωτάτου
2944 855 3203 927 μάρτυρος
3244 852 3519 924 Εὑψυχίου
3571 854 3829 923 μέμνησο,

2226 947 2317 994 καὶ
2358 946 2429 1014 μὴ
2476 940 2749 1014 ἀναμεινῃς
2803 938 3042 1015 δευτέραν
3090 943 3403 1014 ὑπόμνησιν,
3454 935 3593 1012 μηδὲ
3640 938 3834 1013 ἐμπρόο

2230 1033 2417 1103 θεσμον
2467 1026 2783 1103 σπουδάσῃς
2819 1033 3151 1089 ποιήσασθαι
3196 1034 3290 1088 τὴν
3337 1028 3654 1093 ἀπάντησιν,
3708 1027 3839 1080 ἀλλὰ

2226 1118 2499 1194 προλαϐεῖν
2572 1124 2663 1171 καὶ
2721 1120 2967 1194 εὐφρᾶναι
3023 1121 3181 1191 ἡμᾶς,
3249 1117 3334 1171 ἐὰν
3408 1119 3513 1190 ἄρα
3572 1120 3652 1169 ἔτι
3704 1114 3836 1188 ὦμεν

2226 1206 2310 1261 ἐπὶ
2367 1217 2463 1269 τῆς
2499 1215 2613 1279 γῆς.
2667 1207 2797 1270 Ἕως
2844 1212 2959 1261 τότε
3012 1206 3292 1282 ἐρρωμένος
3321 1206 3372 1260 ἐν
3423 1209 3619 1279 Κυρίῳ,
3672 1205 3840 1279 ὑπερ-

474 1300 755 1369 ευχόμενος
786 1300 899 1365 (18)
931 1300 1097 1370 ἡμῶν,
1128 1295 1548 1371 διαφυλαχθείης
1588 1302 1712 1372 ἡμῖν
1741 1305 1831 1352 καὶ
1856 1305 1967 1361 ταῖς
1994 1305 2083 1352 τοῦ
2116 1304 2248 1352 Θεοῦ
2282 1298 2619 1360 Ἐκκλησιαις
2646 1299 2835 1373 χάριτι
2859 1304 2951 1349 τοῦ
2983 1295 3163 1369 ἁγίου.

1026 1440 1365 1497 EPISTOLA
1408 1442 1559 1499 CCI'.

2783 1444 3119 1493 ΕΠΙΣΤΟΛΗ
3158 1436 3271 1493 ΣΑΖ

614 1580 905 1638 Pluribus
924 1579 997 1637 de
1021 1581 1216 1638 causis
1246 1583 1535 1651 congredi
1559 1598 1693 1639 cum
1718 1581 2139 1652 Amphilochia
2166 1581 2442 1652 cupiebat
2472 1581 2777 1653 Basilius;
2808 1580 2912 1638 sed
2936 1597 3069 1637 cum
3100 1586 3423 1653 utrumque
3448 1578 3695 1637 morbus

1243 1654 1611 1724 detinuisset,
1644 1657 1877 1712 veniam
1902 1656 2054 1725 petit
2083 1656 2347 1712 Basilius
2377 1668 2449 1710 ac
2482 1656 2735 1711 vicissim
2768 1654 3060 1711 concedit.

812 1813 1253 1884 Amphilochia,
1284 1814 1478 1871 Iconii
1502 1814 1774 1884 episcopo

545 1936 738 1993 Multis
778 1937 854 1994 de
892 1938 1089 1995 causis
1136 1938 1322 2011 cupio
1364 1943 1564 1995 tecum
1612 1937 1917 2010 congredi,
1964 1940 2030 1993 ut
2067 1941 2124 1995 et

472 2028 529 2082 te
558 2026 901 2083 consiliario
923 2031 1056 2085 utar
1079 2027 1155 2083 de
1184 2028 1365 2083 rebus
1395 2044 1531 2100 quae
1562 2027 1623 2082 in
1654 2026 1935 2082 manibus
1963 2031 2122 2097 sunt,

473 2129 545 2169 ac
575 2116 823 2170 omnino
855 2121 919 2171 ut
948 2120 1001 2171 te
1038 2116 1222 2185 longo
1259 2116 1473 2171 videns
1502 2115 1814 2171 intervallo
1842 2115 2123 2172 solatium

472 2202 719 2274 aliquod
745 2204 1007 2259 habeam
1028 2204 1337 2261 absentiae.
1363 2204 1477 2260 Sed
1499 2220 1638 2259 cum
1662 2204 1875 2260 eadem
1896 2208 2125 2259 utrum-

470 2305 589 2362 que
623 2290 1022 2361 distinuerint,
1055 2296 1182 2347 tum
1220 2308 1357 2364 quae
1394 2291 1503 2348 tibi
1543 2292 1751 2348 incidit
1780 2291 2121 2358 inﬁrmitas,

471 2382 600 2433 tum
638 2393 775 2433 mea
814 2377 915 2433 illa
951 2380 1238 2435 vetustior
1288 2380 1616 2449 aegrotatio,
1667 2396 1795 2453 quae
1848 2379 2124 2435 nondum

470 2465 791 2533 abscessit;
828 2466 1068 2523 veniam
1097 2468 1357 2541 utrique,
1396 2468 1443 2523 si
1482 2468 1695 2540 placet,
1728 2472 1979 2540 uterque
2018 2468 2124 2523 de-

470 2570 629 2621 mus,
661 2559 726 2613 ut
761 2570 868 2628 per
904 2556 1309 2630 nosmetipsos
1348 2556 1591 2630 culpam
1625 2557 1885 2614 invicem
1924 2556 2124 2613 dimit-

473 2646 697 2701 tamus.

867 2789 1045 2861 299
1080 2790 1414 2847 EPISTOLA
1452 2790 1655 2847 CCII“.

2565 1812 2913 1886 Ἀμφιλοχίῳ,
2956 1812 3222 1885 ἐπισκοπῳ
3261 1817 3481 1866 Ικονιου.

2302 1936 2505 1990 Πολλῶν
2552 1938 2713 1990 ἕνεκεν
2761 1937 2996 2011 ἐπιθυμῶ
3028 1938 3139 2009 (19)
3173 1942 3453 2007 συντυχεῖν
3499 1953 3606 2002 σοι,
3638 1934 3723 1986 ἶνα
3746 1936 3843 1985 καὶ

2232 2024 2509 2099 συμϐούλῳ
2545 2031 2840 2101 χρήσωμαι
2886 2031 3007 2101 περὶ
3040 2035 3137 2080 τῶν
3187 2024 3236 2078 ἓν
3282 2030 3442 2099 χερσὶ
3487 2025 3838 2097 πραγμάτων,

2228 2121 2319 2167 καὶ
2350 2116 2495 2183 ὅλως,
2538 2117 2622 2168 ἶνα
2660 2112 2755 2168 διὰ
2792 2124 3006 2190 μαχροῶ
3049 2117 3358 2188 θεασάμενός
3392 2133 3467 2185 σε,
3514 2115 3624 2185 ἔχω
3666 2131 3843 2186 παρα-

2229 2206 2422 2277 μυθίαν
2469 2208 2585 2257 τινὰ
2634 2213 2731 2266 τῆς
2793 2204 3129 2277 ἀπολείψεως.
3196 2200 3406 2263 Ἐπειδή
3469 2200 3529 2256 δε
3582 2204 3649 2255 τὰ
3701 2203 3843 2255 αὐτὰ

2232 2292 2548 2367 ἀμφοτέρους
2612 2292 2853 2366 ἐπέσχεν,
2910 2297 2940 2353 ἦ
2994 2313 3048 2346 τε
3098 2295 3216 2366 ὑμῖν
3268 2290 3521 2365 συμϐᾶσα
3571 2289 3838 2357 ἀσθένεια,

2230 2382 2320 2433 καὶ
2375 2384 2405 2440 ἠ
2469 2381 2787 2455 παλαιοτέρα
2848 2385 2992 2455 ἡμῶν
3060 2381 3349 2456 ἀρρωστία,
3409 2386 3567 2453 μήπω
3633 2378 3840 2432 ἀπολεί-

2228 2469 2400 2540 ψασα,
2452 2467 2764 2546 ἀμφοτέροις
2809 2467 2978 2543 δῶμεν
3026 2476 3374 2542 συγγπώμην,
3416 2470 3459 2521 εἰ
3498 2468 3699 2541 βούλει,
3741 2466 3840 2539 ἀμ-

2230 2562 2454 2631 φότεροι.
2502 2559 2637 2611 ὥστε
2671 2556 2744 2613 δι’
2776 2559 2968 2613 ἑαυτῶν
3012 2558 3264 2620 ἀλλήλους
3306 2557 3506 2631 ἀφεῖναι
3535 2564 3629 2611 τοῦ
3655 2555 3842 2629 ἐγχλὴ-

2231 2666 2365 2720 ματο
2376 2668 2418 2711 ς.

2862 2795 3199 2847 ΕΠΙΣΤΟΛΠ
3238 2792 3344 2848 ΣΒ’.

526 2931 790 2989 Basilius
817 2932 1013 2990 morbi
1041 2934 1310 3006 reliquiis
1340 2933 1613 2989 detentus
1637 2930 2128 3002 Amphilochium
2156 2937 2352 3002 rogat,
2378 2940 2445 2989 ut
2466 2934 2731 3004 synodus
2761 2935 3088 3005 differatur
3116 2937 3177 2993 in
3206 2950 3429 3006 paucos
3453 2934 3613 2992 dies:
3649 2938 3781 3002 aut,

1267 3007 1319 3061 si
1346 3012 1564 3076 urgent
1594 3006 1854 3076 negotia,
1888 3006 2011 3074 ipse
2044 3009 2332 3074 tanquam
2357 3020 2627 3075 praesens
2656 3015 3027 3064 numeretur.

780 3164 1224 3236 Amphilochia,
1257 3164 1450 3221 Iconii
1477 3164 1776 3233 episcopo.

544 3291 610 3347 Et
634 3289 781 3346 alias
810 3290 1058 3362 quidem
1090 3306 1201 3363 pro
1230 3305 1456 3361 magno
1496 3292 1781 3347 ducerem
1812 3306 1952 3346 cum
1982 3304 2122 3360 gra-

471 3378 653 3434 vitate
681 3382 785 3435 tua
814 3380 1119 3449 congredi,
1155 3380 1261 3436 sed
1298 3396 1461 3437 nunc
1504 3380 1790 3446 maxime,
1822 3396 1961 3435 cum
1992 3377 2126 3435 talis

476 3467 553 3523 sit
590 3468 990 3524 conveniendi
1030 3485 1235 3526 causa.
1278 3470 1392 3525 Sed
1430 3469 1572 3541 quia
1618 3468 1880 3541 reliquiae
1929 3467 2127 3524 morbi

474 3555 593 3612 mei
620 3555 769 3611 tales
795 3560 955 3627 sunt,
986 3561 1050 3613 ut
1077 3573 1152 3612 ne
1182 3559 1505 3613 minimum
1534 3558 1782 3630 quidem
1813 3557 1961 3612 mihi
1992 3573 2125 3613 mo-

471 3649 602 3701 tum
644 3646 1007 3717 permittant,
1040 3647 1267 3719 quippe
1308 3647 1433 3719 qui,
1474 3652 1799 3719 postquam
1839 3662 2020 3702 curru
2047 3646 2126 3703 ad

473 3740 771 3806 martyres
825 3752 1017 3810 usque
1064 3737 1365 3810 profectus
1414 3754 1570 3807 sum,
1630 3753 1839 3793 rursus
1890 3737 2011 3793 fere
2065 3737 2125 3792 in

474 3826 757 3881 eumdem
785 3826 1099 3883 reciderim
1129 3826 1411 3883 morbum
1437 3844 1450 3895 ;
1480 3827 1617 3883 ideo
1643 3827 1881 3883 veniam
1910 3826 2057 3882 mihi
2084 3842 2120 3882 a

472 3914 647 3969 vobis
676 3914 806 3970 dari
836 3930 1079 3971 necesse
1109 3921 1218 3971 est.
1255 3916 1426 3982 Quod
1457 3917 1507 3970 si
1538 3916 1665 3971 ﬁeri
1696 3922 1890 3987 potest
1922 3920 1988 3971 ut
2024 3931 2120 3971 res

475 4001 539 4055 in
564 4016 794 4071 paucos
821 4001 949 4056 dies
975 4002 1303 4073 differatur,
1336 4008 1392 4058 et
1421 4004 1605 4059 adero
1634 4005 1971 4067 vobiscum,
2008 4006 2126 4059 Deo

475 4088 784 4157 largiente,
838 4093 896 4145 et
955 4090 1385 4147 sollicitudines
1440 4093 1691 4163 partiar.
1760 4093 1860 4150 Sin
1925 4097 2129 4149 autem

477 4182 692 4249 urgent
726 4178 989 4248 negotia,
1024 4181 1308 4251 peragite,
1355 4182 1472 4236 Deo
1503 4181 1849 4252 adjuvante,
1891 4197 2028 4252 quae
2067 4182 2128 4236 in

478 4266 765 4323 manibus
829 4272 1003 4323 sunt:
1064 4283 1160 4323 me
1212 4271 1413 4325 autem
1466 4269 1619 4325 inter
1671 4286 1782 4325 vos
1838 4276 2129 4343 tanquam

478 4360 859 4428 praesentem,
916 4360 973 4412 et
1022 4371 1253 4424 eorum,
1306 4372 1444 4429 quas
1490 4357 1776 4430 praeclare
1827 4364 2125 4429 gerentur,

480 4445 711 4500 socium
766 4449 1183 4502 annumerate.
1246 4446 1441 4501 Sanus
1504 4451 1559 4502 et
1613 4447 1674 4502 in
1732 4448 1985 4504 Domino
2028 4447 2129 4502 lae-

479 4535 595 4597 tus,
637 4540 690 4590 et
731 4549 840 4606 pro
877 4549 975 4590 me
1017 4548 1197 4591 orans
1241 4534 1492 4591 serveris
1533 4536 1632 4591 Dei
1676 4535 1947 4593 Ecclesiae
1988 4552 2129 4593 san-

481 4623 558 4678 cti
586 4621 793 4693 gratia.

553 4797 765 4872 {Alias
788 4801 943 4872 CCII.
978 4799 1208 4872 Scripta
1235 4815 1396 4857 anno
1417 4806 1542 4859 375.

552 4868 597 4945 ξ’
618 4868 1124 4945 Ali_as_(_]CCXCVl.'
1154 4873 1397 4945 Scripta
1417 4889 1579 4929 anno
1611 4878 1734 4931 375.

556 4940 667 5010 (ίῖ)
702 4938 980 5017 ῘΑδελφρμὺς
1011 4944 1177 5017 ἡμῶν.
1211 4938 1319 5001 Pro
1344 4944 1436 5000 his
1469 4946 1718 5002 vocibus
1738 4944 1951 5017 legitur
1972 4946 2125 4999 ἐπισ-

482 5014 676 5089 εεὸπους
705 5013 765 5067 in
794 5012 1000 5089 codice
1032 5012 1518 5089 Claromontano.
1558 5021 1780 5089 Revera
1799 5012 2128 5089 'episcopos

482 5082 759 5161 designat
800 5084 1047 5161 Basilius
1074 5103 1101 5161 ;_
1129 5087 1235 5141 sed
1280 5087 1408 5161 haec
1453 5088 1749 5161 scriptura
1787 5104 1817 5144 e
1846 5082 2126 5160 'marg'ine

481 5153 714 5228 videtur
742 5154 801 5209 in
833 5160 1058 5210 textum
1088 5156 1424 5228 irrepsisse.

553 5226 663 5309 (ιβ)
697 5232 1136 5308 Υπερευχὸμενος.
1175 5226 1335 5309 Hanc
1373 5243 1621 5309 vocem,
1651 5244 1787 5309 quae.
1826 5228 2029 5286 deerat
2065 5228 2127 5285 in

483 5295 674 5361 editis,
699 5295 1037 5368 reperimus
1062 5298 1123 5351 in
1148 5302 1283 5352 octo
1315 5314 1458 5353 mss.
1492 5295 1826 5355 codicibus.

553 5368 665 5439 (19)
696 5367 983 5439 Ἐπιθυμῶ.
1016 5370 1144 5424 Vat.
1172 5367 1476 5439 ἐπεθύμουν.

554 5438 662 5516 (29)
708 5438 889 5513 Μέχρι
926 5447 1024 5491 τῶν
1074 5438 1367 5516 μαρτύρων.
1422 5439 1671 5516 Conjicit
1726 5440 2129 5516 Tillemontius

484 5506 763 5565 Basilium
786 5506 972 5565 curru
996 5506 1436 5565 vectum'fuisse
1463 5506 1910 5567 ad'Memoriam
1935 5515 1991 5569 S.
2019 5516 2127 5569 Eu-

481 5576 737 5646 psychii.
768 5580 884 5637 Sed
912 5595 1037 5637 non
1065 5579 1370 5653 quadrent
1396 5585 1693 5654 tempora.
1720 5583 1947 5655 Scripta
1966 5585 2127 5640 enim

2580 3166 2930 3240 Ἀμφιλοχίῳ,
2962 3166 3229 3240 ὶπισκόπῳ
3265 3171 3482 3221 Ικονίου.

2306 3292 2406 3343 Καὶ
2444 3288 2609 3353 ἄλλως
2638 3296 2728 3364 μέν
2771 3311 2861 3345 ποι
2906 3292 3099 3346 πολλοῦ
3143 3292 3287 3355 ἄξιον
3328 3295 3386 3345 τὸ
3447 3310 3841 3363 συντυγχανειν

2232 3388 2291 3453 τῇ
2346 3386 2623 3453 σεμνότητι
2666 3401 2780 3449 σου,
2821 3389 2909 3434 νῦν
2959 3379 3018 3435 δὲ
3062 3388 3151 3435 καὶ
3190 3382 3441 3455 μάλιστα,
3473 3382 3555 3434 ὅτε
3599 3385 3839 3433 τοιοῦτόν

2235 3468 2351 3521 ἔστι
2379 3473 2437 3521 τὸ
2479 3472 2701 3542 συνάγον
2747 3473 2886 3543 ἡμᾶς
2930 3478 3169 3546 πρᾶγμα.
3217 3471 3353 3524 Ἀλλ’
3398 3466 3580 3528 ἐπειδὴ
3631 3473 3701 3522 τὰ
3739 3470 3841 3521 λεί-

2233 3556 2376 3627 ψανα
2404 3566 2499 3620 τῆς
2547 3558 2840 3633 ἀρρωστίας
2869 3579 2969 3633 μου
3001 3568 3239 3631 τοιαῦτα,
3283 3563 3353 3622 ὡς
3391 3556 3531 3631 μηδὲ
3574 3563 3671 3617 τὴν
3707 3558 3842 3632 βρα-

2234 3649 2475 3716 χυτάτην
2500 3667 2589 3719 μοι
2620 3653 2825 3705 κίνησιν
2863 3657 3182 3721 συγχωρεῖν,
3224 3650 3277 3711 ὃς
3307 3667 3385 3720 γε,
3417 3650 3500 3698 ἶνα
3527 3651 3623 3704 τὴν
3671 3652 3840 3720 μέχρι

2232 3744 2331 3787 τῶν
2389 3739 2667 3810 μαρτύρων
2717 3740 2827 3808 (20)
2876 3734 2997 3790 ὁδόν
3070 3740 3309 3809 ὀχήματι
3370 3738 3630 3808 πορευθῶ,
3680 3736 3841 3788 πάλιν

2233 3833 2423 3899 μικροῦ
2479 3830 2609 3899 πρὸς
2665 3830 2759 3884 τὴν
2812 3829 2971 3885 αὐτὴν
3031 3826 3331 3901 ὑπέστρεψα
3394 3830 3567 3896 νόσον,
3631 3824 3835 3896 ἀνάγκη

2234 3921 2547 3987 συγγνώμης
2589 3922 2773 3985 τυχεῖν
2831 3914 2954 3989 παρ’
3007 3916 3169 3987 ὑμῶν·
3229 3914 3334 3968 Κάν
3387 3918 3475 3987 μὲν
3614 3911 3839 3966 δυνατόν

2235 4004 2578 4078 ὑπερτεθῆναι
2611 4007 2669 4055 τό
2704 4010 2924 4077 πρᾶγμα
2966 4003 3167 4075 ὁλιγαις
3198 4010 3411 4077 ὕστερον
3455 4006 3698 4076 ἡμέραις,
3743 4008 3835 4055 καὶ

2240 4097 2524 4165 συνέσομαι
2568 4095 2689 4164 ὑμῖν
2735 4101 2797 4164 τῇ
2847 4099 2937 4144 τοῦ
2967 4100 3100 4145 Θεοῦ
3148 4112 3357 4165 χαριτι,
3398 4096 3486 4143 xui.
3532 4096 3836 4149 κοινωνήσω

2236 4189 2335 4232 τῶν
2393 4177 2702 4255 φροντίδων.
2757 4181 2873 4234 Ἐὰν
2932 4178 2990 4233 δὲ
3050 4179 3225 4253 ἐπείγῃ
3276 4185 3342 4233 τὰ
3400 4177 3833 4252 σπουδαζόμενα,

2236 4270 2469 4344 πράξατε
2516 4274 2604 4342 μὲν
2656 4277 2718 4342 τῇ
2774 4278 2866 4322 τοῦ
2923 4275 3049 4323 Θεοῦ
3114 4274 3361 4342 συνεργίᾳ
3415 4272 3481 4321 τὰ
3538 4269 3585 4321 ἐν
3648 4288 3835 4341 χερσι-

2240 4362 2665 4435 συναριθμήσατε
2714 4356 2775 4412 δέ
2816 4379 2879 4432 με
2926 4360 3149 4424 ἑαυτοῖς,
3194 4362 3262 4421 ὡς
3298 4364 3552 4433 παρόντα,
3595 4364 3687 4411 καὶ
3734 4366 3835 4411 τῶν

2238 4449 2403 4510 καλῶς
2471 4453 2749 4521 γινομένων
2818 4454 3281 4522 συνεφαπτόμενον.
3357 4448 3678 4523 Ἐῤῥωμενός
3746 4451 3833 4499 καὶ

2238 4538 2462 4611 εὔθυμος
2514 4539 2561 4591 ἐν
2612 4543 2806 4611 Κυρίῳ,
2862 4539 3273 4611 ὑπερευχόμενός
3331 4558 3453 4610 μου,
3510 4538 3840 4611 φυλαχθείης

2241 4636 2302 4701 τῇ
2338 4635 2428 4680 τοῦ
2455 4632 2581 4681 Θεοῦ
2606 4627 2892 4699 Ἐκκλησία
2916 4629 3105 4700 χάριτι
3135 4634 3227 4679 τοὺ
3259 4627 3433 4699 ἁγίου.

2235 4805 2364 4861 haec
2381 4805 2735 4879 epistolaest
2750 4805 2939 4879 multo
2957 4808 3091 4879 ante
3108 4821 3380 4879 mensem
3394 4806 3841 4879 Septembrem,

2235 4893 2359 4947 quo
2389 4876 2594 4949 mense
2620 4876 2747 4931 dies
2776 4876 2962 4931 festus
2994 4878 3047 4933 S.
3085 4876 3403 4949 Eupsychii
3435 4876 3834 4933 récolebatur.

2235 4948 2423 5004 Multte
2449 4948 2779 5020 aliteerant
2808 4953 3145 5020 martyrum
3187 4948 3479 5005 memoriae
3500 4964 3691 5020 prope
3724 4950 3840 5004 Ca:-

2236 5035 2494 5086 saream,
2512 5018 2671 5074 velut
2698 5022 2753 5074 S.
2774 5018 2986 5074 Julittae
3004 5024 3061 5075 et
3093 5021 3149 5075 S.
3180 5020 3399 5091 Gordii,
3417 5018 3563 5075 tom.
3590 5018 3659 5089 ll,
3682 5036 3744 5091 p.
3769 5023 3840 5076 34

2236 5095 2293 5145 et
2326 5091 2447 5162 141.
2480 5093 2760 5162 Neutrum
2790 5095 2994 5162 tamen
3018 5106 3053 5144 θ.
3084 5090 3296 5162 Basilio
3322 5091 3625 5160 designari
3654 5090 3837 5162 puto;

2235 5161 2381 5231 quia
2396 5161 2702 5231 utriusque
2719 5161 3165 5215 anniversarios
3182 5160 3308 5216 dies
3326 5177 3533 5217 mense
3548 5160 3840 5219 Januario

2235 5230 2488 5303 redibat.
2512 5230 2623 5286 Sed
2644 5233 2889 5286 minime
2912 5231 3164 5286 dubium
3182 5233 3325 5303 quin
3347 5233 3547 5303 plures
3565 5233 3715 5289 alios
3735 5234 3843 5290 ba-

2236 5300 2434 5378 buerit
2457 5300 3272 5378 C_aesarea..NamAGregor_ius
3298 5300 3599 5378 Nj'ssenus
3630 5305 3691 5360 in
3709 5307 3843 5378 epi-

2236 5372 2388 5428 stola
2401 5374 2474 5428 de
2491 5372 2680 5449 iisqui
2695 5372 2920 5449 adeunt
2934 5372 3361 5449 Hierosolyma,
3376 5375 3614 5449 declare
3629 5382 3645 5431 ι
3662 5372 3845 5449 plura

2234 5444 2679 5515 propemodum
2700 5460 2828 5518 esse
2846 5444 3054 5499 altaria
3070 5446 3129 5500 in
3149 5444 3554 5518 Cappadocia,
3569 5444 3761 5518 quam
3781 5449 3846 5504 in

2235 5514 2365 5571 toto
2386 5520 2679 5572 terrarum
2706 5514 2871 5578 orbe,
2906 5519 3049 5572 tom.
3082 5518 3173 5573 ΙΙΙ.
3203 5514 3419 5589 [ii—653.
