  <div class='ocr_page' id='page_1' title='image "/cluster/home/n/w/nwhite01/storage/ocr_20150623/32/hvd.32044048207401/376.png"; bbox 0 0 4062 6214; ppageno 0'>
   <div class='ocr_carea' id='block_1_1' title="bbox 269 175 1834 284">
    <p class='ocr_par' dir='ltr' id='par_1_1' title="bbox 269 219 1834 284">
     <span class='ocr_line' id='line_1_1' title="bbox 269 219 1834 284; baseline -0.006 -2"><span class='ocrx_word' id='word_1_1' title='bbox 269 219 342 284; x_wconf 71' lang='grc'>741</span> <span class='ocrx_word' id='word_1_2' title='bbox 1210 223 1689 281; x_wconf 79' lang='lat' dir='ltr'>EPISTOLARUM</span> <span class='ocrx_word' id='word_1_3' title='bbox 1726 219 1834 274; x_wconf 63' lang='lat' dir='ltr'>CLI</span> 
     </span>
    </p>
   </div>
   <div class='ocr_carea' id='block_1_2' title="bbox 1946 175 2587 284">
    <p class='ocr_par' dir='ltr' id='par_1_2' title="bbox 1946 203 2587 281">
     <span class='ocr_line' id='line_1_2' title="bbox 1946 203 2587 281; baseline 0.006 -9"><span class='ocrx_word' id='word_1_4' title='bbox 1946 203 2006 274; x_wconf 81' lang='lat' dir='ltr'>is</span> <span class='ocrx_word' id='word_1_5' title='bbox 2043 219 2110 276; x_wconf 77' lang='grc' dir='ltr'>ιι.</span> <span class='ocrx_word' id='word_1_6' title='bbox 2151 221 2366 278; x_wconf 84' lang='lat' dir='ltr'>EPIST.</span> <span class='ocrx_word' id='word_1_7' title='bbox 2408 213 2587 281; x_wconf 85' lang='lat' dir='ltr'>Ccm.</span> 
     </span>
    </p>
   </div>
   <div class='ocr_carea' id='block_1_3' title="bbox 3471 229 3591 288">
    <p class='ocr_par' dir='ltr' id='par_1_3' title="bbox 3471 229 3591 288">
     <span class='ocr_line' id='line_1_3' title="bbox 3471 229 3591 288; baseline 0.017 -2"><span class='ocrx_word' id='word_1_8' title='bbox 3471 229 3591 288; x_wconf 72' lang='grc'>742</span> 
     </span>
    </p>
   </div>
   <div class='ocr_carea' id='block_1_4' title="bbox 266 339 1834 424">
    <p class='ocr_par' dir='ltr' id='par_1_4' title="bbox 266 339 1824 424">
     <span class='ocr_line' id='line_1_4' title="bbox 266 339 1824 424; baseline -0.006 -20"><span class='ocrx_word' id='word_1_9' title='bbox 266 353 373 424; x_wconf 66' lang='grc' dir='ltr'>ἡμᾶς</span> <span class='ocrx_word' id='word_1_10' title='bbox 398 348 635 410; x_wconf 78' lang='grc' dir='ltr'>διάϐολος</span> <span class='ocrx_word' id='word_1_11' title='bbox 666 349 821 411; x_wconf 81' lang='grc' dir='ltr'>ἔστω,</span> <span class='ocrx_word' id='word_1_12' title='bbox 861 344 990 398; x_wconf 84' lang='grc' dir='ltr'>ἀλλά</span> <span class='ocrx_word' id='word_1_13' title='bbox 1027 352 1340 422; x_wconf 68' lang='grc' dir='ltr'>κατήγορος</span> <span class='ocrx_word' id='word_1_14' title='bbox 1375 347 1565 418; x_wconf 79' lang='grc' dir='ltr'>μᾶλλον</span> <span class='ocrx_word' id='word_1_15' title='bbox 1597 342 1656 397; x_wconf 72' lang='grc' dir='ltr'>δὲ</span> <span class='ocrx_word' id='word_1_16' title='bbox 1686 339 1824 416; x_wconf 71' lang='grc' dir='ltr'>μηδὲ</span> 
     </span>
    </p>
   </div>
   <div class='ocr_carea' id='block_1_5' title="bbox 1946 339 3597 424">
    <p class='ocr_par' dir='ltr' id='par_1_5' title="bbox 1946 347 3597 420">
     <span class='ocr_line' id='line_1_5' title="bbox 1946 347 3597 420; baseline 0.008 -25"><span class='ocrx_word' id='word_1_17' title='bbox 1946 356 2131 414; x_wconf 80' lang='lat' dir='ltr'>neque</span> <span class='ocrx_word' id='word_1_18' title='bbox 2161 347 2529 403; x_wconf 83' lang='lat' dir='ltr'>accusatoris</span> <span class='ocrx_word' id='word_1_19' title='bbox 2567 347 2822 420; x_wconf 89' lang='lat' dir='ltr'>accipiat</span> <span class='ocrx_word' id='word_1_20' title='bbox 2859 363 3106 418; x_wconf 87' lang='lat' dir='ltr'>nomen,</span> <span class='ocrx_word' id='word_1_21' title='bbox 3155 350 3264 406; x_wconf 91' lang='lat' dir='ltr'>sed</span> <span class='ocrx_word' id='word_1_22' title='bbox 3309 351 3492 410; x_wconf 81' lang='lat' dir='ltr'>frater</span> <span class='ocrx_word' id='word_1_23' title='bbox 3521 354 3597 410; x_wconf 88' lang='lat' dir='ltr'>sit</span> 
     </span>
    </p>
   </div>
   <div class='ocr_carea' id='block_1_6' title="bbox 263 431 1824 510">
    <p class='ocr_par' dir='ltr' id='par_1_6' title="bbox 263 431 1824 510">
     <span class='ocr_line' id='line_1_6' title="bbox 263 431 1824 510; baseline -0.006 -17"><span class='ocrx_word' id='word_1_24' title='bbox 263 444 311 493; x_wconf 81' lang='grc' dir='ltr'>τὸ</span> <span class='ocrx_word' id='word_1_25' title='bbox 344 448 421 492; x_wconf 83' lang='grc' dir='ltr'>τοῦ</span> <span class='ocrx_word' id='word_1_26' title='bbox 467 440 763 510; x_wconf 69' lang='grc' dir='ltr'>κατηγόρου</span> <span class='ocrx_word' id='word_1_27' title='bbox 793 431 1037 506; x_wconf 82' lang='grc' dir='ltr'>δεχέσθω</span> <span class='ocrx_word' id='word_1_28' title='bbox 1064 440 1259 509; x_wconf 82' lang='grc' dir='ltr'>ὄνωμα,</span> <span class='ocrx_word' id='word_1_29' title='bbox 1302 435 1407 488; x_wconf 79' lang='grc' dir='ltr'>ἀλλ’</span> <span class='ocrx_word' id='word_1_30' title='bbox 1443 432 1664 507; x_wconf 71' lang='grc' dir='ltr'>ἀδελφὸς</span> <span class='ocrx_word' id='word_1_31' title='bbox 1693 434 1824 485; x_wconf 81' lang='grc' dir='ltr'>ἔστω</span> 
     </span>
    </p>
   </div>
   <div class='ocr_carea' id='block_1_7' title="bbox 262 522 1824 600">
    <p class='ocr_par' dir='ltr' id='par_1_7' title="bbox 262 522 1824 600">
     <span class='ocr_line' id='line_1_7' title="bbox 262 522 1824 600; baseline -0.006 -19"><span class='ocrx_word' id='word_1_32' title='bbox 262 531 306 582; x_wconf 76' lang='grc' dir='ltr'>ἐν</span> <span class='ocrx_word' id='word_1_33' title='bbox 344 528 503 600; x_wconf 70' lang='grc' dir='ltr'>ἀγάπη</span> <span class='ocrx_word' id='word_1_34' title='bbox 551 527 823 591; x_wconf 78' lang='grc' dir='ltr'>νουθετῶν,</span> <span class='ocrx_word' id='word_1_35' title='bbox 873 529 964 576; x_wconf 85' lang='grc' dir='ltr'>καὶ</span> <span class='ocrx_word' id='word_1_36' title='bbox 1013 525 1098 576; x_wconf 82' lang='grc' dir='ltr'>ἐπὶ</span> <span class='ocrx_word' id='word_1_37' title='bbox 1149 522 1431 600; x_wconf 75' lang='grc' dir='ltr'>διορθώσει</span> <span class='ocrx_word' id='word_1_38' title='bbox 1485 524 1690 595; x_wconf 72' lang='grc' dir='ltr'>ἐπάγων</span> <span class='ocrx_word' id='word_1_39' title='bbox 1739 525 1824 573; x_wconf 85' lang='grc' dir='ltr'>τὸν</span> 
     </span>
    </p>
   </div>
   <div class='ocr_carea' id='block_1_8' title="bbox 259 611 1825 689">
    <p class='ocr_par' dir='ltr' id='par_1_8' title="bbox 259 611 1825 689">
     <span class='ocr_line' id='line_1_8' title="bbox 259 611 1825 689; baseline -0.006 -18"><span class='ocrx_word' id='word_1_40' title='bbox 259 619 458 689; x_wconf 75' lang='grc' dir='ltr'>ἔλεγχον·</span> <span class='ocrx_word' id='word_1_41' title='bbox 488 621 618 689; x_wconf 78' lang='grc' dir='ltr'>μήτε</span> <span class='ocrx_word' id='word_1_42' title='bbox 647 617 794 686; x_wconf 75' lang='grc' dir='ltr'>ὑμεῖς</span> <span class='ocrx_word' id='word_1_43' title='bbox 822 611 1098 686; x_wconf 83' lang='grc' dir='ltr'>λοιδοριῶν</span> <span class='ocrx_word' id='word_1_44' title='bbox 1127 616 1346 686; x_wconf 71' lang='grc' dir='ltr'>γένησθε</span> <span class='ocrx_word' id='word_1_45' title='bbox 1391 616 1506 684; x_wconf 72' lang='lat'>(35)</span> <span class='ocrx_word' id='word_1_46' title='bbox 1548 612 1825 688; x_wconf 79' lang='grc' dir='ltr'>ἀκροαταὶ,</span> 
     </span>
    </p>
   </div>
   <div class='ocr_carea' id='block_1_9' title="bbox 262 699 1829 777">
    <p class='ocr_par' dir='ltr' id='par_1_9' title="bbox 262 699 1829 777">
     <span class='ocr_line' id='line_1_9' title="bbox 262 699 1829 777; baseline -0.004 -19"><span class='ocrx_word' id='word_1_47' title='bbox 262 707 352 759; x_wconf 84' lang='grc' dir='ltr'>αλλ’</span> <span class='ocrx_word' id='word_1_48' title='bbox 373 706 588 777; x_wconf 74' lang='grc' dir='ltr'>ἐλέγχων</span> <span class='ocrx_word' id='word_1_49' title='bbox 613 699 957 774; x_wconf 86' lang='grc' dir='ltr'>δοκιμασταί·</span> <span class='ocrx_word' id='word_1_50' title='bbox 981 707 1112 774; x_wconf 79' lang='grc' dir='ltr'>μήτε</span> <span class='ocrx_word' id='word_1_51' title='bbox 1135 704 1285 775; x_wconf 74' lang='grc' dir='ltr'>ἡμεῖς</span> <span class='ocrx_word' id='word_1_52' title='bbox 1315 701 1639 774; x_wconf 79' lang='grc' dir='ltr'>ἀνιάτρευτοι</span> <span class='ocrx_word' id='word_1_53' title='bbox 1669 721 1829 752; x_wconf 85' lang='grc' dir='ltr'>κατα-</span> 
     </span>
    </p>
   </div>
   <div class='ocr_carea' id='block_1_10' title="bbox 259 791 1826 868">
    <p class='ocr_par' dir='ltr' id='par_1_10' title="bbox 259 791 1826 868">
     <span class='ocr_line' id='line_1_10' title="bbox 259 791 1826 868; baseline -0.003 -22"><span class='ocrx_word' id='word_1_54' title='bbox 259 795 532 868; x_wconf 70' lang='grc' dir='ltr'>λειφθῶμεν,</span> <span class='ocrx_word' id='word_1_55' title='bbox 569 796 637 864; x_wconf 76' lang='grc' dir='ltr'>μὴ</span> <span class='ocrx_word' id='word_1_56' title='bbox 669 795 1046 866; x_wconf 70' lang='grc' dir='ltr'>φανερουμένης</span> <span class='ocrx_word' id='word_1_57' title='bbox 1069 793 1195 863; x_wconf 78' lang='grc' dir='ltr'>ἡμῖν</span> <span class='ocrx_word' id='word_1_58' title='bbox 1224 800 1321 853; x_wconf 74' lang='grc' dir='ltr'>τῆς</span> <span class='ocrx_word' id='word_1_59' title='bbox 1367 791 1627 864; x_wconf 77' lang='grc' dir='ltr'>ἁμαρτιας</span> <span class='ocrx_word' id='word_1_60' title='bbox 1659 792 1826 862; x_wconf 78' lang='grc' dir='ltr'>ἡμῶν.</span> 
     </span>
    </p>
   </div>
   <div class='ocr_carea' id='block_1_11' title="bbox 320 913 1831 990">
    <p class='ocr_par' dir='ltr' id='par_1_11' title="bbox 320 913 1831 990">
     <span class='ocr_line' id='line_1_11' title="bbox 320 913 1831 990; baseline -0.005 -18"><span class='ocrx_word' id='word_1_61' title='bbox 320 923 363 976; x_wconf 86' lang='grc'><strong>3.</strong></span> <span class='ocrx_word' id='word_1_62' title='bbox 391 923 470 976; x_wconf 77' lang='grc' dir='ltr'>Μὴ</span> <span class='ocrx_word' id='word_1_63' title='bbox 507 919 608 990; x_wconf 74' lang='grc' dir='ltr'>γὰρ</span> <span class='ocrx_word' id='word_1_64' title='bbox 652 913 840 976; x_wconf 85' lang='grc' dir='ltr'>ἐκεῖνος</span> <span class='ocrx_word' id='word_1_65' title='bbox 883 917 1014 988; x_wconf 79' lang='grc' dir='ltr'>ὑμᾶς</span> <span class='ocrx_word' id='word_1_66' title='bbox 1064 916 1090 966; x_wconf 88' lang='grc' dir='ltr'><strong>ὁ</strong></span> <span class='ocrx_word' id='word_1_67' title='bbox 1137 915 1383 988; x_wconf 83' lang='grc' dir='ltr'>λοθισμὸς</span> <span class='ocrx_word' id='word_1_68' title='bbox 1429 918 1715 986; x_wconf 79' lang='grc' dir='ltr'>κατεχέτω,</span> <span class='ocrx_word' id='word_1_69' title='bbox 1749 916 1831 966; x_wconf 87' lang='grc' dir='ltr'>ὅτι</span> 
     </span>
    </p>
   </div>
   <div class='ocr_carea' id='block_1_12' title="bbox 256 1003 1830 1080">
    <p class='ocr_par' dir='ltr' id='par_1_12' title="bbox 256 1003 1830 1080">
     <span class='ocr_line' id='line_1_12' title="bbox 256 1003 1830 1080; baseline -0.003 -20"><span class='ocrx_word' id='word_1_70' title='bbox 256 1010 300 1060; x_wconf 84' lang='grc' dir='ltr'>οἱ</span> <span class='ocrx_word' id='word_1_71' title='bbox 339 1012 419 1065; x_wconf 75' lang='grc' dir='ltr'>τὴν</span> <span class='ocrx_word' id='word_1_72' title='bbox 466 1004 722 1080; x_wconf 87' lang='grc' dir='ltr'>παραλίαν</span> <span class='ocrx_word' id='word_1_73' title='bbox 773 1004 1028 1066; x_wconf 80' lang='grc' dir='ltr'>οἰκοῦντες</span> <span class='ocrx_word' id='word_1_74' title='bbox 1069 1005 1164 1066; x_wconf 84' lang='grc' dir='ltr'>ἔξω</span> <span class='ocrx_word' id='word_1_75' title='bbox 1194 1003 1346 1076; x_wconf 77' lang='grc' dir='ltr'>ἐσμὲν</span> <span class='ocrx_word' id='word_1_76' title='bbox 1376 1013 1468 1057; x_wconf 77' lang='grc' dir='ltr'>τοῦ</span> <span class='ocrx_word' id='word_1_77' title='bbox 1497 1006 1698 1065; x_wconf 79' lang='grc' dir='ltr'>πάθους</span> <span class='ocrx_word' id='word_1_78' title='bbox 1728 1011 1830 1056; x_wconf 85' lang='grc' dir='ltr'>τῶν</span> 
     </span>
    </p>
   </div>
   <div class='ocr_carea' id='block_1_13' title="bbox 254 1089 1830 1168">
    <p class='ocr_par' dir='ltr' id='par_1_13' title="bbox 254 1089 1830 1168">
     <span class='ocr_line' id='line_1_13' title="bbox 254 1089 1830 1168; baseline -0.003 -20"><span class='ocrx_word' id='word_1_79' title='bbox 254 1095 445 1164; x_wconf 85' lang='grc' dir='ltr'>πολλῶν,</span> <span class='ocrx_word' id='word_1_80' title='bbox 498 1100 587 1146; x_wconf 71' lang='grc' dir='ltr'>καὶ⁹</span> <span class='ocrx_word' id='word_1_81' title='bbox 633 1090 786 1146; x_wconf 70' lang='grc' dir='ltr'>οὐδὲν</span> <span class='ocrx_word' id='word_1_82' title='bbox 837 1102 933 1155; x_wconf 80' lang='grc' dir='ltr'>τῆς</span> <span class='ocrx_word' id='word_1_83' title='bbox 979 1094 1103 1168; x_wconf 83' lang='grc' dir='ltr'>παρ’</span> <span class='ocrx_word' id='word_1_84' title='bbox 1147 1093 1325 1166; x_wconf 83' lang='grc' dir='ltr'>ἑτέρων</span> <span class='ocrx_word' id='word_1_85' title='bbox 1382 1092 1677 1166; x_wconf 87' lang='grc' dir='ltr'>ἐπικουριας</span> <span class='ocrx_word' id='word_1_86' title='bbox 1717 1089 1830 1144; x_wconf 84' lang='grc' dir='ltr'>δεό-</span> 
     </span>
    </p>
   </div>
   <div class='ocr_carea' id='block_1_14' title="bbox 253 1183 1828 1258">
    <p class='ocr_par' dir='ltr' id='par_1_14' title="bbox 253 1183 1828 1258">
     <span class='ocr_line' id='line_1_14' title="bbox 253 1183 1828 1258; baseline -0.002 -21"><span class='ocrx_word' id='word_1_87' title='bbox 253 1187 382 1256; x_wconf 81' lang='grc' dir='ltr'>μεθα⁶</span> <span class='ocrx_word' id='word_1_88' title='bbox 428 1185 561 1236; x_wconf 78' lang='grc' dir='ltr'>ὥστε</span> <span class='ocrx_word' id='word_1_89' title='bbox 607 1189 689 1243; x_wconf 89' lang='grc' dir='ltr'>τίς</span> <span class='ocrx_word' id='word_1_90' title='bbox 736 1184 858 1254; x_wconf 78' lang='grc' dir='ltr'>ἡμῖν</span> <span class='ocrx_word' id='word_1_91' title='bbox 901 1187 1064 1256; x_wconf 87' lang='grc' dir='ltr'>χρεία</span> <span class='ocrx_word' id='word_1_92' title='bbox 1104 1190 1198 1244; x_wconf 81' lang='grc' dir='ltr'>τῆς</span> <span class='ocrx_word' id='word_1_93' title='bbox 1246 1185 1376 1258; x_wconf 82' lang='grc' dir='ltr'>πρὸς</span> <span class='ocrx_word' id='word_1_94' title='bbox 1419 1183 1615 1257; x_wconf 80' lang='grc' dir='ltr'>ἐτέρους</span> <span class='ocrx_word' id='word_1_95' title='bbox 1641 1202 1828 1234; x_wconf 88' lang='grc' dir='ltr'>κοινω-</span> 
     </span>
    </p>
   </div>
   <div class='ocr_carea' id='block_1_15' title="bbox 253 1271 1827 1344">
    <p class='ocr_par' dir='ltr' id='par_1_15' title="bbox 253 1271 1827 1344">
     <span class='ocr_line' id='line_1_15' title="bbox 253 1271 1827 1344; baseline -0.002 -19"><span class='ocrx_word' id='word_1_96' title='bbox 253 1278 384 1339; x_wconf 84' lang='grc' dir='ltr'>νίας;</span> <span class='ocrx_word' id='word_1_97' title='bbox 411 1271 468 1325; x_wconf 83' lang='grc' dir='ltr'><strong>Ὀ</strong></span> <span class='ocrx_word' id='word_1_98' title='bbox 510 1273 610 1344; x_wconf 74' lang='grc' dir='ltr'>γὰρ</span> <span class='ocrx_word' id='word_1_99' title='bbox 645 1275 835 1343; x_wconf 80' lang='grc' dir='ltr'>Κύριος</span> <span class='ocrx_word' id='word_1_100' title='bbox 862 1274 951 1332; x_wconf 78' lang='grc' dir='ltr'>τὰς</span> <span class='ocrx_word' id='word_1_101' title='bbox 980 1275 1069 1342; x_wconf 68' lang='grc' dir='ltr'>μὲν</span> <span class='ocrx_word' id='word_1_102' title='bbox 1099 1276 1294 1333; x_wconf 72' lang='grc' dir='ltr'>νήσους</span> <span class='ocrx_word' id='word_1_103' title='bbox 1321 1280 1414 1333; x_wconf 83' lang='grc' dir='ltr'>τῆς</span> <span class='ocrx_word' id='word_1_104' title='bbox 1448 1273 1559 1342; x_wconf 86' lang='grc'>(36)</span> <span class='ocrx_word' id='word_1_105' title='bbox 1610 1271 1827 1343; x_wconf 77' lang='grc' dir='ltr'>ἠπείρου</span> 
     </span>
    </p>
   </div>
   <div class='ocr_carea' id='block_1_16' title="bbox 256 1355 1826 1425">
    <p class='ocr_par' dir='ltr' id='par_1_16' title="bbox 256 1355 1826 1425">
     <span class='ocr_line' id='line_1_16' title="bbox 256 1355 1826 1425; baseline -0.002 -11"><span class='ocrx_word' id='word_1_106' title='bbox 256 1359 337 1414; x_wconf 79' lang='grc' dir='ltr'>δια</span> <span class='ocrx_word' id='word_1_107' title='bbox 377 1361 643 1422; x_wconf 75' lang='grc' dir='ltr'>θαλάσσης</span> <span class='ocrx_word' id='word_1_108' title='bbox 695 1356 964 1425; x_wconf 76' lang='grc' dir='ltr'>διέστησε,</span> <span class='ocrx_word' id='word_1_109' title='bbox 1013 1364 1134 1422; x_wconf 81' lang='grc' dir='ltr'>τοὺς</span> <span class='ocrx_word' id='word_1_110' title='bbox 1168 1355 1226 1412; x_wconf 75' lang='grc' dir='ltr'>δὲ</span> <span class='ocrx_word' id='word_1_111' title='bbox 1255 1366 1516 1421; x_wconf 85' lang='grc' dir='ltr'>νησιώτας</span> <span class='ocrx_word' id='word_1_112' title='bbox 1553 1368 1654 1421; x_wconf 88' lang='grc' dir='ltr'>τοῖς</span> <span class='ocrx_word' id='word_1_113' title='bbox 1675 1362 1826 1416; x_wconf 72' lang='grc' dir='ltr'>ἠπει-</span> 
     </span>
    </p>
   </div>
   <div class='ocr_carea' id='block_1_17' title="bbox 260 1445 1827 1523">
    <p class='ocr_par' dir='ltr' id='par_1_17' title="bbox 260 1445 1827 1523">
     <span class='ocr_line' id='line_1_17' title="bbox 260 1445 1827 1523; baseline 0 -21"><span class='ocrx_word' id='word_1_114' title='bbox 260 1456 419 1523; x_wconf 74' lang='grc' dir='ltr'>ρώταις</span> <span class='ocrx_word' id='word_1_115' title='bbox 446 1445 540 1502; x_wconf 75' lang='grc' dir='ltr'>διὰ</span> <span class='ocrx_word' id='word_1_116' title='bbox 562 1457 654 1510; x_wconf 80' lang='grc' dir='ltr'>τῆς</span> <span class='ocrx_word' id='word_1_117' title='bbox 676 1447 878 1520; x_wconf 76' lang='grc' dir='ltr'>ἀγάπης</span> <span class='ocrx_word' id='word_1_118' title='bbox 906 1445 1212 1506; x_wconf 78' lang='grc' dir='ltr'>συνέδησεν.</span> <span class='ocrx_word' id='word_1_119' title='bbox 1241 1447 1408 1502; x_wconf 66' lang='grc' dir='ltr'>Οὐδὲν</span> <span class='ocrx_word' id='word_1_120' title='bbox 1439 1451 1574 1522; x_wconf 81' lang='grc' dir='ltr'>ἡμᾶς</span> <span class='ocrx_word' id='word_1_121' title='bbox 1602 1450 1827 1523; x_wconf 75' lang='grc' dir='ltr'>χωρίζει</span> 
     </span>
    </p>
   </div>
   <div class='ocr_carea' id='block_1_18' title="bbox 263 1535 1828 1612">
    <p class='ocr_par' dir='ltr' id='par_1_18' title="bbox 263 1535 1828 1612">
     <span class='ocr_line' id='line_1_18' title="bbox 263 1535 1828 1612; baseline -0.001 -22"><span class='ocrx_word' id='word_1_122' title='bbox 263 1537 333 1592; x_wconf 73' lang='grc' dir='ltr'>ἀπ’</span> <span class='ocrx_word' id='word_1_123' title='bbox 377 1537 619 1604; x_wconf 75' lang='grc' dir='ltr'>ἀλλήλων,</span> <span class='ocrx_word' id='word_1_124' title='bbox 667 1535 902 1608; x_wconf 79' lang='grc' dir='ltr'>ἀδελφοὶ,</span> <span class='ocrx_word' id='word_1_125' title='bbox 953 1536 1036 1589; x_wconf 77' lang='grc' dir='ltr'>ἐὰν</span> <span class='ocrx_word' id='word_1_126' title='bbox 1068 1541 1140 1610; x_wconf 80' lang='grc' dir='ltr'>μὴ</span> <span class='ocrx_word' id='word_1_127' title='bbox 1173 1543 1241 1608; x_wconf 80' lang='grc' dir='ltr'>τᾴ</span> <span class='ocrx_word' id='word_1_128' title='bbox 1269 1543 1567 1612; x_wconf 78' lang='grc' dir='ltr'>προαιρέσει</span> <span class='ocrx_word' id='word_1_129' title='bbox 1593 1543 1680 1589; x_wconf 87' lang='grc' dir='ltr'>τὸν</span> <span class='ocrx_word' id='word_1_130' title='bbox 1710 1559 1828 1610; x_wconf 85' lang='grc' dir='ltr'>χω-</span> 
     </span>
    </p>
   </div>
   <div class='ocr_carea' id='block_1_19' title="bbox 264 1626 1826 1703">
    <p class='ocr_par' dir='ltr' id='par_1_19' title="bbox 264 1626 1826 1703">
     <span class='ocr_line' id='line_1_19' title="bbox 264 1626 1826 1703; baseline -0.001 -24"><span class='ocrx_word' id='word_1_131' title='bbox 264 1632 420 1703; x_wconf 82' lang='grc' dir='ltr'>ρισμὸν</span> <span class='ocrx_word' id='word_1_132' title='bbox 457 1629 782 1698; x_wconf 84' lang='grc' dir='ltr'>ύποστῶμεν.</span> <span class='ocrx_word' id='word_1_133' title='bbox 807 1626 895 1688; x_wconf 84' lang='grc' dir='ltr'>Εἷς</span> <span class='ocrx_word' id='word_1_134' title='bbox 943 1628 1087 1698; x_wconf 80' lang='grc' dir='ltr'>ἡμῶν</span> <span class='ocrx_word' id='word_1_135' title='bbox 1137 1630 1346 1703; x_wconf 82' lang='grc' dir='ltr'>Κύριος,</span> <span class='ocrx_word' id='word_1_136' title='bbox 1377 1633 1474 1699; x_wconf 89' lang='grc' dir='ltr'>μία</span> <span class='ocrx_word' id='word_1_137' title='bbox 1502 1633 1703 1694; x_wconf 79' lang='grc' dir='ltr'>πίστις,</span> <span class='ocrx_word' id='word_1_138' title='bbox 1741 1626 1826 1679; x_wconf 85' lang='grc' dir='ltr'>ἐλ-</span> 
     </span>
    </p>
   </div>
   <div class='ocr_carea' id='block_1_20' title="bbox 264 1715 1826 1787">
    <p class='ocr_par' dir='ltr' id='par_1_20' title="bbox 264 1715 1826 1787">
     <span class='ocr_line' id='line_1_20' title="bbox 264 1715 1826 1787; baseline -0.001 -18"><span class='ocrx_word' id='word_1_139' title='bbox 264 1722 332 1776; x_wconf 79' lang='grc' dir='ltr'>πὶς</span> <span class='ocrx_word' id='word_1_140' title='bbox 373 1718 398 1775; x_wconf 76' lang='grc' dir='ltr'><em>ἡ</em></span> <span class='ocrx_word' id='word_1_141' title='bbox 442 1716 594 1774; x_wconf 66' lang='grc' dir='ltr'>αὕτη.</span> <span class='ocrx_word' id='word_1_142' title='bbox 649 1719 766 1768; x_wconf 78' lang='grc' dir='ltr'>Εἴτε</span> <span class='ocrx_word' id='word_1_143' title='bbox 819 1715 1040 1787; x_wconf 72' lang='grc' dir='ltr'>κεφαλὴν</span> <span class='ocrx_word' id='word_1_144' title='bbox 1085 1715 1302 1778; x_wconf 80' lang='grc' dir='ltr'>ἑαυτούς</span> <span class='ocrx_word' id='word_1_145' title='bbox 1329 1725 1424 1777; x_wconf 82' lang='grc' dir='ltr'>τῆς</span> <span class='ocrx_word' id='word_1_146' title='bbox 1455 1716 1677 1770; x_wconf 82' lang='grc' dir='ltr'>καθόλου</span> <span class='ocrx_word' id='word_1_147' title='bbox 1705 1716 1826 1771; x_wconf 84' lang='grc' dir='ltr'>Ἐκ·-</span> 
     </span>
    </p>
   </div>
   <div class='ocr_carea' id='block_1_21' title="bbox 263 1800 1827 1878">
    <p class='ocr_par' dir='ltr' id='par_1_21' title="bbox 263 1800 1827 1878">
     <span class='ocr_line' id='line_1_21' title="bbox 263 1800 1827 1878; baseline 0.001 -22"><span class='ocrx_word' id='word_1_148' title='bbox 263 1805 452 1865; x_wconf 83' lang='grc' dir='ltr'>κλησιας</span> <span class='ocrx_word' id='word_1_149' title='bbox 492 1804 783 1876; x_wconf 79' lang='grc' dir='ltr'>λογίζεστε,</span> <span class='ocrx_word' id='word_1_150' title='bbox 835 1803 892 1855; x_wconf 78' lang='grc' dir='ltr'>ού</span> <span class='ocrx_word' id='word_1_151' title='bbox 950 1800 1171 1856; x_wconf 79' lang='grc' dir='ltr'>δύναται</span> <span class='ocrx_word' id='word_1_152' title='bbox 1219 1807 1248 1864; x_wconf 80' lang='grc' dir='ltr'><strong>ἠ</strong></span> <span class='ocrx_word' id='word_1_153' title='bbox 1304 1805 1495 1878; x_wconf 70' lang='grc' dir='ltr'>κεφαλὴ</span> <span class='ocrx_word' id='word_1_154' title='bbox 1532 1805 1690 1858; x_wconf 85' lang='grc' dir='ltr'>εἰπεῖν</span> <span class='ocrx_word' id='word_1_155' title='bbox 1721 1813 1827 1866; x_wconf 90' lang='grc' dir='ltr'>τοῖς</span> 
     </span>
    </p>
   </div>
   <div class='ocr_carea' id='block_1_22' title="bbox 263 1892 1828 1968">
    <p class='ocr_par' dir='ltr' id='par_1_22' title="bbox 263 1892 1828 1968">
     <span class='ocr_line' id='line_1_22' title="bbox 263 1892 1828 1968; baseline -0.001 -23"><span class='ocrx_word' id='word_1_156' title='bbox 263 1899 387 1964; x_wconf 85' lang='grc' dir='ltr'>ποσὶ,</span> <span class='ocrx_word' id='word_1_157' title='bbox 417 1898 608 1968; x_wconf 78' lang='grc' dir='ltr'>Χρείαν</span> <span class='ocrx_word' id='word_1_158' title='bbox 647 1895 790 1964; x_wconf 76' lang='grc' dir='ltr'>ὑμῶν</span> <span class='ocrx_word' id='word_1_159' title='bbox 830 1892 923 1944; x_wconf 81' lang='grc' dir='ltr'>ούκ</span> <span class='ocrx_word' id='word_1_160' title='bbox 969 1896 1096 1964; x_wconf 70' lang='grc' dir='ltr'>ἔχω’</span> <span class='ocrx_word' id='word_1_161' title='bbox 1149 1898 1249 1946; x_wconf 82' lang='grc' dir='ltr'>εἴτε</span> <span class='ocrx_word' id='word_1_162' title='bbox 1299 1900 1389 1946; x_wconf 86' lang='grc' dir='ltr'>καὶ</span> <span class='ocrx_word' id='word_1_163' title='bbox 1437 1893 1487 1946; x_wconf 88' lang='grc' dir='ltr'>ἐν</span> <span class='ocrx_word' id='word_1_164' title='bbox 1525 1893 1650 1966; x_wconf 74' lang='grc' dir='ltr'>ἄλλη</span> <span class='ocrx_word' id='word_1_165' title='bbox 1684 1895 1828 1958; x_wconf 76' lang='grc' dir='ltr'>τάξει</span> 
     </span>
    </p>
   </div>
   <div class='ocr_carea' id='block_1_23' title="bbox 261 1980 1827 2054">
    <p class='ocr_par' dir='ltr' id='par_1_23' title="bbox 261 1980 1827 2054">
     <span class='ocr_line' id='line_1_23' title="bbox 261 1980 1827 2054; baseline 0.001 -22"><span class='ocrx_word' id='word_1_166' title='bbox 261 1989 342 2032; x_wconf 81' lang='grc' dir='ltr'>τῶν</span> <span class='ocrx_word' id='word_1_167' title='bbox 384 1980 831 2040; x_wconf 68' lang='grc' dir='ltr'>ἐκκλησιαστικῶν</span> <span class='ocrx_word' id='word_1_168' title='bbox 879 1981 1040 2054; x_wconf 89' lang='grc' dir='ltr'>μελῶν</span> <span class='ocrx_word' id='word_1_169' title='bbox 1086 1982 1298 2044; x_wconf 77' lang='grc' dir='ltr'>ἑαυτούς</span> <span class='ocrx_word' id='word_1_170' title='bbox 1348 1986 1591 2052; x_wconf 86' lang='grc' dir='ltr'>τάσσετε,</span> <span class='ocrx_word' id='word_1_171' title='bbox 1625 1983 1682 2035; x_wconf 80' lang='grc' dir='ltr'>ού</span> <span class='ocrx_word' id='word_1_172' title='bbox 1724 1981 1827 2035; x_wconf 86' lang='grc' dir='ltr'>δύ-</span> 
     </span>
    </p>
   </div>
   <div class='ocr_carea' id='block_1_24' title="bbox 258 2069 1828 2145">
    <p class='ocr_par' dir='ltr' id='par_1_24' title="bbox 258 2069 1828 2145">
     <span class='ocr_line' id='line_1_24' title="bbox 258 2069 1828 2145; baseline 0.003 -24"><span class='ocrx_word' id='word_1_173' title='bbox 258 2091 390 2123; x_wconf 83' lang='grc' dir='ltr'>ναστε</span> <span class='ocrx_word' id='word_1_174' title='bbox 432 2071 596 2143; x_wconf 73' lang='grc' dir='ltr'>λέγειν</span> <span class='ocrx_word' id='word_1_175' title='bbox 647 2078 756 2132; x_wconf 83' lang='grc' dir='ltr'>τοῖς</span> <span class='ocrx_word' id='word_1_176' title='bbox 810 2069 857 2122; x_wconf 89' lang='grc' dir='ltr'>ἐν</span> <span class='ocrx_word' id='word_1_177' title='bbox 905 2080 976 2142; x_wconf 77' lang='grc' dir='ltr'>τῷ</span> <span class='ocrx_word' id='word_1_178' title='bbox 1018 2071 1158 2143; x_wconf 85' lang='grc' dir='ltr'>αύτῷ</span> <span class='ocrx_word' id='word_1_179' title='bbox 1193 2077 1397 2145; x_wconf 78' lang='grc' dir='ltr'>σώματι</span> <span class='ocrx_word' id='word_1_180' title='bbox 1435 2077 1828 2144; x_wconf 72' lang='grc' dir='ltr'>κατατεταγμέ-</span> 
     </span>
    </p>
   </div>
   <div class='ocr_carea' id='block_1_25' title="bbox 255 2161 1826 2237">
    <p class='ocr_par' dir='ltr' id='par_1_25' title="bbox 255 2161 1826 2237">
     <span class='ocr_line' id='line_1_25' title="bbox 255 2161 1826 2237; baseline 0.001 -25"><span class='ocrx_word' id='word_1_181' title='bbox 255 2180 343 2221; x_wconf 78' lang='grc' dir='ltr'>νοις</span> <span class='ocrx_word' id='word_1_182' title='bbox 368 2163 478 2230; x_wconf 84' lang='grc'>(37)</span> <span class='ocrx_word' id='word_1_183' title='bbox 519 2163 645 2233; x_wconf 80' lang='grc' dir='ltr'>ἡμῖν</span> <span class='ocrx_word' id='word_1_184' title='bbox 674 2163 754 2227; x_wconf 85' lang='grc' dir='ltr'>τὸ,</span> <span class='ocrx_word' id='word_1_185' title='bbox 788 2164 978 2232; x_wconf 82' lang='grc' dir='ltr'>Χρείαν</span> <span class='ocrx_word' id='word_1_186' title='bbox 1009 2161 1150 2233; x_wconf 77' lang='grc' dir='ltr'>ὑμῶν</span> <span class='ocrx_word' id='word_1_187' title='bbox 1181 2161 1274 2212; x_wconf 68' lang='grc' dir='ltr'>οὐκ</span> <span class='ocrx_word' id='word_1_188' title='bbox 1301 2164 1510 2234; x_wconf 81' lang='grc' dir='ltr'>ἔχομεν.</span> <span class='ocrx_word' id='word_1_189' title='bbox 1543 2163 1609 2214; x_wconf 79' lang='grc' dir='ltr'>Αἰ</span> <span class='ocrx_word' id='word_1_190' title='bbox 1645 2182 1697 2214; x_wconf 85' lang='grc' dir='ltr'>τε</span> <span class='ocrx_word' id='word_1_191' title='bbox 1724 2165 1826 2237; x_wconf 73' lang='grc' dir='ltr'>’γὰρ</span> 
     </span>
    </p>
   </div>
   <div class='ocr_carea' id='block_1_26' title="bbox 254 2246 1828 2324">
    <p class='ocr_par' dir='ltr' id='par_1_26' title="bbox 254 2246 1828 2324">
     <span class='ocr_line' id='line_1_26' title="bbox 254 2246 1828 2324; baseline 0.001 -23"><span class='ocrx_word' id='word_1_192' title='bbox 254 2256 404 2324; x_wconf 78' lang='grc' dir='ltr'>χεῖρες</span> <span class='ocrx_word' id='word_1_193' title='bbox 463 2247 693 2306; x_wconf 77' lang='grc' dir='ltr'>αλλήλων</span> <span class='ocrx_word' id='word_1_194' title='bbox 764 2246 986 2316; x_wconf 84' lang='grc' dir='ltr'>δέονται,</span> <span class='ocrx_word' id='word_1_195' title='bbox 1058 2255 1147 2301; x_wconf 87' lang='grc' dir='ltr'>καὶ</span> <span class='ocrx_word' id='word_1_196' title='bbox 1222 2251 1272 2302; x_wconf 80' lang='grc' dir='ltr'>οἱ</span> <span class='ocrx_word' id='word_1_197' title='bbox 1344 2247 1500 2311; x_wconf 85' lang='grc' dir='ltr'>πόδες</span> <span class='ocrx_word' id='word_1_198' title='bbox 1578 2249 1828 2313; x_wconf 78' lang='grc' dir='ltr'>ἀλλήλους</span> 
     </span>
    </p>
   </div>
   <div class='ocr_carea' id='block_1_27' title="bbox 255 2337 1829 2412">
    <p class='ocr_par' dir='ltr' id='par_1_27' title="bbox 255 2337 1829 2412">
     <span class='ocr_line' id='line_1_27' title="bbox 255 2337 1829 2412; baseline 0.001 -23"><span class='ocrx_word' id='word_1_199' title='bbox 255 2342 576 2411; x_wconf 83' lang='grc' dir='ltr'>στηρίζουσι,</span> <span class='ocrx_word' id='word_1_200' title='bbox 623 2343 713 2389; x_wconf 84' lang='grc' dir='ltr'>καὶ</span> <span class='ocrx_word' id='word_1_201' title='bbox 771 2340 819 2390; x_wconf 84' lang='grc' dir='ltr'>οἱ</span> <span class='ocrx_word' id='word_1_202' title='bbox 875 2337 1130 2410; x_wconf 71' lang='grc' dir='ltr'>ὀφθαλμοὶ</span> <span class='ocrx_word' id='word_1_203' title='bbox 1190 2338 1242 2390; x_wconf 84' lang='grc' dir='ltr'>ἐν</span> <span class='ocrx_word' id='word_1_204' title='bbox 1298 2347 1360 2396; x_wconf 80' lang='grc' dir='ltr'>τῆ</span> <span class='ocrx_word' id='word_1_205' title='bbox 1434 2344 1707 2412; x_wconf 67' lang='grc' dir='ltr'>συμφωνίᾳ</span> <span class='ocrx_word' id='word_1_206' title='bbox 1769 2343 1829 2391; x_wconf 87' lang='grc' dir='ltr'>τὸ</span> 
     </span>
    </p>
   </div>
   <div class='ocr_carea' id='block_1_28' title="bbox 253 2425 1828 2501">
    <p class='ocr_par' dir='ltr' id='par_1_28' title="bbox 253 2425 1828 2501">
     <span class='ocr_line' id='line_1_28' title="bbox 253 2425 1828 2501; baseline 0.003 -25"><span class='ocrx_word' id='word_1_207' title='bbox 253 2425 440 2500; x_wconf 70' lang='grc' dir='ltr'>ἐναργὲς</span> <span class='ocrx_word' id='word_1_208' title='bbox 496 2434 589 2487; x_wconf 79' lang='grc' dir='ltr'>τῆς</span> <span class='ocrx_word' id='word_1_209' title='bbox 641 2425 976 2498; x_wconf 61' lang='grc' dir='ltr'>καταλήψεως</span> <span class='ocrx_word' id='word_1_210' title='bbox 1043 2429 1281 2498; x_wconf 84' lang='grc' dir='ltr'>ἔχουσιν.</span> <span class='ocrx_word' id='word_1_211' title='bbox 1340 2427 1516 2500; x_wconf 79' lang='grc' dir='ltr'>Ἡμεῖς</span> <span class='ocrx_word' id='word_1_212' title='bbox 1573 2431 1662 2500; x_wconf 73' lang='grc' dir='ltr'>μὲν</span> <span class='ocrx_word' id='word_1_213' title='bbox 1727 2431 1828 2501; x_wconf 72' lang='grc' dir='ltr'>γὰρ</span> 
     </span>
    </p>
   </div>
   <div class='ocr_carea' id='block_1_29' title="bbox 252 2514 1828 2588">
    <p class='ocr_par' dir='ltr' id='par_1_29' title="bbox 252 2514 1828 2588">
     <span class='ocr_line' id='line_1_29' title="bbox 252 2514 1828 2588; baseline 0.001 -22"><span class='ocrx_word' id='word_1_214' title='bbox 252 2515 581 2588; x_wconf 71' lang='grc' dir='ltr'>ὁμολογοῦμεν</span> <span class='ocrx_word' id='word_1_215' title='bbox 649 2517 706 2567; x_wconf 86' lang='grc' dir='ltr'>τὸ</span> <span class='ocrx_word' id='word_1_216' title='bbox 782 2514 974 2568; x_wconf 81' lang='grc' dir='ltr'>ἑαυτῶν</span> <span class='ocrx_word' id='word_1_217' title='bbox 1055 2515 1278 2577; x_wconf 79' lang='grc' dir='ltr'>ἀσθενές·</span> <span class='ocrx_word' id='word_1_218' title='bbox 1340 2521 1427 2568; x_wconf 84' lang='grc' dir='ltr'>καὶ</span> <span class='ocrx_word' id='word_1_219' title='bbox 1487 2515 1828 2588; x_wconf 74' lang='grc' dir='ltr'>ἐπιζητοῦμεν</span> 
     </span>
    </p>
   </div>
   <div class='ocr_carea' id='block_1_30' title="bbox 253 2599 1833 2677">
    <p class='ocr_par' dir='ltr' id='par_1_30' title="bbox 253 2599 1833 2677">
     <span class='ocr_line' id='line_1_30' title="bbox 253 2599 1833 2677; baseline 0.003 -25"><span class='ocrx_word' id='word_1_220' title='bbox 253 2607 328 2661; x_wconf 73' lang='grc' dir='ltr'>την</span> <span class='ocrx_word' id='word_1_221' title='bbox 368 2605 653 2675; x_wconf 87' lang='grc' dir='ltr'>σύμπνοιαν</span> <span class='ocrx_word' id='word_1_222' title='bbox 693 2604 857 2675; x_wconf 78' lang='grc' dir='ltr'>ὑμῶν.</span> <span class='ocrx_word' id='word_1_223' title='bbox 899 2599 1133 2675; x_wconf 78' lang='grc' dir='ltr'>Οἴδαμεν</span> <span class='ocrx_word' id='word_1_224' title='bbox 1171 2606 1296 2676; x_wconf 76' lang='grc' dir='ltr'>γὰρ,</span> <span class='ocrx_word' id='word_1_225' title='bbox 1341 2606 1443 2670; x_wconf 84' lang='grc' dir='ltr'>ὅτι,</span> <span class='ocrx_word' id='word_1_226' title='bbox 1476 2603 1568 2655; x_wconf 80' lang='grc' dir='ltr'>κᾶν</span> <span class='ocrx_word' id='word_1_227' title='bbox 1598 2609 1670 2677; x_wconf 76' lang='grc' dir='ltr'>μὴ</span> <span class='ocrx_word' id='word_1_228' title='bbox 1699 2623 1833 2677; x_wconf 84' lang='grc' dir='ltr'>παρ-</span> 
     </span>
    </p>
   </div>
   <div class='ocr_carea' id='block_1_31' title="bbox 254 2689 1832 2766">
    <p class='ocr_par' dir='ltr' id='par_1_31' title="bbox 254 2689 1832 2766">
     <span class='ocr_line' id='line_1_31' title="bbox 254 2689 1832 2766; baseline 0.002 -23"><span class='ocrx_word' id='word_1_229' title='bbox 254 2701 334 2750; x_wconf 75' lang='grc' dir='ltr'>ῆτε</span> <span class='ocrx_word' id='word_1_230' title='bbox 385 2701 453 2764; x_wconf 80' lang='grc' dir='ltr'>τῷ</span> <span class='ocrx_word' id='word_1_231' title='bbox 508 2698 736 2765; x_wconf 85' lang='grc' dir='ltr'>σώματι,</span> <span class='ocrx_word' id='word_1_232' title='bbox 801 2701 862 2765; x_wconf 75' lang='grc' dir='ltr'>τῇ</span> <span class='ocrx_word' id='word_1_233' title='bbox 915 2689 1009 2745; x_wconf 82' lang='grc' dir='ltr'>διὰ</span> <span class='ocrx_word' id='word_1_234' title='bbox 1053 2702 1150 2745; x_wconf 87' lang='grc' dir='ltr'>τῶν</span> <span class='ocrx_word' id='word_1_235' title='bbox 1209 2694 1379 2764; x_wconf 69' lang='grc' dir='ltr'>εὐχῶν</span> <span class='ocrx_word' id='word_1_236' title='bbox 1434 2693 1654 2766; x_wconf 79' lang='grc' dir='ltr'>βοηθείᾳ</span> <span class='ocrx_word' id='word_1_237' title='bbox 1700 2699 1832 2766; x_wconf 74' lang='grc' dir='ltr'>μέγα</span> 
     </span>
    </p>
   </div>
   <div class='ocr_carea' id='block_1_32' title="bbox 253 2780 1829 2855">
    <p class='ocr_par' dir='ltr' id='par_1_32' title="bbox 253 2780 1829 2855">
     <span class='ocr_line' id='line_1_32' title="bbox 253 2780 1829 2855; baseline 0.003 -24"><span class='ocrx_word' id='word_1_238' title='bbox 253 2782 478 2854; x_wconf 79' lang='grc' dir='ltr'>παρέξετε</span> <span class='ocrx_word' id='word_1_239' title='bbox 530 2785 657 2854; x_wconf 76' lang='grc' dir='ltr'>ἡμῖν</span> <span class='ocrx_word' id='word_1_240' title='bbox 707 2781 755 2833; x_wconf 84' lang='grc' dir='ltr'>ἐν</span> <span class='ocrx_word' id='word_1_241' title='bbox 786 2789 890 2842; x_wconf 86' lang='grc' dir='ltr'>τοῖς</span> <span class='ocrx_word' id='word_1_242' title='bbox 945 2780 1365 2853; x_wconf 76' lang='grc' dir='ltr'>ἀναγκαιοτάτοις</span> <span class='ocrx_word' id='word_1_243' title='bbox 1394 2790 1593 2855; x_wconf 87' lang='grc' dir='ltr'>καιροῖς</span> <span class='ocrx_word' id='word_1_244' title='bbox 1635 2783 1829 2854; x_wconf 78' lang='grc' dir='ltr'>ὄφελος.</span> 
     </span>
    </p>
   </div>
   <div class='ocr_carea' id='block_1_33' title="bbox 253 2867 1831 2945">
    <p class='ocr_par' dir='ltr' id='par_1_33' title="bbox 253 2867 1831 2945">
     <span class='ocr_line' id='line_1_33' title="bbox 253 2867 1831 2945; baseline 0.001 -23"><span class='ocrx_word' id='word_1_245' title='bbox 253 2870 392 2941; x_wconf 80' lang='grc' dir='ltr'>’Υμᾶς</span> <span class='ocrx_word' id='word_1_246' title='bbox 438 2867 496 2922; x_wconf 71' lang='grc' dir='ltr'>δὲ</span> <span class='ocrx_word' id='word_1_247' title='bbox 549 2871 644 2923; x_wconf 71' lang='grc' dir='ltr'>οὐκ</span> <span class='ocrx_word' id='word_1_248' title='bbox 695 2872 836 2922; x_wconf 81' lang='grc' dir='ltr'>ἔστιν</span> <span class='ocrx_word' id='word_1_249' title='bbox 875 2873 992 2923; x_wconf 76' lang='grc' dir='ltr'>οὔτε</span> <span class='ocrx_word' id='word_1_250' title='bbox 1038 2873 1182 2943; x_wconf 84' lang='grc' dir='ltr'>παρά</span> <span class='ocrx_word' id='word_1_251' title='bbox 1234 2869 1522 2945; x_wconf 79' lang='grc' dir='ltr'>ἀνθρώποις</span> <span class='ocrx_word' id='word_1_252' title='bbox 1569 2871 1831 2944; x_wconf 69' lang='grc' dir='ltr'>εὐπρεπὲς,</span> 
     </span>
    </p>
   </div>
   <div class='ocr_carea' id='block_1_34' title="bbox 254 2958 1834 3033">
    <p class='ocr_par' dir='ltr' id='par_1_34' title="bbox 254 2958 1834 3033">
     <span class='ocr_line' id='line_1_34' title="bbox 254 2958 1834 3033; baseline 0.001 -24"><span class='ocrx_word' id='word_1_253' title='bbox 254 2962 363 3011; x_wconf 69' lang='grc' dir='ltr'>οὔτε</span> <span class='ocrx_word' id='word_1_254' title='bbox 416 2967 488 3030; x_wconf 69' lang='grc' dir='ltr'>τῷ</span> <span class='ocrx_word' id='word_1_255' title='bbox 546 2967 662 3030; x_wconf 80' lang='grc' dir='ltr'>Θεῷ</span> <span class='ocrx_word' id='word_1_256' title='bbox 715 2958 990 3032; x_wconf 70' lang='grc' dir='ltr'>εὐάρεστον</span> <span class='ocrx_word' id='word_1_257' title='bbox 1043 2967 1158 3021; x_wconf 82' lang='grc' dir='ltr'>ταῖς</span> <span class='ocrx_word' id='word_1_258' title='bbox 1207 2962 1473 3019; x_wconf 78' lang='grc' dir='ltr'>τοιαύταις</span> <span class='ocrx_word' id='word_1_259' title='bbox 1529 2961 1834 3033; x_wconf 82' lang='grc' dir='ltr'>κεχρῆσθαι</span> 
     </span>
    </p>
   </div>
   <div class='ocr_carea' id='block_1_35' title="bbox 253 3044 1836 3123">
    <p class='ocr_par' dir='ltr' id='par_1_35' title="bbox 253 3044 1836 3123">
     <span class='ocr_line' id='line_1_35' title="bbox 253 3044 1836 3123; baseline 0.001 -24"><span class='ocrx_word' id='word_1_260' title='bbox 253 3054 447 3117; x_wconf 63' lang='grc' dir='ltr'>φωναῖς,</span> <span class='ocrx_word' id='word_1_261' title='bbox 494 3049 576 3108; x_wconf 81' lang='grc' dir='ltr'>αἷς</span> <span class='ocrx_word' id='word_1_262' title='bbox 624 3044 750 3100; x_wconf 71' lang='grc' dir='ltr'>οὐδὲ</span> <span class='ocrx_word' id='word_1_263' title='bbox 804 3050 870 3100; x_wconf 78' lang='grc' dir='ltr'>τὰ</span> <span class='ocrx_word' id='word_1_264' title='bbox 911 3050 1029 3105; x_wconf 79' lang='grc' dir='ltr'>ἔθνη</span> <span class='ocrx_word' id='word_1_265' title='bbox 1072 3053 1360 3123; x_wconf 83' lang='grc' dir='ltr'>κέχρηνται</span> <span class='ocrx_word' id='word_1_266' title='bbox 1412 3051 1479 3099; x_wconf 75' lang='grc' dir='ltr'>τὰ</span> <span class='ocrx_word' id='word_1_267' title='bbox 1525 3053 1596 3120; x_wconf 77' lang='grc' dir='ltr'>μὴ</span> <span class='ocrx_word' id='word_1_268' title='bbox 1655 3046 1836 3101; x_wconf 82' lang='grc' dir='ltr'>εἰδότα</span> 
     </span>
    </p>
   </div>
   <div class='ocr_carea' id='block_1_36' title="bbox 248 3135 1837 3209">
    <p class='ocr_par' dir='ltr' id='par_1_36' title="bbox 248 3135 1837 3209">
     <span class='ocr_line' id='line_1_36' title="bbox 248 3135 1837 3209; baseline 0.003 -23"><span class='ocrx_word' id='word_1_269' title='bbox 248 3139 326 3186; x_wconf 79' lang='grc' dir='ltr'>τὸν</span> <span class='ocrx_word' id='word_1_270' title='bbox 376 3141 526 3192; x_wconf 82' lang='grc' dir='ltr'>Θεὸν.</span> <span class='ocrx_word' id='word_1_271' title='bbox 596 3135 754 3190; x_wconf 83' lang='grc' dir='ltr'>Ἀλλὰ</span> <span class='ocrx_word' id='word_1_272' title='bbox 804 3135 1017 3189; x_wconf 80' lang='grc' dir='ltr'>κάκεῖνα</span> <span class='ocrx_word' id='word_1_273' title='bbox 1065 3136 1340 3209; x_wconf 77' lang='grc' dir='ltr'>ἀκούομεν,</span> <span class='ocrx_word' id='word_1_274' title='bbox 1393 3136 1487 3188; x_wconf 76' lang='grc' dir='ltr'>κᾶν</span> <span class='ocrx_word' id='word_1_275' title='bbox 1548 3137 1616 3198; x_wconf 85' lang='grc' dir='ltr'>εἰς</span> <span class='ocrx_word' id='word_1_276' title='bbox 1667 3141 1837 3190; x_wconf 88' lang='grc' dir='ltr'>πάντα</span> 
     </span>
    </p>
   </div>
   <div class='ocr_carea' id='block_1_37' title="bbox 247 3222 1836 3300">
    <p class='ocr_par' dir='ltr' id='par_1_37' title="bbox 247 3222 1836 3300">
     <span class='ocr_line' id='line_1_37' title="bbox 247 3222 1836 3300; baseline 0.001 -25"><span class='ocrx_word' id='word_1_277' title='bbox 247 3222 473 3300; x_wconf 69' lang='grc' dir='ltr'>ἀυτάρκη</span> <span class='ocrx_word' id='word_1_278' title='bbox 514 3230 607 3284; x_wconf 69' lang='grc' dir='ltr'>τὴν</span> <span class='ocrx_word' id='word_1_279' title='bbox 660 3231 843 3299; x_wconf 80' lang='grc' dir='ltr'>χώραν</span> <span class='ocrx_word' id='word_1_280' title='bbox 885 3230 1158 3298; x_wconf 81' lang='grc' dir='ltr'>νέμωνται,</span> <span class='ocrx_word' id='word_1_281' title='bbox 1215 3233 1310 3288; x_wconf 82' lang='grc' dir='ltr'>τῆς</span> <span class='ocrx_word' id='word_1_282' title='bbox 1339 3233 1464 3297; x_wconf 73' lang='grc' dir='ltr'>γοῦν</span> <span class='ocrx_word' id='word_1_283' title='bbox 1494 3234 1594 3277; x_wconf 88' lang='grc' dir='ltr'>τῶν</span> <span class='ocrx_word' id='word_1_284' title='bbox 1628 3226 1836 3298; x_wconf 82' lang='grc' dir='ltr'>μελλόν-</span> 
     </span>
    </p>
   </div>
   <div class='ocr_carea' id='block_1_38' title="bbox 241 3310 1835 3388">
    <p class='ocr_par' dir='ltr' id='par_1_38' title="bbox 241 3310 1835 3388">
     <span class='ocr_line' id='line_1_38' title="bbox 241 3310 1835 3388; baseline 0.002 -25"><span class='ocrx_word' id='word_1_285' title='bbox 241 3330 324 3364; x_wconf 68' lang='grc' dir='ltr'>τσδ</span> <span class='ocrx_word' id='word_1_286' title='bbox 396 3313 548 3366; x_wconf 74' lang='grc' dir='ltr'>ἕνεκεν</span> <span class='ocrx_word' id='word_1_287' title='bbox 601 3310 826 3374; x_wconf 81' lang='grc' dir='ltr'>ἀδηλίας</span> <span class='ocrx_word' id='word_1_288' title='bbox 885 3319 979 3372; x_wconf 81' lang='grc' dir='ltr'>τὴν</span> <span class='ocrx_word' id='word_1_289' title='bbox 1035 3316 1166 3388; x_wconf 82' lang='grc' dir='ltr'>πρὸς</span> <span class='ocrx_word' id='word_1_290' title='bbox 1222 3313 1467 3374; x_wconf 78' lang='grc' dir='ltr'>αλλήλὸυς</span> <span class='ocrx_word' id='word_1_291' title='bbox 1521 3319 1835 3388; x_wconf 80' lang='grc' dir='ltr'>συμμαχίαν</span> 
     </span>
    </p>
   </div>
   <div class='ocr_carea' id='block_1_39' title="bbox 239 3399 1834 3477">
    <p class='ocr_par' dir='ltr' id='par_1_39' title="bbox 239 3399 1834 3477">
     <span class='ocr_line' id='line_1_39' title="bbox 239 3399 1834 3477; baseline 0.002 -26"><span class='ocrx_word' id='word_1_292' title='bbox 239 3399 596 3471; x_wconf 79' lang='grc' dir='ltr'>ἀσπάζεσθαι,</span> <span class='ocrx_word' id='word_1_293' title='bbox 633 3406 722 3454; x_wconf 71' lang='grc' dir='ltr'>καὶ</span> <span class='ocrx_word' id='word_1_294' title='bbox 758 3407 853 3461; x_wconf 79' lang='grc' dir='ltr'>τὴν</span> <span class='ocrx_word' id='word_1_295' title='bbox 902 3401 1167 3476; x_wconf 82' lang='grc' dir='ltr'>ἐπιμιξίαν</span> <span class='ocrx_word' id='word_1_296' title='bbox 1212 3405 1280 3464; x_wconf 84' lang='grc' dir='ltr'>ὡς</span> <span class='ocrx_word' id='word_1_297' title='bbox 1306 3404 1538 3474; x_wconf 85' lang='grc' dir='ltr'>ἔχουσάν</span> <span class='ocrx_word' id='word_1_298' title='bbox 1571 3423 1620 3454; x_wconf 88' lang='grc' dir='ltr'>τι</span> <span class='ocrx_word' id='word_1_299' title='bbox 1649 3401 1834 3477; x_wconf 79' lang='grc' dir='ltr'>κέρδος</span> 
     </span>
    </p>
   </div>
   <div class='ocr_carea' id='block_1_40' title="bbox 233 3487 1835 3565">
    <p class='ocr_par' dir='ltr' id='par_1_40' title="bbox 233 3487 1835 3565">
     <span class='ocr_line' id='line_1_40' title="bbox 233 3487 1835 3565; baseline 0.001 -24"><span class='ocrx_word' id='word_1_300' title='bbox 233 3487 597 3560; x_wconf 78' lang='grc' dir='ltr'>μεταδιώκειν.</span> <span class='ocrx_word' id='word_1_301' title='bbox 646 3491 824 3563; x_wconf 82' lang='grc' dir='ltr'>Ἡμεῖς</span> <span class='ocrx_word' id='word_1_302' title='bbox 890 3487 964 3562; x_wconf 75' lang='grc' dir='ltr'>δε⁶</span> <span class='ocrx_word' id='word_1_303' title='bbox 1022 3490 1222 3544; x_wconf 74' lang='grc' dir='ltr'>ἐκείνων</span> <span class='ocrx_word' id='word_1_304' title='bbox 1270 3495 1405 3552; x_wconf 79' lang='grc' dir='ltr'>ὄντες</span> <span class='ocrx_word' id='word_1_305' title='bbox 1447 3500 1547 3543; x_wconf 89' lang='grc' dir='ltr'>τῶν</span> <span class='ocrx_word' id='word_1_306' title='bbox 1579 3494 1835 3565; x_wconf 84' lang='grc' dir='ltr'>πατέρων,</span> 
     </span>
    </p>
   </div>
   <div class='ocr_carea' id='block_1_41' title="bbox 235 3577 1836 3655">
    <p class='ocr_par' dir='ltr' id='par_1_41' title="bbox 235 3577 1836 3655">
     <span class='ocr_line' id='line_1_41' title="bbox 235 3577 1836 3655; baseline 0.002 -27"><span class='ocrx_word' id='word_1_307' title='bbox 235 3577 287 3629; x_wconf 77' lang='grc' dir='ltr'>οἱ</span> <span class='ocrx_word' id='word_1_308' title='bbox 347 3577 716 3650; x_wconf 75' lang='grc' dir='ltr'>ἐνομοθέτησαν</span> <span class='ocrx_word' id='word_1_309' title='bbox 761 3577 855 3632; x_wconf 84' lang='grc' dir='ltr'>διὰ</span> <span class='ocrx_word' id='word_1_310' title='bbox 893 3589 1090 3654; x_wconf 85' lang='grc' dir='ltr'>μικρῶν</span> <span class='ocrx_word' id='word_1_311' title='bbox 1121 3584 1476 3655; x_wconf 78' lang='grc' dir='ltr'>χαρακτήρων</span> <span class='ocrx_word' id='word_1_312' title='bbox 1506 3582 1571 3632; x_wconf 87' lang='grc' dir='ltr'>τά</span> <span class='ocrx_word' id='word_1_313' title='bbox 1601 3589 1691 3640; x_wconf 79' lang='grc' dir='ltr'>τῆς</span> <span class='ocrx_word' id='word_1_314' title='bbox 1719 3599 1836 3632; x_wconf 89' lang='grc' dir='ltr'>κοι-</span> 
     </span>
    </p>
   </div>
   <div class='ocr_carea' id='block_1_42' title="bbox 234 3667 1840 3742">
    <p class='ocr_par' dir='ltr' id='par_1_42' title="bbox 234 3667 1840 3742">
     <span class='ocr_line' id='line_1_42' title="bbox 234 3667 1840 3742; baseline 0.004 -26"><span class='ocrx_word' id='word_1_315' title='bbox 234 3671 435 3728; x_wconf 83' lang='grc' dir='ltr'>νωνίας</span> <span class='ocrx_word' id='word_1_316' title='bbox 480 3669 582 3740; x_wconf 73' lang='lat'>(38).</span> <span class='ocrx_word' id='word_1_317' title='bbox 629 3667 869 3741; x_wconf 78' lang='grc' dir='ltr'>σύμϐολα</span> <span class='ocrx_word' id='word_1_318' title='bbox 899 3667 1000 3720; x_wconf 80' lang='grc' dir='ltr'>ἀπὸ</span> <span class='ocrx_word' id='word_1_319' title='bbox 1027 3671 1260 3742; x_wconf 76' lang='grc' dir='ltr'>περάτων</span> <span class='ocrx_word' id='word_1_320' title='bbox 1292 3677 1384 3730; x_wconf 80' lang='grc' dir='ltr'>τῆς</span> <span class='ocrx_word' id='word_1_321' title='bbox 1413 3677 1514 3741; x_wconf 74' lang='grc' dir='ltr'>γῆς</span> <span class='ocrx_word' id='word_1_322' title='bbox 1545 3669 1610 3729; x_wconf 84' lang='grc' dir='ltr'>εὶς</span> <span class='ocrx_word' id='word_1_323' title='bbox 1639 3673 1840 3742; x_wconf 85' lang='grc' dir='ltr'>πέρατα</span> 
     </span>
    </p>
   </div>
   <div class='ocr_carea' id='block_1_43' title="bbox 230 3757 1840 3829">
    <p class='ocr_par' dir='ltr' id='par_1_43' title="bbox 230 3757 1840 3829">
     <span class='ocr_line' id='line_1_43' title="bbox 230 3757 1840 3829; baseline 0.003 -24"><span class='ocrx_word' id='word_1_324' title='bbox 230 3759 623 3829; x_wconf 55' lang='grc' dir='ltr'>περιφέρεσθαι,</span> <span class='ocrx_word' id='word_1_325' title='bbox 675 3762 764 3809; x_wconf 82' lang='grc' dir='ltr'>καὶ</span> <span class='ocrx_word' id='word_1_326' title='bbox 811 3760 1006 3817; x_wconf 78' lang='grc' dir='ltr'>πάντας</span> <span class='ocrx_word' id='word_1_327' title='bbox 1044 3763 1177 3810; x_wconf 87' lang='grc' dir='ltr'>πᾶσι</span> <span class='ocrx_word' id='word_1_328' title='bbox 1237 3757 1450 3819; x_wconf 84' lang='grc' dir='ltr'>πολίτας</span> <span class='ocrx_word' id='word_1_329' title='bbox 1497 3763 1587 3810; x_wconf 85' lang='grc' dir='ltr'>καὶ</span> <span class='ocrx_word' id='word_1_330' title='bbox 1625 3763 1840 3819; x_wconf 78' lang='grc' dir='ltr'>οἰκείους</span> 
     </span>
    </p>
   </div>
   <div class='ocr_carea' id='block_1_44' title="bbox 230 3840 1840 3919">
    <p class='ocr_par' dir='ltr' id='par_1_44' title="bbox 230 3840 1840 3919">
     <span class='ocr_line' id='line_1_44' title="bbox 230 3840 1840 3919; baseline 0.003 -26"><span class='ocrx_word' id='word_1_331' title='bbox 230 3840 396 3914; x_wconf 75' lang='grc' dir='ltr'>εἶναι,</span> <span class='ocrx_word' id='word_1_332' title='bbox 443 3854 528 3896; x_wconf 70' lang='grc' dir='ltr'>νῦν</span> <span class='ocrx_word' id='word_1_333' title='bbox 571 3845 921 3919; x_wconf 79' lang='grc' dir='ltr'>ἀποτέμνομεν</span> <span class='ocrx_word' id='word_1_334' title='bbox 973 3845 1189 3907; x_wconf 79' lang='grc' dir='ltr'>ἑαυτοὺς</span> <span class='ocrx_word' id='word_1_335' title='bbox 1236 3855 1332 3906; x_wconf 76' lang='grc' dir='ltr'>τῆς</span> <span class='ocrx_word' id='word_1_336' title='bbox 1382 3847 1708 3919; x_wconf 85' lang='grc' dir='ltr'>οἰκουμένης,</span> <span class='ocrx_word' id='word_1_337' title='bbox 1751 3851 1840 3898; x_wconf 85' lang='grc' dir='ltr'>καὶ</span> 
     </span>
    </p>
   </div>
   <div class='ocr_carea' id='block_1_45' title="bbox 227 3932 1842 4010">
    <p class='ocr_par' dir='ltr' id='par_1_45' title="bbox 227 3932 1842 4010">
     <span class='ocr_line' id='line_1_45' title="bbox 227 3932 1842 4010; baseline 0.004 -29"><span class='ocrx_word' id='word_1_338' title='bbox 227 3935 355 3984; x_wconf 70' lang='grc' dir='ltr'>οὔτε</span> <span class='ocrx_word' id='word_1_339' title='bbox 411 3932 842 4008; x_wconf 78' lang='grc' dir='ltr'>ἕπαισχυνὸμεθα</span> <span class='ocrx_word' id='word_1_340' title='bbox 1001 3940 1246 4006; x_wconf 83' lang='grc' dir='ltr'>μονώσει,</span> <span class='ocrx_word' id='word_1_341' title='bbox 1288 3937 1405 3986; x_wconf 71' lang='grc' dir='ltr'>οὔτε</span> <span class='ocrx_word' id='word_1_342' title='bbox 1449 3935 1642 4008; x_wconf 81' lang='grc' dir='ltr'>ζημίαν</span> <span class='ocrx_word' id='word_1_343' title='bbox 1675 3940 1842 4010; x_wconf 75' lang='grc' dir='ltr'>φέρειν</span> 
     </span>
    </p>
   </div>
   <div class='ocr_carea' id='block_1_46' title="bbox 227 4017 1841 4096">
    <p class='ocr_par' dir='ltr' id='par_1_46' title="bbox 227 4017 1841 4096">
     <span class='ocr_line' id='line_1_46' title="bbox 227 4017 1841 4096; baseline 0.004 -27"><span class='ocrx_word' id='word_1_344' title='bbox 227 4022 320 4070; x_wconf 83' lang='grc' dir='ltr'>τόν</span> <span class='ocrx_word' id='word_1_345' title='bbox 375 4017 719 4096; x_wconf 76' lang='grc' dir='ltr'>διασπασμὸν</span> <span class='ocrx_word' id='word_1_346' title='bbox 768 4031 864 4085; x_wconf 83' lang='grc' dir='ltr'>τῆς</span> <span class='ocrx_word' id='word_1_347' title='bbox 902 4024 1143 4095; x_wconf 86' lang='grc' dir='ltr'>ὁμονοίας</span> <span class='ocrx_word' id='word_1_348' title='bbox 1170 4024 1434 4095; x_wconf 86' lang='grc' dir='ltr'>τιθέμεθα·</span> <span class='ocrx_word' id='word_1_349' title='bbox 1465 4028 1580 4076; x_wconf 74' lang='grc' dir='ltr'>οὔτε</span> <span class='ocrx_word' id='word_1_350' title='bbox 1611 4028 1841 4096; x_wconf 81' lang='grc' dir='ltr'>φρίσσο-</span> 
     </span>
    </p>
   </div>
   <div class='ocr_carea' id='block_1_47' title="bbox 229 4110 1843 4186">
    <p class='ocr_par' dir='ltr' id='par_1_47' title="bbox 229 4110 1843 4186">
     <span class='ocr_line' id='line_1_47' title="bbox 229 4110 1843 4186; baseline 0.002 -26"><span class='ocrx_word' id='word_1_351' title='bbox 229 4129 348 4181; x_wconf 60' lang='grc' dir='ltr'>μὲᾞ,</span> <span class='ocrx_word' id='word_1_352' title='bbox 406 4113 484 4162; x_wconf 86' lang='grc' dir='ltr'>ὅτι</span> <span class='ocrx_word' id='word_1_353' title='bbox 528 4113 600 4172; x_wconf 86' lang='grc' dir='ltr'>εἰς</span> <span class='ocrx_word' id='word_1_354' title='bbox 642 4114 782 4184; x_wconf 75' lang='grc' dir='ltr'>ἡμᾶς</span> <span class='ocrx_word' id='word_1_355' title='bbox 832 4113 1009 4184; x_wconf 75' lang='grc' dir='ltr'>φθάνει</span> <span class='ocrx_word' id='word_1_356' title='bbox 1059 4115 1088 4170; x_wconf 76' lang='grc' dir='ltr'>ἡ</span> <span class='ocrx_word' id='word_1_357' title='bbox 1125 4110 1317 4186; x_wconf 74' lang='grc' dir='ltr'>φοϐερὰ</span> <span class='ocrx_word' id='word_1_358' title='bbox 1344 4119 1434 4164; x_wconf 81' lang='grc' dir='ltr'>τοῦ</span> <span class='ocrx_word' id='word_1_359' title='bbox 1472 4117 1666 4186; x_wconf 82' lang='grc' dir='ltr'>Κυρίου</span> <span class='ocrx_word' id='word_1_360' title='bbox 1699 4115 1843 4184; x_wconf 82' lang='grc' dir='ltr'>ἡμῶν</span> 
     </span>
    </p>
   </div>
   <div class='ocr_carea' id='block_1_48' title="bbox 224 4201 1841 4271">
    <p class='ocr_par' dir='ltr' id='par_1_48' title="bbox 224 4201 1841 4271">
     <span class='ocr_line' id='line_1_48' title="bbox 224 4201 1841 4271; baseline 0.004 -23"><span class='ocrx_word' id='word_1_361' title='bbox 224 4206 550 4271; x_wconf 58' lang='grc' dir='ltr'>προφητεία,</span> <span class='ocrx_word' id='word_1_362' title='bbox 585 4202 839 4270; x_wconf 83' lang='grc' dir='ltr'>εἰπόντος,</span> <span class='ocrx_word' id='word_1_363' title='bbox 871 4204 952 4254; x_wconf 85' lang='grc' dir='ltr'>ὅτι</span> <span class='ocrx_word' id='word_1_364' title='bbox 990 4203 1086 4253; x_wconf 83' lang='grc' dir='ltr'>Διὰ</span> <span class='ocrx_word' id='word_1_365' title='bbox 1115 4205 1172 4253; x_wconf 83' lang='grc' dir='ltr'>τὸ</span> <span class='ocrx_word' id='word_1_366' title='bbox 1211 4201 1570 4260; x_wconf 79' lang='grc' dir='ltr'>πληθυνθῆναι</span> <span class='ocrx_word' id='word_1_367' title='bbox 1601 4207 1694 4261; x_wconf 81' lang='grc' dir='ltr'>τὴν</span> <span class='ocrx_word' id='word_1_368' title='bbox 1726 4202 1841 4254; x_wconf 76' lang='grc' dir='ltr'>ἀνο-</span> 
     </span>
    </p>
   </div>
   <div class='ocr_carea' id='block_1_49' title="bbox 223 4287 1362 4362">
    <p class='ocr_par' dir='ltr' id='par_1_49' title="bbox 223 4287 1362 4362">
     <span class='ocr_line' id='line_1_49' title="bbox 223 4287 1362 4362; baseline 0.004 -25"><span class='ocrx_word' id='word_1_369' title='bbox 223 4293 386 4359; x_wconf 77' lang='grc' dir='ltr'>μίαν,</span> <span class='ocrx_word' id='word_1_370' title='bbox 418 4289 721 4360; x_wconf 59' lang='grc' dir='ltr'>ψυγήσεται</span> <span class='ocrx_word' id='word_1_371' title='bbox 747 4287 774 4349; x_wconf 70' lang='grc' dir='ltr'><em>ἦ</em></span> <span class='ocrx_word' id='word_1_372' title='bbox 805 4289 982 4362; x_wconf 73' lang='grc' dir='ltr'>ἀγάπη</span> <span class='ocrx_word' id='word_1_373' title='bbox 1013 4297 1112 4342; x_wconf 89' lang='grc' dir='ltr'>τῶν</span> <span class='ocrx_word' id='word_1_374' title='bbox 1141 4289 1362 4346; x_wconf 88' lang='grc' dir='ltr'>πολλῶν,</span> 
     </span>
    </p>
   </div>
   <div class='ocr_carea' id='block_1_50' title="bbox 1937 431 3596 505">
    <p class='ocr_par' dir='ltr' id='par_1_50' title="bbox 1937 431 3596 505">
     <span class='ocr_line' id='line_1_50' title="bbox 1937 431 3596 505; baseline 0.01 -20"><span class='ocrx_word' id='word_1_375' title='bbox 1937 431 2277 489; x_wconf 91' lang='lat' dir='ltr'>admonens</span> <span class='ocrx_word' id='word_1_376' title='bbox 2317 435 2380 491; x_wconf 89' lang='lat' dir='ltr'>in</span> <span class='ocrx_word' id='word_1_377' title='bbox 2429 437 2737 505; x_wconf 90' lang='lat' dir='ltr'>charitate,</span> <span class='ocrx_word' id='word_1_378' title='bbox 2779 443 2836 494; x_wconf 92' lang='lat' dir='ltr'>et</span> <span class='ocrx_word' id='word_1_379' title='bbox 2875 437 2956 494; x_wconf 90' lang='lat' dir='ltr'>ad</span> <span class='ocrx_word' id='word_1_380' title='bbox 2985 440 3477 499; x_wconf 80' lang='lat' dir='ltr'>emendationem</span> <span class='ocrx_word' id='word_1_381' title='bbox 3503 459 3596 500; x_wconf 87' lang='lat' dir='ltr'>ar-</span> 
     </span>
    </p>
   </div>
   <div class='ocr_carea' id='block_1_51' title="bbox 1935 525 3595 599">
    <p class='ocr_par' dir='ltr' id='par_1_51' title="bbox 1935 525 3595 599">
     <span class='ocr_line' id='line_1_51' title="bbox 1935 525 3595 599; baseline 0.009 -26"><span class='ocrx_word' id='word_1_382' title='bbox 1935 535 2127 589; x_wconf 88' lang='lat' dir='ltr'>guens</span> <span class='ocrx_word' id='word_1_383' title='bbox 2153 540 2167 591; x_wconf 90' lang='lat'><strong>;</strong></span> <span class='ocrx_word' id='word_1_384' title='bbox 2198 539 2396 595; x_wconf 89' lang='lat' dir='ltr'>neque</span> <span class='ocrx_word' id='word_1_385' title='bbox 2420 542 2529 581; x_wconf 89' lang='lat' dir='ltr'>vos</span> <span class='ocrx_word' id='word_1_386' title='bbox 2554 525 2962 582; x_wconf 87' lang='lat' dir='ltr'>conviciorum</span> <span class='ocrx_word' id='word_1_387' title='bbox 2994 527 3300 585; x_wconf 79' lang='lat' dir='ltr'>auditores</span> <span class='ocrx_word' id='word_1_388' title='bbox 3331 530 3595 599; x_wconf 89' lang='lat' dir='ltr'>sitis,sed</span> 
     </span>
    </p>
   </div>
   <div class='ocr_carea' id='block_1_52' title="bbox 1937 614 3594 687">
    <p class='ocr_par' dir='ltr' id='par_1_52' title="bbox 1937 614 3594 687">
     <span class='ocr_line' id='line_1_52' title="bbox 1937 614 3594 687; baseline 0.007 -21"><span class='ocrx_word' id='word_1_389' title='bbox 1937 617 2435 680; x_wconf 89' lang='lat' dir='ltr'>argumentorum</span> <span class='ocrx_word' id='word_1_390' title='bbox 2460 614 2726 686; x_wconf 88' lang='lat' dir='ltr'>judices:</span> <span class='ocrx_word' id='word_1_391' title='bbox 2760 631 2958 687; x_wconf 90' lang='lat' dir='ltr'>neque</span> <span class='ocrx_word' id='word_1_392' title='bbox 2986 633 3099 673; x_wconf 89' lang='lat' dir='ltr'>nos</span> <span class='ocrx_word' id='word_1_393' title='bbox 3132 618 3389 676; x_wconf 89' lang='lat' dir='ltr'>incurati</span> <span class='ocrx_word' id='word_1_394' title='bbox 3419 621 3594 678; x_wconf 88' lang='lat' dir='ltr'>relin-</span> 
     </span>
    </p>
   </div>
   <div class='ocr_carea' id='block_1_53' title="bbox 1936 704 3376 773">
    <p class='ocr_par' dir='ltr' id='par_1_53' title="bbox 1936 704 3376 773">
     <span class='ocr_line' id='line_1_53' title="bbox 1936 704 3376 773; baseline 0.006 -17"><span class='ocrx_word' id='word_1_395' title='bbox 1936 716 2218 773; x_wconf 86' lang='lat' dir='ltr'>quamur,</span> <span class='ocrx_word' id='word_1_396' title='bbox 2249 707 2456 760; x_wconf 88' lang='lat' dir='ltr'>nostro</span> <span class='ocrx_word' id='word_1_397' title='bbox 2482 704 2659 760; x_wconf 85' lang='lat' dir='ltr'>nobis</span> <span class='ocrx_word' id='word_1_398' title='bbox 2685 719 2809 761; x_wconf 89' lang='lat' dir='ltr'>non</span> <span class='ocrx_word' id='word_1_399' title='bbox 2840 705 3103 762; x_wconf 88' lang='lat' dir='ltr'>indicato</span> <span class='ocrx_word' id='word_1_400' title='bbox 3137 707 3376 765; x_wconf 88' lang='lat' dir='ltr'>delicto.</span> 
     </span>
    </p>
   </div>
   <div class='ocr_carea' id='block_1_54' title="bbox 2009 915 3592 993">
    <p class='ocr_par' dir='ltr' id='par_1_54' title="bbox 2009 915 3592 993">
     <span class='ocr_line' id='line_1_54' title="bbox 2009 915 3592 993; baseline 0.004 -23"><span class='ocrx_word' id='word_1_401' title='bbox 2009 917 2061 970; x_wconf 87' lang='lat'>3.</span> <span class='ocrx_word' id='word_1_402' title='bbox 2095 918 2224 971; x_wconf 83' lang='lat' dir='ltr'>Non</span> <span class='ocrx_word' id='word_1_403' title='bbox 2254 915 2416 972; x_wconf 91' lang='lat' dir='ltr'>enim</span> <span class='ocrx_word' id='word_1_404' title='bbox 2444 931 2554 971; x_wconf 90' lang='lat' dir='ltr'>vos</span> <span class='ocrx_word' id='word_1_405' title='bbox 2583 915 2687 973; x_wconf 87' lang='lat' dir='ltr'>illa</span> <span class='ocrx_word' id='word_1_406' title='bbox 2707 917 2988 987; x_wconf 85' lang='lat' dir='ltr'>cogitatio</span> <span class='ocrx_word' id='word_1_407' title='bbox 3015 917 3277 975; x_wconf 84' lang='lat' dir='ltr'>detineat</span> <span class='ocrx_word' id='word_1_408' title='bbox 3303 936 3318 974; x_wconf 85' lang='lat'><strong>:</strong></span> <span class='ocrx_word' id='word_1_409' title='bbox 3351 923 3468 977; x_wconf 87' lang='lat' dir='ltr'>Nos</span> <span class='ocrx_word' id='word_1_410' title='bbox 3485 921 3592 993; x_wconf 87' lang='lat' dir='ltr'>qui</span> 
     </span>
    </p>
   </div>
   <div class='ocr_carea' id='block_1_55' title="bbox 1939 1004 3593 1073">
    <p class='ocr_par' dir='ltr' id='par_1_55' title="bbox 1939 1004 3593 1073">
     <span class='ocr_line' id='line_1_55' title="bbox 1939 1004 3593 1073; baseline 0.005 -16"><span class='ocrx_word' id='word_1_411' title='bbox 1939 1004 2244 1061; x_wconf 88' lang='lat' dir='ltr'>maritima</span> <span class='ocrx_word' id='word_1_412' title='bbox 2265 1004 2400 1062; x_wconf 92' lang='lat' dir='ltr'>loca</span> <span class='ocrx_word' id='word_1_413' title='bbox 2428 1005 2775 1073; x_wconf 88' lang='lat' dir='ltr'>incolimus,</span> <span class='ocrx_word' id='word_1_414' title='bbox 2807 1011 2975 1062; x_wconf 80' lang='lat' dir='ltr'>extra</span> <span class='ocrx_word' id='word_1_415' title='bbox 2999 1007 3330 1064; x_wconf 87' lang='lat' dir='ltr'>multorum</span> <span class='ocrx_word' id='word_1_416' title='bbox 3360 1010 3593 1066; x_wconf 89' lang='lat' dir='ltr'>malum</span> 
     </span>
    </p>
   </div>
   <div class='ocr_carea' id='block_1_56' title="bbox 1939 1094 3596 1170">
    <p class='ocr_par' dir='ltr' id='par_1_56' title="bbox 1939 1094 3596 1170">
     <span class='ocr_line' id='line_1_56' title="bbox 1939 1094 3596 1170; baseline 0.004 -23"><span class='ocrx_word' id='word_1_417' title='bbox 1939 1109 2172 1162; x_wconf 91' lang='lat' dir='ltr'>sumus,</span> <span class='ocrx_word' id='word_1_418' title='bbox 2211 1109 2323 1150; x_wconf 91' lang='lat' dir='ltr'>nec</span> <span class='ocrx_word' id='word_1_419' title='bbox 2371 1094 2631 1151; x_wconf 90' lang='lat' dir='ltr'>aliorum</span> <span class='ocrx_word' id='word_1_420' title='bbox 2677 1094 3022 1164; x_wconf 84' lang='lat' dir='ltr'>indigemus</span> <span class='ocrx_word' id='word_1_421' title='bbox 3069 1096 3330 1152; x_wconf 85' lang='lat' dir='ltr'>auxilio:</span> <span class='ocrx_word' id='word_1_422' title='bbox 3379 1113 3596 1170; x_wconf 89' lang='lat' dir='ltr'>quam-</span> 
     </span>
    </p>
   </div>
   <div class='ocr_carea' id='block_1_57' title="bbox 1937 1180 3595 1256">
    <p class='ocr_par' dir='ltr' id='par_1_57' title="bbox 1937 1180 3595 1256">
     <span class='ocr_line' id='line_1_57' title="bbox 1937 1180 3595 1256; baseline 0.003 -19"><span class='ocrx_word' id='word_1_423' title='bbox 1937 1180 2148 1237; x_wconf 91' lang='lat' dir='ltr'>obrem</span> <span class='ocrx_word' id='word_1_424' title='bbox 2175 1183 2326 1255; x_wconf 90' lang='lat' dir='ltr'>quid</span> <span class='ocrx_word' id='word_1_425' title='bbox 2355 1183 2532 1239; x_wconf 85' lang='lat' dir='ltr'>nobis</span> <span class='ocrx_word' id='word_1_426' title='bbox 2559 1200 2714 1256; x_wconf 90' lang='lat' dir='ltr'>opus</span> <span class='ocrx_word' id='word_1_427' title='bbox 2744 1188 2833 1240; x_wconf 89' lang='lat' dir='ltr'>est</span> <span class='ocrx_word' id='word_1_428' title='bbox 2857 1200 2996 1239; x_wconf 93' lang='lat' dir='ltr'>cum</span> <span class='ocrx_word' id='word_1_429' title='bbox 3022 1184 3154 1240; x_wconf 86' lang='lat' dir='ltr'>aliis</span> <span class='ocrx_word' id='word_1_430' title='bbox 3185 1187 3536 1242; x_wconf 90' lang='lat' dir='ltr'>communio</span> <span class='ocrx_word' id='word_1_431' title='bbox 3566 1186 3595 1242; x_wconf 66' lang='grc' dir='ltr'>*Γ</span> 
     </span>
    </p>
   </div>
   <div class='ocr_carea' id='block_1_58' title="bbox 1937 1271 3594 1346">
    <p class='ocr_par' dir='ltr' id='par_1_58' title="bbox 1937 1271 3594 1346">
     <span class='ocr_line' id='line_1_58' title="bbox 1937 1271 3594 1346; baseline 0.004 -21"><span class='ocrx_word' id='word_1_432' title='bbox 1937 1271 2228 1326; x_wconf 89' lang='lat' dir='ltr'>Dominus</span> <span class='ocrx_word' id='word_1_433' title='bbox 2277 1272 2440 1328; x_wconf 88' lang='lat' dir='ltr'>enim</span> <span class='ocrx_word' id='word_1_434' title='bbox 2487 1273 2719 1329; x_wconf 87' lang='lat' dir='ltr'>insulas</span> <span class='ocrx_word' id='word_1_435' title='bbox 2767 1273 3014 1344; x_wconf 88' lang='lat' dir='ltr'>quidem</span> <span class='ocrx_word' id='word_1_436' title='bbox 3043 1290 3080 1330; x_wconf 89' lang='lat' dir='ltr'>a</span> <span class='ocrx_word' id='word_1_437' title='bbox 3109 1275 3452 1331; x_wconf 86' lang='lat' dir='ltr'>continente</span> <span class='ocrx_word' id='word_1_438' title='bbox 3483 1289 3594 1346; x_wconf 89' lang='lat' dir='ltr'>per</span> 
     </span>
    </p>
   </div>
   <div class='ocr_carea' id='block_1_59' title="bbox 1935 1359 3592 1435">
    <p class='ocr_par' dir='ltr' id='par_1_59' title="bbox 1935 1359 3592 1435">
     <span class='ocr_line' id='line_1_59' title="bbox 1935 1359 3592 1435; baseline 0.004 -21"><span class='ocrx_word' id='word_1_439' title='bbox 1935 1375 2104 1415; x_wconf 90' lang='lat' dir='ltr'>mare</span> <span class='ocrx_word' id='word_1_440' title='bbox 2133 1359 2335 1416; x_wconf 87' lang='lat' dir='ltr'>divisit</span> <span class='ocrx_word' id='word_1_441' title='bbox 2363 1361 2736 1416; x_wconf 89' lang='lat' dir='ltr'>:insularum</span> <span class='ocrx_word' id='word_1_442' title='bbox 2764 1376 2908 1417; x_wconf 89' lang='lat' dir='ltr'>vero</span> <span class='ocrx_word' id='word_1_443' title='bbox 2938 1361 3168 1417; x_wconf 89' lang='lat' dir='ltr'>incolas</span> <span class='ocrx_word' id='word_1_444' title='bbox 3198 1379 3305 1435; x_wconf 89' lang='lat' dir='ltr'>per</span> <span class='ocrx_word' id='word_1_445' title='bbox 3334 1363 3592 1420; x_wconf 89' lang='lat' dir='ltr'>charita-</span> 
     </span>
    </p>
   </div>
   <div class='ocr_carea' id='block_1_60' title="bbox 1936 1449 3595 1520">
    <p class='ocr_par' dir='ltr' id='par_1_60' title="bbox 1936 1449 3595 1520">
     <span class='ocr_line' id='line_1_60' title="bbox 1936 1449 3595 1520; baseline 0.004 -17"><span class='ocrx_word' id='word_1_446' title='bbox 1936 1452 2057 1504; x_wconf 91' lang='lat' dir='ltr'>tem</span> <span class='ocrx_word' id='word_1_447' title='bbox 2098 1464 2238 1504; x_wconf 91' lang='lat' dir='ltr'>cum</span> <span class='ocrx_word' id='word_1_448' title='bbox 2280 1449 2496 1505; x_wconf 87' lang='lat' dir='ltr'>incolis</span> <span class='ocrx_word' id='word_1_449' title='bbox 2526 1449 2888 1506; x_wconf 88' lang='lat' dir='ltr'>continentis</span> <span class='ocrx_word' id='word_1_450' title='bbox 2925 1449 3144 1520; x_wconf 83' lang='lat' dir='ltr'>juuxit.</span> <span class='ocrx_word' id='word_1_451' title='bbox 3191 1451 3342 1507; x_wconf 82' lang='lat' dir='ltr'>Nihil</span> <span class='ocrx_word' id='word_1_452' title='bbox 3372 1467 3484 1507; x_wconf 88' lang='lat' dir='ltr'>nos</span> <span class='ocrx_word' id='word_1_453' title='bbox 3514 1451 3595 1509; x_wconf 87' lang='lat' dir='ltr'>ab</span> 
     </span>
    </p>
   </div>
   <div class='ocr_carea' id='block_1_61' title="bbox 1934 1536 3594 1612">
    <p class='ocr_par' dir='ltr' id='par_1_61' title="bbox 1934 1536 3594 1612">
     <span class='ocr_line' id='line_1_61' title="bbox 1934 1536 3594 1612; baseline 0.004 -21"><span class='ocrx_word' id='word_1_454' title='bbox 1934 1536 2212 1602; x_wconf 91' lang='lat' dir='ltr'>invicem,</span> <span class='ocrx_word' id='word_1_455' title='bbox 2262 1538 2500 1606; x_wconf 86' lang='lat' dir='ltr'>fratres,</span> <span class='ocrx_word' id='word_1_456' title='bbox 2558 1542 2820 1610; x_wconf 86' lang='lat' dir='ltr'>separat,</span> <span class='ocrx_word' id='word_1_457' title='bbox 2871 1539 2988 1594; x_wconf 91' lang='lat' dir='ltr'>nisi</span> <span class='ocrx_word' id='word_1_458' title='bbox 3039 1540 3226 1595; x_wconf 89' lang='lat' dir='ltr'>animi</span> <span class='ocrx_word' id='word_1_459' title='bbox 3283 1540 3594 1612; x_wconf 89' lang='lat' dir='ltr'>proposito</span> 
     </span>
    </p>
   </div>
   <div class='ocr_carea' id='block_1_62' title="bbox 1935 1624 3592 1697">
    <p class='ocr_par' dir='ltr' id='par_1_62' title="bbox 1935 1624 3592 1697">
     <span class='ocr_line' id='line_1_62' title="bbox 1935 1624 3592 1697; baseline 0.002 -17"><span class='ocrx_word' id='word_1_460' title='bbox 1935 1624 2525 1682; x_wconf 89' lang='lat' dir='ltr'>dissociemur.Unus</span> <span class='ocrx_word' id='word_1_461' title='bbox 2554 1627 2732 1683; x_wconf 92' lang='lat' dir='ltr'>nobis</span> <span class='ocrx_word' id='word_1_462' title='bbox 2757 1631 2845 1682; x_wconf 90' lang='lat' dir='ltr'>est</span> <span class='ocrx_word' id='word_1_463' title='bbox 2871 1627 3182 1696; x_wconf 90' lang='lat' dir='ltr'>Dominus,</span> <span class='ocrx_word' id='word_1_464' title='bbox 3204 1642 3329 1684; x_wconf 87' lang='lat' dir='ltr'>una</span> <span class='ocrx_word' id='word_1_465' title='bbox 3348 1628 3500 1684; x_wconf 87' lang='lat' dir='ltr'>ﬁdes</span> <span class='ocrx_word' id='word_1_466' title='bbox 3521 1630 3592 1697; x_wconf 67' lang='grc' dir='ltr'>θ’,</span> 
     </span>
    </p>
   </div>
   <div class='ocr_carea' id='block_1_63' title="bbox 1866 1693 3595 1787">
    <p class='ocr_par' dir='ltr' id='par_1_63' title="bbox 1866 1693 3595 1787">
     <span class='ocr_line' id='line_1_63' title="bbox 1866 1693 3595 1787; baseline 0.003 -19"><span class='ocrx_word' id='word_1_467' title='bbox 1866 1693 1906 1746; x_wconf 78' lang='grc' dir='ltr'>Β</span> <span class='ocrx_word' id='word_1_468' title='bbox 1938 1730 2076 1786; x_wconf 89' lang='lat' dir='ltr'>spes</span> <span class='ocrx_word' id='word_1_469' title='bbox 2105 1715 2344 1771; x_wconf 90' lang='lat' dir='ltr'>eadem.</span> <span class='ocrx_word' id='word_1_470' title='bbox 2387 1717 2520 1772; x_wconf 84' lang='lat' dir='ltr'>Sive</span> <span class='ocrx_word' id='word_1_471' title='bbox 2546 1719 2731 1787; x_wconf 89' lang='lat' dir='ltr'>caput</span> <span class='ocrx_word' id='word_1_472' title='bbox 2757 1715 3038 1787; x_wconf 88' lang='lat' dir='ltr'>vosipsos</span> <span class='ocrx_word' id='word_1_473' title='bbox 3069 1717 3368 1772; x_wconf 62' lang='lat' dir='ltr'>universa</span> <span class='ocrx_word' id='word_1_474' title='bbox 3401 1717 3595 1773; x_wconf 88' lang='lat' dir='ltr'>Eccle-</span> 
     </span>
    </p>
   </div>
   <div class='ocr_carea' id='block_1_64' title="bbox 1937 1804 3592 1879">
    <p class='ocr_par' dir='ltr' id='par_1_64' title="bbox 1937 1804 3592 1879">
     <span class='ocr_line' id='line_1_64' title="bbox 1937 1804 3592 1879; baseline 0.004 -21"><span class='ocrx_word' id='word_1_475' title='bbox 1937 1804 2038 1859; x_wconf 73' lang='lat' dir='ltr'>sia:</span> <span class='ocrx_word' id='word_1_476' title='bbox 2079 1804 2453 1874; x_wconf 79' lang='lat' dir='ltr'>existimatis,</span> <span class='ocrx_word' id='word_1_477' title='bbox 2484 1821 2609 1861; x_wconf 92' lang='lat' dir='ltr'>non</span> <span class='ocrx_word' id='word_1_478' title='bbox 2641 1808 2838 1877; x_wconf 88' lang='lat' dir='ltr'>potest</span> <span class='ocrx_word' id='word_1_479' title='bbox 2863 1809 3046 1876; x_wconf 89' lang='lat' dir='ltr'>caput</span> <span class='ocrx_word' id='word_1_480' title='bbox 3069 1805 3264 1862; x_wconf 84' lang='lat' dir='ltr'>dicere</span> <span class='ocrx_word' id='word_1_481' title='bbox 3295 1807 3592 1879; x_wconf 85' lang='lat' dir='ltr'>pedibus:</span> 
     </span>
    </p>
   </div>
   <div class='ocr_carea' id='block_1_65' title="bbox 1937 1893 3594 1964">
    <p class='ocr_par' dir='ltr' id='par_1_65' title="bbox 1937 1893 3594 1964">
     <span class='ocr_line' id='line_1_65' title="bbox 1937 1893 3594 1964; baseline 0.001 -16"><span class='ocrx_word' id='word_1_482' title='bbox 1937 1894 2063 1948; x_wconf 86' lang='lat' dir='ltr'>Non</span> <span class='ocrx_word' id='word_1_483' title='bbox 2113 1895 2201 1948; x_wconf 91' lang='lat' dir='ltr'>est</span> <span class='ocrx_word' id='word_1_484' title='bbox 2242 1893 2389 1948; x_wconf 85' lang='lat' dir='ltr'>mihi</span> <span class='ocrx_word' id='word_1_485' title='bbox 2436 1908 2592 1964; x_wconf 93' lang='lat' dir='ltr'>opus</span> <span class='ocrx_word' id='word_1_486' title='bbox 2621 1893 2816 1948; x_wconf 85' lang='lat' dir='ltr'>vobis.</span> <span class='ocrx_word' id='word_1_487' title='bbox 2867 1893 2999 1949; x_wconf 85' lang='lat' dir='ltr'>Sive</span> <span class='ocrx_word' id='word_1_488' title='bbox 3029 1909 3138 1948; x_wconf 87' lang='lat' dir='ltr'>vos</span> <span class='ocrx_word' id='word_1_489' title='bbox 3165 1893 3225 1949; x_wconf 91' lang='lat' dir='ltr'>in</span> <span class='ocrx_word' id='word_1_490' title='bbox 3255 1894 3374 1950; x_wconf 88' lang='lat' dir='ltr'>alio</span> <span class='ocrx_word' id='word_1_491' title='bbox 3405 1911 3594 1950; x_wconf 90' lang='lat' dir='ltr'>mem-</span> 
     </span>
    </p>
   </div>
   <div class='ocr_carea' id='block_1_66' title="bbox 1936 1981 3594 2055">
    <p class='ocr_par' dir='ltr' id='par_1_66' title="bbox 1936 1981 3594 2055">
     <span class='ocr_line' id='line_1_66' title="bbox 1936 1981 3594 2055; baseline 0.002 -19"><span class='ocrx_word' id='word_1_492' title='bbox 1936 1981 2188 2038; x_wconf 87' lang='lat' dir='ltr'>brorum</span> <span class='ocrx_word' id='word_1_493' title='bbox 2226 1981 2770 2038; x_wconf 83' lang='lat' dir='ltr'>ecclesiasticorum</span> <span class='ocrx_word' id='word_1_494' title='bbox 2809 1982 3024 2038; x_wconf 89' lang='lat' dir='ltr'>ordine</span> <span class='ocrx_word' id='word_1_495' title='bbox 3064 1983 3376 2055; x_wconf 88' lang='lat' dir='ltr'>reponitis,</span> <span class='ocrx_word' id='word_1_496' title='bbox 3412 1984 3594 2040; x_wconf 86' lang='lat' dir='ltr'>nobis</span> 
     </span>
    </p>
   </div>
   <div class='ocr_carea' id='block_1_67' title="bbox 1937 2071 3592 2144">
    <p class='ocr_par' dir='ltr' id='par_1_67' title="bbox 1937 2071 3592 2144">
     <span class='ocr_line' id='line_1_67' title="bbox 1937 2071 3592 2144; baseline -0.001 -18"><span class='ocrx_word' id='word_1_497' title='bbox 1937 2071 1999 2126; x_wconf 88' lang='lat' dir='ltr'>in</span> <span class='ocrx_word' id='word_1_498' title='bbox 2025 2071 2243 2128; x_wconf 90' lang='lat' dir='ltr'>eodem</span> <span class='ocrx_word' id='word_1_499' title='bbox 2274 2087 2526 2144; x_wconf 89' lang='lat' dir='ltr'>corpore</span> <span class='ocrx_word' id='word_1_500' title='bbox 2556 2071 2889 2127; x_wconf 87' lang='lat' dir='ltr'>constitutis</span> <span class='ocrx_word' id='word_1_501' title='bbox 2919 2087 3041 2128; x_wconf 91' lang='lat' dir='ltr'>non</span> <span class='ocrx_word' id='word_1_502' title='bbox 3071 2073 3323 2144; x_wconf 87' lang='lat' dir='ltr'>potestis</span> <span class='ocrx_word' id='word_1_503' title='bbox 3353 2072 3549 2129; x_wconf 89' lang='lat' dir='ltr'>dicere</span> <span class='ocrx_word' id='word_1_504' title='bbox 3576 2074 3592 2124; x_wconf 77' lang='grc' dir='ltr'>ς</span> 
     </span>
    </p>
   </div>
   <div class='ocr_carea' id='block_1_68' title="bbox 1937 2161 3596 2231">
    <p class='ocr_par' dir='ltr' id='par_1_68' title="bbox 1937 2161 3596 2231">
     <span class='ocr_line' id='line_1_68' title="bbox 1937 2161 3596 2231; baseline 0.002 -15"><span class='ocrx_word' id='word_1_505' title='bbox 1937 2161 2122 2216; x_wconf 83' lang='lat' dir='ltr'>Vestri</span> <span class='ocrx_word' id='word_1_506' title='bbox 2147 2176 2272 2216; x_wconf 93' lang='lat' dir='ltr'>non</span> <span class='ocrx_word' id='word_1_507' title='bbox 2295 2161 2646 2231; x_wconf 76' lang='lat' dir='ltr'>indigemus</span> <span class='ocrx_word' id='word_1_508' title='bbox 2679 2162 2748 2216; x_wconf 77' lang='grc'>⁸³.</span> <span class='ocrx_word' id='word_1_509' title='bbox 2782 2164 2932 2217; x_wconf 83' lang='lat' dir='ltr'>Nam</span> <span class='ocrx_word' id='word_1_510' title='bbox 2959 2165 3018 2217; x_wconf 89' lang='lat' dir='ltr'>et</span> <span class='ocrx_word' id='word_1_511' title='bbox 3043 2177 3268 2217; x_wconf 88' lang='lat' dir='ltr'>manus</span> <span class='ocrx_word' id='word_1_512' title='bbox 3297 2161 3486 2219; x_wconf 88' lang='lat' dir='ltr'>altera</span> <span class='ocrx_word' id='word_1_513' title='bbox 3511 2162 3596 2219; x_wconf 88' lang='lat' dir='ltr'>al-</span> 
     </span>
    </p>
   </div>
   <div class='ocr_carea' id='block_1_69' title="bbox 1939 2249 3598 2322">
    <p class='ocr_par' dir='ltr' id='par_1_69' title="bbox 1939 2249 3598 2322">
     <span class='ocr_line' id='line_1_69' title="bbox 1939 2249 3598 2322; baseline 0 -14"><span class='ocrx_word' id='word_1_514' title='bbox 1939 2249 2122 2308; x_wconf 90' lang='lat' dir='ltr'>terius</span> <span class='ocrx_word' id='word_1_515' title='bbox 2169 2254 2320 2321; x_wconf 85' lang='lat' dir='ltr'>eget,</span> <span class='ocrx_word' id='word_1_516' title='bbox 2382 2253 2441 2306; x_wconf 92' lang='lat' dir='ltr'>et</span> <span class='ocrx_word' id='word_1_517' title='bbox 2490 2265 2599 2322; x_wconf 88' lang='lat' dir='ltr'>pes</span> <span class='ocrx_word' id='word_1_518' title='bbox 2639 2249 2787 2307; x_wconf 88' lang='lat' dir='ltr'>alter</span> <span class='ocrx_word' id='word_1_519' title='bbox 2815 2250 3070 2306; x_wconf 92' lang='lat' dir='ltr'>alterum</span> <span class='ocrx_word' id='word_1_520' title='bbox 3100 2251 3322 2315; x_wconf 80' lang='lat' dir='ltr'>ﬁrmat,</span> <span class='ocrx_word' id='word_1_521' title='bbox 3349 2256 3406 2309; x_wconf 89' lang='lat' dir='ltr'>et</span> <span class='ocrx_word' id='word_1_522' title='bbox 3438 2252 3598 2308; x_wconf 91' lang='lat' dir='ltr'>oculi</span> 
     </span>
    </p>
   </div>
   <div class='ocr_carea' id='block_1_70' title="bbox 1939 2339 3598 2412">
    <p class='ocr_par' dir='ltr' id='par_1_70' title="bbox 1939 2339 3598 2412">
     <span class='ocr_line' id='line_1_70' title="bbox 1939 2339 3598 2412; baseline 0.002 -18"><span class='ocrx_word' id='word_1_523' title='bbox 1939 2354 2045 2411; x_wconf 89' lang='lat' dir='ltr'>per</span> <span class='ocrx_word' id='word_1_524' title='bbox 2090 2339 2483 2396; x_wconf 86' lang='lat' dir='ltr'>concordiam</span> <span class='ocrx_word' id='word_1_525' title='bbox 2523 2339 2681 2396; x_wconf 92' lang='lat' dir='ltr'>clare</span> <span class='ocrx_word' id='word_1_526' title='bbox 2733 2355 2806 2396; x_wconf 89' lang='lat' dir='ltr'>ac</span> <span class='ocrx_word' id='word_1_527' title='bbox 2851 2340 3168 2412; x_wconf 89' lang='lat' dir='ltr'>perspicue</span> <span class='ocrx_word' id='word_1_528' title='bbox 3213 2340 3436 2396; x_wconf 87' lang='lat' dir='ltr'>vident.</span> <span class='ocrx_word' id='word_1_529' title='bbox 3478 2342 3598 2397; x_wconf 76' lang='lat' dir='ltr'>Nos</span> 
     </span>
    </p>
   </div>
   <div class='ocr_carea' id='block_1_71' title="bbox 1940 2428 3597 2502">
    <p class='ocr_par' dir='ltr' id='par_1_71' title="bbox 1940 2428 3597 2502">
     <span class='ocr_line' id='line_1_71' title="bbox 1940 2428 3597 2502; baseline 0.001 -18"><span class='ocrx_word' id='word_1_530' title='bbox 1940 2429 2102 2484; x_wconf 89' lang='lat' dir='ltr'>enim</span> <span class='ocrx_word' id='word_1_531' title='bbox 2131 2433 2402 2485; x_wconf 90' lang='lat' dir='ltr'>nostram</span> <span class='ocrx_word' id='word_1_532' title='bbox 2420 2429 2696 2502; x_wconf 89' lang='lat' dir='ltr'>ipsorum</span> <span class='ocrx_word' id='word_1_533' title='bbox 2716 2428 3188 2485; x_wconf 89' lang='lat' dir='ltr'>imbecillitatem</span> <span class='ocrx_word' id='word_1_534' title='bbox 3209 2429 3597 2500; x_wconf 85' lang='lat' dir='ltr'>conﬁtemur,</span> 
     </span>
    </p>
   </div>
   <div class='ocr_carea' id='block_1_72' title="bbox 1940 2517 3598 2590">
    <p class='ocr_par' dir='ltr' id='par_1_72' title="bbox 1940 2517 3598 2590">
     <span class='ocr_line' id='line_1_72' title="bbox 1940 2517 3598 2590; baseline -0.001 -16"><span class='ocrx_word' id='word_1_535' title='bbox 1940 2534 2011 2574; x_wconf 88' lang='lat' dir='ltr'>ac</span> <span class='ocrx_word' id='word_1_536' title='bbox 2040 2517 2556 2590; x_wconf 88' lang='lat' dir='ltr'>conspirationem</span> <span class='ocrx_word' id='word_1_537' title='bbox 2585 2522 2852 2574; x_wconf 85' lang='lat' dir='ltr'>vestram</span> <span class='ocrx_word' id='word_1_538' title='bbox 2875 2518 3282 2589; x_wconf 89' lang='lat' dir='ltr'>exposcimus.</span> <span class='ocrx_word' id='word_1_539' title='bbox 3306 2518 3598 2574; x_wconf 89' lang='lat' dir='ltr'>Novimus</span> 
     </span>
    </p>
   </div>
   <div class='ocr_carea' id='block_1_73' title="bbox 1939 2606 3599 2679">
    <p class='ocr_par' dir='ltr' id='par_1_73' title="bbox 1939 2606 3599 2679">
     <span class='ocr_line' id='line_1_73' title="bbox 1939 2606 3599 2679; baseline 0.001 -17"><span class='ocrx_word' id='word_1_540' title='bbox 1939 2607 2100 2664; x_wconf 90' lang='lat' dir='ltr'>enim</span> <span class='ocrx_word' id='word_1_541' title='bbox 2124 2606 2270 2673; x_wconf 87' lang='lat' dir='ltr'>fore,</span> <span class='ocrx_word' id='word_1_542' title='bbox 2302 2611 2368 2663; x_wconf 92' lang='lat' dir='ltr'>ut</span> <span class='ocrx_word' id='word_1_543' title='bbox 2393 2607 2627 2663; x_wconf 89' lang='lat' dir='ltr'>etiamsi</span> <span class='ocrx_word' id='word_1_544' title='bbox 2645 2622 2895 2678; x_wconf 90' lang='lat' dir='ltr'>corpore</span> <span class='ocrx_word' id='word_1_545' title='bbox 2925 2621 3049 2662; x_wconf 91' lang='lat' dir='ltr'>non</span> <span class='ocrx_word' id='word_1_546' title='bbox 3087 2606 3318 2677; x_wconf 87' lang='lat' dir='ltr'>adsitis,</span> <span class='ocrx_word' id='word_1_547' title='bbox 3348 2621 3599 2679; x_wconf 90' lang='lat' dir='ltr'>precum</span> 
     </span>
    </p>
   </div>
   <div class='ocr_carea' id='block_1_74' title="bbox 1941 2695 3599 2767">
    <p class='ocr_par' dir='ltr' id='par_1_74' title="bbox 1941 2695 3599 2767">
     <span class='ocr_line' id='line_1_74' title="bbox 1941 2695 3599 2767; baseline 0.001 -16"><span class='ocrx_word' id='word_1_548' title='bbox 1941 2695 2212 2752; x_wconf 89' lang='lat' dir='ltr'>subsidio</span> <span class='ocrx_word' id='word_1_549' title='bbox 2246 2710 2372 2751; x_wconf 92' lang='lat' dir='ltr'>non</span> <span class='ocrx_word' id='word_1_550' title='bbox 2398 2710 2617 2767; x_wconf 87' lang='lat' dir='ltr'>parum</span> <span class='ocrx_word' id='word_1_551' title='bbox 2647 2695 2826 2750; x_wconf 91' lang='lat' dir='ltr'>nobis</span> <span class='ocrx_word' id='word_1_552' title='bbox 2856 2695 3270 2762; x_wconf 88' lang='lat' dir='ltr'>emolumenti,</span> <span class='ocrx_word' id='word_1_553' title='bbox 3311 2696 3599 2767; x_wconf 83' lang='lat' dir='ltr'>tempori-</span> 
     </span>
    </p>
   </div>
   <div class='ocr_carea' id='block_1_75' title="bbox 1939 2781 3600 2848">
    <p class='ocr_par' dir='ltr' id='par_1_75' title="bbox 1939 2781 3600 2848">
     <span class='ocr_line' id='line_1_75' title="bbox 1939 2781 3600 2848; baseline 0 -9"><span class='ocrx_word' id='word_1_554' title='bbox 1939 2784 2057 2840; x_wconf 88' lang='lat' dir='ltr'>bus</span> <span class='ocrx_word' id='word_1_555' title='bbox 2087 2783 2350 2839; x_wconf 81' lang='lat' dir='ltr'>maxime</span> <span class='ocrx_word' id='word_1_556' title='bbox 2396 2783 2770 2848; x_wconf 90' lang='lat' dir='ltr'>necessariis,</span> <span class='ocrx_word' id='word_1_557' title='bbox 2803 2781 3087 2839; x_wconf 68' lang='lat' dir='ltr'>aﬂ‘eratis.</span> <span class='ocrx_word' id='word_1_558' title='bbox 3120 2785 3233 2838; x_wconf 89' lang='lat' dir='ltr'>Vos</span> <span class='ocrx_word' id='word_1_559' title='bbox 3260 2788 3463 2838; x_wconf 87' lang='lat' dir='ltr'>autem</span> <span class='ocrx_word' id='word_1_560' title='bbox 3487 2798 3600 2839; x_wconf 84' lang='lat' dir='ltr'>nec</span> 
     </span>
    </p>
   </div>
   <div class='ocr_carea' id='block_1_76' title="bbox 1942 2871 3599 2942">
    <p class='ocr_par' dir='ltr' id='par_1_76' title="bbox 1942 2871 3599 2942">
     <span class='ocr_line' id='line_1_76' title="bbox 1942 2871 3599 2942; baseline -0.001 -12"><span class='ocrx_word' id='word_1_561' title='bbox 1942 2889 2148 2930; x_wconf 89' lang='lat' dir='ltr'>coram</span> <span class='ocrx_word' id='word_1_562' title='bbox 2171 2872 2524 2929; x_wconf 90' lang='lat' dir='ltr'>hominibus</span> <span class='ocrx_word' id='word_1_563' title='bbox 2569 2871 2862 2928; x_wconf 90' lang='lat' dir='ltr'>decorum</span> <span class='ocrx_word' id='word_1_564' title='bbox 2887 2877 2995 2938; x_wconf 87' lang='lat' dir='ltr'>est,</span> <span class='ocrx_word' id='word_1_565' title='bbox 3027 2887 3138 2928; x_wconf 92' lang='lat' dir='ltr'>nec</span> <span class='ocrx_word' id='word_1_566' title='bbox 3164 2875 3284 2927; x_wconf 90' lang='lat' dir='ltr'>Deo</span> <span class='ocrx_word' id='word_1_567' title='bbox 3311 2871 3599 2942; x_wconf 89' lang='lat' dir='ltr'>placitum</span> 
     </span>
    </p>
   </div>
   <div class='ocr_carea' id='block_1_77' title="bbox 1947 2959 3599 3034">
    <p class='ocr_par' dir='ltr' id='par_1_77' title="bbox 1947 2959 3599 3034">
     <span class='ocr_line' id='line_1_77' title="bbox 1947 2959 3599 3034; baseline -0.002 -16"><span class='ocrx_word' id='word_1_568' title='bbox 1947 2961 2252 3034; x_wconf 88' lang='lat' dir='ltr'>ejusmodi</span> <span class='ocrx_word' id='word_1_569' title='bbox 2294 2962 2378 3018; x_wconf 89' lang='lat' dir='ltr'>uti</span> <span class='ocrx_word' id='word_1_570' title='bbox 2423 2962 2676 3018; x_wconf 86' lang='lat' dir='ltr'>vocibus</span> <span class='ocrx_word' id='word_1_571' title='bbox 2725 2960 2948 3034; x_wconf 90' lang='lat' dir='ltr'>quibus</span> <span class='ocrx_word' id='word_1_572' title='bbox 2988 2976 3064 3017; x_wconf 89' lang='lat' dir='ltr'>ne</span> <span class='ocrx_word' id='word_1_573' title='bbox 3114 2963 3319 3032; x_wconf 81' lang='lat' dir='ltr'>gentes</span> <span class='ocrx_word' id='word_1_574' title='bbox 3349 2959 3599 3032; x_wconf 91' lang='lat' dir='ltr'>quidem</span> 
     </span>
    </p>
   </div>
   <div class='ocr_carea' id='block_1_78' title="bbox 1947 3049 3603 3123">
    <p class='ocr_par' dir='ltr' id='par_1_78' title="bbox 1947 3049 3603 3123">
     <span class='ocr_line' id='line_1_78' title="bbox 1947 3049 3603 3123; baseline -0.001 -17"><span class='ocrx_word' id='word_1_575' title='bbox 1947 3056 2214 3122; x_wconf 91' lang='lat' dir='ltr'>utuntur,</span> <span class='ocrx_word' id='word_1_576' title='bbox 2265 3067 2404 3123; x_wconf 61' lang='lat' dir='ltr'>quae</span> <span class='ocrx_word' id='word_1_577' title='bbox 2453 3054 2642 3107; x_wconf 90' lang='lat' dir='ltr'>Deum</span> <span class='ocrx_word' id='word_1_578' title='bbox 2666 3051 2966 3122; x_wconf 85' lang='lat' dir='ltr'>ignorant.</span> <span class='ocrx_word' id='word_1_579' title='bbox 3001 3049 3154 3115; x_wconf 86' lang='lat' dir='ltr'>Quin</span> <span class='ocrx_word' id='word_1_580' title='bbox 3185 3053 3241 3105; x_wconf 91' lang='lat' dir='ltr'>et</span> <span class='ocrx_word' id='word_1_581' title='bbox 3265 3049 3400 3105; x_wconf 88' lang='lat' dir='ltr'>illas</span> <span class='ocrx_word' id='word_1_582' title='bbox 3433 3049 3603 3105; x_wconf 88' lang='lat' dir='ltr'>audi-</span> 
     </span>
    </p>
   </div>
   <div class='ocr_carea' id='block_1_79' title="bbox 1945 3137 3601 3208">
    <p class='ocr_par' dir='ltr' id='par_1_79' title="bbox 1945 3137 3601 3208">
     <span class='ocr_line' id='line_1_79' title="bbox 1945 3137 3601 3208; baseline -0.002 -12"><span class='ocrx_word' id='word_1_583' title='bbox 1945 3156 2106 3204; x_wconf 90' lang='lat' dir='ltr'>mus,</span> <span class='ocrx_word' id='word_1_584' title='bbox 2151 3139 2391 3196; x_wconf 89' lang='lat' dir='ltr'>etiamsi</span> <span class='ocrx_word' id='word_1_585' title='bbox 2419 3139 2704 3196; x_wconf 88' lang='lat' dir='ltr'>omnibus</span> <span class='ocrx_word' id='word_1_586' title='bbox 2734 3139 3148 3194; x_wconf 88' lang='lat' dir='ltr'>abundantem</span> <span class='ocrx_word' id='word_1_587' title='bbox 3178 3137 3486 3208; x_wconf 85' lang='lat' dir='ltr'>regionem</span> <span class='ocrx_word' id='word_1_588' title='bbox 3509 3138 3601 3194; x_wconf 86' lang='lat' dir='ltr'>in-</span> 
     </span>
    </p>
   </div>
   <div class='ocr_carea' id='block_1_80' title="bbox 1945 3228 3598 3300">
    <p class='ocr_par' dir='ltr' id='par_1_80' title="bbox 1945 3228 3598 3300">
     <span class='ocr_line' id='line_1_80' title="bbox 1945 3228 3598 3300; baseline 0 -16"><span class='ocrx_word' id='word_1_589' title='bbox 1945 3229 2162 3300; x_wconf 89' lang='lat' dir='ltr'>colant,</span> <span class='ocrx_word' id='word_1_590' title='bbox 2201 3229 2414 3286; x_wconf 89' lang='lat' dir='ltr'>saltem</span> <span class='ocrx_word' id='word_1_591' title='bbox 2451 3229 2531 3286; x_wconf 93' lang='lat' dir='ltr'>ob</span> <span class='ocrx_word' id='word_1_592' title='bbox 2569 3229 2868 3288; x_wconf 88' lang='lat' dir='ltr'>incertum</span> <span class='ocrx_word' id='word_1_593' title='bbox 2909 3228 3253 3284; x_wconf 85' lang='lat' dir='ltr'>futurorum</span> <span class='ocrx_word' id='word_1_594' title='bbox 3294 3232 3598 3300; x_wconf 89' lang='lat' dir='ltr'>eventum,</span> 
     </span>
    </p>
   </div>
   <div class='ocr_carea' id='block_1_81' title="bbox 1943 3316 3601 3387">
    <p class='ocr_par' dir='ltr' id='par_1_81' title="bbox 1943 3316 3601 3387">
     <span class='ocr_line' id='line_1_81' title="bbox 1943 3316 3601 3387; baseline 0.001 -15"><span class='ocrx_word' id='word_1_595' title='bbox 1943 3316 2141 3373; x_wconf 86' lang='lat' dir='ltr'>foedus</span> <span class='ocrx_word' id='word_1_596' title='bbox 2160 3319 2313 3374; x_wconf 89' lang='lat' dir='ltr'>inter</span> <span class='ocrx_word' id='word_1_597' title='bbox 2339 3333 2402 3374; x_wconf 90' lang='lat' dir='ltr'>se</span> <span class='ocrx_word' id='word_1_598' title='bbox 2426 3317 2679 3373; x_wconf 91' lang='lat' dir='ltr'>libenter</span> <span class='ocrx_word' id='word_1_599' title='bbox 2701 3318 2870 3387; x_wconf 90' lang='lat' dir='ltr'>inire,</span> <span class='ocrx_word' id='word_1_600' title='bbox 2903 3333 2974 3374; x_wconf 91' lang='lat' dir='ltr'>ac</span> <span class='ocrx_word' id='word_1_601' title='bbox 3000 3317 3434 3373; x_wconf 90' lang='lat' dir='ltr'>commercium</span> <span class='ocrx_word' id='word_1_602' title='bbox 3466 3321 3601 3374; x_wconf 89' lang='lat' dir='ltr'>tan-</span> 
     </span>
    </p>
   </div>
   <div class='ocr_carea' id='block_1_82' title="bbox 1944 3405 3604 3479">
    <p class='ocr_par' dir='ltr' id='par_1_82' title="bbox 1944 3405 3604 3479">
     <span class='ocr_line' id='line_1_82' title="bbox 1944 3405 3604 3479; baseline 0 -17"><span class='ocrx_word' id='word_1_603' title='bbox 1944 3422 2134 3478; x_wconf 90' lang='lat' dir='ltr'>quam</span> <span class='ocrx_word' id='word_1_604' title='bbox 2171 3406 2350 3462; x_wconf 87' lang='lat' dir='ltr'>alicui</span> <span class='ocrx_word' id='word_1_605' title='bbox 2377 3406 2463 3462; x_wconf 88' lang='lat' dir='ltr'>rei</span> <span class='ocrx_word' id='word_1_606' title='bbox 2491 3405 2633 3462; x_wconf 90' lang='lat' dir='ltr'>utile</span> <span class='ocrx_word' id='word_1_607' title='bbox 2663 3405 2964 3479; x_wconf 89' lang='lat' dir='ltr'>persequi.</span> <span class='ocrx_word' id='word_1_608' title='bbox 2999 3408 3117 3463; x_wconf 87' lang='lat' dir='ltr'>Nos</span> <span class='ocrx_word' id='word_1_609' title='bbox 3146 3409 3349 3462; x_wconf 88' lang='lat' dir='ltr'>autem</span> <span class='ocrx_word' id='word_1_610' title='bbox 3379 3421 3447 3462; x_wconf 82' lang='lat' dir='ltr'>ex</span> <span class='ocrx_word' id='word_1_611' title='bbox 3487 3405 3604 3462; x_wconf 90' lang='lat' dir='ltr'>illis</span> 
     </span>
    </p>
   </div>
   <div class='ocr_carea' id='block_1_83' title="bbox 1946 3495 3605 3568">
    <p class='ocr_par' dir='ltr' id='par_1_83' title="bbox 1946 3495 3605 3568">
     <span class='ocr_line' id='line_1_83' title="bbox 1946 3495 3605 3568; baseline 0.002 -17"><span class='ocrx_word' id='word_1_612' title='bbox 1946 3497 2056 3552; x_wconf 90' lang='lat' dir='ltr'>orti</span> <span class='ocrx_word' id='word_1_613' title='bbox 2079 3495 2378 3568; x_wconf 91' lang='lat' dir='ltr'>patribus,</span> <span class='ocrx_word' id='word_1_614' title='bbox 2411 3496 2516 3568; x_wconf 89' lang='lat' dir='ltr'>qui</span> <span class='ocrx_word' id='word_1_615' title='bbox 2544 3495 2741 3566; x_wconf 87' lang='lat' dir='ltr'>legem</span> <span class='ocrx_word' id='word_1_616' title='bbox 2768 3495 3050 3563; x_wconf 92' lang='lat' dir='ltr'>tulerunt,</span> <span class='ocrx_word' id='word_1_617' title='bbox 3093 3501 3158 3553; x_wconf 91' lang='lat' dir='ltr'>ut</span> <span class='ocrx_word' id='word_1_618' title='bbox 3185 3495 3472 3552; x_wconf 90' lang='lat' dir='ltr'>brevibus</span> <span class='ocrx_word' id='word_1_619' title='bbox 3497 3511 3605 3554; x_wconf 89' lang='lat' dir='ltr'>no-</span> 
     </span>
    </p>
   </div>
   <div class='ocr_carea' id='block_1_84' title="bbox 1947 3585 3603 3658">
    <p class='ocr_par' dir='ltr' id='par_1_84' title="bbox 1947 3585 3603 3658">
     <span class='ocr_line' id='line_1_84' title="bbox 1947 3585 3603 3658; baseline 0.001 -16"><span class='ocrx_word' id='word_1_620' title='bbox 1947 3586 2019 3642; x_wconf 87' lang='lat' dir='ltr'>tis</span> <span class='ocrx_word' id='word_1_621' title='bbox 2048 3586 2497 3642; x_wconf 91' lang='lat' dir='ltr'>communionis</span> <span class='ocrx_word' id='word_1_622' title='bbox 2529 3587 2698 3658; x_wconf 88' lang='lat' dir='ltr'>signa</span> <span class='ocrx_word' id='word_1_623' title='bbox 2729 3602 2766 3642; x_wconf 94' lang='lat' dir='ltr'>a</span> <span class='ocrx_word' id='word_1_624' title='bbox 2812 3585 3079 3643; x_wconf 91' lang='lat' dir='ltr'>terminis</span> <span class='ocrx_word' id='word_1_625' title='bbox 3109 3586 3275 3642; x_wconf 91' lang='lat' dir='ltr'>orbis</span> <span class='ocrx_word' id='word_1_626' title='bbox 3305 3590 3603 3643; x_wconf 88' lang='lat' dir='ltr'>terrarum</span> 
     </span>
    </p>
   </div>
   <div class='ocr_carea' id='block_1_85' title="bbox 1948 3674 3604 3747">
    <p class='ocr_par' dir='ltr' id='par_1_85' title="bbox 1948 3674 3604 3747">
     <span class='ocr_line' id='line_1_85' title="bbox 1948 3674 3604 3747; baseline 0 -18"><span class='ocrx_word' id='word_1_627' title='bbox 1948 3691 2141 3747; x_wconf 91' lang='lat' dir='ltr'>usque</span> <span class='ocrx_word' id='word_1_628' title='bbox 2187 3675 2266 3731; x_wconf 89' lang='lat' dir='ltr'>ad</span> <span class='ocrx_word' id='word_1_629' title='bbox 2295 3675 2581 3732; x_wconf 89' lang='lat' dir='ltr'>terminos</span> <span class='ocrx_word' id='word_1_630' title='bbox 2610 3674 3154 3741; x_wconf 89' lang='lat' dir='ltr'>circumferrentur,</span> <span class='ocrx_word' id='word_1_631' title='bbox 3178 3678 3358 3746; x_wconf 90' lang='lat' dir='ltr'>atque</span> <span class='ocrx_word' id='word_1_632' title='bbox 3389 3689 3604 3730; x_wconf 88' lang='lat' dir='ltr'>omnes</span> 
     </span>
    </p>
   </div>
   <div class='ocr_carea' id='block_1_86' title="bbox 1949 3761 3603 3836">
    <p class='ocr_par' dir='ltr' id='par_1_86' title="bbox 1949 3761 3603 3836">
     <span class='ocr_line' id='line_1_86' title="bbox 1949 3761 3603 3836; baseline 0.002 -19"><span class='ocrx_word' id='word_1_633' title='bbox 1949 3763 2232 3819; x_wconf 89' lang='lat' dir='ltr'>omnibus</span> <span class='ocrx_word' id='word_1_634' title='bbox 2258 3763 2417 3819; x_wconf 90' lang='lat' dir='ltr'>cives</span> <span class='ocrx_word' id='word_1_635' title='bbox 2450 3767 2506 3819; x_wconf 93' lang='lat' dir='ltr'>et</span> <span class='ocrx_word' id='word_1_636' title='bbox 2533 3763 2861 3836; x_wconf 90' lang='lat' dir='ltr'>propinqui</span> <span class='ocrx_word' id='word_1_637' title='bbox 2891 3766 3094 3819; x_wconf 92' lang='lat' dir='ltr'>essent</span> <span class='ocrx_word' id='word_1_638' title='bbox 3119 3779 3132 3818; x_wconf 87' lang='lat'><strong>:</strong></span> <span class='ocrx_word' id='word_1_639' title='bbox 3159 3777 3324 3818; x_wconf 89' lang='lat' dir='ltr'>nunc</span> <span class='ocrx_word' id='word_1_640' title='bbox 3347 3778 3459 3818; x_wconf 92' lang='lat' dir='ltr'>nos</span> <span class='ocrx_word' id='word_1_641' title='bbox 3488 3761 3603 3835; x_wconf 88' lang='lat' dir='ltr'>ipsi</span> 
     </span>
    </p>
   </div>
   <div class='ocr_carea' id='block_1_87' title="bbox 1951 3851 3606 3922">
    <p class='ocr_par' dir='ltr' id='par_1_87' title="bbox 1951 3851 3606 3922">
     <span class='ocr_line' id='line_1_87' title="bbox 1951 3851 3606 3922; baseline 0.001 -15"><span class='ocrx_word' id='word_1_642' title='bbox 1951 3852 2369 3910; x_wconf 85' lang='lat' dir='ltr'>abscindimus</span> <span class='ocrx_word' id='word_1_643' title='bbox 2413 3851 2493 3909; x_wconf 89' lang='lat' dir='ltr'>ab</span> <span class='ocrx_word' id='word_1_644' title='bbox 2549 3851 2695 3908; x_wconf 91' lang='lat' dir='ltr'>orbe</span> <span class='ocrx_word' id='word_1_645' title='bbox 2730 3857 3047 3915; x_wconf 86' lang='lat' dir='ltr'>terrarum,</span> <span class='ocrx_word' id='word_1_646' title='bbox 3098 3865 3213 3906; x_wconf 89' lang='lat' dir='ltr'>nec</span> <span class='ocrx_word' id='word_1_647' title='bbox 3257 3867 3370 3907; x_wconf 91' lang='lat' dir='ltr'>nos</span> <span class='ocrx_word' id='word_1_648' title='bbox 3416 3851 3606 3922; x_wconf 86' lang='lat' dir='ltr'>pudet</span> 
     </span>
    </p>
   </div>
   <div class='ocr_carea' id='block_1_88' title="bbox 1952 3941 3606 4000">
    <p class='ocr_par' dir='ltr' id='par_1_88' title="bbox 1952 3941 3606 4000">
     <span class='ocr_line' id='line_1_88' title="bbox 1952 3941 3606 4000; baseline -0.002 0"><span class='ocrx_word' id='word_1_649' title='bbox 1952 3941 2288 4000; x_wconf 90' lang='lat' dir='ltr'>solitudinis</span> <span class='ocrx_word' id='word_1_650' title='bbox 2335 3959 2350 3999; x_wconf 91' lang='lat'><strong>:</strong></span> <span class='ocrx_word' id='word_1_651' title='bbox 2406 3957 2520 3998; x_wconf 86' lang='lat' dir='ltr'>nec</span> <span class='ocrx_word' id='word_1_652' title='bbox 2575 3942 2875 3998; x_wconf 91' lang='lat' dir='ltr'>damnum</span> <span class='ocrx_word' id='word_1_653' title='bbox 2935 3941 3088 3998; x_wconf 89' lang='lat' dir='ltr'>ferre</span> <span class='ocrx_word' id='word_1_654' title='bbox 3151 3941 3606 3997; x_wconf 88' lang='lat' dir='ltr'>distractionem</span> 
     </span>
    </p>
   </div>
   <div class='ocr_carea' id='block_1_89' title="bbox 1952 4028 3606 4104">
    <p class='ocr_par' dir='ltr' id='par_1_89' title="bbox 1952 4028 3606 4104">
     <span class='ocr_line' id='line_1_89' title="bbox 1952 4028 3606 4104; baseline -0.002 -15"><span class='ocrx_word' id='word_1_655' title='bbox 1952 4031 2290 4090; x_wconf 80' lang='lat' dir='ltr'>concordiae</span> <span class='ocrx_word' id='word_1_656' title='bbox 2336 4030 2654 4087; x_wconf 87' lang='lat' dir='ltr'>ducimus:</span> <span class='ocrx_word' id='word_1_657' title='bbox 2705 4045 2904 4104; x_wconf 90' lang='lat' dir='ltr'>neque</span> <span class='ocrx_word' id='word_1_658' title='bbox 2958 4031 3298 4097; x_wconf 88' lang='lat' dir='ltr'>horremus,</span> <span class='ocrx_word' id='word_1_659' title='bbox 3330 4028 3498 4103; x_wconf 91' lang='lat' dir='ltr'>quod</span> <span class='ocrx_word' id='word_1_660' title='bbox 3525 4029 3606 4086; x_wconf 93' lang='lat' dir='ltr'>ad</span> 
     </span>
    </p>
   </div>
   <div class='ocr_carea' id='block_1_90' title="bbox 1952 4115 3606 4192">
    <p class='ocr_par' dir='ltr' id='par_1_90' title="bbox 1952 4115 3606 4192">
     <span class='ocr_line' id='line_1_90' title="bbox 1952 4115 3606 4192; baseline -0.002 -15"><span class='ocrx_word' id='word_1_661' title='bbox 1952 4137 2067 4178; x_wconf 89' lang='lat' dir='ltr'>nos</span> <span class='ocrx_word' id='word_1_662' title='bbox 2099 4119 2432 4192; x_wconf 90' lang='lat' dir='ltr'>pervenerit</span> <span class='ocrx_word' id='word_1_663' title='bbox 2450 4118 2835 4176; x_wconf 88' lang='lat' dir='ltr'>formidanda</span> <span class='ocrx_word' id='word_1_664' title='bbox 2854 4117 3176 4191; x_wconf 84' lang='lat' dir='ltr'>prophetia</span> <span class='ocrx_word' id='word_1_665' title='bbox 3203 4115 3438 4174; x_wconf 90' lang='lat' dir='ltr'>Domini</span> <span class='ocrx_word' id='word_1_666' title='bbox 3465 4131 3606 4174; x_wconf 83' lang='lat' dir='ltr'>nos-</span> 
     </span>
    </p>
   </div>
   <div class='ocr_carea' id='block_1_91' title="bbox 1952 4206 3609 4281">
    <p class='ocr_par' dir='ltr' id='par_1_91' title="bbox 1952 4206 3609 4281">
     <span class='ocr_line' id='line_1_91' title="bbox 1952 4206 3609 4281; baseline -0.002 -15"><span class='ocrx_word' id='word_1_667' title='bbox 1952 4209 2045 4280; x_wconf 86' lang='lat' dir='ltr'>tri,</span> <span class='ocrx_word' id='word_1_668' title='bbox 2079 4208 2184 4281; x_wconf 88' lang='lat' dir='ltr'>qui</span> <span class='ocrx_word' id='word_1_669' title='bbox 2213 4207 2398 4264; x_wconf 87' lang='lat' dir='ltr'>dixit:</span> <span class='ocrx_word' id='word_1_670' title='bbox 2451 4209 2743 4276; x_wconf 82' lang='lat' dir='ltr'>Quoniam</span> <span class='ocrx_word' id='word_1_671' title='bbox 2786 4207 3121 4264; x_wconf 77' lang='lat' dir='ltr'>abundavit</span> <span class='ocrx_word' id='word_1_672' title='bbox 3170 4206 3480 4278; x_wconf 78' lang='lat' dir='ltr'>iniquitas,</span> <span class='ocrx_word' id='word_1_673' title='bbox 3513 4221 3609 4262; x_wconf 82' lang='lat' dir='ltr'>re-</span> 
     </span>
    </p>
   </div>
   <div class='ocr_carea' id='block_1_92' title="bbox 1953 4297 2972 4371">
    <p class='ocr_par' dir='ltr' id='par_1_92' title="bbox 1953 4297 2972 4371">
     <span class='ocr_line' id='line_1_92' title="bbox 1953 4297 2972 4371; baseline -0.002 -17"><span class='ocrx_word' id='word_1_674' title='bbox 1953 4299 2226 4371; x_wconf 52' lang='lat' dir='ltr'>frigescet</span> <span class='ocrx_word' id='word_1_675' title='bbox 2255 4297 2519 4354; x_wconf 81' lang='lat' dir='ltr'>charitas</span> <span class='ocrx_word' id='word_1_676' title='bbox 2547 4297 2877 4353; x_wconf 83' lang='lat' dir='ltr'>multorum</span> <span class='ocrx_word' id='word_1_677' title='bbox 2902 4297 2972 4352; x_wconf 79' lang='grc'>⁸³.</span> 
     </span>
    </p>
   </div>
   <div class='ocr_carea' id='block_1_93' title="bbox 301 4381 1834 4461">
    <p class='ocr_par' dir='ltr' id='par_1_93' title="bbox 301 4385 1834 4461">
     <span class='ocr_line' id='line_1_93' title="bbox 301 4385 1834 4461; baseline 0.001 -20"><span class='ocrx_word' id='word_1_678' title='bbox 301 4391 362 4442; x_wconf 68' lang='grc'><strong>4.</strong></span> <span class='ocrx_word' id='word_1_679' title='bbox 412 4394 493 4446; x_wconf 78' lang='grc' dir='ltr'>Μὴ</span> <span class='ocrx_word' id='word_1_680' title='bbox 541 4396 728 4454; x_wconf 76' lang='grc' dir='ltr'>ταῦτα,</span> <span class='ocrx_word' id='word_1_681' title='bbox 781 4385 994 4460; x_wconf 65' lang='grc' dir='ltr'>ἀδελφοὶ</span> <span class='ocrx_word' id='word_1_682' title='bbox 1043 4394 1373 4461; x_wconf 86' lang='grc' dir='ltr'>τιμιώτατοι,</span> <span class='ocrx_word' id='word_1_683' title='bbox 1415 4394 1486 4461; x_wconf 78' lang='grc' dir='ltr'>μὴ</span> <span class='ocrx_word' id='word_1_684' title='bbox 1531 4389 1834 4461; x_wconf 77' lang='grc' dir='ltr'>ἀνάσχησθε</span> 
     </span>
    </p>
   </div>
   <div class='ocr_carea' id='block_1_94' title="bbox 1946 4381 3610 4461">
    <p class='ocr_par' dir='ltr' id='par_1_94' title="bbox 2026 4383 3610 4457">
     <span class='ocr_line' id='line_1_94' title="bbox 2026 4383 3610 4457; baseline -0.001 -15"><span class='ocrx_word' id='word_1_685' title='bbox 2026 4391 2082 4444; x_wconf 77' lang='grc'><strong>4.</strong></span> <span class='ocrx_word' id='word_1_686' title='bbox 2149 4386 2356 4457; x_wconf 88' lang='lat' dir='ltr'>Nolite,</span> <span class='ocrx_word' id='word_1_687' title='bbox 2417 4385 2630 4442; x_wconf 82' lang='lat' dir='ltr'>fratres</span> <span class='ocrx_word' id='word_1_688' title='bbox 2685 4384 3193 4452; x_wconf 87' lang='lat' dir='ltr'>reverendissimi,</span> <span class='ocrx_word' id='word_1_689' title='bbox 3245 4383 3431 4440; x_wconf 87' lang='lat' dir='ltr'>nolite</span> <span class='ocrx_word' id='word_1_690' title='bbox 3488 4383 3610 4440; x_wconf 89' lang='lat' dir='ltr'>hoc</span> 
     </span>
    </p>
   </div>
   <div class='ocr_carea' id='block_1_95' title="bbox 223 4476 1844 4553">
    <p class='ocr_par' dir='ltr' id='par_1_95' title="bbox 223 4476 1844 4553">
     <span class='ocr_line' id='line_1_95' title="bbox 223 4476 1844 4553; baseline 0.004 -30"><span class='ocrx_word' id='word_1_691' title='bbox 223 4482 398 4526; x_wconf 76' lang='grc' dir='ltr'>τοῦτο</span> <span class='ocrx_word' id='word_1_692' title='bbox 430 4479 562 4547; x_wconf 84' lang='grc'>(39),</span> <span class='ocrx_word' id='word_1_693' title='bbox 616 4476 744 4528; x_wconf 74' lang='grc' dir='ltr'>ἀλλὰ</span> <span class='ocrx_word' id='word_1_694' title='bbox 784 4483 874 4530; x_wconf 84' lang='grc' dir='ltr'>καὶ</span> <span class='ocrx_word' id='word_1_695' title='bbox 917 4477 1002 4529; x_wconf 85' lang='grc' dir='ltr'>ἐπὶ</span> <span class='ocrx_word' id='word_1_696' title='bbox 1049 4484 1159 4538; x_wconf 90' lang='grc' dir='ltr'>τοῖς</span> <span class='ocrx_word' id='word_1_697' title='bbox 1205 4476 1523 4547; x_wconf 80' lang='grc' dir='ltr'>παρελθοῦσι</span> <span class='ocrx_word' id='word_1_698' title='bbox 1552 4477 1844 4553; x_wconf 79' lang='grc' dir='ltr'>παρακαλέ-</span> 
     </span>
    </p>
   </div>
   <div class='ocr_carea' id='block_1_96' title="bbox 232 4563 1847 4637">
    <p class='ocr_par' dir='ltr' id='par_1_96' title="bbox 232 4563 1847 4637">
     <span class='ocr_line' id='line_1_96' title="bbox 232 4563 1847 4637; baseline 0.004 -26"><span class='ocrx_word' id='word_1_699' title='bbox 232 4579 370 4613; x_wconf 85' lang='grc' dir='ltr'>σατε</span> <span class='ocrx_word' id='word_1_700' title='bbox 437 4565 569 4635; x_wconf 73' lang='grc' dir='ltr'>ἡμᾶς</span> <span class='ocrx_word' id='word_1_701' title='bbox 640 4565 948 4636; x_wconf 73' lang='grc' dir='ltr'>γράμμασιν</span> <span class='ocrx_word' id='word_1_702' title='bbox 1012 4564 1292 4637; x_wconf 83' lang='grc' dir='ltr'>εἰρηνικοῖς</span> <span class='ocrx_word' id='word_1_703' title='bbox 1344 4570 1434 4616; x_wconf 82' lang='grc' dir='ltr'>καὶ</span> <span class='ocrx_word' id='word_1_704' title='bbox 1493 4563 1847 4636; x_wconf 69' lang='grc' dir='ltr'>ἀγαπητικαῖς</span> 
     </span>
    </p>
   </div>
   <div class='ocr_carea' id='block_1_97' title="bbox 236 4651 1847 4726">
    <p class='ocr_par' dir='ltr' id='par_1_97' title="bbox 236 4651 1847 4726">
     <span class='ocr_line' id='line_1_97' title="bbox 236 4651 1847 4726; baseline 0.004 -28"><span class='ocrx_word' id='word_1_705' title='bbox 236 4657 704 4722; x_wconf 58' lang='grc' dir='ltr'>προσφωνήσεσιν,</span> <span class='ocrx_word' id='word_1_706' title='bbox 768 4653 919 4704; x_wconf 81' lang='grc' dir='ltr'>οἱονεὶ</span> <span class='ocrx_word' id='word_1_707' title='bbox 979 4656 1170 4726; x_wconf 80' lang='grc' dir='ltr'>πραείᾳ</span> <span class='ocrx_word' id='word_1_708' title='bbox 1230 4657 1333 4704; x_wconf 84' lang='grc' dir='ltr'>τινὶ</span> <span class='ocrx_word' id='word_1_709' title='bbox 1399 4651 1564 4724; x_wconf 74' lang='grc' dir='ltr'>ἐπαφῆ</span> <span class='ocrx_word' id='word_1_710' title='bbox 1638 4657 1696 4705; x_wconf 88' lang='grc' dir='ltr'>τὸ</span> <span class='ocrx_word' id='word_1_711' title='bbox 1753 4663 1847 4716; x_wconf 75' lang='grc' dir='ltr'>τῆς</span> 
     </span>
    </p>
   </div>
   <div class='ocr_carea' id='block_1_98' title="bbox 240 4736 1849 4815">
    <p class='ocr_par' dir='ltr' id='par_1_98' title="bbox 240 4736 1849 4815">
     <span class='ocr_line' id='line_1_98' title="bbox 240 4736 1849 4815; baseline 0.005 -29"><span class='ocrx_word' id='word_1_712' title='bbox 240 4736 478 4808; x_wconf 78' lang='grc' dir='ltr'>καρδίας</span> <span class='ocrx_word' id='word_1_713' title='bbox 521 4744 672 4813; x_wconf 73' lang='grc' dir='ltr'>ἡμῶν</span> <span class='ocrx_word' id='word_1_714' title='bbox 721 4740 883 4807; x_wconf 83' lang='grc' dir='ltr'>ἕλκος,</span> <span class='ocrx_word' id='word_1_715' title='bbox 923 4740 948 4792; x_wconf 84' lang='grc' dir='ltr'>ὃ</span> <span class='ocrx_word' id='word_1_716' title='bbox 989 4739 1044 4791; x_wconf 82' lang='grc' dir='ltr'>ἐκ</span> <span class='ocrx_word' id='word_1_717' title='bbox 1087 4748 1179 4800; x_wconf 85' lang='grc' dir='ltr'>τῆς</span> <span class='ocrx_word' id='word_1_718' title='bbox 1221 4739 1585 4815; x_wconf 86' lang='grc' dir='ltr'>παρελθούσης</span> <span class='ocrx_word' id='word_1_719' title='bbox 1612 4739 1849 4814; x_wconf 78' lang='grc' dir='ltr'>ἀμελείας</span> 
     </span>
    </p>
   </div>
   <div class='ocr_carea' id='block_1_99' title="bbox 245 4823 1844 4904">
    <p class='ocr_par' dir='ltr' id='par_1_99' title="bbox 245 4823 1844 4904">
     <span class='ocr_line' id='line_1_99' title="bbox 245 4823 1844 4904; baseline 0.005 -30"><span class='ocrx_word' id='word_1_720' title='bbox 245 4823 581 4886; x_wconf 58' lang='grc' dir='ltr'>ἐνεποιήσατε</span> <span class='ocrx_word' id='word_1_721' title='bbox 639 4832 788 4900; x_wconf 75' lang='grc' dir='ltr'>ἡμῖν,</span> <span class='ocrx_word' id='word_1_722' title='bbox 845 4831 1326 4904; x_wconf 81' lang='grc' dir='ltr'>παραμυθούμενοι·</span> <span class='ocrx_word' id='word_1_723' title='bbox 1390 4834 1491 4883; x_wconf 81' lang='grc' dir='ltr'>Καὶ</span> <span class='ocrx_word' id='word_1_724' title='bbox 1545 4833 1640 4883; x_wconf 83' lang='grc' dir='ltr'>εἴτε</span> <span class='ocrx_word' id='word_1_725' title='bbox 1698 4831 1844 4884; x_wconf 72' lang='grc' dir='ltr'>αὐτοὶ</span> 
     </span>
    </p>
   </div>
   <div class='ocr_carea' id='block_1_100' title="bbox 324 5004 1529 5080">
    <p class='ocr_par' dir='ltr' id='par_1_100' title="bbox 324 5004 1529 5080">
     <span class='ocr_line' id='line_1_100' title="bbox 324 5004 1529 5080; baseline 0.002 -19"><span class='ocrx_word' id='word_1_726' title='bbox 324 5004 368 5039; x_wconf 77' lang='grc'>⁸²</span> <span class='ocrx_word' id='word_1_727' title='bbox 413 5007 627 5080; x_wconf 86' lang='lat' dir='ltr'>Ephes.</span> <span class='ocrx_word' id='word_1_728' title='bbox 659 5023 738 5077; x_wconf 73' lang='grc' dir='ltr'>ιγ,</span> <span class='ocrx_word' id='word_1_729' title='bbox 767 5011 819 5063; x_wconf 86' lang='grc'>5.</span> <span class='ocrx_word' id='word_1_730' title='bbox 897 5008 944 5042; x_wconf 73' lang='grc'>⁸³</span> <span class='ocrx_word' id='word_1_731' title='bbox 981 5009 1004 5063; x_wconf 94' lang='grc' dir='ltr'><strong>Ι</strong></span> <span class='ocrx_word' id='word_1_732' title='bbox 1043 5009 1175 5065; x_wconf 89' lang='lat' dir='ltr'>Cor.</span> <span class='ocrx_word' id='word_1_733' title='bbox 1208 5023 1306 5075; x_wconf 80' lang='lat' dir='ltr'>xu,</span> <span class='ocrx_word' id='word_1_734' title='bbox 1340 5011 1529 5063; x_wconf 83' lang='grc'><strong>12-21.</strong></span> 
     </span>
    </p>
   </div>
   <div class='ocr_carea' id='block_1_101' title="bbox 326 5183 1421 5256">
    <p class='ocr_par' dir='ltr' id='par_1_101' title="bbox 326 5183 1421 5256">
     <span class='ocr_line' id='line_1_101' title="bbox 326 5183 1421 5256; baseline 0.003 -18"><span class='ocrx_word' id='word_1_735' title='bbox 326 5183 439 5254; x_wconf 75' lang='grc'>[35)</span> <span class='ocrx_word' id='word_1_736' title='bbox 471 5187 702 5240; x_wconf 74' lang='grc' dir='ltr'>Γίνεσθε.</span> <span class='ocrx_word' id='word_1_737' title='bbox 737 5184 896 5242; x_wconf 90' lang='lat' dir='ltr'>Harl.</span> <span class='ocrx_word' id='word_1_738' title='bbox 928 5189 985 5241; x_wconf 91' lang='lat' dir='ltr'>et</span> <span class='ocrx_word' id='word_1_739' title='bbox 1013 5185 1161 5242; x_wconf 84' lang='lat' dir='ltr'>Med.</span> <span class='ocrx_word' id='word_1_740' title='bbox 1193 5185 1421 5256; x_wconf 72' lang='grc' dir='ltr'>γίνεσθε.</span> 
     </span>
    </p>
   </div>
   <div class='ocr_carea' id='block_1_102' title="bbox 325 5249 1849 5336">
    <p class='ocr_par' dir='ltr' id='par_1_102' title="bbox 325 5249 1849 5336">
     <span class='ocr_line' id='line_1_102' title="bbox 325 5249 1849 5336; baseline 0 -27"><span class='ocrx_word' id='word_1_741' title='bbox 325 5249 441 5328; x_wconf 79' lang='lat'>(36)</span> <span class='ocrx_word' id='word_1_742' title='bbox 487 5261 728 5336; x_wconf 47' lang='lat' dir='ltr'>ng‘yiw</span> <span class='ocrx_word' id='word_1_743' title='bbox 774 5260 972 5318; x_wconf 75' lang='grc' dir='ltr'>νήσους</span> <span class='ocrx_word' id='word_1_744' title='bbox 1011 5265 1123 5319; x_wconf 76' lang='grc' dir='ltr'>τῆς.</span> <span class='ocrx_word' id='word_1_745' title='bbox 1167 5249 1252 5312; x_wconf 81' lang='lat' dir='ltr'>lta</span> <span class='ocrx_word' id='word_1_746' title='bbox 1277 5273 1375 5312; x_wconf 83' lang='lat' dir='ltr'>sex</span> <span class='ocrx_word' id='word_1_747' title='bbox 1403 5272 1550 5312; x_wconf 89' lang='lat' dir='ltr'>mss.</span> <span class='ocrx_word' id='word_1_748' title='bbox 1583 5254 1734 5312; x_wconf 88' lang='lat' dir='ltr'>Editi</span> <span class='ocrx_word' id='word_1_749' title='bbox 1760 5258 1849 5317; x_wconf 80' lang='grc' dir='ltr'>τὰς</span> 
     </span>
    </p>
   </div>
   <div class='ocr_carea' id='block_1_103' title="bbox 261 5330 840 5401">
    <p class='ocr_par' dir='ltr' id='par_1_103' title="bbox 261 5330 840 5401">
     <span class='ocr_line' id='line_1_103' title="bbox 261 5330 840 5401; baseline -0.005 -20"><span class='ocrx_word' id='word_1_750' title='bbox 261 5330 448 5389; x_wconf 63' lang='grc' dir='ltr'>νήσους</span> <span class='ocrx_word' id='word_1_751' title='bbox 471 5333 562 5401; x_wconf 71' lang='grc' dir='ltr'>μεν</span> <span class='ocrx_word' id='word_1_752' title='bbox 595 5330 696 5381; x_wconf 76' lang='grc' dir='ltr'>ἀπὸ</span> <span class='ocrx_word' id='word_1_753' title='bbox 727 5336 840 5388; x_wconf 78' lang='grc' dir='ltr'>τῆς,</span> 
     </span>
    </p>
   </div>
   <div class='ocr_carea' id='block_1_104' title="bbox 323 5398 1852 5472">
    <p class='ocr_par' dir='ltr' id='par_1_104' title="bbox 323 5398 1852 5472">
     <span class='ocr_line' id='line_1_104' title="bbox 323 5398 1852 5472; baseline -0.003 -18"><span class='ocrx_word' id='word_1_754' title='bbox 323 5399 436 5467; x_wconf 79' lang='lat'>(37)</span> <span class='ocrx_word' id='word_1_755' title='bbox 471 5398 976 5472; x_wconf 49' lang='grc' dir='ltr'>Κατατεταγμένοιςτ</span> <span class='ocrx_word' id='word_1_756' title='bbox 1002 5402 1088 5455; x_wconf 90' lang='lat' dir='ltr'>Ita</span> <span class='ocrx_word' id='word_1_757' title='bbox 1118 5414 1266 5472; x_wconf 78' lang='lat' dir='ltr'>mss.</span> <span class='ocrx_word' id='word_1_758' title='bbox 1301 5401 1551 5472; x_wconf 87' lang='lat' dir='ltr'>septem.</span> <span class='ocrx_word' id='word_1_759' title='bbox 1586 5398 1738 5455; x_wconf 72' lang='lat' dir='ltr'>Editi</span> <span class='ocrx_word' id='word_1_760' title='bbox 1774 5418 1852 5451; x_wconf 89' lang='grc' dir='ltr'>τε-</span> 
     </span>
    </p>
   </div>
   <div class='ocr_carea' id='block_1_105' title="bbox 258 5469 1557 5546">
    <p class='ocr_par' dir='ltr' id='par_1_105' title="bbox 258 5469 1557 5546">
     <span class='ocr_line' id='line_1_105' title="bbox 258 5469 1557 5546; baseline 0.023 -28"><span class='ocrx_word' id='word_1_761' title='bbox 258 5476 550 5546; x_wconf 78' lang='grc' dir='ltr'>ταγμένοις.</span> <span class='ocrx_word' id='word_1_762' title='bbox 583 5469 814 5546; x_wconf 57' lang='grc' dir='ltr'>ῐὺὶάθῲ</span> <span class='ocrx_word' id='word_1_763' title='bbox 847 5470 1093 5546; x_wconf 77' lang='lat' dir='ltr'>Harl._et</span> <span class='ocrx_word' id='word_1_764' title='bbox 1112 5469 1267 5546; x_wconf 54' lang='lat' dir='ltr'>Medo</span> <span class='ocrx_word' id='word_1_765' title='bbox 1299 5469 1557 5546; x_wconf 49' lang='grc' dir='ltr'>θῶεκὲᾘῦ</span> 
     </span>
    </p>
   </div>
   <div class='ocr_carea' id='block_1_106' title="bbox 323 5541 1851 5615">
    <p class='ocr_par' dir='ltr' id='par_1_106' title="bbox 323 5541 1851 5615">
     <span class='ocr_line' id='line_1_106' title="bbox 323 5541 1851 5615; baseline -0.001 -16"><span class='ocrx_word' id='word_1_766' title='bbox 323 5541 442 5613; x_wconf 83' lang='lat'>(38)</span> <span class='ocrx_word' id='word_1_767' title='bbox 461 5548 764 5604; x_wconf 80' lang='grc' dir='ltr'>Κοινωνίας.</span> <span class='ocrx_word' id='word_1_768' title='bbox 793 5544 877 5600; x_wconf 88' lang='lat' dir='ltr'>Ita</span> <span class='ocrx_word' id='word_1_769' title='bbox 898 5541 1078 5608; x_wconf 83' lang='lat' dir='ltr'>Harl.,</span> <span class='ocrx_word' id='word_1_770' title='bbox 1111 5541 1269 5613; x_wconf 89' lang='lat' dir='ltr'>Med,</span> <span class='ocrx_word' id='word_1_771' title='bbox 1305 5545 1360 5599; x_wconf 90' lang='lat' dir='ltr'>et</span> <span class='ocrx_word' id='word_1_772' title='bbox 1389 5541 1567 5600; x_wconf 82' lang='lat' dir='ltr'>COisl.</span> <span class='ocrx_word' id='word_1_773' title='bbox 1596 5541 1851 5615; x_wconf 88' lang='lat' dir='ltr'>primus,</span> 
     </span>
    </p>
   </div>
   <div class='ocr_carea' id='block_1_107' title="bbox 1956 4472 3607 4557">
    <p class='ocr_par' dir='ltr' id='par_1_107' title="bbox 1956 4472 3607 4557">
     <span class='ocr_line' id='line_1_107' title="bbox 1956 4472 3607 4557; baseline -0.002 -25"><span class='ocrx_word' id='word_1_774' title='bbox 1956 4477 2108 4533; x_wconf 84' lang='lat' dir='ltr'>ferre</span> <span class='ocrx_word' id='word_1_775' title='bbox 2162 4476 2272 4532; x_wconf 91' lang='lat' dir='ltr'>sed</span> <span class='ocrx_word' id='word_1_776' title='bbox 2317 4492 2431 4532; x_wconf 89' lang='lat' dir='ltr'>nos</span> <span class='ocrx_word' id='word_1_777' title='bbox 2477 4475 2677 4547; x_wconf 87' lang='lat' dir='ltr'>potius</span> <span class='ocrx_word' id='word_1_778' title='bbox 2725 4475 2800 4530; x_wconf 91' lang='lat' dir='ltr'>de</span> <span class='ocrx_word' id='word_1_779' title='bbox 2833 4474 3145 4547; x_wconf 78' lang='lat' dir='ltr'>praeteritis</span> <span class='ocrx_word' id='word_1_780' title='bbox 3183 4472 3607 4557; x_wconf 69' lang='lat' dir='ltr'>consolemini,</span> 
     </span>
    </p>
   </div>
   <div class='ocr_carea' id='block_1_108' title="bbox 1955 4561 3611 4638">
    <p class='ocr_par' dir='ltr' id='par_1_108' title="bbox 1955 4561 3611 4638">
     <span class='ocr_line' id='line_1_108' title="bbox 1955 4561 3611 4638; baseline -0.002 -16"><span class='ocrx_word' id='word_1_781' title='bbox 1955 4565 2224 4638; x_wconf 86' lang='lat' dir='ltr'>paciﬁcis</span> <span class='ocrx_word' id='word_1_782' title='bbox 2271 4563 2478 4622; x_wconf 88' lang='lat' dir='ltr'>litteris</span> <span class='ocrx_word' id='word_1_783' title='bbox 2527 4569 2584 4620; x_wconf 89' lang='lat' dir='ltr'>et</span> <span class='ocrx_word' id='word_1_784' title='bbox 2629 4563 2841 4620; x_wconf 89' lang='lat' dir='ltr'>amicis</span> <span class='ocrx_word' id='word_1_785' title='bbox 2889 4561 3372 4633; x_wconf 88' lang='lat' dir='ltr'>salutationibus,</span> <span class='ocrx_word' id='word_1_786' title='bbox 3428 4563 3611 4618; x_wconf 81' lang='lat' dir='ltr'>velut1</span> 
     </span>
    </p>
   </div>
   <div class='ocr_carea' id='block_1_109' title="bbox 1931 4652 3611 4728">
    <p class='ocr_par' dir='ltr' id='par_1_109' title="bbox 1931 4652 3611 4728">
     <span class='ocr_line' id='line_1_109' title="bbox 1931 4652 3611 4728; baseline -0.004 -14"><span class='ocrx_word' id='word_1_787' title='bbox 1931 4657 2134 4728; x_wconf 22' lang='lat'><strong>4302</strong></span> <span class='ocrx_word' id='word_1_788' title='bbox 2174 4654 2295 4711; x_wconf 91' lang='lat' dir='ltr'>leni</span> <span class='ocrx_word' id='word_1_789' title='bbox 2332 4654 2605 4728; x_wconf 89' lang='lat' dir='ltr'>quodam</span> <span class='ocrx_word' id='word_1_790' title='bbox 2649 4658 2950 4723; x_wconf 90' lang='lat' dir='ltr'>contactu,</span> <span class='ocrx_word' id='word_1_791' title='bbox 2982 4653 3239 4726; x_wconf 89' lang='lat' dir='ltr'>pectoris</span> <span class='ocrx_word' id='word_1_792' title='bbox 3268 4652 3458 4709; x_wconf 91' lang='lat' dir='ltr'>nostri</span> <span class='ocrx_word' id='word_1_793' title='bbox 3483 4652 3611 4708; x_wconf 85' lang='lat' dir='ltr'>vul-</span> 
     </span>
    </p>
   </div>
   <div class='ocr_carea' id='block_1_110' title="bbox 1956 4739 3610 4814">
    <p class='ocr_par' dir='ltr' id='par_1_110' title="bbox 1956 4739 3610 4814">
     <span class='ocr_line' id='line_1_110' title="bbox 1956 4739 3610 4814; baseline -0.001 -16"><span class='ocrx_word' id='word_1_794' title='bbox 1956 4759 2091 4812; x_wconf 87' lang='lat' dir='ltr'>nus,</span> <span class='ocrx_word' id='word_1_795' title='bbox 2120 4742 2286 4814; x_wconf 92' lang='lat' dir='ltr'>quod</span> <span class='ocrx_word' id='word_1_796' title='bbox 2311 4741 2485 4798; x_wconf 89' lang='lat' dir='ltr'>nobis</span> <span class='ocrx_word' id='word_1_797' title='bbox 2514 4757 2622 4814; x_wconf 88' lang='lat' dir='ltr'>per</span> <span class='ocrx_word' id='word_1_798' title='bbox 2649 4743 3012 4814; x_wconf 82' lang='lat' dir='ltr'>praeteritam</span> <span class='ocrx_word' id='word_1_799' title='bbox 3035 4741 3334 4797; x_wconf 87' lang='lat' dir='ltr'>incuriam</span> <span class='ocrx_word' id='word_1_800' title='bbox 3364 4739 3610 4808; x_wconf 86' lang='lat' dir='ltr'>fecistis,</span> 
     </span>
    </p>
   </div>
   <div class='ocr_carea' id='block_1_111' title="bbox 1961 4828 3608 4902">
    <p class='ocr_par' dir='ltr' id='par_1_111' title="bbox 1961 4828 3608 4902">
     <span class='ocr_line' id='line_1_111' title="bbox 1961 4828 3608 4902; baseline -0.001 -16"><span class='ocrx_word' id='word_1_801' title='bbox 1961 4829 2396 4886; x_wconf 85' lang='lat' dir='ltr'>demulcentes.</span> <span class='ocrx_word' id='word_1_802' title='bbox 2433 4832 2514 4885; x_wconf 88' lang='lat' dir='ltr'>Ac</span> <span class='ocrx_word' id='word_1_803' title='bbox 2545 4829 2669 4886; x_wconf 90' lang='lat' dir='ltr'>sive</span> <span class='ocrx_word' id='word_1_804' title='bbox 2699 4829 2819 4902; x_wconf 80' lang='lat' dir='ltr'>ip51</span> <span class='ocrx_word' id='word_1_805' title='bbox 2847 4829 3025 4887; x_wconf 86' lang='lat' dir='ltr'>vultis</span> <span class='ocrx_word' id='word_1_806' title='bbox 3055 4828 3136 4887; x_wconf 88' lang='lat' dir='ltr'>ad</span> <span class='ocrx_word' id='word_1_807' title='bbox 3165 4845 3277 4887; x_wconf 92' lang='lat' dir='ltr'>nos</span> <span class='ocrx_word' id='word_1_808' title='bbox 3303 4829 3608 4895; x_wconf 89' lang='lat' dir='ltr'>accedere,</span> 
     </span>
    </p>
   </div>
   <div class='ocr_carea' id='block_1_112' title="bbox 1608 5007 2188 5076">
    <p class='ocr_par' dir='ltr' id='par_1_112' title="bbox 1608 5007 2188 5076">
     <span class='ocr_line' id='line_1_112' title="bbox 1608 5007 2188 5076; baseline -0.002 -11"><span class='ocrx_word' id='word_1_809' title='bbox 1608 5008 1656 5043; x_wconf 79' lang='grc'><strong><em>⁸³</em></strong></span> <span class='ocrx_word' id='word_1_810' title='bbox 1695 5007 1894 5066; x_wconf 87' lang='lat' dir='ltr'>Matth.</span> <span class='ocrx_word' id='word_1_811' title='bbox 1917 5024 2066 5076; x_wconf 80' lang='lat' dir='ltr'>xxxv,</span> <span class='ocrx_word' id='word_1_812' title='bbox 2104 5012 2188 5064; x_wconf 78' lang='lat' dir='ltr'>t2.</span> 
     </span>
    </p>
   </div>
   <div class='ocr_carea' id='block_1_113' title="bbox 1955 5179 3484 5258">
    <p class='ocr_par' dir='ltr' id='par_1_113' title="bbox 1955 5179 3484 5258">
     <span class='ocr_line' id='line_1_113' title="bbox 1955 5179 3484 5258; baseline -0.003 -19"><span class='ocrx_word' id='word_1_813' title='bbox 1955 5183 2062 5258; x_wconf 92' lang='lat' dir='ltr'>qui</span> <span class='ocrx_word' id='word_1_814' title='bbox 2088 5185 2291 5239; x_wconf 91' lang='lat' dir='ltr'>tamen</span> <span class='ocrx_word' id='word_1_815' title='bbox 2319 5180 2504 5258; x_wconf 81' lang='lat' dir='ltr'>habet</span> <span class='ocrx_word' id='word_1_816' title='bbox 2525 5181 2587 5238; x_wconf 93' lang='lat' dir='ltr'>in</span> <span class='ocrx_word' id='word_1_817' title='bbox 2609 5179 2883 5251; x_wconf 85' lang='lat' dir='ltr'>margine</span> <span class='ocrx_word' id='word_1_818' title='bbox 2907 5179 3192 5258; x_wconf 67' lang='grc' dir='ltr'>ἐπιμιξίας,</span> <span class='ocrx_word' id='word_1_819' title='bbox 3223 5184 3292 5238; x_wconf 90' lang='lat' dir='ltr'>ut</span> <span class='ocrx_word' id='word_1_820' title='bbox 3318 5179 3484 5236; x_wconf 90' lang='lat' dir='ltr'>editi.</span> 
     </span>
    </p>
   </div>
   <div class='ocr_carea' id='block_1_114' title="bbox 2030 5255 3610 5326">
    <p class='ocr_par' dir='ltr' id='par_1_114' title="bbox 2030 5255 3610 5326">
     <span class='ocr_line' id='line_1_114' title="bbox 2030 5255 3610 5326; baseline -0.005 -15"><span class='ocrx_word' id='word_1_821' title='bbox 2030 5259 2137 5324; x_wconf 82' lang='lat'>(39)</span> <span class='ocrx_word' id='word_1_822' title='bbox 2188 5261 2369 5308; x_wconf 86' lang='grc' dir='ltr'>Τοῦτο.</span> <span class='ocrx_word' id='word_1_823' title='bbox 2416 5256 2580 5309; x_wconf 89' lang='lat' dir='ltr'>Hanc</span> <span class='ocrx_word' id='word_1_824' title='bbox 2631 5268 2842 5326; x_wconf 84' lang='lat' dir='ltr'>vocem</span> <span class='ocrx_word' id='word_1_825' title='bbox 2898 5255 3295 5326; x_wconf 83' lang='lat' dir='ltr'>apposuimus</span> <span class='ocrx_word' id='word_1_826' title='bbox 3346 5266 3420 5306; x_wconf 87' lang='lat' dir='ltr'>ex</span> <span class='ocrx_word' id='word_1_827' title='bbox 3443 5264 3610 5326; x_wconf 73' lang='lat' dir='ltr'>_mss.</span> 
     </span>
    </p>
   </div>
   <div class='ocr_carea' id='block_1_115' title="bbox 1961 5323 3614 5407">
    <p class='ocr_par' dir='ltr' id='par_1_115' title="bbox 1961 5323 3614 5407">
     <span class='ocr_line' id='line_1_115' title="bbox 1961 5323 3614 5407; baseline -0.001 -26"><span class='ocrx_word' id='word_1_828' title='bbox 1961 5331 2212 5407; x_wconf 89' lang='lat' dir='ltr'>septem,</span> <span class='ocrx_word' id='word_1_829' title='bbox 2259 5341 2369 5407; x_wconf 84' lang='lat' dir='ltr'>pro</span> <span class='ocrx_word' id='word_1_830' title='bbox 2423 5341 2495 5406; x_wconf 79' lang='lat' dir='ltr'>eo</span> <span class='ocrx_word' id='word_1_831' title='bbox 2542 5325 2708 5407; x_wconf 74' lang='lat' dir='ltr'>quod</span> <span class='ocrx_word' id='word_1_832' title='bbox 2737 5328 2866 5381; x_wconf 88' lang='lat' dir='ltr'>erat</span> <span class='ocrx_word' id='word_1_833' title='bbox 2887 5323 3183 5407; x_wconf 34' lang='lat' dir='ltr'>iuleditis</span> <span class='ocrx_word' id='word_1_834' title='bbox 3224 5323 3614 5407; x_wconf 35' lang='lat' dir='ltr'>702231-05.er‘688!</span> 
     </span>
    </p>
   </div>
   <div class='ocr_carea' id='block_1_116' title="bbox 1958 5391 3614 5470">
    <p class='ocr_par' dir='ltr' id='par_1_116' title="bbox 1958 5391 3614 5470">
     <span class='ocr_line' id='line_1_116' title="bbox 1958 5391 3614 5470; baseline -0.003 -18"><span class='ocrx_word' id='word_1_835' title='bbox 1958 5391 2225 5470; x_wconf 78' lang='lat' dir='ltr'>primum</span> <span class='ocrx_word' id='word_1_836' title='bbox 2245 5391 2413 5449; x_wconf 67' lang='grc' dir='ltr'>ταῦτα</span> <span class='ocrx_word' id='word_1_837' title='bbox 2436 5397 2498 5452; x_wconf 93' lang='lat' dir='ltr'>in</span> <span class='ocrx_word' id='word_1_838' title='bbox 2512 5391 2768 5470; x_wconf 81' lang='lat' dir='ltr'>duobus</span> <span class='ocrx_word' id='word_1_839' title='bbox 2794 5395 3102 5470; x_wconf 66' lang='lat' dir='ltr'>codicibus</span> <span class='ocrx_word' id='word_1_840' title='bbox 3120 5408 3244 5450; x_wconf 92' lang='lat' dir='ltr'>non</span> <span class='ocrx_word' id='word_1_841' title='bbox 3269 5391 3614 5470; x_wconf 78' lang='lat' dir='ltr'>antiquissi-</span> 
     </span>
    </p>
   </div>
   <div class='ocr_carea' id='block_1_117' title="bbox 1963 5461 3396 5542">
    <p class='ocr_par' dir='ltr' id='par_1_117' title="bbox 1963 5461 3396 5542">
     <span class='ocr_line' id='line_1_117' title="bbox 1963 5461 3396 5542; baseline -0.006 -16"><span class='ocrx_word' id='word_1_842' title='bbox 1963 5461 2100 5535; x_wconf 83' lang='lat' dir='ltr'>inis,</span> <span class='ocrx_word' id='word_1_843' title='bbox 2132 5483 2353 5541; x_wconf 89' lang='lat' dir='ltr'>nempe</span> <span class='ocrx_word' id='word_1_844' title='bbox 2383 5469 2565 5542; x_wconf 84' lang='lat' dir='ltr'>Regio</span> <span class='ocrx_word' id='word_1_845' title='bbox 2593 5469 2792 5540; x_wconf 88' lang='lat' dir='ltr'>primo</span> <span class='ocrx_word' id='word_1_846' title='bbox 2816 5469 2874 5524; x_wconf 88' lang='lat' dir='ltr'>et</span> <span class='ocrx_word' id='word_1_847' title='bbox 2901 5465 3076 5524; x_wconf 90' lang='lat' dir='ltr'>Coisl.</span> <span class='ocrx_word' id='word_1_848' title='bbox 3108 5461 3396 5522; x_wconf 90' lang='lat' dir='ltr'>secundo.</span> 
     </span>
    </p>
   </div>
  </div>
