4100 6214
771 169 799 192 ἡ

811 207 866 234 κ’.

257 338 341 392 745
1175 325 1682 386 'EPISTOLARUM
1717 326 1995 385 CLASSIS
2033 326 2098 383 II.
2140 327 2358 388 EPIST.
2399 333 2576 390 CCIV.

3460 343 3571 403 ’746

258 459 688 532 συμπαρεκτεῖναι;
738 452 804 506 Ὀ
861 457 979 528 περὶ
1026 453 1168 526 ἡμᾶς
1213 455 1354 505 ἔστιν
1405 449 1534 505 ἰδεῖν
1595 455 1791 526 γινόμε·

1925 456 2160 509 aztatem
2180 456 2501 513 extendat?
2530 458 2701 523 Quod
2727 461 2928 518 tamen
2955 462 3160 520 videre
3199 468 3290 522 est
3313 481 3430 523 usu
3465 484 3574 525 no-

255 569 322 602 νον
356 547 561 615 (ιθ-47),
592 540 843 617 οὐδεμιᾶς
866 551 960 595 τοῦ
987 539 1300 615 διεζεῦχθαι
1333 541 1543 602 δικαίας
1573 544 1809 616 ἀφορμῆς

256 639 580 710 ὑπαρχούσης,
604 634 789 687 οὐκοῦν
819 635 920 686 ὅσα
943 652 1002 705 γε
1034 637 1185 706 ἴσμεν
1216 632 1364 685 αὐτοί
1389 653 1401 666 ·
1438 630 1563 684 ἀλλά
1589 636 1645 684 τὸ
1670 636 1809 685 εναν-

253 732 357 796 τίον,
392 723 570 776 πολλῶν
616 728 708 776 καὶ
753 722 988 795 μεγάλων
1018 726 1150 797 πρὸς
1175 725 1269 780 τὴν
1294 723 1459 796 ἄκραν
1489 723 1613 794 ἡμῖν
1637 721 1804 794 φιλίαν

254 819 326 866 καὶ
374 815 534 866 ἕνωσιν
590 811 988 885 ἐνυπαρχόντων
1035 815 1093 864 τὸ
1135 811 1186 874 ἐξ
1217 809 1390 885 ἀρχῆς
1415 832 1426 844 ·
1463 810 1566 871 ἐνος
1596 815 1685 883 μὲν
1712 818 1805 864 τοῦ

251 908 466 976 μεγίστου
501 906 586 954 καὶ
614 907 845 976 πρώτου,
882 909 975 962 τῆς
1013 899 1218 962 ἐντολῆς
1265 907 1357 953 τοῦ
1407 905 1601 974 Κυρίου
1644 897 1803 975 ὃιαρ-

249 989 395 1066 ῥήὃην
444 992 685 1061 εἰπόντος,
750 992 829 1043 ὅτι
880 990 960 1044 Ἐν
1016 993 1184 1062 τούτῳ
1248 995 1533 1062 γνώσονται
1592 991 1800 1059 πάντες,

249 1083 316 1133 ὅτι
371 1083 472 1154 ἐμοὶ
530 1083 767 1154 μαθηταί
833 1079 968 1147 ἕστε,
1029 1081 1113 1131 ἐὰν
1180 1078 1413 1152 ἀγαπᾶτε
1488 1077 1733 1139 ἀλλήλους
1784 1094 1799 1108 ⁸

246 1176 319 1222 καὶ
371 1170 509 1223 πάλιν
572 1178 665 1223 τοῦ
723 1169 1042 1224 ’Δποστόλου
1098 1177 1276 1242 σαφῶς
1337 1171 1396 1220 τὸ
1444 1176 1536 1229 τῆς
1593 1166 1800 1239 ἀγάπης

242 1259 372 1312 καλὸν
422 1268 768 1334 παριστῶντος
829 1261 975 1332 ἡμῖν,
1035 1267 1187 1312 τοῦτο
1225 1262 1314 1332 μὲν
1345 1255 1393 1310 ἐν
1415 1258 1492 1320 οἷς
1517 1256 1800 1330 ἀποφαίνε-

241 1369 313 1400 ται
368 1348 614 1424 πλήρωμα
666 1354 825 1422 νόμου
905 1346 1034 1401 εἶναι
1102 1353 1196 1407 τὴν
1240 1346 1472 1420 ἀγάπην,
1531 1355 1684 1400 τοῦτο
1740 1344 1799 1400 δὲ

237 1437 340 1488 ὁταν
383 1439 662 1510 προτίθησι
718 1438 922 1489 πάντων
971 1439 1100 1509 ὁμοῦ
1163 1444 1263 1488 τῶν
1313 1435 1546 1509 μεγάλων
1599 1438 1658 1487 τὸ
1707 1443 1798 1496 τῆς

237 1523 414 1596 ἀγάπης
474 1525 652 1595 καλὸν,
711 1524 760 1578 ἐν
813 1527 886 1587 οἷς
938 1541 1133 1598 φησιν·
1176 1524 1293 1579 Ἐὰν
1367 1533 1480 1585 ταῖς
1533 1523 1798 1596 γλώσσαις

235 1624 318 1665 τῶν
387 1613 662 1687 ἀνθρώπων
743 1615 880 1668 λαλῶ
959 1619 1049 1667 καὶ
1107 1623 1207 1667 τῶν
1273 1614 1522 1687 ἀγγέλων,
1589 1613 1795 1684 ἀγάπην

233 1699 282 1756 δὲ
329 1709 392 1776 μὴ
460 1707 592 1776 ἔχω,
653 1709 843 1778 γέγονα
914 1704 1114 1777 χαλκὸς
1171 1705 1341 1776 ἠχῶν,
1415 1706 1444 1763 ἦ
1533 1703 1795 1775 κύμϐαλον

233 1792 473 1854 ἀλαλάζον.
531 1800 635 1848 Καὶ
695 1797 780 1846 ἐὰν
843 1797 950 1866 ἔχω
1003 1799 1340 1868 προφητείαν,
1415 1799 1506 1845 καὶ
1555 1791 1681 1846 εἰδῶ
1732 1795 1869 1855 τὰΒ

227 1887 467 1954 μυστήρια
520 1884 711 1948 πάντα,
770 1886 860 1934 καὶ
919 1889 1093 1935 πᾶσαν
1144 1887 1238 1940 την
1279 1890 1491 1953 γνῶσιν,
1551 1888 1640 1934 καὶ
1689 1884 1798 1954 ἔχω

229 1977 376 2022 πᾶσαν
436 1977 526 2030 τὴν
584 1976 765 2024 πίστιν
823 1973 956 2024 ὥστε
1013 1975 1105 2044 ﬁeri
1164 1973 1416 2044 μεθιστᾷν
1465 1972 1599 2042 (48),
1659 1970 1797 2043 ἀγά-

227 2079 312 2117 πην
360 2057 415 2113 δὲ
456 2066 527 2134 μὴ
593 2059 722 2131 ἔχω,
781 2057 933 2112 οὐδέν
1000 2061 1124 2133 εἰμι.
1189 2057 1293 2113 Κάν
1355 2058 1582 2132 ψωμίσω
1627 2064 1798 2113 πάντα

225 2152 277 2201 τὰ
317 2151 619 2223 ὑπάρχον-τά
669 2169 791 2222 μου,
833 2155 923 2202 καὶ
985 2146 1212 2222 παραδῶ
1258 2153 1316 2201 τὸ
1381 2153 1533 2222 σῶμά
1568 2170 1667 2221 μου
1715 2152 1798 2203 ἵνα

223 2239 391 2310 καυθῇ,
464 2237 682 2310 ἀγάπην
763 2235 822 2290 δὲ
899 2243 970 2311 μὴ
1039 2241 1167 2310 ἔχω,
1246 2236 1396 2291 οὐδὲν
1468 2239 1790 2312 ὠφελοῦμαι·

220 2326 307 2397 οὐχ
337 2331 400 2388 ὡς
433 2325 729 2400 δυναμένου
767 2331 890 2381 ποτε
929 2337 1026 2380 τῶν
1085 2327 1525 2403 ἀπηριθμημένων
1571 2329 1794 2381 ἑκάστου

221 2411 338 2486 δίχα
379 2425 468 2478 τῆς
529 2417 753 2487 ἀγάπης
790 2416 1150 2491 ὶνεργηθῆναι,
1194 2415 1320 2469 ἄλλα
1360 2415 1675 2490 βουλομένου
1703 2426 1794 2470 τοῦ

218 2505 370 2576 ἁγίου,
419 2511 485 2570 ὡς
555 2507 714 2568 αὐτὸς
770 2503 898 2574 εἶπε,
961 2516 1032 2578 τῷ
1088 2509 1206 2560 καθ’
1282 2507 1562 2581 ὑπερϐολὴν
1621 2513 1794 2583 τρόπῳ

221 2600 298 2652 τήν
347 2600 474 2649 κατὰ
516 2600 730 2650 πάντων
785 2599 1054 2672 ὑπεροχὴν
1084 2605 1564 2672 προσμαρτυρῆσαι
1615 2605 1678 2670 τῇ
1721 2596 1794 2648 ἐν·

218 2683 323 2756 τολῇ
333 2706 344 2718 ·

279 2776 325 2828 2.
363 2777 597 2850 Δεύτερον
633 2771 714 2843 δὲ,
773 2777 874 2842 ὅτι,
925 2778 970 2828 εἴ
1022 2795 1073 2828 τι
1120 2779 1256 2848 μέγα
1283 2774 1633 2848 συμϐάλλεται
1662 2778 1791 2850 πρὸς

218 2865 470 2934 σννάφειαν
519 2870 614 2917 καὶ
658 2869 718 2916 τὸ
770 2873 868 2917 τῶν
909 2864 1075 2917 αὐτῶν
1105 2871 1391 2937 μετασχεῖν
1427 2860 1787 2931 διδασκάλων,

216 2952 256 2999 οἱ
313 2953 450 3005 αὐτοὶ
521 2956 650 3026 ὑμῖν
706 2958 761 3007 τέ
818 2955 921 3006 εἰσι
951 2959 1040 3006 καὶ
1079 2956 1203 3026 ἡμῖν
1253 2951 1573 3006 διδάσκαλοί
1605 2973 1659 3007 τε
1687 2963 1788 3006 τῶν

211 3047 491 3116 μυστηρίων
543 3050 642 3096 τοῦ
697 3051 852 3110 Θεοῦ,
911 3064 1001 3096 και
1047 3047 1262 3119 πατέρες
1321 3050 1682 3116 πνευματικοὶ,
1739 3047 1788 3098 οἱ

1921 541 2017 597 bis
2054 545 2323 600 evenisse
2357 562 2370 600 :
2410 548 2691 618 quamvis
2719 549 2885 606 nulla
2915 551 2990 608 sit
3011 552 3174 624 justa
3217 555 3569 628 disjunctio-

1920 631 2016 688 nis
2072 649 2280 701 causa,
2329 636 2495 707 quod
2535 637 2782 709 quidem
2849 641 3142 711 sciamus;
3190 645 3295 701 sed
3332 654 3564 719 contra,

1920 721 2110 779 multa
2139 729 2195 780 et
2224 740 2451 794 magna
2476 726 2552 781 ad
2585 744 2889 785 summam
2937 731 3114 787 nobis
3154 735 3480 794 amicitiam
3511 742 3568 795 et

1920 811 2409 882 conjunctionem
2454 815 2780 872 exstiterint
2838 817 2916 872 ab
2972 819 3172 888 initio;
3223 838 3411 879 unum
3438 825 3569 897 qui-

1917 900 2079 970 dem,
2110 901 2378 972 illudque
2400 904 2736 959 maximum
2768 909 2827 960 et
2846 906 3130 977 primum,
3163 910 3394 967 Domini
3420 928 3569 984 prae-

1917 996 2159 1062 ceptum
2198 990 2414 1047 diserte
2436 991 2688 1048 dicentis
2718 1011 2731 1050 :
2759 996 2830 1050 In
2853 996 2964 1051 hoc
2980 1005 3326 1067 cognoscent
3343 1015 3563 1072 omnes,

1913 1081 2072 1150 quod
2100 1081 2386 1149 discipuli
2409 1082 2525 1136 mei
2551 1083 2708 1151 estis,
2767 1084 2820 1138 si
2848 1098 2947 1140 vos
2978 1091 3183 1140 mutuo
3207 1086 3464 1157 diligitis
3494 1090 3566 1146 ⁸⁸.

1915 1168 2088 1234 Quod
2117 1169 2366 1242 quidem
2411 1169 2717 1226 charitatis
2743 1170 2976 1228 bonum
3006 1189 3214 1228 rursus
3243 1175 3568 1247 Apostolus

1911 1259 2230 1330 perspicue
2261 1258 2437 1314 nobis
2457 1261 2722 1332 exponit,
2753 1261 2939 1318 modo
2965 1263 3234 1335 quidem,
3266 1280 3403 1320 cum
3432 1281 3566 1338 pro-

1910 1348 2148 1404 nuntiat
2204 1347 2720 1424 complementum
2797 1349 2946 1421 legis
3003 1368 3134 1407 esse
3187 1353 3563 1424 charitatem,

1908 1436 2094 1492 modo
2164 1453 2324 1499 vero.
2404 1422 2919 1495 cum°charitatis
2985 1440 3218 1497 bonum
3275 1422 3564 1499 omnibus

1911 1525 2095 1580 simul
2152 1525 2392 1595 magnis
2447 1525 2624 1582 bonis
2674 1529 2937 1600 praefert,
2987 1529 3135 1586 dum
3172 1530 3254 1588 ait
3286 1547 3300 1586 :
3337 1531 3405 1588 Si
3450 1534 3564 1588 lin-

1907 1615 2042 1684 guis
2088 1615 2393 1670 hominum
2445 1616 2655 1684 loquar
2701 1623 2756 1672 et
2798 1619 3174 1689 angelorum,
3201 1619 3562 1676 charitatem

1909 1708 2107 1758 autem
2139 1719 2258 1757 non
2281 1703 2552 1768 habeam,
2574 1705 2777 1771 factus
2795 1722 2923 1761 sum
2938 1722 3013 1762 «τε
3029 1723 3272 1774 sonans,
3304 1713 3370 1763 ut
3401 1725 3563 1778 cym-

1911 1792 2113 1847 balum
2131 1793 2410 1847 tinnz’cns.
2434 1794 2510 1847 Et
2528 1795 2580 1848 si
2608 1793 2855 1849 habeam
2876 1795 3274 1863 prophetiam,
3301 1802 3354 1852 et
3386 1813 3560 1854 nove-

1909 1883 2024 1937 rim
2075 1883 2366 1950 mysteria
2413 1883 2635 1949 omnia,
2685 1889 2740 1938 et
2769 1899 2997 1940 omnem
3042 1885 3354 1941 scientiam
3391 1895 3484 1942 :et
3511 1889 3565 1943 si

1910 1971 2158 2026 habeam
2199 1970 2378 2038 ﬁdem
2419 1987 2670 2037 omnem,
2702 1973 2788 2026 ita
2825 1977 3136 2029 utmontcs
3161 1976 3556 2044 transferam,

1907 2060 2266 2115 charitatem
2293 2065 2492 2114 autem
2514 2075 2633 2115 non
2657 2061 2926 2125 habeam,
2949 2061 3109 2116 nihil
3130 2078 3280 2120 sum.
3301 2064 3380 2118 Et
3401 2066 3452 2119 si
3471 2065 3557 2120 in-

1907 2163 2135 2204 sumam
2161 2149 2222 2202 in
2246 2149 2593 2203 alimoniam
2607 2164 2806 2205 omnes
2821 2151 3170 2219 facultates,
3190 2167 3348 2207 meas
3361 2159 3414 2208 et
3440 2158 3560 2209 tra-

1905 2235 2046 2292 dam
2067 2252 2285 2306 corpus
2319 2251 2512 2292 meum
2541 2243 2606 2291 ut
2632 2238 3042 2308 comburatur,
3074 2240 3429 2296 charitatem
3451 2257 3556 2297 au—

1908 2331 2020 2381 tem
2044 2341 2162 2381 non
2187 2326 2459 2394 habeam,
2482 2326 2936 2383 nihilutilitatis
2958 2328 3128 2396 capio
3151 2329 3228 2394 ‘5;
3254 2344 3375 2383 non
3389 2329 3558 2400 quod

1905 2415 2144 2485 possint
2173 2414 2504 2486 aliquando
2550 2414 2809 2485 singula,
2849 2431 2986 2486 qua:
3018 2422 3373 2473 enumerata
3395 2423 3556 2488 sunt,

1905 2501 2032 2556 sine
2054 2502 2370 2559 dilectione
2407 2503 2617 2574 perﬁci
2650 2521 2662 2558 :
2707 2503 2812 2558 sed
2833 2503 2997 2576 quod
3013 2507 3267 2560 Sanctus
3285 2505 3553 2577 voluerit,

1904 2591 2106 2662 utipse
2129 2590 2288 2662 dixit,
2334 2591 2607 2646 adhibita
2648 2591 2997 2662 hyperbolie
3031 2593 3560 2666 tigura,prasstan-

1902 2679 2049 2735 tiam
2067 2680 2275 2736 omnia
2296 2687 2680 2751 superantem
2712 2681 2853 2736 huic
2885 2682 3172 2738 mandato
3198 2683 3480 2740 tribuere.

1971 2772 2024 2823 2.
2065 2767 2331 2823 Alterum
2390 2768 2507 2823 huc
2565 2769 2815 2833 accedit,
2849 2771 3035 2841 quod,
3092 2771 3142 2825 si
3172 2772 3318 2843 quid
3346 2773 3556 2842 magni

1903 2856 2076 2912 affert
2104 2857 2176 2912 ad
2217 2856 2730 2928 conjunctionem,
2777 2858 2958 2913 etiam
2997 2858 3213 2914 iisdem
3255 2860 3337 2916 uti
3367 2863 3556 2930 magi-

1902 2946 2056 3006 stris,
2081 2944 2259 3000 iidem
2284 2945 2463 3000 nobis
2498 2946 2615 3000 sint
2645 2962 2714 3001 ac
2734 2945 2909 3001 vobis
2932 2948 3204 3016 magistri
3235 2951 3553 3020 mysterio-

1897 3050 2034 3089 rum
2063 3036 2186 3100 Dei,
2221 3039 2277 3089 et
2301 3039 2504 3106 patres
2536 3033 2895 3105 spiritualcs,
2927 3036 3211 3107 quiinitio
3228 3037 3552 3095 Ecclesiam

212 3127 260 3188 ἐξ
302 3127 466 3203 ἀρχῆς
490 3136 584 3191 τὴν
630 3131 945 3190 Ἐκκλησίαν
996 3138 1091 3190 τὴν
1145 3133 1391 3206 ὑμετέραν
1439 3133 1784 3204 θεμελιώσαν-

1904 3129 2162 3180 vestram
2193 3123 2526 3180 fundarunt
2559 3142 2570 3180 :
2604 3125 2952 3194 Gregorium
2982 3125 3116 3181 dico
3148 3143 3458 3183 summum
3489 3127 3554 3183 i1-

211 3233 310 3277 τις⁹
351 3224 631 3294 Γρηγὸριον
661 3220 793 3290 λέγω
836 3225 923 3274 τὸν
961 3241 1120 3289 πανυ,
1150 3225 1239 3272 καὶ
1264 3223 1378 3272 ὅσοι
1408 3221 1588 3293 ἐφεξῆς
1616 3221 1785 3294 ἐκείνῳ

241 3313 258 3323 .
454 3309 464 3328 ι
530 3312 542 3324 ρ
602 3318 624 3328 ..
711 3314 724 3334 ,
831 3309 842 3325 9
1060 3319 1080 3328 ,,
1212 3315 1220 3325 .
1390 3315 1397 3324 ο
1543 3308 1564 3328 εκ
1641 3309 1752 3329 «vi

206 3324 289 3366 της
346 3328 446 3380 παρ
521 3331 648 3383 υμιν
679 3311 1114 3381 (ριξηεπισκοπης
1171 3330 1256 3362 τον
1313 3312 1488 3385 θρονον
1531 3327 1786 3375 οιαοεςα-

207 3413 354 3463 μενοι,
409 3397 556 3461 ἄλλος
593 3399 662 3452 ἐπ
702 3398 860 3470 οἰλλῳ,
927 3401 1100 3473 ὥσπερ
1149 3402 1281 3461 τινες
1345 3398 1552 3474 ἀστέρες
1597 3399 1786 3453 ἐπαναα

204 3483 462 3554 τίλλοντες,
513 3491 653 3540 κατὰ
716 3497 815 3540 τῶν
872 3488 1040 3540 αὐτῶν
1096 3488 1255 3559 ἰχνῶν
1317 3486 1595 3560 ἐπέϐησαν,
1652 3492 1786 3543 ὥστε

206 3567 496 3641 ὃιιὶγνωστα
539 3577 840 3630 καταλιπεῖν
884 3584 975 3638 τῆς
1014 3577 1126 3629 κατ’
1149 3577 1363 3652 οὐρανὸν
1386 3581 1500 3646 (50)
1526 3577 1784 3640 πολιτείας

202 3662 264 3710 τὰ
302 3671 490 3734 σημεῖα
543 3673 651 3728 τοῖς
714 3665 1068 3739 βουλομένοις.
1118 3666 1179 3719 Εἰ
1226 3663 1285 3719 δὲ
1327 3671 1418 3718 καὶ
1459 3669 1513 3719 αἱ
1545 3687 1783 3740 σωματι-

200 3753 284 3800 καὶ
349 3751 654 3816 οἰκειότητες
681 3755 776 3807 οὐκ
816 3754 1120 3821 ἀπόϐλητοι,
1179 3753 1309 3807 ἀλλὰ
1362 3761 1450 3808 καὶ
1507 3758 1780 3829 μέγα

201 3837 608 3914 συμϐαλλόμεναι
664 3849 794 3916 πρὸς
841 3843 1043 3919 ἀρραγῆ
1126 3848 1401 3916 συνάφειαν
1453 3851 1544 3898 καὶ
1603 3865 1782 3897 κοινω-

194 3931 295 3977 νίαν
347 3927 505 4000 βίου·
555 3938 650 3984 καὶ
705 3941 872 3986 ταῦτα
921 3936 1045 4006 ἡμῖν
1112 3934 1308 4006 ὑπῆρξε
1358 3937 1483 4006 πρὸς
1534 3936 1668 4006 ὑμᾶς
1716 3938 1781 3986 τὰ

195 4009 387 4070 δίκαια.
442 4024 588 4081 Τίνος
657 4017 744 4072 οὖν
793 4022 970 4087 ἕνεκεν,
1013 4019 1052 4072 ὦ
1103 4023 1390 4094 σεμνοτάτη
1440 4021 1631 4074 πολεων
1680 4019 1779 4092 (δι’

188 4103 319 4173 ὑμῶν
365 4111 464 4181 γὰρ
533 4117 595 4182 τῇ
649 4109 793 4162 πόλει
849 4111 992 4183 πάσῃ
1027 4107 1382 4182 διαλέγομαι),
1441 4111 1498 4162 οὐ
1558 4114 1780 4185 γράμμα

189 4193 512 4269 ἧμερον(52)
567 4198 806 4267 αὐτόθεν,
864 4198 923 4250 οὗ
972 4203 1108 4271 φωνὴ
1153 4195 1322 4262 δεξιὰ,
1379 4198 1484 4251 ἀλλ’
1540 4203 1778 4258 ἤνοικται

183 4285 266 4351 μὲν
328 4286 469 4358 ὑμῶν
526 4292 595 4340 τὰ
657 4285 766 4340 ὦτα
829 4295 939 4349 τοῖς
1005 4284 1299 4341 διαϐάλλειν
1373 4287 1774 4364 ἐπιχειροῦσινς

185 4374 308 4425 ὣστε
363 4385 617 4430 τοσοῦτον
672 4377 822 4430 πλέον
890 4379 1150 4440 στενάζειν
1218 4377 1421 4450 ὀφείλω,
1463 4379 1666 4452 ὅσῳπερ
1715 4376 1776 4430 ἂν

1904 4372 1968 4430 ιὰ
2019 4371 2245 4430 exitum
2293 4371 2543 4444 perduci
2583 4371 2750 4444 quod
2791 4371 3112 4428 intendunt
3167 4388 3180 4427 :

246 4568 292 4603 “
327 4571 500 4628 Joan.
529 4587 658 4643 xm,
690 4577 781 4630 35.
823 4573 870 4610 ³⁵
910 4574 932 4628 Ι
964 4575 1095 4632 Cor.
1124 4588 1248 4642 xm,
1286 4577 1393 4631 1-3.

245 4765 454 4842 (ts-t7)
493 4773 793 4842 Γινόμενον.
850 4772 932 4826 Ita
973 4774 1091 4842 tres
1130 4767 1518 4826 vetustissimi
1538 4767 1777 4826 codices

179 4849 305 4913 Cum
326 4839 800 4910 pluribus'aliis.
839 4841 988 4896 Editi
1017 4847 1303 4913 γενόμενον.

241 4908 346 4984 ἰξίδῖ
386 4915 687 4984 Μεθιστᾷν.
721 4913 833 4969 Sic.
867 4908 1118 4984 uterque
1136 4908 1341 4984 'CoisI.,
1374 4911 1511 4967 Harl
1539 4915 1595 4984 et
1620 4911 1773 4984 Med.

183 4977 316 5055 Editi
341 4977 923 5055 piatffdvétV.APalllO
978 4977 1116 5055 post
1163 4977 1341 5055 HarlJA
1381 4988 1438 5038 et
1484 4983 1657 5055 coisl.
1683 4998 1775 5055 se-

180 5051 399 5108 cundus
425 5054 529 5106 κᾶν
562 5051 813 5129 παραδῶ.
855 5051 1181 5125 Non—longe
1219 5053 1349 5111 Med
1378 5059 1435 5109 et
1455 5053 1630 5110 Coisl.
1658 5053 1776 5126 pri-

181 5131 657 5200 muspunn‘oiw
674 5145 764 5179 τον
792 5133 1028 5200 Χριστοῦ
1041 5169 1054 5182 .

241 5193 963 5272 (49)_f1ji;'1:ap’batv.'tta
999 5194 1190 5272 _Coisl.
1240 5195 1474 5272 primus
1530 5199 1588 5252 et
1616 5193 1771 5252 Harl.

178 5275 300 5341 cum
321 5255 459 5322 aliis
479 5255 836 5341 rnorinullis.
865 5267 1014 5341 Editi
1042 5277 1132 5328 τῆς
1153 5255 1270 5341 παρ’
1297 5269 1459 5340 ὑμῶν.

239 5340 346 5419 (ξφ
392 5340 930 5419 Κοξῖ’,οὐρανεὲν’,δί⁰
978 5355 1124 5419 198.3.-
1170 5335 1273 5394 δεῖ
1307 5335 1566 5419 ,Ρῖολεο
1605 5335 1774 5419 (1³οᾲ

177 5411 289 5478 erat
306 5408 366 5464 in
401 5410 589 5467 editis
619 5408 741 5462 ’κατ’
765 5410 956 5468 αὐτῶν.
997 5410 1225 5466 Ibidem
1252 5408 1432 5465 editio
1461 5408 1691 5478 Hagen.
1717 5413 1774 5464 et

177 5474 523 5554 basileensis
550 5483 748 5554 prima
773 5488 831 5538 et
851 5487 1082 5553 septem
1105 5498 1248 5536 mss.
1279 5474 1596 5552 δύσγνωστᾶ
1615 5499 1775 5531 κατα-

173 5541 345 5622 λιπεῖν,
405 5541 670 5609 obscura
725 5541 979 5610 caelestis
1044 5554 1312 5609 instituti
1364 5541 1770 5609 monumenta.

171 5619 335 5683 Quod
376 5631 661 5681 erratum
689 5628 877 5682 miror
918 5625 981 5680 in
1025 5629 1108 5681 tot
1158 5623 1397 5682 codices
1434 5623 1770 5696 irrepsisse.

534 5715 782 5773 ΡΑτιιοι..
823 5717 926 5773 Gn.
969 5713 1172 5772 XXXII.

1895 3213 2022 3269 lum
2067 3214 2284 3279 virum,
2342 3219 2398 3269 et
2445 3218 2747 3286 quotquot
2775 3219 2914 3286 post
2941 3230 3080 3270 cum
3103 3216 3415 3288 sediapud
3443 3233 3550 3272 vos

1896 3301 2228 3374 episc0pali
2268 3302 2684 3372 succedentes,
2738 3301 2891 3358 alius
2933 3308 3068 3375 post
3124 3304 3328 3377 alium,
3369 3304 3552 3362 veluti

1895 3391 2076 3450 stellae
2108 3391 2392 3463 quaedam
2415 3392 2770 3459 exorientes,
2798 3392 3016 3448 iisdem
3045 3393 3300 3464 vestigiis
3329 3395 3553 3451 instite-

1894 3484 2056 3547 runt,
2089 3480 2240 3535 adeo
2272 3491 2336 3535 ut
2363 3479 2591 3535 nemini
2620 3480 2885 3536 obscura
2920 3481 3268 3552 reliquerint
3298 3483 3551 3539 caelestis

1892 3568 2145 3624 instituti
2167 3573 2586 3625 monumenta.
2612 3569 2784 3634 Quod
2815 3569 2862 3624 si
2892 3575 2950 3626 et
2970 3586 3271 3643 corporea:
3294 3573 3548 3628 necessi-

1896 3658 2133 3714 tudines
2149 3659 2606 3714 contemnendae
2635 3675 2757 3714 non
2789 3665 2944 3729 sunt,
2963 3660 3066 3714 sed
3096 3659 3350 3715 multum
3367 3661 3546 3716 etiam

1893 3747 1968 3802 ad
1992 3747 2231 3802 firmam
2254 3747 3015 3819 conjunctionemvitceque
3031 3747 3375 3802 societatem
3406 3764 3544 3804 con-

1891 3835 2141 3905 ducunt,
2190 3836 2320 3891 Ιιοξο
2353 3852 2596 3908 quoque
2650 3835 2826 3890 nobis
2850 3837 2990 3905 jura
3019 3834 3332 3890 vobiscum
3358 3837 3544 3891 inter-

1891 3925 2132 3980 cedunt.
2187 3926 2380 3990 Quare
2439 3941 2603 3994 ergo,
2651 3941 2686 3980 o
2734 3924 2976 3980 urbium
3008 3924 3392 3980 ornatissima
3418 3927 3546 3996 (per

1888 4029 2000 4069 vos
2053 4013 2214 4069 enim
2273 4013 2486 4069 urbem
2537 4019 2722 4070 totam
2779 4013 3094 4085 alloquor),
3137 4013 3316 4069 nullas
3364 4014 3544 4070 istinc

1888 4107 2218 4157 mansuetae
2243 4101 2466 4171 litterae,
2498 4101 2666 4158 nulla
2690 4119 2804 4158 vox
2843 4100 3146 4173 optabilis,
3179 4102 3284 4157 sed
3318 4109 3542 4174 apertae

1888 4197 2026 4250 sunt
2057 4207 2231 4247 aures
2260 4195 2497 4258 vestrae,
2553 4191 2648 4247 his
2687 4191 2790 4264 qui
2812 4191 3168 4246 calumniari
3200 4193 3542 4248 conantur?

1886 4279 2048 4337 unde
2079 4296 2149 4336 eo
2173 4279 2311 4352 plus
2341 4280 2738 4350 ingemiscere
2759 4279 2974 4352 debeo,
2996 4297 3118 4353 quo
3146 4281 3338 4351 magis
3361 4280 3540 4337 video

3239 4370 3538 4444 siquidem

1887 4769 2178 4824 Caeterum
2202 4768 2362 4821 recte
2390 4763 2779 4821 emendatum
2827 4768 2918 4820 est
2939 4763 3002 4820 in
3030 4762 3397 4821 editionibus
3441 4781 3536 4823 re-

1885 4837 2270 4903 centioribus,
2301 4851 2460 4907 quas
2486 4836 2672 4890 secuti
2703 4851 2936 4890 sumus.

1959 4909 2070 4987 (5.1)
2114 4913 2224 4987 ΚαὶΔ
2268 4905 2558 4987 μξγοικίςο.
2746 4923 2913 4987 "mss.
2969 4905 3116 4987 βάᾕὶ
3167 4911 3253 4987 καί
3310 4907 3530 4978 μεγάλα.

1884 4979 2065 5035 Paulo
2096 4983 2230 5048 post
2257 4977 2400 5033 editi
2429 4978 2550 5048 ὑμῖν
2597 4977 2794 5049 ὑπῆρξε
2823 4981 2946 5052 πρὸς
2972 4979 3130 5049 ἡμᾶς.
3168 4977 3354 5034 Iidem
3377 4977 3534 5034 mss.

1885 5057 1948 5107 ut
1973 5051 2033 5106 in
2062 5054 2242 5104 textu.

1953 5121 2067 5191 (5'2)
2105 5119 2347 5192 Ἦμερον.
2403 5118 2687 5192 Quamvis
2735 5118 3311 5192 hancLscripturam
3368 5118 3534 5175 solus

1883 5187 2075 5273 codex
2129 5187 2270 5272 Reg.
2340 5187 2644 5245 secundus
2703 5187 3088 5317 suppeditet;
3122 5206 3258 5246 eam
3293 5195 3535 5271 ctamen

1884 5263 2218 5317 adsciscere
2243 5275 2303 5316 1n
2336 5267 2561 5317 textum
2587 5276 2710 5316 non
2730 5260 2811 5316 du
2860 5268 3016 5317 itaw.
3053 5269 3181 5317 tum
3203 5276 3347 5317 auia
3365 5261 3534 5317 illud.

1884 5263 2218 5319 adsciscere
2243 5263 2303 5316 in
2336 5267 2561 5317 textum
2587 5276 2710 5334 non
2730 5260 3016 5334 dubitavi,
3035 5269 3181 5334 tum
3203 5262 3347 5334 quia
3365 5261 3534 5326 illud,

1881 5337 2102 5407 γράμμα
2127 5334 2391 5416 ὑμέτερον,
2449 5331 2616 5416 quod
2655 5332 2881 5389 habent
2904 5331 3259 5416 editihidem
3285 5347 3532 5416 prorsus

1883 5401 2058 5461 sonat
2081 5401 2660 5478 ἅθ’γράμμααῦτόθεν,
2720 5411 2848 5478 tum
2874 5405 3018 5478 quia
3066 5401 3441 5478 favent‘Harl.
3477 5406 3536 5458 et

1881 5459 2132 5547 uterque
2180 5459 2357 5547 C‘oi'sl.
2407 5475 2469 5531 in
2516 5459 2737 5547 quibus
2771 5459 2984 5543 legiiur
3011 5477 3231 5546 γράμμα
3261 5474 3528 5547 ἡμέτερον.

1882 5523 2131 5602 ῖιὶἷὰἓιῖ
2152 5523 2383 5618 {deuia
2407 5523 2556 5618 ’ᾖενῗ
2566 5523 3165 5618 Ξᾶᾱῖιεῖἕὶξὲρῖἒῷ·
3180 5523 3323 5598 mss.
3346 5523 3534 5602 idem

1883 5622 2024 5689 Reg.
2056 5617 2247 5675 codex
2276 5633 2399 5676 non
2425 5613 2615 5674 multo
2645 5621 2782 5689 post
2805 5613 3038 5686 τοσούτῳ
3076 5613 3246 5670 πλέον.

3143 5707 3215 5762 24
