4062 6214
565 343 670 398 ’747

1936 345 1990 399 S.
2033 344 2282 399 BASILII
2321 345 2542 402 MAGNI

3775 371 3859 424 548

569 465 890 524 calumniae
915 481 1070 538 opus
1099 467 1406 522 auctorem
1427 465 1816 524 manifestum
1831 465 2014 522 habet
2049 483 2062 521 :
2095 467 2223 540 qui,

2333 467 2520 541 μᾶλλον
2551 467 2653 522 ἴδω
2682 474 2743 522 τὺ
2794 469 3220 546 σπουδαζόμενον
3245 497 3258 508 ·
3311 473 3488 538 ἐπειδὴ
3519 483 3572 532 τὸ
3599 489 3684 545 τῆς
3712 483 3860 542 διαϐο-

571 573 712 612 cum
771 571 844 612 ex
891 554 1096 612 multis
1154 555 1485 612 malefactis
1533 561 1712 612 notus
1749 555 1841 626 sit,
1875 561 2076 612 tamen
2111 555 2226 628 hac

571 645 836 701 maxime
891 645 1163 716 nequitia
1213 645 1610 715 dignoscitur,
1657 645 1738 700 ita
1791 649 1857 700 ut
1909 661 2128 700 nomen
2173 643 2226 699 ei

571 733 799 790 factum
845 733 1021 788 fuerit
1049 739 1388 806 peccatum.
1447 733 1562 790 Sed
1621 739 1821 789 tamen
1857 733 2002 788 ferte
2025 747 2227 788 meam

571 822 816 879 dicendi
845 823 1184 879 libertatem
1219 839 1232 877 :
1281 827 1601 895 utramque
1634 839 1844 878 aurem
1879 823 2030 878 meis
2061 839 2226 894 syco-

573 911 818 984 phantis
867 911 1224 984 aperientes,
1285 912 1492 966 omnia
1549 911 1754 968 animo
1788 911 1936 967 citra
1973 927 2229 967 examen

573 999 861 1072 recipitis,
885 1015 996 1056 nec
1029 999 1356 1072 quisquam
1388 999 1566 1072 304
1597 1000 1808 1072 estqui
1839 999 2230 1056 mendacium

573 1105 612 1146 a
640 1090 889 1146 veritate
917 1095 1208 1146 secernat.
1241 1090 1381 1155 Quis
1413 1105 1686 1162 unquam
1705 1089 2005 1146 malarum
2037 1089 2232 1145 crimi-

574 1179 886 1236 nationum
931 1180 1186 1252 penuria
1242 1179 1566 1246 laboravit,
1613 1179 1778 1235 solus
1813 1179 2231 1235 contendens?

575 1267 711 1340 quis
735 1269 1027 1324 mentiens
1059 1269 1385 1338 convictus,
1409 1267 1655 1324 absente
1684 1283 1754 1323 eo
1786 1269 1888 1341 qui
1911 1267 2231 1324 calumniis

576 1357 880 1429 appetitur
901 1359 928 1414 ?
948 1373 1230 1430 quaenam
1255 1359 1446 1414 oratio
1477 1372 1600 1413 non
1627 1357 1962 1430 probabilis
1986 1357 2230 1414 audien-

571 1447 758 1518 tibus,
812 1447 860 1502 si
903 1447 1237 1504 maledicus
1272 1452 1572 1504 asseveret
1629 1463 1754 1502 rem
1779 1448 1860 1504 ita
1892 1464 1952 1503 se
1983 1447 2229 1516 habere,

573 1535 624 1592 is
675 1541 879 1593 autem
923 1537 1018 1592 cui
1074 1536 1476 1603 maledicitur,
1519 1551 1629 1592 nec
1661 1536 1840 1606 adsit,
1873 1552 1984 1592 nec
2017 1541 2231 1592 contu-

572 1625 788 1683 melias
814 1626 1072 1683 audiat?
1111 1630 1316 1684 Nonne
1357 1631 1413 1682 et
1441 1627 1577 1699 ipsa
1609 1626 1814 1682 saeculi
1854 1625 2230 1682 consuetudo

571 1715 706 1772 haec
733 1731 842 1771 vos
867 1715 1100 1778 edocet,
1123 1731 1284 1786 eum,
1311 1715 1414 1788 qui
1431 1732 1636 1788 aequus
1657 1719 1712 1770 et
1743 1715 2084 1770 communis
2115 1731 2227 1769 au-

2331 556 2426 619 λῆς
2478 561 2625 632 ξονον
2680 564 2892 635 φανερὸν
2941 563 3052 634 ἔχει
3105 567 3193 616 τὸν
3245 567 3654 640 καθηγούμενον·
3695 575 3863 640 δς,ἀπδ

2333 647 2529 698 πολλῶν
2581 649 2838 722 ὑπάρχων
2903 649 3245 725 ἀδικημάτων
3295 661 3566 731 γνώριμος,
3628 659 3715 714 ἀπὸ
3767 671 3844 718 ται)

2333 757 2425 798 της
2487 739 2718 810 μάλιστα
2773 750 2862 801 τῆς
2927 748 3182 816 πονηρίας
3261 749 3710 820 χαρακτηρίζεται,
3759 757 3866 810 ὥστε

2335 832 2425 879 καὶ
2471 833 2630 900 ὄνομα
2697 830 2837 900 αὐτῷ
2891 833 3132 902 γενέσθαι
3192 839 3285 891 τὴν
3325 835 3593 909 ἁμαρτίαν.
3627 839 3746 898 Πλὴν
3784 843 3866 894 ἀλλ’

2337 915 2484 986 ὑμεῖς
2515 915 2814 988 ἀνάσχεσθέ
2860 939 2960 992 μου
2991 929 3082 981 τῆς
3127 921 3426 996 παρρησίας
3449 946 3461 957 ·
3515 925 3777 1004 ἀμφοτέρας
3799 935 3872 994 τὰς

2335 1007 2492 1065 ἀκοάς
2555 1015 2664 1068 τοῖς
2688 1003 3058 1061 διαϐάλλουσιν
3097 1013 3234 1082 ἡμᾶς
3279 1003 3702 1080 ἀναπετάσαντες
3735 1023 3874 1072 πάντα

2339 1091 2682 1156 ἀνεξετάστως
2711 1105 2821 1157 ταῖς
2841 1097 3050 1170 ψυχαῖς
3069 1097 3440 1174 παραδέχεσθε
3461 1119 3471 1130 ·
3490 1109 3574 1155 καὶ
3594 1102 3750 1167 οὐδεὶς
3767 1109 3787 1158 ὁ
3803 1117 3874 1160 τοῦ

2339 1181 2559 1244 ἀληθοῦς
2589 1189 2646 1236 τὸ
2686 1183 2886 1256 ψεῦδος
2914 1187 3227 1262 φυλοκρινών
3253 1189 3367 1256 (53)
3433 1196 3523 1254 Τίς
3552 1193 3766 1266 ἠπόρησέ
3781 1217 3878 1250 ποτε

2336 1283 2572 1348 πονηρῶν
2619 1274 2956 1348 ἐγκλημάτων
2999 1281 3151 1348 μόνος
3211 1276 3616 1352 ἀγωνιζόμενοςς
3653 1289 3722 1344 τίς
3759 1283 3879 1356 ἠλέγ-

2337 1363 2448 1434 χθη
2480 1359 2818 1436 ψευδόμενος,
2851 1371 2921 1438 μὴ
2965 1371 3218 1440 παρόντος
3265 1377 3355 1420 τοῦ
3409 1377 3879 1443 συκοφαντουμένους

2341 1461 2488 1506 ποῖον
2543 1455 2688 1527 ῥῆμα
2735 1455 2828 1505 οὐκ
2875 1457 2987 1507 ἔστι
3018 1457 3232 1508 πιθανὸν
3261 1465 3374 1518 τοῖς
3416 1457 3705 1524 ἀκούουσιν,
3751 1461 3822 1513 ἐὰν
3862 1463 3882 1514 ὁ

2340 1543 2429 1613 μὶν
2481 1539 2720 1616 λοίδορος
2777 1540 3120 1614 διατείνηται,
3181 1541 3211 1603 ἦ
3259 1551 3362 1618 μὴν
3411 1549 3568 1608 οὕτως
3597 1551 3743 1620 ἔχειν,
3791 1547 3886 1602 ὁδὶ

2339 1627 2732 1704 λοιδορούμενος
2781 1639 2906 1704 μήτε
2953 1643 3114 1706 παρῇ,
3149 1640 3280 1706 μήτε
3327 1633 3553 1709 ἒπακούῃ
3609 1647 3700 1690 τῶν
3747 1637 3884 1710 βλασ-

2341 1731 2582 1792 φημιῶνς
2644 1719 2782 1774 Οὐδὲ
2849 1723 2978 1782 αὒτή
3023 1725 3050 1782 ἡ
3103 1731 3196 1777 τοῦ
3249 1723 3371 1797 βίον
3417 1729 3659 1785 συνήθεια
3686 1725 3890 1780 παιδεύει

572 1804 733 1860 ditor
787 1803 1026 1860 futurus
1069 1810 1176 1874 est,
1229 1819 1352 1860 non
1399 1805 1618 1860 debere
1667 1807 1858 1859 totum
1913 1803 2135 1859 abduci
2191 1817 2223 1857 a

2337 1811 2468 1883 ὑμᾶς
2507 1814 2632 1885 πρὸς
2653 1819 2838 1878 ταῦτα,
2893 1815 2974 1864 ὅτι
3013 1809 3095 1866 δεῖ
3137 1817 3225 1866 τόν
3255 1814 3508 1886 μῶλοντα
3549 1819 3658 1868 ἴσον
3685 1821 3765 1868 καὶ
3805 1836 3890 1866 κοι-

571 1897 1056 1965 praaoccupante,
1121 1894 1228 1948 sed
1290 1897 1348 1950 et
1401 1891 1814 1948 defensionem
1877 1897 2227 1964 exspectare

573 1981 722 2054 ejus,
766 1982 870 2054 qui
898 1999 1037 2038 reus
1071 1981 1284 2053 agitur,
1345 1987 1409 2038 ut
1457 1981 1539 2036 sic
1575 1997 1648 2036 ex
1670 1979 1984 2036 collatione
2013 1981 2230 2035 utrius-

571 2087 689 2144 que
713 2071 1031 2140 sermonis,
1063 2071 1279 2126 veritas
1301 2069 1598 2126 elucescat
1617 2071 1644 2124 ?
1665 2071 1907 2124 Justum
1921 2069 2228 2139 judicium

563 2163 839 2232 judicate
867 2161 914 2198 ⁸⁸
948 2179 961 2217 :
991 2165 1362 2233 praeceptum
1394 2165 1483 2216 est
1517 2175 1708 2215 unum
1739 2175 1812 2216 ex
1838 2159 2101 2216 maxime
2127 2175 2226 2216 ne-

571 2251 852 2308 cessariis
882 2251 962 2308 ad
995 2250 1273 2308 salutem.

639 2433 692 2487 3.
731 2433 925 2504 Atque
953 2427 1084 2486 haec
1099 2427 1258 2498 dico,
1307 2443 1430 2486 non
1461 2427 1682 2484 oblitus
1710 2425 2037 2484 verborum
2061 2431 2226 2500 Apo-

570 2520 726 2590 stoli,
773 2521 882 2594 qui
913 2519 1154 2590 fugiens
1201 2520 1474 2576 humana
1523 2517 1774 2590 judicia,
1815 2521 2004 2574 totam
2049 2533 2228 2573 suam

566 2612 754 2668 vitam
799 2609 957 2668 illius
996 2609 1226 2681 judicii,
1269 2607 1436 2680 quod
1465 2608 1662 2680 decipi
1677 2623 1800 2663 non
1837 2611 2053 2679 potest,
2087 2621 2225 2663 exa-

569 2701 720 2758 mini
748 2699 1116 2770 reservabat,
1157 2697 1262 2754 ubi
1289 2699 1372 2754 ait
1397 2716 1420 2752 .·
1450 2697 1604 2753 Mihi
1627 2703 1826 2754 autem
1841 2713 1954 2768 pro
1977 2698 2224 2752 minimo

571 2797 660 2848 est
691 2795 757 2846 ut
782 2805 820 2846 α
847 2789 1008 2846 vobis
1023 2789 1290 2860 judicer,
1339 2792 1446 2842 aut
1481 2785 1558 2842 ab
1585 2787 1849 2842 humano
1879 2787 1974 2842 die
1995 2787 2066 2842 ⁸⁷.
2111 2786 2226 2842 Sed

567 2885 776 2937 tamen
792 2880 937 2951 quia
964 2894 1142 2936 aures
1163 2882 1394 2933 vestras
1417 2875 1584 2932 falsae
1603 2875 2052 2932 criminationes
2077 2891 2226 2948 pras-

569 2971 966 3042 occuparunt,
1020 2984 1092 3024 ac
1135 2966 1452 3022 calumniis
1498 2965 1684 3038 petita
1735 2965 1972 3022 estvita
1995 2969 2224 3032 nostra,

566 3060 757 3133 petita
785 3058 966 3114 etiam
997 3059 1205 3112 nostra
1233 3055 1296 3112 in
1323 3057 1511 3112 Deum
1537 3053 1688 3110 ﬁdes
1717 3053 1916 3122 ;haud
1937 3054 2224 3122 ignorans

2335 1903 2420 1950 νόν
2473 1899 2733 1972 ἀκροατὴν
2799 1905 3108 1972 γενήσεσθαι
3158 1904 3295 1972 (54),
3349 1910 3428 1976 μὴ
3481 1903 3590 1958 ὅλον
3639 1905 3894 1976 ἀπάγεσθαι

2335 1991 2480 2062 παρά
2535 1995 2627 2040 τοῦ
2665 1989 3031 2064 προλαϐόντος,
3084 1989 3194 2043 ἀλλ’
3253 1991 3521 2066 ἀναμένειν
3568 1999 3654 2046 καὶ
3680 1999 3764 2051 τὴν
3793 1992 3894 2044 ἀπο.

2336 2077 2516 2149 λογίαν
2546 2086 2638 2130 τοῦ
2680 2078 3010 2152 ἐναγομένου,
3057 2081 3120 2132 ἵν’
3170 2082 3332 2143 οὕτως
3361 2081 3426 2134 ἐκ
3453 2091 3548 2144 τῆς
3585 2085 3894 2156 παραθέσεως,

2335 2167 2586 2242 ἑκατέρων
2639 2177 2738 2222 τῶν
2785 2170 2948 2242 λόγων
3003 2167 3294 2244 amiaqu
3359 2173 3398 2230 ἡ
3459 2171 3702 2239 manu;
3753 2177 3900 2244 Κρῖμα

2337 2253 2540 2309 δίκαιον
2579 2263 2822 2330 κρίνατε’
2867 2261 3184 2335 πρόσταγμά
3238 2259 3382 2314 ἐστιν
3439 2263 3488 2315 ἓν
3529 2269 3625 2314 τῶν
3653 2259 3900 2332 ἀναγκαιο-

2337 2349 2503 2398 τάτων
2534 2347 2601 2408 εἰς
2635 2353 2919 2422 σωτηρίαν.

2407 2439 2458 2492 3.
2503 2441 2604 2489 Καὶ
2643 2445 2810 2489 ταῦτα
2845 2437 2998 2509 λέγω,
3053 2439 3146 2492 οὐκ
3213 2439 3618 2514 ἐπιλελησμένος
3659 2447 3750 2491 τῶν
3798 2437 3900 2489 ἀποα

2337 2523 2587 2576 στολικῶν
2637 2525 2906 2600 ῥημάτων,
2959 2529 3062 2592 ὅτι,
3115 2532 3314 2600 φεύγων
3400 2529 3588 2592 ἐκεῖνος
3637 2531 3699 2582 τὰ
3741 2527 3906 2598 ἀνθρώ-

2333 2633 2459 2666 πινα
2505 2621 2771 2689 κριτήρια,
2831 2617 2942 2668 ὅλον
3001 2615 3185 2670 ἑαυτοῦ
3241 2623 3327 2671 τὸν
3395 2619 3513 2689 βίον
3551 2627 3664 2680 ταῖς
3701 2617 3905 2674 εὐθύναις

2333 2712 2422 2756 τοῦ
2472 2704 2854 2766 ἀνεξαπατὴτου
2896 2704 3246 2779 δικαστηρίου
3301 2707 3354 2760 ἔτ
3375 2713 3612 2782 αμιεύετο
3657 2708 3704 2760 ἐν
3736 2707 3806 2768 οἷς
3831 2725 3908 2776 9::-

2335 2809 2456 2844 σιν’
2519 2793 2664 2866 Ἐμοὶ
2731 2791 2790 2848 δὲ
2857 2795 2922 2856 εἰς
2975 2794 3257 2867 ἐλάχιστόν
3311 2795 3462 2852 ἐστιν
3511 2801 3592 2851 ἵνα
3647 2797 3730 2868 ὑφ’
3783 2798 3900 2866 ὑμῶν

2334 2880 2616 2956 ἀνακριθῶ,
2660 2883 2688 2940 ἣ
2749 2885 2850 2936 ὑπὸ
2904 2883 3230 2956 ἀνθρωπίνης
3309 2889 3537 2960 ἡμέρας.
3603 2883 3734 2938 ’Δλλ’
3791 2885 3904 2955 ὁμῶς

2331 2967 2512 3029 ἐπειδὴ
2563 2971 2921 3046 προλαϐούσαι
2961 2969 2996 3025 δ
3003 2973 3205 3027 ιαϐολαὶ
3234 2973 3384 3045 ψευδ
3389 2985 3456 3037 εἰς
3503 2981 3755 3046 κατέσχον
3784 2973 3903 3042 ὑμῶν

2330 3063 2426 3120 τάς
2456 3059 2633 3127 ἀκοὰς,
2684 3065 2774 3114 καὶ
2830 3059 3174 3121 διαϐέϐληται
3215 3067 3309 3136 μὲν
3345 3069 3494 3138 ἡμῶν
3521 3065 3546 3117 ὁ
3587 3063 3721 3138 βίος,
3757 3057 3910 3114 διαῧέ-

566 3152 686 3204 tres
717 3145 898 3202 simul
927 3162 1223 3220 personas
1267 3161 1304 3202 a
1347 3144 1785 3202 calumniatore
1833 3143 1970 3198 laedi
2002 3161 2014 3198 :
2049 3145 2223 3198 nocet

2333 3149 2517 3207 ϐληται
2567 3147 2626 3203 δὲ
2677 3153 2706 3210 ἠ
2762 3156 2880 3224 περὶ
2929 3157 3015 3204 τὸν
3062 3157 3190 3206 Θεὸν
3232 3156 3389 3226 ἡμῶν
3419 3161 3619 3220 πίστις,
3655 3149 3815 3216 εἰδὼς,
3842 3153 3906 3200 ὅτι

570 3235 732 3292 enim
753 3239 810 3290 et
838 3235 892 3292 ei
921 3251 1106 3308 quem
1129 3234 1552 3302 calumniatur,
1585 3239 1640 3290 et
1673 3233 1744 3288 iis
1777 3249 1934 3304 quos
1966 3229 2222 3303 alloqui-

569 3328 686 3396 tur,
721 3328 779 3380 et
807 3323 922 3380 sibi
952 3323 1082 3397 ipse
1113 3341 1128 3379 :
1162 3325 1236 3380 de
1267 3339 1404 3380 meo
1435 3322 1718 3396 equidem
1747 3321 1977 3378 damno
2005 3321 2222 3377 tacuis-

571 3429 723 3484 sem,
747 3413 936 3486 probe
961 3413 1188 3485 sciatis,
1215 3429 1338 3470 non
1368 3413 1534 3486 quod
1559 3417 1822 3468 vestram
1844 3409 2224 3468 existimatio-

568 3518 712 3560 nem
769 3507 1154 3559 contemnam
1208 3501 1542 3574 (quomodo
1597 3501 1760 3558 enim
1811 3501 1936 3572 qui,
1983 3515 2058 3556 ne
2085 3514 2222 3554 eam

567 3592 863 3654 amittam,
911 3591 1042 3647 haec
1094 3589 1290 3647 scribo
1345 3595 1402 3646 et
1445 3605 1606 3646 nunc
1655 3589 1954 3646 contendo
1993 3588 2065 3660 ?),
2113 3587 2222 3642 sed

566 3681 736 3755 quod
787 3681 1030 3738 videam
1073 3697 1146 3736 ex
1205 3679 1395 3736 tribus
1431 3680 1534 3752 qui
1579 3679 1900 3746 laaduntur,
1945 3693 2086 3732 eum
2117 3675 2222 3749 qui

565 3772 769 3828 minus
795 3769 1048 3842 laeditur,
1081 3785 1179 3826 me
1205 3785 1356 3826 esse.
1391 3771 1512 3840 Ego
1533 3768 1697 3824 enim
1723 3767 1902 3824 vestri
1917 3767 2222 3838 jacturam

565 3861 742 3928 facio,
791 3861 966 3918 vobis
994 3861 1217 3918 veritas
1249 3859 1525 3932 eripitur;
1547 3864 1604 3916 et
1630 3857 1736 3932 qui
1773 3859 1992 3914 horum
2014 3862 2224 3913 auctor

566 3955 680 4020 est,
738 3967 836 4008 me
865 3951 1113 4023 quidem
1137 3967 1174 4006 a
1201 3950 1376 4006 vobis
1407 3949 1687 4020 sejungit,
1737 3947 1866 4020 ipse
1909 3963 2050 4003 vero
2103 3963 2164 4002 se
2186 3963 2222 4002 a

566 4037 826 4094 Domino
857 4037 1162 4096 abalienat
1192 4055 1206 4093 :
1241 4039 1370 4093 ﬁeri
1415 4037 1575 4092 enim
1615 4052 1740 4092 non
1768 4039 1968 4108 potest
1995 4041 2060 4090 ut
2089 4035 2222 4107 quis

567 4129 714 4196 Deo,
733 4126 915 4184 vetita
942 4128 1265 4199 patrando,
1319 4126 1745 4196 conjungatur.
1794 4127 2002 4180 Vestra
2045 4123 2224 4195 igitur

567 4231 758 4274 causa
775 4215 972 4287 magis
1001 4231 1189 4290 quam
1225 4231 1367 4272 mea
1393 4214 1632 4287 loquor,
1673 4217 1730 4270 et
1757 4217 1824 4270 ut
1861 4229 1971 4269 vos
1997 4214 2221 4270 damno

565 4303 927 4362 intolerabili
956 4305 1240 4362 eximam.
1289 4303 1460 4370 Quod
1508 4303 1670 4360 enim
1701 4301 1902 4374 majus
1931 4303 2220 4374 cuiquam

564 4395 800 4452 malum
825 4395 1080 4462 accidat,
1111 4410 1300 4467 quam
1321 4394 1370 4448 si
1399 4409 1528 4450 rem
1555 4391 1829 4449 omnium
1859 4391 2219 4464 pretiosissi-

564 4501 732 4544 mam
774 4485 1012 4544 amittat
1037 4483 1348 4540 veritatem
1373 4483 1401 4538 ‘I

634 4665 690 4719 4.
725 4664 880 4730 Quid
901 4664 1082 4735 igitur
1119 4663 1276 4730 dico,
1325 4663 1586 4719 fratres?
1627 4665 1754 4718 Non
1769 4661 2217 4734 peccatiexpeb

561 4757 684 4809 tem
709 4767 808 4808 me
837 4769 992 4823 esse,
1023 4767 1134 4808 nec
1159 4753 1346 4808 vitam
1375 4767 1576 4808 meam
1621 4751 1902 4808 refertam
1926 4765 2052 4806 non
2083 4765 2217 4806 esse

559 4843 894 4900 innumeris
940 4843 1188 4900 delictis.
1231 4845 1381 4900 Nam
1427 4857 1525 4898 me
1549 4842 1678 4914 ipse
1715 4841 1880 4911 novi,
1911 4855 2022 4898 nec
2047 4855 2216 4896 cesso

559 4931 866 5005 lacrymas
915 4932 997 4990 ob
1035 4935 1280 5005 peccata
1306 4931 1692 5005 perfundere,
1723 4929 1772 4986 si
1801 4930 1951 4990 forte
1979 4929 2216 5004 possim

635 5141 683 5178 ³⁵
719 5141 892 5200 Joan.
918 5155 1016 5216 vii,
1047 5139 1142 5199 24.
1179 5139 1226 5180 ⁸⁷
1259 5141 1393 5202 Cor.
1417 5157 1491 5214 ιν,
1525 5141 1578 5202 3.

637 5351 751 5428 (53)
793 5343 1151 5428 ¢0).o_xptscgw._
1185 5353 1272 5428 Ita
1329 5351 1466 5428 tres
1492 5337 1903 5428 vetustissimi
1953 5341 2209 5428 codices,

565 5421 682 5478 nisi
695 5423 872 5509 quod
919 5421 981 5503 in
1013 5421 1182 5509 ‘Med.
1241 5421 1457 5509 le‘gitur
1499 5421 1871 5509 φυλλοκρινὼνλ
1893 5427 2042 5482 Editi
2069 5421 2211 5498 00.0;

561 5492 773 5571 κρινῶν.
837 5493 1144 5575 Scriptura
1197 5492 1476 5548 codicum
1507 5492 2111 5554 'mssﬁconﬁrmatu'r
2139 5515 2210 5555 ex

563 5561 734 5638 libro
755 5565 838 5619 De
865 5567 1314 5638 Spn'itusqncto
1329 5581 1378 5619 c.
1413 5569 1508 5638 29,
1525 5579 1584 5638 ρ.
1606 5569 1708 5638 73,
1728 5571 1784 5621 et
1806 5568 1975 5638 epist.
1993 5573 2118 5624 237.

627 5635 744 5708 ςξι)
783 5627 1122 5708 Γενήὶτεσοαι-
1155 5635 1304 5692 Med.
1333 5639 1392 5690 et
1413 5627 1588 5691 Corisl.
1621 5627 2136 5708 primusyaws'o-Oaz.

622 5699 740 5772 (55)
778 5708 885 5764 Τῆς
913 5707 1039 5784 παρ’
1063 5709 1202 5783 ὑμῖν.
1237 5711 1322 5766 lta
1361 5711 1480 5764 tres
1525 5699 1916 5765 vetustissimi
1969 5712 2208 5769 codices

2331 3244 2502 3312 τρισὶν
2547 3240 2678 3312 ὁμοῦ
2735 3247 3032 3314 προσώποις
3070 3247 3163 3301 τὴν
3218 3241 3432 3315 βλάϐην
3483 3241 3840 3318 προστρίϐεται
3885 3235 3904 3284 ὁ

2335 3325 2368 3380 δ
2376 3327 2664 3381 ιαϐάλλων·
2693 3335 2780 3382 τόν
2817 3350 2868 3383 τε
2913 3333 3014 3404 γάρ
3061 3337 3553 3406 συκοφαντούμενον
3611 3329 3792 3394 ἀδικεῖ,
3841 3331 3908 3378 καὶ

2330 3421 2458 3494 πρὸς
2509 3420 2594 3479 οὖς
2647 3419 2672 3470 ὁ
2719 3419 2872 3492 λόγος
2909 3419 3050 3473 ἐστὶν
3108 3421 3270 3492 αὐτῷ,
3327 3428 3422 3476 καὶ
3481 3423 3690 3476 ἑαυτόνθ
3727 3428 3812 3478 τῆς
3839 3417 3908 3490 μὲν

2331 3503 2559 3579 ἐμαυτοῦ
2609 3507 2812 3580 βλάϐης
2853 3509 2948 3560 κᾶν
2989 3509 3371 3581 ἀπεσιώπησα,
3425 3508 3480 3564 εὖ
3525 3515 3659 3578 ἴστε,
3698 3509 3755 3561 οὗ
3780 3525 3908 3558 κατα-

2333 3605 2526 3670 φρονῶν
2577 3605 2666 3656 τῆς
2705 3597 2831 3670 παρ’
2869 3599 2990 3668 ὑμῖν
3017 3599 3134 3670 (55)
3175 3599 3518 3670 ὑπολήψεως,
3571 3601 3700 3670 (πῶς
3745 3597 3834 3667 γὰρ
3869 3593 3906 3648 δέ

2329 3701 2404 3754 γε,
2467 3685 2548 3734 ἱνα
2598 3687 2668 3754 μὴ
2726 3687 2920 3742 ταύτην
2966 3685 3236 3757 ζημιωθῶ,
3309 3695 3485 3740 ταῦτα
3537 3684 3807 3739 ἐπιστέλλω
3839 3683 3908 3730 καὶ

2331 3769 2656 3844 ἀγωνίζομαι
2685 3781 2771 3824 νῦν
2797 3773 2833 3842 ;)
2865 3772 2972 3825 ἀλλ’
3013 3776 3164 3847 ὁρῶν,
3219 3777 3306 3828 ὃτι
3365 3775 3418 3827 ἐν
3477 3780 3624 3852 τρισὶ
3661 3781 3766 3832 τοῖς
3799 3769 3908 3842 βλα-

2329 3865 2600 3932 πτομένοις
2633 3863 2657 3912 ὁ
2696 3863 2762 3913 τὰ
2791 3859 3032 3914 ἐλάττονα
3087 3863 3470 3938 ζημιούμενος,
3521 3866 3628 3936 εἰμὶ
3671 3859 3910 3933 ἔγω.Ἐγὼ
3983 3901 3985 3938 Ι

2331 3953 2420 4021 μὲν
2467 3953 2568 4025 γὰρ
2629 3953 2758 4022 ὑμᾶς
2789 3950 3196 4026 ἀποστεροῦμαι,
3247 3955 3402 4026 ὑμεῖς
3465 3952 3528 4006 δε
3559 3959 3652 4012 τὴν
3701 3951 3910 4005 ἀληθειαν
3977 3981 3983 4030 J

2333 4039 2670 4115 ἀφαιρεῖσθε·
2735 4047 2824 4094 καὶ
2865 4043 2890 4092 ὁ
2945 4045 3134 4094 τούτων
3189 4043 3366 4105 αἱτιος
3415 4043 3506 4115 ἐμὲ
3555 4047 3646 4115 μὲν
3695 4043 3823 4112 ὑμῶν
3851 4031 3912 4086 δι·
3975 4061 3981 4115 4!

2334 4133 2567 4198 ἱστησιν,
2621 4129 2800 4184 ἑαυτὸν
2851 4127 2912 4184 δέ
2961 4129 3222 4206 ἀλλοτριοί
3275 4141 3376 4184 τοῦ
3411 4137 3650 4208 Κυρίου’
3687 4127 3816 4182 διότι
3839 4123 3912 4174 οὒκ

2331 4219 2443 4270 ἔστι
2483 4227 2597 4290 Θεῷ
2655 4217 2710 4272 ἐκ
2764 4229 2864 4272 τῶν
2920 4219 3360 4294 ἀπηγορευμένων
3396 4215 3914 4286 οἱκειο›θῆναι.’γμῶν

2331 4303 2419 4358 οὖν
2451 4307 2636 4360 πάλλον
2675 4310 2834 4362 ἕνεκεν
2883 4309 2911 4368 ἦ
2969 4309 3194 4382 ἐμαυτοῦ
3242 4319 3513 4382 ποιοῦμαι
3566 4315 3686 4370 τοὺς
3739 4307 3913 4374 λόγους,

2331 4401 2420 4448 καὶ
2483 4405 2575 4449 τοῦ
2634 4399 2768 4470 ὑμᾶς
2800 4398 3057 4460 ἐξελέσθαι
3113 4399 3318 4472 βλάϐης
3353 4401 3455 4452 οὐκ
3489 4398 3676 4456 ἀνεκτῆ
3691 4417 3728 4458 ς.
3753 4397 3812 4446 Τί
3837 4391 3912 4460 γὰρ

2249 4515 2294 4568 D
2329 4485 2389 4535 ἆν
2447 4491 2535 4538 καὶ
2591 4489 2768 4558 μεῖζον
2815 4489 2974 4539 πάθοι
3021 4489 3134 4558 (56)
3178 4495 3346 4540 κακόν
3419 4509 3504 4550 τις
3547 4493 3606 4540 τὸ
3637 4491 3914 4557 τιμιώτατοι
3955 4499 3962 4508 ·

2325 4583 2421 4626 τῶν
2453 4579 2608 4627 ὄντων
2633 4577 2934 4648 ζημιωθεὶς,
2957 4582 3051 4634 την
3079 4575 3327 4634 ἀληθειαν
3355 4595 3371 4644 ;

2395 4668 2449 4721 4.
2491 4670 2552 4718 Τί
2597 4661 2683 4716 οὖν
2739 4686 2890 4738 φημι,
2952 4663 3202 4737 ἀδελφοι;
3255 4667 3395 4738 Θῦχ
3467 4671 3551 4720 ὅτι
3593 4665 3918 4736 ἀναμάρτητσί

2324 4771 2400 4812 τις
2429 4752 2547 4824 ἐγὼ,
2579 4753 2688 4806 οὔθ’
2719 4757 2800 4808 ὃτι
2862 4757 2888 4806 ὁ
2937 4753 3054 4826 βίος
3083 4756 3110 4806 ὁ
3139 4754 3263 4826 ἐμὸς
3309 4755 3448 4827 οὐχὶ
3475 4755 3688 4830 πλήρης
3711 4751 3818 4804 ἐστὶ
3844 4765 3920 4816 μν-

2323 4847 2446 4914 ρίων
2501 4841 2906 4916 ἐλαττωμάτων·
2963 4839 3086 4896 οἰδα
3135 4846 3234 4916 ’γὰρ
3282 4843 3522 4916 ἐμαυτὸν
3571 4849 3664 4896 καὶ
3711 4841 3770 4894 οὗ
3825 4833 3924 4888 διν

2323 4931 2480 4985 λείπω
2531 4951 2590 5005 γε
2636 4933 2841 4993 στάζων
2895 4935 2951 4986 τὸ
3002 4929 3230 5007 δάκρυον
3283 4935 3423 5008 ὑπερ
3489 4941 3596 4986 τῶν
3639 4923 3922 5004 ἁμαρτημά-

2321 5359 2378 5414 et
2409 5345 2550 5428 l-teg'.
2576 5359 2833 5431 primas.
2877 5353 3026 5414 Editi
3082 5361 3178 5418 τῆς
3221 5355 3556 5431 παρξρμῶν.
3609 5355 3738 5414 Mox
3767 5345 3948 5431 editio;

2319 5433 2352 5486 2
2391 5427 2742 5502 Parisfeiyi.
2797 5431 2929 5500 Ἐγὼ
2970 5433 3057 5500 μὲν
3109 5431 3231 5500 γάρ.
3293 5427 3448 5484 Alide
3503 5435 3564 5484 et
3615 5443 3760 5482 mss.
3791 5427 3848 5477 ut
3875 5427 3946 5482 1ηὲ

2321 5506 2414 5556 tcx
2451 5518 2505 5556 ιι.

2391 5507 2500 5634 (ἓξϐ)
2547 5575 2730 5624 ΠάΟοι.
2759 5576 2840 5626 Ita
2863 5575 2977 5626 tres
2995 5567 3568 5627 vetustissimimss.
3603 5573 3662 5625 et
3691 5565 3928 5622 aliinnn-

2317 5643 2488 5700 nulli.
2515 5643 2664 5700 Editi
2697 5646 2860 5716 πάθη,
2885 5649 3138 5714 excepta
3159 5647 3374 5696 tamen
3405 5641 3682 5698 editione
3715 5641 3930 5706 llagan.

3977 3985 3983 4057 φ

3971 4089 3981 4339 θ

3967 4315 3977 4442 i
