4062 6214
228 352 328 410 749

1203 351 1692 411 EPISTOLARUM
1729 352 2014 410 CLASSIS
2061 353 2129 408 Π.
2169 355 2382 413 EPIST.
2424 358 2603 414 CCIV.

3481 367 3586 420 750

230 498 348 548 των,
397 480 444 531 εἴ
489 497 596 539 πως
647 472 928 536 δυνηθείην
975 476 1319 541 ἐξιλάσασθαί
1372 498 1473 552 μου
1528 480 1617 531 τὸν
1675 479 1824 543 Θεὸν,

1940 476 2124 533 Deum
2154 494 2360 535 meum
2402 480 2660 553 placare,
2713 484 2771 538 et
2812 481 3182 555 supplicium
3224 484 3587 543 intentatum

228 574 316 620 καὶ
347 564 620 640 διαφυγεῖν
650 572 743 627 τὴν
774 566 1138 626 ἀπειληθείσαν
1182 569 1416 622 κόλασιν·
1461 567 1568 620 ἀλλ’
1601 569 1680 620 ὅτι
1706 568 1732 620 ὁ
1761 570 1827 619 τά

229 659 456 731 ἡμέτερα
483 663 690 731 κρίνων,
743 657 784 709 εἰ
839 661 930 730 μεν
967 660 1196 733 καθαρὸν
1242 660 1382 728 ἔχειν
1432 654 1826 710 διαϐεϐαιοῦται

227 751 315 800 τὸν
367 746 650 820 ὀφθαλμὸν,
710 746 1094 821 καρφολογείτω
1153 749 1297 819 ἡμῶν
1361 751 1421 799 τὸ
1489 751 1632 820 dum:
1691 747 1822 818 (57).

225 837 604 910 Ὀμολογοῦμεν
633 839 735 911 γὰρ
770 832 981 889 δεῖσθαι
1027 836 1218 898 πολλῆς
1261 845 1353 897 τῆς
1402 839 1456 888 ἑκ
1512 846 1610 888 τῶν
1657 837 1826 908 67m:-

225 931 412 978 νοντων
437 924 748 998 ἐπιμελείας·
804 924 846 977 εἰ
901 920 959 977 δε
994 933 1147 978 τοῦτο
1199 929 1289 998 μὲν
1327 925 1421 977 οὐκ
1452 924 1511 977 ἂν
1547 929 1702 990 εἴποι,
1733 930 1823 978 καὶ

1794 1011 1817 1029 τ

221 1018 459 1087 τοσούτῳ
517 1034 578 1086 γε
645 1011 798 1067 πλέον
851 1014 944 1066 οὐκ
1001 1013 1123 1090 ἐρεῖ,
1177 1016 1380 1090 ὅσῳπερ
1435 1013 1495 1066 ἂν
1547 1014 1736 1088 μᾶλλον
1790 1011 1819 1088 ᾖ

221 1106 454 1178 καθαρὸς
484 1098 543 1174 (δ
548 1122 649 1155 ιοτι
673 1099 732 1154 id"
739 1121 813 1155 ιον
843 1111 942 1154 τῶν
972 1102 1170 1155 τελείων
1211 1107 1269 1155 τὸ
1319 1108 1389 1176 μὴ
1423 1103 1635 1166 ἑαυτοὺς
1665 1105 1824 1179 ὑπερ-

220 1198 411 1268 αίρειν·
444 1189 550 1245 ἐπεὶ
579 1193 783 1254 πάντως
813 1188 1060 1244 ὑπόδικοι
1097 1200 1159 1265 τῇ
1209 1190 1481 1265 ἀλαζονείᾳ
1518 1200 1610 1245 τοῦ
1659 1199 1824 1267 Φαρι-

221 1286 382 1334 σαίου
437 1287 762 1353 γενήσονται,
807 1284 878 1344 ὅς,
928 1280 1110 1333 ἑαυτὸν
1163 1277 1402 1349 δικαιῶν,
1445 1286 1707 1355 κατέκρινε
1736 1285 1823 1334 τὸν

218 1371 492 1444 τελώνην),
520 1371 632 1444 μετ’
673 1370 796 1442 ἐμοῦ
832 1374 950 1443 (58)
1000 1370 1220 1432 ζητείτω
1256 1374 1340 1424 τὸν
1375 1371 1568 1446 ἰατρὸν,
1612 1377 1701 1424 καὶ
1747 1375 1819 1444 μὴ

216 1464 327 1533 πρὸ
357 1468 542 1534 καιροῦ
573 1464 807 1533 κρινέτω,
837 1461 927 1521 ἕως
974 1459 1035 1511 ἆν
1082 1459 1202 1533 ὓςθη
1237 1461 1261 1512 ὁ
1303 1464 1510 1535 Κύριος,
1545 1461 1601 1522 ὃς
1630 1459 1824 1518 ἀποκά-

213 1549 377 1621 λύ-,θει
405 1552 471 1602 τὰ
500 1551 708 1623 κρυπτά
750 1557 841 1602 τοῦ
871 1553 1106 1617 σκότους,
1153 1554 1241 1601 καὶ
1272 1555 1554 1624 φανερώσει
1574 1553 1665 1612 τὰς
1698 1549 1825 1622 βον-

211 1637 316 1699 10};
345 1647 443 1690 τῶν
482 1635 736 1712 καρδιῶν.
780 1638 1079 1710 Μεμνὴσθω
1112 1634 1170 1690 δὲ
1209 1643 1298 1690 καὶ
1329 1646 1421 1690 τοῦ
1453 1638 1701 1701 εἰπόντος.
1735 1644 1820 1698 Μὴ

209 1733 436 1799 κρίνετε,
500 1729 582 1780 ἵνα
625 1731 700 1800 μὴ
747 1728 977 1800 κριθῆτε·
1027 1730 1137 1793 καὶ,
1188 1731 1274 1785 Μὴ
1308 1724 1706 1799 καταδικάζετε,
1743 1730 1825 1781 ἵνα

1938 566 2220 638 effugere.
2256 569 2371 625 Sed
2401 570 2516 626 hoc
2540 570 2674 627 dico
2707 588 2718 625 :
2765 571 2815 626 is
2859 572 2965 644 qui
3000 577 3207 630 nostra
3249 575 3500 646 judicat,
3538 575 3587 630 si

1935 671 2157 728 purum
2179 658 2425 729 quidem
2448 659 2670 715 habere
2693 676 2755 715 se
2771 661 3012 716 oculum
3035 662 3585 732 afﬁrmat,t‘estucas

1932 745 1996 801 in
2023 747 2245 802 nostris
2282 748 2474 803 oculis
2504 749 2843 819 investiget.
2878 751 3246 808 Conﬁtemur
3273 755 3434 810 enim
3474 770 3587 810 nos

1933 834 2197 907 plurima
2216 835 2368 892 bene
2390 837 2719 894 valentium
2743 855 2887 894 cura
2902 839 3188 909 indigere.
3212 842 3384 906 Quod
3402 843 3447 897 si
3469 843 3586 898 hoc

1932 939 2057 979 non
2082 925 2297 982 dixerit
2325 932 2380 982 et
2401 932 2556 984 certe
2585 933 2750 984 tanto
2782 928 2983 984 minus
3009 929 3182 986 dicet.
3217 936 3447 1001 quanto
3471 947 3585 1002 pu-

1932 1012 2054 1069 rior
2073 1013 2247 1070 fuerit
2263 1016 2586 1088 (siquidem
2603 1017 2917 1089 proprium
2934 1017 3433 1089 estperfectorum
3457 1035 3586 1074 sese

1930 1117 2056 1158 non
2085 1103 2328 1173 efferre;
2371 1105 2640 1178 alioquin
2672 1107 2923 1162 omnino
2953 1105 3199 1162 obnoxii
3226 1107 3588 1176 arrogantiae

1932 1191 2214 1248 Pharisaei
2235 1198 2456 1260 essent,
2489 1195 2592 1267 qui
2633 1211 2761 1250 sese
2804 1195 3147 1266 justiﬁcans
3190 1195 3587 1265 publicanum

1933 1282 2424 1352 condemnabat),
2449 1301 2687 1340 mecum
2706 1290 2938 1357 quaerat
2958 1284 3293 1352 medicum;
3316 1301 3427 1341 nec
3449 1290 3587 1341 ante

1931 1374 2173 1443 tempus
2199 1371 2448 1443 judicet,
2481 1373 2675 1429 donec
2699 1374 2901 1430 veniat
2919 1374 3207 1430 Dominus
3231 1378 3334 1446 qui
3362 1374 3592 1430 revela-

1930 1458 2019 1516 bit
2047 1460 2282 1517 occulta
2334 1462 2738 1530 tenebrarum,
2789 1468 2847 1519 et
2896 1463 3135 1534 deteget
3174 1463 3425 1519 consilia
3454 1479 3587 1519 cor-

1932 1547 2100 1604 dium
2124 1550 2190 1604 3'.
2225 1549 2553 1608 Meminerit
2577 1557 2777 1608 autem
2809 1556 2868 1608 et
2891 1551 3068 1623 illius,
3102 1552 3205 1622 qui
3232 1551 3414 1606 dixit:
3460 1553 3586 1608 No-

1935 1638 2038 1694 lite
2052 1639 2337 1708 judicare
2357 1647 2420 1695 ut
2443 1657 2560 1697 non
2574 1641 3024 1711 judicemini”:
3048 1640 3210 1709 item,
3230 1642 3431 1698 Nolite
3451 1657 3586 1697 con-

1931 1727 2229 1789 demnare,
2259 1735 2326 1784 ut
2355 1745 2475 1785 non
2507 1731 3072 1787 condemnemini“.
3116 1729 3377 1787 Omnino
3407 1731 3583 1802 305

207 1822 286 1891 μὴ
327 1812 777 1876 καταδικασθῆτε.
815 1813 979 1876 Ὀλως
1021 1811 1098 1887 δὲ,
1145 1812 1380 1888 ἀδελφοὶ,
1413 1815 1456 1868 εἰ
1497 1819 1586 1889 μὲν
1633 1817 1824 1890 ἰάσιμα

1939 1820 2157 1885 autem,
2193 1816 2425 1882 fratres,
2451 1819 2751 1892 siquidem
2774 1819 3071 1877 sanabilia
3094 1824 3234 1875 sunt
3260 1826 3465 1876 nostra
3491 1821 3590 1876 de-

209 1909 369 1979 ἠριῶν
400 1905 514 1958 ἐστι
567 1907 632 1958 τὰ
685 1904 1126 1978 πλημμελήματα,
1182 1909 1236 1957 τί
1279 1905 1407 1977 οὐχὶ
1453 1908 1684 1959 πείθεται
1709 1909 1823 1978 (59)

207 2004 287 2067 τῷ
364 1991 676 2066 διδασκάλῳ
732 2004 832 2048 τῶν
881 1993 1200 2052 Ἐκκλησιῶν
1257 1994 1494 2066 λέγοντιι
1560 1993 1820 2067 Ἐλεγξον,

207 2085 570 2156 ἐπιτίμησον,
629 2083 1046 2158 παρακάλεσον;
1105 2083 1166 2137 Εἰ
1213 2079 1273 2136 δὲ
1331 2081 1535 2146 ἀνίατος
1587 2085 1733 2158 ἡμῶν
1789 2086 1819 2142 ἠ

210 2173 434 2246 ἀνομία,
485 2178 540 2226 τί
581 2173 709 2246 οὐχὶ
752 2173 820 2234 εἰς
876 2177 1155 2246 πρόσωπον
1185 2174 1310 2245 ἡμῖν
1368 2171 1821 2236 ἀντικαθίσταται,

209 2268 308 2316 καὶ
367 2259 728 2336 δημοσιεύσας
775 2265 922 2335 ἡμῶν
970 2264 1036 2314 τὰ
1089 2261 1419 2335 ἀνομήματα,
1453 2261 1708 2338 ἐλευθεροί
1736 2269 1826 2323 τῆς

212 2351 351 2426 παρ’
391 2354 536 2425 ἡμῶν
586 2351 786 2425 βλάϐης
836 2354 926 2412 τὰς
972 2350 1320 2418 Ἐκκλησίας;
1361 2356 1446 2410 Μὴ
1492 2357 1662 2404 τοίνυν
1697 2351 1824 2403 ἀνά-

213 2444 444 2514 σχησθε
463 2451 557 2504 τῆς
582 2441 671 2494 ὑπ’
711 2438 902 2494 ὀδόντα
925 2440 1242 2514 λαλουμένης
1286 2441 1406 2494 καθ’
1448 2444 1593 2514 ἡμῶν
1644 2438 1826 2497 λοιδο-

207 2535 369 2604 ρίας.
406 2537 572 2583 Τοῦτο
610 2533 711 2606 γὰρ
762 2529 856 2582 κᾶν
899 2527 1165 2588 παιδίσκη
1213 2534 1311 2603 μία
1358 2538 1455 2582 τῶν
1499 2529 1554 2582 ἐκ
1600 2530 1827 2604 μύλωνος

210 2625 484 2690 ποιήσειε,
515 2617 614 2674 κᾶν
655 2629 753 2672 τῶν
783 2618 1042 2693 ἀγοραίων
1071 2639 1145 2681 τις
1174 2619 1287 2692 μεθ’
1318 2618 1600 2692 ὑπερϐολῆς
1635 2617 1826 2673 ἐπιδεί-

210 2709 397 2777 ξαιτο,
425 2710 496 2770 οἷς
527 2711 556 2768 ἠ
598 2709 818 2781 γλῶσσα
868 2713 999 2783 πρὸς
1043 2716 1217 2761 πᾶσαν
1257 2709 1509 2768 ἡκόνηται
1536 2705 1821 2783 λοιδορίαν.

207 2796 366 2853 Ἀλλ’
395 2797 526 2851 εἰσὶν
571 2797 869 2851 ἐπίσκοποι·
910 2797 1174 2856 κληθῶσιν
1226 2798 1292 2859 εἰς
1350 2797 1624 2873 ἀκρόασιν,
1673 2797 1825 2851 Ἐστι

205 2889 417 2962 κλῆρος
467 2891 603 2940 κατά
645 2894 821 2941 πᾶσαν
874 2895 966 2941 τοῦ
1025 2895 1157 2942 Θεοῦ
1199 2889 1498 2963 παροικίαν·
1555 2889 1826 2960 συναχθή-

207 2997 401 3030 τωσαν
457 2980 506 3030 οἱ
561 2974 934 3050 δοκιμώτατοι.
997 2982 1201 3049 Λεγέτω
1257 2979 1389 3049 μετά
1442 2975 1741 3052 παρρησίας
1798 2977 1824 3028 ὁ

203 3067 563 3140 βουλόμενος,
586 3069 670 3119 ἶνα
694 3067 903 3139 ῦεγχος
995 3070 1052 3118 τὸ
1081 3071 1364 3139 γινόμενον,
1396 3071 1485 3119 καὶ
1528 3070 1599 3138 μὴ
1651 3061 1824 3118 λοιδο-

1927 1906 2103 1976 licta;
2148 1923 2254 1962 cur
2292 1924 2524 1964 morem
2564 1924 2690 1964 non
2736 1908 2886 1979 gerit
2927 1909 3157 1965 doctori
3188 1908 3588 1965 Ecclesiarum

1931 1995 2172 2064 dicenti,
2195 1998 2421 2068 Argue,
2452 1999 2721 2068 increpa,
2747 1999 2988 2055 obsecra
3012 2000 3100 2055 9‘?
3133 1998 3232 2055 Sin
3264 2003 3463 2055 autem
3496 1999 3588 2054 in-

1933 2085 2222 2142 sanabilis
2253 2091 2459 2142 nostra
2487 2087 2791 2159 iniquitas,
2820 2103 2928 2142 cur
2957 2091 3167 2143 contra
3194 2102 3318 2143 non
3344 2092 3461 2143 stat
3484 2086 3589 2143 ad-

1931 2192 2105 2232 versa
2136 2176 2328 2232 fronte
2360 2181 2414 2232 et
2441 2176 2731 2248 evulgans
2778 2180 2985 2232 nostra
3032 2176 3270 2244 delicta,
3310 2177 3525 2234 liberat
3553 2193 3591 2234 a

1932 2265 2218 2338 pernicie,
2243 2282 2430 2338 quam
2454 2267 2792 2336 inferimus,
2817 2265 3111 2321 Ecclesias
3132 2268 3160 2323 ?
3182 2269 3387 2338 Itaque
3417 2281 3492 2322 ne
3515 2267 3592 2322 te-

1932 2354 2076 2411 ratis
2103 2355 2402 2426 prolatum
2426 2355 2580 2412 intra
2605 2355 2816 2411 dentes
2846 2360 3058 2411 contra
3082 2370 3196 2411 nos
3225 2355 3587 2412 convicium.
3644 2428 3648 2433 _

1936 2443 2002 2499 1d
2030 2444 2191 2500 enim
2221 2444 2317 2499 vel
2347 2460 2470 2501 una
2499 2445 2707 2518 aliqua
2735 2461 2806 2500 ex
2837 2445 3086 2516 pistrino
3119 2444 3336 2501 ancilla
3366 2445 3589 2511 fecerit;

1933 2536 1995 2592 in
2025 2534 2140 2590 hoc
2167 2550 2345 2607 supra
2377 2535 2631 2590 modum
2653 2535 3099 2591 enitueritunus
3131 2534 3350 2607 aliquis
3380 2552 3454 2590 ex
3480 2535 3591 2591 ho-

1933 2624 2203 2680 minibus
2243 2623 2692 2695 abjectissimis,
2737 2640 2999 2696 quorum
3046 2624 3256 2694 lingua
3290 2625 3368 2680 ad
3405 2640 3589 2681 omne

1934 2717 2188 2771 exacuta
2226 2713 2585 2768 convicium.
2621 2713 2735 2770 Sed
2785 2716 2924 2768 sunt
2952 2713 3218 2786 epi500pi
3247 2731 3260 2768 :
3302 2719 3591 2769 vocentur

1933 2804 2012 2860 ad
2040 2802 2431 2860 audiendum.
2459 2805 2560 2858 Est
2589 2802 2780 2858 clerus
2801 2801 2863 2857 in
2885 2818 3252 2875 unaquaque
3275 2803 3374 2858 Dei
3396 2818 3590 2873 parae-

1932 2895 2061 2951 cia:
2105 2897 2546 2964 congregentur
2584 2892 3025 2966 spectatissimi.
3071 2891 3273 2947 Libere
3306 2891 3590 2963 loquatur

1932 2984 2039 3057 qui
2086 2983 2258 3054 volet,
2301 2987 2366 3038 ut
2404 2983 2566 3055 quod
2614 2981 2716 3038 ﬁet
2749 2981 3025 3054 probatio
3074 2980 3168 3050 sit,
3213 2995 3338 3036 non
3379 2981 3586 3035 convi-

1933 3073 2112 3130 cium.
2144 3072 2342 3130 Oculis
2374 3071 2728 3144 subjiciatur
2756 3070 2991 3128 occulta
3021 3086 3158 3126 mea
3187 3069 3545 3142 improbitas
3571 3087 3584 3125 :

199 3163 325 3233 ρία.
367 3156 474 3211 Ύπ⁹
503 3155 622 3228 ἅᾷιν
656 3155 819 3228 ἀγέτω
847 3159 914 3208 τά
949 3156 1262 3208 λανθάνοντα
1290 3174 1391 3228 μου
1425 3164 1516 3216 τῆς
1545 3159 1816 3229 πονηρίας·

1939 3163 2125 3221 oderit
2145 3170 2348 3219 autem
2371 3177 2446 3218 ne
2469 3164 2611 3218 tunc
2632 3161 2902 3234 quidem,
2918 3159 3020 3215 sed
3038 3159 3366 3216 admoneat
3383 3163 3448 3215 ut
3467 3159 3588 3216 fra-

197 3251 447 3321 μισείτω
477 3243 538 3298 δὲ
575 3241 716 3318 μηδὲ
759 3250 891 3313 τότε,
943 3243 1070 3297 ἀλλὰ
1110 3246 1412 3297 νὸυθετείτω
1455 3244 1521 3307 ὧς
1577 3241 1819 3317 ἀδελφὸν.

205 3337 517 3389 Ἐλεείσθαί
554 3355 654 3388 που
695 3331 1015 3410 δικαιότεροί
1045 3333 1196 3406 ἔσμεν
1225 3337 1367 3410 παρά
1411 3343 1511 3386 τῶν
1554 3339 1824 3408 μακαρίων

205 3423 436 3502 ἀνδρῶν
488 3429 578 3478 καὶ
638 3423 1018 3499 ἀναμαρτήτων
1073 3425 1121 3476 οἱ
1179 3422 1476 3498 ἁμαρτωλοὶ
1516 3425 1622 3496 (60)
1676 3425 1827 3496 ἡμεῖς

198 3516 424 3590 μᾶλλον
455 3515 485 3573 ᾖ
517 3514 949 3587 χαλεπαίνεσθαι.

299 3645 372 3697 5.
417 3640 480 3694 Εἰ
504 3636 560 3694 δί
587 3646 700 3715 περὶ
746 3645 918 3694 πίστιν
957 3643 1013 3694 τὸ
1069 3639 1301 3713 σφάλμα,
1347 3636 1613 3712 δειχθὴτω
1639 3641 1763 3712 ἡμῖν
1792 3641 1822 3697 ἡ

202 3735 515 3803 συγγραφή
541 3749 554 3761 ·
612 3729 767 3781 πάλιν
821 3732 936 3781 ἴσον
983 3732 1072 3781 καὶ
1136 3731 1307 3780 κοινὸν
1346 3733 1611 3802 κριτήριον
1669 3729 1828 3780 καθι-

201 3840 393 3873 σατω.
449 3821 864 3890 Ἀναοίνωσθητω
918 3823 977 3870 τὸ
1022 3817 1277 3889 ἔγκλημα.
1327 3819 1730 3888 Δοκιμασθήτω,
1785 3817 1829 3868 εἰ

192 3915 280 3982 μὴ
365 3909 556 3981 ἀγνοίᾳ
615 3917 710 3962 τοῦ
783 3907 1116 3980 ἐγκαλοῦντος
1189 3906 1425 3978 ἔγκλημα
1497 3907 1627 3958 εἶναι
1683 3902 1832 3958 δοκεῖ

184 4000 435 4074 μᾶλλον,
476 4000 508 4056 ἡ
561 4007 623 4070 τῇ
695 3997 882 4050 ἑαυτοῦ
939 3999 1089 4068 φύσει
1143 3999 1560 4067 κατεγνωσμένον
1600 3993 1714 4046 ἐστὶ
1769 3997 1827 4046 τὸ

183 4092 466 4162 γράμμα.
504 4087 676 4140 [Ιολλά
703 4089 804 4159 γὰρ
851 4094 948 4138 τῶν
978 4084 1144 4136 καλῶν
1171 4085 1230 4136 οὐ
1273 4081 1420 4136 δοκεῖ
1455 4080 1582 4136 εἶναι
1612 4090 1830 4135 τοιαῦτα

183 4188 319 4240 τοῖς
377 4184 436 4230 τὸ
495 4181 769 4250 κριτήριον
825 4183 920 4236 τῆς
976 4171 1208 4234 διανοίας
1254 4174 1348 4225 οὐκ
1396 4171 1606 4245 ἀκριϐὲς
1643 4191 1827 4229 κεκτη·

183 4278 417 4342 μένοις.
451 4267 595 4319 Ἐπεὶ
625 4271 715 4316 καὶ
743 4267 808 4316 τά
841 4263 1056 4336 ἰσοϐαρῆ
1100 4271 1198 4314 τῶν
1230 4267 1391 4333 ὄγκων
1434 4262 1526 4312 οὐκ
1579 4265 1672 4312 ἶσα
1702 4263 1830 4312 εἶναι

185 4358 397 4426 δοκεῖ,
440 4358 566 4408 ὅταν
609 4359 681 4427 μή
737 4353 1025 4428 ἰσορρόπως
1082 4355 1252 4423 ἔχωσι
1305 4353 1436 4423 πρὸς
1494 4349 1719 4410 ἀλλήλας
1774 4351 1829 4401 αἱ

179 4449 565 4516 ﬁlia-7:775;
604 4448 706 4496 Καὶ
743 4447 801 4494 τὸ
831 4442 946 4513 μελι
997 4437 1104 4500 ἤδη
1157 4445 1338 4514 πικρόν
1390 4459 1502 4490 τισι
1549 4441 1826 4511 κατεφάνη,

1932 3258 2103 3310 trem.
2156 3253 2422 3324 {Equum
2472 3256 2559 3308 est
2607 3256 2671 3307 ut
2718 3249 3192 3306 misericordiam
3239 3248 3588 3305 hominibus

1930 3343 2129 3400 beatis
2158 3345 2213 3398 et
2240 3341 2469 3414 peccati
2509 3339 2853 3414 expertibus
2901 3354 3013 3394 nos
3059 3342 3405 3410 peccatores
3451 3353 3591 3394 mo-

1931 3450 2204 3503 veamus,
2235 3431 2432 3502 magis
2460 3446 2647 3503 quam
2669 3428 3170 3500 indignationem.

2008 3631 2058 3681 5.
2101 3623 2272 3690 Quod
2329 3622 2378 3677 si
2421 3620 2577 3676 circa
2623 3618 2809 3675 ﬁdem
2858 3633 3024 3674 error
3071 3619 3179 3684 est,
3239 3615 3590 3673 ostendatur

1934 3714 2114 3771 nobis
2138 3713 2464 3784 scriptum:
2498 3725 2710 3764 rursus
2736 3723 2980 3779 aequum
3007 3709 3064 3762 et
3087 3721 3408 3761 commune
3434 3702 3591 3774 judi-

1934 3806 2100 3862 cium
2127 3802 2353 3859 sedeat.
2389 3801 2642 3869 Legatur
2666 3797 2919 3852 crimen.
2959 3794 3340 3868 Expendatur
3360 3809 3436 3849 an
3465 3807 3590 3847 non

1935 3893 2131 3964 magis
2161 3888 2504 3948 accusantis
2545 3885 2923 3958 ignoratione
2972 3883 3197 3940 crimen
3230 3898 3359 3937 esse
3391 3880 3592 3936 vidca-

1939 3989 2049 4054 tur,
2091 3996 2280 4053 quam
2312 3977 2600 4048 scriptum
2649 3991 2760 4030 sua
2807 3977 3020 4046 sponte
3051 3969 3590 4027 condemnandum

1936 4074 2030 4129 sit.
2064 4070 2247 4126 Multa
2273 4067 2434 4124 enim
2464 4083 2535 4121 ex
2567 4064 2660 4121 his
2687 4080 2824 4137 quae
2853 4061 3134 4135 prmclare
3161 4077 3223 4116 se
3247 4059 3590 4124 habent,ta-

1933 4164 2018 4220 lia
2047 4176 2179 4218 esse
2201 4175 2322 4214 non
2354 4155 2636 4212 videntur
2663 4152 3015 4209 hominibus
3045 4155 3396 4206 accuratum
3427 4163 3593 4203 nien-

1937 4254 2012 4310 tis
2030 4250 2328 4323 judicium
2355 4262 2478 4302 non
2499 4242 2891 4300 habentibus.
2918 4242 3067 4298 Nam
3087 4243 3142 4295 et
3161 4239 3413 4311 aequalis
3444 4254 3596 4309 pon-

1938 4340 2097 4397 deris
2128 4336 2319 4394 moles
2356 4349 2481 4390 non
2524 4332 2806 4387 videntur
2833 4346 2964 4386 esse
2995 4329 3281 4401 aequales,
3313 4327 3361 4381 si
3389 4326 3594 4381 lances

1938 4431 2092 4486 inter
2137 4443 2200 4483 se
2244 4423 2587 4497 aequilibres
2631 4435 2756 4476 non
2797 4420 2932 4475 sint.
2988 4423 3190 4490 ipsum
3239 4416 3417 4471 etiam
3475 4413 3596 4469 mel

184 4543 296 4595 τὴν
345 4538 648 4608 γευστικὴν
689 4534 940 4590 αἴσθησιν
989 4532 1088 4582 ὑπὸ
1146 4537 1238 4582 τοῦ
1286 4530 1483 4588 πάθους
1521 4525 1825 4603 διεφθαρμέ-

1940 4516 2248 4577 nonnullis
2298 4514 2496 4569 visum
2555 4513 2644 4567 est
2703 4524 3004 4577 amarum,
3069 4521 3334 4578 quorum
3379 4506 3596 4574 gustus

181 4648 342 4690 νοις.
431 4623 590 4677 Ἀλλά
646 4626 736 4674 καὶ
801 4618 1062 4693 ὀφθαλμὸς
1123 4617 1229 4690 οὐχ
1289 4619 1452 4690 ὑγιῶς
1490 4619 1626 4689 ἔχων
1668 4616 1833 4669 πολλά

180 4720 290 4789 μὲν
355 4721 476 4766 τῶν
535 4715 692 4764 ὄντων
737 4709 832 4762 οὐκ
886 4705 1012 4777 εἶδε,
1069 4707 1234 4760 πολλά
1282 4703 1341 4758 δὲ
1392 4715 1490 4758 τῶν
1543 4705 1637 4758 οὐκ
1675 4710 1831 4758 ὄντων

182 4807 469 4859 ὑπέθετο.
538 4805 641 4854 Καὶ
697 4803 868 4852 τοίνυν
916 4803 1005 4850 καὶ
1063 4797 1146 4850 ἐπὶ
1197 4803 1292 4856 τῆς
1344 4803 1444 4847 τῶν
1481 4795 1646 4866 λόγων
1677 4791 1834 4847 δυνά-

176 4915 337 4968 μεως
386 4896 456 4945 τὸ
497 4893 613 4944 ἶσον
649 4892 752 4965 ὁρῶ
793 4888 1039 4950 πολλάκις
1068 4891 1360 4960 γινόμενον,
1423 4887 1544 4938 ὅταν
1593 4904 1689 4945 της
1734 4892 1835 4936 τῶν

257 5069 318 5102 ⁸³
372 5068 402 5122 Ι
446 5065 584 5122 Cor.
617 5078 696 5133 1v,
729 5066 785 5118 5.
859 5062 906 5096 3’
947 5057 1146 5117 Matth.
1175 5074 1270 5127 vn,
1305 5062 1356 5114 1.

253 5237 402 5308 (57)
453 5231 627 5308 Ἣμεῖξν
665 5232 726 5308 το
775 5233 939 5308 ὄμμα,
973 5227 1148 5308 Coisl.
1181 5226 1417 5308 primus
1449 5223 1684 5308 etmed.
1729 5220 1839 5278 ha—

179 5297 348 5364 be‘nt
383 5297 552 5376 sua.
583 5303 766 5358 Paulo
798 5297 939 5374 'p'ost
969 5301 1112 5356 editi
1143 5297 1374 5372 καθαρὸς
1405 5297 1581 5356 αὐτὸς.
1615 5299 1838 5350 Omnes

179 5397 352 5437 mss.
399 5384 482 5431 ut
511 5378 568 5430 in
598 5382 782 5431 textu.

255 5451 402 5519 (ΞΒ)
453 5447 746 5519 Μετέμοὺ.
791 5445 884 5519 Sic
930 5443 1066 5519 libri
1109 5446 1634 5519 veteres,>pro___eo
1671 5435 1839 5519 quod

178 5517 328 5578 erat
361 5510 446 5575 i'n
490 5510 656 5594 editis
685 5517 808 5594 μήτέ
843 5516 989 5594 ἐμοῦ.
1022 5513 1217 5594 _Paulo
1261 5510 1428 5594 posf
1450 5511 1593 5566 editi
1626 5510 1840 5582 κριθῆτε

175 5601 278 5647 καὶ
319 5597 475 5643 τοῦ.
512 5585 990 5660 υεθεῖδνιὶοὑὶυε
1019 5586 1082 5641 in
1111 5585 1396 5660 omnibus
1420 5599 1564 5660 mss.

256 5663 404 5739 (‘59)
462 5662 723 5717 Πείθεται.
752 5660 846 5717 Sic
866 5658 1019 5716 Med.
1041 5661 1100 5713 et
1121 5655 1277 5713 Harl.
1311 5670 1452 5711 cum
1473 5653 1663 5710 tribus
1689 5649 1841 5708 aliis.

1434 5056 1482 5092 9°
1525 5058 1668 5112 Luc.
1710 5055 1790 5123 vi,
1825 5057 1913 5111 37.

1941 4609 2160 4666 morbo
2189 4607 2527 4676 corruptus.
2562 4598 2677 4656 Sed
2708 4603 2764 4654 et
2793 4597 3006 4654 oculus
3033 4611 3157 4653 non
3189 4609 3378 4650 sanus
3407 4592 3599 4649 multa

1941 4713 2153 4756 eorum
2182 4711 2317 4768 quae
2347 4695 2487 4748 sunt
2506 4704 2629 4746 non
2655 4688 2832 4758 videt,
2857 4690 2915 4743 et
2944 4685 3135 4742 multa
3154 4701 3290 4758 quae
3313 4698 3434 4740 non
3458 4685 3600 4737 sunt

1944 4783 2438 4846 comminiscitur.
2467 4781 2660 4850 Atque
2691 4777 2870 4834 etiam
2901 4776 2962 4832 in
2985 4775 3218 4846 judicio
3248 4773 3324 4828 de
3364 4770 3601 4844 scriptis

1946 4875 2192 4935 ferendo
2224 4873 2384 4929 idem
2413 4869 2772 4941 plerumque
2801 4866 2978 4922 video
3009 4864 3160 4936 ﬁeri,
3191 4879 3331 4920 cum
3362 4876 3598 4925 eorum,

1990 5052 2033 5086 9‘
2079 5051 2125 5105 ll
2163 5045 2314 5102 Tim.
2337 5055 2417 5109 1v,
2447 5041 2502 5094 2.

1949 5217 2100 5274 Editi
2132 5213 2391 5268 πείθεσθε.
2411 5205 2814 5266 Conﬁrmatur
2831 5205 2961 5262 haec
3000 5205 3336 5277 scriptura,_
3367 5205 3496 5258 tum
3531 5212 3606 5255 ex

1945 5273 2040 5347 bis
2069 5302 2204 5360 qua:
2231 5288 2588 5360 sequuntur,
2614 5285 2762 5360 _tum
2792 5273 3236 5360 etiarn‘exéliis
3264 5273 3609 5360 aaneoeaia

1949 5342 2246 5417 s'arienses
2285 5342 2584 5427 epistolis,
2609 5351 2670 5407 in
2701 5347 3212 5427 quibusltasilius
3251 5345 3460 5427 odiiet
3489 5342 3610 5396 dis-

1951 5416 2249 5489 sensionis
2281 5416 2497 5482 causas
2526 5416 2586 5479 in
2617 5416 2830 5496 eorum
2861 5422 3213 5496 episcopum
3234 5416 3480 5496 .videtur
3503 5429 3609 5484 po-

1950 5502 2253 5559 tissimum
2283 5497 2574 5570 conferre.
2607 5495 2722 5552 Sed
2751 5510 2824 5549 ea
2863 5489 2938 5547 de
2976 5507 3039 5546 re
3067 5489 3322 5543 uberius
3352 5500 3608 5570 agemus

1951 5577 2014 5632 in
2057 5574 2193 5628 Vita
2220 5574 2283 5628 S.
2317 5569 2560 5626 Basilii.
2633 5637 2671 5640 ,Α
3053 5629 3199 5640 κω,
3253 5630 3264 5640 ,
3303 5628 3313 5640 ,

2025 5645 2138 5717 (60)
2175 5643 2242 5694 Οἱ
2271 5640 2590 5720 ἁμαρτωλοί.
2619 5637 2710 5694 Sic
2736 5652 2886 5692 mss.
2909 5648 3031 5691 sex.
3053 5629 3204 5688 Editi
3224 5630 3267 5684 εἰ
3291 5629 3612 5708 ἁμαρτωλοίἓ
