4062 6214
532 326 628 383 751

530 541 746 598 iisdem
795 539 914 595 fere
953 537 1247 610 praesidiis
1294 534 1615 590 instructos
1657 549 1791 589 esse
1839 535 2092 603 oportet,
2127 537 2187 587 et

530 630 634 701 qui
664 629 737 683 de
765 625 1266 698 scriptisjudicat,
1296 629 1352 678 et
1381 622 1485 694 qui
1517 620 1737 676 scribit.
1782 618 1899 674 Nisi
1929 618 2078 673 forte
2108 617 2184 673 de

530 717 907 787 agriculturae
940 715 1223 786 operibus
1252 728 1372 767 non
1405 716 1598 783 potest
1620 708 1893 780 judicare
1922 708 2027 780 qui
2055 721 2181 763 non

527 814 614 862 est
634 805 929 876 agricola;
955 810 1010 858 et
1029 802 1175 874 quid
1194 802 1511 856 dissonum
1533 797 2018 854 consonumvcin
2042 812 2179 851 mu-

527 896 664 951 sicis
715 893 911 949 modis
941 907 1064 946 non
1103 890 1413 959 dignoscet
1455 888 1700 942 musicae
1746 901 1870 940 non
1915 884 2175 956 peritus:

524 984 722 1038 statim
756 997 897 1036 vero
928 995 1275 1034 sermonum
1307 978 1414 1033 erit
1437 977 1644 1047 judex,
1691 975 2036 1046 quicunque
2066 989 2176 1029 vo-

520 1072 729 1137 luerit;
759 1069 863 1141 qui
895 1074 1095 1124 tamen
1126 1083 1236 1121 nec
1280 1066 1710 1138 praeceptorem
1756 1079 1935 1117 suum
1982 1063 2177 1133 potest

520 1160 858 1225 ostendere,
886 1174 997 1213 nec
1026 1166 1259 1229 tempus
1283 1171 1405 1228 quo
1436 1154 1664 1221 didicit,
1698 1169 1807 1207 nec
1836 1151 2175 1223 quidquam

520 1248 768 1304 omnino
815 1248 1012 1315 majus
1052 1246 1324 1300 minusve
1372 1243 1446 1298 de
1489 1241 1698 1297 litteris
1740 1240 1986 1297 audivit.
2042 1241 2172 1295 Jam

519 1352 662 1392 vero
692 1352 803 1406 ego
851 1335 993 1390 novi
1041 1340 1097 1389 et
1139 1334 1200 1387 in
1246 1332 1497 1403 Spiritus
1535 1330 1793 1387 oraculis
1835 1345 1959 1384 non
1996 1328 2173 1383 licere

520 1424 763 1481 cuilibet
812 1438 1069 1477 examen
1123 1420 1371 1490 aggredi
1414 1419 1778 1485 verborum;
1809 1417 1914 1472 sed
1948 1417 2022 1485 ei,
2067 1415 2171 1488 qui

519 1513 802 1584 Spiritum
835 1511 1017 1567 habet
1046 1508 1428 1565 discernendi
1454 1524 1467 1572 ;
1508 1505 2032 1579 quemadmodum
2062 1504 2171 1560 do-

516 1600 636 1655 cuit
666 1616 776 1655 nos
807 1598 1149 1670 Apostolus,
1183 1596 1285 1668 qui
1320 1596 1381 1651 in
1430 1595 1731 1651 donorum
1770 1591 2167 1649 divisionibus

514 1689 698 1745 dixit:
740 1690 896 1743 huic
925 1688 1164 1758 quidem
1187 1700 1299 1755 per
1324 1684 1616 1754 Spiritum
1644 1686 1831 1739 datur
1858 1698 2048 1738 sermo
2077 1697 2167 1736 sa-

1905 317 1960 373 S.
2005 316 2256 373 BASILII
2292 308 2513 372 MAGNI

3784 319 3872 378 752

530 452 636 526 qui
666 451 1052 522 scripserunt,
1090 445 1368 502 facultate
1402 437 1592 515 judex
1620 440 1863 498 inferior
1891 446 2001 497 est.
2032 444 2162 497 Nan

2298 438 2744 515 συγγραψαμένων
2800 440 2948 505 ἕξεως
3004 442 3030 494 6
3072 445 3253 516 κριτὴς
3305 442 3746 515 ἀπολιμπάνηται.
3798 451 3872 497 Δεῖ

2293 532 2393 604 γὰρ
2428 526 2625 601 σχεδὸν
2665 530 2719 582 ἐκ
2748 537 2838 591 τῆς
2877 531 3042 593 αὐτῆς
3087 540 3427 605 παρασκευῆς
3473 535 3750 607 ὡρμῆσθαι
3791 537 3869 585 τὸν

2292 638 2346 670 τε
2371 624 2607 692 κρίνοντα
2633 624 2752 680 τοὺς
2778 620 2961 691 λόγους
3013 640 3102 672 και
3144 624 3232 673 τὸν
3282 624 3668 695 συγγράφοντα.
3726 622 3783 675 Ἠ
3813 625 3871 675 τα

2290 712 2379 781 μὲν
2422 715 2673 782 γεωργίας
2715 713 2844 783 ἔργα
2890 711 2948 762 οὗ
2990 707 3211 773 δυνατός
3242 716 3354 781 (61)
3384 711 3497 765 ἐστι
3534 718 3721 786 κρίνειν
3758 715 3780 765 6
3815 732 3870 784 γε

2288 803 2360 870 μὴ
2405 804 2703 872 γεωργικὸς,
2764 804 2853 851 καὶ
2905 803 2962 851 τό
3020 799 3221 872 ἐκμελές
3276 819 3331 852 τε
3383 806 3475 853 καὶ
3528 800 3733 874 ἐμμελὲς
3779 811 3867 854 τῶν

2288 890 2422 939 κατά
2458 891 2719 958 μουσικὴν
2749 885 2960 960 ῥυθμῶν
2991 887 3049 939 οὗ
3082 884 3435 959 διαγνώσεται
3460 890 3485 940 6
3516 894 3588 960 μὴ
3615 894 3707 949 τὴν
3738 888 3869 942 ἔπισ-

2286 981 2457 1047 τήμην
2489 979 2625 1047 ἔχων
2662 983 2757 1037 τῆς
2806 984 3087 1047 μουσικῆς
3132 976 3295 1049 λόγων
3341 973 3401 1030 δὲ
3448 983 3629 1052 κριτὴς
3681 979 3866 1040 εὐθνςὸ

2286 1064 2595 1136 βουλόμενος
2649 1067 2797 1116 ἔσται
2857 1067 2985 1136 (62),
3066 1066 3091 1116 6
3162 1070 3291 1137 μήτε
3357 1062 3687 1118 διδάσκαλον
3744 1070 3867 1139 ἔχων

2284 1153 2465 1206 ἑαυτοῦ
2492 1150 2775 1219 δεικνύναι,
2816 1157 2930 1206 οὔτε
2958 1158 3149 1227 χρόνον
3206 1152 3254 1206 ἐν
3308 1162 3347 1224 ᾧ
3395 1157 3710 1228 μεμάθηκεν,
3757 1158 3868 1210 οὗτε

2283 1242 2408 1303 ὅλως
2440 1241 2628 1294 ἐπαΐων
2666 1262 2715 1294 τι
2744 1246 2930 1317 μικρὸν
2956 1244 2985 1300 ἦ
3028 1243 3205 1314 μεῖζον
3234 1250 3332 1295 τῶν
3362 1250 3479 1317 περὶ
3520 1244 3722 1315 λόγους.
3744 1245 3865 1317 Ἐγὼ

2284 1327 2342 1382 δὲ
2389 1331 2512 1404 ὁρῶ²
2562 1332 2640 1382 ὅτι
2682 1336 2771 1383 καὶ
2820 1330 2867 1382 ἐν
2914 1338 3023 1391 τοῖς
3065 1330 3259 1402 λογίοις
3301 1339 3393 1383 τοῦ
3444 1335 3865 1405 Πνεύματος(65)

2281 1420 2339 1472 ου
2370 1426 2522 1472 παντὶ
2549 1419 2664 1482 ἐξῆν
2695 1419 2981 1472 ἐπιϐάλλεῐν
3020 1429 3081 1480 τῆ
3142 1420 3375 1483 ἐξετάσει
3420 1430 3521 1474 τῶν
3575 1423 3862 1498 εἰρημένων,

2281 1508 2408 1561 ἀλλά
2448 1506 2520 1579 τῷ
2577 1512 2754 1580 ἔχοντι
2803 1514 2861 1561 τὸ
2907 1516 3115 1582 Πνεῦμα
3163 1518 3260 1573 τῆς
3317 1506 3653 1584 διακρίσεως,
3703 1514 3863 1575 καθὼς

2278 1594 2521 1660 ἐδίδαξεν
2560 1599 2698 1670 ἡμᾶς
2746 1599 2771 1649 ὃ
2805 1598 3133 1665 Ἀπόστολος,
3167 1598 3216 1651 ἐν
3254 1608 3367 1660 ταῖς
3426 1596 3717 1673 διαιρέσεσι
3769 1609 3861 1653 τῶν

2276 1689 2624 1760 χαρισμάτων
2665 1687 2839 1739 εἰπών·
2880 1687 2951 1759 ’ῼ
2995 1690 3086 1759 μὲν
3135 1690 3237 1762 γὰρ
3294 1685 3387 1741 διὰ
3427 1696 3519 1741 τοῦ
3578 1696 3864 1763 Πνεῦματος

512 1780 773 1847 pientiaz,
793 1778 904 1833 alii
920 1792 1057 1832 vero
1069 1790 1261 1831 sermo
1277 1775 1536 1829 scientia:
1555 1772 1881 1829 secundum
1900 1771 2162 1827 eumdem

2279 1773 2493 1829 δίδοται
2538 1776 2681 1847 λογος
2730 1781 2935 1849 σοφίας,
2980 1777 3115 1849 in?
3156 1774 3215 1830 δὲ
3243 1777 3394 1849 λόγος
3430 1784 3688 1850 γνώσεως,
3736 1784 3865 1834 κατὰ

512 1868 809 1936 Spiritum
835 1882 858 1922 .'
885 1866 996 1921 alii
1018 1864 1165 1932 ﬁdes
1194 1865 1257 1919 in
1288 1863 1487 1919 eodem
1515 1862 1787 1931 Spiritu:
1820 1861 1932 1916 alii
1956 1874 2166 1928 opera-

515 1960 701 2013 tiones
747 1957 1082 2011 virtutum:
1125 1954 1238 2011 atii
1274 1953 1609 2023 praphelia,
1635 1953 1746 2007 alii
1783 1951 2168 2007 discretiones

512 2048 838 2115 spirituum
872 2046 942 2097 θ’.
978 2046 1175 2109 Quare
1216 2043 1264 2097 si
1296 2046 1500 2097 nostra
1536 2041 1784 2113 quidem
1832 2038 2168 2111 spiritualia

512 2140 669 2206 sunt,
695 2134 978 2191 ostendat
1007 2150 1069 2189 se
1097 2132 1320 2188 habere
1350 2131 1581 2186 donum
1604 2129 1978 2185 discretionis
2001 2127 2168 2200 spiri-

512 2226 790 2294 tualium,
821 2224 924 2296 qui
957 2228 1165 2279 nostra
1188 2221 1462 2291 judicare
1505 2221 1650 2275 vult.
1699 2220 1798 2274 Sin
1851 2222 2074 2283 autem,
2102 2220 2169 2273 ut

508 2317 639 2388 ipse
670 2314 1059 2384 conviciatur,
1094 2329 1130 2369 a
1161 2313 1337 2383 306
1379 2311 1673 2383 sapientia
1720 2309 1902 2380 hujus
1950 2306 2167 2362 mundi

510 2404 1003 2477 proﬁciscuntur;
1038 2401 1318 2457 ostendat
1354 2400 1611 2472 peritum
1657 2414 1787 2453 sese
1834 2396 2045 2452 mundi
2071 2411 2163 2452 sa-

509 2494 770 2566 pientiae,
804 2496 860 2547 et
886 2496 1027 2547 tunc
1056 2491 1108 2546 ei
1139 2490 1427 2559 suffragia
1452 2488 1663 2560 judicii
1694 2486 2163 2543 committamus.

510 2586 626 2638 Nec
648 2582 973 2653 quisquam
996 2584 1163 2652 putet
1182 2580 1309 2635 haec
1331 2578 1409 2634 ad
1435 2576 1755 2647 fugiendas
1776 2573 2165 2648 probationes

511 2689 547 2728 a
572 2688 666 2727 me
692 2670 1037 2741 excogitari.
1061 2670 1343 2725 Permitto
1363 2668 1524 2723 enim
1546 2666 1740 2732 vobis,
1768 2665 1976 2721 fratres
1998 2668 2166 2736 opta-

510 2760 746 2829 tissimi,
775 2764 839 2814 ut
869 2774 1101 2823 eorum,
1133 2757 1209 2812 de
1238 2756 1461 2829 quibus
1488 2770 1759 2821 accusor,
1783 2768 2038 2809 examen
2064 2768 2165 2825 pe-

509 2866 616 2906 nes
638 2865 748 2904 vos
779 2849 871 2904 sit.
904 2852 993 2903 An
1027 2862 1220 2919 usque
1250 2846 1403 2902 adeo
1432 2845 1603 2901 tardo
1630 2845 1771 2899 estis
1802 2842 2067 2913 ingenio,
2100 2845 2165 2898 ut

508 2937 797 2995 omnibus
819 2937 1088 3008 patronis
1110 2934 1431 3005 indigentis
1446 2934 1524 2990 ad
1541 2934 1846 2988 veritatem
1861 2931 2165 2987 invenien-

509 3028 695 3085 dam?
727 3027 843 3084 Sed
873 3026 921 3081 si
948 3042 1054 3098 per
1084 3042 1145 3081 se
1186 3025 1431 3080 minime
1460 3028 1843 3079 controversa
1874 3020 2046 3077 vobis
2074 3021 2161 3076 vi-

507 3117 783 3182 deantur,
806 3114 1165 3187 persuadete
1195 3112 1611 3184 nugatoribus,
1656 3116 1740 3200 uti
1762 3110 2163 3200 contentionis
2192 3143 2233 3200 ρ

510 3206 778 3262 studium
807 3205 1134 3261 dimittant.
1173 3204 1231 3260 Si
1268 3218 1411 3259 vero
1440 3216 1565 3257 non
1602 3199 1751 3256 nihil
1779 3199 2011 3255 videtur
2035 3214 2164 3255 esse

510 3294 806 3365 ambigui,
837 3294 1195 3364 interrogate
1224 3308 1336 3347 nos
1366 3307 1472 3363 per
1497 3290 1736 3362 aliquos
1767 3288 2166 3345 internuntios

512 3383 619 3454 qui
649 3388 855 3438 nostra
885 3382 1224 3438 ministrare
1248 3380 1502 3436 ﬁdeliter
1525 3378 1797 3452 possint:
1850 3383 1953 3434 aut
1984 3377 2164 3433 etiam

512 3472 788 3542 scriptas,
821 3471 870 3526 si
896 3471 980 3527 ita
1016 3470 1329 3536 videbitur,
1363 3469 1664 3541 exposcite
1697 3484 1734 3525 a
1762 3467 1939 3524 nobis
1963 3466 2165 3539 expla-

508 3560 804 3617 nationes.
838 3558 1096 3616 Omnino
1124 3563 1325 3614 autem
1346 3558 1513 3614 omni
1542 3556 1726 3615 modo
1746 3562 1970 3625 curate,
1997 3561 2063 3613 ut
2088 3570 2165 3612 ne

510 3650 625 3706 ista
646 3649 791 3707 citra
811 3664 1065 3706 examen
1094 3647 1467 3720 relinquatis.

583 3835 635 3887 6.
664 3834 888 3888 Nostrae
916 3836 1118 3887 autem
1144 3829 1287 3886 ﬁdei
1326 3844 1462 3901 qua:
1492 3828 1681 3901 possit
1721 3826 2003 3883 illustrior
2032 3841 2161 3883 esse

510 3920 810 3993 probatio,
823 3937 1010 3993 quam
1022 3920 1190 3993 quod
1207 3919 1446 3975 educati
1466 3935 1678 3973 sumus
1700 3918 1814 3973 sub
1831 3918 1963 3974 avia
1986 3917 2162 3974 beata

509 4009 777 4079 muliere,
808 4026 878 4064 ex
904 4010 1078 4065 vobis
1109 4014 1241 4065 orta
1261 4009 1288 4064 ’ἶ
1334 4007 1655 4064 Macrinam
1685 4008 1821 4063 dico
1847 4005 2160 4062 celeberri-

509 4113 675 4152 mam
696 4097 935 4165 illam,a
955 4114 1076 4169 qua
1102 4096 1292 4153 edocti
1314 4112 1526 4151 sumus
1543 4095 1872 4151 beatissimi
1895 4094 2160 4164 Gregorii

508 4184 714 4256 verba,
746 4201 1127 4258 quaecunque
1150 4200 1343 4257 usque
1367 4184 1447 4241 ad
1466 4184 1665 4257 ipsam
1692 4183 1999 4240 memoriae
2020 4199 2159 4241 con-

510 4448 513 4449 ,
578 4384 625 4417 ⁹²
666 4384 687 4438 Ι
726 4384 859 4441 Cor.
891 4398 991 4452 xu,
1021 4384 1174 4437 8-l0.

573 4581 687 4719 (61)
727 4578 804 4630 Οὐ
837 4574 1075 4638 δυνατός.
1104 4575 1261 4633 Harl.
1293 4578 1350 4632 et
1376 4575 1499 4633 duo
1525 4574 1622 4631 alii
1653 4571 1937 4635 ἀδύνατος.

598 4655 687 4719 62)
724 4650 782 4701 '0
807 4648 1113 4719 βουλόμενος
1139 4651 1304 4702 ἔσται.
1340 4651 1422 4703 lta
1448 4664 1595 4703 mss.
1632 4663 1757 4702 sex.
1782 4646 1928 4702 liditi

598 4646 687 4721 62)
724 4650 782 4701 Ὀ
807 4648 1113 4721 βουλόμενος
1139 4651 1304 4702 ἔσται.
1340 4651 1422 4703 Ita
1448 4664 1595 4703 mss.
1632 4663 1757 4702 sex.
1782 4646 1928 4702 Εὀὶῐὶ
1954 4646 2147 4704 ἔσεται.

574 4726 686 4791 (63)
728 4727 943 4792 Λογίοις
987 4729 1076 4772 τοῦ
1118 4722 1433 4790 Πνευματος.
1476 4721 1572 4792 ita
1600 4734 1745 4774 mss.
1797 4723 1854 4792 et
1898 4723 2146 4792 vetustae

498 4789 822 4847 editiOnes.
862 4792 1214 4847 Basileensis
1253 4789 1531 4847 secunda
1584 4794 1642 4845 et
1693 4789 1873 4845 Paris.
1922 4789 2148 4849 habent

498 4861 672 4934 λόγοις
698 4867 992 4934 Πνεύματος
1021 4863 1198 4934 ἁγίου,

569 4928 681 5003 (64)
724 4928 1004 5006 Πνεῦματι.
1051 4928 1314 5006 Addunt
1358 4931 1500 4988 editi
1548 4932 1682 5006 οἶλλτςξ
1728 4928 1788 4984 δε
1829 4951 2148 5006 χαρισματα

499 5004 731 5077 ἰαμάτων
777 5006 825 5058 ἐν
858 5003 945 5075 ⁷τῷ
988 5005 1140 5077 (αὐτῷ
1198 5006 1479 5075 Πνεύματι.
1523 5004 1639 5060 Sed
1667 5003 1799 5059 haec
1824 5003 2044 5060 deSunt
2081 5005 2145 5061 in

494 5076 781 5133 omnibus
809 5076 1032 5132 nostris
1061 5093 1213 5132 mss.

559 5151 671 5219 (65)
708 5155 811 5201 Του
837 5153 1059 5219 κόσμου.
1096 5147 1244 5203 Editi
1270 5145 1724 5219 addupt__ro~srou
1770 5143 1939 5219 quod
1975 5144 2147 5219 deest

491 5216 686 5275 in‘se'x
716 5216 946 5275 nostris
971 5235 1116 5274 mss.
1158 5222 1286 5274 Non
1333 5216 1573 5272 difﬁcile
1621 5222 1709 5272 est
1739 5216 1811 5271 ei
1848 5218 1963 5272 hoc
2007 5216 2141 5273 loco

534 5291 854 5363 erspicere,
881 5291 1232 5363 episcopum
1260 5288 2015 5363 illum__Neoctesariensem,
2038 5288 2142 5363 qui

538 5358 706 5417 asilio
734 5358 964 5417 tantum
991 5358 1277 5415 molestiae
1306 5358 1594 5422 exhibuit,
1627 5359 1937 5414 indoctum
1956 5358 2143 5415 homi-

487 5448 627 5487 nem
658 5434 862 5489 {uisse.
897 5439 1085 5504 Atque
1103 5431 1176 5504 id
1216 5430 1605 5504 conﬁrmatur
1633 5446 1704 5485 ex
1729 5430 1983 5501 epistola
2011 5435 2137 5497 207,

487 5518 547 5557 n.
586 5510 635 5571 1,
676 5504 780 5559 ubi
811 5520 950 5558 eum
983 5500 1233 5557 Basilius
1278 5502 1361 5573 ait
1404 5500 1612 5573 lingua
1654 5500 2140 5573 perstreperetet

488 5570 971 5631 cavillationibus
1003 5573 1127 5631 suis
1170 5570 1703 5632 verisimilitudinis
1740 5570 2004 5631 colorem
2027 5572 2137 5631 illi-

484 5657 630 5700 nere
657 5660 781 5704 non
805 5661 1007 5721 posse.

2176 4573 2222 4627 D

2275 1868 2334 1917 τὸ
2384 1865 2510 1918 αὐτὸ
2553 1872 2778 1937 Πνεῦμα·
2822 1866 2973 1939 ἑτέρῳ
3022 1863 3081 1918 δε
3131 1872 3309 1928 πίστις
3354 1866 3401 1918 ἐν
3440 1875 3513 1937 τῷ
3544 1868 3683 1939 αὐτῷ
3713 1872 3864 1922 Πνεύο

2276 1974 2403 2027 ματι
2436 1956 2562 2024 (64)·
2604 1954 2739 2026 ἄλλω
2788 1951 2847 2006 δέ
2886 1953 3209 2027 ἐνεργήματα
3240 1952 3527 2029 δυνάμεωνσ
3560 1956 3695 2009 ἄλλω
3736 1977 3864 2033 προ-

2278 2048 2480 2116 φητεία,
2542 2043 2678 2115 οἴλλῳ
2728 2040 3019 2117 διακρίσεις
3070 2046 3393 2116 πνευμάτων.
3447 2043 3609 2098 Ὥστε
3678 2046 3719 2098 εἰ

2275 2135 2601 2205 πνευματικὰ
2642 2134 2708 2185 τὰ
2755 2134 3002 2206 ἡμέτερα,
3057 2128 3311 2185 δεικνύτω
3365 2132 3544 2186 ἑαυτὸν
3583 2137 3771 2206 ἔχοντα
3808 2140 3864 2189 τό

2274 2224 2523 2296 χάρισμα
2550 2230 2643 2283 τῆς
2674 2218 2987 2297 διακρίσεως
3014 2229 3111 2273 τῶν
3149 2231 3508 2294 πνευματικῶν
3557 2225 3583 2275 6
3624 2227 3689 2276 τὰ
3732 2226 3867 2297 ἠμέ-

2275 2329 2399 2382 τερα
2444 2314 2633 2383 κρίνειν
2683 2309 3013 2382 βουλόμενος·
3066 2310 3110 2362 εἰ
3163 2306 3242 2377 δὲ,
3296 2312 3363 2373 ὡς
3413 2311 3568 2374 αὐτὸς
3618 2308 3866 2387 λοιδορεῖ,

2277 2397 2378 2450 ἀπὸ
2403 2407 2496 2460 τῆς
2524 2403 2704 2471 σοφίας
2733 2398 2847 2451 ἐστὶ
2877 2406 2969 2451 τοῦ
3017 2404 3219 2472 κόσμου
3250 2401 3458 2469 τούτου,
3491 2397 3713 2462 δειξάτω
3741 2401 3867 2453 ἐαυ-

2274 2491 2360 2539 τὸν
2414 2490 2652 2563 ἔμπειρον
2706 2496 2796 2547 τῆς
2845 2493 3029 2560 σοφίας
3073 2494 3164 2541 τοῦ
3211 2493 3412 2561 κόσμου
3442 2490 3575 2559 (65),
3623 2495 3711 2542 καὶ
3751 2496 3869 2544 τότε

2275 2577 2415 2648 αὐτῷ
2435 2580 2523 2638 τὰς
2554 2578 2762 2650 ψήφους
2785 2586 2880 2641 τῆς
2908 2583 3126 2652 κρίσεως
3154 2576 3512 2653 ἐπιτρέψομεν.
3548 2585 3647 2633 Καὶ
3676 2575 3870 2652 μηδεὶς

2274 2667 2462 2718 οἰέσθω
2492 2675 2659 2719 ταῦτα
2684 2670 2814 2740 πρὸς
2845 2666 3114 2739 ἀποφυγὴν
3153 2676 3252 2720 τῶν
3278 2666 3504 2739 ἂέγχων
3553 2666 3869 2722 ἐπινοεῖσθαι

2274 2755 2395 2828 παρ’
2428 2758 2593 2827 ἡμῶν.
2625 2754 2769 2828 ’Υμῐν
2796 2758 2897 2830 γὰρ
2939 2755 3217 2829 ἐπιτρέπω,
3248 2758 3599 2810 ποθεινότατοι
3632 2754 3867 2830 αδελφοί,

2274 2843 2347 2916 ἐφ’
2388 2844 2580 2897 ἑαυτῶν
2622 2847 2953 2904 ποιήσασθαι
3009 2854 3108 2897 τῶν
3156 2845 3538 2919 ἐγκαλουμένων
3597 2848 3720 2919 ἡμῖν
3778 2853 3871 2906 τὴν

2272 2932 2530 2996 ἐξέτασιν.
2589 2935 2765 2995 Οὕτως
2808 2934 2925 2987 ἐστὲ
2983 2931 3199 3007 βραδεῖς
3251 2939 3343 2994 τὴν
3402 2932 3673 2999 διάνοιαν,
3732 2939 3875 2990 ὥστε

2272 3024 2475 3075 πάντων
2540 3020 2752 3076 δεῖσθαι
2784 3025 2898 3094 (66)
2952 3032 3052 3075 τῶν
3108 3029 3410 3099 συνηγόρων
3469 3029 3595 3099 πρὸς
3639 3030 3729 3083 τὴν
3774 3034 3874 3079 τοῦ

2273 3111 2497 3175 ἀληθοῦς
2560 3112 2806 3186 εῦρεσινς
2877 3110 3010 3165 Ἀλλ’
3068 3110 3153 3164 ἐὰν
3196 3116 3286 3185 μὲν
3345 3112 3694 3188 ἀναντίρρητα
3743 3114 3875 3187 ὑμῖν

2272 3210 2401 3274 φανῇ
2427 3201 2498 3275 ἐφ’
2531 3202 2743 3272 ἑαυτῶν,
2779 3207 2995 3255 πείσατε
3030 3206 3151 3264 τοὺς
3195 3201 3597 3275 ἐρεσχελοῦντας
3644 3202 3878 3275 ἀφέσθαι

2270 3293 2447 3354 πάσης
2479 3291 2808 3364 φιλονεικίας·
2843 3290 2926 3344 ἐὰν
2959 3288 3017 3344 δὲ
3045 3312 3098 3344 τι
3128 3288 3274 3345 δοκεί
3303 3295 3418 3363 (67)
3449 3297 3539 3346 καὶ
3584 3291 3876 3365 ἀμφίϐολον

2272 3382 2435 3451 ἔχειν,
2476 3380 2768 3455 ἐρωτήσατε
2814 3382 2950 3453 ἡμᾶς
2994 3376 3088 3432 διὰ
3133 3399 3282 3432 τινων
3312 3389 3535 3453 μεσιτῶν
3569 3378 3876 3454 δυναμένων

2270 3478 2463 3530 πιστῶς
2495 3465 2919 3527 διακονήσασθαι
2956 3472 3022 3521 τὰ
3064 3470 3306 3543 ἡμέτερα·
3344 3471 3373 3529 ἦ
3426 3470 3515 3522 καί
3549 3470 3873 3545 ἐγγράφους,

2271 3555 2315 3608 εἰ
2341 3552 2505 3624 δοκεῖ,
2536 3556 2865 3617 ἀπαιτήσατε
2907 3561 3045 3631 ἡμᾶς
3084 3561 3172 3620 τὰς
3212 3555 3520 3623 ἀποδείξεις.
3562 3562 3781 3623 Πάντως
3814 3558 3875 3615 δε

2270 3646 2426 3697 παντὶ
2454 3650 2629 3721 τρόπῳ
2673 3644 3012 3701 σπουδάσατε
3040 3652 3111 3720 μὴ
3156 3647 3471 3711 ἀνεξέταστα
3494 3656 3663 3702 ταῦτα
3704 3669 3876 3703 κατα-

2269 3734 2453 3789 λιπεῖν.

2340 3829 2391 3880 6.
2435 3829 2665 3888 Πίστεως
2704 3822 2763 3879 δέ
2792 3833 2887 3887 τῆς
2934 3830 3178 3902 ἡμετέρας
3202 3828 3283 3889 τίς
3311 3825 3371 3879 ἆν
3404 3831 3492 3879 καὶ
3519 3831 3719 3900 γένοιτο
3750 3830 3877 3899 (68)

2267 3911 2611 3989 ἐναργεστέρα
2684 3911 2954 3978 ἀπόδειξις
3008 3917 3037 3974 ἦ
3098 3917 3179 3968 ὅτι
3244 3921 3511 3990 τραφέντες
3564 3919 3713 3989 ἡμεῖς
3767 3920 3877 3969 ὑπὸ

2265 4004 2417 4075 τίτθῃ
2450 4008 2686 4080 μακαρίᾳ
2722 4009 2955 4075 γυναικὶ,
3013 4005 3137 4080 παρ’
3186 4006 3329 4077 ὑμῶν
3377 4009 3694 4079 ὡρμημένη;
3744 4013 3877 4060 Μα-

2266 4096 2443 4165 κρίναν
2471 4092 2602 4165 λέγω
2631 4098 2724 4151 τὴν
2753 4093 3079 4167 περιϐόητον,
3112 4094 3237 4167 παρ’
3284 4095 3347 4157 ἧς
3384 4091 3757 4167 ἐδιδάχθημεν
3808 4099 3877 4147 τὰ

2262 4189 2355 4234 τοῦ
2409 4183 2812 4255 μακαριωτάτον
2875 4188 3165 4257 Γρηγορίου
3230 4184 3481 4257 ῥήματα,
3556 4186 3659 4238 ὅσα
3736 4188 3875 4260 πρὸς

2332 4574 2445 4656 (g6)
2469 4576 2698 4656 ituri-qv
2724 4570 3179 4656 estconquditio
3210 4574 3561 4656 Basileensis
3586 4578 3890 4656 secunda

2259 4651 2319 4702 et
2355 4644 2701 4702 Parisiensis
2728 4649 2933 4709 πάντως
2958 4644 3191 4715 δεῖσθαι,
3220 4654 3284 4703 ut
3309 4650 3549 4705 omnino
3577 4653 3890 4717 patroni:

2256 4718 2596 4793 indigentis.
2613 4718 2731 4793 Etsi
2751 4718 3186 4793 hzecscriptura
3196 4718 3431 4793 videtur
3443 4719 3644 4793 prima
3658 4723 3895 4793 specie

2258 4790 2403 4845 satis
2424 4789 2747 4845 commode
2773 4790 2990 4860 posita,
3012 4789 3242 4862 tamen,
3259 4789 3460 4861 longe'
3478 4789 3900 4862 praeferenda

2254 4866 2346 4916 est
2374 4876 2446 4940 ea
2470 4876 2661 4940 quam
2694 4862 2755 4915 in
2785 4866 3015 4940 teritum
3052 4861 3412 4940 recepimus.
3452 4861 3667 4940 ἥξω-ιιι·
3691 4866 3905 4940 enim

2255 4932 2606 4987 auctoritate
2630 4947 2735 4987 sex
2760 4932 3039 4987 codicum
3067 4932 3238 4999 mss},
3262 4932 3441 5001 Ilarl.,
3473 4933 3651 5000 Med.,
3680 4934 3901 4992 Coisl.

2253 5004 2564 5075 utriusque
2585 5007 2643 5057 et
2659 5002 2978 5075 utriusque
2992 5004 3244 5073 Regii,et
3264 5004 3591 5060 editionum
3620 5006 3904 5075 Hagan,

2253 5089 2325 5129 ac
2354 5072 2706 5129 Basileensis
2730 5072 2961 5136 primae.
2993 5072 3280 5132 Prmterea
3309 5075 3522 5131 melius
3567 5072 3913 5136 conducit

2296 5145 2577 5225 roposito-
2598 5145 2813 5214 Basilii,
2845 5146 2950 5225 qui
2979 5153 3264 5225 peracute
3292 5146 3911 5225 declaratabsurde

2275 5221 2515 5296 acturos
2534 5216 2938 5296 Neocmsarien
2949 5216 3062 5296 ses,
3085 5218 3136 5296 si
3158 5234 3357 5296 pense
3384 5216 3916 5296 ipsi‘dijudicare

2248 5287 2648 5361 nolint,qt_1asi
2669 5303 2880 5361 omnes
2900 5290 3141 5359 patroni
3161 5287 3217 5346 et
3236 5287 3535 5361 ejusmodi
3548 5288 3917 5359 judicium

2250 5363 2449 5414 essent
2472 5357 2833 5415 advocandi.

2317 5431 2431 5499 (67)
2471 5436 2635 5483 Δοκεῖ.
2673 5430 2763 5486 Sic
2806 5434 2924 5485 tres
2967 5430 3355 5487 vetustissimi
3391 5432 3652 5489 codices.
3708 5432 3925 5495 Editi

2250 5496 2678 5572 dumexcepta
2701 5506 2903 5557 tamen
2928 5501 3188 5558 editione
3218 5505 3623 5572 Haganoensi.

2319 5572 2429 5645 (68)
2474 5577 2574 5627 Καὶ
2598 5576 2817 5644 γένοιτο.
2847 5574 3197 5646 Conjunctio
3222 5572 3429 5635 addita
3457 5591 3532 5634 ex
3562 5590 3682 5633 sex
3704 5591 3921 5640 mss.
