4062 6214
245 346 348 401 753

1236 342 1723 402 EPISTOLARUM
1759 344 2042 402 CLASSIS
2082 348 2148 403 ll.
2189 346 2408 406 EPIST.
2451 350 2627 405 CCIV.

3504 353 3610 407 754

248 468 404 525 αὐτὴν
455 464 736 539 ἀκολουθίᾳ
796 470 1004 541 μέἠμης
1054 465 1382 521 διασωθέντα
1444 469 1571 527 αῦτὴ
1631 489 1685 522 τε
1734 464 1834 541 Eae.

1962 472 2291 528 tinuatione
2339 479 2696 531 conservata
2726 489 2865 531 cum
2887 474 3022 547 ipsa
3052 474 3448 541 custodiebat,
3480 480 3609 531 tum

243 555 431 622 λασσε,
491 561 581 609 καὶ
656 558 789 629 ἡμᾶς
846 560 921 609 ἔτι
976 564 1195 620 νηπίους
1257 562 1402 619 ὄντας
1469 558 1685 611 ἔπλαττε
1756 564 1847 611 καὶ

246 646 472 720 ἔμόρφου
546 653 656 709 τοῖς
727 654 821 707 τῆς
878 646 1134 708 εὐσεϐείας
1188 644 1473 719 δόγμασιν.
1515 644 1729 706 Ἐπειδὴ
1788 645 1847 701 δὲ

242 742 335 789 καὶ
374 736 524 788 αὐτοὶ
560 741 655 793 τὴν
701 743 794 787 τοῦ
847 744 1043 808 φρονεῖν
1103 734 1326 810 δύναμιν
1381 737 1717 810 ἀπελάϐομεν,
1752 747 1845 791 τοῦ

240 824 399 897 λόγου
428 828 553 897 ἡμῖν
586 822 680 878 διὰ
735 834 832 887 τῆς
878 825 1083 887 ἡλικίας
1123 826 1610 899 συμπληρωθέντος,
1652 827 1844 886 πολλὴν

243 915 540 976 ἐπελθόντες
585 923 684 986 ’γῆν
749 934 805 967 τε
860 919 949 967 καὶ
1009 915 1299 984 θάλασσαν,
1346 919 1390 968 εἴ
1446 936 1588 977 τινας
1634 917 1844 990 εὕρομεν

240 1012 320 1075 τῷ
375 1001 727 1079 παραδοθέντι
788 1008 963 1056 κανόνι
1006 1012 1103 1066 τῆς
1158 1003 1416 1065 εὐσεϐείας
1473 1012 1841 1075 στοιχοῦντας,

240 1096 464 1153 τούτους
527 1098 619 1144 καὶ
683 1097 911 1167 πατέρας
963 1091 1389 1166 ἐπεγραψάμεθα,
1456 1099 1546 1146 καὶ
1612 1090 1843 1165 ὁδηγοὺς

236 1191 345 1235 τῶν
375 1181 568 1252 ψυχῶν
607 1183 754 1254 ἡμῶν
786 1182 857 1243 εἰς
885 1186 979 1240 τὴν
1010 1184 1138 1256 πρός
1169 1187 1290 1235 Θεόν
1333 1187 1544 1257 πορείαν
1589 1182 1842 1241 ἐποιησά-

235 1273 399 1344 μεθα.
455 1275 557 1324 Καὶ
610 1275 775 1344 μέχρι
826 1290 883 1342 γε
920 1279 1015 1333 τῆς
1062 1273 1200 1344 ὧρας
1256 1274 1471 1342 ταύτης,
1519 1275 1706 1344 χάριτι
1749 1279 1841 1324 τοῦ

234 1360 556 1421 καλέσαντος
607 1362 743 1433 ἡμᾶς
786 1360 968 1419 κλήσει
1007 1361 1135 1434 ἁγίᾳ
1164 1361 1234 1423 εἰς
1262 1366 1354 1420 τὴν
1398 1362 1585 1414 ἑαυτοῦ
1615 1361 1843 1433 ἐπίγνω-

240 1472 353 1521 σιν,
401 1448 591 1505 οὐδένα
640 1448 856 1524 οἴδαμεν
906 1451 1057 1523 λόγον
1111 1450 1304 1526 ἐχθρόν
1349 1462 1443 1515 τῆς
1499 1455 1843 1524 ὑγιαινούσης

236 1539 602 1601 διδασκαλίας
637 1548 747 1602 ταῖς
786 1537 1030 1613 καρδίαις
1071 1538 1489 1615 παραδεξάμενοι
1519 1563 1533 1575 ⁸
1576 1540 1699 1595 οὐδὲ
1749 1563 1842 1615 μο·

230 1630 501 1691 λυνθεντες
530 1633 653 1683 ποτε
704 1632 792 1690 τὰς
837 1629 1024 1702 ψυχὰς
1074 1638 1136 1703 τῇ
1169 1626 1464 1704 δυσωνύμῳ
1500 1639 1600 1683 τῶν
1632 1631 1840 1705 Ἀρεια-

227 1728 339 1772 νῶν
394 1717 731 1792 βλασφημίᾳ.
774 1718 908 1772 Ἀλλ’
962 1723 1007 1771 εἰ
1050 1722 1191 1780 τινάς
1237 1740 1361 1772 ποτε
1399 1722 1733 1793 ὡρμημένους
1789 1721 1842 1785 ἐξ

1958 577 2070 617 nos
2096 562 2296 619 adhuc
2317 563 2571 621 infantes
2603 564 2865 634 tingebat
2892 570 2947 619 et
2972 565 3339 621 informabat
3370 566 3608 638 pietatis

1958 651 2375 721 dogmatibus.
2418 656 2742 725 Postquam
2769 660 2969 709 autem
2998 658 3053 709 et
3085 670 3195 709 nos
3218 655 3493 726 sapiendi
3526 656 3609 711 fa-

1958 740 2241 797 cultatem
2289 742 2655 813 accepimus,
2684 743 2914 797 ratione
2942 743 3001 797 in
3034 743 3205 798 nobis
3236 759 3344 815 per
3372 749 3609 800 aetatem

1958 831 2283 902 completa,
2316 830 2573 886 multum
2604 830 2831 886 telluris
2867 847 2937 886 ac
2967 831 3161 902 pelagi
3193 839 3610 904 peragrantes,

1958 919 2007 975 si
2033 936 2190 992 quos
2217 919 2557 975 invenimus
2589 920 2923 975 secundum
2955 920 3236 976 traditam
3268 922 3504 993 pietatis
3526 938 3613 978 re-

1957 1010 2166 1078 gulam
2186 1009 2699 1075 ambulantes,eos
2716 1014 2770 1065 et
2788 1014 3030 1082 patrum
3052 1009 3183 1064 loco
3200 1009 3614 1077 habuimus,et

1956 1098 2142 1154 duces
2164 1099 2509 1154 animarum
2539 1103 2899 1165 nostrarum,
2933 1099 2995 1153 in
3019 1099 3115 1153 via
3140 1114 3275 1170 qute
3316 1099 3394 1153 ad
3425 1103 3610 1155 Deum

1955 1187 2138 1255 ducit,
2159 1189 2345 1244 secuti
2374 1205 2607 1244 sumus.
2644 1194 2833 1261 Atque
2856 1189 2934 1243 ad
2965 1190 3122 1244 hanc
3151 1203 3340 1259 usque
3371 1189 3612 1265 horam,

1954 1276 2179 1347 gratias
2202 1277 2381 1344 illius,
2414 1277 2518 1350 qui
2540 1294 2651 1333 nos
2682 1278 2918 1333 vocavit
2941 1277 3254 1332 vocatione
3286 1283 3493 1333 sancta
3533 1277 3613 1332 ad

1954 1367 2047 1421 sui
2067 1366 2607 1436 cognitionem,nec
2629 1382 2964 1421 sermonem
2986 1365 3177 1421 ullum
3197 1366 3422 1421 scimus
3446 1381 3609 1421 sanae

1953 1454 2243 1510 doctrinae
2274 1455 2586 1511 inimicum
2634 1456 2695 1509 in
2726 1455 2911 1509 corda
2936 1458 3146 1510 nostra
3182 1454 3467 1522 intrasse;
3497 1470 3608 1509 nec

1952 1543 2189 1599 animas
2212 1549 2446 1599 nostras
2463 1544 2672 1599 infami
2696 1543 3053 1599 Arianorum
3069 1543 3451 1616 blaSphemia
3469 1560 3607 1598 con-

1953 1632 2279 1689 taminatas
2326 1648 2600 1705 unquam
2641 1632 2845 1687 fuisse.
2883 1632 2991 1689 Sed
3020 1633 3068 1687 si
3098 1648 3251 1705 quos
3275 1632 3604 1704 aliquando

1952 1721 2031 1776 ab
2057 1721 2157 1777 illo
2184 1721 2474 1789 magistro
2497 1721 2795 1791 profectos
2815 1721 2875 1776 in
2899 1720 3390 1777 communionem
3416 1722 3604 1777 admi-

228 1808 433 1861 ἕκείνου
475 1816 565 1861 τοῦ
606 1805 937 1861 διδασκάλου
969 1809 1038 1869 εἰς
1085 1813 1353 1861 κοινωνίαν
1391 1809 1834 1883 προσελαϐόμεθα,

1952 1811 2162 1880 simus,
2194 1811 2477 1868 morbum
2507 1811 2717 1867 intimo
2773 1812 2953 1867 corde
2994 1811 3383 1873 occultantes,
3422 1817 3477 1867 et
3505 1812 3605 1885 pia

229 1897 717 1972 ἐπικρυπτομένους
761 1902 854 1956 τὴν
911 1897 962 1950 ἐν
1000 1905 1072 1969 τῷ
1105 1897 1261 1971 βάθει
1307 1902 1479 1968 νόσον,
1510 1905 1601 1951 καὶ
1628 1900 1842 1974 ῥήματα

225 1988 523 2050 λαλοῦντας
567 1986 776 2056 εὐσεϐῆ,
832 1988 861 2047 ἦ
909 1995 1018 2049 τοῖς
1058 2007 1119 2059 γε
1175 1987 1297 2062 παρ’
1355 1990 1501 2061 ἡμῶν
1549 1988 1842 2062 λεγομένοις

226 2081 313 2148 μὴ
380 2076 777 2144 ἀντιτείνοντας,
828 2076 965 2129 οὕτω
1026 2079 1429 2151 προσηκάμεθα,
1496 2079 1615 2131 οὔτε
1666 2085 1842 2131 πᾶσαν

225 2169 445 2228 ἑαυτοῖς
491 2171 588 2225 τὴν
632 2166 749 2219 κατ’
802 2166 991 2228 αὐτοὺς
1047 2168 1161 2239 (69)
1224 2172 1400 2243 κρίσιν
1458 2168 1837 2242 ἐπιτρέψαντες,

223 2256 371 2310 ἀλλὰ
404 2262 521 2317 ταῖς
573 2255 1061 2331 προεξενεχθείσαις
1117 2260 1236 2330 περὶ
1279 2257 1443 2310 αὐτῶν
1473 2258 1669 2331 ψήφοις
1698 2262 1842 2334 παρὰ

220 2354 339 2400 τῶν
378 2349 619 2421 Πατέρων
671 2347 819 2418 ἡμῶν
886 2345 1351 2410 ἀκολουθήσαντες,
1399 2347 1532 2419 Ἐγὼ
1592 2350 1693 2424 γὰρ
1747 2345 1839 2402 δε-

223 2437 455 2510 ξάμενος
510 2437 800 2510 γράμματα
854 2437 969 2508 (70)
1021 2443 1115 2489 τοῦ
1167 2440 1569 2513 μακαριωτάτου
1634 2442 1840 2512 Πατρός

221 2526 555 2580 Ἀθανασίου
596 2532 687 2577 τοῦ
741 2532 832 2587 τῆς
864 2523 1253 2600 Ἀλεξανδρείας
1304 2526 1614 2597 ἐπισκόπου,
1675 2527 1708 2579 ἃ
1745 2532 1837 2581 καὶ

222 2618 347 2686 ἔχω
374 2613 421 2666 ἐν
450 2621 567 2677 ταῖς
591 2618 773 2689 χερσὶ,
815 2619 905 2667 καὶ
937 2614 1295 2688 προϐάλλομαι
1319 2623 1427 2679 τοῖς
1472 2616 1833 2690 ἐπιζητοῦσιν,

220 2702 276 2756 ἐν
312 2702 393 2764 οἷς
421 2712 650 2778 φανερῶς
680 2700 1055 2777 διηγόρευσαν,
1087 2708 1131 2757 εἰ
1158 2724 1234 2766 τις
1286 2704 1341 2758 ἐκ
1369 2713 1465 2768 τῆς
1507 2714 1606 2759 τῶν
1635 2706 1838 2782 Ἀρεια-

219 2800 330 2843 νῶν
363 2795 610 2868 αἱρέσεως
641 2791 885 2865 βούλοιτο
911 2795 1297 2865 μετατίθεσθαι,
1339 2794 1597 2867 ὁμολογῶν
1644 2801 1738 2855 τὴν
1786 2796 1834 2848 ἐν

216 2886 431 2954 Νικαίᾳ
453 2885 637 2933 πίστιν
676 2882 809 2952 (71),
841 2888 1021 2936 τοῦτον
1058 2885 1391 2958 προσίεσθαι,
1423 2881 1590 2956 μηδὲν
1631 2881 1666 2937 δ
1671 2905 1837 2958 ιακρι-

217 2974 475 3042 νομένους
496 2970 577 3023 ἐπ’
602 2970 740 3042 αὐτῷ
771 2991 784 3005 ·
816 2976 907 3023 καὶ
934 2974 1122 3025 τούτου
1161 2980 1253 3026 τοῦ
1275 2969 1537 3045 δόγματος
1560 2977 1834 3038 κοινωνούς

214 3079 320 3133 μοι
378 3063 743 3133 παρεχομένου
797 3062 919 3123 τούς
973 3080 1029 3114 τε
1083 3069 1175 3122 τῆς
1212 3058 1543 3125 Μακεδονίας
1598 3068 1689 3116 καὶ
1739 3072 1836 3127 τῆς

1949 1900 2136 1956 verba
2164 1900 2609 1973 loquentes,aut
2633 1904 2787 1955 certe
2809 1900 2881 1955 iis
2899 1916 3034 1972 quae
3057 1916 3093 1955 a
3117 1901 3293 1956 nobis
3321 1900 3604 1956 diceban-

1950 1994 2066 2060 tur,
2096 2006 2221 2047 non
2250 1995 2660 2063 repugnantes
2688 1990 2771 2046 ita
2820 1991 3199 2063 suscepimus
3235 2007 3247 2057 ;
3308 2007 3446 2045 cum
3479 2007 3601 2046 non

1951 2095 2131 2137 omne
2161 2081 2235 2136 de
2261 2080 2483 2136 talibus
2514 2080 2803 2152 judicium
2843 2080 3019 2136 nobis
3049 2081 3192 2153 ipsis
3229 2080 3602 2153 permittere-

1950 2185 2107 2240 mus,
2144 2169 2251 2226 sed
2283 2170 2663 2235 sententiam,
2687 2185 2821 2241 quae
2843 2169 3010 2242 prius
3030 2168 3152 2225 lata
3172 2168 3246 2224 de
3272 2168 3383 2224 illis
3410 2168 3602 2225 fuerat

1950 2275 1989 2317 a
2018 2260 2287 2316 Patribus
2303 2259 2544 2325 nostris,
2579 2274 2988 2332 sequeremur.
3014 2260 3131 2327 Ego
3153 2257 3314 2313 enim
3336 2274 3474 2313 cum
3506 2274 3600 2314 ac-

1949 2349 2246 2422 cepissem
2274 2348 2497 2405 litteras
2544 2347 2879 2403 beatissimi
2922 2347 3111 2402 Patris
3140 2346 3447 2402 Athanasii
3478 2346 3600 2402 Ale—

1947 2438 2219 2495 xandriaa
2251 2437 2536 2511 episcopi,
2585 2452 2740 2509 quas
2789 2441 2844 2492 et
2873 2436 2935 2491 in
2966 2435 3249 2492 manibus
3282 2435 3503 2503 habeo,
3542 2442 3599 2492 et

1947 2527 2200 2583 ostendo
2226 2525 2779 2599 exposcentibus,in
2806 2525 3026 2597 quibus
3057 2524 3212 2580 clare
3244 2524 3598 2596 pronuntia-

1945 2616 2049 2683 vit,
2079 2615 2127 2671 si
2177 2615 2314 2687 quis
2364 2631 2439 2671 ex
2468 2615 2830 2670 Arianorum
2861 2613 3075 2669 haeresi
3103 2613 3360 2669 voluerit
3402 2618 3597 2669 trans-

1946 2703 2085 2761 ferri
2115 2705 2417 2761 Nicanam
2446 2703 2631 2760 fidem
2662 2704 3122 2769 conﬁtens,eum
3152 2701 3596 2758 admittendum

1946 2807 2220 2860 esse,nec
2248 2808 2378 2848 esse
2407 2792 2469 2848 in
2496 2808 2567 2847 eo
2588 2790 2932 2863 recipiendo
2961 2790 3398 2855 haesitandum;
3432 2806 3598 2846 cum—

1943 2898 2065 2955 que
2094 2882 2189 2939 ille
2219 2882 2367 2939 mihi
2396 2882 2578 2953 hujus
2624 2881 2845 2937 decreti
2902 2880 3096 2936 socios
3153 2880 3410 2944 citasset,
3466 2884 3595 2936 tum

1943 2972 2323 3037 Macedoniae,
2364 2974 2494 3027 tum
2525 2970 2758 3026 Achaiae
2788 2968 3108 3042 episcopos
3139 2984 3352 3023 omnes
3379 2986 3393 3035 ;
3424 2972 3592 3023 ratus

1947 3063 2118 3135 307
2147 3077 2392 3118 necesse
2422 3076 2550 3116 esse
2575 3064 2810 3117 tantum
2835 3060 3031 3115 virum
3053 3058 3225 3130 sequi
3250 3057 3329 3113 ob
3361 3073 3591 3125 eorum,

217 3148 461 3220 Ἀχαίας
488 3148 808 3211 ἐπισκόπους
834 3149 1060 3212 ἅπαντας
1088 3165 1104 3180 ⁸
1137 3152 1362 3223 νομίζων
1383 3150 1663 3224 ἀναγκαῖον
1708 3150 1834 3206 εἶναι

1948 3152 2257 3224 quilegem
2282 3149 2999 3217 tulerant,auctoritatem,
3022 3148 3320 3220 simulque
3346 3146 3594 3219 cupiens

213 3236 527 3290 ἀκολουθεῖν
560 3233 717 3311 ἀνδρὶ
746 3242 977 3311 τοσούτῳ
1007 3236 1102 3292 διὰ
1133 3243 1192 3294 τό
1219 3240 1523 3304 ἀξιόπιστον
1554 3250 1653 3294 τῶν
1681 3262 1833 3315 νομο-

210 3328 349 3385 Θετη
361 3330 581 3393 σάντων,
598 3329 731 3401 ὁμοῦ
755 3325 814 3381 δὲ
839 3333 929 3381 καὶ
959 3327 1227 3402 ἐπιθυμῶν
1247 3334 1335 3383 τόν
1364 3338 1461 3392 τῆς
1485 3331 1834 3406 εἰρηνοποιίας

202 3418 418 3490 μισθόν
448 3413 831 3489 ὑποδέξασθαι,
856 3421 972 3479 τοὺς
990 3421 1187 3478 ταύτην
1218 3419 1593 3491 ὁμολογοῦντας
1620 3424 1714 3480 τὴν
1742 3426 1834 3474 πί·-

202 3525 345 3560 στιν
379 3503 760 3576 ἐγκατέτασσον
874 3503 1051 3580 μερίδι
1072 3515 1171 3559 τῶν
1197 3516 1527 3560 κοινωνικῶν.

289 3594 359 3647 7°
411 3597 723 3669 Δικαιότερον
756 3591 816 3647 δε
872 3597 939 3648 τὰ
987 3596 1106 3649 καθ’
1149 3597 1288 3668 ἡμᾶς
1340 3599 1611 3673 κρίνεσθαι
1658 3602 1727 3671 μὴ
1778 3596 1833 3661 ἐξ

195 3682 341 3743 ἰνὸς
406 3681 435 3739 ἦ
506 3678 743 3758 δευτέρου
793 3692 894 3735 τῶν
942 3688 1012 3756 μὴ
1050 3683 1477 3757 ὀρθοποδούντων
1541 3691 1673 3761 πρὸς
1737 3693 1831 3746 τὴν

195 3772 495 3840 ἀλήθειαν,
547 3770 655 3823 ἀλλ’
699 3771 754 3825 ἐκ
781 3780 872 3825 τοῦ
909 3773 1138 3835 πλήθους
1175 3783 1275 3827 τῶν
1326 3778 1464 3829 κατὰ
1514 3780 1608 3835 τὴν
1655 3776 1831 3829 οἰκου-

188 3865 382 3934 μένην
432 3859 728 3914 ἐπισκόπων
778 3865 1115 3935 συνημμένων
1170 3866 1294 3937 ἡμῖν
1341 3867 1530 3939 χάριτι
1578 3873 1671 3918 τοῦ
1725 3872 1831 3919 Κυ-

188 3957 357 4027 ρίου.
407 3951 756 4014 Ἐξετασθῶσι
813 3950 872 4006 δὲ
945 3952 1191 4021 Πισίδαι,
1261 3958 1538 4027 Λυκάονες,
1574 3957 1828 4030 Ἰσαῦροι,

186 4045 420 4119 Φρύγες
464 4041 715 4115 ἑκάτεροι,
766 4043 1043 4117 Ἀρμενίων
1099 4046 1220 4097 ὅσον
1273 4047 1394 4119 ὑμῖν
1448 4046 1557 4100 ἐστι
1610 4052 1828 4123 πρόσοι-

182 4151 327 4199 κον,
415 4129 727 4199 Μακεδόνες,
781 4131 1018 4205 Ἀχαιοὶ,
1096 4132 1353 4209 Ἰλλύριοι,
1410 4136 1615 4204 Γάλλοι,
1656 4138 1832 4191 Ἱσπα-

180 4226 279 4275 vol
320 4220 470 4293 (72),
509 4219 702 4278 Ἰταλία
741 4224 1018 4294 σύμπασα,
1068 4223 1385 4296 Σικελιῶται,
1415 4223 1625 4300 Ἀφροι,
1668 4229 1829 4297 Αίγύ-

175 4330 351 4364 mox)
400 4312 456 4361 τό
507 4311 760 4380 ὑγιαῖνον,
793 4320 889 4372 τῆς
937 4316 1122 4386 Συρίας
1168 4314 1360 4366 ὁπόσον
1384 4313 1624 4386 λείψανον
1651 4329 1666 4346 ⁸
1700 4317 1829 4368 οἵτι-

176 4419 279 4463 νες
362 4403 638 4471 πέμπουσί
703 4420 757 4453 τε
810 4404 938 4474 πρός
981 4404 1119 4474 ἠμῆς
1164 4405 1472 4475 γράμματα,
1534 4409 1625 4457 καὶ
1675 4405 1830 4457 πάλιν

1941 3239 2379 3312 pacificationis
2396 3236 2739 3293 mercedem
2755 3235 3252 3309 consequi,ﬁdem
3276 3235 3438 3291 illam
3457 3250 3595 3290 con-

1941 3330 2176 3387 ﬁtentes
2206 3327 2590 3386 ascribebam
2618 3342 2872 3383 numero
2899 3326 3507 3383 communicatorum.

2012 3606 2067 3659 7.
2098 3600 2325 3657 Justius
2357 3601 2450 3655 est
2477 3600 2680 3655 autem
2726 3611 2823 3652 res
2851 3598 3090 3652 nostras
3134 3595 3414 3666 judicari,
3467 3609 3591 3650 non

1940 3707 2015 3749 ex
2047 3706 2167 3747 uno
2189 3694 2293 3747 aut
2317 3688 2501 3746 altero
2522 3703 2645 3743 non
2672 3691 2830 3743 recte
2865 3686 2926 3742 in
2958 3685 3202 3742 veritate
3230 3684 3591 3740 ambulanti-

1937 3780 2190 3850 bus,sed
2215 3795 2288 3835 ex
2317 3776 2700 3834 multitudine
2732 3773 3298 3847 episcoporum,qui
3324 3772 3498 3827 nobis
3528 3772 3588 3827 in

1940 3874 2063 3926 toto
2093 3874 2383 3925 terrarum
2429 3866 2573 3923 orbe
2599 3881 2705 3938 per
2728 3864 2961 3920 Domini
3001 3863 3257 3933 gratiam
3285 3860 3591 3932 conjuncti

1939 3959 2545 4026 suntJnterrogentur
2564 3959 2765 4010 autem
2785 3951 3022 4020 Pisidae,
3039 3948 3586 4023 Lycaones,lsauri,

1936 4044 2200 4117 Phryges
2231 4048 2488 4116 utrique,
2524 4042 2942 4099 Armeniorum
2972 4038 3267 4113 quidquid
3297 4038 3469 4094 vobis
3501 4041 3591 4095 est

1935 4133 2224 4200 vicinum,
2256 4133 2626 4199 Macedones,
2658 4129 2870 4195 Achaei,
2902 4128 3096 4201 Illyrii,
3122 4127 3289 4197 Galli,
3321 4126 3586 4199 Hispani,

1938 4223 2105 4280 Italia
2134 4228 2276 4290 tota,
2314 4222 2511 4292 Siculi,
2546 4221 2689 4290 Afri,
2733 4220 2973 4293 Aigypti
3010 4234 3153 4292 pars
3200 4233 3370 4287 sana,
3414 4216 3586 4289 quid-

1937 4313 2085 4386 quid
2134 4312 2461 4386 estreliqui
2488 4312 2551 4367 in
2582 4311 2795 4383 Syria:
2832 4311 2939 4383 qui
2984 4313 3039 4365 et
3082 4307 3162 4363 ad
3216 4322 3329 4363 nos
3357 4306 3585 4362 litteras

1936 4403 2197 4475 mittunt,
2250 4408 2307 4459 et
2349 4418 2559 4458 rursus
2611 4418 2648 4457 a
2679 4400 2856 4457 nobis
2886 4399 3206 4470 accipiunt.
3239 4399 3320 4451 Ex
3360 4396 3586 4467 quibus

176 4488 477 4561 δέχονται
518 4488 639 4561 παρ’
666 4491 814 4561 ἡμῶν
840 4507 853 4557 ;
884 4490 979 4542 Ὧν
1036 4492 1173 4545 ἔστίν
1203 4493 1324 4564 ὑμῖν
1366 4495 1421 4545 ἔκ
1473 4512 1527 4545 τε
1574 4502 1673 4546 τῶν
1699 4493 1829 4547 ἐκεῖ·

1948 4494 2162 4563 litteris,
2183 4498 2310 4549 tum
2341 4509 2476 4565 quae
2504 4491 2664 4547 illinc
2688 4491 3037 4555 afferuntur,
3062 4493 3355 4577 tumque:
3377 4500 3584 4540 rursus

176 4582 279 4632 θεν
358 4582 651 4652 φερομνων
705 4581 1025 4655 φραμμάτων
1072 4582 1255 4653 μαθεῖν
1313 4586 1400 4635 καὶ
1431 4582 1488 4635 ἐκ
1535 4590 1633 4635 τῶν
1662 4582 1832 4636 ἐντεῦ-

173 4671 276 4721 θεν
365 4666 524 4718 πάλιν
556 4665 1043 4741 [ἀντιπεμπομένων
1109 4670 1286 4733 αὐτοῖς
1347 4667 1699 4743 διδαχθῆναι,
1753 4674 1831 4726 ὅτι

178 4756 510 4829 στῦμψυχοι
584 4758 772 4819 πάντες
829 4756 1001 4830 ἐσμὲν,
1078 4761 1137 4811 τό
1213 4759 1260 4811 ἓν
1309 4767 1626 4833 φρονοῦντες.
1667 4762 1828 4835 ’ῼστε

234 4878 411 4949 Ί69)
434 4884 637 4934 Οὔτε...
670 4881 784 4933 κατ’
811 4883 1017 4945 αὐτούς.
1052 4883 1138 4939 Ita
1165 4898 1313 4938 mss.
1353 4899 1478 4939 sex.
1521 4883 1667 4940 Editi
1695 4884 1823 4940 οὐ...

174 4957 344 5077 χειτὲ
380 4956 505 5040 τοῦς
555 4955 845 5015 τοιούτους.
881 4953 1112 5011 Ibidem
1159 4953 1334 5011 Coisl.
1383 4955 1617 5027 primus
1646 4975 1823 5030 τροσε-

175 5046 285 5077 κεν
340 5043 548 5077 εισαιε..

175 5043 548 5086 vexandum.

208 5046 548 5098 εχσεεσαις,

260 5096 410 5168 (70)
459 5095 1012 5179 ςράμματα...Εάἱίὶφ
1060 5095 1243 5152 Paris.
1299 5095 1821 5179 additnmpatt‘sed

176 5166 569 5249 praepositio
597 5166 766 5249 deest
788 5166 850 5249 in
880 5171 1116 5249 septem
1142 5172 1359 5249 m_ss.et
1383 5166 1822 5249 antiquioribus

179 5238 607 5295 editionibus.
642 5238 817 5304 Quod
843 5244 1045 5295 autem
1081 5239 1157 5294 de
1187 5238 1501 5294 Athanasii
1529 5238 1822 5297 sententia

178 5312 469 5382 testatur
488 5309 830 5382 Basilius,id
847 5310 1241 5382 conﬁrmatur
1255 5326 1393 5365 cum
1416 5311 1494 5365 ab
1509 5311 1641 5382 ipso
1652 5311 1824 5367 Atha-

178 5380 423 5446 Dasio,
447 5380 550 5451 qui
599 5381 659 5436 in
690 5381 861 5451 epist.
890 5380 971 5436 ad
1010 5381 1332 5436 Ruﬁanum
1365 5396 1487 5437 non
1517 5380 1710 5437 solum
1760 5382 1821 5437 in

346 5450 616 5529 rpto,sec_i
638 5450 898 5529 etiamin
930 5450 1545 5529 Greeci_a,in_llispani_a
1566 5456 1622 5508 et
1639 5452 1823 5509 Gallia

177 5530 245 5579 et
268 5522 526 5595 Ubique
543 5522 715 5595 idem
738 5522 1035 5594 episcopis
1058 5522 1668 5595 placuisse—declarat;
1692 5530 1820 5580 tum

175 5596 406 5652 etiam
443 5606 477 5646 a
497 5592 725 5668 Liberio
756 5592 1086 5668 papa,'gui'
1103 5594 1164 5649 in
1195 5594 1369 5668 epist.
1404 5599 1487 5651 13.
1515 5596 1821 5668 Egyptios

173 5676 448 5725 omnes
468 5668 521 5721 et
538 5665 794 5723 Achivos
817 5665 1089 5738 ejusdem
1117 5665 1425 5722 sententiae
1454 5665 1637 5723 testes
1659 5665 1819 5725 citat.

1938 4582 2067 4638 vice
2086 4598 2263 4638 versa
2304 4582 2443 4637 hinc
2484 4581 2564 4636 ad
2590 4580 2757 4652 ipsos
2788 4579 3122 4643 mittuntur,
3149 4575 3376 4630 discere
3415 4574 3584 4630 vobis

1936 4670 2074 4728 licet
2100 4687 2212 4727 nos
2241 4685 2455 4727 omnes
2507 4685 2638 4725 esse
2664 4667 3003 4735 unanimes,
3030 4665 3313 4736 idemque
3343 4663 3584 4720 sentire.

1939 4763 2314 4832 Quapropter
2343 4758 2836 4815 communionem
2893 4758 3165 4812 nostram
3206 4753 3311 4826 qui
3343 4752 3581 4822 refugit,

1937 4884 2052 4942 Sed
2072 4884 2294 4940 mirum
2311 4887 2402 4939 est
2424 4898 2530 4938 cur
2551 4880 3023 4938 Occidentalium
3044 4878 3452 4935 testimonium
3480 4880 3583 4933 aut

1930 4955 2293 5012 Athanasius
2326 4955 2387 5009 in
2412 4953 2667 5026 epistola
2696 4952 3086 5026 adBasilium
3115 4949 3577 5026 praetermiserit,

1930 5027 2026 5083 vel
2052 5027 2181 5102 ipse
2210 5020 2465 5102 Basilius
2483 5025 2598 5080 hac
2622 5026 2686 5102 i_n_
2705 5020 3579 5102 epistola_prmtermittat,_Cau-

1932 5114 2065 5155 sam
2078 5093 2453 5171 investigare
2473 5093 2839 5171 conabimur
2858 5095 2921 5149 in
2960 5093 3096 5150 Vita
3116 5093 3177 5149 S.
3212 5093 3453 5171 Basilii.

2004 5171 2115 5240 (71)
2146 5174 2249 5227 Τὴν
2290 5162 2342 5220 ἐν
2366 5172 2562 5241 Νικαίᾳ
2590 5173 2786 5221 πίστιν.
2820 5167 2908 5223 Ita
2937 5183 3082 5222 mss.
3118 5180 3241 5220 sex.
3294 5162 3445 5217 Editi
3481 5168 3579 5211 τῶν

1932 5242 1980 5294 ἐν
2010 5246 2208 5312 Νικαίᾳ
2228 5246 2321 5298 τὴν
2354 5245 2554 5294 πίστιν.

2003 5314 2117 5383 (72)
2140 5300 2391 5365 Ἰσπανοί.
2429 5311 2663 5381 Legitur
2694 5312 2881 5363 Σπάνοι
2912 5309 2974 5364 in
3018 5304 3328 5383 codicibus
3350 5378 3359 5383 _
3383 5300 3542 5383 Harl.
3564 5345 3577 5368 ,

1928 5371 2286 5461 Va't.,_'Coisl.
2335 5371 2603 5439 secunvdo
2629 5388 2697 5461 et
2742 5388 2994 5461 utroque
3039 5378 3242 5461 ﬁegio.
3276 5374 3447 5461 Inter;
3466 5371 3578 5461 has

1928 5442 2267 5527 provincias
2285 5458 2705 5527 nonrecenset
2724 5442 2998 5527 __Basilius
3032 5442 3383 5527 Cilici‘am‘et
3412 5442 3579 5522 Gala-

1927 5515 2096 5589 tiam,
2129 5526 2275 5597 quia
2300 5526 2394 5582 his
2419 5525 2476 5580 in
2510 5524 2856 5597 regionibus
2887 5515 3573 5597 grassabanturHlimresi‘s,

1927 5584 2123 5665 neque
2147 5584 2374 5670 ‘etiam
2402 5597 2555 5652 Asiae
2578 5584 2916 5670 ‘dimcesim',
2945 5605 3131 5670 quam
3167 5586 3374 5670 Basilio
3403 5584 3578 5643 valde

1929 5663 2275 5740 sus—pactam
2300 5668 2485 5723 fuisse
2513 5664 2911 5738 perspicimus
2939 5678 3011 5717 ex
3032 5663 3204 5733 epist.
3238 5663 3360 5715 218.
