4100 6214
553 279 660 337 755

1943 274 1999 331 S.
2040 271 2291 329 BASILII
2329 270 2548 331 MAGNI

3761 280 3844 371 75_6

557 406 871 464 sinceritas
904 404 1101 461 vestra
1129 402 1363 462 noverit
1392 419 1528 460 eum
1568 418 1697 460 sese
1724 418 1762 458 a
1791 402 1912 455 tota
1956 396 2221 453 Ecclesia

2335 398 2356 448 ὁ
2387 402 2480 456 τὴν
2511 400 2636 470 πρὸς
2666 396 2806 469 ἡμᾶς
2852 399 3121 449 κοινωνίαν
3171 392 3563 472 ἆποὸιδρασκων
3600 403 3659 472 μή
3698 401 3841 456 λανθα-

559 511 862 569 separare.
896 494 1368 566 Circumspicite,
1394 493 1628 557 fratres,
1650 490 2015 564 quibuscum
2046 485 2220 542 vobis

558 588 636 641 sit
679 584 1074 642 communio:
1124 584 1174 639 si
1207 599 1341 639 eam
1389 599 1424 638 a
1452 582 1629 638 nobis
1680 596 1801 637 non
1856 575 2218 649 suscipiatis,

558 677 696 749 quis
722 676 849 747 jam
872 688 980 729 vos
1005 672 1316 742 agniturus
1347 672 1465 727 est?
1496 674 1610 726 Nos
1640 686 1710 725 eo
1744 665 2115 723 necessitatis
2143 679 2219 719 ne

558 763 999 839 perducatis,nt
1029 762 1191 818 triste
1211 759 1528 833 quidpiam
1552 759 1627 814 de
1658 757 2016 814 charissima
2045 754 2220 809 nobis

561 853 827 909 Ecclesia
858 855 1214 907 statuamus.
1251 852 1330 904 Ne
1361 848 1767 913 committatis,
1802 851 1864 901 ut
1892 861 2028 917 quae
2058 859 2220 898 nunc

559 942 739 998 corde
771 956 1003 1013 premo,
1037 954 1279 994 mecum
1328 938 1758 1007 ingemiscens,
1792 940 1848 990 et
1893 932 2218 1005 deplorans

558 1032 899 1087 luctuosum
932 1034 1191 1100 tempus,
1220 1044 1343 1099 quo
1371 1028 1517 1082 citra
1536 1026 1721 1081 ullam
1747 1040 1995 1080 causam
2030 1021 2222 1076 Eccle-

561 1120 664 1175 sia:
692 1119 1065 1185 maximimet
1088 1117 1215 1187 jam
1250 1116 1393 1172 olim
1424 1116 1575 1171 inter
1607 1130 1669 1169 se
1696 1112 1969 1169 fraternis
1998 1110 2219 1167 animis

560 1209 919 1277 conjunctae,
961 1222 1124 1261 nunc
1172 1204 1512 1271 dissident;
1575 1219 1648 1258 ne
1689 1201 2094 1263 committatis,
2136 1199 2223 1254 in-

559 1300 846 1370 quam,ut
877 1295 1005 1349 haec
1037 1292 1200 1365 apud
1231 1309 1443 1348 omnes
1474 1292 1652 1347 simul
1675 1288 2221 1346 communicatores

560 1386 981 1457 deplorem.Ne
1013 1382 1241 1453 cogatis
1274 1398 1370 1437 me
1392 1396 1573 1436 voces
1605 1394 2059 1453 promere,quas
2084 1377 2223 1431 hac-

560 1478 735 1530 tenus
758 1471 1005 1527 rationis
1043 1470 1212 1526 freno
1253 1468 1579 1525 occultatas
1609 1466 1775 1539 apud
1806 1482 1899 1521 me
1921 1465 2219 1521 contineo.

564 1562 758 1619 Satius
784 1565 873 1616 est
922 1575 1035 1615 nos
1074 1576 1105 1615 e
1145 1557 1347 1614 medio
1380 1557 1501 1614 tolli
1532 1562 1588 1613 et
1636 1555 1929 1611 Ecclesias
1977 1554 2129 1609 inter
2159 1568 2222 1607 se

561 1650 918 1719 consentire,
936 1665 1121 1721 quam
1147 1656 1392 1721 prOpter
1420 1647 1677 1720 pueriles
1704 1651 1941 1701 nostras
1962 1643 2225 1699 simulta-

2329 488 2454 538 νέτω
2485 487 2627 558 ὑμῶν
2681 490 2773 543 τήν
2812 484 3101 561 ἀκρίϐειαν,
3137 487 3315 547 πάσης
3346 485 3514 538 ἑαυτὸν
3566 496 3645 548 τῆς
3680 487 3845 549 Ἐκκλη-

2519 574 2845 650 ἀπορρήγνυς
2892 576 3023 648 (73).
3072 574 3455 651 mmsis-taces
3500 578 3618 648 (74),
3662 576 3847 652 ἀδελφοὶ,

2327 667 2459 737 πρὸς
2517 669 2657 727 τίνας
2723 664 2865 716 ἐστὶν
2914 666 3037 737 ὑμῖν
3092 666 3122 723 ἡ
3187 670 3465 716 κοινωνία·
3524 664 3711 719 ἐπειδὰν
3754 669 3850 744 παρ’

2334 581 2453 637 σίας

2328 755 2475 825 ἡμῶν
2525 758 2595 826 μὴ
2677 750 2928 826 δεχθῆτε,
2978 757 3058 815 τίς
3113 753 3290 806 λοιπὸν
3334 754 3459 826 ὑμᾶς
3528 754 3851 828 inquom-Stat;

2330 850 2413 900 Mr:
2445 846 2675 915 ἁγάγητε
2717 845 2853 915 ἡμᾶς
2896 844 2965 905 εἱς
3024 843 3253 915 ἀνάγκην
3302 846 3593 916 σκυθρωπόν
3620 865 3663 897 τι
3690 844 3856 919 βουλεύ-

2333 934 2530 983 σασθαι
2603 937 2722 1005 περὶ
2798 941 2893 994 τῆς
2954 932 3201 1004 φιλτάτης
3265 934 3389 1005 ἡμῖν
3453 933 3750 997 Ἐκκλησίας.
3789 940 3853 994 Μὴ

2330 1024 2589 1077 ποιήσητε
2617 1039 2701 1091 με,
2750 1020 2786 1071 ἃ
2821 1028 2908 1073 νῦν
2961 1022 3009 1073 ἐν
3048 1029 3110 1093 τῇ
3166 1017 3364 1094 καρδίᾳ
3408 1024 3606 1095 κρυπτω
3657 1030 3710 1094 τῇ
3740 1021 3841 1095 ἕμαν

2330 1116 2442 1179 τοῦ,
2477 1108 2591 1160 κατ’
2646 1108 2866 1182 ἐμαυτὸν
2900 1112 3149 1176 στενάζων
3203 1115 3292 1162 καὶ
3332 1107 3624 1186 ὀδυρόμενος
3657 1118 3735 1163 του
3767 1132 3859 1163 και-

2331 1205 2426 1271 ροῦ
2452 1202 2545 1256 τήν
2581 1202 2867 1266 κακότητα,
2908 1200 3005 1257 ὅτι,
3043 1198 3215 1261 αἰτίας
3247 1199 3341 1251 οὐκ
3371 1202 3543 1265 οὔσης,
3573 1200 3625 1251 αἱ
3666 1204 3863 1271 μέγισται

2331 1293 2432 1336 τῶν
2464 1286 2803 1357 Ἐκκλησιῶν,
2860 1292 2949 1339 καὶ
3004 1288 3057 1339 ἐκ
3104 1287 3328 1339 παλαιοῦ
3358 1291 3487 1361 πρὸς
3523 1288 3720 1350 ἀλλήλας
3744 1285 3866 1341 ἁδελ-

2334 1394 2437 1446 φων
2480 1374 2625 1438 τάξιν
2655 1378 2943 1448 ἓπέχουσαι
2973 1376 3109 1447 (75),
3141 1377 3298 1428 αὗται
3342 1384 3430 1427 νῦν
3473 1373 3757 1435 διεστήκασι
3779 1393 3789 1405 ’
3816 1382 3867 1449 μή

2332 1482 2396 1535 με
2432 1469 2691 1523 ποιήσητε
2727 1472 2896 1517 ταῦτα
2933 1469 3063 1539 πρὸς
3108 1468 3302 1526 πάντας
3350 1467 3478 1538 ὁμοῦ
3530 1470 3641 1527 τοὺς
3682 1485 3870 1519 κοινωνι-

2332 1555 2450 1613 κοὺς
2504 1551 2895 1628 ἀποδύρασθαι.
2956 1559 3040 1613 Μὴ
3091 1554 3413 1613 ἐκϐιάσήσϐἐ
3466 1575 3525 1628 με
3575 1554 3753 1627 ἀφεῖναι
3793 1555 3871 1629 ῥή-

2332 1661 2492 1713 ματα,
2524 1642 2746 1715 ἂμέχρι
2783 1650 2874 1694 τοῦ
2917 1650 3005 1694 νῦν
3054 1652 3124 1715 τῷ
3178 1643 3231 1696 ἐκ
3276 1652 3367 1696 τοῦ
3424 1643 3663 1717 λογισμοῦ
3712 1643 3873 1715 χαλινῷ

560 1745 647 1796 tes
674 1744 903 1795 tantum
951 1736 1095 1794 mali
1122 1737 1360 1810 populis
1393 1737 1493 1792 Dei
1524 1735 1744 1792 inferri.
1788 1730 2223 1789 Percontamini

2335 1734 2660 1803 κεκρυμμένα
2712 1733 2821 1803 ἔχω
2878 1732 3001 1807 παρ’
3062 1732 3290 1804 ἐμαυτῷ.
3354 1732 3551 1787 Βίλτιόν
3596 1730 3723 1784 ἐστιν
3770 1733 3875 1804 ἡμᾶς

563 1830 765 1883 Patres
810 1832 1067 1892 vestros,
1101 1832 1157 1882 et
1203 1824 1652 1881 annuntiabunt
1679 1823 1872 1887 vobis,
1904 1819 2220 1893 parcecias,

565 1917 675 1973 etsi
722 1916 993 1972 locorum
1035 1916 1151 1971 situ
1204 1915 1564 1971 videbantur
1594 1914 1746 1968 inter
1798 1928 1861 1967 se
1891 1910 2115 1978 divisae,
2167 1913 2227 1964 at

566 2005 771 2062 animo
799 2022 989 2060 unum
1018 2005 1474 2076 fuisse,unoque
1505 2002 1755 2058 consilio
1779 2000 1981 2056 solitas
2013 1999 2226 2069 guber-

564 2094 719 2151 nari.
774 2093 1271 2165 Frequentissime
1328 2091 1589 2164 populus
1644 2089 2047 2155 miscebatur;
2106 2087 2225 2142 fre-

564 2182 957 2255 quentissime
989 2198 1019 2237 e
1047 2182 1203 2237 clero
1246 2180 1341 2236 alii
1370 2179 1449 2236 ad
1502 2180 1651 2235 alios
1684 2177 2038 2234 veniebant:
2079 2175 2226 2249 ipsis

566 2287 707 2326 vero
734 2269 1077 2343 pastoribus
1126 2274 1362 2325 tantum
1409 2269 1601 2324 inerat
1648 2267 1839 2323 mutui
1887 2265 2128 2329 amoris,
2163 2268 2227 2319 ut

568 2365 817 2432 uterque
840 2358 1025 2414 altero
1054 2358 1115 2414 in
1145 2358 1294 2427 aliis,
1324 2374 1461 2431 quae
1494 2356 1573 2414 ad
1599 2356 1923 2413 Dominum
1949 2354 2221 2419 attinent,

568 2449 859 2518 magistro
891 2465 960 2504 ac
991 2447 1143 2503 duce
1178 2453 1465 2505 uteretur.

2334 1819 2390 1871 ἐκ
2436 1816 2613 1872 ποδῶν
2664 1822 2926 1891 γενέσθαι,
2959 1823 3051 1882 τὰς
3083 1818 3141 1874 δὲ
3182 1820 3496 1883 Ἐκκλησίας
3532 1822 3739 1894 ὁμονοεῖν
3777 1822 3877 1893 πρὸς

2335 1906 2639 1979 ἀλλήλας,ἦ
2692 1906 2785 1960 διὰ
2832 1911 2927 1970 τὰς
2973 1906 3342 1984 μειρακιώδεις
3398 1910 3537 1985 ἡμῶν
3566 1908 3878 1982 μικροψυχίας

2334 2000 2492 2048 κακὸν
2522 2004 2768 2049 τοσοῦτον
2822 1998 3109 2070 ἐπάγεσθαι
3136 2005 3238 2059 τοῖς
3279 1998 3428 2057 λαοῖς
3455 2006 3542 2051 τοῦ
3573 2004 3712 2051 Θεοῦ.
3748 1998 3879 2071 Ἐρω-

2334 2090 2527 2145 τήσατε
2578 2090 2693 2147 τοὺς
2742 2091 2970 2163 Πατέρας
3017 2089 3179 2160 ὑμῶν,
3236 2094 3325 2141 καὶ
3380 2088 3728 2161 ἀναγγελοῦσιν
3765 2088 3878 2158 ὑμῖν,

2334 2178 2433 2246 ὃτί,
2477 2176 2519 2227 εἰ
2571 2180 2661 2227 καὶ
2717 2184 2779 2248 τῇ
2825 2179 2961 2229 Θέσει
3013 2183 3105 2229 τοῦ
3158 2181 3318 2230 τόπου
3380 2175 3663 2252 διῃρῆσθαι
3706 2172 3880 2229 ἐδόκουν

2334 2266 2387 2316 αἱ
2434 2269 2708 2337 παροικίαι
2762 2270 2894 2332 (76),
2951 2264 3078 2318 ἀλλὰ
3120 2273 3191 2337 τῷ
3230 2286 3289 2340 γε
3347 2272 3624 2341 φρονήματι
3675 2266 3717 2319 ἓν
3756 2262 3881 2329 ἦσαν,

2332 2357 2421 2404 καὶ
2461 2359 2558 2425 μιᾷ
2612 2359 2792 2427 γνώμῃ
2845 2354 3211 2427 ἐκυϐερνῶντο,
3257 2362 3498 2427 Συνεχεῖς
3543 2358 3627 2429 μὲν
3672 2361 3751 2406 τοῦ
3783 2354 3883 2405 λαοῦ

2333 2444 2387 2494 αἱ
2442 2442 2699 2515 ἐπιμιξίαι
2731 2464 2744 2476 ο
2808 2452 3048 2516 συνεχεῖς
3102 2441 3161 2498 δὲ
3221 2453 3313 2497 τοῦ
3360 2446 3549 2520 κλήρου
3604 2441 3884 2517 ἐπιδημίαν

569 2541 749 2599 αὐτοῖς
780 2534 838 2590 δὲ
864 2544 971 2599 τοῖς
1002 2556 1215 2609 ποιμεσι
1244 2544 1492 2589 τοσοῦτον
1518 2544 1701 2610 περιῆν
1730 2542 1820 2596 τῆς
1847 2537 1977 2611 πρὸς
2016 2532 2267 2595 ἀλλήλους
2311 2531 2539 2604 ἀγάπης,
2572 2536 2707 2588 ὥστε
2738 2535 2972 2612 ἑκάτερον
3004 2535 3169 2589 αὑτων
3200 2532 3519 2611 διδασκαλῳ
3554 2544 3623 2608 τῷ
3660 2536 3791 2609 ἑτέρῳ
3814 2537 3883 2585 καὶ

568 2629 786 2701 ἡγεμόνι
816 2629 1063 2701 χρῆσθαι
1094 2626 1165 2688 εἰς
1187 2628 1252 2678 τὰ
1280 2628 1412 2700 πρὸς
1444 2629 1656 2701 Κύριον.

997 2750 1177 2822 303
1228 2751 1565 2809 EPISTOLA
1624 2749 1804 2807 ccv'.

2892 2757 3230 2806 ΕΠΙΣΤΟΛΗ
3270 2752 3389 2808 ΣΕ.

562 2855 871 2926 Elpidz’um
904 2864 1098 2929 rogat,
1126 2859 1305 2915 misso
1322 2858 1554 2929 iterum
1609 2857 1847 2913 Meletz’o
1874 2854 2246 2929 presbytero,
2280 2860 2384 2929 git,
2411 2862 2732 2929 eoagente
2777 2872 2910 2913 cum
2955 2859 3239 2929 episcopi:
3289 2858 3634 2929 maritimis,
3678 2858 3820 2913 locus
3848 2856 3890 2910 et

1395 2935 1630 2999 tempus
1656 2929 1737 2986 ad
1763 2924 2146 2985 concordiam
2173 2924 2603 2993 stabiliendum
2632 2924 3105 2986 constituantur.

1092 3035 1336 3107 Elpidio
1388 3037 1684 3107 episcopo.

632 3144 861 3199 Rursus
902 3142 1186 3200 dilectum
1234 3149 1291 3200 et
1333 3144 1893 3215 compresbyterum
1926 3142 2221 3199 Meletium

562 3230 1010 3301 impulimus,ut
1035 3237 1153 3287 tuae
1174 3231 1477 3288 dilectioni
1499 3235 1769 3287 nostram
1802 3230 2222 3286 salutationem

559 3318 840 3391 perferat.
888 3321 993 3375 Cui
1029 3337 1385 3393 quanquam
1437 3320 1687 3376 omnino
1727 3324 2055 3376 statueram
2084 3336 2220 3392 par-

563 3424 696 3463 cere
729 3409 808 3464 ob
838 3409 1272 3479 infirmitatem,
1303 3427 1491 3482 quam
1523 3415 1736 3482 sponte
1770 3410 1884 3465 sibi
1924 3410 2037 3483 ipsi
2069 3410 2222 3465 asci-

560 3496 662 3563 vit,
692 3498 971 3568 redigens
992 3514 1231 3554 carnem
1264 3500 1324 3553 in
1348 3515 1443 3555 ser
1457 3499 1693 3554 Iitutem
1719 3498 1799 3554 ob
1832 3498 2223 3568 Evangelium

564 3587 809 3655 Christi;
843 3592 1045 3645 tamen
1076 3603 1215 3643 cum
1244 3588 1387 3643 mihi
1422 3587 1536 3659 ipsi
1575 3588 1863 3644 decorum
1897 3604 2030 3643 esse
2062 3587 2222 3643 exis—

564 3676 785 3733 timans
823 3677 1083 3734 salutare
1110 3682 1164 3733 te
1203 3693 1310 3749 per
1339 3676 1636 3749 ejusmodi
1670 3678 1850 3747 viros,
1900 3679 2027 3751 qui,
2058 3694 2225 3750 quae-

565 3782 804 3840 cunque
830 3766 1055 3823 litteras
1082 3765 1531 3840 eﬁugerint,per
1562 3782 1623 3822 se
1652 3767 1894 3823 valeant
1918 3766 2224 3839 supplere,

564 3861 622 3911 et
664 3856 846 3911 veluti
896 3856 1028 3912 loco
1060 3856 1330 3929 epistolae
1364 3856 1511 3911 viva:
1540 3872 1672 3911 esse
1726 3861 1781 3911 et
1837 3855 2118 3911 scribenti
2171 3860 2227 3910 et

569 3944 885 4016 epistolam
916 3946 1256 4017 recipienti:
1290 3952 1417 4002 tum
1441 3946 1619 4002 etiam
1650 3947 1838 4017 ipsius
1858 3945 2225 4001 desiderium

568 4034 839 4105 explens,
864 4050 986 4104 quo
1010 4050 1243 4105 semper
1272 4040 1438 4089 tuam
1468 4036 1881 4105 praestantiam
1911 4035 2225 4107 prosequi-

569 4128 684 4190 tur,
717 4137 790 4176 ex
816 4137 940 4194 quo
972 4122 1273 4177 bonorum
1300 4123 1522 4195 quibus
1546 4123 1832 4195 praeditus
1862 4141 1945 4191 es,
1987 4126 2226 4195 pericu-

568 4212 695 4267 lum
728 4211 883 4277 fecit;
911 4210 1111 4282 ipsum
1140 4211 1318 4267 etiam
1343 4227 1503 4266 nunc
1537 4216 1597 4267 ut
1628 4212 1704 4266 ad
1729 4217 1781 4268 te
1812 4213 2229 4285 proﬁciscatur

571 4300 840 4370 exoravi,
872 4316 942 4355 ac
974 4316 1080 4373 per
1130 4316 1269 4356 eum
1317 4305 1374 4355 et
1402 4300 1756 4357 visitationis
1790 4301 2082 4357 solvimus
2127 4302 2227 4357 de-

571 4390 787 4459 bitum,
834 4393 893 4445 et
935 4404 1224 4459 rogamus
1277 4394 1341 4444 ut
1386 4404 1497 4462 pro
1527 4388 1702 4445 nobis
1732 4404 1802 4445 ac
1830 4405 1939 4461 pro
1969 4389 2224 4446 Ecclesia

2343 4388 2574 4461 σκέψεως
2638 4388 3034 4466 ἀποπληροῡμεν
3116 4395 3297 4465 χρέος,

650 4609 668 4627 ’
695 4605 853 4677 Alias
880 4607 1169 4677 CCCXXII.
1195 4606 1421 4677 Scripta
1452 4621 1613 4661 anno
1648 4610 1773 4661 3'75.

650 4677 761 4750 (73)
819 4676 1155 4750 Ἀορῥῃγνύς.
1216 4679 1388 4731 Vetus
1436 4683 1523 4750 est
1571 4676 1738 4750 apud
1797 4677 2232 4750 ecclesiasticos

578 4748 1188 4817 scriptores’elfatum,
1223 4764 1359 4802 eum
1402 4748 1745 4804 schismatis
1775 4749 2003 4804 crimen
2034 4751 2230 4806 incur-

577 4834 726 4891 rere,
758 4820 862 4889 qui
890 4819 1073 4873 alium
1096 4825 1309 4891 praeter
1347 4818 1439 4874 fas
1473 4825 1528 4875 et
1562 4820 1702 4889 jura
1724 4823 2231 4878 excommunicat.

582 4889 693 4945 Sed
729 4894 929 4944 tamen
983 4889 1281 4957 ejusmodi
1314 4890 1679 4947 schismatici
1730 4908 1850 4947 non
1883 4892 2106 4948 idcirco
2154 4893 2232 4948 ab

580 4961 865 5016 exteriore
914 4959 1181 5015 Ecclesite
1213 4962 1640 5017 communione
1698 4963 2114 5022 discedebant.
2165 4970 2234 5020 At

584 5030 836 5086 Basilius
887 5032 1150 5102 loquitur
1180 5032 1253 5086 de
1286 5033 1399 5088 hac
1450 5034 1737 5088 exteriore
1781 5036 2228 5101 communione,

581 5118 773 5175 eaque
805 5101 1094 5175 carituros
1121 5101 1407 5169 declarat,
1453 5105 1557 5175 qui
1604 5121 1638 5159 a
1679 5121 1793 5160 sua
1826 5106 2227 5161 discesserint.

584 5172 753 5239 Quod
776 5172 1021 5243 quidem
1041 5189 1160 5227 non
1192 5172 1639 5229 accuratissime
1667 5176 1891 5230 dictum
1914 5176 2228 5245 videretur,

582 5247 696 5300 nisi
725 5245 1023 5315 praecipue
1050 5245 1123 5298 de
1158 5247 1744 5301 Neocmsariensmus
1792 5248 2018 5302 dictum
2052 5254 2228 5303 esset.

584 5321 729 5373 Nam
780 5317 1058 5371 Paulinus
1086 5316 1491 5369 Antiochenus
1518 5317 1762 5372 carebat
1801 5320 2232 5375 communione

585 5388 800 5452 Basilii,
866 5404 975 5441 nec
1034 5392 1235 5441 tamen
1297 5386 1713 5442 Ecclesiarum.
1758 5390 2227 5445 Occidentalium

585 5458 1075 5513 communionem
1116 5458 1417 5513 amiserat.
1450 5463 1520 5513 At
1551 5461 2057 5515 Neocresarienses
2089 5464 2136 5516 si
2170 5463 2231 5517 in

584 5530 803 5599 injuria
832 5530 1048 5586 Basilio
1080 5528 1799 5601 faciendaperstitissent,
1836 5547 2097 5601 eumque
2130 5549 2228 5588 co-

586 5602 849 5667 egissent
870 5601 1035 5673 apud
1066 5599 1611 5658 communicatores
1634 5616 1775 5657 suos
1805 5599 2084 5673 querelas
2126 5603 2229 5659 de-

2254 3034 2296 3087 Ο

2844 3035 3028 3092 Ἐλπιδ
3034 3041 3093 3110 ίῳ
3124 3038 3424 3111 ἑπισκὸπῳ.

2404 3144 2564 3197 Πάλιν
2594 3146 2744 3216 ἡμεῖς
2771 3148 2857 3197 τὸν
2902 3144 3170 3217 ἀγαπητὸν
3192 3149 3281 3198 καὶ
3338 3146 3773 3220 συμπρεσϐύτερον
3806 3144 3893 3215 (77)

2330 3232 2567 3287 Μελέτιον
2622 3234 2952 3306 ἐκινήσαμεν,
2991 3234 3075 3287 ἐπὶ
3112 3238 3207 3293 τήν
3267 3239 3373 3293 σήν
3415 3234 3619 3307 ἀγάπην
3668 3248 3895 3308 προσηγο-

2330 3325 2449 3396 ρίας
2498 3323 2642 3394 ἡμῶν
2694 3319 3092 3396 διακομίζοντα.
3131 3323 3209 3375 Οὔ
3240 3324 3283 3376 εἰ
3336 3329 3428 3377 καὶ
3476 3325 3607 3377 πάνυ
3644 3322 3896 3394 ἐγνώκειμεν

2333 3407 2607 3482 φείδεσθαι
2666 3408 2759 3463 διὰ
2834 3416 2928 3470 τήν
2982 3412 3272 3481 ἀσθένειαν,
3346 3413 3409 3471 ἣν
3476 3412 3714 3473 ἑκουσίως
3768 3408 3901 3475 ἐαυτῷ

2334 3499 2645 3571 ἐπηγάγετο,
2680 3497 3027 3573 δουλαγωγῶν
3086 3508 3179 3560 τῆν
3233 3503 3417 3575 σάρκα
3470 3500 3561 3556 διὰ
3608 3505 3662 3554 τό
3709 3499 3898 3568 Εὐαγγέ-

2333 3588 2440 3640 λιον
2496 3585 2588 3640 τοῦ
2664 3596 2924 3665 Χριστοῦ,
2986 3591 3123 3661 ὅμως
3187 3594 3275 3641 καὶ
3342 3593 3471 3663 ἡμῖν
3525 3590 3693 3650 αὐτοῖς
3742 3589 3899 3660 πρόπαν

2334 3673 2465 3729 εἶναι
2530 3681 2789 3749 κρίναντες
2851 3682 2963 3750 (78)
3016 3676 3110 3732 διὰ
3173 3682 3428 3733 τοιούτων
3494 3674 3902 3755 προσφθέγκεσθαί

2338 3783 2417 3831 σε,
2465 3773 2564 3817 τῶν
2618 3762 2917 3841 δυναμένων
2974 3768 3075 3821 ὅσα
3132 3764 3411 3841 διαφεύγει
3462 3773 3521 3821 τὸ
3572 3770 3777 3842 ’γράμμα
3803 3758 3900 3831 παρ’

2336 3854 2528 3906 ἑαυτῶν
2593 3852 2798 3930 ῥαδίως
2852 3855 3250 3932 ἀναπληρῶσαι,
3306 3862 3399 3911 καὶ
3462 3861 3614 3910 οἱονεὶ⁵
3667 3855 3763 3907 ἀντ’
3808 3851 3901 3904 ἐπι-

2338 3943 2526 4003 στολῆς
2584 3944 2831 4016 ἐμψύχου
2879 3948 3120 4017 γενέσθαι
3177 3953 3251 4015 τῷ
3318 3965 3376 3999 τε
3430 3948 3678 4021 ’γράφοντι
3729 3946 3807 3994 καὶ
3846 3942 3902 4005 τῷ

2338 4028 2606 4105 δεχομένῳ
2648 4049 2659 4062 ·
2719 4039 2809 4085 καὶ
2860 4038 2947 4086 τὸν
3000 4036 3157 4087 αὑτοῦ
3213 4032 3274 4088 δί
3326 4039 3490 4089 πόθον
3522 4034 3899 4106 ἀναπληροῦντες,

2337 4120 2390 4172 ὃν
2420 4125 2532 4193 ἔχει
2577 4121 2655 4175 ἀεὶ
2700 4128 2818 4197 περὶ
2855 4128 2950 4182 τήν
3004 4128 3101 4183 σὴν
3147 4125 3472 4189 τελειότητα,
3498 4124 3585 4197 ἀφ’
3613 4123 3672 4175 οὗ
3715 4119 3779 4181 εἰς
3817 4120 3901 4167 πεῖ·

2336 4230 2431 4285 ραν
2497 4210 2705 4283 ἀφίκετο
2754 4221 2853 4263 τῶν
2880 4212 2928 4264 ἐν
2961 4216 3049 4264 σαὶ
3080 4213 3246 4265 καλῶν
3280 4235 3295 4248 ·
3352 4218 3447 4267 καὶ
3489 4234 3577 4265 νυν
3603 4212 3748 4265 αὐτὸν
3775 4208 3900 4259 ἐλθεῖν

2338 4303 2406 4361 ὡς
2464 4303 2521 4352 σε
2552 4302 2663 4367 (79)
2716 4300 3155 4374 ἐδυσωπησαμεν,
3211 4298 3290 4354 δι’
3343 4303 3405 4355 οὗ
3459 4304 3644 4355 καὶτὸ
3693 4305 3779 4357 τῆς
3811 4294 3899 4346 ἐπι-

3387 4396 3482 4445 καὶ
3554 4387 3901 4464 παρακαλοῦμεν

2342 4606 2515 4681 ferre,
2548 4620 2669 4661 non
2702 4603 2958 4681 dubium
2985 4606 3141 4681 quin
3162 4622 3381 4663 omnes
3411 4606 3570 4681 illius
3618 4616 3801 4681 causa?
3842 4595 3902 4651 fa-

2341 4677 2587 4745 vissent,
2619 4681 2674 4731 et
2693 4672 3029 4747 justissima
3045 4679 3105 4733 in
3131 4679 3647 4735 Neocaesarienses
3670 4672 3902 4742 indigna;

2342 4750 2502 4805 tione
2533 4750 2920 4803 exarsissent.

2413 4821 2527 4891 (74)
2558 4818 2968 4893 Περιϐλέ-ψασοε.
2998 4820 3149 4893 Εάὶγίἰ
3180 4818 3423 4877 addunt
3452 4817 3701 4891 οὖνΑιιιΕ
3730 4808 3905 4870 vocula

2341 4890 2507 4945 deest
2534 4907 2590 4945 in
2615 4890 2895 4945 Omnibus
2923 4892 3144 4946 nostris
3167 4908 3315 4946 mss.

2414 4964 2525 5031 (75)
2554 4962 2893 5031 Ἐπέχουσαι.
2926 4961 3097 5034 Coisl.
3126 4962 3361 5034 primus
3400 4965 3742 5034 κατέχουσαι.

2546 5036 2622 5112 .Αυὶ
2652 5019 3251 5113 παροικὶαιεΕάἰῐὶὁῑιεξ
3282 5019 3642 5113 Βᾶεῆθθίῖεἱε
3675 5019 3906 5113 secundi!

2341 5109 2398 5160 et
2429 5100 2777 5160 l’arisiensis
2817 5104 3051 5159 addunt
3102 5110 3191 5157 καὶ
3237 5104 3572 5169 ruinam,
3615 5100 3715 5157 sed
3764 5106 3905 5167 τερα-

2342 5181 2531 5246 gnant
2562 5181 2970 5247 septemAmss.
2994 5180 3051 5231 et
3082 5176 3456 5247 antiquiores
3489 5175 3788 5231 editiones.

2414 5248 2526 5317 (77)
2561 5247 2701 5300 Vide
2724 5245 3037 5302 Addenda.

2414 5309 2521 5387 (78)
2558 5321 2848 5391 Κρίνανῖες.
2881 5318 2973 5373 Sic
3027 5316 3195 5373 multi
3243 5314 3488 5373 codices
3520 5332 3662 5373 mss.
3698 5309 3801 5370 Sed
3834 5319 3907 5361 τεο

2342 5387 2635 5463 οθηιὶοιζθε
2655 5387 2902 5463 1Ιᾶβοοι
2930 5394 3209 5463 κρίνοντες.

2414 5458 2744 5586 (ἕωιίῐλθεῖν
2772 5462 2838 5522 ὡς
2872 5444 3105 5517 σέ.ἰιωο
3134 5444 3433 5516 desuntin
3456 5455 3760 5515 codicibus
3783 5444 3905 5506 Med.

2470 5547 2536 5586 ar
2562 5570 2577 5585 .

2341 5536 2399 5590 et
2424 5536 2577 5587 Harl.

3631 9 4028 239 ’Ἰ

4018 2258 4027 2437 Ξ
