4062 6214
231 300 344 352 757

1217 295 1708 352 EPISTOLARUM
1748 297 2025 354 CLASSIS
2061 299 2130 354 ll.
2172 297 2392 355 EPIST.
2435 301 2616 356 CCVI.

3507 299 3612 362 758

233 420 636 494 προσεύχεσθαί
665 436 724 470 σε
773 417 900 491 ὑπὲρ
948 419 1096 491 ἡμῶν
1145 423 1235 470 καὶ
1282 427 1377 480 τῆς
1408 419 1718 480 Ἐκκλησίας
1747 428 1826 472 τοί

1952 421 2053 477 Dei
2088 423 2370 494 preceris,
2403 428 2466 480 ut
2517 423 2807 480 Dominus
2861 422 2962 480 det
3011 423 3188 482 nobis
3245 426 3326 482 ab
3385 428 3613 500 injuria.

235 517 392 564 Θεοῦ·
427 509 514 559 ’ὶνα
539 505 616 578 δῷ
648 511 752 568 ('80)
785 509 908 580 ἡμῖν
940 509 965 558 6
999 511 1183 582 Κύριος
1223 509 1411 581 ἤρεμον
1461 513 1552 561 καὶ
1607 513 1838 581 ἡσύχιον

237 597 354 671 βίον
403 595 650 668 διάγειν,
707 603 798 654 τῆς
850 595 904 646 ἐκ
961 605 1060 647 τῶν
1111 595 1316 669 ἐχθρῶν
1369 605 1458 649 τοῦ
1523 599 1838 670 Εὐαγγελίου

235 687 480 760 ἐπηρείας
513 685 1066 756 ἀπαλλαγέντας(81).
1097 686 1156 738 Εἰ
1195 684 1254 738 δὲ
1305 691 1392 740 καὶ
1441 695 1501 759 τῇ
1540 695 1602 759 σῇ
1637 692 1840 740 συνέσει

236 776 520 830 ἀκόλουθον
573 781 662 826 καὶ
743 774 1023 844 ἀναγκαῖον
1112 780 1482 848 καταφαίνεται
1526 776 1596 838 εἰς
1651 780 1838 828 ταυτὸν

235 867 374 938 ἡμᾶς
429 863 679 924 ἀλλήλους
729 863 908 932 ἐλθεῖν,
934 867 1024 916 καὶ
1061 873 1342 936 συντυχεῖν
1371 869 1462 918 καὶ
1512 873 1618 925 τοῖς
1644 864 1840 926 λοιποῖς

231 955 571 1027 τιμιωτάτοις
609 950 852 1024 ἀδελφοῖς
902 959 1010 1014 τοῖς
1064 957 1157 1011 την
1215 953 1471 1028 παραλίαν
1502 962 1838 1007 κατοικοῦσιν

229 1045 560 1110 ἐπισκόποις,
591 1043 750 1102 αὐτὸς
779 1048 868 1094 καὶ
915 1045 1040 1114 ἡμῖν
1091 1040 1367 1106 ἀπόδειξον
1411 1049 1566 1096 τόπον
1596 1050 1686 1096 καὶ
1715 1065 1838 1097 και-

227 1137 322 1208 ρόν
359 1133 480 1186 καθ’
513 1135 566 1184 ὃν
615 1135 760 1184 ἔσται
797 1138 971 1198 τοῦτο,
1005 1136 1094 1183 καὶ
1143 1139 1254 1194 τοῖς
1312 1129 1551 1206 ἀδελφοῖς
1607 1132 1838 1186 ἐπίστει-

225 1224 336 1286 λον,
395 1224 500 1288 ῖνοι,
552 1220 632 1274 ἐπὶ
679 1224 986 1296 ὡρισμένοις
1042 1221 1414 1284 καταλιπόντες
1479 1225 1695 1286 ἕκαστος
1743 1229 1836 1282 τὴν

224 1311 278 1363 ἐν
309 1316 500 1383 χερσὶν
557 1309 836 1381 ἀσχολίαν,
890 1307 1194 1381 δυνηθῶμεν
1229 1331 1282 1362 τι
1317 1319 1416 1364 τῶν
1448 1312 1518 1373 εἰς
1557 1309 1836 1386 οἰκοδομὴν

221 1408 324 1462 τῆς
355 1398 666 1458 Ἐκκλησίας
704 1407 795 1450 τοῦ
855 1406 991 1451 Θεοῦ
1045 1407 1287 1464 ποιῆσαι,
1356 1405 1446 1452 καὶ
1501 1399 1688 1454 ἀνελεῖν
1746 1406 1836 1464 μὲν

221 1493 316 1550 τὰς
367 1490 420 1552 ἐξ
479 1491 731 1540 ὑπονοιῶν
783 1496 870 1540 νῦν
922 1491 1046 1561 ἡμῖν
1095 1493 1225 1563 πρὸς
1266 1488 1524 1560 ἀλληγους
1576 1491 1837 1562 ἐγγινομέ-

221 1601 314 1640 νας
341 1579 528 1642 λύπας,
563 1587 800 1652 κυρῶσαι
846 1575 1044 1636 δὲτὴν
1111 1578 1340 1650 ἀγάπην,
1384 1578 1445 1641 ἧς
1501 1583 1620 1633 οἱνευ
1681 1581 1830 1641 ἀτελῆ

221 1666 358 1722 εἶναι
403 1670 583 1729 πάσης
631 1667 832 1728 ἐντολῆς
885 1667 1134 1742 ἐργασίαν
1195 1669 1346 1730 αὐτὸς
1393 1671 1517 1742 ἡμῖν
1560 1672 1585 1722 6
1646 1673 1834 1744 Κύριος

223 1756 544 1836 διωρίσατο.

785 1871 1120 1920 ΕΠΙΣΤΟΑΗ
1172 1875 1277 1932 Σς.

1949 511 2336 568 inimicorum
2404 511 2708 583 Evangelii
2772 513 3040 570 liberatis
3109 515 3496 590 tranquillam
3539 536 3612 576 ac

1950 601 2218 674 quietam
2257 601 2444 658 vitam
2493 617 2691 672 agere.
2722 603 2892 668 Quod
2924 603 2972 657 si
3019 608 3076 660 et
3128 609 3244 661 tuae
3275 608 3612 678 prudentiae

1950 695 2426 746 consentaneum
2477 694 2533 748 et
2579 691 2994 747 necessarium
3041 693 3361 764 videbitur,
3420 703 3486 754 ut
3545 699 3612 755 in

1948 795 2140 836 unum
2163 780 2496 847 veniamus,
2531 781 3118 854 congrediamurque
3145 783 3326 842 etiam
3355 801 3497 844 cum
3521 803 3612 844 re-

1945 867 2128 942 liquis
2171 869 2690 925 reverendissimis
2743 869 3028 926 fratribus
3058 873 3500 932 maritimarum
3531 877 3614 934 ci-

1947 959 2204 1014 vitatum
2229 958 2694 1030 episcopis,ipse
2721 959 2900 1015 etiam
2925 959 3105 1015 nobis
3132 961 3385 1032 designa
3405 963 3612 1024 locum

1947 1051 2004 1102 et
2052 1050 2312 1118 tempus,
2340 1063 2462 1120 quo
2517 1047 2646 1103 haec
2688 1045 2852 1114 ﬁent,
2881 1051 2936 1103 et
2973 1049 3167 1104 scribe
3211 1049 3518 1116 fratribus,
3545 1059 3614 1110 ut

1946 1137 2280 1208 praestituto
2328 1141 2594 1209 tempore
2633 1137 3039 1210 relinquentes
3086 1141 3508 1214 unusquisque
3539 1159 3614 1200 ea

1945 1241 2082 1298 quae
2137 1227 2202 1282 in
2257 1226 2540 1282 manibus
2583 1227 2846 1296 negotia,
2897 1227 3203 1300 possimus
3257 1229 3486 1302 aliquid
3531 1232 3614 1288 ad

1945 1317 2406 1372 aedificationem
2452 1317 2728 1374 Ecclesiae
2776 1333 3020 1386 navare,
3045 1334 3117 1374 ac
3147 1317 3352 1376 tollere
3397 1321 3610 1378 insitas

1944 1405 2122 1461 nobis
2155 1421 2316 1460 nunc
2355 1421 2428 1460 ex
2471 1407 2917 1477 suspicionibus
2945 1407 3099 1462 inter
3127 1422 3240 1462 nos
3273 1409 3606 1466 molestias,

1947 1510 2015 1550 ac
2047 1494 2400 1550 charitatcm
2429 1493 2694 1562 ﬁrmare,
2724 1495 2852 1550 sine
2899 1511 3024 1568 qua
3072 1511 3358 1554 mancam
3405 1502 3462 1554 et
3497 1500 3608 1554 im—

1944 1583 2276 1655 perfectam
2323 1599 2455 1638 esse
2486 1583 2750 1654 cujusvis
2797 1585 3080 1658 praecepti
3118 1585 3605 1644 observationem

1943 1674 2072 1744 ipse
2099 1673 2279 1730 nobis
2311 1673 2602 1730 Dominus
2631 1672 2984 1731 declaravit.

2477 1871 2810 1926 EPISTOLA
2851 1870 3056 1928 CCVI'.

219 1974 602 2030 Consolatur
621 1973 952 2044 Elpidium,
973 1975 1204 2040 nepotis
1231 1979 1418 2030 morte
1446 1975 1867 2046 af/lictum,ac,
1881 1979 2188 2044 speratum
2209 1989 2590 2046 congressum
2615 1989 2690 2030 ne
2717 1975 2894 2031 dolor
2921 1976 3284 2049 interpellet,
3295 1977 3598 2035 hortatur.

463 2099 649 2155 Ἐλπιὸ
655 2107 716 2174 ίῳ
743 2101 1012 2172 ἐπισκόπῳ
1040 2102 1148 2173 (82)
1171 2104 1606 2177 παραμυθητικὴ.

303 2225 412 2271 Νῦν
461 2218 696 2290 μάλιστα
745 2227 840 2279 τῆς
885 2225 978 2270 τοῦ
1029 2223 1272 2290 σώματος
1317 2217 1582 2280 ἀσθενείας
1644 2219 1834 2272 αἰσθά-

211 2329 408 2380 νομαι,
448 2310 532 2359 ὅτε
584 2309 685 2382 ὁρῶ
739 2327 830 2378 μοι
889 2315 1138 2359 τοσοῦτον
1193 2303 1590 2379 ἐμποδίζουσαν
1637 2317 1696 2380 τῇ
1739 2316 1833 2370 τῆς

211 2397 422 2468 ψυχῆς
489 2395 722 2468 ὠφελείᾳ.
755 2397 941 2470 Εἰκγάρ
1001 2415 1090 2467 μοι
1145 2399 1277 2447 κατὰ
1348 2404 1465 2448 νοῦν
1492 2397 1605 2468 (85)
1646 2397 1834 2471 ἐχώρει

211 2489 294 2537 τὰ
338 2487 646 2556 πράγματα,
670 2485 763 2536 οὐκ
812 2487 872 2537 οἶν
905 2481 981 2536 δι’
1024 2483 1330 2554 ἐπιστολῶν,
1354 2483 1478 2538 οὐδὲ
1525 2483 1618 2537 διὰ
1662 2491 1832 2558 μέσων

213 2574 510 2649 ὄινῦρώπων
579 2575 1045 2648 προσεφθεγγόμην
1125 2575 1258 2646 ὑμᾶς
1285 2595 1298 2608 ·
1377 2573 1482 2626 ἀλλ’

216 2661 256 2715 δ
267 2664 300 2714 ι’
359 2662 592 2734 ἐμαυτοῦ
629 2669 718 2714 καὶ
777 2667 834 2714 τό
875 2671 970 2723 τῆς
1013 2663 1220 2735 ἀγάπης
1277 2663 1602 2736 ἀπεπλήρουν
1653 2669 1830 2738 χρέος,

1558 2575 1714 2636 αὐτὸς
1771 2577 1832 2627 ἄν

215 2757 315 2804 καὶ
355 2751 572 2823 ἐγγύθεν
627 2751 879 2804 ἀπελαυον
907 2761 998 2805 τοῦ
1056 2760 1408 2825 πνευματικοῦ
1445 2755 1557 2822 (84)
1589 2751 1831 2827 κέρδους.

217 2847 334 2894 Νῦν
373 2838 432 2893 δε
481 2841 620 2892 οὕτω
673 2838 966 2914 διάκειμαι,
1005 2843 1070 2901 ὡς
1105 2840 1391 2913 ἀγαπητῶς
1453 2847 1544 2894 καὶ
1603 2845 1692 2903 τὰς
1745 2851 1834 2903 τῆς

217 2926 488 3002 πατρίδος
523 2935 752 2990 κινήσεις
815 2931 1162 3002 ὑφίστασθαι,
1218 2931 1274 2990 οἷς
1323 2930 1614 3002 ἀναγκαίως
1661 2934 1835 2983 ποιού-

219 3021 358 3090 μεθα
389 3017 822 3090 ἐπισκεπτόμενοι
853 3018 947 3079 τάς
977 3022 1112 3070 κατὰ
1142 3023 1236 3078 τὴν
1293 3025 1474 3091 χώραν
1502 3023 1646 3092 ἡμῶν
1693 3037 1833 3094 παρ-

471 3107 618 3128 ’.κη-ι
695 3111 704 3120 ι

2265 2101 2514 2171 Elpidio
2540 2102 2812 2171 episcopo
2851 2104 3276 2160 consolataria.

2013 2221 2180 2274 Nunc
2209 2219 2474 2276 maxime
2497 2217 2766 2290 corporis
2793 2219 3206 2276 inﬁrmitatem
3237 2221 3602 2290 sentio,cum

1941 2323 2079 2365 eam
2102 2308 2274 2364 video
2305 2309 2450 2364 mihi
2481 2313 2794 2382 tantopere
2815 2309 3056 2365 obstare
3089 2309 3308 2366 animm
3337 2311 3601 2371 utilitati.

1943 2398 2000 2454 Si
2031 2399 2194 2454 enim
2243 2398 2388 2454 mihi
2428 2415 2522 2454 res
2569 2398 2963 2454 succederent
3009 2415 3083 2454 ex
3129 2401 3444 2470 sententia,
3475 2417 3604 2460 non

1939 2501 2050 2542 vos
2079 2502 2186 2557 per
2215 2486 2666 2559 litteras,neque
2688 2503 2796 2560 per
2813 2487 3215 2544 internuntios
3242 2487 3599 2562 alloquerer,

1943 2576 2050 2630 sed
2078 2575 2208 2647 ipse
2232 2591 2342 2647 per
2359 2591 2458 2631 me
2483 2580 2540 2630 et
2565 2576 2873 2632 charitatis
2897 2578 3274 2634 exsolverem
3301 2579 3599 2648 debitum,

1943 2668 2000 2720 et
2020 2664 2296 2720 cominus
2317 2664 2654 2736 perfruerer
2681 2665 2974 2737 spirituali
3000 2666 3602 2728 emolumento.Nnnc

1942 2757 2144 2809 autem
2165 2752 2247 2809 ita
2274 2769 2372 2808 me
2397 2753 2690 2823 habeo,ut
2705 2753 2992 2825 praeclare
3017 2771 3258 2811 mecum
3279 2757 3376 2826 agi
3393 2761 3602 2829 putem

1945 2843 1996 2897 si
2023 2841 2118 2896 vel
2143 2841 2204 2897 in
2233 2842 2430 2914 patria
2467 2845 2667 2898 motus
2688 2843 2981 2898 sustinere
3005 2844 3430 2917 possim,quos
3453 2847 3603 2904 mihi

1941 2946 2190 2986 necesse
2231 2937 2320 2986 est
2347 2937 2567 2986 nostrae
2597 2931 2879 3004 parmciaa
2907 2947 3100 3004 pagos
3123 2933 3391 2990 visitanti
3419 2935 3602 2992 susci-

1943 3035 2102 3092 pere.
2137 3020 2251 3076 Sed
2281 3025 2339 3076 et
2367 3020 2540 3076 vobis
2571 3021 2862 3076 Dominus
2905 3020 3092 3077 robur
3129 3025 3186 3077 et
3233 3022 3605 3082 alacritatem

219 3113 414 3168 οικίας.
471 3107 630 3160 Ἀ).λά
683 3110 960 3182 παράσχοι
1014 3109 1040 3158 ό
1095 3111 1284 3183 Κύριος
1343 3113 1435 3160 καὶ
1492 3111 1611 3181 ὑμῖν
1673 3109 1826 3181 ἰσχὺν

1943 3114 2001 3164 et
2028 3109 2175 3164 mihi
2203 3114 2420 3180 praeter
2467 3108 2757 3178 studium,
2789 3109 2958 3181 quod
3001 3126 3162 3165 nunc
3187 3111 3366 3183 309
3403 3111 3602 3169 habeo

219 3203 310 3248 καὶ
368 3197 712 3271 προθυμίαν,
762 3201 849 3248 καὶ
904 3195 1018 3269 ἐμοὶ
1053 3200 1184 3269 πρὸς
1237 3206 1298 3256 τῆ
1358 3195 1565 3270 σπουδῇ
1620 3202 1724 3268 (85)
1770 3199 1830 3256 ἢν

219 3290 332 3357 ἔχω
360 3293 471 3336 νῦν
505 3291 598 3336 καί
635 3282 878 3358 δύναμιν,
910 3288 1064 3353 ὥστε,
1096 3289 1271 3348 καθὼς
1316 3287 1644 3361 παρεκάλεσα
1675 3287 1830 3358 ὑμᾶς,

217 3376 743 3447 πραγματεύσασθαι
793 3377 919 3446 ἡμῖν
999 3379 1092 3432 τήν
1165 3375 1454 3427 ἀπόλαυσιν
1484 3419 1498 3444 ,
1549 3381 1831 3447 γενομένοις

221 3462 304 3514 ἐπὶ
350 3472 450 3524 τῆς
489 3470 791 3535 Κομανικῆς
845 3463 1061 3539 ἐνορίας.
1120 3463 1386 3536 Φοϐοῦμαι
1453 3461 1511 3516 dii
1563 3469 1680 3537 περὶ
1735 3473 1830 3524 τῆς

225 3559 327 3611 σῆς
363 3558 725 3622 κοσμιότητος,
759 3557 938 3624 μήπου
992 3573 1078 3605 σοι
1124 3551 1374 3626 ἐμπόδιον
1415 3555 1677 3624 γένηταιή
1711 3559 1828 3626 περὶ

227 3649 332 3690 τῶν
381 3640 573 3693 οἰκείων
627 3641 790 3699 λύπη.
846 3646 944 3696 Καὶ
993 3645 1090 3717 γὰρ
1149 3645 1360 3714 ἔμαθον,
1413 3645 1493 3694 ὅτι
1539 3661 1596 3694 σε
1652 3642 1828 3713 ἕθλιψε

217 3725 444 3781 παιδίου
506 3731 736 3788 τελευτή·
787 3731 846 3782 οὗ
893 3736 978 3789 τὴν
1035 3736 1302 3805 στέρησιν,
1345 3733 1413 3793 ὡς
1462 3733 1552 3803 μὲν
1605 3733 1823 3802 πάππῳ,

214 3817 456 3891 λυπηρὰν
497 3821 630 3880 εἰκὸς
669 3821 818 3872 εἶναι.
877 3823 940 3880 ὡς
989 3817 1048 3872 δὲ
1085 3817 1240 3894 ἀνδρὶ
1277 3824 1408 3893 πρὸς
1437 3829 1685 3872 τοσοῦτον
1716 3817 1822 3878 ἤδη

217 3903 564 3966 διαϐεϐηκότι
613 3917 705 3969 τῆς
763 3909 966 3982 ἀρετῆς,
990 3914 1080 3961 καὶ
1119 3909 1440 3982 ἐπισταμένῳ
1483 3917 1583 3962 τῶν
1632 3909 1826 3984 ἀνορωο

213 4001 377 4048 πίνων
427 4003 520 4055 τὴν
548 4001 705 4070 φύσιν
736 3998 792 4050 ἐκ
821 4007 916 4060 τῆς
971 4001 1106 4050 κατά
1164 4002 1249 4050 τόν
1293 4005 1484 4070 χρόνον
1533 3998 1822 4074 ἐμπειρίας,

215 4091 308 4136 καὶ
345 4085 402 4136 ἐκ
454 4095 549 4148 τῆς
599 4095 958 4160 πνευματικῆς
1011 4083 1386 4156 διδασκαλίας,
1410 4086 1688 4140 ἀκόλουθον
1749 4093 1820 4160 μὴ

211 4179 386 4234 πάντη
445 4173 710 4250 δύσφορον
783 4175 912 4229 εἶναι
977 4186 1078 4230 τῶν
1135 4178 1460 4230 οἰκειοτάτων
1515 4181 1603 4230 τὸν
1658 4199 1822 4251 χωρι-

213 4271 368 4335 σμόν.
431 4273 534 4320 Καὶ
581 4269 682 4339 γὰρ
737 4267 797 4318 οὐ
847 4269 916 4330 τὰ
964 4267 1098 4320 αὐτά
1173 4265 1386 4318 ἀπαιτεῖ
1437 4269 1572 4338 ἡμᾶς
1624 4286 1678 4319 τε
1733 4272 1822 4320 καὶ

207 4361 336 4416 τοὺς
385 4361 656 4426 τυχόντας
701 4365 800 4407 τῶν
851 4355 1130 4430 ἀνθρώπων
1159 4357 1184 4407 6
1217 4359 1426 4428 Κύριος.
1461 4359 1526 4408 Οἱ
1577 4359 1668 4428 μὲν
1721 4360 1820 4430 γὰρ

1941 3197 2234 3268 largiatur
2264 3203 2321 3253 et
2345 3199 2524 3260 vires,
2557 3203 2642 3266 ut,
2675 3199 3199 3270 quemadmodum
3229 3217 3334 3256 vos
3367 3202 3596 3271 rogavi,

1941 3287 2046 3343 ﬂat
2071 3287 2216 3342 mihi
2249 3287 2426 3359 copia
2451 3287 2628 3343 vobis
2652 3287 2911 3354 fruendi,
2945 3303 3086 3344 cum
3114 3289 3176 3346 in
3205 3289 3358 3346 ﬁnes
3387 3291 3602 3348 Coma-

1941 3376 2110 3431 nicos
2139 3391 2382 3431 venero.
2407 3379 2600 3432 Metuo
2620 3381 2822 3432 autem
2845 3380 2960 3432 tuae
2979 3376 3275 3450 dignitati,
3303 3394 3379 3435 ne
3400 3384 3454 3436 te
3484 3379 3601 3437 do-

1939 3465 2224 3520 mesticus
2252 3465 2426 3520 dolor
2449 3465 2993 3537 interpellet.Didici
3021 3481 3288 3540 namque
3309 3467 3600 3527 aﬂlictum

1939 3557 1994 3611 te
2025 3554 2212 3609 fuisse
2269 3553 2434 3610 ﬁlioli
2488 3553 2964 3626 interituzcujus
3011 3555 3336 3625 jacturam,
3363 3563 3430 3614 ut
3456 3573 3596 3623 avo,

1938 3643 2260 3700 molestam
2291 3643 2539 3716 quidem
2570 3659 2701 3700 esse
2731 3659 2842 3716 par
2859 3649 2986 3712 est;
3022 3645 3132 3700 sed
3153 3649 3219 3702 ut
3237 3646 3368 3703 viro
3397 3651 3596 3706 tantos

1932 3734 2061 3804 jam
2111 3733 2172 3788 in
2201 3733 2417 3788 virtute
2465 3749 2828 3805 progressus
2858 3732 3100 3806 adepto,
3131 3739 3188 3790 et
3215 3741 3594 3807 perspectam

1935 3821 2182 3878 babenti
2211 3837 2413 3876 rerum
2443 3821 2846 3878 humanarum
2881 3826 3163 3878 naturam
3192 3827 3320 3878 tum
3347 3839 3414 3878 ex
3446 3828 3594 3880 tem-

1935 3911 2096 3984 poris
2125 3912 2514 3983 experientia,
2541 3917 2668 3967 tum
2693 3929 2766 3968 ex
2798 3912 3092 3984 spirituali
3121 3913 3416 3983 doctrina,
3447 3931 3594 3972 con-

1935 4005 2291 4056 sentaneum
2325 4005 2413 4056 est
2440 4000 2880 4058 intolerabilem
2905 4017 3025 4058 non
3056 4017 3186 4058 esse
3207 4003 3593 4076 propinquis-

1934 4091 2228 4146 simorum
2271 4089 2762 4160 disjunctionem.
2791 4093 2918 4146 Non
2959 4091 3122 4146 enim
3163 4089 3324 4147 idem
3350 4107 3387 4148 a
3412 4092 3590 4150 nobis

1931 4180 2221 4235 Dominus
2246 4179 2534 4251 exposcit,
2565 4181 2730 4252 quod
2757 4197 2793 4236 a
2821 4180 3193 4252 quibuslibet
3213 4181 3585 4240 hominibus.

1933 4269 1996 4323 Hi
2055 4268 2214 4323 enim
2260 4268 2473 4324 vivunt
2513 4284 2586 4324 ex
2633 4269 3068 4325 consuetudine
3100 4287 3114 4324 :
3145 4269 3323 4326 nobis
3381 4275 3586 4328 autem

1928 4357 2173 4414 vivendi
2209 4357 2440 4428 regula,
2479 4358 2714 4414 Domini
2759 4364 3134 4430 praeceptum
3186 4375 3256 4415 ac
3284 4361 3586 4432 praeterita

210 4445 472 4516 συνηθείᾳ
519 4445 720 4514 ζὼσινς
776 4447 926 4517 ἡμεῖς
977 4442 1035 4497 δὲ
1083 4449 1258 4496 κανόνι
1302 4453 1400 4504 τῆς
1449 4443 1711 4506 πολιτείας

1940 4445 2245 4502 beatorum
2283 4447 2550 4502 virorum
2599 4446 2898 4518 exempla,
2930 4463 3192 4519 quorum
3221 4448 3582 4517 magnitudo

209 4529 390 4604 ἐντολῇ
443 4541 534 4585 τοῦ
593 4539 787 4609 Κυρίου
845 4535 1172 4607 κεχρήμεθα,
1211 4538 1300 4585 καὶ
1349 4541 1452 4594 τοῖς
1497 4533 1818 4606 προλαϐοῦσι

281 4677 402 4744 (80)
573 4677 852 4733 Nonnulli
875 4694 1018 4734 mss.
1055 4674 1193 4749 ὃῴη.

283 4750 410 4815 (81)
451 4747 995 4832 ’ςξπαὶὶαγένταςκῐῐᾶ
1233 4753 1306 4832 et_
1336 4749 1490 4832 Harl.
1516 4765 1650 4832 quae
1689 4751 1820 4832 qui-

209 4815 352 4872 dem
389 4815 700 4890 scriptura'
721 4821 942 4876 Basilio
963 4821 1180 4876 usitata
1198 4825 1254 4875 et
1283 4815 1617 4888 familiaris,
1651 4815 1752 4876 sed
1782 4837 1818 4877 a

207 4889 646 4946 recentioribus
689 4890 946 4948 librariis
1003 4892 1239 4947 videtur
1264 4891 1445 4946 fuisse
1474 4897 1706 4948 mutata
1755 4893 1816 4948 in

213 4959 612 5030 ἀπαλλαγεῖσιν,
649 4967 712 5017 ut
740 4963 965 5018 habent
989 4963 1154 5018 editi.

283 5035 402 5106 (82]
445 5030 701 5106 Ἐλπιὸίῳ
735 5032 1023 5106 ἐπισκόπῳ.
1057 5033 1487 5106 Hunctitulum
1525 5033 1814 5106 sicrrepo-

213 5103 474 5176 suimus.
515 5105 750 5176 quiarin
784 5103 982 5159 tribus.
1019 5105 1452 5176 antiquissimis
1506 5103 1814 5160 codicibus

213 5169 432 5248 legitur
460 5169 581 5248 :TQ}
611 5175 750 5244 αὐτῷ
780 5169 1214 5248 παραμυθητικῇ
1251 5177 1456 5248 Eidem
1488 5177 1815 5248 consolato-

213 5247 302 5318 riri
351 5245 936 5318 Prieceditautem'in
961 5248 1051 5302 his
1079 5247 1388 5303 codicibus
1428 5247 1680 5318 epistola
1711 5252 1812 5302 205

219 5315 287 5390 ad
309 5317 590 5390 eumdem
613 5317 1390 5390 Elpidiu1n.iitecstepiscopi
1414 5315 1528 5390 vox
1545 5319 1602 5371 in
1615 5319 1808 5372 editis.

219 5387 288 5440 At
309 5387 372 5439 in
400 5387 709 5444 codicibus
729 5391 855 5445 Vat.
875 5395 931 5443 et
955 5387 1295 5456 Begprimo
1313 5389 1526 5456 legitur
1549 5395 1807 5444 tantum:

221 5461 658 5532 negauerim-me,
691 5461 917 5532 omisso
967 5459 1174 5532 Elpidii
1205 5461 1468 5532 nomine.
1503 5464 1563 5514 ln
1607 5459 1812 5532 codice

223 5527 408 5606 Begio
437 5529 700 5606 secundo
723 5527 1108 5606 Ιθξὶὶιιιχὲτέρςρ
1141 5533 1295 5606 epeia:
1325 5530 1407 5606 ἐπὶ
1440 5529 1649 5602 ἐκγόνου
1681 5530 1810 5606 ἀπο-

223 5596 370 5668 ϐολῇ,
397 5605 451 5654 et
469 5601 524 5656 in
545 5602 752 5658 codice
775 5596 1118 5658 Parisiensi's
1143 5596 1416 5658 Ecclesiae
1447 5621 1458 5658 :
1497 5596 1811 5675 ΙἸαραμυθη-

1929 4537 2115 4592 animi
2139 4535 2408 4592 adversis
2437 4537 2812 4608 temporibus
2838 4537 3103 4593 maxime
3134 4535 3440 4594 declarata
3469 4543 3580 4596 est.

1926 4684 2044 4736 τικη
2078 4697 2180 4730 τινι
2217 4677 2300 4730 ἐπὶ
2343 4677 2552 4749 ἐκγόνου
2599 4677 2850 4750 ἀποϐολῇ
2887 4677 3140 4736 Cuidam
3173 4681 3580 4738 consolatoria

1926 4749 1994 4805 ob
2017 4755 2262 4805 mortem
2289 4750 2537 4818 nepotis.
2567 4751 2781 4804 Praeter
2802 4749 3216 4806 auctoritatem
3248 4751 3579 4807 vetustissi-

1927 4836 2166 4894 morum
2213 4820 2520 4894 codicum,_
2541 4823 2707 4894 tanta
2754 4825 2840 4894 est
2869 4821 3253 4894 necessitudo
3281 4823 3422 4879 huic
3451 4823 3577 4894 epi-

1927 4891 2092 4966 stolae
2123 4907 2265 4966 cum
2289 4891 2672 4966 praecedenti,
2693 4895 2758 4946 ut
2780 4891 3036 4966 dubium
3057 4908 3344 4966 essenon
3365 4891 3574 4966 possit,

1923 4963 2070 5035 quin
2101 4961 2178 5016 ad
2209 4960 2506 5030 Elpidium
2537 4961 3133 5035 episcopumscri‘pta
3161 4965 3254 5021 sit.

2155 5035 2298 5084 Κατὰ
2327 5039 2470 5084 νοῦν.
2506 5033 2666 5108 Harl.
2691 5035 2854 5108 ,κατ-ἀ,
2875 5034 3016 5108 ῥοῦν.

1925 5175 1934 5186 ι
1997 5107 2106 5174 (84)
2148 5109 2524 5174 Πνευματικοῡ.
2555 5103 2704 5159 Editi
2737 5103 2973 5161 addunt
2999 5109 3184 5159 τούτου
3213 5105 3382 5178 quod
3405 5105 3575 5162 deest

1921 5191 1981 5230 ΙΙΙ
2009 5191 2110 5230 58X
2143 5191 2290 5228 mss.

1993 5249 2106 5314 (85)
2139 5249 2276 5318 n96;
2313 5253 2375 5318 τῇ
2405 5241 2638 5318 σπουδῇ.
2674 5245 2760 5318 ita
2781 5251 2900 5302 tres
2927 5247 3312 5318 vetustissimi
3333 5245 3572 5318 codices

1921 5333 2058 5372 cum
2096 5315 2370 5390 pluribus
2412 5315 2765 5390 Laliis.’lﬂditi
2807 5323 2933 5390 πρὸς
2962 5325 3054 5378 τὴν
3087 5316 3348 5376 σπουδὴν.
3388 5315 3571 5373 Paulo

1921 5395 2056 5460 post
2115 5387 2527 5462 iidemﬁeditiA
2561 5387 3070 5462 πραγματεῦσασθαι
3126 5393 3246 5462 ὑμῖν
3277 5431 3290 5446 .
3343 5391 3572 5462 Novem

1920 5457 2066 5514 mss.
2119 5461 2243 5530 ἡμῖν
2303 5459 2566 5517 Subinde
2601 5457 2716 5516 'se'x'
2745 5477 2892 5516 mss.
2913 5467 2985 5534 μή
3025 5481 3125 5514 που
3159 5457 3271 5514 ’σοι
3316 5457 3466 5516 Editi
3493 5465 3564 5531 μή

1919 5549 2024 5590 πως
2055 5549 2158 5581 σοι.

1992 5603 2008 5622 '
2040 5601 2199 5658 Alias
2231 5601 2588 5660 CCCXLVHI.
2619 5601 2848 5678 Scripta
2877 5616 3038 5658 anno
3067 5603 3192 5658 375.
