  <div class='ocr_page' id='page_1' title='image "/cluster/home/n/w/nwhite01/storage/ocr_20150623/32/hvd.32044048207401/385.png"; bbox 0 0 4062 6214; ppageno 0'>
   <div class='ocr_carea' id='block_1_1' title="bbox 510 280 615 334">
    <p class='ocr_par' dir='ltr' id='par_1_1' title="bbox 510 280 615 334">
     <span class='ocr_line' id='line_1_1' title="bbox 510 280 615 334; baseline 0.01 -1"><span class='ocrx_word' id='word_1_1' title='bbox 510 280 615 334; x_wconf 83' lang='lat'>759</span> 
     </span>
    </p>
   </div>
   <div class='ocr_carea' id='block_1_2' title="bbox 3650 88 3923 119">
    <p class='ocr_par' dir='ltr' id='par_1_2' title="bbox 3650 88 3923 119">
     <span class='ocr_line' id='line_1_2' title="bbox 3650 88 3923 119; baseline 0 0"><span class='ocrx_word' id='word_1_2' title='bbox 3650 88 3923 119; x_wconf 41' lang='lat' dir='ltr'>W’</span> 
     </span>
    </p>
   </div>
   <div class='ocr_carea' id='block_1_3' title="bbox 1864 271 3800 337">
    <p class='ocr_par' dir='ltr' id='par_1_3' title="bbox 1864 271 3800 337">
     <span class='ocr_line' id='line_1_3' title="bbox 1864 271 3800 337; baseline 0.003 -6"><span class='ocrx_word' id='word_1_3' title='bbox 1864 274 1921 331; x_wconf 90' lang='lat' dir='ltr'>S.</span> <span class='ocrx_word' id='word_1_4' title='bbox 1965 273 2211 330; x_wconf 79' lang='lat' dir='ltr'>BASILII</span> <span class='ocrx_word' id='word_1_5' title='bbox 2249 271 2499 333; x_wconf 77' lang='lat' dir='ltr'><strong>MAGNI.</strong></span> <span class='ocrx_word' id='word_1_6' title='bbox 3716 284 3800 337; x_wconf 79' lang='lat'>760</span> 
     </span>
    </p>
   </div>
   <div class='ocr_carea' id='block_1_4' title="bbox 514 391 2173 477">
    <p class='ocr_par' dir='ltr' id='par_1_4' title="bbox 514 396 2171 472">
     <span class='ocr_line' id='line_1_4' title="bbox 514 396 2171 472; baseline -0.003 -13"><span class='ocrx_word' id='word_1_7' title='bbox 514 403 585 459; x_wconf 88' lang='lat' dir='ltr'>Ut</span> <span class='ocrx_word' id='word_1_8' title='bbox 612 401 795 472; x_wconf 83' lang='lat' dir='ltr'>igitur</span> <span class='ocrx_word' id='word_1_9' title='bbox 843 404 899 455; x_wconf 89' lang='lat' dir='ltr'>et</span> <span class='ocrx_word' id='word_1_10' title='bbox 948 399 1075 471; x_wconf 89' lang='lat' dir='ltr'>ipse</span> <span class='ocrx_word' id='word_1_11' title='bbox 1128 398 1490 456; x_wconf 82' lang='lat' dir='ltr'>fortitudinis</span> <span class='ocrx_word' id='word_1_12' title='bbox 1520 414 1590 456; x_wconf 89' lang='lat' dir='ltr'>ac</span> <span class='ocrx_word' id='word_1_13' title='bbox 1635 413 1791 453; x_wconf 69' lang='lat' dir='ltr'>verte</span> <span class='ocrx_word' id='word_1_14' title='bbox 1818 396 1897 453; x_wconf 92' lang='lat' dir='ltr'>ob</span> <span class='ocrx_word' id='word_1_15' title='bbox 1929 403 2171 469; x_wconf 87' lang='lat' dir='ltr'>sperata</span> 
     </span>
    </p>
   </div>
   <div class='ocr_carea' id='block_1_5' title="bbox 2281 391 3806 477">
    <p class='ocr_par' dir='ltr' id='par_1_5' title="bbox 2281 391 3806 473">
     <span class='ocr_line' id='line_1_5' title="bbox 2281 391 3806 473; baseline -0.004 -22"><span class='ocrx_word' id='word_1_16' title='bbox 2281 407 2380 451; x_wconf 88' lang='grc' dir='ltr'>τῶν</span> <span class='ocrx_word' id='word_1_17' title='bbox 2430 399 2701 470; x_wconf 79' lang='grc' dir='ltr'>μακαρίων</span> <span class='ocrx_word' id='word_1_18' title='bbox 2753 391 2954 469; x_wconf 78' lang='grc' dir='ltr'>ἀνδρῶν</span> <span class='ocrx_word' id='word_1_19' title='bbox 3020 391 3435 467; x_wconf 84' lang='grc' dir='ltr'>ὑποδείγμασιν,</span> <span class='ocrx_word' id='word_1_20' title='bbox 3483 396 3543 447; x_wconf 84' lang='grc' dir='ltr'>ὧν</span> <span class='ocrx_word' id='word_1_21' title='bbox 3586 401 3637 451; x_wconf 81' lang='grc' dir='ltr'>τὸ</span> <span class='ocrx_word' id='word_1_22' title='bbox 3678 422 3806 473; x_wconf 67' lang='grc' dir='ltr'>μεγα.</span> 
     </span>
    </p>
   </div>
   <div class='ocr_carea' id='block_1_6' title="bbox 514 486 2172 560">
    <p class='ocr_par' dir='ltr' id='par_1_6' title="bbox 514 486 2172 560">
     <span class='ocr_line' id='line_1_6' title="bbox 514 486 2172 560; baseline -0.003 -13"><span class='ocrx_word' id='word_1_23' title='bbox 514 491 682 547; x_wconf 88' lang='lat' dir='ltr'>bona</span> <span class='ocrx_word' id='word_1_24' title='bbox 703 490 887 545; x_wconf 89' lang='lat' dir='ltr'>animi</span> <span class='ocrx_word' id='word_1_25' title='bbox 911 488 1241 544; x_wconf 75' lang='lat' dir='ltr'>affectionis</span> <span class='ocrx_word' id='word_1_26' title='bbox 1263 488 1608 560; x_wconf 80' lang='lat' dir='ltr'>exemplum</span> <span class='ocrx_word' id='word_1_27' title='bbox 1629 487 1975 544; x_wconf 87' lang='lat' dir='ltr'>hominibus</span> <span class='ocrx_word' id='word_1_28' title='bbox 1999 486 2172 542; x_wconf 90' lang='lat' dir='ltr'>relin-</span> 
     </span>
    </p>
   </div>
   <div class='ocr_carea' id='block_1_7' title="bbox 513 576 2171 652">
    <p class='ocr_par' dir='ltr' id='par_1_7' title="bbox 513 576 2171 652">
     <span class='ocr_line' id='line_1_7' title="bbox 513 576 2171 652; baseline -0.001 -17"><span class='ocrx_word' id='word_1_29' title='bbox 513 596 696 652; x_wconf 85' lang='lat' dir='ltr'>quas,</span> <span class='ocrx_word' id='word_1_30' title='bbox 738 579 1028 633; x_wconf 84' lang='lat' dir='ltr'>invictum</span> <span class='ocrx_word' id='word_1_31' title='bbox 1086 582 1139 633; x_wconf 88' lang='lat' dir='ltr'>te</span> <span class='ocrx_word' id='word_1_32' title='bbox 1190 594 1226 633; x_wconf 93' lang='lat' dir='ltr'>a</span> <span class='ocrx_word' id='word_1_33' title='bbox 1282 578 1489 633; x_wconf 91' lang='lat' dir='ltr'>dolore</span> <span class='ocrx_word' id='word_1_34' title='bbox 1542 592 1613 632; x_wconf 91' lang='lat' dir='ltr'>ac</span> <span class='ocrx_word' id='word_1_35' title='bbox 1668 577 1937 632; x_wconf 87' lang='lat' dir='ltr'>molestis</span> <span class='ocrx_word' id='word_1_36' title='bbox 1987 576 2171 633; x_wconf 89' lang='lat' dir='ltr'>rebus</span> 
     </span>
    </p>
   </div>
   <div class='ocr_carea' id='block_1_8' title="bbox 513 666 2168 739">
    <p class='ocr_par' dir='ltr' id='par_1_8' title="bbox 513 666 2168 739">
     <span class='ocr_line' id='line_1_8' title="bbox 513 666 2168 739; baseline -0.002 -14"><span class='ocrx_word' id='word_1_37' title='bbox 513 669 904 725; x_wconf 81' lang='lat' dir='ltr'>excelsiorem</span> <span class='ocrx_word' id='word_1_38' title='bbox 964 667 1201 736; x_wconf 80' lang='lat' dir='ltr'>exhibe,</span> <span class='ocrx_word' id='word_1_39' title='bbox 1242 668 1476 739; x_wconf 88' lang='lat' dir='ltr'>patiens</span> <span class='ocrx_word' id='word_1_40' title='bbox 1540 667 1601 723; x_wconf 88' lang='lat' dir='ltr'>in</span> <span class='ocrx_word' id='word_1_41' title='bbox 1662 666 2002 732; x_wconf 88' lang='lat' dir='ltr'>afﬂictione,</span> <span class='ocrx_word' id='word_1_42' title='bbox 2064 681 2168 738; x_wconf 88' lang='lat' dir='ltr'>spe</span> 
     </span>
    </p>
   </div>
   <div class='ocr_carea' id='block_1_9' title="bbox 511 754 2168 829">
    <p class='ocr_par' dir='ltr' id='par_1_9' title="bbox 511 754 2168 829">
     <span class='ocr_line' id='line_1_9' title="bbox 511 754 2168 829; baseline -0.003 -14"><span class='ocrx_word' id='word_1_43' title='bbox 511 758 707 815; x_wconf 80' lang='lat' dir='ltr'>laetus.</span> <span class='ocrx_word' id='word_1_44' title='bbox 734 758 960 814; x_wconf 86' lang='lat' dir='ltr'>Horum</span> <span class='ocrx_word' id='word_1_45' title='bbox 1004 758 1206 829; x_wconf 84' lang='lat' dir='ltr'>itaque</span> <span class='ocrx_word' id='word_1_46' title='bbox 1262 755 1410 811; x_wconf 88' lang='lat' dir='ltr'>nihil</span> <span class='ocrx_word' id='word_1_47' title='bbox 1458 760 1765 827; x_wconf 87' lang='lat' dir='ltr'>speratum</span> <span class='ocrx_word' id='word_1_48' title='bbox 1822 754 1999 811; x_wconf 88' lang='lat' dir='ltr'>nobis</span> <span class='ocrx_word' id='word_1_49' title='bbox 2025 770 2168 811; x_wconf 85' lang='lat' dir='ltr'>con-</span> 
     </span>
    </p>
   </div>
   <div class='ocr_carea' id='block_1_10' title="bbox 515 844 2172 918">
    <p class='ocr_par' dir='ltr' id='par_1_10' title="bbox 515 844 2172 918">
     <span class='ocr_line' id='line_1_10' title="bbox 515 844 2172 918; baseline -0.002 -15"><span class='ocrx_word' id='word_1_50' title='bbox 515 863 790 918; x_wconf 82' lang='lat' dir='ltr'>gressum</span> <span class='ocrx_word' id='word_1_51' title='bbox 844 845 1149 917; x_wconf 86' lang='lat' dir='ltr'>impediat.</span> <span class='ocrx_word' id='word_1_52' title='bbox 1196 844 1529 901; x_wconf 86' lang='lat' dir='ltr'>Infantibus</span> <span class='ocrx_word' id='word_1_53' title='bbox 1584 860 1851 917; x_wconf 87' lang='lat' dir='ltr'>namque</span> <span class='ocrx_word' id='word_1_54' title='bbox 1895 844 2038 899; x_wconf 86' lang='lat' dir='ltr'>satis</span> <span class='ocrx_word' id='word_1_55' title='bbox 2083 847 2172 900; x_wconf 91' lang='lat' dir='ltr'>est</span> 
     </span>
    </p>
   </div>
   <div class='ocr_carea' id='block_1_11' title="bbox 515 932 2171 1005">
    <p class='ocr_par' dir='ltr' id='par_1_11' title="bbox 515 932 2171 1005">
     <span class='ocr_line' id='line_1_11' title="bbox 515 932 2171 1005; baseline -0.003 -14"><span class='ocrx_word' id='word_1_56' title='bbox 515 940 661 991; x_wconf 66' lang='lat' dir='ltr'>astas</span> <span class='ocrx_word' id='word_1_57' title='bbox 697 940 759 991; x_wconf 92' lang='lat' dir='ltr'>ut</span> <span class='ocrx_word' id='word_1_58' title='bbox 788 934 1077 1005; x_wconf 89' lang='lat' dir='ltr'>inculpati</span> <span class='ocrx_word' id='word_1_59' title='bbox 1107 934 1222 989; x_wconf 89' lang='lat' dir='ltr'>sint</span> <span class='ocrx_word' id='word_1_60' title='bbox 1254 950 1267 988; x_wconf 93' lang='lat'><strong>:</strong></span> <span class='ocrx_word' id='word_1_61' title='bbox 1300 950 1413 989; x_wconf 90' lang='lat' dir='ltr'>nos</span> <span class='ocrx_word' id='word_1_62' title='bbox 1456 936 1656 989; x_wconf 90' lang='lat' dir='ltr'>autem</span> <span class='ocrx_word' id='word_1_63' title='bbox 1700 932 1993 988; x_wconf 89' lang='lat' dir='ltr'>debemus</span> <span class='ocrx_word' id='word_1_64' title='bbox 2020 948 2171 1004; x_wconf 73' lang='lat' dir='ltr'>prae-</span> 
     </span>
    </p>
   </div>
   <div class='ocr_carea' id='block_1_12' title="bbox 516 1022 2169 1095">
    <p class='ocr_par' dir='ltr' id='par_1_12' title="bbox 516 1022 2169 1095">
     <span class='ocr_line' id='line_1_12' title="bbox 516 1022 2169 1095; baseline -0.002 -15"><span class='ocrx_word' id='word_1_65' title='bbox 516 1024 738 1095; x_wconf 90' lang='lat' dir='ltr'>scripta</span> <span class='ocrx_word' id='word_1_66' title='bbox 782 1023 959 1078; x_wconf 93' lang='lat' dir='ltr'>nobis</span> <span class='ocrx_word' id='word_1_67' title='bbox 1002 1023 1330 1079; x_wconf 87' lang='lat' dir='ltr'>ministeria</span> <span class='ocrx_word' id='word_1_68' title='bbox 1359 1023 1615 1078; x_wconf 90' lang='lat' dir='ltr'>Domino</span> <span class='ocrx_word' id='word_1_69' title='bbox 1664 1022 1963 1088; x_wconf 83' lang='lat' dir='ltr'>exhibere,</span> <span class='ocrx_word' id='word_1_70' title='bbox 1989 1026 2169 1093; x_wconf 90' lang='lat' dir='ltr'>atque</span> 
     </span>
    </p>
   </div>
   <div class='ocr_carea' id='block_1_13' title="bbox 514 1110 2171 1184">
    <p class='ocr_par' dir='ltr' id='par_1_13' title="bbox 514 1110 2171 1184">
     <span class='ocr_line' id='line_1_13' title="bbox 514 1110 2171 1184; baseline -0.001 -16"><span class='ocrx_word' id='word_1_71' title='bbox 514 1114 577 1168; x_wconf 90' lang='lat' dir='ltr'>in</span> <span class='ocrx_word' id='word_1_72' title='bbox 599 1112 883 1168; x_wconf 88' lang='lat' dir='ltr'>omnibus</span> <span class='ocrx_word' id='word_1_73' title='bbox 914 1112 1109 1184; x_wconf 82' lang='lat' dir='ltr'>parati</span> <span class='ocrx_word' id='word_1_74' title='bbox 1140 1115 1196 1167; x_wconf 91' lang='lat' dir='ltr'>et</span> <span class='ocrx_word' id='word_1_75' title='bbox 1223 1111 1483 1183; x_wconf 84' lang='lat' dir='ltr'>expediti</span> <span class='ocrx_word' id='word_1_76' title='bbox 1513 1127 1644 1166; x_wconf 90' lang='lat' dir='ltr'>esse</span> <span class='ocrx_word' id='word_1_77' title='bbox 1669 1111 1747 1165; x_wconf 91' lang='lat' dir='ltr'>ad</span> <span class='ocrx_word' id='word_1_78' title='bbox 1778 1110 2171 1166; x_wconf 86' lang='lat' dir='ltr'>Ecclesiarum</span> 
     </span>
    </p>
   </div>
   <div class='ocr_carea' id='block_1_14' title="bbox 517 1199 2172 1273">
    <p class='ocr_par' dir='ltr' id='par_1_14' title="bbox 517 1199 2172 1273">
     <span class='ocr_line' id='line_1_14' title="bbox 517 1199 2172 1273; baseline -0.002 -16"><span class='ocrx_word' id='word_1_79' title='bbox 517 1201 1124 1269; x_wconf 87' lang='lat' dir='ltr'>administrationem,</span> <span class='ocrx_word' id='word_1_80' title='bbox 1148 1201 1319 1271; x_wconf 89' lang='lat' dir='ltr'>cujus</span> <span class='ocrx_word' id='word_1_81' title='bbox 1362 1215 1586 1267; x_wconf 83' lang='lat' dir='ltr'>magna</span> <span class='ocrx_word' id='word_1_82' title='bbox 1617 1200 1867 1273; x_wconf 65' lang='lat' dir='ltr'>praemia</span> <span class='ocrx_word' id='word_1_83' title='bbox 1892 1199 2172 1254; x_wconf 85' lang='lat' dir='ltr'>ﬁdelibus</span> 
     </span>
    </p>
   </div>
   <div class='ocr_carea' id='block_1_15' title="bbox 515 1288 2173 1362">
    <p class='ocr_par' dir='ltr' id='par_1_15' title="bbox 515 1288 2173 1362">
     <span class='ocr_line' id='line_1_15' title="bbox 515 1288 2173 1362; baseline -0.001 -17"><span class='ocrx_word' id='word_1_84' title='bbox 515 1295 574 1345; x_wconf 88' lang='lat' dir='ltr'>et</span> <span class='ocrx_word' id='word_1_85' title='bbox 598 1289 999 1362; x_wconf 88' lang='lat' dir='ltr'>prudentibus</span> <span class='ocrx_word' id='word_1_86' title='bbox 1030 1288 1396 1345; x_wconf 87' lang='lat' dir='ltr'>administris</span> <span class='ocrx_word' id='word_1_87' title='bbox 1428 1288 1717 1344; x_wconf 86' lang='lat' dir='ltr'>Dominus</span> <span class='ocrx_word' id='word_1_88' title='bbox 1760 1292 1964 1344; x_wconf 87' lang='lat' dir='ltr'>noster</span> <span class='ocrx_word' id='word_1_89' title='bbox 1985 1303 2173 1344; x_wconf 90' lang='lat' dir='ltr'>reser-</span> 
     </span>
    </p>
   </div>
   <div class='ocr_carea' id='block_1_16' title="bbox 513 1379 699 1434">
    <p class='ocr_par' dir='ltr' id='par_1_16' title="bbox 513 1379 699 1434">
     <span class='ocr_line' id='line_1_16' title="bbox 513 1379 699 1434; baseline 0.005 -1"><span class='ocrx_word' id='word_1_90' title='bbox 513 1379 699 1434; x_wconf 88' lang='lat' dir='ltr'>vavit.</span> 
     </span>
    </p>
   </div>
   <div class='ocr_carea' id='block_1_17' title="bbox 2277 482 3807 565">
    <p class='ocr_par' dir='ltr' id='par_1_17' title="bbox 2277 482 3807 565">
     <span class='ocr_line' id='line_1_17' title="bbox 2277 482 3807 565; baseline 0.003 -26"><span class='ocrx_word' id='word_1_91' title='bbox 2277 487 2460 559; x_wconf 73' lang='grc' dir='ltr'>λοφυες</span> <span class='ocrx_word' id='word_1_92' title='bbox 2512 495 2607 547; x_wconf 82' lang='grc' dir='ltr'>τῆς</span> <span class='ocrx_word' id='word_1_93' title='bbox 2665 482 2899 546; x_wconf 69' lang='grc' dir='ltr'>διανοίας</span> <span class='ocrx_word' id='word_1_94' title='bbox 2950 483 3032 536; x_wconf 84' lang='grc' dir='ltr'>ἐπὶ</span> <span class='ocrx_word' id='word_1_95' title='bbox 3088 492 3187 535; x_wconf 84' lang='grc' dir='ltr'>τῶν</span> <span class='ocrx_word' id='word_1_96' title='bbox 3254 494 3608 557; x_wconf 84' lang='grc' dir='ltr'>περιστατικών</span> <span class='ocrx_word' id='word_1_97' title='bbox 3650 501 3807 565; x_wconf 85' lang='grc' dir='ltr'>καιρῶν</span> 
     </span>
    </p>
   </div>
   <div class='ocr_carea' id='block_1_18' title="bbox 2279 571 3811 652">
    <p class='ocr_par' dir='ltr' id='par_1_18' title="bbox 2279 571 3811 652">
     <span class='ocr_line' id='line_1_18' title="bbox 2279 571 3811 652; baseline 0.001 -23"><span class='ocrx_word' id='word_1_98' title='bbox 2279 578 2513 651; x_wconf 85' lang='grc' dir='ltr'>μάλιστα</span> <span class='ocrx_word' id='word_1_99' title='bbox 2543 571 2886 628; x_wconf 70' lang='grc' dir='ltr'>διεδείκνυτο.</span> <span class='ocrx_word' id='word_1_100' title='bbox 2930 574 3041 627; x_wconf 86' lang='grc' dir='ltr'>Ἰνα</span> <span class='ocrx_word' id='word_1_101' title='bbox 3096 572 3184 626; x_wconf 79' lang='grc' dir='ltr'>οὖν</span> <span class='ocrx_word' id='word_1_102' title='bbox 3227 580 3316 626; x_wconf 81' lang='grc' dir='ltr'>καὶ</span> <span class='ocrx_word' id='word_1_103' title='bbox 3366 574 3507 636; x_wconf 81' lang='grc' dir='ltr'>αὑτὸς</span> <span class='ocrx_word' id='word_1_104' title='bbox 3558 576 3811 652; x_wconf 74' lang='grc' dir='ltr'>ὑπόδειγμα</span> 
     </span>
    </p>
   </div>
   <div class='ocr_carea' id='block_1_19' title="bbox 2280 662 3815 740">
    <p class='ocr_par' dir='ltr' id='par_1_19' title="bbox 2280 662 3815 740">
     <span class='ocr_line' id='line_1_19' title="bbox 2280 662 3815 740; baseline -0.001 -21"><span class='ocrx_word' id='word_1_105' title='bbox 2280 664 2519 740; x_wconf 79' lang='grc' dir='ltr'>ἀνδρείας</span> <span class='ocrx_word' id='word_1_106' title='bbox 2546 669 2633 716; x_wconf 87' lang='grc' dir='ltr'>καὶ</span> <span class='ocrx_word' id='word_1_107' title='bbox 2662 672 2752 725; x_wconf 82' lang='grc' dir='ltr'>τῆς</span> <span class='ocrx_word' id='word_1_108' title='bbox 2793 663 2876 716; x_wconf 84' lang='grc' dir='ltr'>ἐπὶ</span> <span class='ocrx_word' id='word_1_109' title='bbox 2927 671 3032 724; x_wconf 89' lang='grc' dir='ltr'>τοῖς</span> <span class='ocrx_word' id='word_1_110' title='bbox 3082 663 3423 735; x_wconf 77' lang='grc' dir='ltr'>ὲλπιζομένοις</span> <span class='ocrx_word' id='word_1_111' title='bbox 3466 662 3686 727; x_wconf 69' lang='grc' dir='ltr'>ἀληθινῆς</span> <span class='ocrx_word' id='word_1_112' title='bbox 3720 665 3815 721; x_wconf 69' lang='grc' dir='ltr'>δια.</span> 
     </span>
    </p>
   </div>
   <div class='ocr_carea' id='block_1_20' title="bbox 2282 749 3813 826">
    <p class='ocr_par' dir='ltr' id='par_1_20' title="bbox 2282 749 3813 826">
     <span class='ocr_line' id='line_1_20' title="bbox 2282 749 3813 826; baseline 0 -19"><span class='ocrx_word' id='word_1_113' title='bbox 2282 757 2469 814; x_wconf 86' lang='grc' dir='ltr'>θέσεως</span> <span class='ocrx_word' id='word_1_114' title='bbox 2498 753 2791 825; x_wconf 72' lang='grc' dir='ltr'>καταλίπῃς</span> <span class='ocrx_word' id='word_1_115' title='bbox 2838 760 2909 823; x_wconf 84' lang='grc' dir='ltr'>τῷ</span> <span class='ocrx_word' id='word_1_116' title='bbox 2951 751 3076 825; x_wconf 76' lang='grc' dir='ltr'>βίῳ,</span> <span class='ocrx_word' id='word_1_117' title='bbox 3107 749 3272 814; x_wconf 80' lang='grc' dir='ltr'>δεῖξον</span> <span class='ocrx_word' id='word_1_118' title='bbox 3323 756 3503 803; x_wconf 86' lang='grc' dir='ltr'>σαυτόν</span> <span class='ocrx_word' id='word_1_119' title='bbox 3526 758 3590 825; x_wconf 73' lang='grc' dir='ltr'>μὴ</span> <span class='ocrx_word' id='word_1_120' title='bbox 3619 762 3813 826; x_wconf 77' lang='grc' dir='ltr'>καμπτόο</span> 
     </span>
    </p>
   </div>
   <div class='ocr_carea' id='block_1_21' title="bbox 2278 840 3815 917">
    <p class='ocr_par' dir='ltr' id='par_1_21' title="bbox 2278 840 3815 917">
     <span class='ocr_line' id='line_1_21' title="bbox 2278 840 3815 917; baseline 0 -21"><span class='ocrx_word' id='word_1_121' title='bbox 2278 863 2425 917; x_wconf 83' lang='grc' dir='ltr'>μενον</span> <span class='ocrx_word' id='word_1_122' title='bbox 2460 852 2532 914; x_wconf 82' lang='grc' dir='ltr'>τῷ</span> <span class='ocrx_word' id='word_1_123' title='bbox 2552 844 2727 911; x_wconf 85' lang='grc' dir='ltr'>πάθει,</span> <span class='ocrx_word' id='word_1_124' title='bbox 2755 840 2861 893; x_wconf 80' lang='grc' dir='ltr'>ἀλλ’</span> <span class='ocrx_word' id='word_1_125' title='bbox 2910 841 3227 913; x_wconf 69' lang='grc' dir='ltr'>ὑψηλότερον</span> <span class='ocrx_word' id='word_1_126' title='bbox 3284 844 3402 893; x_wconf 83' lang='grc' dir='ltr'>ὄντα</span> <span class='ocrx_word' id='word_1_127' title='bbox 3453 850 3544 892; x_wconf 85' lang='grc' dir='ltr'>τῶν</span> <span class='ocrx_word' id='word_1_128' title='bbox 3591 841 3815 915; x_wconf 76' lang='grc' dir='ltr'>λυπηρῶν,</span> 
     </span>
    </p>
   </div>
   <div class='ocr_carea' id='block_1_22' title="bbox 2278 926 3817 1004">
    <p class='ocr_par' dir='ltr' id='par_1_22' title="bbox 2278 926 3817 1004">
     <span class='ocr_line' id='line_1_22' title="bbox 2278 926 3817 1004; baseline 0 -19"><span class='ocrx_word' id='word_1_129' title='bbox 2278 940 2341 1003; x_wconf 74' lang='grc' dir='ltr'>τῇ</span> <span class='ocrx_word' id='word_1_130' title='bbox 2383 934 2471 1004; x_wconf 68' lang='grc' dir='ltr'>μὲν</span> <span class='ocrx_word' id='word_1_131' title='bbox 2502 930 2671 1001; x_wconf 70' lang='grc' dir='ltr'>θλίψει</span> <span class='ocrx_word' id='word_1_132' title='bbox 2720 932 3002 1003; x_wconf 76' lang='grc' dir='ltr'>ὑπομένων,</span> <span class='ocrx_word' id='word_1_133' title='bbox 3034 938 3096 1003; x_wconf 70' lang='grc' dir='ltr'>τῇ</span> <span class='ocrx_word' id='word_1_134' title='bbox 3132 926 3189 983; x_wconf 70' lang='grc' dir='ltr'>δὲ</span> <span class='ocrx_word' id='word_1_135' title='bbox 3220 926 3389 981; x_wconf 79' lang='grc' dir='ltr'>ἐλπίδι</span> <span class='ocrx_word' id='word_1_136' title='bbox 3445 929 3817 1002; x_wconf 73' lang='grc' dir='ltr'>χαίρων.Μηδεν</span> 
     </span>
    </p>
   </div>
   <div class='ocr_carea' id='block_1_23' title="bbox 2279 1017 3819 1091">
    <p class='ocr_par' dir='ltr' id='par_1_23' title="bbox 2279 1017 3819 1091">
     <span class='ocr_line' id='line_1_23' title="bbox 2279 1017 3819 1091; baseline -0.001 -18"><span class='ocrx_word' id='word_1_137' title='bbox 2279 1017 2366 1074; x_wconf 83' lang='grc' dir='ltr'>οὑν</span> <span class='ocrx_word' id='word_1_138' title='bbox 2421 1023 2613 1073; x_wconf 82' lang='grc' dir='ltr'>τούτων</span> <span class='ocrx_word' id='word_1_139' title='bbox 2664 1025 2878 1091; x_wconf 85' lang='grc' dir='ltr'>γένηται</span> <span class='ocrx_word' id='word_1_140' title='bbox 2930 1019 3145 1091; x_wconf 81' lang='grc' dir='ltr'>κώλυμα</span> <span class='ocrx_word' id='word_1_141' title='bbox 3193 1023 3318 1091; x_wconf 85' lang='grc' dir='ltr'>πρὸς</span> <span class='ocrx_word' id='word_1_142' title='bbox 3381 1022 3469 1076; x_wconf 70' lang='grc' dir='ltr'>τὴν</span> <span class='ocrx_word' id='word_1_143' title='bbox 3530 1017 3819 1091; x_wconf 70' lang='grc' dir='ltr'>ἐλπιζομένην</span> 
     </span>
    </p>
   </div>
   <div class='ocr_carea' id='block_1_24' title="bbox 2279 1107 3824 1182">
    <p class='ocr_par' dir='ltr' id='par_1_24' title="bbox 2279 1107 3824 1182">
     <span class='ocr_line' id='line_1_24' title="bbox 2279 1107 3824 1182; baseline -0.001 -21"><span class='ocrx_word' id='word_1_144' title='bbox 2279 1112 2405 1182; x_wconf 77' lang='grc' dir='ltr'>ἡμῖν</span> <span class='ocrx_word' id='word_1_145' title='bbox 2470 1114 2781 1180; x_wconf 81' lang='grc' dir='ltr'>συντυχίαν.</span> <span class='ocrx_word' id='word_1_146' title='bbox 2824 1115 2947 1169; x_wconf 88' lang='grc' dir='ltr'>Τοῖς</span> <span class='ocrx_word' id='word_1_147' title='bbox 3014 1112 3105 1181; x_wconf 72' lang='grc' dir='ltr'>μὲν</span> <span class='ocrx_word' id='word_1_148' title='bbox 3172 1111 3272 1180; x_wconf 81' lang='grc' dir='ltr'>γὰρ</span> <span class='ocrx_word' id='word_1_149' title='bbox 3346 1112 3541 1169; x_wconf 82' lang='grc' dir='ltr'>νηπίοις</span> <span class='ocrx_word' id='word_1_150' title='bbox 3602 1107 3824 1182; x_wconf 72' lang='grc' dir='ltr'>αὐτάρκης</span> 
     </span>
    </p>
   </div>
   <div class='ocr_carea' id='block_1_25' title="bbox 2279 1193 3825 1269">
    <p class='ocr_par' dir='ltr' id='par_1_25' title="bbox 2279 1193 3825 1269">
     <span class='ocr_line' id='line_1_25' title="bbox 2279 1193 3825 1269; baseline 0.001 -20"><span class='ocrx_word' id='word_1_151' title='bbox 2279 1200 2309 1256; x_wconf 82' lang='grc' dir='ltr'><strong>ἠ</strong></span> <span class='ocrx_word' id='word_1_152' title='bbox 2368 1198 2549 1255; x_wconf 79' lang='grc' dir='ltr'>ἡλικία</span> <span class='ocrx_word' id='word_1_153' title='bbox 2594 1202 2724 1269; x_wconf 87' lang='grc' dir='ltr'>πρὸς</span> <span class='ocrx_word' id='word_1_154' title='bbox 2779 1201 2837 1249; x_wconf 86' lang='grc' dir='ltr'>τὸ</span> <span class='ocrx_word' id='word_1_155' title='bbox 2887 1194 3212 1268; x_wconf 80' lang='grc' dir='ltr'>ἀνέγκλητον·</span> <span class='ocrx_word' id='word_1_156' title='bbox 3264 1198 3411 1267; x_wconf 79' lang='grc' dir='ltr'>ἡμεῖς</span> <span class='ocrx_word' id='word_1_157' title='bbox 3484 1193 3539 1248; x_wconf 66' lang='grc' dir='ltr'>δὲ</span> <span class='ocrx_word' id='word_1_158' title='bbox 3588 1198 3825 1250; x_wconf 74' lang='grc' dir='ltr'>ὑπεύθυνοί</span> 
     </span>
    </p>
   </div>
   <div class='ocr_carea' id='block_1_26' title="bbox 2260 1283 3825 1360">
    <p class='ocr_par' dir='ltr' id='par_1_26' title="bbox 2260 1283 3825 1360">
     <span class='ocr_line' id='line_1_26' title="bbox 2260 1283 3825 1360; baseline -0.003 -19"><span class='ocrx_word' id='word_1_159' title='bbox 2260 1289 2432 1360; x_wconf 40' lang='grc' dir='ltr'>ηέσμεν</span> <span class='ocrx_word' id='word_1_160' title='bbox 2462 1290 2527 1339; x_wconf 80' lang='grc' dir='ltr'>τὰ</span> <span class='ocrx_word' id='word_1_161' title='bbox 2576 1283 2958 1359; x_wconf 74' lang='grc' dir='ltr'>διατεταγμένα</span> <span class='ocrx_word' id='word_1_162' title='bbox 3002 1290 3126 1359; x_wconf 75' lang='grc' dir='ltr'>ἡμῖν</span> <span class='ocrx_word' id='word_1_163' title='bbox 3178 1288 3447 1358; x_wconf 70' lang='grc' dir='ltr'>ὑπηρετεῖν</span> <span class='ocrx_word' id='word_1_164' title='bbox 3489 1293 3555 1355; x_wconf 81' lang='grc' dir='ltr'>τῷ</span> <span class='ocrx_word' id='word_1_165' title='bbox 3606 1290 3825 1359; x_wconf 71' lang='grc' dir='ltr'>Δεσπότη,</span> 
     </span>
    </p>
   </div>
   <div class='ocr_carea' id='block_1_27' title="bbox 2278 1373 3829 1448">
    <p class='ocr_par' dir='ltr' id='par_1_27' title="bbox 2278 1373 3829 1448">
     <span class='ocr_line' id='line_1_27' title="bbox 2278 1373 3829 1448; baseline -0.003 -20"><span class='ocrx_word' id='word_1_166' title='bbox 2278 1382 2369 1429; x_wconf 83' lang='grc' dir='ltr'>καὶ</span> <span class='ocrx_word' id='word_1_167' title='bbox 2414 1376 2482 1436; x_wconf 87' lang='grc' dir='ltr'>εἰς</span> <span class='ocrx_word' id='word_1_168' title='bbox 2512 1377 2682 1427; x_wconf 88' lang='grc' dir='ltr'>πάντα</span> <span class='ocrx_word' id='word_1_169' title='bbox 2713 1378 2907 1428; x_wconf 72' lang='grc' dir='ltr'>εὔθετοι</span> <span class='ocrx_word' id='word_1_170' title='bbox 2958 1375 3087 1428; x_wconf 84' lang='grc' dir='ltr'>εἶναι</span> <span class='ocrx_word' id='word_1_171' title='bbox 3131 1383 3192 1448; x_wconf 74' lang='grc' dir='ltr'>τῇ</span> <span class='ocrx_word' id='word_1_172' title='bbox 3231 1375 3496 1448; x_wconf 77' lang='grc' dir='ltr'>οἰκονομίᾳ</span> <span class='ocrx_word' id='word_1_173' title='bbox 3529 1382 3622 1427; x_wconf 86' lang='grc' dir='ltr'>τῶν</span> <span class='ocrx_word' id='word_1_174' title='bbox 3651 1373 3829 1432; x_wconf 75' lang='grc' dir='ltr'>Ἐκκληο</span> 
     </span>
    </p>
   </div>
   <div class='ocr_carea' id='block_1_28' title="bbox 523 1463 3388 1541">
    <p class='ocr_par' dir='ltr' id='par_1_28' title="bbox 523 1463 3388 1541">
     <span class='ocr_line' id='line_1_28' title="bbox 523 1463 3388 1541; baseline -0.001 -21"><span class='ocrx_word' id='word_1_175' title='bbox 523 1476 671 1537; x_wconf 83' lang='grc' dir='ltr'>σιῶν,</span> <span class='ocrx_word' id='word_1_176' title='bbox 706 1464 767 1529; x_wconf 78' lang='grc' dir='ltr'>ἧς</span> <span class='ocrx_word' id='word_1_177' title='bbox 798 1466 1054 1539; x_wconf 75' lang='grc' dir='ltr'>μεγάλους</span> <span class='ocrx_word' id='word_1_178' title='bbox 1080 1469 1200 1529; x_wconf 78' lang='grc' dir='ltr'>τοὺς</span> <span class='ocrx_word' id='word_1_179' title='bbox 1229 1468 1455 1539; x_wconf 75' lang='grc' dir='ltr'>μισθοὺς</span> <span class='ocrx_word' id='word_1_180' title='bbox 1480 1473 1590 1528; x_wconf 91' lang='grc' dir='ltr'>τοῖς</span> <span class='ocrx_word' id='word_1_181' title='bbox 1616 1472 1822 1527; x_wconf 83' lang='grc' dir='ltr'>πιστοῖς</span> <span class='ocrx_word' id='word_1_182' title='bbox 1849 1469 1939 1518; x_wconf 82' lang='grc' dir='ltr'>καὶ</span> <span class='ocrx_word' id='word_1_183' title='bbox 1972 1470 2233 1541; x_wconf 78' lang='grc' dir='ltr'>φρονίμοις</span> <span class='ocrx_word' id='word_1_184' title='bbox 2264 1465 2553 1538; x_wconf 81' lang='grc' dir='ltr'>οἰκονόμοις</span> <span class='ocrx_word' id='word_1_185' title='bbox 2584 1466 2609 1517; x_wconf 87' lang='grc' dir='ltr'><strong><em>ὁ</em></strong></span> <span class='ocrx_word' id='word_1_186' title='bbox 2634 1467 2821 1538; x_wconf 78' lang='grc' dir='ltr'>Κὺριος</span> <span class='ocrx_word' id='word_1_187' title='bbox 2854 1467 2994 1535; x_wconf 68' lang='grc' dir='ltr'>ἡμῶν</span> <span class='ocrx_word' id='word_1_188' title='bbox 3025 1463 3388 1538; x_wconf 75' lang='grc' dir='ltr'>ἐταμιεύσατο.</span> 
     </span>
    </p>
   </div>
   <div class='ocr_carea' id='block_1_29' title="bbox 1053 1590 1649 1647">
    <p class='ocr_par' dir='ltr' id='par_1_29' title="bbox 1053 1590 1649 1647">
     <span class='ocr_line' id='line_1_29' title="bbox 1053 1590 1649 1647; baseline 0 0"><span class='ocrx_word' id='word_1_189' title='bbox 1053 1592 1393 1647; x_wconf 82' lang='lat' dir='ltr'><strong>EPISTOLA</strong></span> <span class='ocrx_word' id='word_1_190' title='bbox 1419 1590 1649 1647; x_wconf 81' lang='lat' dir='ltr'>CCVII&#39;.</span> 
     </span>
    </p>
   </div>
   <div class='ocr_carea' id='block_1_30' title="bbox 2839 1586 3325 1642">
    <p class='ocr_par' dir='ltr' id='par_1_30' title="bbox 2839 1586 3325 1642">
     <span class='ocr_line' id='line_1_30' title="bbox 2839 1586 3325 1642; baseline 0 -1"><span class='ocrx_word' id='word_1_191' title='bbox 2839 1593 3175 1641; x_wconf 75' lang='grc' dir='ltr'>ΕΠΙΣΤΟΛῐί</span> <span class='ocrx_word' id='word_1_192' title='bbox 3216 1586 3325 1642; x_wconf 85' lang='grc' dir='ltr'>ΣΖ’.</span> 
     </span>
    </p>
   </div>
   <div class='ocr_carea' id='block_1_31' title="bbox 528 1694 3837 1764">
    <p class='ocr_par' dir='ltr' id='par_1_31' title="bbox 528 1694 3837 1764">
     <span class='ocr_line' id='line_1_31' title="bbox 528 1694 3837 1764; baseline -0.001 -10"><span class='ocrx_word' id='word_1_193' title='bbox 528 1700 669 1755; x_wconf 91' lang='lat' dir='ltr'>Cum</span> <span class='ocrx_word' id='word_1_194' title='bbox 702 1700 1209 1755; x_wconf 74' lang='lat' dir='ltr'>Neocaesarienses</span> <span class='ocrx_word' id='word_1_195' title='bbox 1241 1698 1452 1754; x_wconf 79' lang='lat' dir='ltr'>clerici</span> <span class='ocrx_word' id='word_1_196' title='bbox 1479 1712 1678 1752; x_wconf 83' lang='lat' dir='ltr'>omnes</span> <span class='ocrx_word' id='word_1_197' title='bbox 1709 1695 1790 1751; x_wconf 81' lang='lat' dir='ltr'>ad</span> <span class='ocrx_word' id='word_1_198' title='bbox 1827 1710 2011 1750; x_wconf 88' lang='lat' dir='ltr'>unum</span> <span class='ocrx_word' id='word_1_199' title='bbox 2038 1695 2099 1749; x_wconf 90' lang='lat' dir='ltr'>in</span> <span class='ocrx_word' id='word_1_200' title='bbox 2129 1694 2263 1749; x_wconf 85' lang='lat' dir='ltr'>odio</span> <span class='ocrx_word' id='word_1_201' title='bbox 2295 1694 2521 1750; x_wconf 78' lang='lat' dir='ltr'>Basilii</span> <span class='ocrx_word' id='word_1_202' title='bbox 2548 1710 2679 1750; x_wconf 89' lang='lat' dir='ltr'>cum</span> <span class='ocrx_word' id='word_1_203' title='bbox 2711 1695 2982 1764; x_wconf 86' lang='lat' dir='ltr'>episcopo</span> <span class='ocrx_word' id='word_1_204' title='bbox 3008 1709 3113 1749; x_wconf 87' lang='lat' dir='ltr'>suo</span> <span class='ocrx_word' id='word_1_205' title='bbox 3145 1694 3585 1764; x_wconf 77' lang='lat' dir='ltr'>consentirent;</span> <span class='ocrx_word' id='word_1_206' title='bbox 3611 1695 3837 1751; x_wconf 78' lang='lat' dir='ltr'>Basilius</span> 
     </span>
    </p>
   </div>
   <div class='ocr_carea' id='block_1_32' title="bbox 596 1737 3839 1835">
    <p class='ocr_par' dir='ltr' id='par_1_32' title="bbox 596 1737 3839 1835">
     <span class='ocr_line' id='line_1_32' title="bbox 596 1737 3839 1835; baseline -0.002 -9"><span class='ocrx_word' id='word_1_207' title='bbox 596 1737 1012 1831; x_wconf 42' lang='lat' dir='ltr'>admo‘netweo‘s.</span> <span class='ocrx_word' id='word_1_208' title='bbox 1042 1777 1204 1825; x_wconf 82' lang='lat' dir='ltr'>utne</span> <span class='ocrx_word' id='word_1_209' title='bbox 1234 1773 1615 1825; x_wconf 85' lang='lat' dir='ltr'>assententur</span> <span class='ocrx_word' id='word_1_210' title='bbox 1654 1768 1883 1822; x_wconf 84' lang='lat' dir='ltr'>homini</span> <span class='ocrx_word' id='word_1_211' title='bbox 1905 1781 2169 1822; x_wconf 86' lang='lat' dir='ltr'>errorem</span> <span class='ocrx_word' id='word_1_212' title='bbox 2210 1766 2468 1821; x_wconf 87' lang='lat' dir='ltr'>Sabellii</span> <span class='ocrx_word' id='word_1_213' title='bbox 2502 1737 2829 1835; x_wconf 55' lang='lat' dir='ltr'>inducenrii,</span> <span class='ocrx_word' id='word_1_214' title='bbox 2876 1737 3021 1821; x_wconf 50' lang='lat' dir='ltr'>nreve</span> <span class='ocrx_word' id='word_1_215' title='bbox 3042 1768 3369 1834; x_wconf 88' lang='lat' dir='ltr'>patiantur</span> <span class='ocrx_word' id='word_1_216' title='bbox 3387 1737 3667 1835; x_wconf 65' lang='lat' dir='ltr'>populum</span> <span class='ocrx_word' id='word_1_217' title='bbox 3690 1768 3755 1821; x_wconf 90' lang='lat' dir='ltr'>ab</span> <span class='ocrx_word' id='word_1_218' title='bbox 3786 1781 3839 1821; x_wconf 86' lang='lat' dir='ltr'>eo</span> 
     </span>
    </p>
   </div>
   <div class='ocr_carea' id='block_1_33' title="bbox 594 1838 3844 1911">
    <p class='ocr_par' dir='ltr' id='par_1_33' title="bbox 594 1838 3844 1911">
     <span class='ocr_line' id='line_1_33' title="bbox 594 1838 3844 1911; baseline -0.002 -14"><span class='ocrx_word' id='word_1_219' title='bbox 594 1843 809 1911; x_wconf 81' lang='lat' dir='ltr'>decipi.</span> <span class='ocrx_word' id='word_1_220' title='bbox 843 1843 893 1897; x_wconf 90' lang='lat' dir='ltr'>Is</span> <span class='ocrx_word' id='word_1_221' title='bbox 922 1842 1220 1897; x_wconf 78' lang='lat' dir='ltr'>Basiliam</span> <span class='ocrx_word' id='word_1_222' title='bbox 1242 1839 1537 1909; x_wconf 77' lang='lat' dir='ltr'>fugiebat,</span> <span class='ocrx_word' id='word_1_223' title='bbox 1562 1840 1743 1908; x_wconf 84' lang='lat' dir='ltr'>argui</span> <span class='ocrx_word' id='word_1_224' title='bbox 1768 1844 2073 1911; x_wconf 75' lang='lat' dir='ltr'>metuens:</span> <span class='ocrx_word' id='word_1_225' title='bbox 2098 1838 2327 1911; x_wconf 80' lang='lat' dir='ltr'>somnia</span> <span class='ocrx_word' id='word_1_226' title='bbox 2354 1838 2643 1911; x_wconf 78' lang='lat' dir='ltr'>ﬁngebat,</span> <span class='ocrx_word' id='word_1_227' title='bbox 2668 1842 2733 1891; x_wconf 88' lang='lat' dir='ltr'>ut</span> <span class='ocrx_word' id='word_1_228' title='bbox 2769 1838 2974 1911; x_wconf 80' lang='lat' dir='ltr'>Basilii</span> <span class='ocrx_word' id='word_1_229' title='bbox 2994 1838 3337 1892; x_wconf 81' lang='lat' dir='ltr'>doctrinam</span> <span class='ocrx_word' id='word_1_230' title='bbox 3352 1838 3844 1911; x_wconf 84' lang='lat' dir='ltr'>persuaderetesse</span> 
     </span>
    </p>
   </div>
   <div class='ocr_carea' id='block_1_34' title="bbox 592 1909 3843 1982">
    <p class='ocr_par' dir='ltr' id='par_1_34' title="bbox 592 1909 3843 1982">
     <span class='ocr_line' id='line_1_34' title="bbox 592 1909 3843 1982; baseline -0.002 -13"><span class='ocrx_word' id='word_1_231' title='bbox 592 1909 1015 1982; x_wconf 82' lang='lat' dir='ltr'>perniciosam.</span> <span class='ocrx_word' id='word_1_232' title='bbox 1044 1913 1298 1968; x_wconf 79' lang='lat' dir='ltr'>Causam</span> <span class='ocrx_word' id='word_1_233' title='bbox 1337 1911 1461 1965; x_wconf 88' lang='lat' dir='ltr'>odii</span> <span class='ocrx_word' id='word_1_234' title='bbox 1483 1916 1748 1982; x_wconf 80' lang='lat' dir='ltr'>ragatus.</span> <span class='ocrx_word' id='word_1_235' title='bbox 1781 1924 1901 1963; x_wconf 92' lang='lat' dir='ltr'>non</span> <span class='ocrx_word' id='word_1_236' title='bbox 1934 1909 2121 1963; x_wconf 89' lang='lat' dir='ltr'>aliam</span> <span class='ocrx_word' id='word_1_237' title='bbox 2150 1909 2441 1982; x_wconf 62' lang='lat' dir='ltr'>a/fg&#39;ebat</span> <span class='ocrx_word' id='word_1_238' title='bbox 2462 1914 2691 1982; x_wconf 68' lang='lat' dir='ltr'>praeter</span> <span class='ocrx_word' id='word_1_239' title='bbox 2726 1910 2993 1982; x_wconf 76' lang='lat' dir='ltr'>psalmos</span> <span class='ocrx_word' id='word_1_240' title='bbox 3022 1913 3078 1962; x_wconf 84' lang='lat' dir='ltr'>et</span> <span class='ocrx_word' id='word_1_241' title='bbox 3102 1912 3349 1982; x_wconf 80' lang='lat' dir='ltr'>cantum</span> <span class='ocrx_word' id='word_1_242' title='bbox 3384 1923 3469 1982; x_wconf 85' lang='lat' dir='ltr'>ac</span> <span class='ocrx_word' id='word_1_243' title='bbox 3496 1910 3843 1982; x_wconf 74' lang='lat' dir='ltr'>monasticam</span> 
     </span>
    </p>
   </div>
   <div class='ocr_carea' id='block_1_35' title="bbox 594 1979 3845 2055">
    <p class='ocr_par' dir='ltr' id='par_1_35' title="bbox 594 1979 3845 2055">
     <span class='ocr_line' id='line_1_35' title="bbox 594 1979 3845 2055; baseline -0.002 -14"><span class='ocrx_word' id='word_1_244' title='bbox 594 1979 777 2041; x_wconf 68' lang='lat' dir='ltr'>uitam</span> <span class='ocrx_word' id='word_1_245' title='bbox 807 2000 970 2055; x_wconf 66' lang='lat' dir='ltr'>:quas</span> <span class='ocrx_word' id='word_1_246' title='bbox 991 1982 1587 2055; x_wconf 12' lang='lat' dir='ltr'>instituta,inond_um</span> <span class='ocrx_word' id='word_1_247' title='bbox 1624 1981 2193 2055; x_wconf 9' lang='lat' dir='ltr'>inr_Ne_oczsa_riensi</span> <span class='ocrx_word' id='word_1_248' title='bbox 2231 1979 2506 2055; x_wconf 68' lang='lat' dir='ltr'>Ecclesia</span> <span class='ocrx_word' id='word_1_249' title='bbox 2524 1987 2789 2055; x_wconf 54' lang='lat' dir='ltr'>recepta.</span> <span class='ocrx_word' id='word_1_250' title='bbox 2833 1979 3113 2055; x_wconf 78' lang='lat' dir='ltr'>vigebant</span> <span class='ocrx_word' id='word_1_251' title='bbox 3144 1981 3207 2034; x_wconf 86' lang='lat' dir='ltr'>in</span> <span class='ocrx_word' id='word_1_252' title='bbox 3239 1980 3845 2055; x_wconf 46' lang='lat' dir='ltr'>Caesariensiﬂtrum-</span> 
     </span>
    </p>
   </div>
   <div class='ocr_carea' id='block_1_36' title="bbox 636 2050 3846 2120">
    <p class='ocr_par' dir='ltr' id='par_1_36' title="bbox 636 2050 3846 2120">
     <span class='ocr_line' id='line_1_36' title="bbox 636 2050 3846 2120; baseline -0.002 -11"><span class='ocrx_word' id='word_1_253' title='bbox 636 2072 708 2111; x_wconf 87' lang='lat' dir='ltr'>ue</span> <span class='ocrx_word' id='word_1_254' title='bbox 726 2050 886 2111; x_wconf 75' lang='lat' dir='ltr'>illud</span> <span class='ocrx_word' id='word_1_255' title='bbox 915 2056 1257 2109; x_wconf 85' lang='lat' dir='ltr'>institutum</span> <span class='ocrx_word' id='word_1_256' title='bbox 1288 2053 1557 2108; x_wconf 86' lang='lat' dir='ltr'>Basilius</span> <span class='ocrx_word' id='word_1_257' title='bbox 1577 2056 1628 2105; x_wconf 82' lang='lat' dir='ltr'>et</span> <span class='ocrx_word' id='word_1_258' title='bbox 1652 2050 1764 2106; x_wconf 86' lang='lat' dir='ltr'>sibi</span> <span class='ocrx_word' id='word_1_259' title='bbox 1787 2050 2004 2106; x_wconf 83' lang='lat' dir='ltr'>honori</span> <span class='ocrx_word' id='word_1_260' title='bbox 2032 2065 2170 2113; x_wconf 82' lang='lat' dir='ltr'>esse,</span> <span class='ocrx_word' id='word_1_261' title='bbox 2191 2057 2243 2104; x_wconf 90' lang='lat' dir='ltr'>et</span> <span class='ocrx_word' id='word_1_262' title='bbox 2264 2050 2325 2104; x_wconf 89' lang='lat' dir='ltr'>in</span> <span class='ocrx_word' id='word_1_263' title='bbox 2352 2052 2491 2105; x_wconf 85' lang='lat' dir='ltr'>aliis</span> <span class='ocrx_word' id='word_1_264' title='bbox 2512 2051 2793 2106; x_wconf 82' lang='lat' dir='ltr'>Ecclesiis</span> <span class='ocrx_word' id='word_1_265' title='bbox 2816 2053 3013 2120; x_wconf 87' lang='lat' dir='ltr'>vigere</span> <span class='ocrx_word' id='word_1_266' title='bbox 3032 2050 3425 2106; x_wconf 78' lang='lat' dir='ltr'>demonstrat.</span> <span class='ocrx_word' id='word_1_267' title='bbox 3444 2050 3846 2120; x_wconf 76' lang='lat' dir='ltr'>Objicientibus,</span> 
     </span>
    </p>
   </div>
   <div class='ocr_carea' id='block_1_37' title="bbox 593 2073 3847 2195">
    <p class='ocr_par' dir='ltr' id='par_1_37' title="bbox 593 2073 3847 2195">
     <span class='ocr_line' id='line_1_37' title="bbox 636 2073 3846 2120; baseline -0.002 -11"><span class='ocrx_word' id='word_1_268' title='bbox 636 2073 708 2111; x_wconf 82' lang='lat' dir='ltr'>tte</span> <span class='ocrx_word' id='word_1_269' title='bbox 726 2073 885 2111; x_wconf 73' lang='lat' dir='ltr'>tttua</span> <span class='ocrx_word' id='word_1_270' title='bbox 915 2073 1257 2109; x_wconf 83' lang='lat' dir='ltr'>msutttmm</span> <span class='ocrx_word' id='word_1_271' title='bbox 1288 2073 1557 2108; x_wconf 66' lang='lat' dir='ltr'>nasutus</span> <span class='ocrx_word' id='word_1_272' title='bbox 1577 2073 1626 2105; x_wconf 75' lang='grc' dir='ltr'>σι</span> <span class='ocrx_word' id='word_1_273' title='bbox 1652 2073 1763 2106; x_wconf 76' lang='grc' dir='ltr'>διυι</span> <span class='ocrx_word' id='word_1_274' title='bbox 1787 2073 2001 2106; x_wconf 80' lang='grc' dir='ltr'>ηυηωί</span> <span class='ocrx_word' id='word_1_275' title='bbox 2032 2073 2170 2113; x_wconf 69' lang='grc' dir='ltr'>ϐεδε,</span> <span class='ocrx_word' id='word_1_276' title='bbox 2191 2073 2243 2104; x_wconf 73' lang='grc' dir='ltr'>ιςι</span> <span class='ocrx_word' id='word_1_277' title='bbox 2264 2073 2325 2104; x_wconf 75' lang='grc' dir='ltr'>ιη</span> <span class='ocrx_word' id='word_1_278' title='bbox 2352 2073 2491 2105; x_wconf 78' lang='grc' dir='ltr'>ιιιιεδ</span> <span class='ocrx_word' id='word_1_279' title='bbox 2512 2073 2793 2106; x_wconf 68' lang='grc' dir='ltr'>Δι’σιεδιιδ</span> <span class='ocrx_word' id='word_1_280' title='bbox 2816 2073 3013 2120; x_wconf 75' lang='lat' dir='ltr'>vigere</span> <span class='ocrx_word' id='word_1_281' title='bbox 3032 2073 3425 2106; x_wconf 63' lang='lat' dir='ltr'>uemunssrut.</span> <span class='ocrx_word' id='word_1_282' title='bbox 3444 2073 3846 2120; x_wconf 63' lang='lat' dir='ltr'>UDJiCICHHUUS,</span> 
     </span>
     <span class='ocr_line' id='line_1_38' title="bbox 593 2073 3847 2195; baseline -0.003 -13"><span class='ocrx_word' id='word_1_283' title='bbox 593 2073 718 2182; x_wconf 55' lang='grc' dir='ltr'>χωρ</span> <span class='ocrx_word' id='word_1_284' title='bbox 772 2143 891 2181; x_wconf 89' lang='lat' dir='ltr'>non</span> <span class='ocrx_word' id='word_1_285' title='bbox 918 2128 1108 2195; x_wconf 80' lang='lat' dir='ltr'>fuisse</span> <span class='ocrx_word' id='word_1_286' title='bbox 1140 2130 1402 2192; x_wconf 86' lang='lat' dir='ltr'>tempore</span> <span class='ocrx_word' id='word_1_287' title='bbox 1445 2123 1738 2195; x_wconf 72' lang='lat' dir='ltr'>Gregorii.</span> <span class='ocrx_word' id='word_1_288' title='bbox 1770 2121 2087 2190; x_wconf 83' lang='lat' dir='ltr'>respondet</span> <span class='ocrx_word' id='word_1_289' title='bbox 2118 2135 2226 2175; x_wconf 89' lang='lat' dir='ltr'>nec</span> <span class='ocrx_word' id='word_1_290' title='bbox 2276 2121 2524 2195; x_wconf 83' lang='lat' dir='ltr'>litanias</span> <span class='ocrx_word' id='word_1_291' title='bbox 2551 2128 2694 2177; x_wconf 85' lang='lat' dir='ltr'>tunc</span> <span class='ocrx_word' id='word_1_292' title='bbox 2736 2122 2944 2195; x_wconf 80' lang='lat' dir='ltr'>fuisse,</span> <span class='ocrx_word' id='word_1_293' title='bbox 2976 2135 3081 2177; x_wconf 89' lang='lat' dir='ltr'>nec</span> <span class='ocrx_word' id='word_1_294' title='bbox 3122 2123 3453 2195; x_wconf 84' lang='lat' dir='ltr'>quidquam</span> <span class='ocrx_word' id='word_1_295' title='bbox 3468 2123 3596 2195; x_wconf 83' lang='lat' dir='ltr'>fere</span> <span class='ocrx_word' id='word_1_296' title='bbox 3620 2122 3847 2195; x_wconf 75' lang='lat' dir='ltr'>exillius</span> 
     </span>
    </p>
   </div>
   <div class='ocr_carea' id='block_1_38' title="bbox 591 2192 3848 2264">
    <p class='ocr_par' dir='ltr' id='par_1_38' title="bbox 591 2192 3848 2264">
     <span class='ocr_line' id='line_1_39' title="bbox 591 2192 3848 2264; baseline -0.002 -13"><span class='ocrx_word' id='word_1_297' title='bbox 591 2199 885 2252; x_wconf 87' lang='lat' dir='ltr'>institutis</span> <span class='ocrx_word' id='word_1_298' title='bbox 911 2192 1079 2264; x_wconf 83' lang='lat' dir='ltr'>apud</span> <span class='ocrx_word' id='word_1_299' title='bbox 1117 2211 1211 2250; x_wconf 91' lang='lat' dir='ltr'>eos</span> <span class='ocrx_word' id='word_1_300' title='bbox 1237 2209 1562 2263; x_wconf 85' lang='lat' dir='ltr'>superesse.</span> <span class='ocrx_word' id='word_1_301' title='bbox 1602 2193 1771 2250; x_wconf 90' lang='lat' dir='ltr'>Unde</span> <span class='ocrx_word' id='word_1_302' title='bbox 1809 2208 1902 2248; x_wconf 90' lang='lat' dir='ltr'>eos</span> <span class='ocrx_word' id='word_1_303' title='bbox 1919 2197 2116 2247; x_wconf 87' lang='lat' dir='ltr'>monet</span> <span class='ocrx_word' id='word_1_304' title='bbox 2137 2198 2202 2245; x_wconf 88' lang='lat' dir='ltr'>ut</span> <span class='ocrx_word' id='word_1_305' title='bbox 2227 2192 2455 2248; x_wconf 83' lang='lat' dir='ltr'>trabem</span> <span class='ocrx_word' id='word_1_306' title='bbox 2488 2209 2564 2249; x_wconf 77' lang='lat' dir='ltr'>ea:</span> <span class='ocrx_word' id='word_1_307' title='bbox 2583 2194 2775 2249; x_wconf 88' lang='lat' dir='ltr'>oculis</span> <span class='ocrx_word' id='word_1_308' title='bbox 2805 2196 2928 2249; x_wconf 87' lang='lat' dir='ltr'>suis</span> <span class='ocrx_word' id='word_1_309' title='bbox 2959 2192 3226 2263; x_wconf 88' lang='lat' dir='ltr'>ejiciant,</span> <span class='ocrx_word' id='word_1_310' title='bbox 3252 2208 3331 2249; x_wconf 88' lang='lat' dir='ltr'>ac</span> <span class='ocrx_word' id='word_1_311' title='bbox 3367 2193 3627 2249; x_wconf 57' lang='lat' dir='ltr'>heresim</span> <span class='ocrx_word' id='word_1_312' title='bbox 3654 2193 3848 2256; x_wconf 85' lang='lat' dir='ltr'>vitent;</span> 
     </span>
    </p>
   </div>
   <div class='ocr_carea' id='block_1_39' title="bbox 591 2264 2530 2339">
    <p class='ocr_par' dir='ltr' id='par_1_39' title="bbox 591 2264 2530 2339">
     <span class='ocr_line' id='line_1_40' title="bbox 591 2264 2530 2339; baseline -0.003 -15"><span class='ocrx_word' id='word_1_313' title='bbox 591 2270 869 2339; x_wconf 86' lang='lat' dir='ltr'>alioquin</span> <span class='ocrx_word' id='word_1_314' title='bbox 903 2273 1102 2323; x_wconf 73' lang='lat' dir='ltr'>tacere</span> <span class='ocrx_word' id='word_1_315' title='bbox 1130 2282 1191 2322; x_wconf 84' lang='lat' dir='ltr'>se</span> <span class='ocrx_word' id='word_1_316' title='bbox 1219 2282 1339 2322; x_wconf 90' lang='lat' dir='ltr'>non</span> <span class='ocrx_word' id='word_1_317' title='bbox 1367 2280 1538 2335; x_wconf 87' lang='lat' dir='ltr'>posse</span> <span class='ocrx_word' id='word_1_318' title='bbox 1574 2266 1637 2319; x_wconf 89' lang='lat' dir='ltr'>in</span> <span class='ocrx_word' id='word_1_319' title='bbox 1666 2269 1839 2319; x_wconf 87' lang='lat' dir='ltr'>tanta</span> <span class='ocrx_word' id='word_1_320' title='bbox 1869 2264 2216 2319; x_wconf 86' lang='lat' dir='ltr'>animarum</span> <span class='ocrx_word' id='word_1_321' title='bbox 2244 2266 2530 2332; x_wconf 86' lang='lat' dir='ltr'>pernicie.</span> 
     </span>
    </p>
   </div>
   <div class='ocr_carea' id='block_1_40' title="bbox 872 2405 1824 2464">
    <p class='ocr_par' dir='ltr' id='par_1_40' title="bbox 872 2405 1824 2464">
     <span class='ocr_line' id='line_1_41' title="bbox 872 2405 1824 2464; baseline -0.004 0"><span class='ocrx_word' id='word_1_322' title='bbox 872 2408 972 2464; x_wconf 88' lang='lat' dir='ltr'>Ad</span> <span class='ocrx_word' id='word_1_323' title='bbox 1012 2408 1261 2463; x_wconf 87' lang='lat' dir='ltr'>clericos</span> <span class='ocrx_word' id='word_1_324' title='bbox 1292 2405 1824 2461; x_wconf 74' lang='lat' dir='ltr'>Neocazsarienses.</span> 
     </span>
    </p>
   </div>
   <div class='ocr_carea' id='block_1_41' title="bbox 592 2508 2180 2584">
    <p class='ocr_par' dir='ltr' id='par_1_41' title="bbox 592 2508 2180 2584">
     <span class='ocr_line' id='line_1_42' title="bbox 592 2508 2180 2584; baseline -0.004 -13"><span class='ocrx_word' id='word_1_325' title='bbox 592 2520 641 2571; x_wconf 78' lang='grc'>1.</span> <span class='ocrx_word' id='word_1_326' title='bbox 675 2517 1018 2571; x_wconf 89' lang='lat' dir='ltr'>Consensus</span> <span class='ocrx_word' id='word_1_327' title='bbox 1062 2514 1124 2569; x_wconf 92' lang='lat' dir='ltr'>in</span> <span class='ocrx_word' id='word_1_328' title='bbox 1174 2512 1293 2569; x_wconf 89' lang='lat' dir='ltr'>mei</span> <span class='ocrx_word' id='word_1_329' title='bbox 1344 2512 1505 2579; x_wconf 89' lang='lat' dir='ltr'>odio,</span> <span class='ocrx_word' id='word_1_330' title='bbox 1532 2516 1591 2568; x_wconf 90' lang='lat' dir='ltr'>et</span> <span class='ocrx_word' id='word_1_331' title='bbox 1630 2510 1797 2584; x_wconf 91' lang='lat' dir='ltr'>quod</span> <span class='ocrx_word' id='word_1_332' title='bbox 1855 2524 2068 2565; x_wconf 91' lang='lat' dir='ltr'>omnes</span> <span class='ocrx_word' id='word_1_333' title='bbox 2101 2508 2180 2565; x_wconf 88' lang='lat' dir='ltr'>ad</span> 
     </span>
    </p>
   </div>
   <div class='ocr_carea' id='block_1_42' title="bbox 518 2598 2177 2673">
    <p class='ocr_par' dir='ltr' id='par_1_42' title="bbox 518 2598 2177 2673">
     <span class='ocr_line' id='line_1_43' title="bbox 518 2598 2177 2673; baseline -0.005 -12"><span class='ocrx_word' id='word_1_334' title='bbox 518 2621 711 2661; x_wconf 90' lang='lat' dir='ltr'>unum</span> <span class='ocrx_word' id='word_1_335' title='bbox 751 2603 886 2660; x_wconf 90' lang='lat' dir='ltr'>belli</span> <span class='ocrx_word' id='word_1_336' title='bbox 934 2603 1110 2659; x_wconf 86' lang='lat' dir='ltr'>nobis</span> <span class='ocrx_word' id='word_1_337' title='bbox 1149 2602 1291 2658; x_wconf 88' lang='lat' dir='ltr'>illati</span> <span class='ocrx_word' id='word_1_338' title='bbox 1321 2601 1539 2657; x_wconf 89' lang='lat' dir='ltr'>ducem</span> <span class='ocrx_word' id='word_1_339' title='bbox 1584 2599 1926 2673; x_wconf 87' lang='lat' dir='ltr'>sequimini,</span> <span class='ocrx_word' id='word_1_340' title='bbox 1956 2598 2177 2655; x_wconf 91' lang='lat' dir='ltr'>suade-</span> 
     </span>
    </p>
   </div>
   <div class='ocr_carea' id='block_1_43' title="bbox 516 2690 2176 2764">
    <p class='ocr_par' dir='ltr' id='par_1_43' title="bbox 516 2690 2176 2764">
     <span class='ocr_line' id='line_1_44' title="bbox 516 2690 2176 2764; baseline -0.005 -14"><span class='ocrx_word' id='word_1_341' title='bbox 516 2695 624 2751; x_wconf 89' lang='lat' dir='ltr'>bat</span> <span class='ocrx_word' id='word_1_342' title='bbox 669 2693 842 2758; x_wconf 85' lang='lat' dir='ltr'>mihi,</span> <span class='ocrx_word' id='word_1_343' title='bbox 880 2697 943 2748; x_wconf 89' lang='lat' dir='ltr'>ut</span> <span class='ocrx_word' id='word_1_344' title='bbox 991 2708 1134 2764; x_wconf 89' lang='lat' dir='ltr'>erga</span> <span class='ocrx_word' id='word_1_345' title='bbox 1181 2706 1393 2747; x_wconf 89' lang='lat' dir='ltr'>omnes</span> <span class='ocrx_word' id='word_1_346' title='bbox 1427 2690 1648 2763; x_wconf 87' lang='lat' dir='ltr'>pariter</span> <span class='ocrx_word' id='word_1_347' title='bbox 1688 2690 2176 2753; x_wconf 88' lang='lat' dir='ltr'>conticescerem,</span> 
     </span>
    </p>
   </div>
   <div class='ocr_carea' id='block_1_44' title="bbox 518 2776 2176 2855">
    <p class='ocr_par' dir='ltr' id='par_1_44' title="bbox 518 2776 2176 2855">
     <span class='ocr_line' id='line_1_45' title="bbox 518 2776 2176 2855; baseline -0.005 -16"><span class='ocrx_word' id='word_1_348' title='bbox 518 2798 716 2855; x_wconf 89' lang='lat' dir='ltr'>neque</span> <span class='ocrx_word' id='word_1_349' title='bbox 771 2781 951 2837; x_wconf 91' lang='lat' dir='ltr'>amici</span> <span class='ocrx_word' id='word_1_350' title='bbox 1005 2781 1229 2852; x_wconf 88' lang='lat' dir='ltr'>scripti,</span> <span class='ocrx_word' id='word_1_351' title='bbox 1262 2785 1365 2835; x_wconf 90' lang='lat' dir='ltr'>aut</span> <span class='ocrx_word' id='word_1_352' title='bbox 1422 2778 1601 2833; x_wconf 87' lang='lat' dir='ltr'>ullius</span> <span class='ocrx_word' id='word_1_353' title='bbox 1649 2776 1932 2850; x_wconf 88' lang='lat' dir='ltr'>colloquii</span> <span class='ocrx_word' id='word_1_354' title='bbox 1978 2792 2176 2832; x_wconf 89' lang='lat' dir='ltr'>essem</span> 
     </span>
    </p>
   </div>
   <div class='ocr_carea' id='block_1_45' title="bbox 516 2869 2176 2943">
    <p class='ocr_par' dir='ltr' id='par_1_45' title="bbox 516 2869 2176 2943">
     <span class='ocr_line' id='line_1_46' title="bbox 516 2869 2176 2943; baseline -0.004 -16"><span class='ocrx_word' id='word_1_355' title='bbox 516 2872 806 2943; x_wconf 87' lang='lat' dir='ltr'>inceptor,</span> <span class='ocrx_word' id='word_1_356' title='bbox 840 2871 944 2926; x_wconf 91' lang='lat' dir='ltr'>sed</span> <span class='ocrx_word' id='word_1_357' title='bbox 974 2871 1036 2926; x_wconf 92' lang='lat' dir='ltr'>in</span> <span class='ocrx_word' id='word_1_358' title='bbox 1082 2869 1315 2925; x_wconf 86' lang='lat' dir='ltr'>silentio</span> <span class='ocrx_word' id='word_1_359' title='bbox 1355 2883 1677 2923; x_wconf 70' lang='lat' dir='ltr'>maerorem</span> <span class='ocrx_word' id='word_1_360' title='bbox 1721 2882 1929 2922; x_wconf 88' lang='lat' dir='ltr'>meum</span> <span class='ocrx_word' id='word_1_361' title='bbox 1958 2881 2176 2922; x_wconf 89' lang='lat' dir='ltr'>conco-</span> 
     </span>
    </p>
   </div>
   <div class='ocr_carea' id='block_1_46' title="bbox 515 2955 2174 3034">
    <p class='ocr_par' dir='ltr' id='par_1_46' title="bbox 515 2955 2174 3034">
     <span class='ocr_line' id='line_1_47' title="bbox 515 2955 2174 3034; baseline -0.004 -19"><span class='ocrx_word' id='word_1_362' title='bbox 515 2976 786 3034; x_wconf 88' lang='lat' dir='ltr'>querem.</span> <span class='ocrx_word' id='word_1_363' title='bbox 812 2960 927 3016; x_wconf 89' lang='lat' dir='ltr'>Sed</span> <span class='ocrx_word' id='word_1_364' title='bbox 967 2959 1111 3031; x_wconf 87' lang='lat' dir='ltr'>quia</span> <span class='ocrx_word' id='word_1_365' title='bbox 1150 2957 1469 3014; x_wconf 67' lang='lat' dir='ltr'>calumniae</span> <span class='ocrx_word' id='word_1_366' title='bbox 1504 2955 1735 3012; x_wconf 87' lang='lat' dir='ltr'>silentio</span> <span class='ocrx_word' id='word_1_367' title='bbox 1780 2971 1903 3011; x_wconf 89' lang='lat' dir='ltr'>non</span> <span class='ocrx_word' id='word_1_368' title='bbox 1931 2959 2174 3026; x_wconf 75' lang='lat' dir='ltr'>praeter-</span> 
     </span>
    </p>
   </div>
   <div class='ocr_carea' id='block_1_47' title="bbox 514 3043 2173 3117">
    <p class='ocr_par' dir='ltr' id='par_1_47' title="bbox 514 3043 2173 3117">
     <span class='ocr_line' id='line_1_48' title="bbox 514 3043 2173 3117; baseline -0.002 -15"><span class='ocrx_word' id='word_1_369' title='bbox 514 3047 842 3115; x_wconf 67' lang='lat' dir='ltr'>mittendis,</span> <span class='ocrx_word' id='word_1_370' title='bbox 874 3062 996 3102; x_wconf 89' lang='lat' dir='ltr'>non</span> <span class='ocrx_word' id='word_1_371' title='bbox 1024 3051 1089 3102; x_wconf 88' lang='lat' dir='ltr'>ut</span> <span class='ocrx_word' id='word_1_372' title='bbox 1125 3044 1595 3101; x_wconf 74' lang='lat' dir='ltr'>contradicendo</span> <span class='ocrx_word' id='word_1_373' title='bbox 1635 3060 1747 3101; x_wconf 89' lang='lat' dir='ltr'>nos</span> <span class='ocrx_word' id='word_1_374' title='bbox 1773 3044 1889 3117; x_wconf 90' lang='lat' dir='ltr'>ipsi</span> <span class='ocrx_word' id='word_1_375' title='bbox 1921 3043 2173 3100; x_wconf 82' lang='lat' dir='ltr'>ulcisca-</span> 
     </span>
    </p>
   </div>
   <div class='ocr_carea' id='block_1_48' title="bbox 510 3132 2175 3206">
    <p class='ocr_par' dir='ltr' id='par_1_48' title="bbox 510 3132 2175 3206">
     <span class='ocr_line' id='line_1_49' title="bbox 510 3132 2175 3206; baseline -0.002 -15"><span class='ocrx_word' id='word_1_376' title='bbox 510 3152 671 3203; x_wconf 89' lang='lat' dir='ltr'>mur,</span> <span class='ocrx_word' id='word_1_377' title='bbox 696 3135 797 3190; x_wconf 93' lang='lat' dir='ltr'>sed</span> <span class='ocrx_word' id='word_1_378' title='bbox 826 3152 900 3191; x_wconf 90' lang='lat' dir='ltr'>ne</span> <span class='ocrx_word' id='word_1_379' title='bbox 933 3135 1321 3191; x_wconf 88' lang='lat' dir='ltr'>mendacium</span> <span class='ocrx_word' id='word_1_380' title='bbox 1347 3133 1630 3206; x_wconf 84' lang='lat' dir='ltr'>progredi</span> <span class='ocrx_word' id='word_1_381' title='bbox 1659 3135 2017 3205; x_wconf 89' lang='lat' dir='ltr'>etdeceptos</span> <span class='ocrx_word' id='word_1_382' title='bbox 2037 3132 2175 3189; x_wconf 77' lang='lat' dir='ltr'>lsedi</span> 
     </span>
    </p>
   </div>
   <div class='ocr_carea' id='block_1_49' title="bbox 512 3223 2175 3297">
    <p class='ocr_par' dir='ltr' id='par_1_49' title="bbox 512 3223 2175 3297">
     <span class='ocr_line' id='line_1_50' title="bbox 512 3223 2175 3297; baseline -0.002 -17"><span class='ocrx_word' id='word_1_383' title='bbox 512 3226 1258 3297; x_wconf 88' lang='lat' dir='ltr'>patiamur,necessarium</span> <span class='ocrx_word' id='word_1_384' title='bbox 1288 3225 1488 3280; x_wconf 84' lang='lat' dir='ltr'>visum</span> <span class='ocrx_word' id='word_1_385' title='bbox 1519 3230 1606 3279; x_wconf 91' lang='lat' dir='ltr'>est</span> <span class='ocrx_word' id='word_1_386' title='bbox 1626 3224 1741 3280; x_wconf 89' lang='lat' dir='ltr'>hoc</span> <span class='ocrx_word' id='word_1_387' title='bbox 1770 3225 1954 3280; x_wconf 88' lang='lat' dir='ltr'>etiam</span> <span class='ocrx_word' id='word_1_388' title='bbox 1984 3223 2175 3279; x_wconf 57' lang='lat' dir='ltr'>omni.</span> 
     </span>
    </p>
   </div>
   <div class='ocr_carea' id='block_1_50' title="bbox 511 3312 2173 3386">
    <p class='ocr_par' dir='ltr' id='par_1_50' title="bbox 511 3312 2173 3386">
     <span class='ocr_line' id='line_1_51' title="bbox 511 3312 2173 3386; baseline -0.001 -18"><span class='ocrx_word' id='word_1_389' title='bbox 511 3313 629 3369; x_wconf 91' lang='lat' dir='ltr'>bus</span> <span class='ocrx_word' id='word_1_390' title='bbox 649 3319 1071 3385; x_wconf 87' lang='lat' dir='ltr'>proponere,et</span> <span class='ocrx_word' id='word_1_391' title='bbox 1091 3314 1424 3386; x_wconf 70' lang='lat' dir='ltr'>prudentia:</span> <span class='ocrx_word' id='word_1_392' title='bbox 1446 3318 1659 3369; x_wconf 76' lang='lat' dir='ltr'>vestras</span> <span class='ocrx_word' id='word_1_393' title='bbox 1678 3312 2173 3385; x_wconf 84' lang='lat' dir='ltr'>scribere,quam-</span> 
     </span>
    </p>
   </div>
   <div class='ocr_carea' id='block_1_51' title="bbox 512 3401 2174 3475">
    <p class='ocr_par' dir='ltr' id='par_1_51' title="bbox 512 3401 2174 3475">
     <span class='ocr_line' id='line_1_52' title="bbox 512 3401 2174 3475; baseline 0 -19"><span class='ocrx_word' id='word_1_394' title='bbox 512 3402 603 3457; x_wconf 86' lang='lat' dir='ltr'>vis</span> <span class='ocrx_word' id='word_1_395' title='bbox 634 3418 773 3457; x_wconf 88' lang='lat' dir='ltr'>cum</span> <span class='ocrx_word' id='word_1_396' title='bbox 804 3418 997 3474; x_wconf 89' lang='lat' dir='ltr'>nuper</span> <span class='ocrx_word' id='word_1_397' title='bbox 1037 3403 1141 3458; x_wconf 91' lang='lat' dir='ltr'>toti</span> <span class='ocrx_word' id='word_1_398' title='bbox 1176 3402 1550 3475; x_wconf 85' lang='lat' dir='ltr'>presbyterio</span> <span class='ocrx_word' id='word_1_399' title='bbox 1604 3403 2006 3458; x_wconf 80' lang='lat' dir='ltr'>communiter</span> <span class='ocrx_word' id='word_1_400' title='bbox 2036 3401 2174 3457; x_wconf 90' lang='lat' dir='ltr'>scri-</span> 
     </span>
    </p>
   </div>
   <div class='ocr_carea' id='block_1_52' title="bbox 512 3490 2174 3563">
    <p class='ocr_par' dir='ltr' id='par_1_52' title="bbox 512 3490 2174 3563">
     <span class='ocr_line' id='line_1_53' title="bbox 512 3490 2174 3563; baseline 0.002 -19"><span class='ocrx_word' id='word_1_401' title='bbox 512 3490 788 3563; x_wconf 88' lang='lat' dir='ltr'>psissem,</span> <span class='ocrx_word' id='word_1_402' title='bbox 822 3490 991 3547; x_wconf 89' lang='lat' dir='ltr'>nulla</span> <span class='ocrx_word' id='word_1_403' title='bbox 1010 3507 1105 3546; x_wconf 91' lang='lat' dir='ltr'>me</span> <span class='ocrx_word' id='word_1_404' title='bbox 1130 3492 1525 3563; x_wconf 89' lang='lat' dir='ltr'>responsione</span> <span class='ocrx_word' id='word_1_405' title='bbox 1564 3491 1796 3560; x_wconf 86' lang='lat' dir='ltr'>dignati</span> <span class='ocrx_word' id='word_1_406' title='bbox 1817 3491 1961 3546; x_wconf 83' lang='lat' dir='ltr'>sitis.</span> <span class='ocrx_word' id='word_1_407' title='bbox 1988 3490 2174 3547; x_wconf 83' lang='lat' dir='ltr'>Nolite</span> 
     </span>
    </p>
   </div>
   <div class='ocr_carea' id='block_1_53' title="bbox 514 3579 2175 3652">
    <p class='ocr_par' dir='ltr' id='par_1_53' title="bbox 514 3579 2175 3652">
     <span class='ocr_line' id='line_1_54' title="bbox 514 3579 2175 3652; baseline 0 -17"><span class='ocrx_word' id='word_1_408' title='bbox 514 3580 826 3641; x_wconf 84' lang='lat' dir='ltr'>assentari,</span> <span class='ocrx_word' id='word_1_409' title='bbox 856 3579 1293 3652; x_wconf 88' lang='lat' dir='ltr'>fratres,iis,qui</span> <span class='ocrx_word' id='word_1_410' title='bbox 1329 3595 1520 3652; x_wconf 89' lang='lat' dir='ltr'>prava</span> <span class='ocrx_word' id='word_1_411' title='bbox 1542 3580 1835 3650; x_wconf 86' lang='lat' dir='ltr'>dogmata</span> <span class='ocrx_word' id='word_1_412' title='bbox 1856 3580 1913 3635; x_wconf 91' lang='lat' dir='ltr'>in</span> <span class='ocrx_word' id='word_1_413' title='bbox 1938 3580 2175 3636; x_wconf 88' lang='lat' dir='ltr'>animos</span> 
     </span>
    </p>
   </div>
   <div class='ocr_carea' id='block_1_54' title="bbox 513 3668 2175 3742">
    <p class='ocr_par' dir='ltr' id='par_1_54' title="bbox 513 3668 2175 3742">
     <span class='ocr_line' id='line_1_55' title="bbox 513 3668 2175 3742; baseline 0 -19"><span class='ocrx_word' id='word_1_414' title='bbox 513 3675 744 3725; x_wconf 87' lang='lat' dir='ltr'>vestros</span> <span class='ocrx_word' id='word_1_415' title='bbox 778 3668 1112 3724; x_wconf 88' lang='lat' dir='ltr'>inducunt:</span> <span class='ocrx_word' id='word_1_416' title='bbox 1146 3684 1339 3741; x_wconf 91' lang='lat' dir='ltr'>neque</span> <span class='ocrx_word' id='word_1_417' title='bbox 1391 3668 1699 3741; x_wconf 90' lang='lat' dir='ltr'>despicite,</span> <span class='ocrx_word' id='word_1_418' title='bbox 1734 3669 1881 3724; x_wconf 91' lang='lat' dir='ltr'>dum</span> <span class='ocrx_word' id='word_1_419' title='bbox 1913 3669 2175 3742; x_wconf 89' lang='lat' dir='ltr'>populus</span> 
     </span>
    </p>
   </div>
   <div class='ocr_carea' id='block_1_55' title="bbox 516 3756 2176 3829">
    <p class='ocr_par' dir='ltr' id='par_1_55' title="bbox 516 3756 2176 3829">
     <span class='ocr_line' id='line_1_56' title="bbox 516 3756 2176 3829; baseline 0.001 -17"><span class='ocrx_word' id='word_1_420' title='bbox 516 3757 636 3821; x_wconf 90' lang='lat' dir='ltr'>Dei,</span> <span class='ocrx_word' id='word_1_421' title='bbox 664 3756 844 3813; x_wconf 81' lang='lat' dir='ltr'>vobis</span> <span class='ocrx_word' id='word_1_422' title='bbox 894 3756 1242 3819; x_wconf 89' lang='lat' dir='ltr'>scientibus,</span> <span class='ocrx_word' id='word_1_423' title='bbox 1275 3758 1453 3827; x_wconf 81' lang='lat'><strong>310</strong></span> <span class='ocrx_word' id='word_1_424' title='bbox 1508 3773 1615 3829; x_wconf 88' lang='lat' dir='ltr'>per</span> <span class='ocrx_word' id='word_1_425' title='bbox 1661 3757 1849 3829; x_wconf 89' lang='lat' dir='ltr'>impia</span> <span class='ocrx_word' id='word_1_426' title='bbox 1887 3757 2176 3827; x_wconf 86' lang='lat' dir='ltr'>dogmata</span> 
     </span>
    </p>
   </div>
   <div class='ocr_carea' id='block_1_56' title="bbox 515 3846 2171 3917">
    <p class='ocr_par' dir='ltr' id='par_1_56' title="bbox 515 3846 2171 3917">
     <span class='ocr_line' id='line_1_57' title="bbox 515 3846 2171 3917; baseline 0.001 -17"><span class='ocrx_word' id='word_1_427' title='bbox 515 3846 900 3901; x_wconf 82' lang='lat' dir='ltr'>subvertitur.</span> <span class='ocrx_word' id='word_1_428' title='bbox 953 3846 1247 3903; x_wconf 89' lang='lat' dir='ltr'>Sabellius</span> <span class='ocrx_word' id='word_1_429' title='bbox 1300 3846 1437 3901; x_wconf 81' lang='lat' dir='ltr'>Afer</span> <span class='ocrx_word' id='word_1_430' title='bbox 1484 3851 1541 3901; x_wconf 92' lang='lat' dir='ltr'>et</span> <span class='ocrx_word' id='word_1_431' title='bbox 1589 3846 1893 3902; x_wconf 82' lang='lat' dir='ltr'>Marcellus</span> <span class='ocrx_word' id='word_1_432' title='bbox 1944 3847 2171 3917; x_wconf 88' lang='lat' dir='ltr'>Galata,</span> 
     </span>
    </p>
   </div>
   <div class='ocr_carea' id='block_1_57' title="bbox 516 3920 2172 4004">
    <p class='ocr_par' dir='ltr' id='par_1_57' title="bbox 516 3920 2172 4004">
     <span class='ocr_line' id='line_1_58' title="bbox 516 3920 2172 4004; baseline 0.002 -16"><span class='ocrx_word' id='word_1_433' title='bbox 516 3934 625 3989; x_wconf 90' lang='lat' dir='ltr'>soli</span> <span class='ocrx_word' id='word_1_434' title='bbox 646 3950 719 3989; x_wconf 82' lang='lat' dir='ltr'>ex</span> <span class='ocrx_word' id='word_1_435' title='bbox 743 3935 1029 3990; x_wconf 89' lang='lat' dir='ltr'>omnibus</span> <span class='ocrx_word' id='word_1_436' title='bbox 1051 3951 1120 3989; x_wconf 89' lang='lat' dir='ltr'>ea</span> <span class='ocrx_word' id='word_1_437' title='bbox 1146 3935 1276 3990; x_wconf 90' lang='lat' dir='ltr'>ausi</span> <span class='ocrx_word' id='word_1_438' title='bbox 1310 3939 1449 3990; x_wconf 90' lang='lat' dir='ltr'>sunt</span> <span class='ocrx_word' id='word_1_439' title='bbox 1470 3940 1526 3990; x_wconf 90' lang='lat' dir='ltr'>et</span> <span class='ocrx_word' id='word_1_440' title='bbox 1545 3935 1784 4003; x_wconf 89' lang='lat' dir='ltr'>docere,</span> <span class='ocrx_word' id='word_1_441' title='bbox 1811 3940 1867 3991; x_wconf 89' lang='lat' dir='ltr'>et</span> <span class='ocrx_word' id='word_1_442' title='bbox 1893 3920 2172 4004; x_wconf 84' lang='lat' dir='ltr'>scribere,</span> 
     </span>
    </p>
   </div>
   <div class='ocr_carea' id='block_1_58' title="bbox 516 4021 2172 4095">
    <p class='ocr_par' dir='ltr' id='par_1_58' title="bbox 516 4021 2172 4095">
     <span class='ocr_line' id='line_1_59' title="bbox 516 4021 2172 4095; baseline 0.004 -20"><span class='ocrx_word' id='word_1_443' title='bbox 516 4037 653 4093; x_wconf 65' lang='lat' dir='ltr'>quas</span> <span class='ocrx_word' id='word_1_444' title='bbox 694 4038 857 4077; x_wconf 92' lang='lat' dir='ltr'>nunc</span> <span class='ocrx_word' id='word_1_445' title='bbox 888 4023 1052 4094; x_wconf 90' lang='lat' dir='ltr'>apud</span> <span class='ocrx_word' id='word_1_446' title='bbox 1078 4038 1209 4089; x_wconf 92' lang='lat' dir='ltr'>vos,</span> <span class='ocrx_word' id='word_1_447' title='bbox 1242 4021 1403 4078; x_wconf 89' lang='lat' dir='ltr'>velut</span> <span class='ocrx_word' id='word_1_448' title='bbox 1453 4039 1565 4079; x_wconf 91' lang='lat' dir='ltr'>sua</span> <span class='ocrx_word' id='word_1_449' title='bbox 1610 4023 1881 4095; x_wconf 89' lang='lat' dir='ltr'>ipsorum</span> <span class='ocrx_word' id='word_1_450' title='bbox 1909 4023 2172 4093; x_wconf 88' lang='lat' dir='ltr'>inventa,</span> 
     </span>
    </p>
   </div>
   <div class='ocr_carea' id='block_1_59' title="bbox 518 4108 2177 4183">
    <p class='ocr_par' dir='ltr' id='par_1_59' title="bbox 518 4108 2177 4183">
     <span class='ocr_line' id='line_1_60' title="bbox 518 4108 2177 4183; baseline 0.003 -19"><span class='ocrx_word' id='word_1_451' title='bbox 518 4108 783 4180; x_wconf 86' lang='lat' dir='ltr'>proferre</span> <span class='ocrx_word' id='word_1_452' title='bbox 804 4110 1238 4179; x_wconf 85' lang='lat' dir='ltr'>aggrediuntur</span> <span class='ocrx_word' id='word_1_453' title='bbox 1255 4109 1461 4182; x_wconf 89' lang='lat' dir='ltr'>populi</span> <span class='ocrx_word' id='word_1_454' title='bbox 1484 4110 1904 4181; x_wconf 89' lang='lat' dir='ltr'>duces,lingua</span> <span class='ocrx_word' id='word_1_455' title='bbox 1928 4118 2177 4183; x_wconf 90' lang='lat' dir='ltr'>perstre-</span> 
     </span>
    </p>
   </div>
   <div class='ocr_carea' id='block_1_60' title="bbox 514 4197 2175 4271">
    <p class='ocr_par' dir='ltr' id='par_1_60' title="bbox 514 4197 2175 4271">
     <span class='ocr_line' id='line_1_61' title="bbox 514 4197 2175 4271; baseline 0.003 -19"><span class='ocrx_word' id='word_1_456' title='bbox 514 4202 751 4271; x_wconf 90' lang='lat' dir='ltr'>pentes,</span> <span class='ocrx_word' id='word_1_457' title='bbox 782 4197 888 4253; x_wconf 88' lang='lat' dir='ltr'>sed</span> <span class='ocrx_word' id='word_1_458' title='bbox 928 4214 1002 4253; x_wconf 90' lang='lat' dir='ltr'>ne</span> <span class='ocrx_word' id='word_1_459' title='bbox 1045 4198 1585 4253; x_wconf 87' lang='lat' dir='ltr'>verisimilitudinis</span> <span class='ocrx_word' id='word_1_460' title='bbox 1633 4199 1881 4270; x_wconf 89' lang='lat' dir='ltr'>quidem</span> <span class='ocrx_word' id='word_1_461' title='bbox 1912 4200 2175 4257; x_wconf 89' lang='lat' dir='ltr'>colorem</span> 
     </span>
    </p>
   </div>
   <div class='ocr_carea' id='block_1_61' title="bbox 518 4286 2178 4347">
    <p class='ocr_par' dir='ltr' id='par_1_61' title="bbox 518 4286 2178 4347">
     <span class='ocr_line' id='line_1_62' title="bbox 518 4286 2178 4347; baseline 0.004 -6"><span class='ocrx_word' id='word_1_462' title='bbox 518 4286 612 4341; x_wconf 87' lang='lat' dir='ltr'>his</span> <span class='ocrx_word' id='word_1_463' title='bbox 670 4286 827 4343; x_wconf 88' lang='lat' dir='ltr'>tricis</span> <span class='ocrx_word' id='word_1_464' title='bbox 884 4293 938 4343; x_wconf 89' lang='lat' dir='ltr'>et</span> <span class='ocrx_word' id='word_1_465' title='bbox 970 4286 1453 4343; x_wconf 84' lang='lat' dir='ltr'>cavillationibus</span> <span class='ocrx_word' id='word_1_466' title='bbox 1508 4288 1736 4343; x_wconf 88' lang='lat' dir='ltr'>illinere</span> <span class='ocrx_word' id='word_1_467' title='bbox 1791 4289 2075 4345; x_wconf 88' lang='lat' dir='ltr'>valentes.</span> <span class='ocrx_word' id='word_1_468' title='bbox 2112 4291 2178 4347; x_wconf 85' lang='lat' dir='ltr'>Hi</span> 
     </span>
    </p>
   </div>
   <div class='ocr_carea' id='block_1_62' title="bbox 518 4375 2177 4449">
    <p class='ocr_par' dir='ltr' id='par_1_62' title="bbox 518 4375 2177 4449">
     <span class='ocr_line' id='line_1_63' title="bbox 518 4375 2177 4449; baseline 0.002 -17"><span class='ocrx_word' id='word_1_469' title='bbox 518 4376 704 4432; x_wconf 88' lang='lat' dir='ltr'>fanda</span> <span class='ocrx_word' id='word_1_470' title='bbox 736 4382 916 4449; x_wconf 91' lang='lat' dir='ltr'>atque</span> <span class='ocrx_word' id='word_1_471' title='bbox 946 4375 1213 4431; x_wconf 81' lang='lat' dir='ltr'>nefanda</span> <span class='ocrx_word' id='word_1_472' title='bbox 1236 4377 1297 4431; x_wconf 91' lang='lat' dir='ltr'>in</span> <span class='ocrx_word' id='word_1_473' title='bbox 1322 4391 1435 4431; x_wconf 88' lang='lat' dir='ltr'>nos</span> <span class='ocrx_word' id='word_1_474' title='bbox 1464 4376 1980 4446; x_wconf 88' lang='lat' dir='ltr'>concionantur,et</span> <span class='ocrx_word' id='word_1_475' title='bbox 2010 4380 2177 4435; x_wconf 87' lang='lat' dir='ltr'>omni</span> 
     </span>
    </p>
   </div>
   <div class='ocr_carea' id='block_1_63' title="bbox 519 4464 2175 4535">
    <p class='ocr_par' dir='ltr' id='par_1_63' title="bbox 519 4464 2175 4535">
     <span class='ocr_line' id='line_1_64' title="bbox 519 4464 2175 4535; baseline 0.002 -14"><span class='ocrx_word' id='word_1_476' title='bbox 519 4464 707 4521; x_wconf 89' lang='lat' dir='ltr'>modo</span> <span class='ocrx_word' id='word_1_477' title='bbox 773 4481 1172 4535; x_wconf 85' lang='lat' dir='ltr'>congressum</span> <span class='ocrx_word' id='word_1_478' title='bbox 1228 4471 1501 4521; x_wconf 90' lang='lat' dir='ltr'>nostrum</span> <span class='ocrx_word' id='word_1_479' title='bbox 1550 4465 1871 4523; x_wconf 88' lang='lat' dir='ltr'>declinant.</span> <span class='ocrx_word' id='word_1_480' title='bbox 1917 4470 2175 4533; x_wconf 87' lang='lat' dir='ltr'>Quamo-</span> 
     </span>
    </p>
   </div>
   <div class='ocr_carea' id='block_1_64' title="bbox 519 4554 2177 4628">
    <p class='ocr_par' dir='ltr' id='par_1_64' title="bbox 519 4554 2177 4628">
     <span class='ocr_line' id='line_1_65' title="bbox 519 4554 2177 4628; baseline 0.003 -19"><span class='ocrx_word' id='word_1_481' title='bbox 519 4554 724 4610; x_wconf 88' lang='lat' dir='ltr'>brem?</span> <span class='ocrx_word' id='word_1_482' title='bbox 747 4557 953 4610; x_wconf 84' lang='lat' dir='ltr'>Nonne</span> <span class='ocrx_word' id='word_1_483' title='bbox 976 4554 1120 4627; x_wconf 90' lang='lat' dir='ltr'>quia</span> <span class='ocrx_word' id='word_1_484' title='bbox 1140 4554 1348 4609; x_wconf 88' lang='lat' dir='ltr'>timent</span> <span class='ocrx_word' id='word_1_485' title='bbox 1367 4570 1440 4609; x_wconf 89' lang='lat' dir='ltr'>ne</span> <span class='ocrx_word' id='word_1_486' title='bbox 1462 4556 1536 4610; x_wconf 88' lang='lat' dir='ltr'>de</span> <span class='ocrx_word' id='word_1_487' title='bbox 1558 4556 1761 4625; x_wconf 89' lang='lat' dir='ltr'>pravis</span> <span class='ocrx_word' id='word_1_488' title='bbox 1783 4557 1907 4612; x_wconf 90' lang='lat' dir='ltr'>suis</span> <span class='ocrx_word' id='word_1_489' title='bbox 1926 4557 2177 4628; x_wconf 87' lang='lat' dir='ltr'>dogma-</span> 
     </span>
    </p>
   </div>
   <div class='ocr_carea' id='block_1_65' title="bbox 521 4640 2173 4716">
    <p class='ocr_par' dir='ltr' id='par_1_65' title="bbox 521 4640 2173 4716">
     <span class='ocr_line' id='line_1_66' title="bbox 521 4640 2173 4716; baseline 0.004 -20"><span class='ocrx_word' id='word_1_490' title='bbox 521 4640 684 4696; x_wconf 87' lang='lat' dir='ltr'>tibus</span> <span class='ocrx_word' id='word_1_491' title='bbox 708 4642 1079 4710; x_wconf 83' lang='lat' dir='ltr'>arguantur?</span> <span class='ocrx_word' id='word_1_492' title='bbox 1098 4642 1160 4695; x_wconf 81' lang='lat' dir='ltr'>ili</span> <span class='ocrx_word' id='word_1_493' title='bbox 1182 4641 1456 4697; x_wconf 89' lang='lat' dir='ltr'>videlicet</span> <span class='ocrx_word' id='word_1_494' title='bbox 1475 4658 1547 4698; x_wconf 91' lang='lat' dir='ltr'>eo</span> <span class='ocrx_word' id='word_1_495' title='bbox 1570 4659 1761 4715; x_wconf 89' lang='lat' dir='ltr'>usque</span> <span class='ocrx_word' id='word_1_496' title='bbox 1781 4645 2173 4716; x_wconf 58' lang='lat' dir='ltr'>impudentiae</span> 
     </span>
    </p>
   </div>
   <div class='ocr_carea' id='block_1_66' title="bbox 524 4730 2175 4805">
    <p class='ocr_par' dir='ltr' id='par_1_66' title="bbox 524 4730 2175 4805">
     <span class='ocr_line' id='line_1_67' title="bbox 524 4730 2175 4805; baseline 0.003 -19"><span class='ocrx_word' id='word_1_497' title='bbox 524 4738 733 4786; x_wconf 88' lang='lat' dir='ltr'>contra</span> <span class='ocrx_word' id='word_1_498' title='bbox 761 4747 873 4786; x_wconf 89' lang='lat' dir='ltr'>nos</span> <span class='ocrx_word' id='word_1_499' title='bbox 906 4730 1199 4787; x_wconf 85' lang='lat' dir='ltr'>devenere</span> <span class='ocrx_word' id='word_1_500' title='bbox 1228 4735 1293 4786; x_wconf 92' lang='lat' dir='ltr'>ut</span> <span class='ocrx_word' id='word_1_501' title='bbox 1322 4737 1378 4787; x_wconf 91' lang='lat' dir='ltr'>et</span> <span class='ocrx_word' id='word_1_502' title='bbox 1398 4732 1633 4788; x_wconf 89' lang='lat' dir='ltr'>somnia</span> <span class='ocrx_word' id='word_1_503' title='bbox 1664 4733 1948 4805; x_wconf 72' lang='lat' dir='ltr'>quaedam</span> <span class='ocrx_word' id='word_1_504' title='bbox 1977 4735 2040 4790; x_wconf 92' lang='lat' dir='ltr'>in</span> <span class='ocrx_word' id='word_1_505' title='bbox 2062 4752 2175 4793; x_wconf 89' lang='lat' dir='ltr'>nos</span> 
     </span>
    </p>
   </div>
   <div class='ocr_carea' id='block_1_67' title="bbox 595 4854 1621 4926">
    <p class='ocr_par' dir='ltr' id='par_1_67' title="bbox 595 4854 1621 4926">
     <span class='ocr_line' id='line_1_68' title="bbox 595 4854 1621 4926; baseline 0.003 -16"><span class='ocrx_word' id='word_1_506' title='bbox 595 4859 614 4879; x_wconf 84' lang='grc'><strong>·</strong></span> <span class='ocrx_word' id='word_1_507' title='bbox 645 4855 804 4910; x_wconf 83' lang='lat' dir='ltr'>Alias</span> <span class='ocrx_word' id='word_1_508' title='bbox 836 4856 1012 4911; x_wconf 84' lang='lat' dir='ltr'>LXIII.</span> <span class='ocrx_word' id='word_1_509' title='bbox 1046 4854 1277 4926; x_wconf 89' lang='lat' dir='ltr'>Scripta</span> <span class='ocrx_word' id='word_1_510' title='bbox 1304 4871 1465 4912; x_wconf 90' lang='lat' dir='ltr'>anno</span> <span class='ocrx_word' id='word_1_511' title='bbox 1496 4860 1621 4914; x_wconf 84' lang='lat'>375.</span> 
     </span>
    </p>
   </div>
   <div class='ocr_carea' id='block_1_68' title="bbox 596 4929 2171 4998">
    <p class='ocr_par' dir='ltr' id='par_1_68' title="bbox 596 4929 2171 4998">
     <span class='ocr_line' id='line_1_69' title="bbox 596 4929 2171 4998; baseline 0.004 -17"><span class='ocrx_word' id='word_1_512' title='bbox 596 4930 705 4996; x_wconf 85' lang='lat'>(86)</span> <span class='ocrx_word' id='word_1_513' title='bbox 748 4931 895 4979; x_wconf 81' lang='grc' dir='ltr'>Κατὰ</span> <span class='ocrx_word' id='word_1_514' title='bbox 931 4931 1357 4998; x_wconf 81' lang='grc' dir='ltr'>Νεοκαισάρειαν.</span> <span class='ocrx_word' id='word_1_515' title='bbox 1392 4929 1473 4982; x_wconf 87' lang='lat' dir='ltr'>Ita</span> <span class='ocrx_word' id='word_1_516' title='bbox 1538 4944 1685 4984; x_wconf 85' lang='lat' dir='ltr'>mss.</span> <span class='ocrx_word' id='word_1_517' title='bbox 1734 4932 1850 4985; x_wconf 90' lang='lat' dir='ltr'>tres</span> <span class='ocrx_word' id='word_1_518' title='bbox 1900 4932 2171 4987; x_wconf 90' lang='lat' dir='ltr'>vetustis-</span> 
     </span>
    </p>
   </div>
   <div class='ocr_carea' id='block_1_69' title="bbox 523 4998 2172 5065">
    <p class='ocr_par' dir='ltr' id='par_1_69' title="bbox 523 4998 2172 5065">
     <span class='ocr_line' id='line_1_70' title="bbox 523 4998 2172 5065; baseline 0.004 -12"><span class='ocrx_word' id='word_1_519' title='bbox 523 4998 661 5053; x_wconf 90' lang='lat' dir='ltr'>simi</span> <span class='ocrx_word' id='word_1_520' title='bbox 681 5014 819 5052; x_wconf 89' lang='lat' dir='ltr'>cum</span> <span class='ocrx_word' id='word_1_521' title='bbox 842 4998 1081 5053; x_wconf 86' lang='lat' dir='ltr'>duobus</span> <span class='ocrx_word' id='word_1_522' title='bbox 1113 5000 1306 5065; x_wconf 79' lang='lat' dir='ltr'>Regiis</span> <span class='ocrx_word' id='word_1_523' title='bbox 1336 5004 1392 5054; x_wconf 92' lang='lat' dir='ltr'>et</span> <span class='ocrx_word' id='word_1_524' title='bbox 1421 4999 1589 5054; x_wconf 86' lang='lat' dir='ltr'>Cois].</span> <span class='ocrx_word' id='word_1_525' title='bbox 1626 5000 1913 5057; x_wconf 89' lang='lat' dir='ltr'>secundo.</span> <span class='ocrx_word' id='word_1_526' title='bbox 1947 5003 2089 5059; x_wconf 79' lang='lat' dir='ltr'>Male</span> <span class='ocrx_word' id='word_1_527' title='bbox 2113 5006 2172 5059; x_wconf 92' lang='lat' dir='ltr'>in</span> 
     </span>
    </p>
   </div>
   <div class='ocr_carea' id='block_1_70' title="bbox 524 5070 2249 5144">
    <p class='ocr_par' dir='ltr' id='par_1_70' title="bbox 524 5070 2249 5144">
     <span class='ocr_line' id='line_1_71' title="bbox 524 5070 2249 5144; baseline 0.004 -25"><span class='ocrx_word' id='word_1_528' title='bbox 524 5070 699 5144; x_wconf 65' lang='lat' dir='ltr'>editis</span> <span class='ocrx_word' id='word_1_529' title='bbox 726 5072 859 5144; x_wconf 55' lang='grc' dir='ltr'>καίὰ</span> <span class='ocrx_word' id='word_1_530' title='bbox 908 5072 1330 5141; x_wconf 72' lang='grc' dir='ltr'>Νεοκαισαρείας.</span> <span class='ocrx_word' id='word_1_531' title='bbox 1366 5072 1682 5144; x_wconf 65' lang='lat' dir='ltr'>Nonenim</span> <span class='ocrx_word' id='word_1_532' title='bbox 1716 5072 1799 5125; x_wconf 79' lang='lat' dir='ltr'>sic</span> <span class='ocrx_word' id='word_1_533' title='bbox 1828 5072 1992 5144; x_wconf 84' lang='lat' dir='ltr'>loqui</span> <span class='ocrx_word' id='word_1_534' title='bbox 2025 5075 2177 5130; x_wconf 90' lang='lat' dir='ltr'>solct</span> <span class='ocrx_word' id='word_1_535' title='bbox 2207 5071 2249 5126; x_wconf 88' lang='lat' dir='ltr'>D</span> 
     </span>
    </p>
   </div>
   <div class='ocr_carea' id='block_1_71' title="bbox 525 5140 2175 5212">
    <p class='ocr_par' dir='ltr' id='par_1_71' title="bbox 525 5140 2175 5212">
     <span class='ocr_line' id='line_1_72' title="bbox 525 5140 2175 5212; baseline 0.002 -16"><span class='ocrx_word' id='word_1_536' title='bbox 525 5140 945 5196; x_wconf 81' lang='lat' dir='ltr'>Basilius.Post</span> <span class='ocrx_word' id='word_1_537' title='bbox 974 5156 1088 5212; x_wconf 90' lang='lat' dir='ltr'>ope</span> <span class='ocrx_word' id='word_1_538' title='bbox 1110 5148 1375 5195; x_wconf 88' lang='lat' dir='ltr'>veterum</span> <span class='ocrx_word' id='word_1_539' title='bbox 1408 5140 1686 5196; x_wconf 86' lang='lat' dir='ltr'>codicum</span> <span class='ocrx_word' id='word_1_540' title='bbox 1715 5140 2175 5200; x_wconf 79' lang='lat' dir='ltr'>emendavimus</span> 
     </span>
    </p>
   </div>
   <div class='ocr_carea' id='block_1_72' title="bbox 522 5212 2174 5284">
    <p class='ocr_par' dir='ltr' id='par_1_72' title="bbox 522 5212 2174 5284">
     <span class='ocr_line' id='line_1_73' title="bbox 522 5212 2174 5284; baseline 0.004 -20"><span class='ocrx_word' id='word_1_541' title='bbox 522 5213 689 5284; x_wconf 89' lang='lat' dir='ltr'>quod</span> <span class='ocrx_word' id='word_1_542' title='bbox 751 5212 959 5284; x_wconf 85' lang='lat' dir='ltr'>minus</span> <span class='ocrx_word' id='word_1_543' title='bbox 1025 5217 1299 5266; x_wconf 89' lang='lat' dir='ltr'>accurate</span> <span class='ocrx_word' id='word_1_544' title='bbox 1368 5213 1654 5284; x_wconf 84' lang='lat' dir='ltr'>scriptum</span> <span class='ocrx_word' id='word_1_545' title='bbox 1725 5219 1851 5268; x_wconf 87' lang='lat' dir='ltr'>erat</span> <span class='ocrx_word' id='word_1_546' title='bbox 1897 5216 1957 5269; x_wconf 92' lang='lat' dir='ltr'>in</span> <span class='ocrx_word' id='word_1_547' title='bbox 2001 5217 2174 5271; x_wconf 89' lang='lat' dir='ltr'>editis</span> 
     </span>
    </p>
   </div>
   <div class='ocr_carea' id='block_1_73' title="bbox 522 5282 2174 5354">
    <p class='ocr_par' dir='ltr' id='par_1_73' title="bbox 522 5282 2174 5354">
     <span class='ocr_line' id='line_1_74' title="bbox 522 5282 2174 5354; baseline 0.008 -26"><span class='ocrx_word' id='word_1_548' title='bbox 522 5282 711 5354; x_wconf 73' lang='grc' dir='ltr'>μέχρις</span> <span class='ocrx_word' id='word_1_549' title='bbox 742 5282 849 5343; x_wconf 83' lang='grc' dir='ltr'>ἐνός</span> <span class='ocrx_word' id='word_1_550' title='bbox 880 5288 935 5337; x_wconf 91' lang='lat' dir='ltr'>et</span> <span class='ocrx_word' id='word_1_551' title='bbox 980 5291 1153 5334; x_wconf 83' lang='grc' dir='ltr'>πεσεῖν</span> <span class='ocrx_word' id='word_1_552' title='bbox 1200 5287 1291 5339; x_wconf 74' lang='grc' dir='ltr'>τὴν</span> <span class='ocrx_word' id='word_1_553' title='bbox 1344 5286 1572 5353; x_wconf 79' lang='grc' dir='ltr'>ἐμαυτοῦ</span> <span class='ocrx_word' id='word_1_554' title='bbox 1620 5282 1806 5340; x_wconf 77' lang='grc' dir='ltr'>λύπην.</span> <span class='ocrx_word' id='word_1_555' title='bbox 1844 5288 1903 5340; x_wconf 84' lang='lat' dir='ltr'>in</span> <span class='ocrx_word' id='word_1_556' title='bbox 1934 5286 2174 5342; x_wconf 83' lang='lat' dir='ltr'>duobus</span> 
     </span>
    </p>
   </div>
   <div class='ocr_carea' id='block_1_74' title="bbox 521 5354 2169 5428">
    <p class='ocr_par' dir='ltr' id='par_1_74' title="bbox 521 5354 2169 5428">
     <span class='ocr_line' id='line_1_75' title="bbox 521 5354 2169 5428; baseline 0.004 -20"><span class='ocrx_word' id='word_1_557' title='bbox 521 5355 1204 5428; x_wconf 80' lang='lat' dir='ltr'>tamcn_reccntioribus</span> <span class='ocrx_word' id='word_1_558' title='bbox 1254 5370 1401 5428; x_wconf 78' lang='lat' dir='ltr'>mss.</span> <span class='ocrx_word' id='word_1_559' title='bbox 1432 5358 1492 5428; x_wconf 83' lang='lat' dir='ltr'>et</span> <span class='ocrx_word' id='word_1_560' title='bbox 1528 5354 1586 5407; x_wconf 86' lang='lat' dir='ltr'>in</span> <span class='ocrx_word' id='word_1_561' title='bbox 1619 5354 1982 5411; x_wconf 82' lang='lat' dir='ltr'>cditionibus</span> <span class='ocrx_word' id='word_1_562' title='bbox 2024 5361 2169 5428; x_wconf 84' lang='lat' dir='ltr'>llag.</span> 
     </span>
    </p>
   </div>
   <div class='ocr_carea' id='block_1_75' title="bbox 522 5424 1812 5493">
    <p class='ocr_par' dir='ltr' id='par_1_75' title="bbox 522 5424 1812 5493">
     <span class='ocr_line' id='line_1_76' title="bbox 522 5424 1812 5493; baseline 0.001 -15"><span class='ocrx_word' id='word_1_563' title='bbox 522 5432 578 5478; x_wconf 87' lang='lat' dir='ltr'>et</span> <span class='ocrx_word' id='word_1_564' title='bbox 605 5425 774 5480; x_wconf 85' lang='lat' dir='ltr'>Basil.</span> <span class='ocrx_word' id='word_1_565' title='bbox 807 5425 1021 5493; x_wconf 79' lang='lat' dir='ltr'>legitur</span> <span class='ocrx_word' id='word_1_566' title='bbox 1049 5429 1280 5493; x_wconf 76' lang='grc' dir='ltr'>πέσσειν.</span> <span class='ocrx_word' id='word_1_567' title='bbox 1317 5424 1503 5480; x_wconf 80' lang='lat' dir='ltr'>Paris.</span> <span class='ocrx_word' id='word_1_568' title='bbox 1535 5428 1563 5477; x_wconf 81' lang='grc'>2</span> <span class='ocrx_word' id='word_1_569' title='bbox 1587 5429 1812 5479; x_wconf 84' lang='grc' dir='ltr'>πέπτειν.</span> 
     </span>
    </p>
   </div>
   <div class='ocr_carea' id='block_1_76' title="bbox 593 5492 2171 5567">
    <p class='ocr_par' dir='ltr' id='par_1_76' title="bbox 593 5492 2171 5567">
     <span class='ocr_line' id='line_1_77' title="bbox 593 5492 2171 5567; baseline 0.007 -22"><span class='ocrx_word' id='word_1_570' title='bbox 593 5497 709 5567; x_wconf 79' lang='lat'>(87)</span> <span class='ocrx_word' id='word_1_571' title='bbox 744 5492 888 5567; x_wconf 71' lang='grc' dir='ltr'>Πρὸς</span> <span class='ocrx_word' id='word_1_572' title='bbox 916 5497 1009 5556; x_wconf 82' lang='grc' dir='ltr'>τὰς</span> <span class='ocrx_word' id='word_1_573' title='bbox 1041 5492 1284 5554; x_wconf 72' lang='grc' dir='ltr'>διαϐολὰς</span> <span class='ocrx_word' id='word_1_574' title='bbox 1312 5502 1384 5566; x_wconf 78' lang='grc' dir='ltr'>μή</span> <span class='ocrx_word' id='word_1_575' title='bbox 1419 5496 1689 5567; x_wconf 77' lang='lat' dir='ltr'>Quinque</span> <span class='ocrx_word' id='word_1_576' title='bbox 1756 5496 1991 5553; x_wconf 88' lang='lat' dir='ltr'>codices</span> <span class='ocrx_word' id='word_1_577' title='bbox 2047 5516 2171 5556; x_wconf 84' lang='lat' dir='ltr'>non</span> 
     </span>
    </p>
   </div>
   <div class='ocr_carea' id='block_1_77' title="bbox 522 5513 2171 5641">
    <p class='ocr_par' dir='ltr' id='par_1_77' title="bbox 522 5513 2171 5641">
     <span class='ocr_line' id='line_1_78' title="bbox 593 5513 2171 5567; baseline 0.007 -22"><span class='ocrx_word' id='word_1_578' title='bbox 593 5513 709 5563; x_wconf 76' lang='grc' dir='ltr'>(δι’)</span> <span class='ocrx_word' id='word_1_579' title='bbox 754 5513 888 5567; x_wconf 83' lang='grc' dir='ltr'>ιιρος</span> <span class='ocrx_word' id='word_1_580' title='bbox 916 5516 1009 5556; x_wconf 82' lang='grc' dir='ltr'>τας</span> <span class='ocrx_word' id='word_1_581' title='bbox 1041 5513 1284 5554; x_wconf 60' lang='lat' dir='ltr'>omnem;</span> <span class='ocrx_word' id='word_1_582' title='bbox 1312 5515 1384 5566; x_wconf 86' lang='grc' dir='ltr'>μη</span> <span class='ocrx_word' id='word_1_583' title='bbox 1419 5513 1567 5559; x_wconf 71' lang='lat' dir='ltr'>Qum</span> <span class='ocrx_word' id='word_1_584' title='bbox 1618 5513 1689 5550; x_wconf 91' lang='lat' dir='ltr'>ue</span> <span class='ocrx_word' id='word_1_585' title='bbox 1756 5513 1991 5553; x_wconf 71' lang='lat' dir='ltr'>counces</span> <span class='ocrx_word' id='word_1_586' title='bbox 2047 5516 2171 5556; x_wconf 85' lang='lat' dir='ltr'>non</span> 
     </span>
     <span class='ocr_line' id='line_1_79' title="bbox 522 5513 2171 5641; baseline 0.007 -24"><span class='ocrx_word' id='word_1_587' title='bbox 522 5564 923 5636; x_wconf 87' lang='lat' dir='ltr'>antiquissimi</span> <span class='ocrx_word' id='word_1_588' title='bbox 962 5572 1095 5637; x_wconf 78' lang='grc' dir='ltr'>μήτε</span> <span class='ocrx_word' id='word_1_589' title='bbox 1140 5568 1393 5641; x_wconf 70' lang='grc' dir='ltr'>πρὸςιτάς</span> <span class='ocrx_word' id='word_1_590' title='bbox 1437 5513 1706 5629; x_wconf 72' lang='grc' dir='ltr'>ὃιαϐόλάς.</span> <span class='ocrx_word' id='word_1_591' title='bbox 1733 5569 1823 5626; x_wconf 87' lang='lat' dir='ltr'>Ne</span> <span class='ocrx_word' id='word_1_592' title='bbox 1851 5571 2171 5629; x_wconf 70' lang='lat' dir='ltr'>calumnia:</span> 
     </span>
    </p>
   </div>
   <div class='ocr_carea' id='block_1_78' title="bbox 2465 2404 3689 2480">
    <p class='ocr_par' dir='ltr' id='par_1_78' title="bbox 2465 2404 3689 2480">
     <span class='ocr_line' id='line_1_80' title="bbox 2465 2404 3689 2480; baseline -0.001 -23"><span class='ocrx_word' id='word_1_593' title='bbox 2465 2412 2585 2467; x_wconf 85' lang='grc' dir='ltr'>Τοῖς</span> <span class='ocrx_word' id='word_1_594' title='bbox 2622 2408 2757 2457; x_wconf 86' lang='grc' dir='ltr'>κατά</span> <span class='ocrx_word' id='word_1_595' title='bbox 2794 2407 3205 2478; x_wconf 80' lang='grc' dir='ltr'>Νεοκαισάρειαν</span> <span class='ocrx_word' id='word_1_596' title='bbox 3249 2406 3368 2475; x_wconf 80' lang='grc'>(86)</span> <span class='ocrx_word' id='word_1_597' title='bbox 3408 2404 3689 2480; x_wconf 87' lang='grc' dir='ltr'>κληρικοῖς,</span> 
     </span>
    </p>
   </div>
   <div class='ocr_carea' id='block_1_79' title="bbox 2362 2511 3848 2586">
    <p class='ocr_par' dir='ltr' id='par_1_79' title="bbox 2362 2511 3848 2586">
     <span class='ocr_line' id='line_1_81' title="bbox 2362 2511 3848 2586; baseline -0.004 -19"><span class='ocrx_word' id='word_1_598' title='bbox 2362 2511 2498 2567; x_wconf 79' lang='grc' dir='ltr'><strong>1.Ἠ</strong></span> <span class='ocrx_word' id='word_1_599' title='bbox 2556 2515 2645 2584; x_wconf 73' lang='grc' dir='ltr'>μὲν</span> <span class='ocrx_word' id='word_1_600' title='bbox 2698 2517 2971 2585; x_wconf 76' lang='grc' dir='ltr'>συμφωνία</span> <span class='ocrx_word' id='word_1_601' title='bbox 3030 2520 3122 2565; x_wconf 90' lang='grc' dir='ltr'>τοῦ</span> <span class='ocrx_word' id='word_1_602' title='bbox 3180 2512 3303 2566; x_wconf 85' lang='grc' dir='ltr'>καθ’</span> <span class='ocrx_word' id='word_1_603' title='bbox 3361 2515 3504 2586; x_wconf 75' lang='grc' dir='ltr'>ἡμῶν</span> <span class='ocrx_word' id='word_1_604' title='bbox 3559 2516 3747 2585; x_wconf 89' lang='grc' dir='ltr'>μίσους,</span> <span class='ocrx_word' id='word_1_605' title='bbox 3775 2514 3848 2562; x_wconf 85' lang='lat' dir='ltr'>xui</span> 
     </span>
    </p>
   </div>
   <div class='ocr_carea' id='block_1_80' title="bbox 2285 2600 3851 2675">
    <p class='ocr_par' dir='ltr' id='par_1_80' title="bbox 2285 2600 3851 2675">
     <span class='ocr_line' id='line_1_82' title="bbox 2285 2600 3851 2675; baseline -0.002 -22"><span class='ocrx_word' id='word_1_606' title='bbox 2285 2602 2344 2653; x_wconf 87' lang='grc' dir='ltr'>τὸ</span> <span class='ocrx_word' id='word_1_607' title='bbox 2397 2605 2585 2675; x_wconf 82' lang='grc' dir='ltr'>μέχρις</span> <span class='ocrx_word' id='word_1_608' title='bbox 2648 2602 2757 2663; x_wconf 85' lang='grc' dir='ltr'>ἐνὸς</span> <span class='ocrx_word' id='word_1_609' title='bbox 2803 2604 2996 2662; x_wconf 81' lang='grc' dir='ltr'>πάντας</span> <span class='ocrx_word' id='word_1_610' title='bbox 3051 2600 3419 2661; x_wconf 80' lang='grc' dir='ltr'>ἀκολουθῆσαι</span> <span class='ocrx_word' id='word_1_611' title='bbox 3469 2610 3541 2671; x_wconf 81' lang='grc' dir='ltr'>τῷ</span> <span class='ocrx_word' id='word_1_612' title='bbox 3596 2607 3851 2674; x_wconf 79' lang='grc' dir='ltr'>προεστῶτι</span> 
     </span>
    </p>
   </div>
   <div class='ocr_carea' id='block_1_81' title="bbox 2284 2689 3851 2763">
    <p class='ocr_par' dir='ltr' id='par_1_81' title="bbox 2284 2689 3851 2763">
     <span class='ocr_line' id='line_1_83' title="bbox 2284 2689 3851 2763; baseline -0.001 -21"><span class='ocrx_word' id='word_1_613' title='bbox 2284 2696 2377 2742; x_wconf 88' lang='grc' dir='ltr'>τοῦ</span> <span class='ocrx_word' id='word_1_614' title='bbox 2407 2690 2524 2742; x_wconf 84' lang='grc' dir='ltr'>καθ’</span> <span class='ocrx_word' id='word_1_615' title='bbox 2560 2691 2706 2763; x_wconf 81' lang='grc' dir='ltr'>ἡμῶν</span> <span class='ocrx_word' id='word_1_616' title='bbox 2759 2690 3007 2763; x_wconf 81' lang='grc' dir='ltr'>πολέμου,</span> <span class='ocrx_word' id='word_1_617' title='bbox 3030 2693 3199 2744; x_wconf 81' lang='grc' dir='ltr'>ἔπειθέ</span> <span class='ocrx_word' id='word_1_618' title='bbox 3236 2711 3309 2763; x_wconf 86' lang='grc' dir='ltr'>με</span> <span class='ocrx_word' id='word_1_619' title='bbox 3340 2693 3529 2763; x_wconf 85' lang='grc' dir='ltr'>ὁμοίως</span> <span class='ocrx_word' id='word_1_620' title='bbox 3578 2689 3851 2757; x_wconf 80' lang='grc' dir='ltr'>ἁποσιωπᾷν</span> 
     </span>
    </p>
   </div>
   <div class='ocr_carea' id='block_1_82' title="bbox 2284 2777 3855 2854">
    <p class='ocr_par' dir='ltr' id='par_1_82' title="bbox 2284 2777 3855 2854">
     <span class='ocr_line' id='line_1_84' title="bbox 2284 2777 3855 2854; baseline -0.001 -24"><span class='ocrx_word' id='word_1_621' title='bbox 2284 2782 2410 2851; x_wconf 85' lang='grc' dir='ltr'>πρὸς</span> <span class='ocrx_word' id='word_1_622' title='bbox 2476 2777 2744 2846; x_wconf 86' lang='grc' dir='ltr'>ἃπαντας,</span> <span class='ocrx_word' id='word_1_623' title='bbox 2795 2784 2885 2832; x_wconf 86' lang='grc' dir='ltr'>καὶ</span> <span class='ocrx_word' id='word_1_624' title='bbox 2940 2784 3071 2852; x_wconf 78' lang='grc' dir='ltr'>μήτε</span> <span class='ocrx_word' id='word_1_625' title='bbox 3124 2783 3443 2854; x_wconf 73' lang='grc' dir='ltr'>γράμματος</span> <span class='ocrx_word' id='word_1_626' title='bbox 3503 2779 3696 2853; x_wconf 84' lang='grc' dir='ltr'>φιλικοῦ</span> <span class='ocrx_word' id='word_1_627' title='bbox 3745 2782 3855 2851; x_wconf 73' lang='grc' dir='ltr'>μήτε</span> 
     </span>
    </p>
   </div>
   <div class='ocr_carea' id='block_1_83' title="bbox 2283 2868 3856 2943">
    <p class='ocr_par' dir='ltr' id='par_1_83' title="bbox 2283 2868 3856 2943">
     <span class='ocr_line' id='line_1_85' title="bbox 2283 2868 3856 2943; baseline -0.003 -23"><span class='ocrx_word' id='word_1_628' title='bbox 2283 2872 2424 2930; x_wconf 87' lang='grc' dir='ltr'>τινός</span> <span class='ocrx_word' id='word_1_629' title='bbox 2479 2868 2683 2941; x_wconf 76' lang='grc' dir='ltr'>ὁμιλίας</span> <span class='ocrx_word' id='word_1_630' title='bbox 2712 2871 3018 2943; x_wconf 76' lang='grc' dir='ltr'>κατάρχειν,</span> <span class='ocrx_word' id='word_1_631' title='bbox 3050 2868 3159 2920; x_wconf 78' lang='grc' dir='ltr'>ἀλλ’</span> <span class='ocrx_word' id='word_1_632' title='bbox 3210 2868 3259 2921; x_wconf 84' lang='grc' dir='ltr'>ἐν</span> <span class='ocrx_word' id='word_1_633' title='bbox 3308 2873 3519 2941; x_wconf 80' lang='grc' dir='ltr'>ἠσυχίᾳ</span> <span class='ocrx_word' id='word_1_634' title='bbox 3555 2873 3740 2921; x_wconf 83' lang='grc' dir='ltr'>πέττειν</span> <span class='ocrx_word' id='word_1_635' title='bbox 3777 2869 3856 2922; x_wconf 83' lang='grc' dir='ltr'>τὴν</span> 
     </span>
    </p>
   </div>
   <div class='ocr_carea' id='block_1_84' title="bbox 2284 2952 3858 3032">
    <p class='ocr_par' dir='ltr' id='par_1_84' title="bbox 2284 2952 3858 3032">
     <span class='ocr_line' id='line_1_86' title="bbox 2284 2952 3858 3032; baseline -0.002 -25"><span class='ocrx_word' id='word_1_636' title='bbox 2284 2954 2508 3029; x_wconf 76' lang='grc' dir='ltr'>ἐμαυτοῦ</span> <span class='ocrx_word' id='word_1_637' title='bbox 2558 2956 2743 3014; x_wconf 76' lang='grc' dir='ltr'>λὺπηνο</span> <span class='ocrx_word' id='word_1_638' title='bbox 2799 2953 2979 3015; x_wconf 72' lang='grc' dir='ltr'>ἐπειδὴ</span> <span class='ocrx_word' id='word_1_639' title='bbox 3038 2954 3097 3010; x_wconf 67' lang='grc' dir='ltr'>δὲ</span> <span class='ocrx_word' id='word_1_640' title='bbox 3147 2962 3254 3032; x_wconf 75' lang='grc' dir='ltr'>χρὴ</span> <span class='ocrx_word' id='word_1_641' title='bbox 3310 2962 3441 3030; x_wconf 86' lang='grc' dir='ltr'>πρὸς</span> <span class='ocrx_word' id='word_1_642' title='bbox 3503 2960 3589 3018; x_wconf 83' lang='grc' dir='ltr'>τὰς</span> <span class='ocrx_word' id='word_1_643' title='bbox 3638 2952 3858 3013; x_wconf 75' lang='grc' dir='ltr'>διαϐολὰς</span> 
     </span>
    </p>
   </div>
   <div class='ocr_carea' id='block_1_85' title="bbox 2283 3043 3861 3118">
    <p class='ocr_par' dir='ltr' id='par_1_85' title="bbox 2283 3043 3861 3118">
     <span class='ocr_line' id='line_1_87' title="bbox 2283 3043 3861 3118; baseline 0.003 -22"><span class='ocrx_word' id='word_1_644' title='bbox 2283 3046 2353 3117; x_wconf 71' lang='grc' dir='ltr'>μὴ</span> <span class='ocrx_word' id='word_1_645' title='bbox 2417 3047 2527 3115; x_wconf 83' lang='lat'>(87)</span> <span class='ocrx_word' id='word_1_646' title='bbox 2599 3046 2930 3117; x_wconf 78' lang='grc' dir='ltr'>ἀποσιωπᾲν,</span> <span class='ocrx_word' id='word_1_647' title='bbox 2987 3046 3093 3118; x_wconf 73' lang='grc' dir='ltr'>οὐχ</span> <span class='ocrx_word' id='word_1_648' title='bbox 3162 3048 3242 3098; x_wconf 89' lang='grc' dir='ltr'>ἰνα</span> <span class='ocrx_word' id='word_1_649' title='bbox 3321 3045 3414 3100; x_wconf 74' lang='grc' dir='ltr'>διά</span> <span class='ocrx_word' id='word_1_650' title='bbox 3476 3055 3568 3107; x_wconf 78' lang='grc' dir='ltr'>τῆς</span> <span class='ocrx_word' id='word_1_651' title='bbox 3632 3043 3861 3113; x_wconf 47' lang='lat' dir='ltr'>unum</span> 
     </span>
    </p>
   </div>
   <div class='ocr_carea' id='block_1_86' title="bbox 2283 3132 3860 3209">
    <p class='ocr_par' dir='ltr' id='par_1_86' title="bbox 2283 3132 3860 3209">
     <span class='ocr_line' id='line_1_88' title="bbox 2283 3132 3860 3209; baseline -0.001 -24"><span class='ocrx_word' id='word_1_652' title='bbox 2283 3136 2422 3207; x_wconf 75' lang='grc' dir='ltr'>ἡμᾶς</span> <span class='ocrx_word' id='word_1_653' title='bbox 2472 3134 2661 3197; x_wconf 80' lang='grc' dir='ltr'>αὑτοὺς</span> <span class='ocrx_word' id='word_1_654' title='bbox 2723 3132 3029 3207; x_wconf 78' lang='grc' dir='ltr'>ἐκδικῶμεν,</span> <span class='ocrx_word' id='word_1_655' title='bbox 3086 3134 3195 3187; x_wconf 75' lang='grc' dir='ltr'>ἀλλ’</span> <span class='ocrx_word' id='word_1_656' title='bbox 3250 3138 3345 3188; x_wconf 80' lang='grc' dir='ltr'>ἶνα</span> <span class='ocrx_word' id='word_1_657' title='bbox 3389 3141 3460 3209; x_wconf 80' lang='grc' dir='ltr'>μὴ</span> <span class='ocrx_word' id='word_1_658' title='bbox 3529 3138 3860 3205; x_wconf 77' lang='grc' dir='ltr'>συγωχρήσω·</span> 
     </span>
    </p>
   </div>
   <div class='ocr_carea' id='block_1_87' title="bbox 2284 3220 3862 3295">
    <p class='ocr_par' dir='ltr' id='par_1_87' title="bbox 2284 3220 3862 3295">
     <span class='ocr_line' id='line_1_89' title="bbox 2284 3220 3862 3295; baseline -0.003 -20"><span class='ocrx_word' id='word_1_659' title='bbox 2284 3242 2372 3295; x_wconf 87' lang='grc' dir='ltr'>μεν</span> <span class='ocrx_word' id='word_1_660' title='bbox 2436 3220 2759 3281; x_wconf 74' lang='grc' dir='ltr'>εὑοὸωθῆναι</span> <span class='ocrx_word' id='word_1_661' title='bbox 2811 3231 2883 3294; x_wconf 79' lang='grc' dir='ltr'>τῷ</span> <span class='ocrx_word' id='word_1_662' title='bbox 2936 3220 3142 3294; x_wconf 77' lang='grc' dir='ltr'>ψεύδει,</span> <span class='ocrx_word' id='word_1_663' title='bbox 3208 3231 3308 3277; x_wconf 78' lang='lat' dir='ltr'>xui</span> <span class='ocrx_word' id='word_1_664' title='bbox 3356 3230 3473 3285; x_wconf 77' lang='grc' dir='ltr'>τοὺς</span> <span class='ocrx_word' id='word_1_665' title='bbox 3536 3224 3862 3294; x_wconf 70' lang='grc' dir='ltr'>ἠπατημένους</span> 
     </span>
    </p>
   </div>
   <div class='ocr_carea' id='block_1_88' title="bbox 2284 3312 3861 3388">
    <p class='ocr_par' dir='ltr' id='par_1_88' title="bbox 2284 3312 3861 3388">
     <span class='ocr_line' id='line_1_90' title="bbox 2284 3312 3861 3388; baseline -0.002 -23"><span class='ocrx_word' id='word_1_666' title='bbox 2284 3319 2355 3386; x_wconf 81' lang='grc' dir='ltr'>μὴ</span> <span class='ocrx_word' id='word_1_667' title='bbox 2426 3312 2684 3387; x_wconf 81' lang='grc' dir='ltr'>ἐναφῶμεν</span> <span class='ocrx_word' id='word_1_668' title='bbox 2733 3323 2794 3387; x_wconf 77' lang='grc' dir='ltr'>τῇ</span> <span class='ocrx_word' id='word_1_669' title='bbox 2845 3312 3040 3387; x_wconf 71' lang='grc' dir='ltr'>βλάϐη,</span> <span class='ocrx_word' id='word_1_670' title='bbox 3100 3316 3391 3387; x_wconf 80' lang='grc' dir='ltr'>ἀναγκαῖον</span> <span class='ocrx_word' id='word_1_671' title='bbox 3442 3315 3595 3388; x_wconf 79' lang='grc' dir='ltr'>ἐφάνη</span> <span class='ocrx_word' id='word_1_672' title='bbox 3652 3332 3735 3387; x_wconf 84' lang='grc' dir='ltr'>μοι</span> <span class='ocrx_word' id='word_1_673' title='bbox 3787 3314 3861 3361; x_wconf 83' lang='grc' dir='ltr'>καὶ</span> 
     </span>
    </p>
   </div>
   <div class='ocr_carea' id='block_1_89' title="bbox 2283 3403 3859 3477">
    <p class='ocr_par' dir='ltr' id='par_1_89' title="bbox 2283 3403 3859 3477">
     <span class='ocr_line' id='line_1_91' title="bbox 2283 3403 3859 3477; baseline -0.003 -23"><span class='ocrx_word' id='word_1_674' title='bbox 2283 3410 2437 3455; x_wconf 88' lang='grc' dir='ltr'>τοῦτο</span> <span class='ocrx_word' id='word_1_675' title='bbox 2476 3406 2744 3477; x_wconf 79' lang='grc' dir='ltr'>προθεῖναι</span> <span class='ocrx_word' id='word_1_676' title='bbox 2786 3412 2896 3466; x_wconf 81' lang='grc' dir='ltr'>τοῖς</span> <span class='ocrx_word' id='word_1_677' title='bbox 2945 3410 3116 3471; x_wconf 84' lang='grc' dir='ltr'>πᾶσι,</span> <span class='ocrx_word' id='word_1_678' title='bbox 3149 3409 3239 3456; x_wconf 84' lang='grc' dir='ltr'>καὶ</span> <span class='ocrx_word' id='word_1_679' title='bbox 3303 3403 3593 3459; x_wconf 81' lang='grc' dir='ltr'>ἐπιστεῖλαι</span> <span class='ocrx_word' id='word_1_680' title='bbox 3640 3404 3770 3475; x_wconf 85' lang='grc' dir='ltr'>ὑμῶν</span> <span class='ocrx_word' id='word_1_681' title='bbox 3809 3405 3859 3470; x_wconf 72' lang='grc' dir='ltr'>τῇ</span> 
     </span>
    </p>
   </div>
   <div class='ocr_carea' id='block_1_90' title="bbox 2286 3487 3861 3568">
    <p class='ocr_par' dir='ltr' id='par_1_90' title="bbox 2286 3487 3861 3568">
     <span class='ocr_line' id='line_1_92' title="bbox 2286 3487 3861 3568; baseline -0.001 -25"><span class='ocrx_word' id='word_1_682' title='bbox 2286 3496 2510 3559; x_wconf 81' lang='grc' dir='ltr'>συνέσει,</span> <span class='ocrx_word' id='word_1_683' title='bbox 2558 3492 2600 3545; x_wconf 86' lang='grc' dir='ltr'>εὶ</span> <span class='ocrx_word' id='word_1_684' title='bbox 2637 3498 2747 3560; x_wconf 85' lang='grc' dir='ltr'>καὶ,</span> <span class='ocrx_word' id='word_1_685' title='bbox 2782 3492 2863 3546; x_wconf 85' lang='grc' dir='ltr'>ὁτι</span> <span class='ocrx_word' id='word_1_686' title='bbox 2908 3498 3087 3567; x_wconf 83' lang='grc' dir='ltr'>πρώην</span> <span class='ocrx_word' id='word_1_687' title='bbox 3143 3503 3298 3568; x_wconf 68' lang='grc' dir='ltr'>κοινῇ</span> <span class='ocrx_word' id='word_1_688' title='bbox 3339 3499 3497 3548; x_wconf 86' lang='grc' dir='ltr'>παντὶ</span> <span class='ocrx_word' id='word_1_689' title='bbox 3551 3499 3623 3563; x_wconf 82' lang='grc' dir='ltr'>τῷ</span> <span class='ocrx_word' id='word_1_690' title='bbox 3668 3487 3861 3565; x_wconf 79' lang='grc' dir='ltr'>πρεσϐυ-</span> 
     </span>
    </p>
   </div>
   <div class='ocr_carea' id='block_1_91' title="bbox 2283 3578 3865 3657">
    <p class='ocr_par' dir='ltr' id='par_1_91' title="bbox 2283 3578 3865 3657">
     <span class='ocr_line' id='line_1_93' title="bbox 2283 3578 3865 3657; baseline 0.002 -24"><span class='ocrx_word' id='word_1_691' title='bbox 2283 3585 2433 3654; x_wconf 83' lang='grc' dir='ltr'>τερίῳ</span> <span class='ocrx_word' id='word_1_692' title='bbox 2515 3581 2768 3656; x_wconf 75' lang='grc' dir='ltr'>γράψας,</span> <span class='ocrx_word' id='word_1_693' title='bbox 2825 3578 3077 3655; x_wconf 70' lang='grc' dir='ltr'>οὐδεμιᾶς</span> <span class='ocrx_word' id='word_1_694' title='bbox 3145 3585 3283 3656; x_wconf 84' lang='grc' dir='ltr'>παρ’</span> <span class='ocrx_word' id='word_1_695' title='bbox 3366 3586 3511 3657; x_wconf 86' lang='grc' dir='ltr'>ὑμῶν</span> <span class='ocrx_word' id='word_1_696' title='bbox 3579 3581 3865 3653; x_wconf 71' lang='grc' dir='ltr'>ἀποκρίσεως</span> 
     </span>
    </p>
   </div>
   <div class='ocr_carea' id='block_1_92' title="bbox 2284 3666 3862 3744">
    <p class='ocr_par' dir='ltr' id='par_1_92' title="bbox 2284 3666 3862 3744">
     <span class='ocr_line' id='line_1_94' title="bbox 2284 3666 3862 3744; baseline 0.007 -24"><span class='ocrx_word' id='word_1_697' title='bbox 2284 3669 2673 3741; x_wconf 74' lang='grc' dir='ltr'>ἠξιώθην(88).</span> <span class='ocrx_word' id='word_1_698' title='bbox 2729 3676 2813 3730; x_wconf 78' lang='grc' dir='ltr'>Μὴ</span> <span class='ocrx_word' id='word_1_699' title='bbox 2874 3672 3191 3735; x_wconf 85' lang='grc' dir='ltr'>κολακεὺετε,</span> <span class='ocrx_word' id='word_1_700' title='bbox 3246 3674 3292 3724; x_wconf 83' lang='grc' dir='ltr'><em>ὦ</em></span> <span class='ocrx_word' id='word_1_701' title='bbox 3342 3670 3593 3744; x_wconf 79' lang='grc' dir='ltr'>ἀδελφοὶ,</span> <span class='ocrx_word' id='word_1_702' title='bbox 3647 3673 3758 3730; x_wconf 80' lang='grc' dir='ltr'>τοὺς</span> <span class='ocrx_word' id='word_1_703' title='bbox 3810 3666 3862 3717; x_wconf 68' lang='grc' dir='ltr'>τά</span> 
     </span>
    </p>
   </div>
   <div class='ocr_carea' id='block_1_93' title="bbox 2283 3750 3864 3835">
    <p class='ocr_par' dir='ltr' id='par_1_93' title="bbox 2283 3750 3864 3835">
     <span class='ocr_line' id='line_1_95' title="bbox 2283 3750 3864 3835; baseline 0.001 -24"><span class='ocrx_word' id='word_1_704' title='bbox 2283 3762 2487 3831; x_wconf 84' lang='grc' dir='ltr'>πονηρά</span> <span class='ocrx_word' id='word_1_705' title='bbox 2522 3756 2766 3832; x_wconf 76' lang='grc' dir='ltr'>δόγματα</span> <span class='ocrx_word' id='word_1_706' title='bbox 2811 3769 2925 3823; x_wconf 90' lang='grc' dir='ltr'>ταῖς</span> <span class='ocrx_word' id='word_1_707' title='bbox 2972 3760 3175 3833; x_wconf 65' lang='grc' dir='ltr'>ψυχαῖς</span> <span class='ocrx_word' id='word_1_708' title='bbox 3239 3764 3386 3835; x_wconf 85' lang='grc' dir='ltr'>ὑμῶν</span> <span class='ocrx_word' id='word_1_709' title='bbox 3418 3762 3717 3833; x_wconf 80' lang='grc' dir='ltr'>ἐπάγοντας·</span> <span class='ocrx_word' id='word_1_710' title='bbox 3747 3750 3864 3828; x_wconf 51' lang='lat' dir='ltr'>Mai</span> 
     </span>
    </p>
   </div>
   <div class='ocr_carea' id='block_1_94' title="bbox 2284 3844 3864 3924">
    <p class='ocr_par' dir='ltr' id='par_1_94' title="bbox 2284 3844 3864 3924">
     <span class='ocr_line' id='line_1_96' title="bbox 2284 3844 3864 3924; baseline -0.004 -26"><span class='ocrx_word' id='word_1_711' title='bbox 2284 3844 2648 3909; x_wconf 80' lang='grc' dir='ltr'>καταδέξησθε</span> <span class='ocrx_word' id='word_1_712' title='bbox 2696 3855 2940 3923; x_wconf 78' lang='grc' dir='ltr'>περιορᾷν</span> <span class='ocrx_word' id='word_1_713' title='bbox 3000 3848 3047 3901; x_wconf 83' lang='grc' dir='ltr'>ἐν</span> <span class='ocrx_word' id='word_1_714' title='bbox 3103 3854 3302 3921; x_wconf 77' lang='grc' dir='ltr'>γνώσει</span> <span class='ocrx_word' id='word_1_715' title='bbox 3357 3851 3583 3924; x_wconf 77' lang='grc' dir='ltr'>ὑμετέρᾳ</span> <span class='ocrx_word' id='word_1_716' title='bbox 3635 3851 3717 3899; x_wconf 85' lang='grc' dir='ltr'>τὸν</span> <span class='ocrx_word' id='word_1_717' title='bbox 3761 3844 3864 3895; x_wconf 83' lang='grc' dir='ltr'>λαόν</span> 
     </span>
    </p>
   </div>
   <div class='ocr_carea' id='block_1_95' title="bbox 2281 3933 3866 4012">
    <p class='ocr_par' dir='ltr' id='par_1_95' title="bbox 2281 3933 3866 4012">
     <span class='ocr_line' id='line_1_97' title="bbox 2281 3933 3866 4012; baseline -0.002 -24"><span class='ocrx_word' id='word_1_718' title='bbox 2281 3943 2371 3988; x_wconf 90' lang='grc' dir='ltr'>τοῦ</span> <span class='ocrx_word' id='word_1_719' title='bbox 2413 3944 2545 3990; x_wconf 87' lang='grc' dir='ltr'>Θεοῦ</span> <span class='ocrx_word' id='word_1_720' title='bbox 2598 3933 2693 3989; x_wconf 76' lang='grc' dir='ltr'>διὰ</span> <span class='ocrx_word' id='word_1_721' title='bbox 2738 3946 2836 3989; x_wconf 86' lang='grc' dir='ltr'>τῶν</span> <span class='ocrx_word' id='word_1_722' title='bbox 2888 3937 3085 3990; x_wconf 77' lang='grc' dir='ltr'>ἆσεϐῶν</span> <span class='ocrx_word' id='word_1_723' title='bbox 3133 3935 3491 4012; x_wconf 76' lang='grc' dir='ltr'>ὃιδαγμάτων</span> <span class='ocrx_word' id='word_1_724' title='bbox 3540 3935 3866 4006; x_wconf 72' lang='grc' dir='ltr'>καταστρεφό-</span> 
     </span>
    </p>
   </div>
   <div class='ocr_carea' id='block_1_96' title="bbox 2284 4023 3867 4099">
    <p class='ocr_par' dir='ltr' id='par_1_96' title="bbox 2284 4023 3867 4099">
     <span class='ocr_line' id='line_1_98' title="bbox 2284 4023 3867 4099; baseline 0 -21"><span class='ocrx_word' id='word_1_725' title='bbox 2284 4044 2453 4099; x_wconf 88' lang='grc' dir='ltr'>μενον.</span> <span class='ocrx_word' id='word_1_726' title='bbox 2512 4024 2776 4087; x_wconf 78' lang='grc' dir='ltr'>Σαϐέλλιος</span> <span class='ocrx_word' id='word_1_727' title='bbox 2828 4028 2854 4079; x_wconf 88' lang='grc' dir='ltr'><strong>ὀ</strong></span> <span class='ocrx_word' id='word_1_728' title='bbox 2908 4026 3072 4088; x_wconf 82' lang='grc' dir='ltr'>Λίϐυς</span> <span class='ocrx_word' id='word_1_729' title='bbox 3123 4032 3214 4079; x_wconf 86' lang='grc' dir='ltr'>καὶ</span> <span class='ocrx_word' id='word_1_730' title='bbox 3260 4027 3620 4099; x_wconf 83' lang='grc' dir='ltr'>Μάρκελλοςὸ</span> <span class='ocrx_word' id='word_1_731' title='bbox 3665 4023 3867 4077; x_wconf 76' lang='grc' dir='ltr'>Γαλάτης</span> 
     </span>
    </p>
   </div>
   <div class='ocr_carea' id='block_1_97' title="bbox 2284 4112 3867 4189">
    <p class='ocr_par' dir='ltr' id='par_1_97' title="bbox 2284 4112 3867 4189">
     <span class='ocr_line' id='line_1_99' title="bbox 2284 4112 3867 4189; baseline -0.002 -22"><span class='ocrx_word' id='word_1_732' title='bbox 2284 4119 2434 4188; x_wconf 86' lang='grc' dir='ltr'>μόνοι</span> <span class='ocrx_word' id='word_1_733' title='bbox 2486 4114 2539 4166; x_wconf 72' lang='grc' dir='ltr'>ἐκ</span> <span class='ocrx_word' id='word_1_734' title='bbox 2591 4118 2791 4169; x_wconf 87' lang='grc' dir='ltr'>πάντων</span> <span class='ocrx_word' id='word_1_735' title='bbox 2841 4116 3134 4189; x_wconf 75' lang='grc' dir='ltr'>ἓτόλμησαν</span> <span class='ocrx_word' id='word_1_736' title='bbox 3180 4121 3269 4169; x_wconf 84' lang='lat' dir='ltr'>xui</span> <span class='ocrx_word' id='word_1_737' title='bbox 3314 4114 3544 4181; x_wconf 82' lang='grc' dir='ltr'>διδάξαι</span> <span class='ocrx_word' id='word_1_738' title='bbox 3582 4122 3741 4168; x_wconf 82' lang='grc' dir='ltr'>ταῦτα</span> <span class='ocrx_word' id='word_1_739' title='bbox 3793 4112 3867 4160; x_wconf 80' lang='grc' dir='ltr'>καὶ</span> 
     </span>
    </p>
   </div>
   <div class='ocr_carea' id='block_1_98' title="bbox 2283 4199 3870 4280">
    <p class='ocr_par' dir='ltr' id='par_1_98' title="bbox 2283 4199 3870 4280">
     <span class='ocr_line' id='line_1_100' title="bbox 2283 4199 3870 4280; baseline -0.004 -25"><span class='ocrx_word' id='word_1_740' title='bbox 2283 4203 2509 4279; x_wconf 68' lang='grc' dir='ltr'>γράψαι,</span> <span class='ocrx_word' id='word_1_741' title='bbox 2540 4204 2668 4279; x_wconf 81' lang='grc' dir='ltr'>ἅπερ</span> <span class='ocrx_word' id='word_1_742' title='bbox 2726 4212 2815 4257; x_wconf 90' lang='grc' dir='ltr'>νῦν</span> <span class='ocrx_word' id='word_1_743' title='bbox 2869 4206 2994 4280; x_wconf 80' lang='grc' dir='ltr'>παρ’</span> <span class='ocrx_word' id='word_1_744' title='bbox 3048 4208 3190 4279; x_wconf 87' lang='grc' dir='ltr'>ὑμῖν,</span> <span class='ocrx_word' id='word_1_745' title='bbox 3240 4208 3317 4269; x_wconf 82' lang='grc' dir='ltr'>ὡς</span> <span class='ocrx_word' id='word_1_746' title='bbox 3371 4203 3493 4258; x_wconf 79' lang='grc' dir='ltr'>ἰδια</span> <span class='ocrx_word' id='word_1_747' title='bbox 3549 4205 3711 4258; x_wconf 86' lang='grc' dir='ltr'>ἑαυτῶ</span> <span class='ocrx_word' id='word_1_748' title='bbox 3754 4199 3870 4271; x_wconf 75' lang='grc' dir='ltr'>εὑρέο</span> 
     </span>
    </p>
   </div>
   <div class='ocr_carea' id='block_1_99' title="bbox 2285 4290 3866 4368">
    <p class='ocr_par' dir='ltr' id='par_1_99' title="bbox 2285 4290 3866 4368">
     <span class='ocr_line' id='line_1_101' title="bbox 2285 4290 3866 4368; baseline -0.018 -2"><span class='ocrx_word' id='word_1_749' title='bbox 2285 4313 2427 4365; x_wconf 69' lang='grc' dir='ltr'>ματα</span> <span class='ocrx_word' id='word_1_750' title='bbox 2456 4337 2471 4365; x_wconf 64' lang='grc' dir='ltr'>θ</span> <span class='ocrx_word' id='word_1_751' title='bbox 2530 4291 2862 4367; x_wconf 69' lang='grc' dir='ltr'>ἐπιχειροῦσι</span> <span class='ocrx_word' id='word_1_752' title='bbox 2926 4299 3197 4368; x_wconf 77' lang='grc' dir='ltr'>προφέρειν</span> <span class='ocrx_word' id='word_1_753' title='bbox 3254 4298 3308 4348; x_wconf 79' lang='grc' dir='ltr'><strong>οἱ</strong></span> <span class='ocrx_word' id='word_1_754' title='bbox 3357 4296 3741 4366; x_wconf 76' lang='grc' dir='ltr'>καθηγούμενοι</span> <span class='ocrx_word' id='word_1_755' title='bbox 3791 4290 3866 4338; x_wconf 76' lang='grc' dir='ltr'>τοῦ</span> 
     </span>
    </p>
   </div>
   <div class='ocr_carea' id='block_1_100' title="bbox 2284 4375 3870 4457">
    <p class='ocr_par' dir='ltr' id='par_1_100' title="bbox 2284 4375 3870 4457">
     <span class='ocr_line' id='line_1_102' title="bbox 2284 4375 3870 4457; baseline 0 -23"><span class='ocrx_word' id='word_1_756' title='bbox 2284 4382 2409 4435; x_wconf 87' lang='grc' dir='ltr'>λαοῦ</span> <span class='ocrx_word' id='word_1_757' title='bbox 2436 4423 2450 4448; x_wconf 87' lang='grc'>,</span> <span class='ocrx_word' id='word_1_758' title='bbox 2495 4381 2870 4455; x_wconf 82' lang='grc' dir='ltr'>βαμϐαίνοντες</span> <span class='ocrx_word' id='word_1_759' title='bbox 2911 4385 3018 4452; x_wconf 74' lang='lat'>(89)</span> <span class='ocrx_word' id='word_1_760' title='bbox 3074 4391 3135 4455; x_wconf 72' lang='grc' dir='ltr'>τῇ</span> <span class='ocrx_word' id='word_1_761' title='bbox 3199 4383 3427 4457; x_wconf 68' lang='grc' dir='ltr'>γλώσσῃ</span> <span class='ocrx_word' id='word_1_762' title='bbox 3457 4428 3472 4453; x_wconf 89' lang='grc'>,</span> <span class='ocrx_word' id='word_1_763' title='bbox 3518 4388 3609 4435; x_wconf 81' lang='grc' dir='ltr'>καὶ</span> <span class='ocrx_word' id='word_1_764' title='bbox 3660 4376 3774 4434; x_wconf 73' lang='grc' dir='ltr'>οὑὸε</span> <span class='ocrx_word' id='word_1_765' title='bbox 3816 4375 3870 4434; x_wconf 80' lang='grc' dir='ltr'>εἰς</span> 
     </span>
    </p>
   </div>
   <div class='ocr_carea' id='block_1_101' title="bbox 2284 4472 3871 4546">
    <p class='ocr_par' dir='ltr' id='par_1_101' title="bbox 2284 4472 3871 4546">
     <span class='ocr_line' id='line_1_103' title="bbox 2284 4472 3871 4546; baseline -0.004 -22"><span class='ocrx_word' id='word_1_766' title='bbox 2284 4474 2505 4530; x_wconf 72' lang='grc' dir='ltr'>πιθανὴν</span> <span class='ocrx_word' id='word_1_767' title='bbox 2543 4478 2872 4531; x_wconf 77' lang='grc' dir='ltr'>κατασκευὴν</span> <span class='ocrx_word' id='word_1_768' title='bbox 2924 4474 3068 4545; x_wconf 80' lang='grc' dir='ltr'>ἄγειν</span> <span class='ocrx_word' id='word_1_769' title='bbox 3100 4474 3211 4542; x_wconf 87' lang='grc'>(90)</span> <span class='ocrx_word' id='word_1_770' title='bbox 3253 4476 3324 4525; x_wconf 80' lang='grc' dir='ltr'>τὰ</span> <span class='ocrx_word' id='word_1_771' title='bbox 3370 4478 3681 4546; x_wconf 76' lang='grc' dir='ltr'>σοφίσματα</span> <span class='ocrx_word' id='word_1_772' title='bbox 3729 4472 3871 4521; x_wconf 76' lang='grc' dir='ltr'>ταῦτα</span> 
     </span>
    </p>
   </div>
   <div class='ocr_carea' id='block_1_102' title="bbox 2282 4556 3871 4635">
    <p class='ocr_par' dir='ltr' id='par_1_102' title="bbox 2282 4556 3871 4635">
     <span class='ocr_line' id='line_1_104' title="bbox 2282 4556 3871 4635; baseline -0.002 -22"><span class='ocrx_word' id='word_1_773' title='bbox 2282 4566 2373 4613; x_wconf 86' lang='grc' dir='ltr'>καὶ</span> <span class='ocrx_word' id='word_1_774' title='bbox 2405 4565 2521 4621; x_wconf 75' lang='grc' dir='ltr'>τοὺς</span> <span class='ocrx_word' id='word_1_775' title='bbox 2549 4560 2978 4634; x_wconf 77' lang='grc' dir='ltr'>παραλογισμοὺς</span> <span class='ocrx_word' id='word_1_776' title='bbox 3016 4560 3383 4635; x_wconf 83' lang='grc' dir='ltr'>ἐξαρκοῦντες.</span> <span class='ocrx_word' id='word_1_777' title='bbox 3425 4559 3591 4615; x_wconf 76' lang='grc' dir='ltr'>Οὗτοι</span> <span class='ocrx_word' id='word_1_778' title='bbox 3627 4562 3757 4635; x_wconf 77' lang='grc' dir='ltr'>ῥητα</span> <span class='ocrx_word' id='word_1_779' title='bbox 3798 4556 3871 4605; x_wconf 76' lang='grc' dir='ltr'>καὶ</span> 
     </span>
    </p>
   </div>
   <div class='ocr_carea' id='block_1_103' title="bbox 2283 4644 3871 4724">
    <p class='ocr_par' dir='ltr' id='par_1_103' title="bbox 2283 4644 3871 4724">
     <span class='ocr_line' id='line_1_105' title="bbox 2283 4644 3871 4724; baseline -0.001 -23"><span class='ocrx_word' id='word_1_780' title='bbox 2283 4650 2488 4724; x_wconf 78' lang='grc' dir='ltr'>ἄρρητα</span> <span class='ocrx_word' id='word_1_781' title='bbox 2516 4650 2633 4702; x_wconf 86' lang='grc' dir='ltr'>καθ’</span> <span class='ocrx_word' id='word_1_782' title='bbox 2658 4652 2803 4722; x_wconf 77' lang='grc' dir='ltr'>ἡμῶν</span> <span class='ocrx_word' id='word_1_783' title='bbox 2842 4646 3234 4722; x_wconf 75' lang='grc' dir='ltr'>δημηγοροῦσι,</span> <span class='ocrx_word' id='word_1_784' title='bbox 3264 4657 3360 4703; x_wconf 88' lang='lat' dir='ltr'>xui</span> <span class='ocrx_word' id='word_1_785' title='bbox 3390 4654 3566 4703; x_wconf 87' lang='grc' dir='ltr'>πάντα</span> <span class='ocrx_word' id='word_1_786' title='bbox 3596 4654 3775 4723; x_wconf 87' lang='grc' dir='ltr'>τρόπον</span> <span class='ocrx_word' id='word_1_787' title='bbox 3798 4644 3871 4699; x_wconf 75' lang='grc' dir='ltr'>τὰς</span> 
     </span>
    </p>
   </div>
   <div class='ocr_carea' id='block_1_104' title="bbox 2286 4738 3871 4811">
    <p class='ocr_par' dir='ltr' id='par_1_104' title="bbox 2286 4738 3871 4811">
     <span class='ocr_line' id='line_1_106' title="bbox 2286 4738 3871 4811; baseline -0.001 -20"><span class='ocrx_word' id='word_1_788' title='bbox 2286 4744 2577 4811; x_wconf 87' lang='grc' dir='ltr'>συντυχίας</span> <span class='ocrx_word' id='word_1_789' title='bbox 2623 4744 2768 4811; x_wconf 73' lang='grc' dir='ltr'>ἡμῶν</span> <span class='ocrx_word' id='word_1_790' title='bbox 2826 4738 3136 4792; x_wconf 77' lang='grc' dir='ltr'>ἐκκλίνουσι.</span> <span class='ocrx_word' id='word_1_791' title='bbox 3184 4744 3337 4801; x_wconf 90' lang='grc' dir='ltr'>Τίνος</span> <span class='ocrx_word' id='word_1_792' title='bbox 3382 4741 3594 4807; x_wconf 71' lang='grc' dir='ltr'>ἓνεκενς</span> <span class='ocrx_word' id='word_1_793' title='bbox 3637 4739 3773 4809; x_wconf 78' lang='grc' dir='ltr'>Οὑχὶ</span> <span class='ocrx_word' id='word_1_794' title='bbox 3799 4738 3871 4786; x_wconf 76' lang='grc' dir='ltr'>τὸν</span> 
     </span>
    </p>
   </div>
   <div class='ocr_carea' id='block_1_105' title="bbox 2282 4857 3872 4935">
    <p class='ocr_par' dir='ltr' id='par_1_105' title="bbox 2282 4857 3872 4935">
     <span class='ocr_line' id='line_1_107' title="bbox 2282 4857 3872 4935; baseline -0.004 -17"><span class='ocrx_word' id='word_1_795' title='bbox 2282 4862 2521 4935; x_wconf 79' lang='lat' dir='ltr'>quidem</span> <span class='ocrx_word' id='word_1_796' title='bbox 2550 4864 2788 4919; x_wconf 87' lang='lat' dir='ltr'>silentio</span> <span class='ocrx_word' id='word_1_797' title='bbox 2833 4866 3401 4932; x_wconf 60' lang='lat' dir='ltr'>praetermittenda.</span> <span class='ocrx_word' id='word_1_798' title='bbox 3436 4869 3576 4921; x_wconf 86' lang='lat' dir='ltr'>Post</span> <span class='ocrx_word' id='word_1_799' title='bbox 3622 4857 3872 4935; x_wconf 76' lang='lat' dir='ltr'>nonnulli</span> 
     </span>
    </p>
   </div>
   <div class='ocr_carea' id='block_1_106' title="bbox 2283 4933 3876 5011">
    <p class='ocr_par' dir='ltr' id='par_1_106' title="bbox 2283 4933 3876 5011">
     <span class='ocr_line' id='line_1_108' title="bbox 2283 4933 3876 5011; baseline -0.002 -23"><span class='ocrx_word' id='word_1_800' title='bbox 2283 4933 2522 5011; x_wconf 63' lang='lat' dir='ltr'>codices</span> <span class='ocrx_word' id='word_1_801' title='bbox 2573 4935 2933 5011; x_wconf 77' lang='lat' dir='ltr'>recentiores</span> <span class='ocrx_word' id='word_1_802' title='bbox 2996 4939 3308 5011; x_wconf 85' lang='grc' dir='ltr'>προσθεῖναι</span> <span class='ocrx_word' id='word_1_803' title='bbox 3366 4946 3479 4999; x_wconf 85' lang='grc' dir='ltr'>τοῖς</span> <span class='ocrx_word' id='word_1_804' title='bbox 3535 4942 3710 4991; x_wconf 84' lang='grc' dir='ltr'>πᾶσι.</span> <span class='ocrx_word' id='word_1_805' title='bbox 3762 4933 3876 4990; x_wconf 81' lang='lat' dir='ltr'>Hoc</span> 
     </span>
    </p>
   </div>
   <div class='ocr_carea' id='block_1_107' title="bbox 2284 5006 3035 5063">
    <p class='ocr_par' dir='ltr' id='par_1_107' title="bbox 2284 5006 3035 5063">
     <span class='ocr_line' id='line_1_109' title="bbox 2284 5006 3035 5063; baseline 0.003 -2"><span class='ocrx_word' id='word_1_806' title='bbox 2284 5008 2459 5061; x_wconf 86' lang='lat' dir='ltr'>etiam</span> <span class='ocrx_word' id='word_1_807' title='bbox 2492 5006 2765 5061; x_wconf 87' lang='lat' dir='ltr'>omnibus</span> <span class='ocrx_word' id='word_1_808' title='bbox 2793 5007 3035 5063; x_wconf 88' lang='lat' dir='ltr'>addere.</span> 
     </span>
    </p>
   </div>
   <div class='ocr_carea' id='block_1_108' title="bbox 2356 5070 3877 5149">
    <p class='ocr_par' dir='ltr' id='par_1_108' title="bbox 2356 5070 3877 5149">
     <span class='ocr_line' id='line_1_110' title="bbox 2356 5070 3877 5149; baseline -0.003 -18"><span class='ocrx_word' id='word_1_809' title='bbox 2356 5078 2469 5149; x_wconf 56' lang='lat'>(88)</span> <span class='ocrx_word' id='word_1_810' title='bbox 2509 5076 2786 5149; x_wconf 64' lang='grc' dir='ltr'>Γράψας...</span> <span class='ocrx_word' id='word_1_811' title='bbox 2853 5078 3080 5140; x_wconf 56' lang='lat' dir='ltr'>season»</span> <span class='ocrx_word' id='word_1_812' title='bbox 3112 5121 3126 5133; x_wconf 94' lang='lat'>.</span> <span class='ocrx_word' id='word_1_813' title='bbox 3179 5082 3263 5134; x_wconf 82' lang='lat' dir='ltr'>ita</span> <span class='ocrx_word' id='word_1_814' title='bbox 3322 5084 3449 5134; x_wconf 86' lang='lat' dir='ltr'>tres</span> <span class='ocrx_word' id='word_1_815' title='bbox 3506 5070 3877 5135; x_wconf 85' lang='lat' dir='ltr'>vetustissimi</span> 
     </span>
    </p>
   </div>
   <div class='ocr_carea' id='block_1_109' title="bbox 2282 5147 3470 5223">
    <p class='ocr_par' dir='ltr' id='par_1_109' title="bbox 2282 5147 3470 5223">
     <span class='ocr_line' id='line_1_111' title="bbox 2282 5147 3470 5223; baseline -0.002 -20"><span class='ocrx_word' id='word_1_816' title='bbox 2282 5147 2554 5203; x_wconf 32' lang='lat' dir='ltr'>codicess</span> <span class='ocrx_word' id='word_1_817' title='bbox 2577 5149 2721 5203; x_wconf 80' lang='lat' dir='ltr'>Editi</span> <span class='ocrx_word' id='word_1_818' title='bbox 2760 5150 3121 5223; x_wconf 65' lang='grc' dir='ltr'>γράψαντες...</span> <span class='ocrx_word' id='word_1_819' title='bbox 3144 5150 3470 5222; x_wconf 71' lang='grc' dir='ltr'>ἠξιώθημεν.</span> 
     </span>
    </p>
   </div>
   <div class='ocr_carea' id='block_1_110' title="bbox 2356 5206 3873 5293">
    <p class='ocr_par' dir='ltr' id='par_1_110' title="bbox 2356 5206 3873 5293">
     <span class='ocr_line' id='line_1_112' title="bbox 2356 5206 3873 5293; baseline 0.001 -21"><span class='ocrx_word' id='word_1_820' title='bbox 2356 5222 2467 5293; x_wconf 62' lang='lat'>(89)</span> <span class='ocrx_word' id='word_1_821' title='bbox 2512 5206 2886 5293; x_wconf 61' lang='grc' dir='ltr'>Ῐιροφέρεινί..⁸</span> <span class='ocrx_word' id='word_1_822' title='bbox 2908 5206 3303 5293; x_wconf 63' lang='grc' dir='ltr'>βαμέαίνοντες.</span> <span class='ocrx_word' id='word_1_823' title='bbox 3338 5206 3431 5278; x_wconf 70' lang='lat' dir='ltr'>ita</span> <span class='ocrx_word' id='word_1_824' title='bbox 3502 5220 3683 5287; x_wconf 86' lang='lat' dir='ltr'>Harl.,</span> <span class='ocrx_word' id='word_1_825' title='bbox 3717 5215 3873 5274; x_wconf 73' lang='lat' dir='ltr'>Med.</span> 
     </span>
    </p>
   </div>
   <div class='ocr_carea' id='block_1_111' title="bbox 2282 5289 3874 5364">
    <p class='ocr_par' dir='ltr' id='par_1_111' title="bbox 2282 5289 3874 5364">
     <span class='ocr_line' id='line_1_113' title="bbox 2282 5289 3874 5364; baseline -0.003 -20"><span class='ocrx_word' id='word_1_826' title='bbox 2282 5289 2459 5345; x_wconf 89' lang='lat' dir='ltr'>Coisl.</span> <span class='ocrx_word' id='word_1_827' title='bbox 2494 5289 2743 5364; x_wconf 76' lang='lat' dir='ltr'>uterque</span> <span class='ocrx_word' id='word_1_828' title='bbox 2793 5289 2930 5347; x_wconf 80' lang='lat' dir='ltr'>cum</span> <span class='ocrx_word' id='word_1_829' title='bbox 2984 5289 3174 5348; x_wconf 83' lang='lat' dir='ltr'>tribus</span> <span class='ocrx_word' id='word_1_830' title='bbox 3230 5294 3457 5364; x_wconf 76' lang='lat' dir='ltr'>Regiis.</span> <span class='ocrx_word' id='word_1_831' title='bbox 3490 5293 3874 5363; x_wconf 71' lang='grc' dir='ltr'>Εᾱὶίἰπροσφε·</span> 
     </span>
    </p>
   </div>
   <div class='ocr_carea' id='block_1_112' title="bbox 2277 5360 2879 5433">
    <p class='ocr_par' dir='ltr' id='par_1_112' title="bbox 2277 5360 2879 5433">
     <span class='ocr_line' id='line_1_114' title="bbox 2277 5360 2879 5433; baseline 0.007 -21"><span class='ocrx_word' id='word_1_832' title='bbox 2277 5379 2455 5433; x_wconf 84' lang='grc' dir='ltr'>ρειν...</span> <span class='ocrx_word' id='word_1_833' title='bbox 2492 5360 2879 5433; x_wconf 68' lang='grc' dir='ltr'>βομϐαίνοντες.</span> 
     </span>
    </p>
   </div>
   <div class='ocr_carea' id='block_1_113' title="bbox 2352 5430 3873 5503">
    <p class='ocr_par' dir='ltr' id='par_1_113' title="bbox 2352 5430 3873 5503">
     <span class='ocr_line' id='line_1_115' title="bbox 2352 5430 3873 5503; baseline -0.01 -6"><span class='ocrx_word' id='word_1_834' title='bbox 2352 5436 2461 5500; x_wconf 66' lang='grc'>(90)</span> <span class='ocrx_word' id='word_1_835' title='bbox 2492 5430 2699 5503; x_wconf 60' lang='grc' dir='ltr'>Ἄγειν.</span> <span class='ocrx_word' id='word_1_836' title='bbox 2727 5438 2807 5488; x_wconf 91' lang='lat' dir='ltr'>Ita</span> <span class='ocrx_word' id='word_1_837' title='bbox 2830 5440 2947 5488; x_wconf 91' lang='lat' dir='ltr'>tres</span> <span class='ocrx_word' id='word_1_838' title='bbox 2980 5434 3375 5491; x_wconf 87' lang='lat' dir='ltr'>vetustissimi</span> <span class='ocrx_word' id='word_1_839' title='bbox 3404 5436 3688 5501; x_wconf 89' lang='lat' dir='ltr'>codices;</span> <span class='ocrx_word' id='word_1_840' title='bbox 3719 5430 3873 5503; x_wconf 81' lang='lat' dir='ltr'>quin-</span> 
     </span>
    </p>
   </div>
   <div class='ocr_carea' id='block_1_114' title="bbox 2279 5503 3276 5578">
    <p class='ocr_par' dir='ltr' id='par_1_114' title="bbox 2279 5503 3276 5578">
     <span class='ocr_line' id='line_1_116' title="bbox 2279 5503 3276 5578; baseline -0.002 -20"><span class='ocrx_word' id='word_1_841' title='bbox 2279 5518 2397 5575; x_wconf 88' lang='lat' dir='ltr'>que</span> <span class='ocrx_word' id='word_1_842' title='bbox 2425 5504 2522 5559; x_wconf 86' lang='lat' dir='ltr'>alii</span> <span class='ocrx_word' id='word_1_843' title='bbox 2556 5503 2787 5576; x_wconf 74' lang='grc' dir='ltr'>ἀγαγεῖν.</span> <span class='ocrx_word' id='word_1_844' title='bbox 2814 5505 2965 5561; x_wconf 69' lang='lat' dir='ltr'>Ediii</span> <span class='ocrx_word' id='word_1_845' title='bbox 2987 5504 3276 5578; x_wconf 76' lang='grc' dir='ltr'>ἐξαγαγεῖν,</span> 
     </span>
    </p>
   </div>
  </div>
