  <div class='ocr_page' id='page_1' title='image "/cluster/home/n/w/nwhite01/storage/ocr_20150623/32/hvd.32044048207401/386.png"; bbox 0 0 4100 6214; ppageno 0'>
   <div class='ocr_carea' id='block_1_1' title="bbox 234 312 332 366">
    <p class='ocr_par' dir='ltr' id='par_1_1' title="bbox 234 312 332 366">
     <span class='ocr_line' id='line_1_1' title="bbox 234 312 332 366; baseline -0.01 0"><span class='ocrx_word' id='word_1_1' title='bbox 234 312 332 366; x_wconf 77' lang='lat'>761</span> 
     </span>
    </p>
   </div>
   <div class='ocr_carea' id='block_1_2' title="bbox 1231 310 2608 382">
    <p class='ocr_par' dir='ltr' id='par_1_2' title="bbox 1231 310 2608 382">
     <span class='ocr_line' id='line_1_2' title="bbox 1231 310 2608 382; baseline 0.009 -17"><span class='ocrx_word' id='word_1_2' title='bbox 1231 310 1714 368; x_wconf 80' lang='lat' dir='ltr'>EPISTOLARUM</span> <span class='ocrx_word' id='word_1_3' title='bbox 1752 311 2032 370; x_wconf 82' lang='lat' dir='ltr'>CLASSIS</span> <span class='ocrx_word' id='word_1_4' title='bbox 2073 318 2119 372; x_wconf 85' lang='lat' dir='ltr'>ll</span> <span class='ocrx_word' id='word_1_5' title='bbox 2157 319 2369 380; x_wconf 88' lang='lat' dir='ltr'>EPIST.</span> <span class='ocrx_word' id='word_1_6' title='bbox 2411 326 2608 382; x_wconf 88' lang='lat' dir='ltr'>CCVII.</span> 
     </span>
    </p>
   </div>
   <div class='ocr_carea' id='block_1_3' title="bbox 3499 344 3603 397">
    <p class='ocr_par' dir='ltr' id='par_1_3' title="bbox 3499 344 3603 397">
     <span class='ocr_line' id='line_1_3' title="bbox 3499 344 3603 397; baseline 0.019 -2"><span class='ocrx_word' id='word_1_7' title='bbox 3499 344 3603 397; x_wconf 80' lang='lat'>762</span> 
     </span>
    </p>
   </div>
   <div class='ocr_carea' id='block_1_4' title="bbox 238 429 1844 535">
    <p class='ocr_par' dir='ltr' id='par_1_4' title="bbox 238 429 1844 508">
     <span class='ocr_line' id='line_1_4' title="bbox 238 429 1844 508; baseline 0.001 -22"><span class='ocrx_word' id='word_1_8' title='bbox 238 435 320 487; x_wconf 79' lang='grc' dir='ltr'>ἐπὶ</span> <span class='ocrx_word' id='word_1_9' title='bbox 355 440 466 495; x_wconf 87' lang='grc' dir='ltr'>τοῖς</span> <span class='ocrx_word' id='word_1_10' title='bbox 496 439 743 508; x_wconf 74' lang='grc' dir='ltr'>πονηροῖς</span> <span class='ocrx_word' id='word_1_11' title='bbox 770 429 1032 506; x_wconf 73' lang='grc' dir='ltr'>δόγμασιν</span> <span class='ocrx_word' id='word_1_12' title='bbox 1060 432 1252 485; x_wconf 78' lang='grc' dir='ltr'>ἑαυτῶν</span> <span class='ocrx_word' id='word_1_13' title='bbox 1277 433 1362 494; x_wconf 78' lang='grc'>(91</span> <span class='ocrx_word' id='word_1_14' title='bbox 1399 435 1611 507; x_wconf 82' lang='grc' dir='ltr'>ἔλεγχον</span> <span class='ocrx_word' id='word_1_15' title='bbox 1643 437 1844 508; x_wconf 73' lang='grc' dir='ltr'>ὑφορῶ-</span> 
     </span>
    </p>
   </div>
   <div class='ocr_carea' id='block_1_5' title="bbox 1958 429 3607 535">
    <p class='ocr_par' dir='ltr' id='par_1_5' title="bbox 1958 443 3607 535">
     <span class='ocr_line' id='line_1_5' title="bbox 1958 443 3607 535; baseline 0.018 -43"><span class='ocrx_word' id='word_1_16' title='bbox 1958 443 2515 516; x_wconf 82' lang='lat' dir='ltr'>comminiscantur,</span> <span class='ocrx_word' id='word_1_17' title='bbox 2549 451 2886 512; x_wconf 80' lang='lat' dir='ltr'>doctrinam</span> <span class='ocrx_word' id='word_1_18' title='bbox 2930 462 3200 516; x_wconf 90' lang='lat' dir='ltr'>nostram</span> <span class='ocrx_word' id='word_1_19' title='bbox 3225 464 3288 517; x_wconf 93' lang='lat' dir='ltr'>ut</span> <span class='ocrx_word' id='word_1_20' title='bbox 3314 463 3607 535; x_wconf 87' lang='lat' dir='ltr'>pernicio-</span> 
     </span>
    </p>
   </div>
   <div class='ocr_carea' id='block_1_6' title="bbox 236 523 1844 596">
    <p class='ocr_par' dir='ltr' id='par_1_6' title="bbox 236 523 1844 596">
     <span class='ocr_line' id='line_1_6' title="bbox 236 523 1844 596; baseline 0.001 -21"><span class='ocrx_word' id='word_1_21' title='bbox 236 540 422 596; x_wconf 86' lang='grc' dir='ltr'>μενοι;</span> <span class='ocrx_word' id='word_1_22' title='bbox 459 524 528 574; x_wconf 83' lang='grc' dir='ltr'>Οἱ</span> <span class='ocrx_word' id='word_1_23' title='bbox 555 542 614 594; x_wconf 82' lang='grc' dir='ltr'>γε</span> <span class='ocrx_word' id='word_1_24' title='bbox 653 523 736 575; x_wconf 84' lang='grc' dir='ltr'>ἐπὶ</span> <span class='ocrx_word' id='word_1_25' title='bbox 787 530 1036 575; x_wconf 76' lang='grc' dir='ltr'>τοσοῦτον</span> <span class='ocrx_word' id='word_1_26' title='bbox 1091 525 1238 595; x_wconf 71' lang='grc' dir='ltr'>ἡμῶν</span> <span class='ocrx_word' id='word_1_27' title='bbox 1291 528 1844 596; x_wconf 82' lang='grc' dir='ltr'>κατηναισχύντησαν,</span> 
     </span>
    </p>
   </div>
   <div class='ocr_carea' id='block_1_7' title="bbox 237 610 1848 686">
    <p class='ocr_par' dir='ltr' id='par_1_7' title="bbox 237 610 1848 686">
     <span class='ocr_line' id='line_1_7' title="bbox 237 610 1848 686; baseline 0.003 -24"><span class='ocrx_word' id='word_1_28' title='bbox 237 615 375 664; x_wconf 78' lang='grc' dir='ltr'>ὥστε</span> <span class='ocrx_word' id='word_1_29' title='bbox 405 617 498 664; x_wconf 81' lang='grc' dir='ltr'>καὶ</span> <span class='ocrx_word' id='word_1_30' title='bbox 529 611 753 684; x_wconf 77' lang='grc' dir='ltr'>ὀνείρους</span> <span class='ocrx_word' id='word_1_31' title='bbox 780 614 944 677; x_wconf 77' lang='grc' dir='ltr'>τινας,</span> <span class='ocrx_word' id='word_1_32' title='bbox 992 610 1065 684; x_wconf 75' lang='grc' dir='ltr'>ἐφ’</span> <span class='ocrx_word' id='word_1_33' title='bbox 1101 614 1241 684; x_wconf 76' lang='grc' dir='ltr'>ἡμᾶς</span> <span class='ocrx_word' id='word_1_34' title='bbox 1274 613 1602 686; x_wconf 86' lang='grc' dir='ltr'>συμπλάσαι,</span> <span class='ocrx_word' id='word_1_35' title='bbox 1635 611 1848 667; x_wconf 72' lang='grc' dir='ltr'>διαϐαλ-</span> 
     </span>
    </p>
   </div>
   <div class='ocr_carea' id='block_1_8' title="bbox 235 697 1846 778">
    <p class='ocr_par' dir='ltr' id='par_1_8' title="bbox 235 697 1846 778">
     <span class='ocr_line' id='line_1_8' title="bbox 235 697 1846 778; baseline 0.002 -26"><span class='ocrx_word' id='word_1_36' title='bbox 235 700 410 763; x_wconf 86' lang='grc' dir='ltr'>λοντες</span> <span class='ocrx_word' id='word_1_37' title='bbox 464 702 611 772; x_wconf 79' lang='grc' dir='ltr'>ἡμῶν</span> <span class='ocrx_word' id='word_1_38' title='bbox 665 699 761 762; x_wconf 78' lang='grc' dir='ltr'>τάς</span> <span class='ocrx_word' id='word_1_39' title='bbox 814 697 1185 771; x_wconf 69' lang='grc' dir='ltr'>διδασκαλίας,</span> <span class='ocrx_word' id='word_1_40' title='bbox 1231 705 1295 762; x_wconf 84' lang='grc' dir='ltr'>ὡς</span> <span class='ocrx_word' id='word_1_41' title='bbox 1326 701 1616 778; x_wconf 72' lang='grc' dir='ltr'>βλαϐεράςο</span> <span class='ocrx_word' id='word_1_42' title='bbox 1651 703 1720 773; x_wconf 79' lang='grc' dir='ltr'>οἳ,</span> <span class='ocrx_word' id='word_1_43' title='bbox 1752 703 1846 756; x_wconf 74' lang='grc' dir='ltr'>κᾶν</span> 
     </span>
    </p>
   </div>
   <div class='ocr_carea' id='block_1_9' title="bbox 237 789 1847 864">
    <p class='ocr_par' dir='ltr' id='par_1_9' title="bbox 237 789 1847 864">
     <span class='ocr_line' id='line_1_9' title="bbox 237 789 1847 864; baseline 0.002 -22"><span class='ocrx_word' id='word_1_44' title='bbox 237 791 413 842; x_wconf 83' lang='grc' dir='ltr'>πάντα</span> <span class='ocrx_word' id='word_1_45' title='bbox 433 793 499 841; x_wconf 80' lang='grc' dir='ltr'>τὰ</span> <span class='ocrx_word' id='word_1_46' title='bbox 518 798 617 841; x_wconf 89' lang='grc' dir='ltr'>τῶν</span> <span class='ocrx_word' id='word_1_47' title='bbox 640 789 942 862; x_wconf 75' lang='grc' dir='ltr'>φυλλοχόων</span> <span class='ocrx_word' id='word_1_48' title='bbox 959 798 1134 864; x_wconf 88' lang='grc' dir='ltr'>μηνῶν</span> <span class='ocrx_word' id='word_1_49' title='bbox 1157 794 1500 864; x_wconf 74' lang='grc' dir='ltr'>φαντάσματα</span> <span class='ocrx_word' id='word_1_50' title='bbox 1519 799 1634 853; x_wconf 92' lang='grc' dir='ltr'>ταῖς</span> <span class='ocrx_word' id='word_1_51' title='bbox 1655 793 1847 846; x_wconf 80' lang='grc' dir='ltr'>ἑαυτῶν</span> 
     </span>
    </p>
   </div>
   <div class='ocr_carea' id='block_1_10' title="bbox 236 875 1848 954">
    <p class='ocr_par' dir='ltr' id='par_1_10' title="bbox 236 875 1848 954">
     <span class='ocr_line' id='line_1_10' title="bbox 236 875 1848 954; baseline 0.002 -23"><span class='ocrx_word' id='word_1_52' title='bbox 236 878 482 951; x_wconf 69' lang='grc' dir='ltr'>κεφαλαῖς</span> <span class='ocrx_word' id='word_1_53' title='bbox 503 875 880 950; x_wconf 70' lang='grc' dir='ltr'>ὑποδέξωνται,</span> <span class='ocrx_word' id='word_1_54' title='bbox 907 876 1157 952; x_wconf 69' lang='grc' dir='ltr'>οὐδεμίαν</span> <span class='ocrx_word' id='word_1_55' title='bbox 1176 883 1300 953; x_wconf 76' lang='grc' dir='ltr'>ἡμῖν</span> <span class='ocrx_word' id='word_1_56' title='bbox 1325 880 1666 954; x_wconf 66' lang='grc' dir='ltr'>βλασφημίαν</span> <span class='ocrx_word' id='word_1_57' title='bbox 1690 881 1848 942; x_wconf 72' lang='grc' dir='ltr'>δυνή-</span> 
     </span>
    </p>
   </div>
   <div class='ocr_carea' id='block_1_11' title="bbox 238 969 1846 1047">
    <p class='ocr_par' dir='ltr' id='par_1_11' title="bbox 238 969 1846 1047">
     <span class='ocr_line' id='line_1_11' title="bbox 238 969 1846 1047; baseline 0.003 -25"><span class='ocrx_word' id='word_1_58' title='bbox 238 988 426 1022; x_wconf 88' lang='grc' dir='ltr'>σονται</span> <span class='ocrx_word' id='word_1_59' title='bbox 482 969 938 1044; x_wconf 69' lang='grc' dir='ltr'>προστρίψασθαι,</span> <span class='ocrx_word' id='word_1_60' title='bbox 1002 970 1199 1024; x_wconf 87' lang='grc' dir='ltr'>πολλῶν</span> <span class='ocrx_word' id='word_1_61' title='bbox 1258 975 1413 1023; x_wconf 81' lang='grc' dir='ltr'>ὄντων</span> <span class='ocrx_word' id='word_1_62' title='bbox 1470 981 1569 1024; x_wconf 90' lang='grc' dir='ltr'>τῶν</span> <span class='ocrx_word' id='word_1_63' title='bbox 1610 976 1722 1045; x_wconf 83' lang='lat'>(9‘2)</span> <span class='ocrx_word' id='word_1_64' title='bbox 1771 975 1846 1047; x_wconf 78' lang='grc' dir='ltr'>ἐφ’</span> 
     </span>
    </p>
   </div>
   <div class='ocr_carea' id='block_1_12' title="bbox 235 1057 1593 1134">
    <p class='ocr_par' dir='ltr' id='par_1_12' title="bbox 235 1057 1593 1134">
     <span class='ocr_line' id='line_1_12' title="bbox 235 1057 1593 1134; baseline 0.001 -22"><span class='ocrx_word' id='word_1_65' title='bbox 235 1058 470 1119; x_wconf 77' lang='grc' dir='ltr'>ἑκάστης</span> <span class='ocrx_word' id='word_1_66' title='bbox 497 1057 807 1119; x_wconf 84' lang='grc' dir='ltr'>Ἐκκλησίας</span> <span class='ocrx_word' id='word_1_67' title='bbox 837 1063 1238 1133; x_wconf 81' lang='grc' dir='ltr'>μαρτυρούντων</span> <span class='ocrx_word' id='word_1_68' title='bbox 1264 1069 1326 1134; x_wconf 70' lang='grc' dir='ltr'>τῇ</span> <span class='ocrx_word' id='word_1_69' title='bbox 1358 1058 1593 1134; x_wconf 79' lang='grc' dir='ltr'>ἀληθεία.</span> 
     </span>
    </p>
   </div>
   <div class='ocr_carea' id='block_1_13' title="bbox 310 1147 1846 1224">
    <p class='ocr_par' dir='ltr' id='par_1_13' title="bbox 310 1147 1846 1224">
     <span class='ocr_line' id='line_1_13' title="bbox 310 1147 1846 1224; baseline 0.001 -21"><span class='ocrx_word' id='word_1_70' title='bbox 310 1151 367 1206; x_wconf 80' lang='lat'>&#39;2.</span> <span class='ocrx_word' id='word_1_71' title='bbox 413 1147 520 1202; x_wconf 78' lang='grc' dir='ltr'>Κάν</span> <span class='ocrx_word' id='word_1_72' title='bbox 558 1153 654 1207; x_wconf 76' lang='grc' dir='ltr'>την</span> <span class='ocrx_word' id='word_1_73' title='bbox 701 1148 873 1200; x_wconf 81' lang='grc' dir='ltr'>αἰτίαν</span> <span class='ocrx_word' id='word_1_74' title='bbox 914 1148 1218 1224; x_wconf 84' lang='grc' dir='ltr'>ἔρωτηθῶσι</span> <span class='ocrx_word' id='word_1_75' title='bbox 1264 1158 1353 1202; x_wconf 87' lang='grc' dir='ltr'>τοῦ</span> <span class='ocrx_word' id='word_1_76' title='bbox 1395 1148 1691 1223; x_wconf 77' lang='grc' dir='ltr'>ἀκηρύκτου</span> <span class='ocrx_word' id='word_1_77' title='bbox 1731 1155 1846 1204; x_wconf 85' lang='grc' dir='ltr'>τού-</span> 
     </span>
    </p>
   </div>
   <div class='ocr_carea' id='block_1_14' title="bbox 236 1234 1845 1315">
    <p class='ocr_par' dir='ltr' id='par_1_14' title="bbox 236 1234 1845 1315">
     <span class='ocr_line' id='line_1_14' title="bbox 236 1234 1845 1315; baseline 0.002 -26"><span class='ocrx_word' id='word_1_78' title='bbox 236 1255 333 1289; x_wconf 86' lang='grc' dir='ltr'>του</span> <span class='ocrx_word' id='word_1_79' title='bbox 364 1243 457 1290; x_wconf 81' lang='grc' dir='ltr'>καὶ</span> <span class='ocrx_word' id='word_1_80' title='bbox 487 1234 757 1290; x_wconf 81' lang='grc' dir='ltr'>ἀσπόνδου</span> <span class='ocrx_word' id='word_1_81' title='bbox 784 1237 1286 1312; x_wconf 71' lang='grc' dir='ltr'>πολέμου,ψαλμοῦς</span> <span class='ocrx_word' id='word_1_82' title='bbox 1308 1238 1521 1311; x_wconf 86' lang='grc' dir='ltr'>λέγουσι</span> <span class='ocrx_word' id='word_1_83' title='bbox 1542 1245 1631 1293; x_wconf 83' lang='grc' dir='ltr'>καὶ</span> <span class='ocrx_word' id='word_1_84' title='bbox 1656 1246 1845 1315; x_wconf 82' lang='grc' dir='ltr'>τρόπον</span> 
     </span>
    </p>
   </div>
   <div class='ocr_carea' id='block_1_15' title="bbox 235 1323 1844 1400">
    <p class='ocr_par' dir='ltr' id='par_1_15' title="bbox 235 1323 1844 1400">
     <span class='ocr_line' id='line_1_15' title="bbox 235 1323 1844 1400; baseline 0.003 -22"><span class='ocrx_word' id='word_1_85' title='bbox 235 1323 508 1399; x_wconf 81' lang='grc' dir='ltr'>μελῳδίας</span> <span class='ocrx_word' id='word_1_86' title='bbox 549 1334 646 1388; x_wconf 85' lang='grc' dir='ltr'>τῆς</span> <span class='ocrx_word' id='word_1_87' title='bbox 683 1326 807 1400; x_wconf 89' lang='grc' dir='ltr'>παρ’</span> <span class='ocrx_word' id='word_1_88' title='bbox 838 1328 958 1398; x_wconf 87' lang='grc' dir='ltr'>ύμῖν</span> <span class='ocrx_word' id='word_1_89' title='bbox 991 1328 1101 1398; x_wconf 88' lang='grc'>(93)</span> <span class='ocrx_word' id='word_1_90' title='bbox 1145 1334 1523 1400; x_wconf 87' lang='grc' dir='ltr'>κεκρατηκυίας</span> <span class='ocrx_word' id='word_1_91' title='bbox 1573 1332 1844 1392; x_wconf 78' lang='grc' dir='ltr'>συνηθείας</span> 
     </span>
    </p>
   </div>
   <div class='ocr_carea' id='block_1_16' title="bbox 234 1415 1845 1493">
    <p class='ocr_par' dir='ltr' id='par_1_16' title="bbox 234 1415 1845 1493">
     <span class='ocr_line' id='line_1_16' title="bbox 234 1415 1845 1493; baseline 0.002 -26"><span class='ocrx_word' id='word_1_92' title='bbox 234 1415 692 1490; x_wconf 73' lang='grc' dir='ltr'>παρηλλαγμένον,</span> <span class='ocrx_word' id='word_1_93' title='bbox 723 1421 814 1468; x_wconf 87' lang='grc' dir='ltr'>καὶ</span> <span class='ocrx_word' id='word_1_94' title='bbox 842 1419 1058 1468; x_wconf 87' lang='grc' dir='ltr'>τοιαῦτά</span> <span class='ocrx_word' id='word_1_95' title='bbox 1082 1437 1218 1485; x_wconf 89' lang='grc' dir='ltr'>τινα,</span> <span class='ocrx_word' id='word_1_96' title='bbox 1261 1417 1334 1490; x_wconf 70' lang='grc' dir='ltr'>ἐφ’</span> <span class='ocrx_word' id='word_1_97' title='bbox 1365 1419 1438 1479; x_wconf 85' lang='grc' dir='ltr'>οἷς</span> <span class='ocrx_word' id='word_1_98' title='bbox 1469 1419 1634 1493; x_wconf 75' lang='grc' dir='ltr'>ἐχρῆν</span> <span class='ocrx_word' id='word_1_99' title='bbox 1657 1420 1845 1482; x_wconf 66' lang='grc' dir='ltr'>αὐτοὺς</span> 
     </span>
    </p>
   </div>
   <div class='ocr_carea' id='block_1_17' title="bbox 237 1502 1844 1582">
    <p class='ocr_par' dir='ltr' id='par_1_17' title="bbox 237 1502 1844 1582">
     <span class='ocr_line' id='line_1_17' title="bbox 237 1502 1844 1582; baseline 0.003 -26"><span class='ocrx_word' id='word_1_100' title='bbox 237 1502 678 1575; x_wconf 80' lang='grc' dir='ltr'>ίγκαλύπτεσθαι.</span> <span class='ocrx_word' id='word_1_101' title='bbox 714 1505 1102 1578; x_wconf 83' lang='grc' dir='ltr'>Ἐγκαλούμεθα</span> <span class='ocrx_word' id='word_1_102' title='bbox 1149 1503 1227 1578; x_wconf 76' lang='grc' dir='ltr'>δὲ,</span> <span class='ocrx_word' id='word_1_103' title='bbox 1270 1509 1348 1560; x_wconf 88' lang='grc' dir='ltr'>ὄτι</span> <span class='ocrx_word' id='word_1_104' title='bbox 1403 1512 1493 1560; x_wconf 84' lang='grc' dir='ltr'>καὶ</span> <span class='ocrx_word' id='word_1_105' title='bbox 1541 1507 1844 1582; x_wconf 81' lang='grc' dir='ltr'>ἀνθρωπους</span> 
     </span>
    </p>
   </div>
   <div class='ocr_carea' id='block_1_18' title="bbox 236 1593 1842 1670">
    <p class='ocr_par' dir='ltr' id='par_1_18' title="bbox 236 1593 1842 1670">
     <span class='ocr_line' id='line_1_18' title="bbox 236 1593 1842 1670; baseline 0.003 -25"><span class='ocrx_word' id='word_1_106' title='bbox 236 1596 432 1666; x_wconf 83' lang='grc' dir='ltr'>ἔχομεν</span> <span class='ocrx_word' id='word_1_107' title='bbox 487 1602 582 1655; x_wconf 84' lang='grc' dir='ltr'>τῆς</span> <span class='ocrx_word' id='word_1_108' title='bbox 648 1593 906 1656; x_wconf 77' lang='grc' dir='ltr'>εύσεϐείας</span> <span class='ocrx_word' id='word_1_109' title='bbox 963 1594 1236 1659; x_wconf 72' lang='grc' dir='ltr'>ἀσκητάς,</span> <span class='ocrx_word' id='word_1_110' title='bbox 1297 1595 1714 1670; x_wconf 83' lang='grc' dir='ltr'>ἁποταξαμένους</span> <span class='ocrx_word' id='word_1_111' title='bbox 1769 1607 1842 1669; x_wconf 83' lang='grc' dir='ltr'>τῷ</span> 
     </span>
    </p>
   </div>
   <div class='ocr_carea' id='block_1_19' title="bbox 233 1683 1841 1759">
    <p class='ocr_par' dir='ltr' id='par_1_19' title="bbox 233 1683 1841 1759">
     <span class='ocr_line' id='line_1_19' title="bbox 233 1683 1841 1759; baseline 0.002 -25"><span class='ocrx_word' id='word_1_112' title='bbox 233 1686 444 1754; x_wconf 82' lang='grc' dir='ltr'>κόσμῳ,</span> <span class='ocrx_word' id='word_1_113' title='bbox 473 1689 562 1734; x_wconf 85' lang='grc' dir='ltr'>καὶ</span> <span class='ocrx_word' id='word_1_114' title='bbox 591 1684 792 1746; x_wconf 82' lang='grc' dir='ltr'>πάσαις</span> <span class='ocrx_word' id='word_1_115' title='bbox 832 1691 942 1745; x_wconf 88' lang='grc' dir='ltr'>ταῖς</span> <span class='ocrx_word' id='word_1_116' title='bbox 973 1683 1247 1757; x_wconf 82' lang='grc' dir='ltr'>βιωτικαῖς</span> <span class='ocrx_word' id='word_1_117' title='bbox 1276 1691 1564 1759; x_wconf 75' lang='grc' dir='ltr'>μερίμναις,</span> <span class='ocrx_word' id='word_1_118' title='bbox 1598 1685 1659 1748; x_wconf 59' lang='lat' dir='ltr'>at;</span> <span class='ocrx_word' id='word_1_119' title='bbox 1689 1685 1841 1738; x_wconf 82' lang='grc' dir='ltr'>ἀκάν-</span> 
     </span>
    </p>
   </div>
   <div class='ocr_carea' id='block_1_20' title="bbox 1956 533 3599 622">
    <p class='ocr_par' dir='ltr' id='par_1_20' title="bbox 1956 533 3599 622">
     <span class='ocr_line' id='line_1_20' title="bbox 1956 533 3599 622; baseline 0.017 -39"><span class='ocrx_word' id='word_1_120' title='bbox 1956 545 2088 586; x_wconf 90' lang='lat' dir='ltr'>sam</span> <span class='ocrx_word' id='word_1_121' title='bbox 2119 533 2559 594; x_wconf 84' lang='lat' dir='ltr'>calumniantes</span> <span class='ocrx_word' id='word_1_122' title='bbox 2596 559 2608 596; x_wconf 91' lang='lat'><strong>:</strong></span> <span class='ocrx_word' id='word_1_123' title='bbox 2643 543 2745 613; x_wconf 86' lang='lat' dir='ltr'>qui</span> <span class='ocrx_word' id='word_1_124' title='bbox 2774 547 3010 602; x_wconf 87' lang='lat' dir='ltr'>etiamsi</span> <span class='ocrx_word' id='word_1_125' title='bbox 3041 550 3245 606; x_wconf 87' lang='lat' dir='ltr'>omnia</span> <span class='ocrx_word' id='word_1_126' title='bbox 3275 533 3599 622; x_wconf 75' lang='lat' dir='ltr'>mensium,</span> 
     </span>
    </p>
   </div>
   <div class='ocr_carea' id='block_1_21' title="bbox 1955 620 3600 712">
    <p class='ocr_par' dir='ltr' id='par_1_21' title="bbox 1955 620 3600 712">
     <span class='ocr_line' id='line_1_21' title="bbox 1955 620 3600 712; baseline 0.016 -39"><span class='ocrx_word' id='word_1_127' title='bbox 1955 620 2178 712; x_wconf 71' lang='lat' dir='ltr'>quibus</span> <span class='ocrx_word' id='word_1_128' title='bbox 2202 623 2342 681; x_wconf 89' lang='lat' dir='ltr'>folia</span> <span class='ocrx_word' id='word_1_129' title='bbox 2368 628 2612 699; x_wconf 90' lang='lat' dir='ltr'>cadunt,</span> <span class='ocrx_word' id='word_1_130' title='bbox 2650 635 2888 690; x_wconf 86' lang='lat' dir='ltr'>somnia</span> <span class='ocrx_word' id='word_1_131' title='bbox 2918 643 2974 692; x_wconf 88' lang='lat' dir='ltr'>et</span> <span class='ocrx_word' id='word_1_132' title='bbox 2998 639 3129 694; x_wconf 90' lang='lat' dir='ltr'>visa</span> <span class='ocrx_word' id='word_1_133' title='bbox 3159 641 3455 712; x_wconf 87' lang='lat' dir='ltr'>capitibus</span> <span class='ocrx_word' id='word_1_134' title='bbox 3476 620 3600 699; x_wconf 85' lang='lat' dir='ltr'>suis</span> 
     </span>
    </p>
   </div>
   <div class='ocr_carea' id='block_1_22' title="bbox 1956 709 3599 801">
    <p class='ocr_par' dir='ltr' id='par_1_22' title="bbox 1956 709 3599 801">
     <span class='ocr_line' id='line_1_22' title="bbox 1956 709 3599 801; baseline 0.016 -38"><span class='ocrx_word' id='word_1_135' title='bbox 1956 709 2256 781; x_wconf 82' lang='lat' dir='ltr'>colligant,</span> <span class='ocrx_word' id='word_1_136' title='bbox 2295 715 2527 773; x_wconf 87' lang='lat' dir='ltr'>nullum</span> <span class='ocrx_word' id='word_1_137' title='bbox 2571 720 2748 776; x_wconf 88' lang='lat' dir='ltr'>nobis</span> <span class='ocrx_word' id='word_1_138' title='bbox 2804 725 3094 794; x_wconf 79' lang='lat' dir='ltr'>probrum</span> <span class='ocrx_word' id='word_1_139' title='bbox 3144 709 3423 801; x_wconf 77' lang='lat' dir='ltr'>poterunt</span> <span class='ocrx_word' id='word_1_140' title='bbox 3471 732 3599 788; x_wconf 89' lang='lat' dir='ltr'>inu-</span> 
     </span>
    </p>
   </div>
   <div class='ocr_carea' id='block_1_23' title="bbox 1954 804 3600 894">
    <p class='ocr_par' dir='ltr' id='par_1_23' title="bbox 1954 804 3600 894">
     <span class='ocr_line' id='line_1_23' title="bbox 1954 804 3600 894; baseline 0.015 -41"><span class='ocrx_word' id='word_1_141' title='bbox 1954 815 2105 866; x_wconf 85' lang='lat' dir='ltr'><strong>rere,</strong></span> <span class='ocrx_word' id='word_1_142' title='bbox 2139 817 2275 857; x_wconf 90' lang='lat' dir='ltr'>cum</span> <span class='ocrx_word' id='word_1_143' title='bbox 2307 804 2506 874; x_wconf 80' lang='lat' dir='ltr'>plures</span> <span class='ocrx_word' id='word_1_144' title='bbox 2536 808 2654 864; x_wconf 88' lang='lat' dir='ltr'>sint</span> <span class='ocrx_word' id='word_1_145' title='bbox 2681 809 2740 865; x_wconf 90' lang='lat' dir='ltr'>in</span> <span class='ocrx_word' id='word_1_146' title='bbox 2786 827 3157 890; x_wconf 90' lang='lat' dir='ltr'>unaquaque</span> <span class='ocrx_word' id='word_1_147' title='bbox 3187 818 3463 892; x_wconf 85' lang='lat' dir='ltr'>Ecclesia,</span> <span class='ocrx_word' id='word_1_148' title='bbox 3494 821 3600 894; x_wconf 88' lang='lat' dir='ltr'>qui</span> 
     </span>
    </p>
   </div>
   <div class='ocr_carea' id='block_1_24' title="bbox 1954 890 2812 957">
    <p class='ocr_par' dir='ltr' id='par_1_24' title="bbox 1954 890 2812 957">
     <span class='ocr_line' id='line_1_24' title="bbox 1954 890 2812 957; baseline 0.013 -11"><span class='ocrx_word' id='word_1_149' title='bbox 1954 890 2366 949; x_wconf 89' lang='lat' dir='ltr'>testimonium</span> <span class='ocrx_word' id='word_1_150' title='bbox 2388 895 2533 952; x_wconf 87' lang='lat' dir='ltr'>dent</span> <span class='ocrx_word' id='word_1_151' title='bbox 2560 898 2812 957; x_wconf 79' lang='lat' dir='ltr'>veritati.</span> 
     </span>
    </p>
   </div>
   <div class='ocr_carea' id='block_1_25' title="bbox 2024 1142 3603 1226">
    <p class='ocr_par' dir='ltr' id='par_1_25' title="bbox 2024 1142 3603 1226">
     <span class='ocr_line' id='line_1_25' title="bbox 2024 1142 3603 1226; baseline 0.012 -31"><span class='ocrx_word' id='word_1_152' title='bbox 2024 1145 2076 1195; x_wconf 85' lang='lat'>2.</span> <span class='ocrx_word' id='word_1_153' title='bbox 2112 1142 2283 1207; x_wconf 87' lang='lat' dir='ltr'>Quod</span> <span class='ocrx_word' id='word_1_154' title='bbox 2315 1145 2364 1200; x_wconf 88' lang='lat' dir='ltr'>si</span> <span class='ocrx_word' id='word_1_155' title='bbox 2395 1162 2646 1203; x_wconf 88' lang='lat' dir='ltr'>causam</span> <span class='ocrx_word' id='word_1_156' title='bbox 2675 1155 2965 1219; x_wconf 83' lang='lat' dir='ltr'>rogentur</span> <span class='ocrx_word' id='word_1_157' title='bbox 2993 1153 3394 1226; x_wconf 87' lang='lat' dir='ltr'>implacabilis</span> <span class='ocrx_word' id='word_1_158' title='bbox 3445 1156 3603 1214; x_wconf 84' lang='lat' dir='ltr'>illius</span> 
     </span>
    </p>
   </div>
   <div class='ocr_carea' id='block_1_26' title="bbox 1951 1231 3605 1313">
    <p class='ocr_par' dir='ltr' id='par_1_26' title="bbox 1951 1231 3605 1313">
     <span class='ocr_line' id='line_1_26' title="bbox 1951 1231 3605 1313; baseline 0.012 -29"><span class='ocrx_word' id='word_1_159' title='bbox 1951 1232 2008 1285; x_wconf 91' lang='lat' dir='ltr'>et</span> <span class='ocrx_word' id='word_1_160' title='bbox 2036 1231 2414 1303; x_wconf 77' lang='lat' dir='ltr'>inexpiabilis</span> <span class='ocrx_word' id='word_1_161' title='bbox 2459 1235 2618 1307; x_wconf 86' lang='lat' dir='ltr'>belli,</span> <span class='ocrx_word' id='word_1_162' title='bbox 2672 1239 2941 1309; x_wconf 90' lang='lat' dir='ltr'>psalmos</span> <span class='ocrx_word' id='word_1_163' title='bbox 2992 1242 3220 1313; x_wconf 89' lang='lat' dir='ltr'>dicunt,</span> <span class='ocrx_word' id='word_1_164' title='bbox 3252 1245 3605 1302; x_wconf 73' lang='lat' dir='ltr'>etmelodiae</span> 
     </span>
    </p>
   </div>
   <div class='ocr_carea' id='block_1_27' title="bbox 1955 1317 3604 1403">
    <p class='ocr_par' dir='ltr' id='par_1_27' title="bbox 1955 1317 3604 1403">
     <span class='ocr_line' id='line_1_27' title="bbox 1955 1317 3604 1403; baseline 0.012 -32"><span class='ocrx_word' id='word_1_165' title='bbox 1955 1317 2204 1373; x_wconf 90' lang='lat' dir='ltr'>modum</span> <span class='ocrx_word' id='word_1_166' title='bbox 2253 1337 2288 1376; x_wconf 88' lang='lat' dir='ltr'>a</span> <span class='ocrx_word' id='word_1_167' title='bbox 2345 1325 2802 1396; x_wconf 87' lang='lat' dir='ltr'>consuetudine,</span> <span class='ocrx_word' id='word_1_168' title='bbox 2832 1345 2968 1399; x_wconf 73' lang='lat' dir='ltr'>qute</span> <span class='ocrx_word' id='word_1_169' title='bbox 2998 1332 3166 1403; x_wconf 91' lang='lat' dir='ltr'>apud</span> <span class='ocrx_word' id='word_1_170' title='bbox 3195 1349 3302 1388; x_wconf 90' lang='lat' dir='ltr'>vos</span> <span class='ocrx_word' id='word_1_171' title='bbox 3331 1334 3604 1402; x_wconf 83' lang='lat' dir='ltr'>invaluit,</span> 
     </span>
    </p>
   </div>
   <div class='ocr_carea' id='block_1_28' title="bbox 1951 1404 3607 1494">
    <p class='ocr_par' dir='ltr' id='par_1_28' title="bbox 1951 1404 3607 1494">
     <span class='ocr_line' id='line_1_28' title="bbox 1951 1404 3607 1494; baseline 0.011 -35"><span class='ocrx_word' id='word_1_172' title='bbox 1951 1404 2276 1480; x_wconf 87' lang='lat' dir='ltr'>diversum,</span> <span class='ocrx_word' id='word_1_173' title='bbox 2306 1415 2360 1465; x_wconf 90' lang='lat' dir='ltr'>et</span> <span class='ocrx_word' id='word_1_174' title='bbox 2391 1412 2678 1482; x_wconf 58' lang='lat' dir='ltr'>quaedam</span> <span class='ocrx_word' id='word_1_175' title='bbox 2710 1416 3030 1488; x_wconf 89' lang='lat' dir='ltr'>ejusmodi,</span> <span class='ocrx_word' id='word_1_176' title='bbox 3065 1435 3329 1491; x_wconf 91' lang='lat' dir='ltr'>quorum</span> <span class='ocrx_word' id='word_1_177' title='bbox 3360 1438 3464 1478; x_wconf 91' lang='lat' dir='ltr'>eos</span> <span class='ocrx_word' id='word_1_178' title='bbox 3495 1438 3607 1494; x_wconf 90' lang='lat' dir='ltr'>par</span> 
     </span>
    </p>
   </div>
   <div class='ocr_carea' id='block_1_29' title="bbox 1951 1497 3603 1581">
    <p class='ocr_par' dir='ltr' id='par_1_29' title="bbox 1951 1497 3603 1581">
     <span class='ocr_line' id='line_1_29' title="bbox 1951 1497 3603 1581; baseline 0.01 -32"><span class='ocrx_word' id='word_1_179' title='bbox 1951 1501 2078 1552; x_wconf 88' lang='lat' dir='ltr'>erat</span> <span class='ocrx_word' id='word_1_180' title='bbox 2106 1497 2357 1567; x_wconf 88' lang='lat' dir='ltr'>pudere.</span> <span class='ocrx_word' id='word_1_181' title='bbox 2424 1503 2780 1559; x_wconf 89' lang='lat' dir='ltr'>lncusamur</span> <span class='ocrx_word' id='word_1_182' title='bbox 2834 1511 3056 1572; x_wconf 91' lang='lat' dir='ltr'>autem,</span> <span class='ocrx_word' id='word_1_183' title='bbox 3089 1510 3255 1581; x_wconf 90' lang='lat' dir='ltr'>quod</span> <span class='ocrx_word' id='word_1_184' title='bbox 3283 1511 3464 1566; x_wconf 85' lang='lat' dir='ltr'>etiam</span> <span class='ocrx_word' id='word_1_185' title='bbox 3494 1511 3603 1566; x_wconf 79' lang='lat' dir='ltr'>ho-</span> 
     </span>
    </p>
   </div>
   <div class='ocr_carea' id='block_1_30' title="bbox 1951 1584 3603 1670">
    <p class='ocr_par' dir='ltr' id='par_1_30' title="bbox 1951 1584 3603 1670">
     <span class='ocr_line' id='line_1_30' title="bbox 1951 1584 3603 1670; baseline 0.012 -33"><span class='ocrx_word' id='word_1_186' title='bbox 1951 1584 2144 1639; x_wconf 87' lang='lat' dir='ltr'>mines</span> <span class='ocrx_word' id='word_1_187' title='bbox 2171 1586 2510 1644; x_wconf 87' lang='lat' dir='ltr'>habeamus</span> <span class='ocrx_word' id='word_1_188' title='bbox 2567 1593 2803 1663; x_wconf 90' lang='lat' dir='ltr'>pietatis</span> <span class='ocrx_word' id='word_1_189' title='bbox 2860 1595 3142 1663; x_wconf 91' lang='lat' dir='ltr'>cultores,</span> <span class='ocrx_word' id='word_1_190' title='bbox 3169 1598 3276 1670; x_wconf 91' lang='lat' dir='ltr'>qui</span> <span class='ocrx_word' id='word_1_191' title='bbox 3322 1599 3603 1656; x_wconf 88' lang='lat' dir='ltr'>nuntium</span> 
     </span>
    </p>
   </div>
   <div class='ocr_carea' id='block_1_31' title="bbox 1949 1675 3604 1762">
    <p class='ocr_par' dir='ltr' id='par_1_31' title="bbox 1949 1675 3604 1762">
     <span class='ocr_line' id='line_1_31' title="bbox 1949 1675 3604 1762; baseline 0.011 -35"><span class='ocrx_word' id='word_1_192' title='bbox 1949 1675 2304 1732; x_wconf 89' lang='lat' dir='ltr'>remiserunt</span> <span class='ocrx_word' id='word_1_193' title='bbox 2334 1680 2563 1736; x_wconf 90' lang='lat' dir='ltr'>mundo</span> <span class='ocrx_word' id='word_1_194' title='bbox 2590 1687 2646 1736; x_wconf 87' lang='lat' dir='ltr'>et</span> <span class='ocrx_word' id='word_1_195' title='bbox 2685 1683 2969 1740; x_wconf 86' lang='lat' dir='ltr'>omnibus</span> <span class='ocrx_word' id='word_1_196' title='bbox 2999 1687 3204 1743; x_wconf 69' lang='lat' dir='ltr'>saeculi</span> <span class='ocrx_word' id='word_1_197' title='bbox 3246 1689 3423 1757; x_wconf 89' lang='lat' dir='ltr'>curis,</span> <span class='ocrx_word' id='word_1_198' title='bbox 3454 1706 3604 1762; x_wconf 88' lang='lat' dir='ltr'>quas</span> 
     </span>
    </p>
   </div>
   <div class='ocr_carea' id='block_1_32' title="bbox 235 1763 1844 1850">
    <p class='ocr_par' dir='ltr' id='par_1_32' title="bbox 235 1772 1838 1850">
     <span class='ocr_line' id='line_1_32' title="bbox 235 1772 1838 1850; baseline 0.001 -26"><span class='ocrx_word' id='word_1_199' title='bbox 235 1772 358 1831; x_wconf 80' lang='grc' dir='ltr'>θαις</span> <span class='ocrx_word' id='word_1_200' title='bbox 389 1772 696 1844; x_wconf 76' lang='grc' dir='ltr'>παρεικάζει</span> <span class='ocrx_word' id='word_1_201' title='bbox 723 1773 748 1824; x_wconf 91' lang='grc' dir='ltr'>ό</span> <span class='ocrx_word' id='word_1_202' title='bbox 794 1775 1003 1847; x_wconf 83' lang='grc' dir='ltr'>Κύριος,</span> <span class='ocrx_word' id='word_1_203' title='bbox 1034 1773 1105 1834; x_wconf 89' lang='grc' dir='ltr'>εἰς</span> <span class='ocrx_word' id='word_1_204' title='bbox 1141 1779 1496 1850; x_wconf 71' lang='grc' dir='ltr'>καρποφορίαν</span> <span class='ocrx_word' id='word_1_205' title='bbox 1537 1773 1695 1828; x_wconf 78' lang='grc' dir='ltr'>ἐλθεῖν</span> <span class='ocrx_word' id='word_1_206' title='bbox 1723 1779 1838 1846; x_wconf 82' lang='grc'>(94)</span> 
     </span>
    </p>
   </div>
   <div class='ocr_carea' id='block_1_33' title="bbox 1958 1763 3602 1850">
    <p class='ocr_par' dir='ltr' id='par_1_33' title="bbox 1958 1763 3602 1840">
     <span class='ocr_line' id='line_1_33' title="bbox 1958 1763 3602 1840; baseline 0.012 -23"><span class='ocrx_word' id='word_1_207' title='bbox 1958 1763 2140 1834; x_wconf 85' lang='lat' dir='ltr'>spinis</span> <span class='ocrx_word' id='word_1_208' title='bbox 2190 1774 2504 1839; x_wconf 83' lang='lat' dir='ltr'>comparat</span> <span class='ocrx_word' id='word_1_209' title='bbox 2557 1772 2866 1840; x_wconf 92' lang='lat' dir='ltr'>Dominus,</span> <span class='ocrx_word' id='word_1_210' title='bbox 2896 1776 3149 1832; x_wconf 85' lang='lat' dir='ltr'>verbum</span> <span class='ocrx_word' id='word_1_211' title='bbox 3207 1778 3288 1834; x_wconf 92' lang='lat' dir='ltr'>ad</span> <span class='ocrx_word' id='word_1_212' title='bbox 3342 1779 3602 1836; x_wconf 83' lang='lat' dir='ltr'>fructum</span> 
     </span>
    </p>
   </div>
   <div class='ocr_carea' id='block_1_34' title="bbox 230 1861 1842 1938">
    <p class='ocr_par' dir='ltr' id='par_1_34' title="bbox 230 1861 1842 1938">
     <span class='ocr_line' id='line_1_34' title="bbox 230 1861 1842 1938; baseline 0.004 -26"><span class='ocrx_word' id='word_1_213' title='bbox 230 1866 324 1912; x_wconf 88' lang='grc' dir='ltr'>τόν</span> <span class='ocrx_word' id='word_1_214' title='bbox 351 1861 504 1932; x_wconf 86' lang='grc' dir='ltr'>λόγον</span> <span class='ocrx_word' id='word_1_215' title='bbox 532 1866 602 1934; x_wconf 75' lang='grc' dir='ltr'>μή</span> <span class='ocrx_word' id='word_1_216' title='bbox 639 1865 1070 1935; x_wconf 84' lang='grc' dir='ltr'>συγχωρούσαις.</span> <span class='ocrx_word' id='word_1_217' title='bbox 1099 1865 1164 1915; x_wconf 84' lang='grc' dir='ltr'>Οἱ</span> <span class='ocrx_word' id='word_1_218' title='bbox 1191 1872 1414 1917; x_wconf 83' lang='grc' dir='ltr'>τοιοῦτοι</span> <span class='ocrx_word' id='word_1_219' title='bbox 1441 1869 1533 1923; x_wconf 76' lang='grc' dir='ltr'>τὴν</span> <span class='ocrx_word' id='word_1_220' title='bbox 1561 1869 1842 1938; x_wconf 85' lang='grc' dir='ltr'>νεκρότητα</span> 
     </span>
    </p>
   </div>
   <div class='ocr_carea' id='block_1_35' title="bbox 228 1949 1840 2028">
    <p class='ocr_par' dir='ltr' id='par_1_35' title="bbox 228 1949 1840 2028">
     <span class='ocr_line' id='line_1_35' title="bbox 228 1949 1840 2028; baseline 0.003 -26"><span class='ocrx_word' id='word_1_221' title='bbox 228 1958 327 2002; x_wconf 84' lang='grc' dir='ltr'>τοῦ</span> <span class='ocrx_word' id='word_1_222' title='bbox 352 1949 533 2009; x_wconf 85' lang='grc' dir='ltr'>Ἰησοῦ</span> <span class='ocrx_word' id='word_1_223' title='bbox 566 1949 616 2002; x_wconf 78' lang='grc' dir='ltr'>ἓν</span> <span class='ocrx_word' id='word_1_224' title='bbox 646 1960 717 2022; x_wconf 84' lang='grc' dir='ltr'>τῷ</span> <span class='ocrx_word' id='word_1_225' title='bbox 750 1958 957 2023; x_wconf 82' lang='grc' dir='ltr'>σώματι</span> <span class='ocrx_word' id='word_1_226' title='bbox 984 1957 1320 2027; x_wconf 70' lang='grc' dir='ltr'>περιφέρουσι</span> <span class='ocrx_word' id='word_1_227' title='bbox 1349 1974 1360 1987; x_wconf 80' lang='grc' dir='ltr'><strong><em>ο</em></strong></span> <span class='ocrx_word' id='word_1_228' title='bbox 1391 1959 1482 2006; x_wconf 83' lang='grc' dir='ltr'>καὶ</span> <span class='ocrx_word' id='word_1_229' title='bbox 1512 1957 1725 2028; x_wconf 75' lang='grc' dir='ltr'>ἄραντες</span> <span class='ocrx_word' id='word_1_230' title='bbox 1754 1959 1840 2007; x_wconf 90' lang='grc' dir='ltr'>τόν</span> 
     </span>
    </p>
   </div>
   <div class='ocr_carea' id='block_1_36' title="bbox 231 2041 1840 2115">
    <p class='ocr_par' dir='ltr' id='par_1_36' title="bbox 231 2041 1840 2115">
     <span class='ocr_line' id='line_1_36' title="bbox 231 2041 1840 2115; baseline 0.002 -23"><span class='ocrx_word' id='word_1_231' title='bbox 231 2042 436 2092; x_wconf 72' lang='grc' dir='ltr'>ἑαυτῶν</span> <span class='ocrx_word' id='word_1_232' title='bbox 468 2044 717 2114; x_wconf 85' lang='grc' dir='ltr'>σταυρόν,</span> <span class='ocrx_word' id='word_1_233' title='bbox 747 2041 956 2093; x_wconf 81' lang='grc' dir='ltr'>ἕπονται</span> <span class='ocrx_word' id='word_1_234' title='bbox 1002 2050 1073 2112; x_wconf 82' lang='grc' dir='ltr'>τῷ</span> <span class='ocrx_word' id='word_1_235' title='bbox 1106 2051 1239 2114; x_wconf 81' lang='grc' dir='ltr'>Θεῷ.</span> <span class='ocrx_word' id='word_1_236' title='bbox 1270 2042 1399 2115; x_wconf 83' lang='grc' dir='ltr'>Ἐγὼ</span> <span class='ocrx_word' id='word_1_237' title='bbox 1445 2041 1504 2096; x_wconf 76' lang='grc' dir='ltr'>δὲ</span> <span class='ocrx_word' id='word_1_238' title='bbox 1555 2049 1742 2106; x_wconf 88' lang='grc' dir='ltr'>παντὸς</span> <span class='ocrx_word' id='word_1_239' title='bbox 1780 2044 1840 2097; x_wconf 79' lang='grc' dir='ltr'>ἂν</span> 
     </span>
    </p>
   </div>
   <div class='ocr_carea' id='block_1_37' title="bbox 228 2129 1842 2208">
    <p class='ocr_par' dir='ltr' id='par_1_37' title="bbox 228 2129 1842 2208">
     <span class='ocr_line' id='line_1_37' title="bbox 228 2129 1842 2208; baseline 0.004 -27"><span class='ocrx_word' id='word_1_240' title='bbox 228 2135 573 2202; x_wconf 79' lang='grc' dir='ltr'>τιμησαίμην</span> <span class='ocrx_word' id='word_1_241' title='bbox 598 2137 689 2182; x_wconf 88' lang='grc' dir='ltr'>τοῦ</span> <span class='ocrx_word' id='word_1_242' title='bbox 717 2129 949 2202; x_wconf 70' lang='grc' dir='ltr'>ἐμαυτοῦ</span> <span class='ocrx_word' id='word_1_243' title='bbox 978 2129 1120 2203; x_wconf 80' lang='grc' dir='ltr'>βίου,</span> <span class='ocrx_word' id='word_1_244' title='bbox 1155 2129 1253 2205; x_wconf 80' lang='grc' dir='ltr'>ἐμὰ</span> <span class='ocrx_word' id='word_1_245' title='bbox 1279 2131 1408 2185; x_wconf 85' lang='grc' dir='ltr'>εἶναι</span> <span class='ocrx_word' id='word_1_246' title='bbox 1437 2137 1503 2186; x_wconf 79' lang='grc' dir='ltr'>τὰ</span> <span class='ocrx_word' id='word_1_247' title='bbox 1533 2131 1842 2208; x_wconf 63' lang='grc' dir='ltr'>ἀδικήματα</span> 
     </span>
    </p>
   </div>
   <div class='ocr_carea' id='block_1_38' title="bbox 227 2216 1840 2297">
    <p class='ocr_par' dir='ltr' id='par_1_38' title="bbox 227 2216 1840 2297">
     <span class='ocr_line' id='line_1_38' title="bbox 227 2216 1840 2297; baseline 0.004 -27"><span class='ocrx_word' id='word_1_248' title='bbox 227 2228 423 2281; x_wconf 85' lang='grc' dir='ltr'>ταῦτα,</span> <span class='ocrx_word' id='word_1_249' title='bbox 487 2223 577 2270; x_wconf 82' lang='grc' dir='ltr'>καὶ</span> <span class='ocrx_word' id='word_1_250' title='bbox 642 2222 782 2290; x_wconf 82' lang='grc' dir='ltr'>ἔχειν</span> <span class='ocrx_word' id='word_1_251' title='bbox 842 2216 1042 2293; x_wconf 79' lang='grc' dir='ltr'>ἄνδρας</span> <span class='ocrx_word' id='word_1_252' title='bbox 1103 2222 1225 2296; x_wconf 90' lang='grc' dir='ltr'>παρ’</span> <span class='ocrx_word' id='word_1_253' title='bbox 1283 2220 1511 2294; x_wconf 77' lang='grc' dir='ltr'>ἐμαυτῷ,</span> <span class='ocrx_word' id='word_1_254' title='bbox 1579 2224 1666 2276; x_wconf 80' lang='grc' dir='ltr'>ὑπ’</span> <span class='ocrx_word' id='word_1_255' title='bbox 1727 2223 1840 2297; x_wconf 81' lang='grc' dir='ltr'>ἐμοὶ</span> 
     </span>
    </p>
   </div>
   <div class='ocr_carea' id='block_1_39' title="bbox 232 2305 1841 2386">
    <p class='ocr_par' dir='ltr' id='par_1_39' title="bbox 232 2305 1841 2386">
     <span class='ocr_line' id='line_1_39' title="bbox 232 2305 1841 2386; baseline 0.005 -26"><span class='ocrx_word' id='word_1_256' title='bbox 232 2305 575 2380; x_wconf 81' lang='grc' dir='ltr'>διδασκάλῳ,</span> <span class='ocrx_word' id='word_1_257' title='bbox 607 2313 699 2366; x_wconf 75' lang='grc' dir='ltr'>τὴν</span> <span class='ocrx_word' id='word_1_258' title='bbox 729 2311 961 2368; x_wconf 81' lang='grc' dir='ltr'>ἄσκησιν</span> <span class='ocrx_word' id='word_1_259' title='bbox 991 2313 1187 2368; x_wconf 87' lang='grc' dir='ltr'>ταύτην</span> <span class='ocrx_word' id='word_1_260' title='bbox 1210 2312 1592 2386; x_wconf 84' lang='grc' dir='ltr'>προελομένους.</span> <span class='ocrx_word' id='word_1_261' title='bbox 1635 2321 1742 2366; x_wconf 89' lang='grc' dir='ltr'>Νῦν</span> <span class='ocrx_word' id='word_1_262' title='bbox 1783 2312 1841 2368; x_wconf 76' lang='grc' dir='ltr'>δὲ</span> 
     </span>
    </p>
   </div>
   <div class='ocr_carea' id='block_1_40' title="bbox 233 2397 1839 2480">
    <p class='ocr_par' dir='ltr' id='par_1_40' title="bbox 233 2397 1839 2480">
     <span class='ocr_line' id='line_1_40' title="bbox 233 2397 1839 2480; baseline -0.001 -29"><span class='ocrx_word' id='word_1_263' title='bbox 233 2397 285 2451; x_wconf 75' lang='grc' dir='ltr'>ἓν</span> <span class='ocrx_word' id='word_1_264' title='bbox 315 2399 568 2470; x_wconf 78' lang='grc' dir='ltr'>Αἰγύπτῳ</span> <span class='ocrx_word' id='word_1_265' title='bbox 597 2402 688 2470; x_wconf 78' lang='grc' dir='ltr'>μεν</span> <span class='ocrx_word' id='word_1_266' title='bbox 728 2397 900 2452; x_wconf 81' lang='grc' dir='ltr'>ἀκούω</span> <span class='ocrx_word' id='word_1_267' title='bbox 940 2403 1183 2458; x_wconf 85' lang='grc' dir='ltr'>τοιαύτην</span> <span class='ocrx_word' id='word_1_268' title='bbox 1235 2401 1362 2454; x_wconf 82' lang='grc' dir='ltr'>εἶναι</span> <span class='ocrx_word' id='word_1_269' title='bbox 1391 2401 1592 2478; x_wconf 77' lang='grc' dir='ltr'>ἀνδρῶν</span> <span class='ocrx_word' id='word_1_270' title='bbox 1620 2403 1804 2480; x_wconf 72' lang='grc' dir='ltr'>ἀρετήν</span> <span class='ocrx_word' id='word_1_271' title='bbox 1827 2427 1839 2439; x_wconf 87' lang='grc'><strong>·</strong></span> 
     </span>
    </p>
   </div>
   <div class='ocr_carea' id='block_1_41' title="bbox 233 2487 1841 2560">
    <p class='ocr_par' dir='ltr' id='par_1_41' title="bbox 233 2487 1841 2560">
     <span class='ocr_line' id='line_1_41' title="bbox 233 2487 1841 2560; baseline 0.004 -20"><span class='ocrx_word' id='word_1_272' title='bbox 233 2494 327 2541; x_wconf 79' lang='grc' dir='ltr'>καὶ</span> <span class='ocrx_word' id='word_1_273' title='bbox 354 2490 503 2560; x_wconf 82' lang='grc' dir='ltr'>τάχα</span> <span class='ocrx_word' id='word_1_274' title='bbox 531 2491 660 2550; x_wconf 71' lang='grc' dir='ltr'>τινες</span> <span class='ocrx_word' id='word_1_275' title='bbox 695 2494 785 2541; x_wconf 82' lang='grc' dir='ltr'>καὶ</span> <span class='ocrx_word' id='word_1_276' title='bbox 825 2487 908 2541; x_wconf 80' lang='grc' dir='ltr'>ἐπὶ</span> <span class='ocrx_word' id='word_1_277' title='bbox 944 2498 1040 2551; x_wconf 74' lang='grc' dir='ltr'>τῆς</span> <span class='ocrx_word' id='word_1_278' title='bbox 1088 2490 1443 2554; x_wconf 86' lang='grc' dir='ltr'>Παλαιστίνης</span> <span class='ocrx_word' id='word_1_279' title='bbox 1480 2497 1573 2552; x_wconf 77' lang='grc' dir='ltr'>τὴν</span> <span class='ocrx_word' id='word_1_280' title='bbox 1625 2498 1758 2546; x_wconf 85' lang='grc' dir='ltr'>κατὰ</span> <span class='ocrx_word' id='word_1_281' title='bbox 1782 2498 1841 2547; x_wconf 90' lang='grc' dir='ltr'>τό</span> 
     </span>
    </p>
   </div>
   <div class='ocr_carea' id='block_1_42' title="bbox 235 2576 1843 2652">
    <p class='ocr_par' dir='ltr' id='par_1_42' title="bbox 235 2576 1843 2652">
     <span class='ocr_line' id='line_1_42' title="bbox 235 2576 1843 2652; baseline 0.003 -21"><span class='ocrx_word' id='word_1_282' title='bbox 235 2577 554 2649; x_wconf 81' lang='grc' dir='ltr'>Εύαγγέλιον</span> <span class='ocrx_word' id='word_1_283' title='bbox 610 2576 871 2630; x_wconf 84' lang='grc' dir='ltr'>πολιτείαν</span> <span class='ocrx_word' id='word_1_284' title='bbox 921 2582 1289 2652; x_wconf 80' lang='grc' dir='ltr'>κατορθοῦσιν.</span> <span class='ocrx_word' id='word_1_285' title='bbox 1335 2580 1534 2633; x_wconf 82' lang='grc' dir='ltr'>Ἀκούω</span> <span class='ocrx_word' id='word_1_286' title='bbox 1589 2579 1650 2635; x_wconf 77' lang='grc' dir='ltr'>δε</span> <span class='ocrx_word' id='word_1_287' title='bbox 1703 2603 1843 2644; x_wconf 90' lang='grc' dir='ltr'>τινας</span> 
     </span>
    </p>
   </div>
   <div class='ocr_carea' id='block_1_43' title="bbox 236 2665 1844 2744">
    <p class='ocr_par' dir='ltr' id='par_1_43' title="bbox 236 2665 1844 2744">
     <span class='ocr_line' id='line_1_43' title="bbox 236 2665 1844 2744; baseline 0.004 -26"><span class='ocrx_word' id='word_1_288' title='bbox 236 2673 330 2719; x_wconf 84' lang='grc' dir='ltr'>καὶ</span> <span class='ocrx_word' id='word_1_289' title='bbox 363 2665 446 2718; x_wconf 75' lang='grc' dir='ltr'>ἐπὶ</span> <span class='ocrx_word' id='word_1_290' title='bbox 475 2675 571 2728; x_wconf 75' lang='grc' dir='ltr'>τῆς</span> <span class='ocrx_word' id='word_1_291' title='bbox 597 2671 775 2728; x_wconf 79' lang='grc' dir='ltr'>Μέσης</span> <span class='ocrx_word' id='word_1_292' title='bbox 805 2676 904 2720; x_wconf 88' lang='grc' dir='ltr'>τῶν</span> <span class='ocrx_word' id='word_1_293' title='bbox 925 2676 1170 2741; x_wconf 83' lang='grc' dir='ltr'>ποταμῶν</span> <span class='ocrx_word' id='word_1_294' title='bbox 1195 2668 1414 2732; x_wconf 87' lang='grc' dir='ltr'>τελείους</span> <span class='ocrx_word' id='word_1_295' title='bbox 1443 2676 1532 2723; x_wconf 83' lang='grc' dir='ltr'>καὶ</span> <span class='ocrx_word' id='word_1_296' title='bbox 1557 2677 1844 2744; x_wconf 87' lang='grc' dir='ltr'>μακαρίους</span> 
     </span>
    </p>
   </div>
   <div class='ocr_carea' id='block_1_44' title="bbox 235 2753 1842 2832">
    <p class='ocr_par' dir='ltr' id='par_1_44' title="bbox 235 2753 1842 2832">
     <span class='ocr_line' id='line_1_44' title="bbox 235 2753 1842 2832; baseline 0.003 -24"><span class='ocrx_word' id='word_1_297' title='bbox 235 2753 463 2829; x_wconf 80' lang='grc' dir='ltr'>ἄνδρας.</span> <span class='ocrx_word' id='word_1_298' title='bbox 515 2755 695 2829; x_wconf 77' lang='grc' dir='ltr'>Ἡμεῖς</span> <span class='ocrx_word' id='word_1_299' title='bbox 751 2753 811 2809; x_wconf 76' lang='grc' dir='ltr'>δὲ</span> <span class='ocrx_word' id='word_1_300' title='bbox 876 2755 1064 2821; x_wconf 72' lang='grc' dir='ltr'>παῖδές</span> <span class='ocrx_word' id='word_1_301' title='bbox 1121 2757 1271 2832; x_wconf 77' lang='grc' dir='ltr'>ἐσμεν</span> <span class='ocrx_word' id='word_1_302' title='bbox 1328 2764 1457 2832; x_wconf 86' lang='grc' dir='ltr'>πρὸς</span> <span class='ocrx_word' id='word_1_303' title='bbox 1504 2780 1564 2832; x_wconf 85' lang='grc' dir='ltr'>γε</span> <span class='ocrx_word' id='word_1_304' title='bbox 1611 2765 1705 2818; x_wconf 79' lang='grc' dir='ltr'>την</span> <span class='ocrx_word' id='word_1_305' title='bbox 1743 2770 1842 2813; x_wconf 89' lang='grc' dir='ltr'>τῶν</span> 
     </span>
    </p>
   </div>
   <div class='ocr_carea' id='block_1_45' title="bbox 233 2843 1842 2922">
    <p class='ocr_par' dir='ltr' id='par_1_45' title="bbox 233 2843 1842 2922">
     <span class='ocr_line' id='line_1_45' title="bbox 233 2843 1842 2922; baseline 0 -21"><span class='ocrx_word' id='word_1_306' title='bbox 233 2845 443 2898; x_wconf 75' lang='grc' dir='ltr'>τελείων</span> <span class='ocrx_word' id='word_1_307' title='bbox 474 2849 772 2918; x_wconf 71' lang='grc' dir='ltr'>σύγκρισιν.</span> <span class='ocrx_word' id='word_1_308' title='bbox 806 2845 866 2899; x_wconf 81' lang='grc' dir='ltr'>Εἰ</span> <span class='ocrx_word' id='word_1_309' title='bbox 891 2843 950 2900; x_wconf 74' lang='grc' dir='ltr'>δὲ</span> <span class='ocrx_word' id='word_1_310' title='bbox 974 2852 1064 2900; x_wconf 84' lang='grc' dir='ltr'>καὶ</span> <span class='ocrx_word' id='word_1_311' title='bbox 1107 2857 1346 2919; x_wconf 81' lang='grc' dir='ltr'>γυναῖκες</span> <span class='ocrx_word' id='word_1_312' title='bbox 1377 2849 1718 2920; x_wconf 80' lang='grc' dir='ltr'>εῦαγγελικῶς</span> <span class='ocrx_word' id='word_1_313' title='bbox 1747 2851 1842 2922; x_wconf 72' lang='grc' dir='ltr'>ζῇν</span> 
     </span>
    </p>
   </div>
   <div class='ocr_carea' id='block_1_46' title="bbox 233 2934 1843 3011">
    <p class='ocr_par' dir='ltr' id='par_1_46' title="bbox 233 2934 1843 3011">
     <span class='ocr_line' id='line_1_46' title="bbox 233 2934 1843 3011; baseline 0.002 -23"><span class='ocrx_word' id='word_1_314' title='bbox 233 2934 601 3008; x_wconf 84' lang='grc' dir='ltr'>προελόμεναι,</span> <span class='ocrx_word' id='word_1_315' title='bbox 635 2937 914 3010; x_wconf 88' lang='grc' dir='ltr'>παρθενίαν</span> <span class='ocrx_word' id='word_1_316' title='bbox 961 2939 1051 3009; x_wconf 72' lang='grc' dir='ltr'>μὲν</span> <span class='ocrx_word' id='word_1_317' title='bbox 1101 2939 1296 3010; x_wconf 87' lang='grc' dir='ltr'>γάμου’</span> <span class='ocrx_word' id='word_1_318' title='bbox 1323 2947 1677 3011; x_wconf 83' lang='grc' dir='ltr'>προτιμῶσαι,</span> <span class='ocrx_word' id='word_1_319' title='bbox 1713 2936 1843 2992; x_wconf 75' lang='grc' dir='ltr'>δου-</span> 
     </span>
    </p>
   </div>
   <div class='ocr_carea' id='block_1_47' title="bbox 233 3021 1842 3104">
    <p class='ocr_par' dir='ltr' id='par_1_47' title="bbox 233 3021 1842 3104">
     <span class='ocr_line' id='line_1_47' title="bbox 233 3021 1842 3104; baseline 0.002 -28"><span class='ocrx_word' id='word_1_320' title='bbox 233 3023 580 3095; x_wconf 84' lang='grc' dir='ltr'>λαγωγοῦσαι</span> <span class='ocrx_word' id='word_1_321' title='bbox 629 3026 741 3092; x_wconf 80' lang='grc'>(95)</span> <span class='ocrx_word' id='word_1_322' title='bbox 786 3021 844 3077; x_wconf 78' lang='grc' dir='ltr'>δὲ</span> <span class='ocrx_word' id='word_1_323' title='bbox 893 3029 949 3078; x_wconf 89' lang='grc' dir='ltr'>τό</span> <span class='ocrx_word' id='word_1_324' title='bbox 998 3031 1236 3100; x_wconf 71' lang='grc' dir='ltr'>φρόνημα</span> <span class='ocrx_word' id='word_1_325' title='bbox 1270 3035 1360 3088; x_wconf 79' lang='grc' dir='ltr'>τῆς</span> <span class='ocrx_word' id='word_1_326' title='bbox 1411 3032 1623 3104; x_wconf 86' lang='grc' dir='ltr'>σαρκός,</span> <span class='ocrx_word' id='word_1_327' title='bbox 1667 3033 1755 3081; x_wconf 80' lang='grc' dir='ltr'>καὶ</span> <span class='ocrx_word' id='word_1_328' title='bbox 1795 3030 1842 3080; x_wconf 87' lang='grc' dir='ltr'>ἐν</span> 
     </span>
    </p>
   </div>
   <div class='ocr_carea' id='block_1_48' title="bbox 1951 1851 3603 1938">
    <p class='ocr_par' dir='ltr' id='par_1_48' title="bbox 1951 1851 3603 1938">
     <span class='ocr_line' id='line_1_48' title="bbox 1951 1851 3603 1938; baseline 0.011 -32"><span class='ocrx_word' id='word_1_329' title='bbox 1951 1851 2265 1910; x_wconf 87' lang='lat' dir='ltr'>ferendum</span> <span class='ocrx_word' id='word_1_330' title='bbox 2313 1858 2623 1927; x_wconf 78' lang='lat' dir='ltr'>pervenire</span> <span class='ocrx_word' id='word_1_331' title='bbox 2685 1876 2808 1916; x_wconf 89' lang='lat' dir='ltr'>non</span> <span class='ocrx_word' id='word_1_332' title='bbox 2868 1863 3225 1921; x_wconf 82' lang='lat' dir='ltr'>sinentibus.</span> <span class='ocrx_word' id='word_1_333' title='bbox 3295 1868 3603 1938; x_wconf 87' lang='lat' dir='ltr'>Ejusmodi</span> 
     </span>
    </p>
   </div>
   <div class='ocr_carea' id='block_1_49' title="bbox 1949 1941 3601 2027">
    <p class='ocr_par' dir='ltr' id='par_1_49' title="bbox 1949 1941 3601 2027">
     <span class='ocr_line' id='line_1_49' title="bbox 1949 1941 3601 2027; baseline 0.011 -32"><span class='ocrx_word' id='word_1_334' title='bbox 1949 1941 2226 1998; x_wconf 90' lang='lat' dir='ltr'>homines</span> <span class='ocrx_word' id='word_1_335' title='bbox 2248 1945 2771 2004; x_wconf 86' lang='lat' dir='ltr'>mortiﬁcationem</span> <span class='ocrx_word' id='word_1_336' title='bbox 2799 1953 2936 2006; x_wconf 85' lang='lat' dir='ltr'>Jesu</span> <span class='ocrx_word' id='word_1_337' title='bbox 2965 1953 3024 2007; x_wconf 90' lang='lat' dir='ltr'>in</span> <span class='ocrx_word' id='word_1_338' title='bbox 3057 1969 3307 2027; x_wconf 90' lang='lat' dir='ltr'>corpore</span> <span class='ocrx_word' id='word_1_339' title='bbox 3345 1957 3601 2012; x_wconf 91' lang='lat' dir='ltr'>circum-</span> 
     </span>
    </p>
   </div>
   <div class='ocr_carea' id='block_1_50' title="bbox 1949 2029 3600 2118">
    <p class='ocr_par' dir='ltr' id='par_1_50' title="bbox 1949 2029 3600 2118">
     <span class='ocr_line' id='line_1_50' title="bbox 1949 2029 3600 2118; baseline 0.011 -33"><span class='ocrx_word' id='word_1_340' title='bbox 1949 2029 2165 2100; x_wconf 90' lang='lat' dir='ltr'>ferunt,</span> <span class='ocrx_word' id='word_1_341' title='bbox 2198 2039 2254 2089; x_wconf 89' lang='lat' dir='ltr'>et</span> <span class='ocrx_word' id='word_1_342' title='bbox 2283 2049 2522 2090; x_wconf 90' lang='lat' dir='ltr'>crucem</span> <span class='ocrx_word' id='word_1_343' title='bbox 2562 2053 2734 2093; x_wconf 84' lang='lat' dir='ltr'>suam</span> <span class='ocrx_word' id='word_1_344' title='bbox 2766 2044 3094 2111; x_wconf 86' lang='lat' dir='ltr'>portantes,</span> <span class='ocrx_word' id='word_1_345' title='bbox 3122 2045 3307 2100; x_wconf 90' lang='lat' dir='ltr'>Deum</span> <span class='ocrx_word' id='word_1_346' title='bbox 3337 2062 3600 2118; x_wconf 89' lang='lat' dir='ltr'>sequun—</span> 
     </span>
    </p>
   </div>
   <div class='ocr_carea' id='block_1_51' title="bbox 1949 2125 3604 2202">
    <p class='ocr_par' dir='ltr' id='par_1_51' title="bbox 1949 2125 3604 2202">
     <span class='ocr_line' id='line_1_51' title="bbox 1949 2125 3604 2202; baseline 0.01 -25"><span class='ocrx_word' id='word_1_347' title='bbox 1949 2125 2067 2178; x_wconf 85' lang='lat' dir='ltr'>tur.</span> <span class='ocrx_word' id='word_1_348' title='bbox 2108 2127 2227 2192; x_wconf 82' lang='lat' dir='ltr'>Ego</span> <span class='ocrx_word' id='word_1_349' title='bbox 2257 2139 2399 2180; x_wconf 89' lang='lat' dir='ltr'>vero</span> <span class='ocrx_word' id='word_1_350' title='bbox 2450 2129 2574 2182; x_wconf 89' lang='lat' dir='ltr'>tota</span> <span class='ocrx_word' id='word_1_351' title='bbox 2625 2143 2760 2184; x_wconf 89' lang='lat' dir='ltr'>mea</span> <span class='ocrx_word' id='word_1_352' title='bbox 2817 2129 2940 2186; x_wconf 89' lang='lat' dir='ltr'>vita</span> <span class='ocrx_word' id='word_1_353' title='bbox 2993 2147 3313 2202; x_wconf 86' lang='lat' dir='ltr'>mercarer,</span> <span class='ocrx_word' id='word_1_354' title='bbox 3372 2140 3436 2191; x_wconf 89' lang='lat' dir='ltr'>ut</span> <span class='ocrx_word' id='word_1_355' title='bbox 3466 2151 3604 2193; x_wconf 89' lang='lat' dir='ltr'>mea</span> 
     </span>
    </p>
   </div>
   <div class='ocr_carea' id='block_1_52' title="bbox 1950 2212 3600 2295">
    <p class='ocr_par' dir='ltr' id='par_1_52' title="bbox 1950 2212 3600 2295">
     <span class='ocr_line' id='line_1_52' title="bbox 1950 2212 3600 2295; baseline 0.009 -30"><span class='ocrx_word' id='word_1_356' title='bbox 1950 2215 2153 2266; x_wconf 87' lang='lat' dir='ltr'>essent</span> <span class='ocrx_word' id='word_1_357' title='bbox 2194 2212 2322 2269; x_wconf 79' lang='lat' dir='ltr'>haec</span> <span class='ocrx_word' id='word_1_358' title='bbox 2371 2213 2608 2283; x_wconf 89' lang='lat' dir='ltr'>delicta,</span> <span class='ocrx_word' id='word_1_359' title='bbox 2643 2216 3052 2293; x_wconf 90' lang='lat' dir='ltr'>haberemque</span> <span class='ocrx_word' id='word_1_360' title='bbox 3082 2223 3248 2294; x_wconf 89' lang='lat' dir='ltr'>apud</span> <span class='ocrx_word' id='word_1_361' title='bbox 3294 2239 3391 2279; x_wconf 90' lang='lat' dir='ltr'>me</span> <span class='ocrx_word' id='word_1_362' title='bbox 3419 2224 3600 2295; x_wconf 90' lang='lat' dir='ltr'>viros,</span> 
     </span>
    </p>
   </div>
   <div class='ocr_carea' id='block_1_53' title="bbox 1949 2299 3606 2385">
    <p class='ocr_par' dir='ltr' id='par_1_53' title="bbox 1949 2299 3606 2385">
     <span class='ocr_line' id='line_1_53' title="bbox 1949 2299 3606 2385; baseline 0.009 -31"><span class='ocrx_word' id='word_1_363' title='bbox 1949 2314 2047 2356; x_wconf 90' lang='lat' dir='ltr'>me</span> <span class='ocrx_word' id='word_1_364' title='bbox 2077 2299 2340 2370; x_wconf 91' lang='lat' dir='ltr'>doctore,</span> <span class='ocrx_word' id='word_1_365' title='bbox 2363 2302 2522 2359; x_wconf 85' lang='lat' dir='ltr'>hanc</span> <span class='ocrx_word' id='word_1_366' title='bbox 2548 2304 2783 2376; x_wconf 91' lang='lat' dir='ltr'>pietatis</span> <span class='ocrx_word' id='word_1_367' title='bbox 2814 2310 3298 2367; x_wconf 84' lang='lat' dir='ltr'>exercitationem</span> <span class='ocrx_word' id='word_1_368' title='bbox 3321 2313 3576 2385; x_wconf 83' lang='lat' dir='ltr'>proﬁten</span> <span class='ocrx_word' id='word_1_369' title='bbox 3593 2347 3606 2355; x_wconf 87' lang='lat'><strong>-</strong></span> 
     </span>
    </p>
   </div>
   <div class='ocr_carea' id='block_1_54' title="bbox 1948 2392 3604 2471">
    <p class='ocr_par' dir='ltr' id='par_1_54' title="bbox 1948 2392 3604 2471">
     <span class='ocr_line' id='line_1_54' title="bbox 1948 2392 3604 2471; baseline 0.009 -28"><span class='ocrx_word' id='word_1_370' title='bbox 1948 2392 2059 2445; x_wconf 88' lang='lat' dir='ltr'>tes.</span> <span class='ocrx_word' id='word_1_371' title='bbox 2091 2392 2257 2446; x_wconf 90' lang='lat' dir='ltr'>Nunc</span> <span class='ocrx_word' id='word_1_372' title='bbox 2288 2397 2487 2448; x_wconf 90' lang='lat' dir='ltr'>autem</span> <span class='ocrx_word' id='word_1_373' title='bbox 2532 2393 2594 2449; x_wconf 90' lang='lat' dir='ltr'>in</span> <span class='ocrx_word' id='word_1_374' title='bbox 2642 2398 2895 2469; x_wconf 66' lang='lat' dir='ltr'>Egypto</span> <span class='ocrx_word' id='word_1_375' title='bbox 2929 2399 3178 2471; x_wconf 88' lang='lat' dir='ltr'>quidem</span> <span class='ocrx_word' id='word_1_376' title='bbox 3211 2401 3390 2457; x_wconf 89' lang='lat' dir='ltr'>audio</span> <span class='ocrx_word' id='word_1_377' title='bbox 3422 2402 3604 2458; x_wconf 87' lang='lat' dir='ltr'>talem</span> 
     </span>
    </p>
   </div>
   <div class='ocr_carea' id='block_1_55' title="bbox 1951 2478 3606 2548">
    <p class='ocr_par' dir='ltr' id='par_1_55' title="bbox 1951 2478 3606 2548">
     <span class='ocr_line' id='line_1_55' title="bbox 1951 2478 3606 2548; baseline 0.011 -17"><span class='ocrx_word' id='word_1_378' title='bbox 1951 2493 2084 2532; x_wconf 92' lang='lat' dir='ltr'>esse</span> <span class='ocrx_word' id='word_1_379' title='bbox 2104 2478 2372 2535; x_wconf 90' lang='lat' dir='ltr'>virorum</span> <span class='ocrx_word' id='word_1_380' title='bbox 2401 2481 2682 2540; x_wconf 87' lang='lat' dir='ltr'>virtutem</span> <span class='ocrx_word' id='word_1_381' title='bbox 2714 2501 2728 2540; x_wconf 92' lang='lat'><strong>:</strong></span> <span class='ocrx_word' id='word_1_382' title='bbox 2769 2501 2840 2542; x_wconf 94' lang='lat' dir='ltr'>ac</span> <span class='ocrx_word' id='word_1_383' title='bbox 2869 2487 3126 2544; x_wconf 84' lang='lat' dir='ltr'>fortasse</span> <span class='ocrx_word' id='word_1_384' title='bbox 3155 2490 3427 2546; x_wconf 89' lang='lat' dir='ltr'>nonnulli</span> <span class='ocrx_word' id='word_1_385' title='bbox 3459 2497 3515 2548; x_wconf 91' lang='lat' dir='ltr'>et</span> <span class='ocrx_word' id='word_1_386' title='bbox 3545 2492 3606 2548; x_wconf 89' lang='lat' dir='ltr'>in</span> 
     </span>
    </p>
   </div>
   <div class='ocr_carea' id='block_1_56' title="bbox 1950 2565 3608 2640">
    <p class='ocr_par' dir='ltr' id='par_1_56' title="bbox 1950 2565 3608 2640">
     <span class='ocr_line' id='line_1_56' title="bbox 1950 2565 3608 2640; baseline 0.009 -19"><span class='ocrx_word' id='word_1_387' title='bbox 1950 2565 2266 2623; x_wconf 69' lang='lat' dir='ltr'>Palaestina</span> <span class='ocrx_word' id='word_1_388' title='bbox 2294 2571 2705 2640; x_wconf 88' lang='lat' dir='ltr'>evangelicam</span> <span class='ocrx_word' id='word_1_389' title='bbox 2727 2574 2912 2630; x_wconf 91' lang='lat' dir='ltr'>vitam</span> <span class='ocrx_word' id='word_1_390' title='bbox 2935 2577 3217 2634; x_wconf 83' lang='lat' dir='ltr'>excolunt</span> <span class='ocrx_word' id='word_1_391' title='bbox 3244 2595 3256 2633; x_wconf 95' lang='lat'>:</span> <span class='ocrx_word' id='word_1_392' title='bbox 3277 2579 3460 2636; x_wconf 91' lang='lat' dir='ltr'>audio</span> <span class='ocrx_word' id='word_1_393' title='bbox 3481 2597 3608 2636; x_wconf 88' lang='lat' dir='ltr'>rur-</span> 
     </span>
    </p>
   </div>
   <div class='ocr_carea' id='block_1_57' title="bbox 1951 2655 3606 2737">
    <p class='ocr_par' dir='ltr' id='par_1_57' title="bbox 1951 2655 3606 2737">
     <span class='ocr_line' id='line_1_57' title="bbox 1951 2655 3606 2737; baseline 0.01 -29"><span class='ocrx_word' id='word_1_394' title='bbox 1951 2671 2054 2710; x_wconf 91' lang='lat' dir='ltr'>sus</span> <span class='ocrx_word' id='word_1_395' title='bbox 2083 2655 2320 2728; x_wconf 90' lang='lat' dir='ltr'>aliquos</span> <span class='ocrx_word' id='word_1_396' title='bbox 2349 2663 2406 2714; x_wconf 90' lang='lat' dir='ltr'>et</span> <span class='ocrx_word' id='word_1_397' title='bbox 2431 2659 2489 2714; x_wconf 91' lang='lat' dir='ltr'>in</span> <span class='ocrx_word' id='word_1_398' title='bbox 2523 2663 2951 2734; x_wconf 86' lang='lat' dir='ltr'>Mesopotamia</span> <span class='ocrx_word' id='word_1_399' title='bbox 2970 2665 3267 2737; x_wconf 89' lang='lat' dir='ltr'>perfectos</span> <span class='ocrx_word' id='word_1_400' title='bbox 3297 2683 3367 2722; x_wconf 91' lang='lat' dir='ltr'>ac</span> <span class='ocrx_word' id='word_1_401' title='bbox 3397 2668 3606 2726; x_wconf 91' lang='lat' dir='ltr'>beatos</span> 
     </span>
    </p>
   </div>
   <div class='ocr_carea' id='block_1_58' title="bbox 1949 2744 3605 2830">
    <p class='ocr_par' dir='ltr' id='par_1_58' title="bbox 1949 2744 3605 2830">
     <span class='ocr_line' id='line_1_58' title="bbox 1949 2744 3605 2830; baseline 0.008 -30"><span class='ocrx_word' id='word_1_402' title='bbox 1949 2744 2134 2800; x_wconf 89' lang='lat' dir='ltr'>viros.</span> <span class='ocrx_word' id='word_1_403' title='bbox 2160 2748 2276 2801; x_wconf 82' lang='lat' dir='ltr'>Nos</span> <span class='ocrx_word' id='word_1_404' title='bbox 2300 2752 2500 2803; x_wconf 88' lang='lat' dir='ltr'>autem</span> <span class='ocrx_word' id='word_1_405' title='bbox 2530 2751 2698 2821; x_wconf 90' lang='lat' dir='ltr'>pueri</span> <span class='ocrx_word' id='word_1_406' title='bbox 2723 2767 2953 2822; x_wconf 91' lang='lat' dir='ltr'>sumus,</span> <span class='ocrx_word' id='word_1_407' title='bbox 2987 2754 3289 2826; x_wconf 90' lang='lat' dir='ltr'>siquidem</span> <span class='ocrx_word' id='word_1_408' title='bbox 3320 2771 3458 2812; x_wconf 92' lang='lat' dir='ltr'>cum</span> <span class='ocrx_word' id='word_1_409' title='bbox 3477 2773 3605 2830; x_wconf 90' lang='lat' dir='ltr'>per-</span> 
     </span>
    </p>
   </div>
   <div class='ocr_carea' id='block_1_59' title="bbox 1951 2832 3606 2915">
    <p class='ocr_par' dir='ltr' id='par_1_59' title="bbox 1951 2832 3606 2915">
     <span class='ocr_line' id='line_1_59' title="bbox 1951 2832 3606 2915; baseline 0.008 -27"><span class='ocrx_word' id='word_1_410' title='bbox 1951 2832 2119 2889; x_wconf 84' lang='lat' dir='ltr'>fectis</span> <span class='ocrx_word' id='word_1_411' title='bbox 2145 2851 2592 2907; x_wconf 85' lang='lat' dir='ltr'>comparemur.</span> <span class='ocrx_word' id='word_1_412' title='bbox 2617 2839 2783 2902; x_wconf 87' lang='lat' dir='ltr'>Quod</span> <span class='ocrx_word' id='word_1_413' title='bbox 2815 2840 2863 2895; x_wconf 93' lang='lat' dir='ltr'>si</span> <span class='ocrx_word' id='word_1_414' title='bbox 2893 2847 2950 2898; x_wconf 90' lang='lat' dir='ltr'>et</span> <span class='ocrx_word' id='word_1_415' title='bbox 2987 2842 3269 2898; x_wconf 89' lang='lat' dir='ltr'>mulieres</span> <span class='ocrx_word' id='word_1_416' title='bbox 3309 2846 3606 2915; x_wconf 87' lang='lat' dir='ltr'>evangeli-</span> 
     </span>
    </p>
   </div>
   <div class='ocr_carea' id='block_1_60' title="bbox 1953 2923 3604 3004">
    <p class='ocr_par' dir='ltr' id='par_1_60' title="bbox 1953 2923 3604 3004">
     <span class='ocr_line' id='line_1_60' title="bbox 1953 2923 3604 3004; baseline 0.007 -26"><span class='ocrx_word' id='word_1_417' title='bbox 1953 2937 2090 2978; x_wconf 90' lang='lat' dir='ltr'>cum</span> <span class='ocrx_word' id='word_1_418' title='bbox 2121 2923 2358 2980; x_wconf 90' lang='lat' dir='ltr'>vivendi</span> <span class='ocrx_word' id='word_1_419' title='bbox 2389 2940 2580 2994; x_wconf 89' lang='lat' dir='ltr'>genus</span> <span class='ocrx_word' id='word_1_420' title='bbox 2611 2928 2985 2999; x_wconf 84' lang='lat' dir='ltr'>proﬁtentur,</span> <span class='ocrx_word' id='word_1_421' title='bbox 3018 2931 3418 3002; x_wconf 82' lang='lat' dir='ltr'>virginitatem</span> <span class='ocrx_word' id='word_1_422' title='bbox 3449 2949 3604 3004; x_wconf 71' lang='lat' dir='ltr'>prin-</span> 
     </span>
    </p>
   </div>
   <div class='ocr_carea' id='block_1_61' title="bbox 1952 3010 3604 3090">
    <p class='ocr_par' dir='ltr' id='par_1_61' title="bbox 1952 3010 3604 3090">
     <span class='ocr_line' id='line_1_61' title="bbox 1952 3010 3604 3090; baseline 0.007 -24"><span class='ocrx_word' id='word_1_423' title='bbox 1952 3010 2206 3068; x_wconf 86' lang='lat' dir='ltr'>ferentes</span> <span class='ocrx_word' id='word_1_424' title='bbox 2234 3015 2485 3086; x_wconf 88' lang='lat' dir='ltr'>nuptiis,</span> <span class='ocrx_word' id='word_1_425' title='bbox 2518 3015 2910 3087; x_wconf 89' lang='lat' dir='ltr'>petulantiam</span> <span class='ocrx_word' id='word_1_426' title='bbox 2941 3019 3137 3074; x_wconf 90' lang='lat' dir='ltr'>carnis</span> <span class='ocrx_word' id='word_1_427' title='bbox 3177 3019 3512 3090; x_wconf 87' lang='lat' dir='ltr'>redigentes</span> <span class='ocrx_word' id='word_1_428' title='bbox 3542 3022 3604 3078; x_wconf 90' lang='lat' dir='ltr'>in</span> 
     </span>
    </p>
   </div>
   <div class='ocr_carea' id='block_1_62' title="bbox 233 3105 1844 3192">
    <p class='ocr_par' dir='ltr' id='par_1_62' title="bbox 233 3113 1843 3192">
     <span class='ocr_line' id='line_1_62' title="bbox 233 3113 1843 3192; baseline 0.001 -25"><span class='ocrx_word' id='word_1_429' title='bbox 233 3115 415 3167; x_wconf 78' lang='grc' dir='ltr'>πένθει</span> <span class='ocrx_word' id='word_1_430' title='bbox 444 3113 613 3173; x_wconf 77' lang='grc' dir='ltr'>ζῶσαι</span> <span class='ocrx_word' id='word_1_431' title='bbox 642 3122 715 3184; x_wconf 85' lang='grc' dir='ltr'>τῷ</span> <span class='ocrx_word' id='word_1_432' title='bbox 745 3115 1165 3187; x_wconf 75' lang='grc' dir='ltr'>μακαριζομένῳ,</span> <span class='ocrx_word' id='word_1_433' title='bbox 1195 3118 1454 3191; x_wconf 79' lang='grc' dir='ltr'>μακάριαι</span> <span class='ocrx_word' id='word_1_434' title='bbox 1476 3124 1566 3178; x_wconf 79' lang='grc' dir='ltr'>τῆς</span> <span class='ocrx_word' id='word_1_435' title='bbox 1595 3120 1843 3192; x_wconf 84' lang='grc' dir='ltr'>προαιρέ-</span> 
     </span>
    </p>
   </div>
   <div class='ocr_carea' id='block_1_63' title="bbox 1958 3105 3603 3192">
    <p class='ocr_par' dir='ltr' id='par_1_63' title="bbox 1958 3105 3603 3182">
     <span class='ocr_line' id='line_1_63' title="bbox 1958 3105 3603 3182; baseline 0.004 -23"><span class='ocrx_word' id='word_1_436' title='bbox 1958 3105 2297 3160; x_wconf 85' lang='lat' dir='ltr'>servitutem</span> <span class='ocrx_word' id='word_1_437' title='bbox 2340 3110 2395 3161; x_wconf 92' lang='lat' dir='ltr'>et</span> <span class='ocrx_word' id='word_1_438' title='bbox 2427 3106 2487 3161; x_wconf 91' lang='lat' dir='ltr'>in</span> <span class='ocrx_word' id='word_1_439' title='bbox 2534 3105 2698 3162; x_wconf 90' lang='lat' dir='ltr'>luctu</span> <span class='ocrx_word' id='word_1_440' title='bbox 2746 3107 2846 3163; x_wconf 89' lang='lat' dir='ltr'>illo</span> <span class='ocrx_word' id='word_1_441' title='bbox 2900 3107 3186 3178; x_wconf 83' lang='lat' dir='ltr'>degentes</span> <span class='ocrx_word' id='word_1_442' title='bbox 3238 3111 3341 3182; x_wconf 89' lang='lat' dir='ltr'>qui</span> <span class='ocrx_word' id='word_1_443' title='bbox 3388 3110 3603 3168; x_wconf 87' lang='lat' dir='ltr'>beatus</span> 
     </span>
    </p>
   </div>
   <div class='ocr_carea' id='block_1_64' title="bbox 237 3199 1848 3280">
    <p class='ocr_par' dir='ltr' id='par_1_64' title="bbox 237 3199 1848 3280">
     <span class='ocr_line' id='line_1_64' title="bbox 237 3199 1848 3280; baseline 0.002 -25"><span class='ocrx_word' id='word_1_444' title='bbox 237 3221 396 3272; x_wconf 85' lang='grc' dir='ltr'>σεως,</span> <span class='ocrx_word' id='word_1_445' title='bbox 429 3204 558 3254; x_wconf 85' lang='grc' dir='ltr'>ὅπου</span> <span class='ocrx_word' id='word_1_446' title='bbox 592 3201 652 3253; x_wconf 82' lang='grc' dir='ltr'>ἂν</span> <span class='ocrx_word' id='word_1_447' title='bbox 685 3199 782 3254; x_wconf 79' lang='grc' dir='ltr'>ὦσι</span> <span class='ocrx_word' id='word_1_448' title='bbox 820 3211 910 3262; x_wconf 84' lang='grc' dir='ltr'>τῆς</span> <span class='ocrx_word' id='word_1_449' title='bbox 947 3212 1062 3274; x_wconf 78' lang='grc' dir='ltr'>γῆς.</span> <span class='ocrx_word' id='word_1_450' title='bbox 1097 3207 1249 3278; x_wconf 85' lang='grc' dir='ltr'>Παρὰ</span> <span class='ocrx_word' id='word_1_451' title='bbox 1296 3201 1355 3257; x_wconf 73' lang='grc' dir='ltr'>δὲ</span> <span class='ocrx_word' id='word_1_452' title='bbox 1383 3207 1508 3278; x_wconf 78' lang='grc' dir='ltr'>ἡμῖν</span> <span class='ocrx_word' id='word_1_453' title='bbox 1541 3208 1650 3277; x_wconf 87' lang='grc'>(96)</span> <span class='ocrx_word' id='word_1_454' title='bbox 1682 3209 1848 3280; x_wconf 82' lang='grc' dir='ltr'>μικρὰ</span> 
     </span>
    </p>
   </div>
   <div class='ocr_carea' id='block_1_65' title="bbox 236 3293 1845 3367">
    <p class='ocr_par' dir='ltr' id='par_1_65' title="bbox 236 3293 1845 3367">
     <span class='ocr_line' id='line_1_65' title="bbox 236 3293 1845 3367; baseline 0.001 -24"><span class='ocrx_word' id='word_1_455' title='bbox 236 3298 436 3346; x_wconf 83' lang='grc' dir='ltr'>ταῦτα.</span> <span class='ocrx_word' id='word_1_456' title='bbox 471 3295 859 3362; x_wconf 83' lang='grc' dir='ltr'>στοιχουμένων</span> <span class='ocrx_word' id='word_1_457' title='bbox 900 3293 975 3343; x_wconf 78' lang='grc' dir='ltr'>ἔτι</span> <span class='ocrx_word' id='word_1_458' title='bbox 1021 3297 1111 3344; x_wconf 81' lang='grc' dir='ltr'>καὶ</span> <span class='ocrx_word' id='word_1_459' title='bbox 1171 3293 1514 3366; x_wconf 81' lang='grc' dir='ltr'>εἰσαγομένων</span> <span class='ocrx_word' id='word_1_460' title='bbox 1570 3297 1701 3367; x_wconf 84' lang='grc' dir='ltr'>πρὸς</span> <span class='ocrx_word' id='word_1_461' title='bbox 1753 3299 1845 3352; x_wconf 75' lang='grc' dir='ltr'>τὴν</span> 
     </span>
    </p>
   </div>
   <div class='ocr_carea' id='block_1_66' title="bbox 239 3377 1845 3455">
    <p class='ocr_par' dir='ltr' id='par_1_66' title="bbox 239 3377 1845 3455">
     <span class='ocr_line' id='line_1_66' title="bbox 239 3377 1845 3455; baseline 0.001 -22"><span class='ocrx_word' id='word_1_462' title='bbox 239 3378 534 3433; x_wconf 72' lang='grc' dir='ltr'>εὐσέϐειαν.</span> <span class='ocrx_word' id='word_1_463' title='bbox 568 3380 627 3433; x_wconf 83' lang='grc' dir='ltr'><strong>Εἰ</strong></span> <span class='ocrx_word' id='word_1_464' title='bbox 657 3377 718 3431; x_wconf 75' lang='grc' dir='ltr'><em>δέ</em></span> <span class='ocrx_word' id='word_1_465' title='bbox 755 3399 872 3431; x_wconf 84' lang='grc' dir='ltr'>τινα</span> <span class='ocrx_word' id='word_1_466' title='bbox 897 3378 1154 3453; x_wconf 79' lang='grc' dir='ltr'>ἀκοσμίαν</span> <span class='ocrx_word' id='word_1_467' title='bbox 1187 3390 1258 3452; x_wconf 80' lang='grc' dir='ltr'>τῷ</span> <span class='ocrx_word' id='word_1_468' title='bbox 1291 3381 1394 3455; x_wconf 81' lang='grc' dir='ltr'>βίῳ</span> <span class='ocrx_word' id='word_1_469' title='bbox 1438 3391 1535 3434; x_wconf 86' lang='grc' dir='ltr'>τῶν</span> <span class='ocrx_word' id='word_1_470' title='bbox 1588 3391 1845 3454; x_wconf 87' lang='grc' dir='ltr'>γυναικῶν</span> 
     </span>
    </p>
   </div>
   <div class='ocr_carea' id='block_1_67' title="bbox 241 3467 1847 3545">
    <p class='ocr_par' dir='ltr' id='par_1_67' title="bbox 241 3467 1847 3545">
     <span class='ocr_line' id='line_1_67' title="bbox 241 3467 1847 3545; baseline 0.002 -25"><span class='ocrx_word' id='word_1_471' title='bbox 241 3467 599 3540; x_wconf 60' lang='grc' dir='ltr'>ἐπιγέρουσιν,</span> <span class='ocrx_word' id='word_1_472' title='bbox 649 3467 1020 3540; x_wconf 81' lang='grc' dir='ltr'>ἀπολογεῖσθαι</span> <span class='ocrx_word' id='word_1_473' title='bbox 1062 3474 1152 3543; x_wconf 70' lang='grc' dir='ltr'>μὲν</span> <span class='ocrx_word' id='word_1_474' title='bbox 1193 3472 1318 3545; x_wconf 70' lang='grc' dir='ltr'>ὑπὲρ</span> <span class='ocrx_word' id='word_1_475' title='bbox 1367 3471 1536 3522; x_wconf 86' lang='grc' dir='ltr'>αύτῶν</span> <span class='ocrx_word' id='word_1_476' title='bbox 1589 3471 1647 3522; x_wconf 80' lang='grc' dir='ltr'>ού</span> <span class='ocrx_word' id='word_1_477' title='bbox 1678 3491 1847 3523; x_wconf 84' lang='grc' dir='ltr'>κατα-</span> 
     </span>
    </p>
   </div>
   <div class='ocr_carea' id='block_1_68' title="bbox 247 3553 1847 3635">
    <p class='ocr_par' dir='ltr' id='par_1_68' title="bbox 247 3553 1847 3635">
     <span class='ocr_line' id='line_1_68' title="bbox 247 3553 1847 3635; baseline 0.003 -26"><span class='ocrx_word' id='word_1_478' title='bbox 247 3553 518 3627; x_wconf 72' lang='grc' dir='ltr'>δέχομαι·</span> <span class='ocrx_word' id='word_1_479' title='bbox 551 3555 700 3610; x_wconf 81' lang='grc' dir='ltr'>ἐκεῖνο</span> <span class='ocrx_word' id='word_1_480' title='bbox 741 3555 802 3610; x_wconf 71' lang='grc' dir='ltr'>δὲ</span> <span class='ocrx_word' id='word_1_481' title='bbox 847 3561 968 3630; x_wconf 85' lang='grc' dir='ltr'>ύμῖν</span> <span class='ocrx_word' id='word_1_482' title='bbox 1017 3556 1466 3635; x_wconf 76' lang='grc' dir='ltr'>διαμαρτύρομαι,</span> <span class='ocrx_word' id='word_1_483' title='bbox 1499 3563 1579 3613; x_wconf 76' lang='grc' dir='ltr'>ὅτι</span> <span class='ocrx_word' id='word_1_484' title='bbox 1622 3561 1655 3613; x_wconf 83' lang='grc' dir='ltr'><strong>ἆ</strong></span> <span class='ocrx_word' id='word_1_485' title='bbox 1683 3566 1847 3634; x_wconf 80' lang='grc' dir='ltr'>μέχρι</span> 
     </span>
    </p>
   </div>
   <div class='ocr_carea' id='block_1_69' title="bbox 245 3644 1844 3721">
    <p class='ocr_par' dir='ltr' id='par_1_69' title="bbox 245 3644 1844 3721">
     <span class='ocr_line' id='line_1_69' title="bbox 245 3644 1844 3721; baseline 0.003 -25"><span class='ocrx_word' id='word_1_486' title='bbox 245 3651 346 3696; x_wconf 81' lang='grc' dir='ltr'>νῦν</span> <span class='ocrx_word' id='word_1_487' title='bbox 376 3646 401 3694; x_wconf 87' lang='grc' dir='ltr'>ό</span> <span class='ocrx_word' id='word_1_488' title='bbox 431 3651 647 3706; x_wconf 79' lang='grc' dir='ltr'>Σατανᾶς</span> <span class='ocrx_word' id='word_1_489' title='bbox 696 3647 721 3698; x_wconf 90' lang='grc' dir='ltr'>ό</span> <span class='ocrx_word' id='word_1_490' title='bbox 768 3651 942 3721; x_wconf 81' lang='grc' dir='ltr'>πατὴρ</span> <span class='ocrx_word' id='word_1_491' title='bbox 996 3656 1087 3700; x_wconf 86' lang='grc' dir='ltr'>τοῦ</span> <span class='ocrx_word' id='word_1_492' title='bbox 1139 3644 1368 3718; x_wconf 66' lang='grc' dir='ltr'>ψεύδους</span> <span class='ocrx_word' id='word_1_493' title='bbox 1410 3648 1565 3701; x_wconf 86' lang='grc' dir='ltr'>εἰπεῖν</span> <span class='ocrx_word' id='word_1_494' title='bbox 1605 3649 1662 3700; x_wconf 80' lang='grc' dir='ltr'>ού</span> <span class='ocrx_word' id='word_1_495' title='bbox 1690 3668 1844 3701; x_wconf 88' lang='grc' dir='ltr'>κατε-</span> 
     </span>
    </p>
   </div>
   <div class='ocr_carea' id='block_1_70' title="bbox 242 3729 1847 3812">
    <p class='ocr_par' dir='ltr' id='par_1_70' title="bbox 242 3729 1847 3812">
     <span class='ocr_line' id='line_1_70' title="bbox 242 3729 1847 3812; baseline 0.002 -25"><span class='ocrx_word' id='word_1_496' title='bbox 242 3729 461 3801; x_wconf 77' lang='grc' dir='ltr'>δέξατο,</span> <span class='ocrx_word' id='word_1_497' title='bbox 492 3742 654 3787; x_wconf 85' lang='grc' dir='ltr'>ταῦτα</span> <span class='ocrx_word' id='word_1_498' title='bbox 699 3738 754 3788; x_wconf 85' lang='grc' dir='ltr'>αἱ</span> <span class='ocrx_word' id='word_1_499' title='bbox 783 3735 969 3808; x_wconf 75' lang='grc' dir='ltr'>ἄφοϐοι</span> <span class='ocrx_word' id='word_1_500' title='bbox 1001 3734 1240 3812; x_wconf 75' lang='grc' dir='ltr'>καρδίαι,</span> <span class='ocrx_word' id='word_1_501' title='bbox 1287 3742 1375 3789; x_wconf 83' lang='grc' dir='ltr'>καὶ</span> <span class='ocrx_word' id='word_1_502' title='bbox 1427 3741 1494 3790; x_wconf 80' lang='grc' dir='ltr'>τὰ</span> <span class='ocrx_word' id='word_1_503' title='bbox 1540 3736 1847 3810; x_wconf 79' lang='grc' dir='ltr'>ἀχαλίνωτα</span> 
     </span>
    </p>
   </div>
   <div class='ocr_carea' id='block_1_71' title="bbox 213 3824 1845 3900">
    <p class='ocr_par' dir='ltr' id='par_1_71' title="bbox 213 3824 1845 3900">
     <span class='ocr_line' id='line_1_71' title="bbox 213 3824 1845 3900; baseline 0 -21"><span class='ocrx_word' id='word_1_504' title='bbox 213 3831 485 3898; x_wconf 88' lang='grc' dir='ltr'>,στόματα</span> <span class='ocrx_word' id='word_1_505' title='bbox 520 3824 598 3879; x_wconf 79' lang='grc' dir='ltr'>ἀεὶ</span> <span class='ocrx_word' id='word_1_506' title='bbox 637 3829 746 3896; x_wconf 85' lang='grc'>(97)</span> <span class='ocrx_word' id='word_1_507' title='bbox 778 3830 1057 3900; x_wconf 74' lang='grc' dir='ltr'>φθέγγεται</span> <span class='ocrx_word' id='word_1_508' title='bbox 1094 3824 1277 3888; x_wconf 74' lang='grc' dir='ltr'>ἀδεῶς.</span> <span class='ocrx_word' id='word_1_509' title='bbox 1311 3834 1584 3881; x_wconf 82' lang='grc' dir='ltr'>Γινώσκειν</span> <span class='ocrx_word' id='word_1_510' title='bbox 1625 3825 1683 3880; x_wconf 76' lang='grc' dir='ltr'>δὲ</span> <span class='ocrx_word' id='word_1_511' title='bbox 1713 3829 1845 3900; x_wconf 78' lang='grc' dir='ltr'>ὑμᾶς</span> 
     </span>
    </p>
   </div>
   <div class='ocr_carea' id='block_1_72' title="bbox 241 3915 1844 3991">
    <p class='ocr_par' dir='ltr' id='par_1_72' title="bbox 241 3915 1844 3991">
     <span class='ocr_line' id='line_1_72' title="bbox 241 3915 1844 3991; baseline 0 -22"><span class='ocrx_word' id='word_1_512' title='bbox 241 3917 530 3991; x_wconf 80' lang='grc' dir='ltr'>βούλομαι,</span> <span class='ocrx_word' id='word_1_513' title='bbox 562 3919 639 3970; x_wconf 87' lang='grc' dir='ltr'>ότι</span> <span class='ocrx_word' id='word_1_514' title='bbox 678 3919 822 3990; x_wconf 78' lang='grc' dir='ltr'>ἡμεῖς</span> <span class='ocrx_word' id='word_1_515' title='bbox 855 3919 1122 3991; x_wconf 71' lang='grc' dir='ltr'>εὐχόμεθα</span> <span class='ocrx_word' id='word_1_516' title='bbox 1167 3923 1258 3970; x_wconf 78' lang='grc' dir='ltr'>καὶ</span> <span class='ocrx_word' id='word_1_517' title='bbox 1308 3915 1509 3990; x_wconf 74' lang='grc' dir='ltr'>ἀνδρῶν</span> <span class='ocrx_word' id='word_1_518' title='bbox 1540 3923 1628 3970; x_wconf 85' lang='grc' dir='ltr'>καὶ</span> <span class='ocrx_word' id='word_1_519' title='bbox 1655 3938 1844 3989; x_wconf 87' lang='grc' dir='ltr'>γυναι-</span> 
     </span>
    </p>
   </div>
   <div class='ocr_carea' id='block_1_73' title="bbox 237 4004 1844 4080">
    <p class='ocr_par' dir='ltr' id='par_1_73' title="bbox 237 4004 1844 4080">
     <span class='ocr_line' id='line_1_73' title="bbox 237 4004 1844 4080; baseline 0 -22"><span class='ocrx_word' id='word_1_520' title='bbox 237 4015 348 4058; x_wconf 83' lang='grc' dir='ltr'>κῶν</span> <span class='ocrx_word' id='word_1_521' title='bbox 382 4009 726 4078; x_wconf 85' lang='grc' dir='ltr'>συντάγματά</span> <span class='ocrx_word' id='word_1_522' title='bbox 753 4011 867 4076; x_wconf 87' lang='grc'>(98)</span> <span class='ocrx_word' id='word_1_523' title='bbox 900 4011 1042 4078; x_wconf 79' lang='grc' dir='ltr'>ἔχειν</span> <span class='ocrx_word' id='word_1_524' title='bbox 1067 4025 1080 4037; x_wconf 82' lang='grc'>⁶</span> <span class='ocrx_word' id='word_1_525' title='bbox 1115 4008 1180 4058; x_wconf 86' lang='grc' dir='ltr'>ὧν</span> <span class='ocrx_word' id='word_1_526' title='bbox 1208 4010 1266 4059; x_wconf 87' lang='grc' dir='ltr'>τό</span> <span class='ocrx_word' id='word_1_527' title='bbox 1305 4007 1589 4080; x_wconf 88' lang='grc' dir='ltr'>πολίτευμά</span> <span class='ocrx_word' id='word_1_528' title='bbox 1629 4004 1844 4060; x_wconf 83' lang='grc' dir='ltr'>ἐστινέν</span> 
     </span>
    </p>
   </div>
   <div class='ocr_carea' id='block_1_74' title="bbox 237 4095 1843 4170">
    <p class='ocr_par' dir='ltr' id='par_1_74' title="bbox 237 4095 1843 4170">
     <span class='ocr_line' id='line_1_74' title="bbox 237 4095 1843 4170; baseline 0.001 -24"><span class='ocrx_word' id='word_1_529' title='bbox 237 4095 502 4170; x_wconf 68' lang='grc' dir='ltr'>οὐρανοῖς,</span> <span class='ocrx_word' id='word_1_530' title='bbox 562 4103 660 4146; x_wconf 90' lang='grc' dir='ltr'>τῶν</span> <span class='ocrx_word' id='word_1_531' title='bbox 716 4100 808 4153; x_wconf 80' lang='grc' dir='ltr'>την</span> <span class='ocrx_word' id='word_1_532' title='bbox 869 4098 1040 4168; x_wconf 82' lang='grc' dir='ltr'>σάρκα</span> <span class='ocrx_word' id='word_1_533' title='bbox 1106 4098 1520 4170; x_wconf 88' lang='grc' dir='ltr'>σταυρωσάντων</span> <span class='ocrx_word' id='word_1_534' title='bbox 1580 4100 1673 4148; x_wconf 80' lang='grc' dir='ltr'>σὺν</span> <span class='ocrx_word' id='word_1_535' title='bbox 1738 4103 1843 4158; x_wconf 89' lang='grc' dir='ltr'>τοῖς</span> 
     </span>
    </p>
   </div>
   <div class='ocr_carea' id='block_1_75' title="bbox 237 4184 1844 4258">
    <p class='ocr_par' dir='ltr' id='par_1_75' title="bbox 237 4184 1844 4258">
     <span class='ocr_line' id='line_1_75' title="bbox 237 4184 1844 4258; baseline 0 -22"><span class='ocrx_word' id='word_1_536' title='bbox 237 4185 528 4256; x_wconf 72' lang='grc' dir='ltr'>παθήμασι</span> <span class='ocrx_word' id='word_1_537' title='bbox 573 4189 663 4236; x_wconf 82' lang='grc' dir='ltr'>καὶ</span> <span class='ocrx_word' id='word_1_538' title='bbox 711 4192 824 4247; x_wconf 89' lang='grc' dir='ltr'>ταῖς</span> <span class='ocrx_word' id='word_1_539' title='bbox 874 4184 1172 4256; x_wconf 72' lang='grc' dir='ltr'>ἐπιθυμίαις</span> <span class='ocrx_word' id='word_1_540' title='bbox 1196 4201 1208 4214; x_wconf 87' lang='grc'>⁶</span> <span class='ocrx_word' id='word_1_541' title='bbox 1243 4184 1290 4237; x_wconf 80' lang='grc' dir='ltr'>οἱ</span> <span class='ocrx_word' id='word_1_542' title='bbox 1321 4185 1377 4237; x_wconf 87' lang='grc' dir='ltr'>ού</span> <span class='ocrx_word' id='word_1_543' title='bbox 1407 4193 1698 4258; x_wconf 89' lang='grc' dir='ltr'>μεριμνῶσι</span> <span class='ocrx_word' id='word_1_544' title='bbox 1726 4189 1844 4258; x_wconf 76' lang='grc' dir='ltr'>περὶ</span> 
     </span>
    </p>
   </div>
   <div class='ocr_carea' id='block_1_76' title="bbox 240 4271 1844 4349">
    <p class='ocr_par' dir='ltr' id='par_1_76' title="bbox 240 4271 1844 4349">
     <span class='ocr_line' id='line_1_76' title="bbox 240 4271 1844 4349; baseline 0.002 -25"><span class='ocrx_word' id='word_1_545' title='bbox 240 4273 542 4349; x_wconf 75' lang='grc' dir='ltr'>βρωμάτων</span> <span class='ocrx_word' id='word_1_546' title='bbox 599 4279 689 4326; x_wconf 81' lang='grc' dir='ltr'>καὶ</span> <span class='ocrx_word' id='word_1_547' title='bbox 735 4271 1036 4348; x_wconf 76' lang='grc' dir='ltr'>ἐνδυμάτων</span> <span class='ocrx_word' id='word_1_548' title='bbox 1063 4296 1076 4308; x_wconf 89' lang='grc'><strong>·</strong></span> <span class='ocrx_word' id='word_1_549' title='bbox 1134 4274 1242 4326; x_wconf 79' lang='grc' dir='ltr'>ἀλλ’</span> <span class='ocrx_word' id='word_1_550' title='bbox 1282 4275 1668 4348; x_wconf 73' lang='grc' dir='ltr'>ἁπερίσπαστοι</span> <span class='ocrx_word' id='word_1_551' title='bbox 1711 4279 1844 4336; x_wconf 81' lang='grc' dir='ltr'>ὄντες</span> 
     </span>
    </p>
   </div>
   <div class='ocr_carea' id='block_1_77' title="bbox 237 4360 1845 4439">
    <p class='ocr_par' dir='ltr' id='par_1_77' title="bbox 237 4360 1845 4439">
     <span class='ocr_line' id='line_1_77' title="bbox 237 4360 1845 4439; baseline 0.001 -24"><span class='ocrx_word' id='word_1_552' title='bbox 237 4368 336 4415; x_wconf 79' lang='grc' dir='ltr'>καὶ</span> <span class='ocrx_word' id='word_1_553' title='bbox 373 4360 685 4436; x_wconf 76' lang='grc' dir='ltr'>εῦπάρεδροι</span> <span class='ocrx_word' id='word_1_554' title='bbox 715 4371 786 4434; x_wconf 80' lang='grc' dir='ltr'>τῷ</span> <span class='ocrx_word' id='word_1_555' title='bbox 819 4369 1016 4437; x_wconf 79' lang='grc' dir='ltr'>Κυρίῳ,</span> <span class='ocrx_word' id='word_1_556' title='bbox 1043 4368 1226 4426; x_wconf 82' lang='grc' dir='ltr'>νυκτός</span> <span class='ocrx_word' id='word_1_557' title='bbox 1267 4369 1358 4416; x_wconf 83' lang='grc' dir='ltr'>καὶ</span> <span class='ocrx_word' id='word_1_558' title='bbox 1399 4366 1594 4439; x_wconf 73' lang='grc' dir='ltr'>ἡμέρας</span> <span class='ocrx_word' id='word_1_559' title='bbox 1618 4369 1845 4439; x_wconf 78' lang='grc' dir='ltr'>προσμέ-</span> 
     </span>
    </p>
   </div>
   <div class='ocr_carea' id='block_1_78' title="bbox 236 4449 1846 4526">
    <p class='ocr_par' dir='ltr' id='par_1_78' title="bbox 236 4449 1846 4526">
     <span class='ocr_line' id='line_1_78' title="bbox 236 4449 1846 4526; baseline 0 -22"><span class='ocrx_word' id='word_1_560' title='bbox 236 4471 394 4504; x_wconf 83' lang='grc' dir='ltr'>νουσι</span> <span class='ocrx_word' id='word_1_561' title='bbox 425 4460 536 4512; x_wconf 85' lang='grc' dir='ltr'>ταῖς</span> <span class='ocrx_word' id='word_1_562' title='bbox 569 4449 834 4510; x_wconf 74' lang='grc' dir='ltr'>δεήσεσιν.</span> <span class='ocrx_word' id='word_1_563' title='bbox 868 4454 963 4505; x_wconf 80' lang='grc' dir='ltr'>Ὧν</span> <span class='ocrx_word' id='word_1_564' title='bbox 1007 4457 1065 4505; x_wconf 89' lang='grc' dir='ltr'>τό</span> <span class='ocrx_word' id='word_1_565' title='bbox 1126 4458 1298 4525; x_wconf 85' lang='grc' dir='ltr'>στόμα</span> <span class='ocrx_word' id='word_1_566' title='bbox 1336 4453 1394 4504; x_wconf 80' lang='grc' dir='ltr'>οῦ</span> <span class='ocrx_word' id='word_1_567' title='bbox 1425 4453 1564 4505; x_wconf 88' lang='grc' dir='ltr'>λαλεῖ</span> <span class='ocrx_word' id='word_1_568' title='bbox 1606 4457 1672 4506; x_wconf 82' lang='grc' dir='ltr'>τὰ</span> <span class='ocrx_word' id='word_1_569' title='bbox 1719 4457 1846 4526; x_wconf 83' lang='grc' dir='ltr'>ἔργα</span> 
     </span>
    </p>
   </div>
   <div class='ocr_carea' id='block_1_79' title="bbox 239 4539 1844 4615">
    <p class='ocr_par' dir='ltr' id='par_1_79' title="bbox 239 4539 1844 4615">
     <span class='ocr_line' id='line_1_79' title="bbox 239 4539 1844 4615; baseline 0.001 -22"><span class='ocrx_word' id='word_1_570' title='bbox 239 4550 345 4593; x_wconf 85' lang='grc' dir='ltr'>τῶν</span> <span class='ocrx_word' id='word_1_571' title='bbox 377 4540 660 4615; x_wconf 77' lang='grc' dir='ltr'>ἀνθρώπων</span> <span class='ocrx_word' id='word_1_572' title='bbox 687 4559 699 4573; x_wconf 89' lang='grc'><strong>·</strong></span> <span class='ocrx_word' id='word_1_573' title='bbox 753 4539 881 4592; x_wconf 80' lang='grc' dir='ltr'>ἀλλὰ</span> <span class='ocrx_word' id='word_1_574' title='bbox 917 4541 1206 4613; x_wconf 73' lang='grc' dir='ltr'>ψάλλουσιν</span> <span class='ocrx_word' id='word_1_575' title='bbox 1258 4543 1448 4614; x_wconf 86' lang='grc' dir='ltr'>ύμνους</span> <span class='ocrx_word' id='word_1_576' title='bbox 1487 4543 1600 4612; x_wconf 89' lang='grc'>(99)</span> <span class='ocrx_word' id='word_1_577' title='bbox 1631 4550 1702 4612; x_wconf 85' lang='grc' dir='ltr'>τῷ</span> <span class='ocrx_word' id='word_1_578' title='bbox 1731 4551 1844 4612; x_wconf 84' lang='grc' dir='ltr'>Θεῴ</span> 
     </span>
    </p>
   </div>
   <div class='ocr_carea' id='block_1_80' title="bbox 241 4626 1847 4706">
    <p class='ocr_par' dir='ltr' id='par_1_80' title="bbox 241 4626 1847 4706">
     <span class='ocr_line' id='line_1_80' title="bbox 241 4626 1847 4706; baseline 0.001 -24"><span class='ocrx_word' id='word_1_579' title='bbox 241 4634 394 4703; x_wconf 71' lang='grc' dir='ltr'>ἡμῶν</span> <span class='ocrx_word' id='word_1_580' title='bbox 428 4626 702 4692; x_wconf 82' lang='grc' dir='ltr'>διηνεκῶς.</span> <span class='ocrx_word' id='word_1_581' title='bbox 744 4629 1078 4704; x_wconf 81' lang='grc' dir='ltr'>ἐργαζόμενοι</span> <span class='ocrx_word' id='word_1_582' title='bbox 1119 4638 1235 4692; x_wconf 89' lang='grc' dir='ltr'>ταῖς</span> <span class='ocrx_word' id='word_1_583' title='bbox 1283 4629 1474 4683; x_wconf 84' lang='grc' dir='ltr'>ἑαυτῶν</span> <span class='ocrx_word' id='word_1_584' title='bbox 1521 4636 1730 4706; x_wconf 83' lang='grc' dir='ltr'>χερσὶν,</span> <span class='ocrx_word' id='word_1_585' title='bbox 1764 4633 1847 4684; x_wconf 87' lang='grc' dir='ltr'>ἶνα</span> 
     </span>
    </p>
   </div>
   <div class='ocr_carea' id='block_1_81' title="bbox 241 4715 1390 4794">
    <p class='ocr_par' dir='ltr' id='par_1_81' title="bbox 241 4715 1390 4794">
     <span class='ocr_line' id='line_1_81' title="bbox 241 4715 1390 4794; baseline 0.002 -21"><span class='ocrx_word' id='word_1_586' title='bbox 241 4724 421 4793; x_wconf 78' lang='grc' dir='ltr'>ῖχωσι</span> <span class='ocrx_word' id='word_1_587' title='bbox 449 4715 795 4793; x_wconf 78' lang='grc' dir='ltr'>μεταδιδόναι</span> <span class='ocrx_word' id='word_1_588' title='bbox 824 4727 929 4782; x_wconf 84' lang='grc' dir='ltr'>τοίς</span> <span class='ocrx_word' id='word_1_589' title='bbox 965 4725 1151 4794; x_wconf 86' lang='grc' dir='ltr'>χρείαν</span> <span class='ocrx_word' id='word_1_590' title='bbox 1179 4723 1390 4793; x_wconf 81' lang='grc' dir='ltr'>ἔχουσι.</span> 
     </span>
    </p>
   </div>
   <div class='ocr_carea' id='block_1_82' title="bbox 315 5021 1849 5094">
    <p class='ocr_par' dir='ltr' id='par_1_82' title="bbox 315 5021 1849 5094">
     <span class='ocr_line' id='line_1_82' title="bbox 315 5021 1849 5094; baseline 0.003 -18"><span class='ocrx_word' id='word_1_591' title='bbox 315 5023 430 5092; x_wconf 76' lang='grc'>(91)</span> <span class='ocrx_word' id='word_1_592' title='bbox 473 5026 739 5094; x_wconf 82' lang='grc' dir='ltr'>Δόγμασιν</span> <span class='ocrx_word' id='word_1_593' title='bbox 789 5021 1001 5075; x_wconf 78' lang='grc' dir='ltr'>ἑαυτῶν.</span> <span class='ocrx_word' id='word_1_594' title='bbox 1055 5021 1146 5079; x_wconf 91' lang='lat' dir='ltr'>Sic</span> <span class='ocrx_word' id='word_1_595' title='bbox 1173 5027 1295 5094; x_wconf 79' lang='lat' dir='ltr'>tres</span> <span class='ocrx_word' id='word_1_596' title='bbox 1343 5021 1525 5078; x_wconf 88' lang='lat' dir='ltr'>iidem</span> <span class='ocrx_word' id='word_1_597' title='bbox 1573 5026 1849 5081; x_wconf 89' lang='lat' dir='ltr'>vetustis-</span> 
     </span>
    </p>
   </div>
   <div class='ocr_carea' id='block_1_83' title="bbox 238 5090 1848 5166">
    <p class='ocr_par' dir='ltr' id='par_1_83' title="bbox 238 5090 1848 5166">
     <span class='ocr_line' id='line_1_83' title="bbox 238 5090 1848 5166; baseline 0.002 -17"><span class='ocrx_word' id='word_1_598' title='bbox 238 5090 695 5166; x_wconf 29' lang='lat' dir='ltr'>simi&#39;cod’i&#39;ces.</span> <span class='ocrx_word' id='word_1_599' title='bbox 765 5095 913 5149; x_wconf 82' lang='lat' dir='ltr'>Editi</span> <span class='ocrx_word' id='word_1_600' title='bbox 970 5094 1158 5147; x_wconf 80' lang='grc' dir='ltr'>ἑαυτῶν</span> <span class='ocrx_word' id='word_1_601' title='bbox 1205 5090 1557 5166; x_wconf 70' lang='grc' dir='ltr'>διδάγμασιν.</span> <span class='ocrx_word' id='word_1_602' title='bbox 1621 5095 1848 5154; x_wconf 84' lang='lat' dir='ltr'>ibidem</span> 
     </span>
    </p>
   </div>
   <div class='ocr_carea' id='block_1_84' title="bbox 235 5165 1633 5238">
    <p class='ocr_par' dir='ltr' id='par_1_84' title="bbox 235 5165 1633 5238">
     <span class='ocr_line' id='line_1_84' title="bbox 235 5165 1633 5238; baseline -0.001 -19"><span class='ocrx_word' id='word_1_603' title='bbox 235 5166 517 5238; x_wconf 84' lang='lat' dir='ltr'>quinque</span> <span class='ocrx_word' id='word_1_604' title='bbox 543 5165 780 5220; x_wconf 89' lang='lat' dir='ltr'>codices</span> <span class='ocrx_word' id='word_1_605' title='bbox 810 5181 932 5221; x_wconf 91' lang='lat' dir='ltr'>non</span> <span class='ocrx_word' id='word_1_606' title='bbox 954 5167 1037 5222; x_wconf 89' lang='lat' dir='ltr'>ita</span> <span class='ocrx_word' id='word_1_607' title='bbox 1066 5165 1282 5238; x_wconf 82' lang='lat' dir='ltr'>vetusti</span> <span class='ocrx_word' id='word_1_608' title='bbox 1312 5165 1408 5238; x_wconf 75' lang='grc' dir='ltr'>τὸν</span> <span class='ocrx_word' id='word_1_609' title='bbox 1428 5165 1475 5218; x_wconf 78' lang='grc' dir='ltr'>ὶν</span> <span class='ocrx_word' id='word_1_610' title='bbox 1501 5174 1633 5238; x_wconf 85' lang='grc' dir='ltr'>τοῖς.</span> 
     </span>
    </p>
   </div>
   <div class='ocr_carea' id='block_1_85' title="bbox 314 5236 1848 5311">
    <p class='ocr_par' dir='ltr' id='par_1_85' title="bbox 314 5236 1848 5311">
     <span class='ocr_line' id='line_1_85' title="bbox 314 5236 1848 5311; baseline 0.001 -19"><span class='ocrx_word' id='word_1_611' title='bbox 314 5239 430 5302; x_wconf 76' lang='grc'>(92)</span> <span class='ocrx_word' id='word_1_612' title='bbox 466 5236 659 5288; x_wconf 78' lang='grc' dir='ltr'>Ὀντων</span> <span class='ocrx_word' id='word_1_613' title='bbox 686 5245 808 5306; x_wconf 83' lang='grc' dir='ltr'>τῶν,</span> <span class='ocrx_word' id='word_1_614' title='bbox 837 5240 1152 5311; x_wconf 41' lang='grc' dir='ltr'>(ξιοηυεθει</span> <span class='ocrx_word' id='word_1_615' title='bbox 1178 5236 1271 5292; x_wconf 85' lang='lat' dir='ltr'>hic</span> <span class='ocrx_word' id='word_1_616' title='bbox 1303 5237 1589 5293; x_wconf 86' lang='lat' dir='ltr'>articulus</span> <span class='ocrx_word' id='word_1_617' title='bbox 1615 5239 1672 5293; x_wconf 93' lang='lat' dir='ltr'>in</span> <span class='ocrx_word' id='word_1_618' title='bbox 1701 5255 1848 5311; x_wconf 90' lang='lat' dir='ltr'>qua-</span> 
     </span>
    </p>
   </div>
   <div class='ocr_carea' id='block_1_86' title="bbox 237 5308 1205 5379">
    <p class='ocr_par' dir='ltr' id='par_1_86' title="bbox 237 5308 1205 5379">
     <span class='ocr_line' id='line_1_86' title="bbox 237 5308 1205 5379; baseline -0.002 -16"><span class='ocrx_word' id='word_1_619' title='bbox 237 5312 378 5363; x_wconf 83' lang='lat' dir='ltr'>tuor</span> <span class='ocrx_word' id='word_1_620' title='bbox 409 5324 558 5362; x_wconf 88' lang='lat' dir='ltr'>mss.</span> <span class='ocrx_word' id='word_1_621' title='bbox 594 5323 714 5362; x_wconf 89' lang='lat' dir='ltr'>non</span> <span class='ocrx_word' id='word_1_622' title='bbox 743 5308 1205 5379; x_wconf 88' lang='lat' dir='ltr'>antiquissimis.</span> 
     </span>
    </p>
   </div>
   <div class='ocr_carea' id='block_1_87' title="bbox 314 5378 1851 5451">
    <p class='ocr_par' dir='ltr' id='par_1_87' title="bbox 314 5378 1851 5451">
     <span class='ocr_line' id='line_1_87' title="bbox 314 5378 1851 5451; baseline 0.003 -19"><span class='ocrx_word' id='word_1_623' title='bbox 314 5382 430 5451; x_wconf 70' lang='lat'>(93)</span> <span class='ocrx_word' id='word_1_624' title='bbox 457 5385 561 5451; x_wconf 73' lang='grc' dir='ltr'>Τῆς</span> <span class='ocrx_word' id='word_1_625' title='bbox 590 5378 1196 5451; x_wconf 16' lang='grc' dir='ltr'>παρ’ύμῐνζΡοειθνιοίι·</span> <span class='ocrx_word' id='word_1_626' title='bbox 1220 5378 1401 5434; x_wconf 81' lang='lat' dir='ltr'>editio</span> <span class='ocrx_word' id='word_1_627' title='bbox 1427 5379 1772 5451; x_wconf 85' lang='lat' dir='ltr'>Parisiensis</span> <span class='ocrx_word' id='word_1_628' title='bbox 1794 5384 1851 5436; x_wconf 83' lang='lat' dir='ltr'>et</span> 
     </span>
    </p>
   </div>
   <div class='ocr_carea' id='block_1_88' title="bbox 239 5449 1846 5518">
    <p class='ocr_par' dir='ltr' id='par_1_88' title="bbox 239 5449 1846 5518">
     <span class='ocr_line' id='line_1_88' title="bbox 239 5449 1846 5518; baseline 0.002 -13"><span class='ocrx_word' id='word_1_629' title='bbox 239 5450 409 5518; x_wconf 78' lang='lat' dir='ltr'>Regii</span> <span class='ocrx_word' id='word_1_630' title='bbox 440 5449 564 5505; x_wconf 88' lang='lat' dir='ltr'>duo</span> <span class='ocrx_word' id='word_1_631' title='bbox 619 5449 858 5504; x_wconf 76' lang='lat' dir='ltr'>cndices</span> <span class='ocrx_word' id='word_1_632' title='bbox 910 5467 976 5506; x_wconf 86' lang='lat' dir='ltr'>ac</span> <span class='ocrx_word' id='word_1_633' title='bbox 1027 5450 1200 5505; x_wconf 86' lang='lat' dir='ltr'>Coisl.</span> <span class='ocrx_word' id='word_1_634' title='bbox 1258 5450 1562 5506; x_wconf 84' lang='lat' dir='ltr'>secundus</span> <span class='ocrx_word' id='word_1_635' title='bbox 1605 5451 1846 5508; x_wconf 87' lang='lat' dir='ltr'>etHarl.</span> 
     </span>
    </p>
   </div>
   <div class='ocr_carea' id='block_1_89' title="bbox 241 5521 1194 5596">
    <p class='ocr_par' dir='ltr' id='par_1_89' title="bbox 241 5521 1194 5596">
     <span class='ocr_line' id='line_1_89' title="bbox 241 5521 1194 5596; baseline -0.004 -20"><span class='ocrx_word' id='word_1_636' title='bbox 241 5521 525 5596; x_wconf 75' lang='lat' dir='ltr'>secunda</span> <span class='ocrx_word' id='word_1_637' title='bbox 548 5537 737 5596; x_wconf 81' lang='lat' dir='ltr'>manu</span> <span class='ocrx_word' id='word_1_638' title='bbox 765 5530 860 5584; x_wconf 75' lang='grc' dir='ltr'>τῆς</span> <span class='ocrx_word' id='word_1_639' title='bbox 897 5522 1020 5596; x_wconf 89' lang='grc' dir='ltr'>παρ’</span> <span class='ocrx_word' id='word_1_640' title='bbox 1050 5524 1194 5594; x_wconf 78' lang='grc' dir='ltr'>ἡμῖν.</span> 
     </span>
    </p>
   </div>
   <div class='ocr_carea' id='block_1_90' title="bbox 315 5590 1680 5665">
    <p class='ocr_par' dir='ltr' id='par_1_90' title="bbox 315 5590 1680 5665">
     <span class='ocr_line' id='line_1_90' title="bbox 315 5590 1680 5665; baseline -0.001 -17"><span class='ocrx_word' id='word_1_641' title='bbox 315 5595 433 5662; x_wconf 69' lang='grc'>(94)</span> <span class='ocrx_word' id='word_1_642' title='bbox 459 5591 672 5665; x_wconf 50' lang='lat' dir='ltr'>mea».</span> <span class='ocrx_word' id='word_1_643' title='bbox 700 5595 785 5649; x_wconf 85' lang='lat' dir='ltr'>Ita</span> <span class='ocrx_word' id='word_1_644' title='bbox 813 5590 1041 5665; x_wconf 79' lang='lat' dir='ltr'>septem</span> <span class='ocrx_word' id='word_1_645' title='bbox 1081 5590 1230 5649; x_wconf 85' lang='lat' dir='ltr'>mss.</span> <span class='ocrx_word' id='word_1_646' title='bbox 1263 5591 1411 5648; x_wconf 85' lang='lat' dir='ltr'>Editi</span> <span class='ocrx_word' id='word_1_647' title='bbox 1432 5590 1680 5665; x_wconf 63' lang='grc' dir='ltr'>Δἀνελθεῖν.</span> 
     </span>
    </p>
   </div>
   <div class='ocr_carea' id='block_1_91' title="bbox 318 5661 1848 5736">
    <p class='ocr_par' dir='ltr' id='par_1_91' title="bbox 318 5661 1848 5736">
     <span class='ocr_line' id='line_1_91' title="bbox 318 5661 1848 5736; baseline -0.014 -1"><span class='ocrx_word' id='word_1_648' title='bbox 318 5661 434 5735; x_wconf 65' lang='grc'>(9⁵)</span> <span class='ocrx_word' id='word_1_649' title='bbox 505 5661 964 5736; x_wconf 64' lang='grc' dir='ltr'>Δονλαγωγοῡσὶιι.</span> <span class='ocrx_word' id='word_1_650' title='bbox 1021 5666 1164 5736; x_wconf 81' lang='lat' dir='ltr'>Reg.</span> <span class='ocrx_word' id='word_1_651' title='bbox 1223 5663 1524 5720; x_wconf 86' lang='lat' dir='ltr'>secundus</span> <span class='ocrx_word' id='word_1_652' title='bbox 1583 5661 1848 5735; x_wconf 72' lang='grc' dir='ltr'>δουλαγωο</span> 
     </span>
    </p>
   </div>
   <div class='ocr_carea' id='block_1_92' title="bbox 1953 3194 3609 3270">
    <p class='ocr_par' dir='ltr' id='par_1_92' title="bbox 1953 3194 3609 3270">
     <span class='ocr_line' id='line_1_92' title="bbox 1953 3194 3609 3270; baseline 0.004 -22"><span class='ocrx_word' id='word_1_653' title='bbox 1953 3194 2336 3266; x_wconf 63' lang='lat' dir='ltr'>praedicatur,</span> <span class='ocrx_word' id='word_1_654' title='bbox 2362 3194 2555 3251; x_wconf 66' lang='lat' dir='ltr'>beatae</span> <span class='ocrx_word' id='word_1_655' title='bbox 2587 3200 2725 3252; x_wconf 85' lang='lat' dir='ltr'>sunt</span> <span class='ocrx_word' id='word_1_656' title='bbox 2755 3197 2833 3252; x_wconf 90' lang='lat' dir='ltr'>ob</span> <span class='ocrx_word' id='word_1_657' title='bbox 2855 3197 3234 3270; x_wconf 90' lang='lat' dir='ltr'>propositum</span> <span class='ocrx_word' id='word_1_658' title='bbox 3256 3215 3454 3266; x_wconf 91' lang='lat' dir='ltr'>suum,</span> <span class='ocrx_word' id='word_1_659' title='bbox 3479 3200 3609 3256; x_wconf 84' lang='lat' dir='ltr'>ubi-</span> 
     </span>
    </p>
   </div>
   <div class='ocr_carea' id='block_1_93' title="bbox 1955 3284 3608 3359">
    <p class='ocr_par' dir='ltr' id='par_1_93' title="bbox 1955 3284 3608 3359">
     <span class='ocr_line' id='line_1_93' title="bbox 1955 3284 3608 3359; baseline 0.005 -21"><span class='ocrx_word' id='word_1_660' title='bbox 1955 3298 2194 3355; x_wconf 90' lang='lat' dir='ltr'>cunque</span> <span class='ocrx_word' id='word_1_661' title='bbox 2224 3284 2441 3342; x_wconf 88' lang='lat' dir='ltr'>fuerint</span> <span class='ocrx_word' id='word_1_662' title='bbox 2497 3291 2810 3342; x_wconf 88' lang='lat' dir='ltr'>terrarum.</span> <span class='ocrx_word' id='word_1_663' title='bbox 2859 3286 3034 3359; x_wconf 90' lang='lat' dir='ltr'>Apud</span> <span class='ocrx_word' id='word_1_664' title='bbox 3078 3304 3191 3343; x_wconf 91' lang='lat' dir='ltr'>nos</span> <span class='ocrx_word' id='word_1_665' title='bbox 3244 3293 3447 3344; x_wconf 87' lang='lat' dir='ltr'>autem</span> <span class='ocrx_word' id='word_1_666' title='bbox 3477 3290 3608 3346; x_wconf 69' lang='lat' dir='ltr'>haec</span> 
     </span>
    </p>
   </div>
   <div class='ocr_carea' id='block_1_94' title="bbox 1953 3374 3610 3446">
    <p class='ocr_par' dir='ltr' id='par_1_94' title="bbox 1953 3374 3610 3446">
     <span class='ocr_line' id='line_1_94' title="bbox 1953 3374 3610 3446; baseline 0.004 -18"><span class='ocrx_word' id='word_1_667' title='bbox 1953 3388 2146 3446; x_wconf 90' lang='lat' dir='ltr'>parva</span> <span class='ocrx_word' id='word_1_668' title='bbox 2166 3379 2222 3429; x_wconf 89' lang='lat' dir='ltr'>et</span> <span class='ocrx_word' id='word_1_669' title='bbox 2251 3374 2431 3431; x_wconf 84' lang='lat' dir='ltr'>exilia</span> <span class='ocrx_word' id='word_1_670' title='bbox 2460 3379 2618 3444; x_wconf 88' lang='lat' dir='ltr'>sunt,</span> <span class='ocrx_word' id='word_1_671' title='bbox 2649 3391 2720 3432; x_wconf 91' lang='lat' dir='ltr'>ac</span> <span class='ocrx_word' id='word_1_672' title='bbox 2751 3375 3068 3431; x_wconf 88' lang='lat' dir='ltr'>hominum</span> <span class='ocrx_word' id='word_1_673' title='bbox 3091 3377 3291 3433; x_wconf 87' lang='lat' dir='ltr'>adhuc</span> <span class='ocrx_word' id='word_1_674' title='bbox 3313 3377 3610 3436; x_wconf 83' lang='lat' dir='ltr'>elementa</span> 
     </span>
    </p>
   </div>
   <div class='ocr_carea' id='block_1_95' title="bbox 1954 3463 3607 3539">
    <p class='ocr_par' dir='ltr' id='par_1_95' title="bbox 1954 3463 3607 3539">
     <span class='ocr_line' id='line_1_95' title="bbox 1954 3463 3607 3539; baseline 0.004 -21"><span class='ocrx_word' id='word_1_675' title='bbox 1954 3463 2336 3532; x_wconf 89' lang='lat' dir='ltr'>discentium,</span> <span class='ocrx_word' id='word_1_676' title='bbox 2395 3464 2621 3536; x_wconf 89' lang='lat' dir='ltr'>quique</span> <span class='ocrx_word' id='word_1_677' title='bbox 2668 3465 3132 3522; x_wconf 88' lang='lat' dir='ltr'>introducuntur</span> <span class='ocrx_word' id='word_1_678' title='bbox 3179 3466 3258 3522; x_wconf 91' lang='lat' dir='ltr'>ad</span> <span class='ocrx_word' id='word_1_679' title='bbox 3298 3468 3607 3539; x_wconf 90' lang='lat' dir='ltr'>pietatem.</span> 
     </span>
    </p>
   </div>
   <div class='ocr_carea' id='block_1_96' title="bbox 1953 3552 3604 3624">
    <p class='ocr_par' dir='ltr' id='par_1_96' title="bbox 1953 3552 3604 3624">
     <span class='ocr_line' id='line_1_96' title="bbox 1953 3552 3604 3624; baseline 0.003 -17"><span class='ocrx_word' id='word_1_680' title='bbox 1953 3552 2090 3608; x_wconf 89' lang='lat' dir='ltr'>Jam</span> <span class='ocrx_word' id='word_1_681' title='bbox 2122 3552 2345 3624; x_wconf 89' lang='lat' dir='ltr'>siquid</span> <span class='ocrx_word' id='word_1_682' title='bbox 2382 3552 2694 3609; x_wconf 90' lang='lat' dir='ltr'>dedecoris</span> <span class='ocrx_word' id='word_1_683' title='bbox 2748 3554 2882 3610; x_wconf 74' lang='lat' dir='ltr'>vitae</span> <span class='ocrx_word' id='word_1_684' title='bbox 2943 3555 3263 3611; x_wconf 89' lang='lat' dir='ltr'>mulierum</span> <span class='ocrx_word' id='word_1_685' title='bbox 3320 3556 3604 3623; x_wconf 88' lang='lat' dir='ltr'>inferunt,</span> 
     </span>
    </p>
   </div>
   <div class='ocr_carea' id='block_1_97' title="bbox 1955 3641 3605 3701">
    <p class='ocr_par' dir='ltr' id='par_1_97' title="bbox 1955 3641 3605 3701">
     <span class='ocr_line' id='line_1_97' title="bbox 1955 3641 3605 3701; baseline 0.001 -3"><span class='ocrx_word' id='word_1_686' title='bbox 1955 3657 2058 3698; x_wconf 90' lang='lat' dir='ltr'>eas</span> <span class='ocrx_word' id='word_1_687' title='bbox 2077 3641 2398 3696; x_wconf 84' lang='lat' dir='ltr'>defendere</span> <span class='ocrx_word' id='word_1_688' title='bbox 2427 3656 2550 3697; x_wconf 90' lang='lat' dir='ltr'>non</span> <span class='ocrx_word' id='word_1_689' title='bbox 2578 3641 2745 3698; x_wconf 91' lang='lat' dir='ltr'>libet.</span> <span class='ocrx_word' id='word_1_690' title='bbox 2775 3642 2924 3698; x_wconf 88' lang='lat' dir='ltr'>Illud</span> <span class='ocrx_word' id='word_1_691' title='bbox 2961 3647 3162 3700; x_wconf 89' lang='lat' dir='ltr'>tamen</span> <span class='ocrx_word' id='word_1_692' title='bbox 3198 3644 3371 3700; x_wconf 89' lang='lat' dir='ltr'>vobis</span> <span class='ocrx_word' id='word_1_693' title='bbox 3402 3645 3605 3701; x_wconf 81' lang='lat' dir='ltr'>testiﬁ-</span> 
     </span>
    </p>
   </div>
   <div class='ocr_carea' id='block_1_98' title="bbox 1953 3731 3604 3802">
    <p class='ocr_par' dir='ltr' id='par_1_98' title="bbox 1953 3731 3604 3802">
     <span class='ocr_line' id='line_1_98' title="bbox 1953 3731 3604 3802; baseline 0.001 -16"><span class='ocrx_word' id='word_1_694' title='bbox 1953 3746 2077 3799; x_wconf 89' lang='lat' dir='ltr'>cor,</span> <span class='ocrx_word' id='word_1_695' title='bbox 2099 3745 2235 3802; x_wconf 79' lang='lat' dir='ltr'>quae</span> <span class='ocrx_word' id='word_1_696' title='bbox 2265 3731 2554 3786; x_wconf 90' lang='lat' dir='ltr'>hactenus</span> <span class='ocrx_word' id='word_1_697' title='bbox 2585 3735 2756 3802; x_wconf 91' lang='lat' dir='ltr'>pater</span> <span class='ocrx_word' id='word_1_698' title='bbox 2797 3733 3096 3787; x_wconf 84' lang='lat' dir='ltr'>mendacii</span> <span class='ocrx_word' id='word_1_699' title='bbox 3136 3735 3388 3789; x_wconf 85' lang='lat' dir='ltr'>Satanas</span> <span class='ocrx_word' id='word_1_700' title='bbox 3408 3733 3604 3788; x_wconf 86' lang='lat' dir='ltr'>dicere</span> 
     </span>
    </p>
   </div>
   <div class='ocr_carea' id='block_1_99' title="bbox 1951 3821 3604 3894">
    <p class='ocr_par' dir='ltr' id='par_1_99' title="bbox 1951 3821 3604 3894">
     <span class='ocr_line' id='line_1_99' title="bbox 1951 3821 3604 3894; baseline -0.001 -16"><span class='ocrx_word' id='word_1_701' title='bbox 1951 3837 2076 3878; x_wconf 89' lang='lat' dir='ltr'>non</span> <span class='ocrx_word' id='word_1_702' title='bbox 2103 3837 2290 3877; x_wconf 90' lang='lat' dir='ltr'>ausus</span> <span class='ocrx_word' id='word_1_703' title='bbox 2314 3825 2420 3886; x_wconf 90' lang='lat' dir='ltr'>est,</span> <span class='ocrx_word' id='word_1_704' title='bbox 2441 3835 2512 3876; x_wconf 89' lang='lat' dir='ltr'>ea</span> <span class='ocrx_word' id='word_1_705' title='bbox 2542 3836 2781 3892; x_wconf 90' lang='lat' dir='ltr'>semper</span> <span class='ocrx_word' id='word_1_706' title='bbox 2809 3836 2844 3876; x_wconf 89' lang='lat' dir='ltr'>a</span> <span class='ocrx_word' id='word_1_707' title='bbox 2866 3821 3148 3877; x_wconf 91' lang='lat' dir='ltr'>cordibus</span> <span class='ocrx_word' id='word_1_708' title='bbox 3168 3828 3365 3878; x_wconf 90' lang='lat' dir='ltr'>metus</span> <span class='ocrx_word' id='word_1_709' title='bbox 3394 3837 3604 3894; x_wconf 85' lang='lat' dir='ltr'>exper-</span> 
     </span>
    </p>
   </div>
   <div class='ocr_carea' id='block_1_100' title="bbox 1953 3908 3605 3979">
    <p class='ocr_par' dir='ltr' id='par_1_100' title="bbox 1953 3908 3605 3979">
     <span class='ocr_line' id='line_1_100' title="bbox 1953 3908 3605 3979; baseline -0.001 -13"><span class='ocrx_word' id='word_1_710' title='bbox 1953 3909 2114 3966; x_wconf 87' lang='lat' dir='ltr'>tibus</span> <span class='ocrx_word' id='word_1_711' title='bbox 2145 3914 2202 3965; x_wconf 88' lang='lat' dir='ltr'>et</span> <span class='ocrx_word' id='word_1_712' title='bbox 2231 3908 2537 3964; x_wconf 81' lang='lat' dir='ltr'>effrenatis</span> <span class='ocrx_word' id='word_1_713' title='bbox 2584 3908 2805 3979; x_wconf 86' lang='lat' dir='ltr'>linguis</span> <span class='ocrx_word' id='word_1_714' title='bbox 2852 3909 3134 3966; x_wconf 88' lang='lat' dir='ltr'>audacter</span> <span class='ocrx_word' id='word_1_715' title='bbox 3169 3911 3388 3967; x_wconf 76' lang='lat' dir='ltr'>efferri.</span> <span class='ocrx_word' id='word_1_716' title='bbox 3448 3911 3605 3967; x_wconf 87' lang='lat' dir='ltr'>Scire</span> 
     </span>
    </p>
   </div>
   <div class='ocr_carea' id='block_1_101' title="bbox 1954 3997 3605 4071">
    <p class='ocr_par' dir='ltr' id='par_1_101' title="bbox 1954 3997 3605 4071">
     <span class='ocr_line' id='line_1_101' title="bbox 1954 3997 3605 4071; baseline -0.001 -16"><span class='ocrx_word' id='word_1_717' title='bbox 1954 4005 2152 4056; x_wconf 90' lang='lat' dir='ltr'>autem</span> <span class='ocrx_word' id='word_1_718' title='bbox 2187 4013 2294 4053; x_wconf 91' lang='lat' dir='ltr'>vos</span> <span class='ocrx_word' id='word_1_719' title='bbox 2326 3997 2483 4064; x_wconf 89' lang='lat' dir='ltr'>volo,</span> <span class='ocrx_word' id='word_1_720' title='bbox 2513 4013 2626 4053; x_wconf 91' lang='lat' dir='ltr'>nos</span> <span class='ocrx_word' id='word_1_721' title='bbox 2653 3997 2818 4054; x_wconf 88' lang='lat' dir='ltr'>laudi</span> <span class='ocrx_word' id='word_1_722' title='bbox 2846 3998 3086 4068; x_wconf 89' lang='lat' dir='ltr'>ducere,</span> <span class='ocrx_word' id='word_1_723' title='bbox 3125 4000 3293 4071; x_wconf 92' lang='lat' dir='ltr'>quod</span> <span class='ocrx_word' id='word_1_724' title='bbox 3340 3999 3605 4055; x_wconf 86' lang='lat' dir='ltr'>virorum</span> 
     </span>
    </p>
   </div>
   <div class='ocr_carea' id='block_1_102' title="bbox 1955 4085 3606 4160">
    <p class='ocr_par' dir='ltr' id='par_1_102' title="bbox 1955 4085 3606 4160">
     <span class='ocr_line' id='line_1_102' title="bbox 1955 4085 3606 4160; baseline 0.001 -18"><span class='ocrx_word' id='word_1_725' title='bbox 1955 4092 2012 4143; x_wconf 90' lang='lat' dir='ltr'>et</span> <span class='ocrx_word' id='word_1_726' title='bbox 2040 4086 2361 4142; x_wconf 87' lang='lat' dir='ltr'>mulierum</span> <span class='ocrx_word' id='word_1_727' title='bbox 2393 4092 2584 4142; x_wconf 73' lang='lat' dir='ltr'>ccetus</span> <span class='ocrx_word' id='word_1_728' title='bbox 2615 4085 2971 4155; x_wconf 87' lang='lat' dir='ltr'>habeamus,</span> <span class='ocrx_word' id='word_1_729' title='bbox 2998 4104 3259 4160; x_wconf 90' lang='lat' dir='ltr'>quorum</span> <span class='ocrx_word' id='word_1_730' title='bbox 3282 4104 3606 4144; x_wconf 85' lang='lat' dir='ltr'>conversa-</span> 
     </span>
    </p>
   </div>
   <div class='ocr_carea' id='block_1_103' title="bbox 1954 4175 3607 4248">
    <p class='ocr_par' dir='ltr' id='par_1_103' title="bbox 1954 4175 3607 4248">
     <span class='ocr_line' id='line_1_103' title="bbox 1954 4175 3607 4248; baseline 0 -15"><span class='ocrx_word' id='word_1_731' title='bbox 1954 4177 2035 4234; x_wconf 88' lang='lat' dir='ltr'>tio</span> <span class='ocrx_word' id='word_1_732' title='bbox 2086 4177 2149 4232; x_wconf 88' lang='lat' dir='ltr'>in</span> <span class='ocrx_word' id='word_1_733' title='bbox 2201 4175 2366 4232; x_wconf 65' lang='lat' dir='ltr'>caelis</span> <span class='ocrx_word' id='word_1_734' title='bbox 2424 4180 2512 4232; x_wconf 89' lang='lat' dir='ltr'>est</span> <span class='ocrx_word' id='word_1_735' title='bbox 2565 4195 2577 4232; x_wconf 92' lang='lat'><strong>:</strong></span> <span class='ocrx_word' id='word_1_736' title='bbox 2621 4177 2725 4248; x_wconf 90' lang='lat' dir='ltr'>qui</span> <span class='ocrx_word' id='word_1_737' title='bbox 2788 4193 2962 4232; x_wconf 90' lang='lat' dir='ltr'>suam</span> <span class='ocrx_word' id='word_1_738' title='bbox 3015 4193 3259 4233; x_wconf 91' lang='lat' dir='ltr'>carnem</span> <span class='ocrx_word' id='word_1_739' title='bbox 3313 4194 3436 4233; x_wconf 87' lang='lat' dir='ltr'>una</span> <span class='ocrx_word' id='word_1_740' title='bbox 3466 4194 3607 4233; x_wconf 88' lang='lat' dir='ltr'>cum</span> 
     </span>
    </p>
   </div>
   <div class='ocr_carea' id='block_1_104' title="bbox 1953 4265 3600 4338">
    <p class='ocr_par' dir='ltr' id='par_1_104' title="bbox 1953 4265 3600 4338">
     <span class='ocr_line' id='line_1_104' title="bbox 1953 4265 3600 4338; baseline 0 -16"><span class='ocrx_word' id='word_1_741' title='bbox 1953 4265 2372 4322; x_wconf 75' lang='lat' dir='ltr'>affectionibus</span> <span class='ocrx_word' id='word_1_742' title='bbox 2401 4281 2471 4321; x_wconf 92' lang='lat' dir='ltr'>ac</span> <span class='ocrx_word' id='word_1_743' title='bbox 2488 4265 2918 4338; x_wconf 87' lang='lat' dir='ltr'>cupiditatibus</span> <span class='ocrx_word' id='word_1_744' title='bbox 2941 4267 3363 4322; x_wconf 80' lang='lat' dir='ltr'>cruciﬁxerunt</span> <span class='ocrx_word' id='word_1_745' title='bbox 3387 4283 3400 4320; x_wconf 91' lang='lat'><strong>:</strong></span> <span class='ocrx_word' id='word_1_746' title='bbox 3428 4267 3479 4337; x_wconf 83' lang='lat'><strong>3</strong></span> <span class='ocrx_word' id='word_1_747' title='bbox 3495 4268 3536 4335; x_wconf 84' lang='lat'><strong>1</strong></span> <span class='ocrx_word' id='word_1_748' title='bbox 3557 4268 3600 4336; x_wconf 82' lang='grc' dir='ltr'><strong>ι</strong></span> 
     </span>
    </p>
   </div>
   <div class='ocr_carea' id='block_1_105' title="bbox 1953 4353 3605 4429">
    <p class='ocr_par' dir='ltr' id='par_1_105' title="bbox 1953 4353 3605 4429">
     <span class='ocr_line' id='line_1_105' title="bbox 1953 4353 3605 4429; baseline -0.002 -18"><span class='ocrx_word' id='word_1_749' title='bbox 1953 4357 2059 4429; x_wconf 89' lang='lat' dir='ltr'>qui</span> <span class='ocrx_word' id='word_1_750' title='bbox 2083 4372 2195 4411; x_wconf 91' lang='lat' dir='ltr'>nec</span> <span class='ocrx_word' id='word_1_751' title='bbox 2220 4358 2294 4410; x_wconf 90' lang='lat' dir='ltr'>de</span> <span class='ocrx_word' id='word_1_752' title='bbox 2324 4354 2471 4411; x_wconf 89' lang='lat' dir='ltr'>cibis</span> <span class='ocrx_word' id='word_1_753' title='bbox 2500 4370 2611 4410; x_wconf 89' lang='lat' dir='ltr'>nec</span> <span class='ocrx_word' id='word_1_754' title='bbox 2641 4353 2716 4410; x_wconf 90' lang='lat' dir='ltr'>de</span> <span class='ocrx_word' id='word_1_755' title='bbox 2743 4354 3112 4410; x_wconf 87' lang='lat' dir='ltr'>indumentis</span> <span class='ocrx_word' id='word_1_756' title='bbox 3160 4361 3299 4410; x_wconf 88' lang='lat' dir='ltr'>sunt</span> <span class='ocrx_word' id='word_1_757' title='bbox 3348 4355 3605 4422; x_wconf 87' lang='lat' dir='ltr'>solliciti,</span> 
     </span>
    </p>
   </div>
   <div class='ocr_carea' id='block_1_106' title="bbox 1955 4443 3608 4531">
    <p class='ocr_par' dir='ltr' id='par_1_106' title="bbox 1955 4443 3608 4531">
     <span class='ocr_line' id='line_1_106' title="bbox 1955 4443 3608 4531; baseline -0.002 -30"><span class='ocrx_word' id='word_1_758' title='bbox 1955 4445 2062 4501; x_wconf 91' lang='lat' dir='ltr'>sed</span> <span class='ocrx_word' id='word_1_759' title='bbox 2127 4445 2398 4531; x_wconf 53' lang='lat' dir='ltr'>minime.</span> <span class='ocrx_word' id='word_1_760' title='bbox 2428 4443 2718 4512; x_wconf 88' lang='lat' dir='ltr'>distracti,</span> <span class='ocrx_word' id='word_1_761' title='bbox 2787 4448 2845 4499; x_wconf 91' lang='lat' dir='ltr'>et</span> <span class='ocrx_word' id='word_1_762' title='bbox 2911 4445 3165 4499; x_wconf 90' lang='lat' dir='ltr'>Domino</span> <span class='ocrx_word' id='word_1_763' title='bbox 3232 4444 3608 4499; x_wconf 88' lang='lat' dir='ltr'>continenter</span> 
     </span>
    </p>
   </div>
   <div class='ocr_carea' id='block_1_107' title="bbox 1954 4532 3602 4606">
    <p class='ocr_par' dir='ltr' id='par_1_107' title="bbox 1954 4532 3602 4606">
     <span class='ocr_line' id='line_1_107' title="bbox 1954 4532 3602 4606; baseline -0.002 -14"><span class='ocrx_word' id='word_1_764' title='bbox 1954 4538 2438 4600; x_wconf 86' lang='lat' dir='ltr'>astantes,noctu</span> <span class='ocrx_word' id='word_1_765' title='bbox 2467 4534 2693 4605; x_wconf 91' lang='lat' dir='ltr'>diuque</span> <span class='ocrx_word' id='word_1_766' title='bbox 2713 4539 3099 4606; x_wconf 88' lang='lat' dir='ltr'>perseverant</span> <span class='ocrx_word' id='word_1_767' title='bbox 3119 4533 3179 4587; x_wconf 91' lang='lat' dir='ltr'>in</span> <span class='ocrx_word' id='word_1_768' title='bbox 3204 4532 3602 4589; x_wconf 86' lang='lat' dir='ltr'>orationibus.</span> 
     </span>
    </p>
   </div>
   <div class='ocr_carea' id='block_1_108' title="bbox 1953 4622 3609 4694">
    <p class='ocr_par' dir='ltr' id='par_1_108' title="bbox 1953 4622 3609 4694">
     <span class='ocr_line' id='line_1_108' title="bbox 1953 4622 3609 4694; baseline -0.001 -13"><span class='ocrx_word' id='word_1_769' title='bbox 1953 4627 2219 4690; x_wconf 87' lang='lat' dir='ltr'>Quorum</span> <span class='ocrx_word' id='word_1_770' title='bbox 2247 4640 2315 4680; x_wconf 91' lang='lat' dir='ltr'>os</span> <span class='ocrx_word' id='word_1_771' title='bbox 2366 4638 2490 4679; x_wconf 90' lang='lat' dir='ltr'>non</span> <span class='ocrx_word' id='word_1_772' title='bbox 2536 4622 2804 4694; x_wconf 89' lang='lat' dir='ltr'>loquitur</span> <span class='ocrx_word' id='word_1_773' title='bbox 2850 4637 3037 4694; x_wconf 88' lang='lat' dir='ltr'>opera</span> <span class='ocrx_word' id='word_1_774' title='bbox 3087 4622 3442 4689; x_wconf 89' lang='lat' dir='ltr'>hominum;</span> <span class='ocrx_word' id='word_1_775' title='bbox 3500 4623 3609 4679; x_wconf 91' lang='lat' dir='ltr'>sed</span> 
     </span>
    </p>
   </div>
   <div class='ocr_carea' id='block_1_109' title="bbox 1952 4711 3607 4786">
    <p class='ocr_par' dir='ltr' id='par_1_109' title="bbox 1952 4711 3607 4786">
     <span class='ocr_line' id='line_1_109' title="bbox 1952 4711 3607 4786; baseline -0.003 -15"><span class='ocrx_word' id='word_1_776' title='bbox 1952 4715 2218 4786; x_wconf 86' lang='lat' dir='ltr'>hymnos</span> <span class='ocrx_word' id='word_1_777' title='bbox 2244 4715 2362 4768; x_wconf 92' lang='lat' dir='ltr'>Deo</span> <span class='ocrx_word' id='word_1_778' title='bbox 2395 4717 2605 4768; x_wconf 91' lang='lat' dir='ltr'>nostro</span> <span class='ocrx_word' id='word_1_779' title='bbox 2654 4713 2983 4767; x_wconf 90' lang='lat' dir='ltr'>concinunt</span> <span class='ocrx_word' id='word_1_780' title='bbox 3033 4711 3426 4781; x_wconf 88' lang='lat' dir='ltr'>continenter,</span> <span class='ocrx_word' id='word_1_781' title='bbox 3458 4727 3607 4783; x_wconf 92' lang='lat' dir='ltr'>ope-</span> 
     </span>
    </p>
   </div>
   <div class='ocr_carea' id='block_1_110' title="bbox 1952 4800 3610 4874">
    <p class='ocr_par' dir='ltr' id='par_1_110' title="bbox 1952 4800 3610 4874">
     <span class='ocr_line' id='line_1_110' title="bbox 1952 4800 3610 4874; baseline -0.002 -13"><span class='ocrx_word' id='word_1_782' title='bbox 1952 4810 2156 4861; x_wconf 90' lang='lat' dir='ltr'>rantes</span> <span class='ocrx_word' id='word_1_783' title='bbox 2188 4803 2475 4858; x_wconf 89' lang='lat' dir='ltr'>manibus</span> <span class='ocrx_word' id='word_1_784' title='bbox 2500 4801 2646 4872; x_wconf 91' lang='lat' dir='ltr'>suis,</span> <span class='ocrx_word' id='word_1_785' title='bbox 2679 4805 2744 4858; x_wconf 89' lang='lat' dir='ltr'>ut</span> <span class='ocrx_word' id='word_1_786' title='bbox 2769 4800 3035 4858; x_wconf 89' lang='lat' dir='ltr'>habeant</span> <span class='ocrx_word' id='word_1_787' title='bbox 3066 4800 3227 4857; x_wconf 90' lang='lat' dir='ltr'>unde</span> <span class='ocrx_word' id='word_1_788' title='bbox 3265 4801 3610 4874; x_wconf 84' lang='lat' dir='ltr'>impertiant</span> 
     </span>
    </p>
   </div>
   <div class='ocr_carea' id='block_1_111' title="bbox 1952 4890 2382 4962">
    <p class='ocr_par' dir='ltr' id='par_1_111' title="bbox 1952 4890 2382 4962">
     <span class='ocr_line' id='line_1_111' title="bbox 1952 4890 2382 4962; baseline -0.007 -13"><span class='ocrx_word' id='word_1_789' title='bbox 1952 4890 2382 4962; x_wconf 88' lang='lat' dir='ltr'>indigentibus.</span> 
     </span>
    </p>
   </div>
   <div class='ocr_carea' id='block_1_112' title="bbox 1953 5014 3606 5095">
    <p class='ocr_par' dir='ltr' id='par_1_112' title="bbox 1953 5014 3606 5095">
     <span class='ocr_line' id='line_1_112' title="bbox 1953 5014 3606 5095; baseline -0.002 -25"><span class='ocrx_word' id='word_1_790' title='bbox 1953 5037 2133 5095; x_wconf 67' lang='grc' dir='ltr'>γουσι,</span> <span class='ocrx_word' id='word_1_791' title='bbox 2166 5022 2222 5073; x_wconf 89' lang='lat' dir='ltr'>et</span> <span class='ocrx_word' id='word_1_792' title='bbox 2245 5016 2427 5095; x_wconf 78' lang='lat' dir='ltr'>paulo</span> <span class='ocrx_word' id='word_1_793' title='bbox 2457 5019 2594 5088; x_wconf 91' lang='lat' dir='ltr'>post</span> <span class='ocrx_word' id='word_1_794' title='bbox 2624 5017 2777 5095; x_wconf 44' lang='lat' dir='ltr'>gate-1.</span> <span class='ocrx_word' id='word_1_795' title='bbox 2815 5015 2941 5095; x_wconf 10' lang='lat' dir='ltr'>Sed,</span> <span class='ocrx_word' id='word_1_796' title='bbox 2967 5014 3190 5071; x_wconf 87' lang='lat' dir='ltr'>frustra</span> <span class='ocrx_word' id='word_1_797' title='bbox 3226 5014 3606 5095; x_wconf 73' lang='lat' dir='ltr'>librariorum</span> 
     </span>
    </p>
   </div>
   <div class='ocr_carea' id='block_1_113' title="bbox 1958 5087 3606 5163">
    <p class='ocr_par' dir='ltr' id='par_1_113' title="bbox 1958 5087 3606 5163">
     <span class='ocr_line' id='line_1_113' title="bbox 1958 5087 3606 5163; baseline -0.007 -15"><span class='ocrx_word' id='word_1_798' title='bbox 1958 5087 2169 5162; x_wconf 76' lang='lat' dir='ltr'>aliquis</span> <span class='ocrx_word' id='word_1_799' title='bbox 2195 5087 2521 5163; x_wconf 72' lang='lat' dir='ltr'>emendare</span> <span class='ocrx_word' id='word_1_800' title='bbox 2551 5088 2735 5163; x_wconf 79' lang='lat' dir='ltr'>voluit</span> <span class='ocrx_word' id='word_1_801' title='bbox 2761 5088 3126 5163; x_wconf 83' lang='lat' dir='ltr'>scripturam</span> <span class='ocrx_word' id='word_1_802' title='bbox 3155 5102 3277 5142; x_wconf 89' lang='lat' dir='ltr'>non</span> <span class='ocrx_word' id='word_1_803' title='bbox 3306 5087 3606 5163; x_wconf 63' lang='lat' dir='ltr'>vitiosam.</span> 
     </span>
    </p>
   </div>
   <div class='ocr_carea' id='block_1_114' title="bbox 2027 5156 3606 5235">
    <p class='ocr_par' dir='ltr' id='par_1_114' title="bbox 2027 5156 3606 5235">
     <span class='ocr_line' id='line_1_114' title="bbox 2027 5156 3606 5235; baseline -0.008 -18"><span class='ocrx_word' id='word_1_804' title='bbox 2027 5156 2142 5232; x_wconf 71' lang='lat'>(96)</span> <span class='ocrx_word' id='word_1_805' title='bbox 2185 5159 2337 5235; x_wconf 60' lang='grc' dir='ltr'>Παρα</span> <span class='ocrx_word' id='word_1_806' title='bbox 2367 5156 2435 5235; x_wconf 59' lang='grc' dir='ltr'>δε</span> <span class='ocrx_word' id='word_1_807' title='bbox 2473 5161 2618 5235; x_wconf 62' lang='grc' dir='ltr'>ἡμῖν.</span> <span class='ocrx_word' id='word_1_808' title='bbox 2653 5156 3119 5235; x_wconf 74' lang='lat' dir='ltr'>Emendavimus</span> <span class='ocrx_word' id='word_1_809' title='bbox 3158 5173 3272 5229; x_wconf 84' lang='lat' dir='ltr'>ope</span> <span class='ocrx_word' id='word_1_810' title='bbox 3299 5156 3606 5235; x_wconf 73' lang='lat' dir='ltr'>_Harltea_ui</span> 
     </span>
    </p>
   </div>
   <div class='ocr_carea' id='block_1_115' title="bbox 1957 5223 3604 5302">
    <p class='ocr_par' dir='ltr' id='par_1_115' title="bbox 1957 5223 3604 5302">
     <span class='ocr_line' id='line_1_115' title="bbox 1957 5223 3604 5302; baseline -0.008 -14"><span class='ocrx_word' id='word_1_811' title='bbox 1957 5223 2180 5288; x_wconf 79' lang='lat' dir='ltr'>codicis</span> <span class='ocrx_word' id='word_1_812' title='bbox 2215 5223 2551 5302; x_wconf 60' lang='lat' dir='ltr'>et&#39;Medica&#39;ai</span> <span class='ocrx_word' id='word_1_813' title='bbox 2591 5229 2758 5302; x_wconf 88' lang='lat' dir='ltr'>quod</span> <span class='ocrx_word' id='word_1_814' title='bbox 2799 5231 3000 5302; x_wconf 72' lang='lat' dir='ltr'>minus</span> <span class='ocrx_word' id='word_1_815' title='bbox 3034 5223 3351 5285; x_wconf 76' lang='lat' dir='ltr'>commode</span> <span class='ocrx_word' id='word_1_816' title='bbox 3381 5227 3440 5280; x_wconf 92' lang='lat' dir='ltr'>in</span> <span class='ocrx_word' id='word_1_817' title='bbox 3473 5223 3604 5278; x_wconf 87' lang='lat' dir='ltr'>aliis</span> 
     </span>
    </p>
   </div>
   <div class='ocr_carea' id='block_1_116' title="bbox 1957 5299 3083 5375">
    <p class='ocr_par' dir='ltr' id='par_1_116' title="bbox 1957 5299 3083 5375">
     <span class='ocr_line' id='line_1_116' title="bbox 1957 5299 3083 5375; baseline -0.006 -14"><span class='ocrx_word' id='word_1_818' title='bbox 1957 5310 2014 5360; x_wconf 89' lang='lat' dir='ltr'>et</span> <span class='ocrx_word' id='word_1_819' title='bbox 2039 5305 2097 5358; x_wconf 92' lang='lat' dir='ltr'>in</span> <span class='ocrx_word' id='word_1_820' title='bbox 2128 5302 2299 5375; x_wconf 83' lang='lat' dir='ltr'>editis</span> <span class='ocrx_word' id='word_1_821' title='bbox 2321 5299 2632 5371; x_wconf 76' lang='lat' dir='ltr'>legebatur</span> <span class='ocrx_word' id='word_1_822' title='bbox 2656 5304 2805 5375; x_wconf 62' lang='grc' dir='ltr'>Ιιαρᾲ</span> <span class='ocrx_word' id='word_1_823' title='bbox 2835 5299 2892 5354; x_wconf 72' lang='lat' dir='ltr'>r5“:</span> <span class='ocrx_word' id='word_1_824' title='bbox 2919 5303 3083 5375; x_wconf 67' lang='grc' dir='ltr'>ἡμῶν.</span> 
     </span>
    </p>
   </div>
   <div class='ocr_carea' id='block_1_117' title="bbox 2027 5370 3605 5442">
    <p class='ocr_par' dir='ltr' id='par_1_117' title="bbox 2027 5370 3605 5442">
     <span class='ocr_line' id='line_1_117' title="bbox 2027 5370 3605 5442; baseline -0.016 1"><span class='ocrx_word' id='word_1_825' title='bbox 2027 5376 2142 5442; x_wconf 75' lang='grc'>(97)</span> <span class='ocrx_word' id='word_1_826' title='bbox 2181 5372 2304 5426; x_wconf 77' lang='grc' dir='ltr'>Ἀείο</span> <span class='ocrx_word' id='word_1_827' title='bbox 2342 5370 2510 5429; x_wconf 85' lang='lat' dir='ltr'>Deest</span> <span class='ocrx_word' id='word_1_828' title='bbox 2535 5389 2605 5428; x_wconf 90' lang='lat' dir='ltr'>ea</span> <span class='ocrx_word' id='word_1_829' title='bbox 2632 5370 2750 5429; x_wconf 67' lang='lat' dir='ltr'>vox&#39;</span> <span class='ocrx_word' id='word_1_830' title='bbox 2792 5373 2853 5428; x_wconf 89' lang='lat' dir='ltr'>in</span> <span class='ocrx_word' id='word_1_831' title='bbox 2885 5370 3188 5438; x_wconf 72' lang='lat' dir='ltr'>Vaticano,</span> <span class='ocrx_word' id='word_1_832' title='bbox 3221 5370 3360 5436; x_wconf 83' lang='lat' dir='ltr'>Reg.</span> <span class='ocrx_word' id='word_1_833' title='bbox 3396 5378 3605 5420; x_wconf 85' lang='lat' dir='ltr'>secun-</span> 
     </span>
    </p>
   </div>
   <div class='ocr_carea' id='block_1_118' title="bbox 1955 5444 3322 5517">
    <p class='ocr_par' dir='ltr' id='par_1_118' title="bbox 1955 5444 3322 5517">
     <span class='ocr_line' id='line_1_118' title="bbox 1955 5444 3322 5517; baseline 0.008 -17"><span class='ocrx_word' id='word_1_834' title='bbox 1955 5445 2036 5501; x_wconf 92' lang='lat' dir='ltr'>do</span> <span class='ocrx_word' id='word_1_835' title='bbox 2063 5451 2119 5500; x_wconf 91' lang='lat' dir='ltr'>et</span> <span class='ocrx_word' id='word_1_836' title='bbox 2140 5444 2312 5500; x_wconf 90' lang='lat' dir='ltr'>Coisl.</span> <span class='ocrx_word' id='word_1_837' title='bbox 2347 5445 2636 5502; x_wconf 90' lang='lat' dir='ltr'>secundo.</span> <span class='ocrx_word' id='word_1_838' title='bbox 3039 5516 3043 5517; x_wconf 9' lang='lat'><em>7</em></span> <span class='ocrx_word' id='word_1_839' title='bbox 3178 5511 3218 5517; x_wconf 88' lang='lat'>__</span> 
     </span>
    </p>
   </div>
   <div class='ocr_carea' id='block_1_119' title="bbox 2028 5506 3601 5589">
    <p class='ocr_par' dir='ltr' id='par_1_119' title="bbox 2028 5506 3601 5589">
     <span class='ocr_line' id='line_1_119' title="bbox 2028 5506 3601 5589; baseline -0.008 -18"><span class='ocrx_word' id='word_1_840' title='bbox 2028 5521 2138 5586; x_wconf 88' lang='lat'>(98)</span> <span class='ocrx_word' id='word_1_841' title='bbox 2180 5519 2541 5589; x_wconf 79' lang='grc' dir='ltr'>Συντάγματα.</span> <span class='ocrx_word' id='word_1_842' title='bbox 2602 5519 2685 5571; x_wconf 90' lang='lat' dir='ltr'>lta</span> <span class='ocrx_word' id='word_1_843' title='bbox 2744 5531 2888 5569; x_wconf 86' lang='lat' dir='ltr'>mss.</span> <span class='ocrx_word' id='word_1_844' title='bbox 2957 5516 3110 5568; x_wconf 91' lang='lat' dir='ltr'>octo.</span> <span class='ocrx_word' id='word_1_845' title='bbox 3178 5506 3327 5563; x_wconf 82' lang='lat' dir='ltr'>Editi</span> <span class='ocrx_word' id='word_1_846' title='bbox 3395 5512 3601 5566; x_wconf 88' lang='grc' dir='ltr'>συστὴ-</span> 
     </span>
    </p>
   </div>
   <div class='ocr_carea' id='block_1_120' title="bbox 1954 5607 3601 5730">
    <p class='ocr_par' dir='ltr' id='par_1_120' title="bbox 1954 5607 3601 5730">
     <span class='ocr_line' id='line_1_120' title="bbox 1954 5607 3601 5730; baseline -0.005 -14"><span class='ocrx_word' id='word_1_847' title='bbox 1954 5607 2136 5730; x_wconf 63' lang='grc' dir='ltr'>μαῖθαέ)</span> <span class='ocrx_word' id='word_1_848' title='bbox 2168 5657 2400 5730; x_wconf 75' lang='grc' dir='ltr'>ἰ’μνους.</span> <span class='ocrx_word' id='word_1_849' title='bbox 2451 5661 2534 5714; x_wconf 86' lang='lat' dir='ltr'>lta</span> <span class='ocrx_word' id='word_1_850' title='bbox 2582 5659 2807 5714; x_wconf 81' lang='lat' dir='ltr'>veteres</span> <span class='ocrx_word' id='word_1_851' title='bbox 2846 5652 2979 5709; x_wconf 88' lang='lat' dir='ltr'>libri</span> <span class='ocrx_word' id='word_1_852' title='bbox 3009 5665 3252 5708; x_wconf 89' lang='lat' dir='ltr'>summo</span> <span class='ocrx_word' id='word_1_853' title='bbox 3277 5666 3601 5710; x_wconf 88' lang='lat' dir='ltr'>consensu.</span> 
     </span>
    </p>
   </div>
  </div>
