4100 6214
277 282 380 341 765
1245 283 1736 342 EPISTOIARUM
1773 249 2055 344 CLASSIS
2094 285 2162 342 ll.
2203 286 2419 344 EPIST.
2459 288 2684 345 CCVIII.
3538 299 3644 358 766

280 404 314 460 ὃ
319 408 656 474 traditi-150:;
687 409 972 481 Γρηγὸριος
1004 407 1062 460 οὗ
1087 409 1496 462 κατεκαλύπτετο
1527 409 1611 462 ἐπὶ
1631 417 1730 462 τῶν
1761 427 1884 482 προ-

2003 409 2182 464 vastis
2203 410 2231 464 ‘?
2252 412 2569 481 Gregorius
2601 428 2724 468 non
2755 413 3139 487 operiebatur
3160 417 3212 489 3
3229 419 3270 488 ι
3285 418 3337 489 2
3366 417 3428 475 in
3455 421 3619 493 preci

280 504 515 568 σευχῶν.
548 503 662 558 Πῶς
688 498 824 572 γάρ;
851 499 875 550 ό
904 516 960 568 γε
991 505 1082 550 τοῦ
1115 496 1438 551 Ἀποστόλου
1467 503 1686 569 γνήσιος
1717 499 1886 569 μαθη-

278 590 369 646 τὴς
394 593 488 638 τοῦ
513 585 782 648 εἰπόντος’
823 592 927 647 Πᾶς
971 584 1100 659 ἀνὴρ
1152 591 1569 661 προσευχόμενος
1610 588 1638 646 ἡ
1686 607 1886 659 προφη’

277 678 441 727 τεύων
492 677 631 728 κατὰ
673 675 895 748 κεφαλῆς
940 679 1076 748 ἔχων
1129 679 1479 748 καταισχύνει
1529 680 1622 734 τὴν
1663 675 1884 748 κεςαλὴν

277 765 441 818 αὑτοῦ
468 786 481 798 ·
525 763 636 833 καὶ,
683 764 840 836 Ἀνὴρ
871 769 960 836 μὲν
1014 765 1108 817 οὐκ
1153 765 1339 838 ὀφείλει
1387 764 1885 817 κατακαλύπτεσθαι

279 858 375 912 τὴν
406 853 632 927 κεφαλὴν
662 852 825 905 αὐτοῦ
847 857 944 922 (7),
976 853 1124 906 εἰκὼν
1153 859 1243 906 καὶ
1271 849 1403 917 δόξα
1439 860 1572 906 Θεοῦ
1600 855 1880 926 ὑπάρχων.

277 942 504 1015 ’Ἐφευγε
532 945 646 1003 τοὺς
666 943 853 1016 ὅρκους
879 943 907 1000 ἡ
934 944 1139 1016 καθαρὰ
1172 941 1337 1000 ἐκείνη
1385 941 1564 1014 ψυχὴ,
1616 947 1706 994 καὶ
1763 941 1886 1004 ἀξία

280 1039 378 1094 τῆς
417 1038 511 1084 τοῦ
539 1031 692 1103 ἁγίου
720 1034 1011 1103 Πνεύματος
1036 1037 1325 1099 κοινωνίας,
1367 1030 1656 1105 ἁρκουμένη
1688 1039 1760 1102 τῷ
1798 1035 1884 1082 ναὶ

278 1127 368 1174 καὶ
395 1129 468 1192 τῷ
499 1121 582 1186 οὗ,
610 1117 704 1173 διὰ
726 1125 785 1173 τὸ
811 1125 1129 1195 πρόσταγμα
1158 1128 1250 1174 τοῦ
1277 1126 1470 1198 Κυρίου
1503 1129 1594 1173 τοῦ
1625 1121 1848 1181 εἰπόντος
1867 1141 1879 1153 ·

279 1210 416 1281 Ἐγὼ
450 1206 509 1262 δὲ
534 1209 667 1280 λέγω
697 1211 820 1281 ὑμῖν
849 1214 920 1281 μὴ
955 1208 1146 1281 ὀμόσαι
1173 1209 1319 1271 ὄλῶς.
1373 1210 1482 1261 Οὔκ
1527 1209 1764 1280 ἠνείχετο
1806 1209 1881 1260 εἱ-

276 1305 395 1351 πεὶν
427 1302 515 1350 τόν
551 1298 736 1351 ἑαυτοῦ
769 1294 986 1370 ἀδελφόν
1031 1302 1204 1374 μωρόν
1246 1298 1434 1360 ἐκεῖνος
1460 1319 1471 1331 ·
1513 1297 1743 1370 ἐφοϐεῖτο
1779 1300 1881 1370 γὰρ

276 1392 374 1444 τήν
403 1386 623 1445 ἀπειλὴν
653 1395 742 1439 τοῦ
775 1391 967 1460 Κυρίου
1120 1391 1296 1459 Θυμὸς
1316 1393 1405 1439 καὶ
1427 1387 1554 1459 ὀργὴ
1579 1392 1668 1438 καὶ
1697 1391 1885 1460 πικρία

277 1475 341 1528 ἐκ
379 1483 474 1527 τοῦ
525 1481 784 1547 στόματος
824 1474 1014 1528 ἐκείνου
1065 1475 1159 1527 οὐκ
1203 1475 1549 1548 ἐξεπορεύετο.
1597 1471 1882 1549 Λοιδορίαν

281 1564 456 1635 ἐμίσει
484 1567 552 1626 ὡς
585 1564 651 1625 εἰς
678 1563 952 1637 βασιλείαν
983 1565 1210 1638 οὐρανῶν
1242 1565 1335 1617 οὐκ
1361 1564 1699 1635 εἰσάγουσαν.
1749 1567 1883 1617 Φθό-

279 1673 368 1709 vo:
393 1658 484 1706 καὶ
515 1654 866 1728 ὑπερηφάνεια
891 1662 986 1715 τῆς
1015 1649 1211 1705 ἀδόλου
1241 1653 1428 1724 ψυχῆς
1455 1652 1654 1714 ἐκείνης
1698 1651 1886 1710 ἀπελη-

1995 496 2132 552 bus.
2168 499 2483 564 Quomodo
2509 502 2668 558 enim
2689 503 2717 556 ἱ)
2737 503 2842 575 qui
2872 520 3050 560 verus
3083 512 3210 562 erat
3236 508 3503 579 Apostoli
3526 509 3643 565 dis-

1997 586 2230 659 cipulus
2259 587 2544 646 dicentis:
2582 591 2783 646 Omnis
2808 593 2899 648 vir
2930 609 3111 650 orans
3142 601 3249 651 aut
3271 597 3645 667 prophetam

1996 677 2191 732 velato
2216 681 2429 747 capite,
2455 679 2741 750 deturpat
2773 688 2951 750 caput
2983 699 3158 739 suum
3184 686 3252 752 9³,
3287 691 3344 741 et
3381 687 3485 742 Vir
3517 689 3645 761 qui-

1994 766 2127 822 dem
2155 782 2272 822 non
2305 767 2472 823 debet
2496 771 2697 824 vetare
2722 776 2896 839 caput
2933 787 3128 842 suum,
3170 789 3304 830 cum
3347 777 3424 831 sit
3449 777 3643 848 imago

1995 859 2048 911 et
2071 855 2272 925 gloria
2300 857 2412 911 Dei
2437 857 2505 909 οι.
2538 857 2886 912 Juramenta
2916 857 3185 928 fugiebat
3213 877 3368 932 pura
3396 862 3497 918 illa
3518 865 3642 921 ani-

1995 959 2116 1009 ma,
2133 948 2188 999 et
2213 943 2399 1012 digna
2422 944 2673 1017 Spiritus
2700 946 2890 1001 sancti
2913 948 3234 1016 consortio,
3251 955 3529 1008 contenta
3548 953 3644 1008 his

1993 1032 2283 1088 vocibus:
2312 1035 2403 1089 Ita
2436 1038 2492 1088 et
2517 1035 2672 1101 Non,
2708 1041 2955 1108 propter
2980 1041 3344 1108 praeceptum
3385 1040 3642 1110 Domini,

1994 1123 2099 1194 qui
2125 1122 2310 1178 dixit:
2345 1125 2424 1178 At
2446 1139 2551 1195 ego
2575 1124 2705 1179 diro
2740 1125 2921 1195 vobis,
2954 1141 3028 1180 ne
3046 1128 3270 1196 juretis
3301 1129 3542 1184 omnino
3573 1130 3642 1183 9⁸.

1993 1213 2122 1267 Non
2162 1212 2425 1268 audebat
2473 1213 2569 1268 ille
2613 1213 2856 1269 fratrem
2892 1230 3072 1270 suum
3113 1215 3346 1271 fatuum
3385 1216 3648 1289 appella-

1992 1313 2056 1352 re
2078 1300 2125 1334 9⁸
2151 1315 2163 1362 ;
2193 1299 2510 1354 verebatur
2527 1300 2686 1355 enim
2712 1302 3246 1358 comminationem
3269 1303 3523 1360 Domini.
3555 1308 3646 1360 ln-

1993 1386 2263 1456 dignatio
2295 1394 2351 1443 et
2381 1388 2467 1443 ira
2489 1393 2545 1444 et
2567 1389 2862 1445 acerbitas
2894 1406 2964 1444 ex
2993 1390 3152 1446 illius
3178 1407 3279 1447 ore
3317 1408 3439 1448 non
3467 1394 3645 1465 proﬁ—

1994 1476 2388 1532 ciscebantur.
2414 1479 2532 1532 Con
2545 1477 2755 1533 vicium
2779 1478 2915 1533 odio
2933 1478 3213 1544 habebat,
3231 1480 3367 1536 utin
3389 1497 3646 1549 regnum

1994 1565 2284 1621 caelorum
2305 1582 2428 1622 non
2453 1568 2808 1638 perducens.
2832 1567 3063 1623 Invidia
3096 1573 3153 1624 et
3191 1570 3538 1640 arrogantia
3565 1571 3644 1626 ab

1993 1655 2094 1710 illa
2123 1655 2243 1710 doli
2267 1662 2507 1726 experte
2539 1655 2746 1710 anima
2777 1655 3174 1712 facessebant.
3205 1660 3333 1714 Non
3360 1659 3643 1716 accessis-

277 1741 430 1796 λατο.
456 1743 568 1794 Οὐκ
589 1742 648 1794 ἂν
674 1747 905 1815 παρέστη
948 1751 1019 1814 τῷ
1057 1744 1445 1816 θυσιαστηρίῳ,
1479 1747 1600 1818 πρὶν
1631 1741 1884 1794 καταλλα-

2003 1746 2084 1796 set
2103 1741 2181 1798 ad
2212 1741 2420 1809 altare,
2449 1747 2774 1814 antequam
2791 1742 3270 1800 reconciliaretur
3292 1743 3474 1800 fratri.
3493 1747 3644 1800 Men-

279 1842 439 1908 γῆναι
480 1843 555 1905 τῷ
583 1831 806 1906 ἀδελφῷ.
843 1831 1017 1894 Ψευδῆ
1050 1835 1200 1905 λόγον
1238 1839 1327 1886 καὶ
1357 1837 1595 1905 τεχνικὸν
1643 1832 1726 1885 ἐπὶ
1772 1828 1886 1886 δια-

282 1923 411 1996 ϐολῇ
438 1943 591 1976 τινων
611 1928 1047 1998 μεμηχανημένον
1069 1925 1232 1986 οὕτως
1255 1919 1606 1986 ἐϐδελύττετο,
1623 1925 1686 1983 ὡς
1708 1919 1883 1992 εἰδὼς,

282 2015 366 2066 ότι
406 2017 462 2065 τό
491 2009 682 2083 ψεῦδος
709 2011 761 2064 ἐκ
790 2020 882 2064 τοῦ
933 2008 1178 2064 διαϐόλου
1209 2016 1500 2083 γεγένηταὶ,
1537 2017 1627 2063 καὶ
1674 2014 1755 2064 ὅτι
1787 2014 1888 2063 Κύ-

281 2122 397 2177 ριος
424 2101 605 2154 ἀπολεῖ
634 2104 832 2164 πάντας
859 2105 982 2163 τοὺς
1005 2101 1281 2161 λαλοῦντας
1311 2103 1370 2152 τὸ
1421 2096 1640 2171 ψεῦδος.
1679 2103 1885 2152 Τούτων

286 2193 330 2246 εἰ
356 2188 526 2265 μηδὲν
560 2190 698 2242 ἐστιν
741 2189 788 2242 ἐν
819 2190 962 2262 ὑμῖν,
995 2189 1120 2241 ἀλλὰ
1167 2192 1475 2262 καθαρευετε
1526 2191 1724 2242 πάντων
1752 2210 1764 2222 ·
1815 2196 1885 2259 τῷ

285 2285 400 2333 ὄντι
439 2279 555 2332 ἐστὶ
584 2280 817 2352 μαθηταὶ
869 2286 961 2331 τοῦ
991 2281 1230 2350 μαθητοῦ
1267 2287 1367 2330 τῶν
1412 2278 1620 2330 ἐντολῶν
1663 2285 1754 2330 τοῦ
1789 2285 1887 2330 Κυ-

282 2376 427 2450 ρίου.
477 2369 536 2422 Εἰ
583 2364 640 2421 δὲ
680 2373 778 2442 μὴ,
811 2375 1063 2440 σχοπείτε
1101 2373 1171 2442 μὴ
1215 2371 1300 2418 τόν
1345 2373 1566 2420 κώνωπα
1606 2363 1882 2436 δῖυλίζετε,

282 2464 408 2535 περὶ
435 2461 526 2530 μὲν
555 2460 697 2530 ἤχου
721 2465 891 2530 φωνῆς
917 2464 1008 2508 τοῦ
1046 2459 1182 2508 κατὰ
1220 2459 1314 2517 τὰς
1339 2452 1653 2530 ψαλμῳὸίας
1678 2455 1888 2530 ἀκριϐο-

282 2547 614 2622 λογούμενοι,
646 2550 737 2608 τὰς
783 2543 839 2598 δὲ
867 2550 1118 2619 μεγίστας
1145 2554 1244 2597 τῶν
1284 2544 1494 2598 ἐντολῶν
1523 2545 1884 2620 παραλύοντες.

283 2638 384 2699 Εἰς
411 2639 622 2696 τούτους
645 2655 708 2710 με
739 2639 861 2697 τοὺς
888 2634 1074 2706 λόγους
1114 2639 1307 2706 ἤγαγεν
1339 2637 1368 2692 ἡ
1405 2634 1600 2706 ἀνάγκη
1636 2642 1726 2694 τῆς
1752 2632 1889 2686 ἀπο-

281 2727 488 2797 λογίας,
522 2726 606 2776 ἱνα
637 2720 941 2796 διδαχθῆτε
973 2722 1229 2776 ἐκϐάλλειν
1259 2727 1352 2781 τὴν
1393 2720 1547 2775 δοκόν
1578 2731 1676 2774 τῶν
1701 2722 1887 2795 ὀφθαλ-

281 2824 402 2888 μῶν
462 2815 626 2886 ὑμῶν,
655 2812 740 2864 καὶ
760 2817 875 2865 τότε
902 2812 1121 2886 ἐξαίρειν
1146 2815 1212 2864 τὰ
1240 2811 1482 2885 ἀλλότρια
1514 2814 1710 2884 κάρφη.
1748 2811 1886 2871 Πλὴν

281 2905 421 2958 ἀλλὰ
447 2907 614 2956 πάντα
648 2911 1050 2976 συγχωροῦμεν,
1079 2903 1121 2954 εἰ
1149 2907 1238 2954 καὶ
1260 2903 1339 2954 ὅτι
1371 2899 1523 2954 οὐδὲν
1556 2901 1887 2964 ἀνεξέταστον

282 2997 437 3054 παρὰ
460 3002 532 3063 τῷ
561 3001 695 3062 Θεῷ.
728 2998 896 3044 Μόνον
920 2991 1164 3066 ἑῤῥώσθω
1190 2994 1254 3044 τὰ
1283 2994 1668 3065 προηγούμενα,
1685 2996 1774 3043 καὶ
1800 2993 1888 3051 τὰς

1995 1830 2206 1886 dacem
2240 1846 2581 1885 sermonem
2619 1835 2676 1886 et
2713 1829 3030 1888 artiﬁciose
3059 1831 3139 1887 ad
3183 1831 3522 1905 aliquorum
3551 1849 3646 1888 ca-

1993 1918 2290 1975 lumniam
2312 1919 2665 1974 instructum
2697 1919 2782 1974 ita
2811 1919 3301 1987 abominabatur,
3323 1926 3387 1977 ut
3407 1920 3512 1994 qui
3534 1921 3644 1976 sci-

1994 2013 2082 2064 ret
2112 2007 2496 2062 mendacium
2522 2023 2590 2062 ex
2613 2007 2858 2064 diabolo
2889 2013 3084 2065 ortum
3109 2025 3266 2077 esse,
3289 2010 3643 2066 Dominum-

1994 2114 2113 2170 que
2139 2113 2240 2152 eos
2259 2113 2472 2152 omnes
2489 2097 2591 2169 qui
2614 2096 3364 2171 mendaciumloquuntur,
3383 2099 3641 2172 perditu-

1993 2204 2128 2243 rum
2154 2189 2220 2242 97.
2242 2191 2457 2244 Horum
2489 2187 2536 2242 si
2563 2187 2710 2243 nihil
2725 2187 2785 2242 in
2806 2187 2979 2244 vobis
2999 2187 3228 2259 est,sed
3249 2191 3384 2262 puri
3404 2189 3545 2246 estis
3565 2189 3644 2246 ab

1995 2277 2311 2344 omnibus;
2335 2293 2470 2332 vere
2490 2276 2768 2349 discipuli
2782 2277 2919 2332 estis
2932 2278 2983 2350 ej
2994 2278 3194 2352 us,qui
3216 2278 3643 2336 mandatorum

1998 2367 2234 2423 Domini
2267 2364 2601 2438 discipulus
2624 2365 2754 2422 fuit.
2788 2366 2887 2422 Sin
2910 2367 3132 2435 minus,
3155 2366 3349 2424 videte
3383 2383 3459 2424 ne
3502 2369 3646 2426 culi-

1995 2472 2127 2513 cem
2153 2455 2379 2524 coletis,
2411 2455 2484 2510 de
2511 2455 2676 2511 vocis
2717 2455 2965 2528 quidem
2997 2471 3148 2512 sono
3175 2457 3238 2512 in
3267 2457 3645 2531 psalmorum

1995 2550 2178 2600 cantu
2199 2542 2521 2612 litigantes,
2547 2543 2837 2599 mandata
2857 2558 2998 2598 vero
3019 2543 3291 2599 maxima
3310 2543 3645 2600 dissolven-

1997 2638 2101 2689 tes.
2135 2632 2221 2687 Ad
2243 2633 2354 2688 hos
2376 2649 2472 2688 me
2496 2647 2809 2687 sermones
2827 2631 3419 2690 adduxitnecessitas
3444 2648 3646 2689 causae

1994 2720 2414 2789 defendendae,
2448 2727 2511 2776 ut
2536 2720 2784 2776 discatis
2813 2719 3043 2776 trabem
3078 2736 3150 2776 ex
3195 2720 3384 2777 oculis
3436 2721 3647 2778 vestris

1995 2810 2232 2881 ejicere,
2261 2816 2319 2866 et
2345 2810 2428 2866 ita
2457 2809 2706 2865 demum
2735 2809 3001 2864 festucas
3033 2809 3260 2866 alienas
3313 2809 3642 2866 extrahere.

1997 2903 2420 2954 Verumtamen
2433 2899 2641 2955 omnia
2657 2897 3098 2965 condonamus;
3118 2913 3474 2970 quanquam
3499 2896 3645 2952 nihil

1996 2994 2086 3044 est
2111 2988 2277 3061 quod
2301 3004 2422 3044 non
2451 2991 2849 3060 perscrutatur
2869 2987 3180 3043 Dominus.
3198 2985 3644 3041 Tantummodo

281 3087 412 3157 περὶ
455 3087 546 3140 τὴν
577 3085 756 3138 πίστιν
785 3085 1123 3154 καινοτομίας
1163 3083 1579 3153 κατασιγάσατε,
1619 3083 1719 3141 Τὰς
1758 3081 1885 3132 ὑπο-

2003 3094 2148 3134 sana
2179 3077 2298 3133 sint
2326 3093 2460 3150 quae
2511 3081 2649 3132 sunt
2695 3076 3022 3149 praecipua,
3061 3079 3118 3130 et
3162 3073 3457 3131 novitates
3486 3073 3646 3130 circa

286 3173 506 3232 στάσεις
543 3176 614 3244 μὴ
649 3169 894 3226 ἀθετεῖτε.
923 3173 992 3223 Τό
1039 3174 1200 3243 ὄνομα
1235 3176 1325 3224 τοῦ
1370 3177 1604 3244 Χριστοῦ
1638 3175 1709 3242 μὴ
1757 3168 1888 3223 ἀπα-

284 3264 517 3335 ρνεῖσθι.
537 3262 642 3322 Τὰς
683 3267 774 3312 τοῦ
822 3265 1110 3334 Γρηγορίου
1144 3264 1311 3331 φωνὰς
1355 3264 1426 3331 μὴ
1485 3259 1886 3333 παρεξτγεῖσϐι.

287 3349 358 3404 Εἰ
384 3346 440 3401 δί
465 3354 558 3420 μὴ,
591 3349 686 3410 ἕως
714 3347 774 3399 ἂν
801 3347 1090 3420 ἱμπνίωμεν
1112 3353 1202 3400 καὶ
1233 3343 1508 3419 δυνώμεθα
1547 3349 1883 3419 φθέγγεσθαι,

292 3437 570 3509 ἀμήχανον
598 3439 738 3498 ἡμᾶς
766 3435 850 3489 ἐπὶ
872 3439 1102 3510 τοσαύτη
1129 3435 1264 3510 λύμῃ
1299 3435 1491 3508 ψυχῶν
1525 3443 1746 3508 σιωπᾴν.

846 3708 1183 3757 ΕΠΙΣΤΟΛΠ
1215 3701 1327 3756 Σ11’.

1996 3167 2177 3223 ﬁdem
2203 3167 2585 3238 compescite.
2614 3168 2976 3238 Hypostases
2997 3180 3071 3220 ne
3098 3163 3390 3220 avertatis.
3417 3165 3645 3220 Nomen

1999 3256 2208 3312 Christi
2235 3271 2310 3311 ne
2340 3253 2671 3324 abnegetis.
2696 3253 2958 3324 Gregorii
2982 3251 3168 3309 verba
3192 3268 3266 3308 ne
3297 3251 3448 3308 falso
3472 3250 3645 3306 inter-

1997 3337 2342 3420 pretetnini:
2368 3343 2646 3417 Alioquin
2672 3343 2818 3399 dum
2847 3342 3306 3414 respirabimus,
3333 3339 3647 3413 loquendi-

1997 3449 2115 3508 que
2143 3435 2250 3490 erit
2273 3432 2549 3496 facultas,
2580 3431 2708 3488 ﬁeri
2745 3446 2868 3488 non
2897 3431 3117 3505 poterit
3135 3434 3198 3488 ut
3218 3430 3280 3487 in
3319 3433 3492 3487 tanta
3516 3427 3645 3486 ani-

1997 3540 2238 3581 marum
2271 3522 2532 3595 pernicie
2563 3521 2868 3577 sileamus.

2504 3695 2753 3754 EPISTO
2763 3697 2849 3752 LA
2887 3695 3136 3752 CCVlll'.

280 3873 654 3930 Eutancium
687 3879 863 3945 rogat
889 3887 962 3929 ne
989 3887 1050 3930 se
1075 3872 1636 3928 Neocwsariensium
1673 3885 1855 3926 causa
1885 3870 2095 3939 oderit,
2129 3868 2231 3940 qui
2257 3867 2399 3924 olim
2441 3871 2693 3937 propter
2736 3881 2797 3923 se
2830 3865 2907 3922 ab
2936 3866 3076 3922 aliis
3118 3864 3252 3921 odio
3292 3863 3646 3920 habebatur.

898 3996 1168 4068 Εὗλαγκίῳ
1196 3996 1293 4067 (9

363 4126 577 4197 Μακρὸν
607 4120 984 4182 ἀπεσιώπησας
1007 4125 1220 4194 χρόνον,
1255 4126 1342 4173 καὶ
1381 4127 1544 4172 ταῦτα
1588 4118 1892 4178 λαλίστατος

290 4213 384 4274 ὢν,
414 4216 503 4263 καὶ
544 4211 759 4283 μελέτην
791 4219 942 4263 τοῦτο
972 4217 1062 4263 καὶ
1106 4215 1300 4281 τέχνην
1329 4210 1702 4281 ποιησάμενος,
1733 4207 1812 4259 ἀεί
1841 4227 1894 4258 τι

287 4302 459 4355 ὶοιλεῖν
489 4307 605 4369 (ιο)
628 4305 719 4354 καὶ
746 4306 964 4354 σεαυτὸν
994 4299 1258 4354 διικνύναί
1285 4296 1378 4353 διὰ
1414 4308 1513 4352 τῶν
1539 4299 1726 4370 λόγων.
1760 4296 1892 4349 Ἀλλ’

2689 3991 3008 4047 Eulancio.

2076 4115 2183 4170 Diu
2210 4114 2463 4183 tacuisti,
2480 4114 2660 4187 idque
2681 4130 2820 4170 cum
2849 4115 2934 4170 sis
2955 4113 3444 4187 loquacissimus,
3467 4116 3649 4184 atque

2002 4205 2116 4261 hoc
2149 4204 2584 4260 exercitationis
2616 4205 2882 4278 artisque
2909 4203 3044 4261 loco
3068 4203 3376 4271 habueris,
3413 4217 3652 4273 semper

2003 4294 2233 4368 aliquid
2261 4293 2450 4366 loqui,
2482 4301 2540 4351 et
2567 4295 2830 4368 teipsum
2881 4293 3138 4351 dicendo
3167 4292 3500 4350 ostendere.
3533 4289 3648 4347 Sed

369 4499 420 4534 ’³
458 4502 477 4555 1
506 4501 641 4560 Cor.
663 4517 741 4568 χι,
765 4502 819 4557 4.
895 4501 944 4535 ’⁸
973 4499 1118 4556 ibid.
1150 4506 1206 4556 7.
1282 4501 1330 4536 9⁸
1351 4499 1550 4557 Matth.
1578 4516 1633 4570 ν,
1661 4505 1750 4557 35.
1826 4501 1874 4535 ³⁸

2003 4497 2050 4554 1.
2076 4501 2164 4554 2‘2.
2241 4499 2286 4533 9'
2316 4494 2475 4552 Psal.
2504 4512 2560 4562 ν,
2585 4499 2640 4549 7.

295 4696 473 4769 cessa
500 4693 558 4769 in
601 4700 936 4769 martyrum
979 4695 1268 4769 Memor-iis
1299 4695 1502 4758 fuisse,
1545 4700 1607 4750 ut
1649 4711 1882 4769 eorum,
1926 4672 1972 4724 D
2005 4692 2161 4750 Harl.
2196 4693 2363 4769 deest
2390 4693 2623 4747 tantum
2654 4685 3011 4769 illud‘adroﬁ.
3037 4681 3285 4764 Videtur
3315 4681 3473 4769 hanc
3502 4683 3651 4769 {leo-

293 4764 403 4846 qui
433 4782 471 4846 ᾳ
491 4764 950 4846 simulacrorum
979 4767 1138 4846 cultu
1170 4774 1434 4822 recentes
1465 4772 1764 4846 venerant,
1803 4767 1887 4820 in-

294 4836 561 4910 firmitati
595 4839 969 4910 consuleret;
1003 4839 1107 4892 sed
1133 4854 1204 4892 ea
1252 4840 1535 4908 temporis
1567 4854 1885 4910 progressu

295 4905 356 4961 in
390 4908 757 4980 spiritunlein
786 4909 1051 4964 laetitiam
1085 4926 1305 4974 magna
1336 4905 1407 4964 ei;
1447 4905 1614 4980 parte
1645 4924 1886 4962 conver-

298 4994 390 5051 sa,
433 4980 538 5035 Vit.
571 4981 773 5049 Greg.,
807 4997 862 5051 p.
910 4983 1056 5047 57-1.,
1101 4986 1151 5035 2.
1209 4984 1408 5051 Neque
1451 4980 1630 5034 etiam
1684 4994 1888 5051 secum

297 5048 424 5118 ipse
451 5056 678 5119 pugnat
699 5048 1128 5112 Basilius-mum
1152 5048 1662 5107 Neocéesarienses
1684 5048 1894 5104 laudat

296 5119 355 5174 in
391 5120 545 5175 libro
579 5124 660 5177 De
696 5122 929 5188 Spiritu
955 5131 1183 5179 sancto.
1224 5121 1388 5193 quod
1435 5121 1693 5191 Gregorii
1727 5121 1892 5174 insti-

297 5193 801 5271 tuta_arctissime
847 5200 1124 5271 teneant,_
1153 5193 1512 5271 hic____autem
1581 5193 1872 5271 vituperat

295 5261 459 5331 quod
487 5278 557 5317 ea
577 5266 827 5318 omnino
855 5264 1214 5335 reliquerint.
1244 5263 1358 5319 Illic
1381 5264 1538 5317 enim
1565 5261 1796 5333 respicit
1816 5277 1849 5315 a

295 5335 595 5388 exteriora
623 5336 909 5394 instituta.
941 5336 1036 5390 hic
1063 5342 1260 5389 autem
1288 5335 1364 5390 ad
1391 5335 1669 5388 virtutum
1695 5349 1893 5386 exem-

298 5401 419 5478 pla.
439 5406 704 5478 convicii
732 5412 788 5460 et
811 5405 1131 5478 iracundiae
1164 5406 1393 5476 fugam,
1417 5404 1624 5461 odium
1651 5403 1895 5474 jurisju-

297 5475 474 5529 randi
506 5483 563 5530 et
594 5477 917 5534 mendacii.

370 5550 450 5624 (7)
481 5552 586 5605 Τὴν
639 5549 864 5624 κεφαλὴν
915 5547 1096 5624 αεὶ-του.
1156 5546 1554 5624 Desu_nt__btec
1597 5544 1785 5624 verba
1832 5544 1894 5624 in

299 5617 572 5690 Quinque
599 5617 902 5676 veteribus
929 5618 1115 5676 libris.
1163 5619 1228 5674 in
1276 5617 1548 5674 Medicaeo
1589 5621 1792 5674 autem
1839 5619 1896 5671 et

2005 4765 2455 4820 casariensium
2487 4757 2986 4834 consuetudinem
3017 4756 3223 4834 animo
3254 4753 3470 4834 intueri
3502 4754 3656 4834 Basi-

2006 4836 2283 4895 lius.cum
2309 4834 2506 4887 statuit
2529 4833 2584 4886 in
2603 4829 2824 4892 Regula
2845 4827 3056 4882 morali
3076 4831 3482 4896 56,cap.7,nec
3495 4827 3657 4896 viros

2005 4913 2160 4962 tecto
2185 4904 2395 4976 capite,
2419 4919 2530 4956 nec
2554 4899 2831 4976 mulieres
2846 4899 3110 4976 detecto,
3152 4895 3382 4976 precari
3414 4895 3650 4951 debere.

2077 4982 2153 5040 t8)
2182 4968 2284 5028 Τοῦ
2320 4978 2531 5046 Κυρίου.
2566 4970 2719 5046 Harl.
2755 4974 2810 5046 et
2842 4968 2988 5046 Med.
3021 4975 3112 5046 τοῦ
3144 4975 3358 5046 asoti.“
3420 5036 3435 5046 .
3535 5034 3550 5046 .

2080 5036 2155 5116 (9)
2191 5036 2478 5115 Εὐλαγκῖῳ.
2512 5041 2749 5116 Addunt
2773 5038 3284 5116 Coisl._primus_et
3314 5036 3652 5106 Hedytium

2005 5109 2366 5188 προσηγορία,
2395 5109 2588 5188 amica
2612 5113 2922 5188 salutatio,
2950 5109 3108 5188 _Harl.
3149 5109 3440 5188 Ιξῇλακκιῶ.
3472 5178 3509 5188 ﬁ
3587 5175 3597 5185 .

2045 5175 2321 5245 ἽΙΟΫᾹεί
2343 5206 2394 5236 τι
2420 5186 2606 5238 λαλεῖν.
2643 5181 2817 5237 Coisl.
2870 5182 3125 5253 primus.
3172 5181 3324 5235 Harl.
3366 5175 3425 5253 et
3472 5175 3651 5230 Paris.

2007 5259 2107 5319 ἀεί,
2129 5263 2184 5311 τὸ
2212 5258 2396 5322 λαλεῖν,
2434 5257 2543 5312 hoc
2573 5250 3022 5326 exercitationis
3051 5253 3327 5326 artisque
3357 5250 3481 5326 loco
3507 5262 3656 5300 sem-

2001 5346 2116 5402 per
2147 5319 2449 5402 habueris,
2485 5328 2649 5402 loqui
2677 5331 2820 5402 et_c.,
2846 5324 2903 5378 id
2952 5319 3330 5402 est,.d_icendi
3362 5319 3469 5371 arti
3502 5332 3657 5397 sem-

2007 5393 2113 5476 per
2140 5393 2454 5476 studueris.
2493 5393 2778 5476 Quamvis
2808 5395 2933 5449 haec
2967 5393 3260 5476 scriptura
3299 5403 3418 5476 nqn
3461 5393 3656 5476 omni:

2007 5457 2087 5528 ho
2137 5471 2472 5544 displiceat,
2503 5457 2711 5541 potior
2755 5471 2952 5522 tamen
3003 5457 3233 5517 videtur
3277 5457 3546 5527 vulgata,
3583 5461 3658 5544 et

2077 5613 2096 5633 '
2121 5611 2280 5669 Alias
2310 5611 2619 5668 CCLXXXI.
2656 5605 2888 5677 Scripta
2913 5615 3074 5661 anno
3105 5603 3227 5656 375.
3461 5543 3658 5600 mag“
