4100 6214
536 315 639 367 ’767
1916 311 1971 366 8.
2012 310 2167 367 BASI

2298 312 2514 367 MAGNI
3752 321 3831 375 768

534 436 771 492 videtur
804 438 1188 490 Ncoczesarea
1218 433 1302 489 tui
1332 448 1475 502 erga
1499 448 1596 488 me
1624 431 1839 488 silentii
1878 448 2010 488 esse
2040 448 2171 487 cau-

2304 435 2461 485 ἕοικεν
2492 435 2520 490 ἡ
2564 434 2947 505 Νεοκαισάρεια
2991 433 3138 486 αἰτία
3177 434 3303 487 εἶναι
3345 454 3427 487 σοι
3463 444 3553 498 τῆς
3594 441 3703 511 πρὸς
3732 442 3837 513 ἡμᾶς

536 541 621 581 sa.
646 529 727 580 Ac
758 526 817 579 in
848 524 1124 580 beneﬁcii
1154 523 1404 596 quidem
1430 522 1563 579 loco
1585 523 1865 578 videmur
1893 523 2185 594 accipere,

535 613 703 686 quod
727 614 831 686 qui
861 613 977 668 illic
1006 618 1143 668 sunt
1167 612 1355 668 nostri
1376 628 1499 668 non
1548 612 1930 669 meminerint
1958 629 1969 666 :
2008 612 2190 685 siqui-

534 701 675 757 dem
703 718 823 758 non
856 702 1210 769 honoriﬁca,
1242 706 1307 756 ut
1326 701 1587 757 referunt
1617 701 1719 773 qui
1754 701 2091 766 audierunt,
2113 701 2188 756 de

533 792 711 847 nobis
742 792 987 847 mentio.
1014 792 1128 847 Sed
1150 796 1213 847 tu
1242 790 1387 846 olim
1437 807 1567 846 eras
1615 806 1688 846 ex
1728 791 1800 845 iis
1840 790 1943 863 qui
1983 796 2188 847 nostra

535 898 724 937 causa
744 881 883 937 odio
914 880 1316 947 habebantur,
1342 895 1464 935 non
1487 880 1651 936 exiis
1683 879 1788 952 qui
1820 896 1916 935 me
1944 884 2188 952 propter

535 971 685 1026 alios
715 970 914 1026 odisse
957 969 1158 1025 velint.
1215 974 1417 1042 itaque
1447 970 1607 1025 idem
1651 970 1771 1037 sis,
1819 974 1876 1026 et
1919 969 2187 1025 scribens

532 1059 879 1130 ubicunque
912 1059 1107 1121 fueris,
1138 1063 1193 1114 et
1223 1060 1431 1123 nostri,
1464 1062 1525 1114 ut
1550 1075 1662 1130 par
1687 1063 1794 1123 est,
1844 1074 2094 1126 memor,
2138 1058 2187 1113 si

532 1162 654 1219 qua
683 1146 785 1201 tibi
818 1147 1119 1218 aequitatis
1145 1162 1307 1202 cura.
1342 1147 1608 1219 {Equum
1639 1150 1729 1201 est
1752 1146 1908 1200 enim
1943 1146 2055 1211 his,
2082 1146 2186 1219 qui

532 1234 760 1307 priores
792 1240 1093 1303 amarunt,
1130 1251 1335 1306 parem
1367 1250 1636 1290 amorem
1670 1233 2020 1306 rependere.

961 1334 1136 1404 313
1168 1334 1501 1389 EPISTOLA
1542 1333 1751 1389 CCIX'.

2304 530 2528 583 σιωπῆς.
2576 528 2676 575 Καὶ
2720 522 2953 595 ἐοίκαμεν
2990 522 3104 575 ἀντὶ
3144 527 3363 597 χάριτος
3413 521 3657 597 δέχεσθαι
3698 532 3743 580 τὸ
3782 538 3834 601 μὴ

2299 615 2717 685 μνημονεύεσθαι
2746 616 2891 687 παρά
2914 622 3020 674 τοῖς
3050 614 3211 667 αύτοῦ
3257 616 3365 685 (11)
3394 632 3407 646 ⁸
3463 614 3631 674 ἐπειδὴ
3673 619 3776 689 ἡμῖν
3813 623 3835 679 ἠ

2299 722 2477 774 μνημη
2510 702 2603 753 ούκ
2636 701 2805 773 ἀγαθὴ
2860 702 3021 772 ἐστιν,
3061 707 3131 764 ὡς
3173 705 3198 756 ὁ
3239 724 3337 756 των
3382 703 3659 757 ἀκουόντων
3700 706 3837 778 λόγος.

2300 790 2455 844 Ἀλλά
2488 796 2551 843 σύ
2609 792 2771 843 πάλαι
2820 801 2918 845 τῶν
2964 798 3290 865 μισουμένων
3340 791 3481 851 ἦσθα
3523 790 3594 846 δι’
3639 797 3770 868 ἡμᾶς,
3797 798 3840 849 ού

2297 890 2397 933 τῶν
2428 878 2502 933 δι’
2534 881 2860 955 ἐτέρουςζίὲ)
2883 884 3019 953 ἡμᾶς
3058 890 3231 955 μισεῖν
3258 882 3593 955 ἀνεχομένων.
3632 884 3685 935 Ὀ
3717 886 3843 948 αὐτὸς

2297 974 2467 1022 τοίνυν
2500 972 2610 1037 ἔσο,
2634 975 2723 1022 καὶ
2750 971 3055 1023 ἐπιστέλλων
3078 972 3233 1045 οὗπερ
3258 972 3316 1023 ἀν
3347 970 3425 1045 ᾖς,
3455 979 3542 1024 καὶ
3572 979 3843 1045 μεμνημένος

2298 1062 2442 1131 ἡμῶν
2474 1063 2539 1112 τα
2568 1061 2759 1127 εἰκότα,
2802 1065 2846 1113 εἴ
2881 1065 2933 1114 τί
2964 1081 3047 1114 σοι
3076 1062 3216 1134 μέλει
3258 1069 3345 1114 τοῦ
3405 1058 3629 1117 δικαίου.
3673 1066 3844 1115 Δὶκαίον

2300 1146 2475 1208 δήπου
2508 1159 2600 1213 τῆς
2630 1151 2836 1223 ἀγάπης
2867 1160 2969 1213 τοῖς
3005 1156 3142 1214 ἴσοις
3174 1151 3477 1225 ἀμείϐεσθαι
3515 1157 3623 1214 τούς
3647 1154 3847 1227 ύπαρξαυ

2297 1257 2439 1301 ντας,

2852 1345 3188 1393 ΕΠΙΣΤΟΛΙΙ
3228 1338 3345 1395 ΣΘ’.

536 1430 779 1487 Gratias
803 1435 928 1502 agit
955 1432 1222 1488 Basilius
1248 1432 1439 1487 amico
1461 1446 1573 1501 pro
1600 1446 1660 1487 se
1676 1431 1903 1506 praelia
1924 1430 2281 1506 sustinenti;
2312 1431 2597 1489 hortatur
2635 1441 2697 1490 ut
2748 1437 3091 1494 litterarum
3126 1438 3497 1506 paucitatem
3539 1437 3790 1494 incusare
3807 1444 3848 1495 et

1776 1504 1922 1558 talia
1952 1502 2147 1557 debita
2174 1517 2363 1577 perga
2395 1506 2652 1577 exigere.

762 1572 903 1629 Sine
931 1573 1322 1643 inscriptione
1348 1573 1711 1642 defensionis
1741 1588 1945 1629 causa.

605 1670 818 1727 Sortito
851 1670 953 1726 tibi
987 1670 1217 1742 obtigit,
1241 1675 1304 1726 ut
1327 1686 1565 1726 mecum
1597 1671 1901 1726 molestias
1931 1671 2182 1742 partire-

530 1758 611 1815 ris
639 1764 695 1814 et
742 1759 949 1831 praelia
985 1775 1096 1831 pro
1137 1776 1231 1814 me
1265 1760 1616 1815 sustineres.
1662 1759 1725 1815 Id
1776 1765 1977 1814 autem
2016 1759 2184 1814 fortis

532 1848 716 1904 animi
768 1848 1349 1903 demonstrationem
1397 1848 1597 1904 habet.
1648 1851 1797 1903 Nam
1840 1849 1941 1920 qui
1980 1853 2183 1904 nostra

530 1938 882 1994 moderatur
905 1941 1079 2003 Deus,
1108 1938 1200 1993 his
1230 1937 1334 2009 qui
1355 1954 1579 2008 magna
1610 1937 1759 1992 ferre
1782 1942 2035 2010 possunt
2055 1953 2181 1993 cer-

529 2028 778 2097 tamina,
830 2028 1093 2098 majores
1142 2027 1473 2098 probandae
1535 2027 1769 2082 virtutis
1831 2026 2182 2081 occasiones

527 2122 789 2187 praestat.
826 2120 891 2172 Et
920 2122 984 2173 tu
1014 2132 1155 2187 ergo
1182 2116 1261 2172 ad
1292 2116 1769 2189 explorationem
1797 2120 1914 2172 tuae
1940 2116 2001 2171 in
2035 2116 2180 2171 ami-

529 2206 667 2261 citia
694 2206 947 2267 virtutis,
974 2206 1153 2262 veluti
1198 2206 1503 2261 fornacem
1561 2222 1731 2274 auro,
1778 2211 1947 2261 tuam
1989 2205 2179 2277 ipsius

526 2292 709 2348 vitam
748 2294 1135 2365 proposuisti.
1172 2297 1489 2350 Precamur
1531 2294 1711 2363 igitur
1754 2297 1964 2361 Deum,
2015 2298 2081 2349 ut
2122 2298 2179 2351 et

528 2383 723 2437 caeteri
746 2382 1022 2438 meliores
1042 2382 1209 2449 ﬁant,
1236 2388 1293 2439 et
1332 2388 1395 2439 tu
1418 2384 1625 2439 similis
1662 2384 1745 2439 tui
1783 2383 1911 2456 ipse
1942 2400 2177 2455 perma-

523 2486 713 2539 neas;
746 2487 852 2527 nec
884 2472 1028 2529 talia
1048 2473 1291 2539 desinas
1316 2473 1615 2538 incusare,
1646 2472 1851 2545 qualia
1890 2488 2052 2528 nunc
2088 2474 2175 2527 in-

525 2576 725 2631 cusas,
753 2561 1082 2617 litterarum
1109 2562 1473 2634 paucitatem
1500 2564 1689 2619 instar
1718 2562 1997 2618 maxima;
2022 2563 2178 2633 inju-

523 2650 625 2706 riae
654 2650 830 2705 nobis
856 2650 1170 2721 objiciens.
1206 2655 1304 2708 Est
1326 2652 1487 2708 enim
1516 2652 1693 2707 amici
1744 2651 2072 2719 accusatio,
2104 2666 2174 2706 ac

523 2742 725 2810 persta
745 2738 804 2793 in
828 2738 1044 2796 talibus
1076 2740 1387 2809 exigendis
1414 2740 1657 2796 debitis:
1686 2756 1809 2795 non
1832 2740 1993 2796 enim
2021 2739 2173 2796 adeo

526 2825 829 2881 absurdus
856 2826 1107 2899 quidam
1140 2844 1276 2884 sum
1307 2828 1582 2884 amicitiae
1611 2827 1870 2884 debitor.

1055 2936 1167 2990 EPI
1178 2938 1302 2993 STO
1312 2939 1397 2992 LA
1429 2937 1637 2993 CCX“.

524 3028 672 3085 Cum
698 3030 927 3112 Basilio
955 3047 1139 3102 prope
1168 3033 1992 3112 Neocwsaream‘adueniente
2017 3037 2185 3087 ortus
2219 3034 2431 3112 fuisset
2465 3038 2754 3112 tumultus
2781 3040 2842 3094 in
2883 3041 3144 3109 civitate,
3176 3056 3247 3097 ac
3276 3042 3395 3097 alii
3429 3042 3717 3112 fugerent,
3758 3035 3851 3112 alii

2688 1576 3053 1651 ’Λνιπίγραφος
3092 1578 3174 1632 ἐπὶ
3214 1579 3495 1653 ἀπολογίᾳ.

2368 1674 2764 1747 Συνεκληρώοης
2782 1685 2894 1739 ταῖς
2921 1677 3111 1740 λύπαις
3136 1698 3225 1729 και
3246 1686 3357 1741 τοῖς
3378 1680 3505 1751 ύπερ
3533 1679 3670 1751 ἡμῶν
3692 1676 3846 1748 ἀγῶσι.

2294 1768 2454 1814 Τοῦτο
2504 1759 2563 1815 δὲ
2608 1761 2878 1828 ἀπόδειξιν
2928 1770 3041 1837 ἔχει
3070 1772 3305 1828 νεανικὴς
3352 1767 3558 1838 ψυχῆς.
3588 1767 3643 1818 Ὀ
3686 1770 3772 1840 γὰρ
3798 1770 3851 1819 τα

2294 1852 2519 1924 ἡμέτερα
2548 1853 2829 1926 οἰκονομῶν
2872 1859 3001 1917 Θεὸς
3027 1853 3133 1917 τοῖς
3162 1859 3228 1908 τὰ
3255 1856 3462 1929 μεγάλα
3502 1853 3747 1930 διαφέρειν
3777 1852 3850 1907 δυ-

2291 1945 2526 2011 ναμένοις
2554 1941 2898 2015 ἀγωνίσματα
2926 1946 3165 2017 μείζονας
3192 1947 3469 2008 ὑποθέσεις
3499 1942 3848 2017 εὐδοκιμήσεων

2292 2028 2544 2102 προξενεῖ.
2578 2036 2680 2083 Καὶ
2714 2036 2777 2083 σύ
2807 2038 2978 2084 τοίνυν
3011 2032 3243 2106 βάσανον
3270 2042 3369 2095 τῆς
3409 2038 3527 2108 περὶ
3564 2037 3677 2094 τούς
3704 2032 3849 2105 φίλους

2290 2114 2472 2190 ἀρετῆς
2501 2121 2632 2190 (13),
2674 2123 2846 2197 ὥσπερ
2882 2128 2973 2180 τὴν
3000 2126 3215 2195 κάμινον
3242 2132 3315 2193 τῷ
3350 2128 3579 2199 χρυσίῳ.
3613 2126 3693 2174 τὸν
3738 2141 3848 2173 σαυ-

2287 2214 2379 2257 τοῦ
2411 2206 2528 2279 βίον
2554 2211 2869 2283 προέθηκάς.
2916 2211 3197 2285 Εύχόμεθα
3227 2209 3316 2264 οὖν
3356 2220 3427 2284 τῷ
3468 2219 3579 2282 Θεῷ
3619 2215 3702 2263 καὶ
3749 2213 3849 2269 τοὺς

2286 2292 2496 2358 λοιπούς
2529 2296 2761 2370 βελτίους
2785 2303 3046 2371 γενέσθαι,
3080 2307 3170 2354 καὶ
3221 2306 3278 2354 σε
3325 2304 3503 2375 ὅμοιον
3560 2301 3712 2371 ἑαυτῷ
3752 2295 3848 2351 δια-

2285 2391 2477 2455 μεῖναι.
2532 2393 2621 2439 καὶ
2664 2391 2731 2439 τὰ
2788 2398 3009 2442 τοιαῦτα
3059 2390 3380 2462 ἐγκαλοῦντα
3439 2396 3509 2464 μὴ
3551 2389 3848 2457 παύσασθαι,

2285 2474 2370 2525 οἷα
2394 2482 2479 2525 νῦν
2509 2474 2827 2547 ἐνεκάλεσας,
2875 2484 2969 2537 τὴν
2999 2487 3100 2531 τῶν
3147 2483 3476 2555 γραμμάτων
3535 2477 3721 2531 ἔνδειαν
3756 2476 3848 2528 ἀντὶ

2280 2568 2533 2634 μεγίστης
2601 2566 2812 2628 ἀδικίας
2900 2570 3024 2639 ἡμῖν
3095 2574 3389 2639 προφέρων.
3465 2568 3614 2622 Φίλου
3678 2569 3766 2639 γὰρ
3803 2566 3847 2617 τὸ

2284 2652 2538 2725 ἔγκλημα,
2585 2660 2675 2707 καὶ
2732 2654 2946 2729 ἀνάμενε
2985 2658 3055 2728 τῷ
3112 2663 3177 2711 τα
3214 2666 3441 2711 τοιαῦτα
3492 2660 3601 2727 (14)
3649 2655 3849 2708 ἀπαιτεῖν

2601 2563 2812 2628 ἀδικίας
2900 2570 3024 2641 ἡμῖν
3095 2574 3389 2645 προφέρων.

2283 2740 2576 2814 ὀφλήματα.
2622 2745 2696 2796 Ού
2727 2749 2829 2819 γὰρ
2881 2748 3015 2799 οὕτω
3067 2767 3148 2810 τις
3186 2750 3382 2810 ἄτοπός
3422 2747 3528 2822 εἰμι
3556 2747 3711 2820 φιλίας
3737 2748 3848 2819 χρὴ·

2284 2848 2413 2892 στης
2445 2832 2579 2903 (15).

2824 2948 3159 2996 ΕΠΙΣΤΟΛῐί
3208 2950 3263 2997 ΣΙ
3293 2986 3307 2999 .

592 3103 840 3180 soinniis
859 3109 1148 3180 terrorem
1170 3111 1531 3180 ‘spargerent
1558 3122 1570 3171 ;
1603 3105 1871 3180 Basilius
1902 3118 2143 3180 causam
2173 3108 2418 3180 exponit
2449 3124 2559 3163 cur
2579 3110 2660 3163 ad
2689 3110 2816 3166 [uec
2844 3112 2975 3167 loca
3014 3103 3257 3168 venerit.
3295 3103 3556 3170 Causain
3591 3103 3847 3165 tumultus

591 3174 786 3253 reiicit
818 3175 882 3228 in
909 3174 1127 3253 ducum
1158 3177 1448 3253 invidiam
1480 3182 1533 3231 et
1565 3177 1880 3253 consiliugn
1904 3176 2256 3253 inducendw
2281 3176 2519 3234 haeresis
2558 3180 2939 3237 Sabellianae.
2971 3184 3147 3239 Hanc
3180 3186 3456 3239 hwresim
3506 3182 3719 3253 refellit
3753 3180 3848 3253 Qa-

590 3244 781 3325 silius,
815 3258 886 3299 ac
912 3248 1212 3325 promittit
1241 3262 1301 3325 s_e
1318 3249 1629 3325 molestum
1656 3263 1776 3325 non
1804 3247 1965 3325 fore_,_
1986 3248 2037 3299 si
2055 3261 2320 3325 errorem
2337 3255 2559 3325 negent
2589 3268 2602 3306 :
2632 3253 2735 3308 sed
2757 3257 2811 3325 si
2837 3260 3104 3321 perstent
3142 3257 3206 3309 in
3229 3270 3456 3315 errore.
3483 3244 3577 3311 ad'
3596 3254 3735 3325 alias
3756 3251 3848 3303 Ec-

590 3314 796 3397 clesias
813 3317 1465 3397 _s'ci_'ip_turum._Locuin
1502 3320 1774 3397 Gregorii
1798 3318 2222 3397 explicat-,Aquo
2245 3320 2345 3397 isti
2363 3314 2701 3397 in'epistola
2718 3324 2799 3380 ad
2817 3314 3168 3381 Ant/timum
3191 3327 3372 3382 abusi
3386 3314 3651 3397 fuerant.
3676 3324 3844 3397 [psunt

591 3386 1122 3467 etiamMeletium,
1152 3390 1327 3467 misso
1358 3392 1562 3467 aliquo
1590 3386 1831 3467 scijpto,
1860 3386 2195 3467 periclitati
2236 3386 2505 3467 fuerant.
2544 3396 3049 3453 Neocwsarienses
3079 3402 3273 3453 monet
3326 3386 3401 3454 ne
3440 3398 3611 3467 falsis
3636 3386 3847 3450 soinniis

590 3454 993 3538 decipiantur,
1026 3474 1156 3529 qua:
1179 3462 1411 3538 etiamsi
1433 3454 1621 3517 essent
1650 3454 1980 3530 Euang'elio
2008 3454 2425 3530 consentanea,
2461 3467 2603 3535 quia
2635 3473 2832 3523 tamen
2863 3467 3223 3526 charitatem
3254 3454 3516 3538 laedunt,
3543 3470 3612 3524 iis
3627 3475 3845 3537 prorsus

590 3528 1089 3595 supersedendum
1121 3536 1290 3586 esset.

908 3625 1008 3681 Ad
1025 3628 1324 3695 primores
1351 3629 1770 3686 Neocasareae.

595 3724 641 3776 l.
667 3720 847 3777 Plane
873 3723 1021 3779 nihil
1046 3740 1200 3796 opus
1223 3731 1371 3797 erat,
1408 3732 1469 3783 ut
1507 3744 1713 3783 meum
1760 3727 1936 3784 vobis
1978 3742 2164 3783 enun-

517 3808 730 3864 tiarem
753 3811 1091 3881 consilium,
1116 3817 1219 3870 aut
1239 3815 1460 3886 quibus
1481 3831 1643 3871 nunc
1665 3816 1739 3872 de
1772 3816 2047 3873 causisin
2068 3815 2163 3871 his

521 3896 633 3951 sim
664 3897 833 3965 locis,
866 3916 1254 3973 exponerem.
1291 3907 1440 3960 Nam
1487 3905 1733 3977 alioqui,
1775 3922 1971 3979 neque
2004 3922 2162 3961 unus

519 4003 653 4042 sum
681 4005 754 4044 ex
782 3990 852 4044 iis
881 3993 986 4062 qui
1010 3994 1254 4063 publico
1278 3997 1563 4064 gaudent,
1595 4013 1791 4069 neque
1820 4014 1915 4053 res
1941 4002 2023 4054 tot
2042 4003 2163 4054 tes-

518 4076 676 4131 tibus
694 4078 877 4146 digna
898 4084 1006 4136 est.
1024 4080 1142 4136 Sed
1166 4084 1401 4154 opinor,
1422 4101 1544 4140 non
1566 4102 1699 4157 quae
1719 4087 1997 4143 volumus
2022 4088 2163 4145 faci-

517 4180 679 4234 mus,
710 4166 817 4222 sed
846 4182 916 4222 ea
946 4168 1024 4223 ad
1051 4186 1187 4242 qua:
1213 4187 1327 4227 nos
1359 4180 1692 4245 provocant
1736 4178 1920 4233 vestri
1955 4178 2160 4234 duces.

516 4253 659 4309 Mihi
682 4255 839 4311 enim
854 4257 1101 4313 omnino
1122 4259 1385 4330 ignorari
1403 4263 1597 4331 magis
1621 4264 1818 4320 studio
1839 4266 2161 4336 fuit,quam

517 4344 719 4414 gloriae
750 4347 985 4418 cupidis
1025 4349 1087 4404 in
1112 4349 1243 4405 luce
1271 4352 1511 4407 versari.
1543 4354 1656 4408 Sed
1696 4355 1839 4426 quia
1863 4358 2157 4424 omnium,

515 4438 582 4489 ut
606 4434 807 4501 audio,
831 4437 935 4508 qui
956 4437 1015 4492 in
1036 4444 1237 4495 vestra
1263 4440 1497 4496 civitate
1521 4446 1679 4505 sunt,
1702 4458 1879 4499 aures
1911 4447 2161 4502 circum-

516 4528 867 4592 sonuerunt,
900 4530 957 4580 et
983 4528 1237 4598 quidam
1264 4529 1585 4585 verborum
1626 4532 1882 4588 artiﬁces
1910 4540 1964 4590 et
1995 4552 2163 4591 men-

513 4609 669 4665 dacii
690 4613 1096 4685 architecti,ad
1115 4617 1228 4672 hoc
1247 4618 1447 4689 ipsum
1463 4621 1735 4677 mercede
1757 4624 2158 4693 conducti,res

512 4714 680 4755 meas
709 4700 880 4757 vobis
914 4708 1197 4761 enarrant
1222 4724 1234 4773 ;
1263 4706 1607 4764 faciendum
1636 4710 1881 4768 minime
1903 4713 2066 4786 duxi,
2094 4721 2159 4773 ut

585 4826 792 4902 frAljas
815 4828 1095 4902 CCXXVII.
1135 4832 1363 4902 Scripta
1399 4848 1560 4888 anno
1592 4837 1714 4891 375.

584 4898 627 4919 "
654 4897 812 4953 Alias
836 4901 1010 4954 LXIV.
1049 4897 1277 4961 Scripta
1307 4919 1467 4959 anno
1500 4910 1620 4961 375.

614 4918 623 4919 ί
654 4918 812 4979 ᾼιιᾶε
836 4918 1010 4954 μλιν.
1049 4918 1277 5029 δωριᾶ
1307 4919 1467 4959 anno
1500 4918 1620 4961 375.

511 4982 706 5055 imagis
735 4976 1148 5055 co‘nse‘ntanea
1184 4976 1547 5055 .oquacitati,
1597 4994 1807 5055 quam
1846 4996 1967 5055 non
2029 4982 2158 5039 sine

508 5037 1027 5120 lepore__Basilius
1092 5037 1302 5120 objicit
1367 5037 1668 5105 Eulancio.
1756 5051 2030 5107 Similiter
2097 5037 2157 5109 in

509 5110 679 5182 epist.
720 5114 789 5166 2O
818 5110 1091 5182 linguam
1123 5110 1403 5188 sophistae
1437 5126 1617 5188 negat
1663 5121 1834 5178 silere
1884 5140 2156 5196 unquam

508 5196 706 5253 posse.

580 5256 694 5339 (μ)
721 5258 790 5305 Τὸ
821 5259 963 5339 μὴν.
996 5259 1141 5335 παρά
1171 5264 1280 5317 τοῖς
1327 5258 1515 5339 αὐτοῦ.
1552 5261 1644 5339 Sic
1689 5278 1803 5339 ope
1848 5264 2157 5339 utriusque

509 5324 681 5408 Cois];
712 5324 1181 5408 emendavimus‘
1206 5329 1523 5408 quoderat
1552 5333 1612 5386 in
1662 5324 1928 5408 editis?)
1958 5324 2156 5408 p.910qu-

506 5399 745 5480 γεύεσθαι
785 5400 928 5480 παρά
975 5406 1064 5450 τοῦ
1119 5394 1301 5480 αὐτοῦ.
1354 5402 1535 5480 Paulo
1595 5411 1731 5473 post
1790 5394 2151 5480 (Ξάὶῐίιάγάοὴ

509 5467 695 5543 ὁμοίως
721 5467 868 5543 ἐστὶν
894 5471 1089 5543 ὥσπερ.
1117 5472 1227 5526 Sex
1258 5487 1404 5526 mss.
1433 5477 1497 5528 ut
1521 5467 1796 5531 in-textu.

579 5540 794 5621 (1‘2)Ai'
830 5540 1047 5621 ετέρους.
1100 5544 1185 5621 lla
1240 5559 1351 5621 sex_
1398 5561 1567 5621 niss._
1600 5546 1750 5621 Ediii
1804 5554 1901 5598 τῶν
1950 5548 2153 5621 ἑτέρων.

506 5607 687 5662 Paulo
713 5615 852 5679 post
882 5607 1029 5667 mss.
1059 5617 1285 5685 septem
1326 5616 1431 5669 ἔσο.
1466 5616 1616 5672 Editi
1644 5620 1759 5690 ἔσῃ.

2458 3639 2573 3694 Τοῖς
2599 3638 2733 3689 κατά
2763 3642 3169 3715 Νεοκαισάρειαν
3198 3640 3537 3712 λογιωτάτοις
3566 3638 3691 3709 (16).

2346 3734 2403 3787 1.
2440 3732 2604 3794 Ὀλως
2634 3739 2723 3807 μὲν
2781 3734 2931 3790 οὐδὲν
2974 3735 3195 3812 ἐδεόμην
3250 3744 3347 3798 τὴν
3395 3739 3614 3812 ἐμαυτοῦ
3661 3739 3843 3807 γνώμην

2275 3820 2608 3895 δημοσιεύειν
2640 3828 2779 3899 ὑμῖν,
2808 3824 2932 3880 οὐδὲ
2968 3833 3060 3890 τὰς
3109 3829 3277 3890 αἰτίας
3327 3830 3515 3903 λέγειν,
3572 3825 3641 3881 δι’
3689 3826 3745 3886 ἃς
3768 3842 3840 3873 νυν

2273 3910 2363 3984 ἐγυ
2397 3913 2482 3966 ἐπὶ
2532 3923 2631 3965 τῶν
2676 3921 2846 3967 τόπων
2895 3916 3000 3989 εἰμὶ
3032 3921 3226 3971 τούτων
3255 3937 3267 3949 ⁸
3328 3922 3549 3993 καὶγὰρ
3602 3912 3715 3969 ούδε
3764 3911 3839 3963 ἆλ-

2271 4000 2367 4062 λως
2423 4012 2523 4054 τῶν
2572 4011 2933 4075 φανητιώντων
2980 4007 3100 4079 ἐγὼ,
3143 4005 3268 4060 οὐδὲ
3317 4013 3378 4061 τὸ
3422 4015 3636 4084 πρᾶγμα
3678 4003 3837 4056 τοσού-

2271 4112 2371 4143 των
2400 4096 2679 4167 μαρτύρων
2732 4095 2911 4157 οἰξιονο
2944 4094 3049 4147 ἀλλ’
3082 4094 3248 4169 οἶμαι,
3301 4099 3410 4169 οὐχ
3476 4097 3511 4148 ἆ
3569 4092 3834 4169 βουλόμεθα

2270 4189 2538 4252 ποιοῦμεν,
2608 4180 2715 4233 ἀλλ’
2778 4183 2852 4255 ἐφ’
2913 4182 2947 4235 ἃ
3003 4185 3384 4259 προκαλοῦνται
3451 4188 3584 4258 ἡμας
3638 4184 3681 4235 οἱ
3728 4180 3831 4231 καθ-

2272 4275 2569 4343 ηγούμενοι,
2640 4271 2781 4324 Ἐπεὶ
2848 4275 3021 4345 ἔμοιγε
3081 4280 3135 4327 τό
3218 4276 3483 4337 παντελῶς
3560 4272 3831 4346 ἀγνοεῖσθαι

2270 4358 2417 4411 πλέον
2479 4357 2842 4413 ἐσπούδασται
2887 4364 2915 4420 ἡ
2975 4363 3082 4425 τοὶς
3135 4361 3431 4435 φιλοδόξοις
3496 4369 3553 4417 τὸ
3598 4361 3830 4433 διαφαίνε-

2272 4451 2415 4503 σθαι.
2470 4450 2609 4501 Ἐπεὶ
2658 4446 2716 4501 δε
2762 4452 2987 4518 πάντων,
3039 4456 3108 4513 ὡς
3157 4452 3331 4505 ἀκούω
3381 4456 3519 4523 (17),
3564 4462 3658 4506 τῶν
3718 4448 3831 4501 κατὰ

2268 4544 2361 4596 τὴν
2431 4540 2682 4611 ὑμετέραν
2748 4540 2894 4591 πόλιν
2951 4544 3017 4592 τά
3086 4540 3193 4593 ὦτα
3248 4540 3695 4617 διατεθρύλληται,
3756 4542 3830 4590 καὶ

2269 4627 2370 4679 εἰσί
2400 4647 2527 4687 τινες
2576 4626 2866 4699 λογοποιοὶ,
2916 4626 3233 4705 δημιουργοὶ
3289 4641 3382 4685 τοῦ
3433 4630 3676 4704 ψεύδους,
3724 4629 3829 4702 πρὸς

2268 4718 2394 4769 αὐτὸ
2442 4726 2595 4770 τοῦτο
2639 4721 3044 4793 μεμισθωμένοι,
3105 4721 3153 4773 οἱ
3202 4724 3269 4774 τὰ
3308 4722 3405 4795 ἑμά
3456 4725 3574 4795 ύμῖν
3620 4721 3829 4790 ἐξηγοῦν-

2334 4844 2640 4909 (13)Τῆς...
2676 4841 2879 4915 ἀρετῆς.
2907 4842 3107 4915 Codex,
3143 4843 3466 4899 Vaticanus
3506 4848 3596 4902 τὴν
3642 4840 3823 4913 ἀρετένο

2336 4916 2450 4986 (14)
2498 4920 2580 4983 Τῷ
2629 4916 2695 4986 τα
2733 4922 2973 4967 τοιαῦτα.
3024 4914 3219 4970 Prima
3262 4915 3500 4981 vocula,
3550 4927 3722 4986 quam
3764 4923 3823 4986 ϐξ

2268 4984 2439 5039 Coisl.
2474 4981 2739 5039 sesundo
2768 4990 2823 5040 et
2854 4988 2990 5055 Reg.
3026 4986 3293 5041 secundo
3338 4981 3620 5051 eruimus,
3648 4981 3823 5039 deerat

2265 5055 2329 5109 in
2360 5055 2549 5110 editis.
2582 5056 2752 5109 Cois].
2783 5056 3016 5128 primUS
3045 5062 3103 5109 τὸ
3133 5060 3198 5109 τὰ
3226 5066 3462 5112 τοιαῦτα.

2341 5128 2451 5195 (15)
2479 5125 2879 5202 ,Χρήσῖηςοξμει
2909 5128 3565 5202 Coisl._uterque,__\’at.
3612 5131 3663 5181 et
3698 5125 3815 5202 Reg.

2268 5196 2595 5251 secundus.
2630 5199 2749 5252 Vox
2776 5198 2876 5253 illa
2904 5198 2961 5253 in
2998 5196 3507 5255 Mediczeo'codice
3548 5196 3815 5265 corrupta.

2268 5268 2415 5322 Editi
2443 5274 2736 5341 χρεώστης,
2765 5270 2929 5341 quod
2957 5270 3115 5325 idem
3148 5278 3337 5326 sonat.

2338 5333 2667 5407 (16)’Τοῖς.-ι
2698 5333 3053 5411 λογιωτάτοις.
3102 5342 3278 5407 llarl.,
3307 5340 3474 5397 Cois].
3525 5338 3739 5412 primus

2264 5403 2523 5489 un‘us'ex
2558 5403 2910 5484 Regiis'npbg
2954 5417 3138 5473 τοὺς...
3182 5403 3543 5485 hymnite-0::
3590 5412 3704 5464 Duo
3732 5403 3817 5459 alii

2264 5499 2367 5540 τοις
2398 5500 2596 5542 αυ-οις.

2332 5554 2449 5622 (17)
2471 5551 2558 5615 Ὠς
2589 5551 2779 5605 ἀκούω.
2815 5557 2901 5611 lta
2930 5570 3148 5612 novem
3187 5570 3327 5611 mss.
3379 5552 3523 5609 Edili
3552 5551 3615 5601 ὧν
3646 5547 3812 5600 ἀκούω.
