4100 6214
291 284 402 340 769

1293 273 1777 332 EPISTOLARUM
1815 273 2101 331 CLASSIS
2141 275 2205 329 Ῑῐ.
2247 275 2459 331 EPIST.
2504 274 2652 330 CCX.

3543 270 3651 328 770

291 423 401 461 ταν
434 407 531 461 οὐκ
585 406 763 478 ᾠήθην
822 400 930 456 δεῖν
973 400 1225 476 περιιδεῖν
1273 403 1410 475 ὑμᾶς
1453 406 1634 473 γνώμῃ
1693 403 1895 474 πονηρᾷ

2011 413 2110 454 vos
2136 397 2308 468 parvi
2328 398 2655 470 penderem
2685 395 2847 452 malo
2869 396 3074 452 animo
3106 393 3472 467 sordidaque
3498 409 3650 451 voce

290 503 383 550 καὶ
447 504 584 569 φωνῇ
629 496 848 569 ῥυπώσῃ
893 489 1333 565 δίδασκομένους,
1363 489 1471 541 ἀλλ’
1528 489 1681 550 αὐτὸς
1737 488 1893 540 εἰπεῖν

290 589 360 639 τα
419 585 644 658 ἐμαυτοῦ
675 584 809 644 ὃπως
847 585 978 655 ἔχει.
1027 581 1159 652 Ἐγὼ
1211 586 1300 632 καὶ
1336 577 1428 632 διὰ
1475 584 1569 637 τὴν
1608 577 1663 630 ἐκ
1704 573 1894 638 παιδός

290 695 386 747 μοι
423 693 553 748 προς
603 675 661 726 τὸ
718 675 918 745 χωρίον
974 679 1126 724 τοῦτο
1171 673 1447 728 συνήθειαν
1493 667 1737 736 (ἐνταῦθα
1790 669 1892 739 γαρ

291 763 522 838 ἐτράφην
570 762 713 837 παρὰ
766 768 827 833 τῇ
884 759 1109 832 ἐμαυτοῦ
1147 760 1297 830 τίτθη
1331 757 1444 828 [18]
1465 756 1502 828 ),
1527 761 1617 808 καὶ
1669 752 1762 807 διὰ
1804 759 1894 813 τὴν

290 855 428 925 μετά
490 859 658 903 ταῦτα
723 855 806 902 ἐπὶ
881 850 1120 901 πλεῖστον
1179 843 1450 920 διατριϐὴν
1484 885 1497 911 ,
1554 845 1635 896 ὃτε
1697 847 1892 917 φεύγων

290 945 418 1002 τοὺς
477 939 776 1001 πολιτικοὺς
838 937 1124 1011 θορύϐους,
1189 931 1483 993 ἐπιτήδειον
1546 933 1896 1007 ἑμφιλοσορῆ-

293 1049 387 1083 σαι
420 1025 516 1082 δια
543 1033 634 1087 τὴν
664 1027 720 1080 ἐκ
767 1035 862 1088 τῆς
905 1025 1124 1101 ἐρημίας
1161 1027 1398 1095 ἡσυχίαν
1425 1026 1481 1075 τό
1511 1027 1712 1096 χωρίον
1740 1029 1892 1074 τοῦτο

291 1119 609 1190 καταμαθὼν
641 1162 656 1187 ,
722 1116 920 1169 πολλῶν
980 1114 1103 1167 ἑτῶν
1165 1113 1338 1187 ἐφεξῆς
1403 1108 1706 1186 ἐνδιέτριψα
1763 1115 1893 1183 χρό-

289 1227 401 1274 νον,
440 1212 532 1259 καὶ
579 1202 673 1259 διὰ
709 1210 804 1264 τὴν
831 1212 920 1256 νῦν
964 1213 1062 1256 τῶν
1121 1199 1355 1275 ἀδελφῶν
1422 1201 1703 1271 ἐνοίκησιν,
1764 1198 1893 1274 βρα-

289 1301 451 1368 χείας
497 1294 754 1357 ἀναπνοῆς
781 1293 836 1346 ἐκ
873 1302 972 1347 τῶν
1023 1300 1364 1365 κατεχουσῶν
1421 1293 1558 1363 ἡμᾶς
1626 1289 1892 1362 ἀσχολιῶν

291 1385 584 1459 ἐπιτυχὼν,
615 1385 838 1457 ἄσμενος
901 1384 1056 1442 ἦλθον
1094 1382 1178 1435 ἐπὶ
1231 1386 1324 1441 τὴν
1381 1379 1637 1453 ἐσχατιὰν
1674 1380 1887 1435 ταύτηνο

291 1475 400 1547 οὐχ
461 1477 528 1536 ὡς
593 1474 784 1546 ἑτέροις
838 1471 1063 1524 ἐντεῦθεν
1121 1472 1410 1544 πράγματα
1472 1468 1726 1541 παρέξων,
1783 1465 1892 1518 ἀλλ’

285 1568 356 1628 ὡς
377 1563 536 1625 αὑτός
555 1567 648 1620 τὴν
671 1561 896 1633 ἐμαυτοῦ
924 1561 1253 1633 θεραπεύσων
1273 1559 1389 1628 (19)
1411 1556 1710 1629 ἐπιθυμίαν.

356 1657 416 1710 2.
452 1657 518 1706 Τί
590 1647 678 1703 οὖν
741 1655 851 1725 χρὴ
919 1652 1045 1725 πρὸς
1110 1647 1336 1722 ὀνείρους
1397 1648 1757 1718 καταφεύγειν,
1797 1647 1888 1696 καὶ

2003 487 2257 556 edoceri,
2291 487 2399 542 sed
2424 491 2490 543 ut
2529 502 2668 542 mea
2717 485 2844 558 ipse
2896 486 3226 558 eloquerer,
3254 483 3565 556 quomodo
3588 498 3650 538 se

2001 577 2286 633 habeant.
2317 576 2607 649 Equidem
2629 575 2844 648 etquia
2871 575 3011 631 huic
3041 574 3174 630 loco
3205 579 3483 630 assuetus
3509 587 3650 628 sum

2004 684 2040 724 a
2067 682 2251 739 puero
2280 666 2395 737 (hic
2447 666 2605 722 enim
2651 664 2815 737 apud
2856 664 3056 720 aviam
3107 679 3310 719 meam
3357 663 3651 720 educatus

2006 759 2250 823 sum),et
2277 756 2420 827 quia
2447 755 2778 828 tibipostea
2799 753 3012 826 perdiu
3046 769 3179 809 sum
3212 757 3646 823 commoratus,

2005 863 2142 903 cum
2173 845 2378 900 civiles
2425 844 2712 900 tumultus
2741 843 2997 912 fugiens,
3029 842 3089 897 in
3118 841 3233 897 hoc
3279 841 3432 909 loco,
3465 857 3649 913 quem

2004 936 2083 992 ad
2126 933 2681 1007 philosophandum
2713 931 2792 988 ob
2823 930 3161 987 solitudinis
3212 930 3474 1001 quietem
3517 929 3648 985 ido-

2002 1040 2186 1080 neum
2225 1039 2356 1079 esse
2405 1037 2828 1094 cognoveram,
2859 1035 3054 1075 annos
3100 1017 3303 1092 plures
3331 1017 3650 1072 continuos

2003 1112 2390 1184 consumpsi;
2432 1117 2490 1166 et
2543 1111 2688 1183 quia
2739 1111 2951 1165 fratres
3001 1123 3163 1164 nunc
3217 1105 3301 1162 ibi
3347 1105 3648 1173 habitant,

2001 1203 2248 1259 brevem
2274 1217 2312 1257 a
2337 1201 2593 1270 negotiis
2625 1198 2846 1271 quibus
2873 1197 3163 1261 detineor,
3191 1193 3650 1266 respirationem

2002 1295 2235 1358 nactus,
2265 1289 2479 1346 lubens
2500 1289 2578 1344 ad
2602 1288 2761 1343 hanc
2805 1285 3188 1342 solitudinem
3219 1283 3446 1340 accessi
3475 1298 3489 1349 ;
3526 1297 3651 1337 non

2003 1386 2066 1437 ut
2089 1380 2225 1435 inde
2247 1378 2378 1434 aliis
2404 1377 2644 1448 negotia
2676 1375 2855 1448 314
2888 1374 3254 1437 exhiberem,
3290 1372 3396 1428 sed
3424 1377 3491 1428 ut
3513 1386 3650 1428 meo

2001 1470 2132 1543 ipse
2158 1484 2390 1525 morem
2422 1481 2690 1538 gererem
2719 1463 3040 1521 desiderio.

2071 1652 2123 1703 2.
2167 1646 2320 1713 Quid
2349 1645 2526 1716 igitur
2554 1659 2709 1716 opus
2739 1641 2928 1698 estad
2953 1639 3189 1697 somnia
3219 1637 3566 1707 confugere,
3591 1639 3649 1693 et

283 1744 685 1821 ὀνειροσκόπους
743 1741 1106 1814 μισθοῦσθαι,
1161 1741 1253 1789 καὶ
1301 1736 1348 1788 ἐν
1405 1742 1520 1796 ταῖς
1593 1730 1891 1804 πανδήμοις

2011 1737 2378 1794 somniorum
2411 1732 2818 1805 speculatores
2844 1729 3203 1793 conducere,
3227 1730 3283 1783 et
3306 1741 3419 1782 nos
3449 1725 3510 1780 in
3541 1740 3649 1797 pu-

287 1835 596 1888 έστιοίσεσιν
652 1834 788 1903 ἡμᾶς
834 1830 1100 1882 ποιεῖσθαι
1145 1830 1413 1900 παροίνιον
1458 1821 1728 1896 διήγημα;
1763 1822 1890 1892 Ἐγώ

284 1926 417 1995 γὰρ,
444 1919 488 1974 εἰ
515 1925 606 1973 καὶ
635 1917 757 1993 παρ’
777 1917 954 1979 ἄλλοις
1001 1921 1140 1969 τισὶν
1189 1915 1324 1973 ἦσαν
1367 1915 1422 1966 αἱ
1466 1909 1732 1975 διαϐολαι,
1764 1911 1892 1983 ὑμᾶς

289 2011 351 2064 ἂν
408 2018 498 2070 τῆς
551 2008 776 2082 ἐμαυτοῦ
835 2012 1048 2078 γνώμης
1127 2005 1394 2079 μάρτυρας
1450 1996 1890 2076 παρεστησαμην.

291 2105 398 2154 Καί
448 2107 534 2150 νῦν
592 2097 721 2161 ἀξιῶ
778 2096 945 2148 αὐτῶν
989 2098 1206 2147 ἕκαστον
1256 2101 1356 2144 τῶν
1397 2090 1629 2144 παλαιῶν
1692 2088 1893 2141 ἐκείνων

291 2189 729 2262 ἀναμνησθῆναι,
782 2185 864 2238 ὅτε
926 2183 1092 2238 ἐκαλει
1161 2186 1251 2256 μὲν
1314 2185 1454 2253 ἣμᾶς
1507 2181 1538 2237 ἡ
1601 2178 1744 2238 πόλις
1811 2176 1894 2230 ἐπὶ

289 2285 388 2338 τὴν
442 2287 542 2332 τῶν
597 2283 719 2330 νέων
781 2274 1090 2348 ἐπιμέλειαν,
1122 2271 1374 2348 πρεσϐεία
1436 2266 1495 2322 δὲ
1560 2277 1732 2341 παρῆν
1797 2276 1893 2319 τῶν

289 2369 576 2444 παρ’,ῦμῖν
630 2363 832 2442 ἀνδρῶν
862 2368 912 2417 οἱ
962 2363 1011 2416 ἐν
1062 2363 1209 2416 τέλει·
1243 2363 1374 2434 μετά
1422 2356 1482 2412 δὲ
1533 2366 1732 2421 ταῦτα,
1761 2357 1894 2419 ὅπως

289 2455 558 2531 πανδημεὶ
610 2458 796 2517 πάντες
863 2454 1227 2527 περιχυθέντες
1274 2453 1444 2523 ἡμᾶς,
1501 2452 1554 2500 τί
1610 2450 1701 2521 μὲν
1765 2447 1893 2518 οὐχὶ

288 2545 534 2608 διδόντες
562 2563 575 2614 ;
604 2551 658 2598 τί
684 2541 743 2597 δε
771 2543 878 2616 οὐχ
929 2543 1375 2613 ὑπισχνούμενος
1405 2538 1544 2610 ὅμως
1601 2543 1893 2606 κατασχεῖν

291 2639 432 2710 ἡμᾶς
481 2637 576 2689 οὐκ
624 2631 994 2694 ἠδυνήθησαν.
1047 2639 1161 2693 Πῶς
1209 2626 1297 2682 οὖν
1347 2629 1372 2680 ὁ
1420 2632 1537 2680 τότε
1582 2625 1895 2698 καλούμενος

288 2727 404 2798 οὐχ
481 2725 757 2778 ὑπακούων
790 2767 806 2792 ,
861 2729 950 2774 νῦν
1024 2719 1324 2792 ἐπεχείρουν
1401 2716 1624 2776 ἄκλητος
1679 2715 1893 2767 εἰσωθί-

291 2817 485 2880 ζεσθαι
542 2815 690 2886 (20);
747 2820 858 2872 πῶς
915 2807 975 2863 δέ
1024 2810 1050 2862 ὁ
1110 2812 1232 2870 τοὺς
1295 2807 1627 2866 ἐπαινοῦντας
1677 2823 1740 2876 με
1805 2806 1894 2855 καὶ

291 2907 664 2977 θαυμάζοντας
725 2901 1065 2973 ἀποφεύγων,
1116 2896 1315 2970 ἔμελλον
1389 2898 1450 2948 ἄν
1506 2902 1594 2947 νῦν
1687 2890 1894 2946 διώκειν

288 2996 420 3054 τοὺς
487 2989 898 3056 διαϐάλλονταςς
937 2993 1024 3046 Μὴ
1074 2987 1286 3044 οἰηθῆτε
1317 3028 1332 3053 ,
1391 2981 1430 3034 ὦ
1495 2985 1707 3058 ἄριστοι
1734 3002 1747 3015 ·
1790 2980 1896 3053 οὐχ

291 3084 463 3144 οὕτως
494 3084 655 3134 εὕωνα
695 3079 809 3150 (21)
847 3079 914 3129 τά
968 3078 1211 3149 ἡμέτερα.
1245 3076 1378 3126 Οὔτε
1405 3075 1506 3147 γὰρ
1560 3070 1620 3122 ἂν
1656 3091 1735 3131 τις
1773 3069 1896 3121 ἀκυ-

292 3171 545 3245 ϐερνήτου
596 3168 780 3222 πλοίου
848 3172 1121 3240 σωφρονῶν
1174 3161 1382 3220 ἐπιϐαίη
1418 3202 1432 3228 ,
1491 3159 1608 3212 οῦτε
1675 3158 1896 3217 Ἐκκλη-

296 3264 398 3332 σίᾳ
423 3257 738 3335 παραϐάλοι,
769 3257 906 3329 ᾖτόν
953 3251 1194 3307 κλύδωνα
1247 3255 1337 3304 καὶ
1392 3254 1487 3308 τὴν
1538 3249 1700 3310 ζάλην
1755 3249 1898 3301 οὗτοὶ

294 3351 354 3403 οἱ
397 3351 480 3402 ἐπὶ
515 3358 611 3400 τῶν
659 3347 850 3400 οἰάκῶν
887 3345 1222 3415 καθεζόμενοι
1268 3340 1565 3414 ἐμποιοῦσι.
1590 3339 1749 3391 Πόθεν
1795 3339 1896 3412 γὰρ

299 3443 488 3510 γέγονε
531 3435 748 3509 θορύϐου
808 3434 1012 3508 πλήρης
1049 3435 1078 3491 ἡ
1111 3431 1277 3496 πόλις,
1306 3431 1389 3482 ὅτε
1421 3430 1470 3481 οἱ
1526 3430 1614 3500 μὲν
1664 3429 1894 3499 ἔφευγον,

305 3522 523 3586 οὐδενὸς
570 3522 886 3591 διώκοντος,
936 3522 986 3575 οἰ
1042 3517 1101 3573 δὲ
1157 3518 1445 3591 ὑπεξῄεσαν
1491 3519 1627 3588 (22),
1688 3512 1898 3577 οὐδενὸς

309 3614 576 3675 ἐπιόντοςο
629 3612 996 3689 χρησμολόγοι
1067 3605 1125 3663 δὲ
1198 3613 1288 3660 καὶ
1353 3607 1710 3681 ὁνειροσκόποι
1766 3605 1896 3656 πάν-

300 3721 394 3765 τες
442 3705 551 3774 (23)
598 3701 1074 3776 ἔμορμολύττοντο;
1119 3699 1272 3752 πόθεν
1331 3695 1536 3748 ἂλλοθεν
1593 3701 1796 3763 ταῦτα;
1829 3692 1896 3746 Ἦ

298 3793 436 3865 οὐχὶ
464 3798 552 3845 καὶ
602 3788 761 3846 παιδὶ
815 3796 1094 3864 γνώριμον,
1123 3789 1205 3839 ὅτι
1251 3784 1306 3838 ἐκ
1332 3793 1431 3838 τῶν
1483 3786 1776 3856 ἡγουμένων
1806 3789 1899 3835 τοῦ

296 3883 570 3950 πλήθους;
609 3883 676 3932 ὧν
724 3884 818 3942 τὰς
868 3880 1034 3939 αἰτίας
1078 3886 1172 3939 τῆς
1246 3877 1444 3950 ἔχθρας
1496 3872 1610 3946 ἐμοὶ
1660 3875 1750 3945 μὲν
1805 3870 1904 3924 οὐκ

300 3973 554 4047 εὐπρεπὲς
600 3971 761 4043 λέγειν
792 4013 808 4040 ,
855 3976 976 4040 υμῖν
1026 3963 1085 4020 δε
1133 3971 1352 4039 συνορᾴν
1389 3968 1480 4016 καὶ
1521 3964 1655 4015 πάνυ
1689 3957 1896 4036 ῥᾴδιον.

297 4063 465 4114 Ὅταν
493 4063 594 4134 γαρ
642 4065 671 4118 η
724 4063 814 4132 με..
853 4062 1042 4133 πικρία
1077 4060 1166 4108 καὶ
1204 4057 1233 4114 ἡ
1288 4051 1570 4113 διάστασις
1634 4047 1899 4124 μηδεμίαν

296 4156 426 4223 ἔχοι
454 4153 568 4222 (24)
599 4147 885 4222 ὑπερϐολήν
917 4147 986 4210 εἰς
1015 4145 1371 4219 χαλεπότητα,
1414 4144 1444 4203 ἡ
1491 4139 1550 4194 δὲ
1601 4148 1696 4203 τῆς
1727 4140 1900 4201 αἰτίας

299 4241 558 4312 ἐξήγησις
631 4237 999 4298 ⁵ἀνυπόστατος
1061 4233 1316 4296 παντελῶς
1372 4237 1461 4284 καὶ
1515 4229 1900 4301 καταγέλαστος

298 4326 362 4402 ᾖ,
395 4326 556 4387 δῆλόν
586 4325 698 4381 ἐστι
725 4334 819 4387 τῆς
851 4325 1039 4398 ψυχῆς
1092 4327 1151 4376 τὸ
1208 4321 1532 4397 ἀρρώστημα
1554 4363 1570 4390 ,
1611 4318 1902 4394 ἀλλοτρίοις

301 4422 398 4492 μὲν
470 4417 685 4489 ἀγαθοῖς
755 4414 1166 4487 ἐπισυμϐαἰνον,
1220 4412 1406 4463 οἰκεῖον
1458 4407 1518 4462 δε
1595 4413 1685 4461 καὶ
1752 4416 1900 4481 πρῶ-

300 4526 395 4559 τον
566 4508 725 4558 κακὸν
771 4505 1014 4578 ὑπάρχον
1052 4508 1124 4572 τῷ
1162 4502 1476 4571 κεκτημένῳ.
1518 4497 1613 4559 Οἷς
1662 4501 1752 4548 καὶ
1781 4495 1900 4548 ἀλλο

303 4593 378 4654 δή
420 4615 471 4648 τι
517 4599 704 4670 χάριεν
759 4596 1079 4667 πρόσεστιν.
1138 4589 1522 4662 Ἀμυσσόμενοι
1576 4589 1676 4659 γὰρ
1725 4583 1772 4637 ἐν
1828 4592 1900 4656 τῷ

306 4684 464 4760 βάθει
528 4689 620 4737 καὶ
697 4679 1048 4755 ὀδυνώμενοι,
1118 4677 1402 4736 ἐκλαλῆσαι
1465 4680 1558 4736 τὴν
1631 4677 1902 4748 συμφορὰν

381 4812 496 4884 (18)
531 4811 719 4884 Τίτθῃ,
747 4805 939 4884 _Coisl.
968 4805 1202 4879 primus
1249 4807 1314 4884 .et
1356 4816 1529 4884 unus
1561 4815 1649 4884 ἐξ
1708 4799 1902 4884 Regiis

304 4872 681 4955 τήθη,’(ιιιο‹1’
704 4879 866 4936 idem
916 4872 1165 4955 prorsus
1215 4874 1532 4955 signiﬁcat.
1561 4872 1662 4955 H‘ic
1692 4876 1903 4952 “autem

303 4942 698 5028 perspicuum
713 4942 944 5028 estnon
955 4949 1245 5004 nutricem
1275 4942 1311 5002 ἐι
1337 4944 1562 5028 Basilio.
1577 4942 1904 5028 designari,

309 5013 422 5082 Sed
451 5013 666 5081 ‘aviam
712 5022 1055 5087 Macrinam,
1089 5035 1124 5075 a
1153 5033 1278 5090 qua
1303 5032 1364 5071 se
1391 5015 1672 5070 eductam
1723 5013 1906 5070 fuisse

308 5112 490 5169 supra
523 5095 764 5169 dicebat
793 5095 854 5148 in
881 5093 1051 5169 epist.
1091 5093 1220 5169 20.4“.

383 5155 492 5238 1:19)
524 5155 1219 5242 Θεραπςύσων.’Νοιιῑιιι111
1267 5157 1504 5215 codices
1561 5171 1706 5212 mss.
1761 5155 1908 5228 θερα-

307 5258 498 5293 πευων.

381 5312 497 5380 (20)
537 5308 951 5380 Εἰσωθίζεσθαι.
976 5303 1067 5380 Sic
1113 5319 1266 5380 m_ss.
1290 5306 1711 5380 _octo,proue_o
1741 5294 1910 5380 quod

310 5367 438 5439 erat
465 5367 527 5438 in
549 5381 722 5436 editis
746 5367 1143 5438 εἰσοικίζεσθαι.
1165 5374 1346 5430 Paulo
1367 5367 1504 5428 ante
1534 5370 1674 5426 editi
1693 5367 1782 5420 καὶ
1802 5367 1878 5439 οὗ)

311 5456 612 5510 ὑπακούων.
646 5455 814 5506 Deest
839 5449 984 5505 illud
1010 5454 1099 5501 καὶ
1120 5449 1180 5502 in
1205 5444 1514 5501 codicibus
1536 5441 1715 5510 llarl.,
1757 5441 1907 5495 Med.

312 5533 366 5584 et
395 5526 590 5582 tribus
619 5522 748 5580 aliis
778 5527 836 5578 et
860 5520 1118 5577 editione
1149 5515 1551 5586 Haganoensi.

385 5579 502 5671 (vii)?
530 5579 741 5651 eam.
777 5591 927 5652 llarl.
959 5595 1019 5648 et
1039 5605 1196 5648 unus
1218 5579 1292 5646 οἱ
1323 5587 1516 5658 Regiis
1536 5583 1684 5638 ἕωλα.
1724 5579 1907 5639 Paulo

1998 1827 2172 1884 blicis
2202 1823 2492 1882 conviviis
2523 1823 2675 1877 inter
2705 1819 2926 1892 pocula
2961 1817 3235 1874 fabulam
3264 1815 3498 1872 facere?
3527 1817 3647 1885 Ego

2000 1917 2162 1974 enim
2180 1916 2229 1971 si
2249 1915 2412 1986 apud
2429 1911 2577 1968 alios
2609 1909 2926 1967 calumniis
2952 1912 3319 1981 peterer,vos
3341 1921 3493 1961 meae
3516 1920 3647 1960 sen-

1999 2007 2197 2064 tentiae
2253 2009 2428 2061 testes
2475 2003 2775 2058 citassem.
2810 2001 2875 2054 Et
2921 2013 3086 2054 nunc
3149 2009 3650 2068 unumquemque

2000 2101 2264 2152 vestrum
2279 2095 2520 2162 rogo,ut
2541 2095 2742 2146 vetera
2763 2087 2863 2144 illa
2883 2087 2943 2142 in
2964 2085 3322 2142 memoriam
3336 2082 3645 2152 revocetis,

2003 2200 2143 2241 cum
2163 2198 2275 2238 nos
2304 2181 2506 2237 civitas
2539 2179 2618 2236 ad
2647 2191 2857 2234 curam
2882 2176 3179 2246 juvenum
3202 2171 3650 2244 suscipiendam

2001 2275 2263 2334 vocaret,
2295 2286 2366 2326 ac
2388 2268 2608 2340 legatio
2637 2266 2876 2322 adesset
2903 2263 3263 2335 optimatum
3290 2278 3304 2316 :
3337 2259 3649 2333 quomodo

2003 2364 2183 2420 etiam
2214 2365 2427 2433 postea
2468 2372 2681 2414 omnes
2723 2353 2956 2427 passim
2993 2368 3106 2408 nos
3131 2349 3648 2417 circumsteterint,

2001 2451 2146 2525 quid
2167 2465 2292 2506 non
2315 2448 2531 2504 dantes
2551 2451 2575 2498 ?
2592 2444 2741 2519 quid
2764 2458 2888 2499 non
2908 2438 3294 2514 pollicentes?
3314 2453 3426 2494 nec
3445 2443 3652 2493 tamen

2001 2541 2266 2599 detinere
2294 2553 2408 2595 nos
2452 2535 2779 2608 potuerint.
2807 2531 3125 2598 Quomodo
3172 2528 3353 2600 igitur
3377 2527 3482 2599 qui
3510 2531 3652 2583 tunc

2000 2635 2250 2687 vocatus
2285 2641 2516 2683 morem
2542 2639 2666 2680 non
2698 2623 2880 2692 gessi,
2900 2636 3063 2676 nunc
3088 2634 3184 2675 me
3213 2616 3517 2674 intrudere
3547 2631 3653 2686 ag-

2003 2718 2283 2791 grederer
2299 2715 2613 2771 invocatus
2626 2713 2654 2768 ‘I
2671 2709 2981 2783 quomodo
2996 2708 3100 2781 qui
3118 2706 3436 2763 laudantes
3460 2720 3557 2760 me
3569 2708 3654 2761 at-

2001 2823 2119 2881 que
2138 2805 2505 2862 admirantes
2525 2800 3028 2871 fugiebam,nunc
3054 2793 3490 2851 calumniantes
3517 2807 3654 2863 per-

2004 2880 2324 2970 sequerer?
2356 2893 2481 2949 Hoc
2504 2891 2565 2946 in
2592 2889 2865 2945 animum
2885 2901 2962 2941 ne
2991 2883 3308 2948 inducatis,
3341 2897 3378 2937 o
3399 2880 3609 2952 optimi
3633 2897 3646 2949 ;

2004 2985 2221 3043 nonita
2232 2983 2378 3039 viles
2400 2985 2642 3036 suntres
2655 2977 3103 3044 nostrae.Neque
3125 2970 3283 3028 enim
3301 2971 3649 3041 quisquam,

1938 3095 1976 3149 (ς
2006 3075 2055 3132 si
2075 3073 2291 3146 sapiat,
2319 3069 2632 3139 navigium
2691 3064 3088 3136 gubernatore
3133 3057 3484 3114 destitutum
3508 3071 3652 3113 con-

2006 3163 2272 3233 scendet,
2302 3173 2501 3231 neque
2518 3156 2597 3213 ad
2626 3153 2950 3212 Ecclesiam
2973 3147 3236 3219 accedet,
3267 3147 3329 3202 in
3353 3161 3475 3219 qua
3503 3149 3650 3201 tem-

2004 3257 2301 3326 pestatem
2327 3264 2396 3305 ac
2422 3245 2747 3320 procellam
2776 3241 2860 3298 illi
2888 3239 3027 3312 ipsi,
3054 3237 3161 3326 qui
3189 3235 3268 3292 ad
3292 3234 3533 3291 clavum
3563 3249 3653 3289 se-

2005 3321 2169 3410 dent,
2200 3337 2482 3395 excitant.
2515 3333 2681 3390 Unde
2719 3330 2880 3387 enim
2918 3325 3142 3384 exstitit
3179 3323 3440 3381 tumultu
3472 3321 3655 3410 plena.

2005 3409 2232 3498 civitas,
2266 3441 2405 3482 cum
2424 3423 2700 3492 fugerent
2729 3416 3096 3484 alii,nemine
3125 3409 3654 3487 persequente,alii

2005 3497 2347 3574 clanculum
2377 3509 2820 3582 egrederentur,
2849 3504 3090 3560 nemine
3120 3501 3460 3564 invadente,
3483 3497 3655 3556 arioli

2003 3621 2148 3664 vero
2178 3609 2235 3660 et
2257 3600 2635 3658 somniorum
2692 3596 3045 3666 interpretes
3099 3604 3312 3647 omnes
3365 3593 3655 3644 terrorem

2007 3690 2400 3769 spargerent?
2432 3705 2505 3746 ex
2542 3702 2667 3760 qua
2713 3685 2832 3741 alia
2875 3683 3006 3739 haec
3043 3679 3277 3769 causa?
3316 3681 3522 3733 Nonne
3559 3675 3656 3731 vel

2005 3766 2194 3857 puero
2211 3781 2587 3851 compertum
2606 3791 2676 3831 ex
2696 3771 2902 3846 populi
2921 3768 3179 3825 ducibus
3199 3766 3372 3823 esse?
3391 3778 3655 3836 quorum

2005 3853 2325 3929 inimicitiae
2352 3881 2567 3923 causas
2580 3859 2984 3934 mihiquidem
2999 3872 3122 3913 non
3135 3856 3422 3912 decorum
3434 3853 3650 3924 dicere,

2006 3960 2180 4018 vobis
2204 3973 2344 4013 vero
2375 3953 2700 4024 intelligere
2728 3949 2994 4021 {omnino
3040 3945 3214 4002 facile
3252 3947 3360 3999 est.
3402 3941 3656 4003 Quando

2007 4050 2168 4107 enim
2200 4044 2492 4104 acerbitas
2523 4046 2580 4097 et
2611 4037 2914 4096 discordia
2952 4035 3030 4092 ad
3060 4038 3397 4090 extremum
3434 4029 3656 4086 sevitiae

2009 4137 2321 4194 cumulum
2351 4131 2987 4205 perducuntur,causaa
2999 4126 3203 4178 autem
3223 4117 3659 4192 expositioina-

2004 4228 2098 4286 nis
2134 4239 2384 4299 prorsus
2425 4223 2513 4276 est
2559 4222 2616 4274 et
2659 4213 2932 4279 ridicula,
2989 4209 3336 4268 manifestus
3360 4212 3450 4264 est
3472 4206 3660 4264 animi

2005 4294 2276 4381 morbus,
2309 4309 2516 4368 alienis
2545 4305 2796 4380 quidem
2849 4300 3026 4358 bonis
3069 4297 3519 4371 superveniens,
3552 4294 3661 4351 sed

2005 4402 2410 4463 domesticum
2439 4413 2510 4454 ac
2529 4395 2796 4469 primum
2822 4391 3056 4448 malum
3092 4385 3462 4457 aegrotantis.
3501 4385 3661 4440 Inest

2005 4494 2186 4552 etiam
2214 4489 2327 4546 illis
2360 4485 2525 4544 aliud
2548 4483 2839 4556 lepidum.
2884 4482 3037 4535 Dum
3065 4475 3228 4532 enim
3255 4472 3660 4529 dilacerantur

2003 4586 2187 4650 intus,
2219 4584 2277 4636 et
2299 4575 2662 4642 cruciantur,
2690 4568 3096 4628 calamitatem
3127 4561 3380 4636 prodere
3420 4575 3527 4633 per
3546 4575 3661 4633 pu-

2005 4648 2216 4730 dorem
2243 4682 2368 4725 non
2395 4665 2549 4720 licet.
2569 4666 2758 4733 Atque
2777 4660 2902 4715 haec
2918 4670 3127 4713 eorum
3145 4651 3331 4710 animi
3347 4648 3516 4706 labes
3532 4663 3660 4706 non

2006 4791 2301 4869 postAediti
2329 4785 2672 4869 ξαραϐαλλοι.
2705 4785 2822 4869 ξοδ
2850 4797 3009 4869 σξεεὶ
3029 4781 3096 4835 ut
3124 4777 3184 4832 in
3213 4779 3400 4832 textu.

2078 4841 2562 4936 (ἶὲῗῖἓτεξῇεσαν.
2591 4853 2744 4911 Harl.
2774 4852 2922 4908 Med.
2956 4856 3168 4907 etcum
3199 4861 3320 4902 uno
3349 4859 3424 4901 ex
3455 4841 3653 4914 Regiis

2009 4953 2311 5000 επεςηεσαν.

2082 4990 2194 5077 (Ξέ)
2235 5005 2446 5062 Πάντες.
2477 4995 2648 5077 VEditi
2697 4997 2916 5077 παντας,
2964 4991 3260 5077 neminem
3303 4990 3657 5077 rnon‘tgcne-

2009 5054 2444 5144 reiicit—cepta
2468 5076 2671 5144 tamen
2691 5054 2967 5144 editione:
2998 5060 3372 5144 Haganoensi
3407 5054 3661 5144 etiBas‘i-

2009 5127 2452 5218 iééiiéi'ﬁiin’a.
2486 5139 2827 5218 Lectiolisec
2857 5135 3002 5218 satis
3036 5127 3362 5190 commoda
3400 5127 3653 5194 videtur,

2013 5221 2118 5277 sed
2136 5207 2299 5275 nullo
2329 5229 2593 5287 prorsus
2610 5209 2810 5287 nititur
2835 5207 3220 5287 c‘odiceomss.

2083 5271 2406 5362 (Ξῖῖἶὲχᾉι.
2441 5289 2524 5340 Ita
2555 5281 2731 5362 llarl.,
2762 5279 2934 5362 Meg,
2964 5277 3134 5362 goisl.
3159 5271 3476 5347 primus,et
3503 5279 3661 5320 unus

2013 5351 2097 5418 ex‘
2116 5351 2335 5430 Regiis:
2359 5359 2496 5413 Tres
2521 5353 2619 5430 alii
2639 5356 2760 5426 ἔχῃ.
2797 5351 2942 5405 Edit‘i
2972 5351 3104 5430 ἔχει..

2083 5403 2619 5504 (ἑὲῖθῆξοξᾶνῖξῇζ
2648 5403 2980 5504 (icio-mss.
2995 5403 3163 5504 'iiditi
3194 5417 3450 5504 πρίονος.
3473 5403 3660 5465 Paulo

2011 5485 2325 5578 po‘st'ediii
2345 5504 2435 5554 καὶ
2464 5496 2588 5551 ἄλλο
2607 5514 2679 5550 τι.
2703 5492 2890 5550 Iidem
2919 5505 3066 5547 mss.
3098 5491 3164 5542 ut
3190 5485 3260 5540 in
3281 5485 3461 5540 textu.
