4100 6214
241 303 336 358 777

1221 283 1722 343 EPISTOLARUM
1765 277 2038 338 CLASSIS
2078 282 2149 340 ll.
2181 284 2397 345 EPIST.
2441 288 2594 347 CCX.

3479 303 3584 362 778

240 418 674 478 κατασϐεσθεῖσαν
723 414 819 471 τὴν
868 409 1064 468 πλάνην
1113 408 1444 463 ἀνανεοῦνται
1491 416 1577 462 νῦν
1627 410 1674 462 οἰ
1728 411 1811 465 τῆς

1934 404 2293 477 hypostases
2321 413 2665 485 repudiant,
2697 414 2755 469 et
2777 427 2998 471 nomen
3041 415 3163 475 Filii
3193 418 3293 476 Dei
3333 427 3581 493 negant.

238 513 494 584 ἀνωνύμου
539 505 653 578 (47)
722 504 922 562 ταύτης
967 499 1210 574 αἱρέσεως
1275 499 1556 574 ἐφευριται·
1617 499 1666 551 οἱ
1731 497 1824 558 τὰς

240 600 542 656 ὑποστάσεις
591 592 913 660 ἀθετοῦντες,
957 592 1136 641 καὶτὸ
1186 592 1349 662 ὄνομα
1404 594 1496 641 τοῦ
1555 589 1677 641 Υἱοῦ
1730 591 1822 638 τοῦ

239 695 363 745 Θεοῦ
385 684 776 758 ἀπαρνούμενοι.
803 677 928 745 Οὓς,
967 675 1051 730 ἐάν
1080 681 1151 750 μὴ
1199 680 1507 730 παύσωνται
1552 675 1823 736 λαλοῦντες

238 775 362 834 κατά
383 781 472 828 τοῦ
499 778 632 826 Θεοῦ
654 766 890 836 ἀδικίαν,
921 762 1207 843 ὀδύρεσθαι
1237 770 1347 841 χρὴ
1377 768 1507 838 μετὰ
1542 773 1642 818 τῶν
1668 764 1823 838 ἀρνη-

239 870 541 942 σιχρίστων.

301 941 352 1014 6,
380 958 560 1007 Ταῦτα
599 947 891 1021 ἀναγκαίως
952 944 1073 1018 ὑμῖν
1139 941 1556 1018 διεστειλάμεθα,
1617 945 1699 997 ἵνα
1733 945 1822 1004 τὰς

236 1048 327 1101 ἀπὸ
364 1051 461 1096 τῶν
499 1045 736 1114 πονηρῶν
769 1033 803 1090 δ
809 1032 1115 1108 ιδαγμάτων
1146 1032 1345 1108 βλάϐας
1379 1033 1693 1108 φυλάξησθε.
1735 1040 1819 1105 Τῷ

234 1143 331 1192 δντι
377 1134 500 1206 γὰρ,
530 1129 574 1182 εἰ
631 1129 738 1202 χρὴ
771 1128 862 1188 τὰς
908 1126 1138 1199 πονηρὰς
1165 1120 1519 1185 διδασκαλίας
1556 1131 1662 1184 τοίς
1715 1122 1819 1176 ὁλε-

235 1231 385 1301 θρίοις
427 1219 726 1295 φαρμάκοις
775 1215 1063 1288 ἐξομοιοῦν,
1091 1216 1156 1275 ὡς
1185 1215 1233 1267 οἱ
1275 1213 1397 1289 παρ’
1429 1213 1550 1287 ὑμῖν
1595 1213 1818 1287 ὁνειροσ-

230 1322 372 1371 κόποι
401 1314 556 1385 φασὶ,
588 1314 756 1360 ταῦτα
785 1304 897 1359 ἐστι
927 1309 1018 1357 καὶ
1063 1309 1289 1371 κώνειον,
1324 1308 1412 1356 καὶ
1449 1302 1703 1370 ἀκόνιτον,
1729 1307 1819 1356 καὶ

231 1409 270 1460 εί
294 1424 344 1458 τι
367 1403 540 1474 ἕτερον
567 1400 836 1472 φάρμακον
866 1390 1202 1468 ἀνδροφόνον.
1231 1400 1412 1446 Ταῦτα
1439 1392 1629 1465 ψυχῶν
1657 1389 1819 1451 δηλη-

230 1501 394 1570 τὴρια,
417 1490 528 1562 οὐχ
561 1490 610 1540 οἱ
634 1487 876 1559 ἡμέτεροι
905 1481 1227 1557 λόγοι,,ἇπερ
1266 1485 1321 1535 αἱ
1350 1482 1680 1541 οἰνόπληκτοι
1701 1479 1816 1551 (48)

227 1568 464 1659 μή-νιγγες
495 1575 744 1644 ἐκϐοῶσι,
781 1573 1203 1645 πολυφάνταστοι
1233 1568 1388 1625 οὖσαι
1414 1569 1508 1624 διὰ
1535 1575 1594 1624 τὸ
1626 1573 1812 1632 πάθος·

227 1673 328 1743 οὓς,
358 1675 494 1742 εἴπερ
534 1668 874 1738 ἓσωιρρὸνουν,
908 1663 1074 1735 ἐχρῆν
1105 1659 1318 1729 εἰδέναι,
1344 1663 1424 1715 ότι
1466 1667 1580 1724 ταῖς
1607 1662 1816 1735 ἀχράν-

1935 494 2166 560 Quibus
2225 499 2495 572 quidem,
2549 501 2666 558 nisi
2731 502 3009 562 desinant
3077 506 3244 581 loqui
3289 510 3584 570 adversus

1933 588 2122 676 Deum
2165 587 2544 662 iniquitatem
2571 594 2612 662 ¹,
2673 593 3003 665 lugendum
3035 601 3125 654 est
3170 611 3311 658 cum
3353 599 3426 658 iis
3475 603 3582 676 qui

1933 675 2233 734 Christum
2262 686 2521 752 negant.

2002 949 2059 1002 6.
2102 946 2239 1004 Haec
2264 947 2438 1004 vobis
2467 951 2807 1008 necessario
2855 952 3227 1028 scripsimus,
3257 961 3322 1014 ut
3349 957 3582 1021 damna

1929 1053 1963 1093 a
1995 1037 2196 1109 pravis
2226 1038 2608 1096 documentis
2656 1041 3074 1114 impendentia
3113 1048 3395 1105 caveatis.
3428 1053 3579 1109 Nam

1926 1142 2151 1195 revera,
2181 1127 2228 1182 si
2251 1143 2450 1198 pravae
2473 1128 2762 1186 doctrinae
2785 1147 2920 1187 cum
2949 1133 3295 1205 pharmacis
3313 1138 3580 1197 exitiosis

1928 1216 2379 1288 comparandae,
2411 1218 2937 1290 quemadmodum
2969 1223 3132 1294 apud
3163 1240 3272 1281 vos
3311 1230 3582 1287 somnio-

1927 1321 2061 1360 rum
2093 1304 2442 1378 interpretes
2471 1307 2700 1376 dicunt,
2732 1308 2861 1365 haec
2886 1315 3029 1367 sunt
3056 1317 3114 1368 et
3139 1313 3331 1371 cicuta
3361 1321 3418 1374 et
3445 1335 3582 1377 aco-

1926 1395 2138 1463 nitum,
2171 1398 2228 1451 et
2252 1396 2302 1450 si
2333 1395 2500 1468 quod
2522 1397 2688 1453 aliud
2720 1397 2937 1455 lethale
2968 1400 3394 1473 pharmacum.
3448 1407 3583 1467 Haec

1927 1489 2067 1540 sunt
2096 1483 2441 1541 animarum
2482 1501 2736 1555 venena,
2770 1503 2896 1543 non
2926 1490 3114 1547 nostri
3140 1508 3474 1564 sermones,
3515 1501 3583 1556 ut

1926 1573 2254 1632 temulenta
2298 1573 2400 1629 illa
2431 1574 2867 1632 cerebellorum
2905 1577 3217 1638 involucra
3247 1582 3577 1658 clamitant,

1927 1664 2070 1720 visis
2102 1663 2305 1719 multis
2335 1663 2414 1720 ob
2441 1665 2723 1721 morbum
2755 1667 2970 1724 referta
3001 1686 3015 1725 .'
3048 1686 3203 1743 quos
3231 1673 3504 1746 quidem,
3529 1678 3582 1734 si

229 1782 326 1824 τοις
355 1763 442 1812 καὶ
468 1759 654 1816 πάσης
681 1749 897 1814 κηλῖδος
931 1752 1335 1824 κεκαθαρμέναις
1365 1750 1568 1824 ψυχαῖς
1594 1755 1653 1805 τὸ
1692 1771 1811 1827 προ-

1928 1758 2224 1826 saperent,
2250 1767 2432 1809 nosse
2453 1753 2795 1826 oportebat,
2818 1755 3189 1816 intaminatis
3215 1765 3271 1818 et
3306 1763 3385 1820 ab
3411 1768 3581 1824 omni

227 1852 431 1925 φητικόν
493 1844 777 1916 ἑναυγάζει
835 1843 1104 1916 χάρισμα.
1175 1843 1305 1892 Οὔτε
1363 1843 1462 1915 γὰρ
1539 1842 1816 1916 κατόπτρῳ

225 1942 440 2015 ῥυπῶντι
471 1931 704 1989 δυνατὸν
750 1939 850 1983 τῶν
885 1929 1089 1983 εἰκόνων
1130 1925 1385 1993 δέξασθαι
1411 1931 1503 1991 τὰς
1545 1931 1815 2004 ἐμφάσεις,

225 2032 331 2084 οὔτε
355 2027 551 2100 ψυχὴν
583 2029 699 2084 ταῖς
745 2017 1025 2093 βιωτικαῖς
1070 2016 1480 2093 προειλημμένην
1523 2025 1815 2093 μερίμναις,

225 2124 306 2172 καὶ
331 2124 439 2179 τοῖς
485 2113 554 2167 ἐκ
599 2118 692 2165 τοῦ
723 2113 1042 2185 φρονήματος
1074 2115 1166 2168 τῆς
1207 2108 1400 2180 σάρκὸς
1438 2107 1816 2184 ἐπισκοτουμέ-

222 2229 306 2268 νην
332 2207 554 2271 πάθεσι,
589 2199 811 2255 δυνατόν
858 2193 1215 2259 ὑποδέξασθαι
1245 2203 1338 2249 τοῦ
1384 2195 1536 2270 ἀγίου
1581 2202 1816 2272 Πνεῦμα-

224 2317 300 2361 τος
337 2298 422 2357 τὰς
444 2289 754 2364 ἕλὶάμψεις.
789 2286 864 2340 Οὐ
889 2288 990 2361 γὰρ
1021 2292 1122 2338 πᾶν
1161 2283 1391 2339 ἐνύπνιον
1423 2286 1574 2348 εὐθὺς
1611 2307 1814 2361 προφη-

221 2391 342 2456 τεία,
389 2386 457 2446 ὧς
513 2399 650 2455 φησι
678 2381 974 2450 Ζαχαρίας.
1019 2378 1206 2450 Κύρίος
1262 2373 1474 2447 ἐποίησε
1507 2383 1812 2448 φαντασίαν,

221 2480 301 2528 καὶ
339 2474 480 2527 ὑετὸν
526 2469 844 2543 χειμερινὸν,
879 2460 1020 2517 διότι
1049 2465 1098 2516 οἱ
1141 2462 1585 2538 ἀποφθεγγόμενοι
1635 2465 1814 2526 ἐλάλη-

224 2583 308 2617 σαν
331 2567 554 2631 κόπους,
595 2561 685 2610 καὶ
714 2557 781 2608 τὰ
818 2553 1028 2608 ἐνύπνια
1064 2549 1238 2626 ψευδῆ
1273 2552 1496 2606 ἐλάλουν.
1552 2555 1711 2608 Οὗτοι
1755 2553 1815 2610 6“;

222 2652 410 2706 κάκεῖνο
438 2650 752 2723 ἀγνοοῦσιν,
785 2646 834 2699 οἱ
862 2646 997 2696 κατὰ
1026 2645 1112 2696 τόν
1142 2642 1360 2696 Ἠσαίαν
1395 2642 1814 2718 ἐνυπνιαζόμενοι

228 2747 308 2794 καὶ
341 2747 515 2799 κοίτην
547 2735 811 2811 φιλοῦντες
855 2733 1131 2801 νυστάξαι,
1180 2733 1261 2785 ὅτι
1312 2733 1560 2796 πολλάκις
1588 2732 1814 2806 ἐνέργεια

227 2831 407 2894 πλάνης
429 2825 806 2883 ἀποστέλλεται
837 2823 920 2877 ἐπὶ
945 2826 1068 2885 τοὺς
1104 2824 1250 2885 υἱοὺς
1281 2831 1374 2885 τῆς
1403 2821 1681 2885 ἀπειθείας.
1712 2830 1812 2878 Καὶ

229 2922 332 2975 εστι
384 2927 590 2993 πνεῦμα
620 2911 834 2988 ψευδὲς,
867 2913 914 2983 ὃ,
943 2911 992 2966 ἓν
1037 2919 1144 2972 τοῖς
1193 2908 1656 2986 ψευδοπροφήταις
1705 2915 1810 2985 (49)

227 3017 495 3084 γενόμενον,
527 3011 623 3061 τὸν
655 3002 868 3078 Ἀχαὰϐ
903 3001 1215 3066 ἐξηπάτησε.
1253 3008 1433 3056 Ταῦτα
1455 3000 1647 3065 εἰδότες
1677 3003 1808 3076 (50),

229 3097 326 3153 ἔδει
349 3105 418 3174 μή
440 3104 698 3154 τοσοῦτον
727 3094 1104 3168 ὑπεραρθηναι,
1126 3094 1259 3145 ὥστε
1280 3092 1479 3154 ἑαυτοῖς
1497 3099 1810 3168 προφητείαν

225 3192 660 3262 προσμαρτυρεῖν,
685 3184 735 3237 οἴ
760 3200 819 3256 γε
857 3177 1153 3235 δείκνυνται
1181 3185 1272 3234 καὶ
1317 3187 1410 3234 τοῦ
1457 3180 1808 3235 οἰωνοσκόπου

227 3277 428 3350 Βαλαὰμ
473 3283 572 3336 τῆς
622 3270 886 3346 ἀκριϐείας
944 3268 1363 3343 ἀπολειπόμενοι.
1419 3268 1533 3333 Ὃς,
1579 3271 1679 3324 ὑπὸ
1717 3278 1810 3324 τοῦ

225 3364 476 3438 βασιλέως
509 3372 613 3417 τῶν
641 3359 930 3417 Μωαϐιτῶν
961 3357 1045 3411 ἐπὶ
1069 3363 1344 3431 μεγίσταις
1394 3355 1610 3432 δωρεαῖς
1656 3379 1810 3433 μετα.

223 3453 446 3523 κληθεις,
497 3453 595 3507 οὐκ
640 3452 894 3522 ἠνέσχετο
939 3449 1050 3519 (51)
1090 3445 1291 3520 ἀφεῖναι
1340 3452 1508 3520 φωνὴν
1559 3452 1704 3524 παρά
1749 3452 1808 3502 τὸ

227 3540 474 3614 βούλημα
507 3548 599 3594 τοῦ
641 3540 796 3606 Θεοῦ,
840 3534 964 3592 οὐδὲ
1005 3537 1311 3612 ἀράσασθαι
1353 3541 1438 3589 τὸν
1487 3537 1722 3612 Ἰσραὴλ,
1755 3538 1808 3591 ὃν

223 3631 318 3683 οῦκ
343 3628 530 3705 ἀρᾲται
572 3632 775 3705 Κύριος.
818 3627 880 3682 Εἰ
927 3629 1018 3700 μεν
1049 3623 1136 3680 οὖν
1166 3634 1278 3687 ταῖς
1309 3625 1530 3688 ἐντολαῖς
1567 3634 1660 3680 τοῦ
1708 3635 1806 3681 Κυ-

217 3726 332 3794 ρίου
363 3721 417 3773 αἱ
454 3721 591 3772 κατὰ
635 3723 722 3772 τόν
768 3718 925 3772 ὕπνον
955 3717 1122 3769 αὐτῶν
1156 3723 1437 3790 φαντασίαι
1491 3722 1808 3793 συντρέχου-

218 3829 318 3878 σιν,
357 3811 725 3885 ἀρκείσθωσαν
750 3815 855 3868 τοῖς
880 3807 1228 3879 Εὐαγγελίοις,
1261 3803 1508 3880 οὐδεμιᾶς
1558 3805 1807 3880 βοηθείας

216 3897 266 3951 ἐκ
303 3908 400 3952 τῶν
430 3899 643 3973 ὀνείρων
673 3897 744 3958 εἰς
773 3901 866 3956 τὴν
908 3895 1240 3960 ἀξιοπιστίαν
1292 3894 1715 3970 προσδεομένοις·
1765 3898 1807 3950 εἰ

215 3984 271 4042 δι
293 3989 318 4041 ό
345 3993 436 4062 μὶν
473 3991 668 4062 Κύριος
717 3991 810 4045 τὴν
862 3985 1046 4038 ἑαυτοῦ
1095 3985 1300 4061 εἰρήνην
1326 3985 1518 4058 ἀφῆκεν
1549 3988 1695 4058 ἡμῖν,
1718 3993 1806 4040 καὶ

214 4075 410 4136 ἐντολήν
440 4083 630 4137 καινὴν
674 4073 862 4129 ἔδωκεν
911 4077 1056 4149 ἡμῖν,
1089 4079 1174 4127 ἶνα
1216 4074 1495 4148 ἀγαπῶμεν
1534 4075 1804 4142 ἀλλήλους,

213 4167 272 4219 τὰ
336 4163 395 4222 δι
460 4169 709 4241 ὀνείρατα
771 4167 955 4238 μάχην
1018 4168 1107 4216 καὶ
1137 4160 1422 4217 διάστασιν
1461 4169 1551 4217 καὶ
1598 4163 1807 4236 ἀγάπης

208 4253 498 4330 ἀφανισμόν
532 4256 814 4327 ὑφηγεῖται
844 4254 956 4326 (52)
981 4274 993 4286 ·
1035 4256 1108 4325 μὴ
1169 4248 1469 4304 διδότωσαν
1508 4257 1686 4325 καιρὸν
1735 4262 1806 4325 τῷ

209 4339 428 4416 διαϐόλῳ
456 4342 557 4399 διά
588 4350 679 4396 τοῦ
709 4343 869 4396 ὕπνου
915 4349 1026 4402 ταῖς
1068 4341 1275 4413 ψυχαῖς
1312 4341 1478 4393 αὐτῶν
1506 4339 1801 4394 ἐπιϐαίνειν

203 4431 336 4502 μηδὲ
389 4439 694 4508 κυριώτερα
744 4437 1055 4486 ποιείτωσαν
1107 4433 1173 4484 τὰ
1228 4429 1350 4504 παρ’
1421 4429 1612 4483 ἑαυτῶν
1689 4433 1804 4502 (53)

204 4526 552 4598 φαντάσματα
577 4530 678 4576 τῶν
721 4526 994 4596 σωτηρίων
1025 4517 1394 4594 ὃιδαγμάτων.

199 4643 289 4774 L'
327 4647 466 4706 Psal
495 4662 689 4717 Lxxn',
707 4651 760 4704 6.
839 4647 861 4681 ³
887 4645 1063 4703 Zach.
1087 4661 1139 4716 x,
1168 4651 1217 4716 t,
1267 4650 1320 4702 2.

304 4734 431 4774 sea.

304 4734 431 4792 seq.

265 4843 383 4917 (47),
410 4850 528 4907 Τῆς
579 4842 1167 4917 évwvuyov._Videtu1f
1220 4843 1474 4900 Basilius
1522 4841 1802 4917 haeresim

201 4911 824 4972 illam'innominatam
838 4915 986 4983 ,sive
1000 4915 1245 4971 nomine
1263 4920 1564 4970 carentem
1582 4915 1802 4978 dicere,

201 4986 336 5056 quia
359 5003 599 5042 nomen
626 4986 750 5042 Filii
793 4986 1055 5046 tollebat.
1091 5003 1161 5043 ac
1189 4987 1474 5042 traditum
1514 4985 1799 5054 negabat.

268 5058 378 5129 (48)
419 5057 595 5133 ’Δπερ
619 5059 674 5111 αἱ
703 5058 1054 5133 οἰνόπληκτο-ι.
1091 5057 1189 5133 _Sic
1220 5073 1433 5133 omnes
1476 5057 1664 5133 nostri
1707 5072 1803 5112 co-

203 5124 554 5202 dices,pr
566 5124 838 5202 excepto,
871 5130 974 5202 qui
1007 5127 1191 5186 habet
1219 5129 1342 5202 ὅπερ
1370 5129 1424 5180 αἱ
1455 5126 1802 5201 οἱνοςολυκτοι.

364 5200 487 5276 ’ἀλλ’
517 5199 650 5276 οἷπερ
673 5198 732 5254 αἱ
754 5198 1095 5276 οἰνόφλυκτοι.

270 5273 380 5348 (49)
421 5269 924 5348 Ψευδοπροφήταίς.
1000 5271 1174 5330 Coisl.
1225 5270 1456 5344 primus
1537 5274 1595 5327 et
1652 5269 1802 5326 Med.

206 5347 514 5412 προφήταις.

237 5357 610 5487 ρῖἔὲἶῗιξάῦτα
635 5409 852 5487 sidat-5;.
894 5414 1064 5470 Coisl.
1093 5419 1364 5487 uterque,
1389 5413 1540 5472 Med.
1571 5422 1627 5470 et
1648 5429 1807 5487 unus

206 5492 272 5535 ex
309 5485 514 5555 Regiis
546 5493 714 5538 ταῦτα
747 5482 975 5547 εἰδότας.
1008 5486 1156 5542 Nihil
1209 5482 1410 5542 tamen
1442 5485 1806 5542 mutandum

205 5557 580 5623 putavimus,
618 5557 698 5613 ob
723 5573 827 5615 eas
855 5573 1082 5614 causas
1101 5573 1255 5631 quas
1297 5556 1485 5616 modo
1519 5557 1805 5614 diximus.

493 5646 740 5705 ΡΑτιιοι..
773 5648 874 5706 Gn.
908 5647 1106 5704 XXXII.

1399 4647 1419 4680 ⁴
1459 4648 1574 4703 Isa.
1627 4661 1773 4714 xxxx,
1807 4647 1859 4702 8.

1927 1841 2168 1899 macula
2197 1843 2543 1914 expurgatis
2570 1843 2874 1900 mentibus
2896 1845 3316 1919 propheticum
3346 1851 3580 1914 donum

1925 1931 2190 1988 illucere.
2249 1933 2451 2003 Neque
2510 1933 2670 1987 enim
2730 1933 2976 2005 speculo
3031 1937 3279 1996 sordido
3326 1949 3583 2012 possunt

1927 2020 2264 2091 imaginum
2297 2019 2488 2093 excipi
2515 2021 2777 2092 species;
2817 2038 3014 2097 neque
3044 2027 3252 2084 anima
3281 2031 3581 2088 saeculari-

1926 2111 2041 2167 bus
2062 2115 2490 2183 praaoccupata
2511 2111 2687 2178 curis,
2704 2116 2761 2167 et
2777 2114 2871 2168 cui
2894 2115 3152 2171 carnalis
3169 2133 3381 2174 sensus
3405 2121 3583 2180 aﬁ‘ec-

1925 2200 2006 2257 tio
2029 2198 2310 2255 tenebras
2341 2198 2619 2267 offundit,
2634 2199 3094 2260 illustrationem
3117 2205 3366 2278 Spiritus
3388 2211 3581 2268 sancti

1923 2291 2189 2362 recipere
2220 2293 2437 2362 potest.
2470 2292 2598 2346 Non
2629 2290 2790 2348 enim
2823 2308 3005 2349 omne
3041 2296 3348 2353 somnium
3381 2301 3580 2358 statim

1925 2378 2246 2452 prophetia
2302 2383 2412 2448 est,
2462 2383 2522 2435 ut
2575 2380 2659 2436 ait
2696 2381 3056 2439 Zacharias:
3116 2385 3406 2444 Dominus
3433 2391 3580 2459 fecit

1921 2469 2338 2537 phantasiam,
2379 2473 2434 2523 et
2463 2467 2738 2536 pluviam
2783 2469 3119 2539 hibernam,
3145 2475 3290 2544 quia
3309 2479 3583 2535 sermoci-

1924 2561 2138 2612 nantcs
2165 2556 2355 2612 locuti
2381 2561 2525 2611 sunt
2556 2556 2804 2629 labores,
2845 2564 2899 2614 et
2933 2563 3165 2617 somnia
3190 2562 3358 2632 falsa
3386 2563 3583 2639 loque-

1925 2644 2149 2702 bantur
2170 2646 2212 2697 ³.
2239 2644 2306 2699 Hi
2335 2648 2537 2700 autem
2557 2644 2663 2716 qui
2685 2646 3019 2703 secundum
3041 2650 3259 2707 Isaiam
3278 2655 3584 2713 somniant

1925 2737 1982 2790 et
2003 2732 2329 2789 dormitare
2358 2736 2568 2788 amant
2610 2732 2673 2788 in
2722 2733 2966 2803 cubili‘,
3017 2736 3166 2792 illud
3201 2739 3381 2797 etiam
3404 2743 3580 2812 igno-

1921 2825 2078 2887 rant,
2125 2836 2284 2893 saepe
2331 2821 2744 2893 operationem
2783 2825 2998 2880 erroris
3026 2825 3268 2884 immitti
3313 2829 3376 2884 in
3422 2830 3578 2888 ﬁlios

1921 2911 2268 2969 difﬁdentiae
2285 2912 2328 2966 ⁸.
2378 2913 2477 2966 Est
2515 2915 2571 2967 et
2623 2911 2863 2984 spiritus
2891 2913 3176 2982 mendax,
3214 2917 3320 2988 qui
3349 2934 3488 2975 cum
3513 2920 3576 2977 in

1917 3001 2085 3059 falsis
2114 2999 2424 3073 prophetis
2450 3005 2624 3072 esset,
2653 3001 2858 3058 Achab
2903 3002 3140 3076 decepit
3159 3007 3201 3060 °.
3232 3007 3364 3063 Haec
3389 3009 3578 3066 scien-

1847 3119 1889 3174 ρ
1919 3095 2007 3149 tes
2057 3106 2183 3147 non
2235 3089 2556 3162 oportebat
2606 3089 2759 3148 adeo
2807 3092 3139 3165 superbire,
3190 3100 3256 3151 ut
3304 3095 3572 3171 sibiipsis

1917 3179 2247 3265 prophetiae
2313 3178 2548 3234 donum
2593 3179 2994 3237 ascriberent:
3052 3183 3155 3254 qui
3206 3197 3283 3241 ne
3321 3187 3571 3257 auguris

1915 3269 2164 3344 quidem
2212 3267 2457 3324 Balaam
2514 3267 2885 3338 diligentiam
2942 3273 3187 3345 assequi
3240 3273 3571 3348 deprehen-

1914 3359 2159 3416 duntur.
2205 3361 2258 3413 Is
2288 3358 2450 3413 enim
2472 3373 2508 3413 a
2539 3357 2928 3415 Moabitarum
2958 3375 3120 3431 rege,
3161 3365 3403 3434 magnis
3433 3383 3570 3423 mu-

1915 3448 2159 3505 neribus
2189 3447 2432 3516 oblatis,
2461 3447 2805 3517 accersitus,
2832 3448 3056 3506 adduci
3105 3466 3227 3508 non
3269 3455 3484 3524 potuit,
3506 3461 3572 3513 ut

1912 3554 2128 3595 vocem
2171 3541 2390 3610 praeter
2437 3537 2536 3592 Dei
2576 3536 2945 3593 voluntatem
2994 3539 3306 3610 emitteret,
3339 3549 3445 3600 aut
3486 3545 3569 3600 Is-

1913 3626 2058 3683 raeli
2091 3626 2492 3692 malediceret,
2521 3625 2617 3680 cui
2648 3626 2937 3680 Dominus
2959 3641 3082 3682 non
3109 3629 3565 3689 maledicebat7.

1914 3716 2120 3788 Itaque
2151 3716 2199 3770 si
2229 3714 2546 3786 praeceptis
2577 3713 2815 3770 Domini
2845 3713 3048 3771 oblata
3097 3715 3211 3772 illis
3256 3721 3364 3790 per
3406 3736 3569 3775 som-

1913 3821 2061 3863 num
2112 3805 2242 3861 visa
2290 3803 2691 3873 consentiunt,
2739 3804 3000 3860 contenti
3041 3804 3160 3860 sint
3209 3807 3562 3880 Evangeliis,

1912 3908 2047 3967 quae
2096 3893 2473 3949 somniorum
2515 3891 2798 3964 praesidio
2855 3892 2932 3948 ad
2981 3891 3168 3950 ﬁdem
3219 3893 3566 3956 faciendam

1912 3999 2036 4039 non
2067 3983 2355 4053 indigent.
2393 3981 2572 4053 313
2613 3981 2784 4047 Quod
2825 3981 2875 4037 si
2921 3997 3137 4054 pacem
3172 3999 3344 4040 suam
3389 3987 3566 4046 nobis

1912 4071 2151 4144 reliquit
2199 4072 2508 4141 Dominus,
2558 4086 2907 4144 novumque
2972 4070 3150 4128 nobis
3208 4075 3566 4133 mandatum

1913 4161 2098 4230 dedit,
2122 4161 2529 4232 utdiligamus
2547 4161 2827 4230 invicem,
2861 4161 3101 4219 somnia
3126 4179 3264 4219 vero
3293 4180 3564 4237 pugnam

1913 4268 1984 4309 ac
2001 4251 2318 4307 dissidium
2342 4255 2398 4307 et
2419 4251 2720 4307 charitatis
2757 4253 3213 4310 exstinctionem
3240 4254 3563 4324 inducunt;

1912 4355 2035 4397 non
2095 4341 2240 4396 dent
2282 4341 2666 4396 occasionem
2717 4340 2963 4396 diabolo
3014 4344 3287 4414 ipsorum
3331 4344 3566 4401 animas

1911 4445 2020 4503 per
2051 4447 2334 4486 somnum
2372 4429 2724 4499 invadendi,
2757 4445 2868 4486 nec
2911 4432 3036 4486 suis
3073 4432 3405 4489 visionibus
3429 4434 3566 4507 plus

1910 4520 2195 4591 tribuant,
2227 4535 2414 4592 quam
2446 4519 2812 4576 salutaribus
2850 4519 3249 4579 documentis.

1938 4645 1959 4680 ‘
2001 4644 2222 4717 Ephes.
2258 4659 2316 4712 ιι,
2343 4647 2398 4699 2.
2474 4644 2496 4680 ⁸
2536 4645 2604 4700 lll
2644 4646 2785 4715 Reg.
2817 4659 2961 4716 xxn,
2993 4649 3078 4704 22.
3156 4647 3176 4680 ⁷
3219 4649 3400 4705 Num.
3435 4665 3565 4721 mi,

1912 4843 2115 4922 Neque
2145 4838 2324 4922 enim.
2347 4844 2644 4910 repugnat
2667 4839 2915 4922 vulgata
2945 4841 3246 4922 scriptura
3267 4843 3422 4922 stylo
3466 4847 3568 4922 Ba-

1914 4912 2048 4982 silii,
2083 4928 2152 4967 ac
2182 4917 2473 4983 praeterea
2519 4912 2810 4983 reperitur
2864 4912 2928 4968 in
2979 4912 3292 4971 Harlazano
3321 4912 3406 4972 'et
3435 4915 3567 4972 aliis

1911 4983 2243 5040 codicibus.

1985 5055 2103 5125 (51)
2144 5057 2446 5126 Ἢνέσχετο.
2492 5052 2584 5109 Sic
2623 5051 2897 5126 plerique
2923 5053 3173 5126 codices
3228 5073 3378 5112 mss.
3416 5055 3568 5112 Editi

1914 5124 2172 5203 ἠνείχετο.
2213 5124 2399 5203 Paulo
2429 5129 2568 5203 ι)ρεῖ
2620 5124 2772 5203 éfiitt
2799 5124 2857 5176 όν
2879 5124 2936 5178 οῦ
2959 5133 3272 5203 καταρᾶται,
3315 5134 3371 5184 et
3409 5127 3568 5184 infra

1912 5194 2186 5270 «poet-ias
2226 5194 2580 5270 ἀξιοπιστίαν.
2631 5195 2880 5253 Codices
2917 5213 3062 5255 mss.
3095 5194 3370 5254 'summo
3426 5213 3568 5252 con-

1915 5267 2099 5325 sensu
2133 5267 2194 5322 ut
2223 5267 2282 5322 in
2321 5273 2505 5323 textu.

2135 5339 2452 5428 '.}:?n,73.z7“"
2487 5339 2830 5428 ItanPOYem
2859 5355 3010 5428 mss.
3048 5339 3220 5428 ‘Bditi
3245 5336 3564 5428 ἀφηζᾷται.

1987 5410 2102 5479 (53)
2140 5408 2277 5482 Ιῐαρ¹
2303 5411 2521 5470 ἑαυτῶν.
2563 5411 2656 5468 Sic
2708 5416 2824 5469 tres
2866 5409 3260 5467 vetustissimi
3304 5408 3565 5466 Codices.

1915 5482 2064 5540 Edili
2096 5483 2217 5556 παρ’
2248 5482 2428 5540 αὑτοῦ,

3249 5639 3319 5698 25
