4100 6214
550 268 656 325 ’ΠΩ

977 383 1313 444 EPISTULA
1354 390 1563 447 CCXl‘.

1928 261 1985 316 s.
2020 258 2273 316 BASILII
2311 259 2563 317 nam.
3750 286 3831 340 τεο

2958 393 3301 443 ΕΠΙΣΤΟΛΗ
3338 392 3453 446 ΣΙΔ(

550 479 873 550 Signiﬁcat
901 490 980 545 se,
1017 477 1184 533 lectis
1234 478 1504 549 Olympii
1534 478 1745 535 litteris
1773 475 2039 550 ﬁliisque
2062 476 2231 550 illius
2259 476 2420 543 visis,
2455 477 2706 550 oblitum
2737 491 2857 550 esse
2888 480 3101 534 veneni
3118 480 3684 543 Neocaasariensium:
3706 492 3840 549 addi:

1336 566 1396 607 se
1414 546 1551 620 jam
1581 553 1817 605 litteras
1844 546 2073 603 dedisse
2102 552 2155 603 et
2186 546 2498 617 daturum,
2529 550 2582 604 si
2612 549 2767 605 volet
2802 548 3145 619 Olympius.

1234 640 1531 709 Olympio.

622 733 687 786 Et
742 729 906 785 lectis
954 728 1315 799 praestantiae
1372 733 1487 783 tuas
1538 729 1773 792 litteris,
1818 726 2014 782 factus
2071 741 2210 780 sum

550 821 788 893 meipso
819 817 1065 873 hilarior
1095 834 1165 873 ac
1196 818 1470 885 alacrior,
1500 825 1557 875 et
1585 819 1689 874 ubi
1720 834 1859 874 cum
1912 815 2213 887 Optatissi-

552 910 668 967 mis
690 910 805 965 tuis
835 908 973 963 ﬁliis
997 924 1135 964 sum
1168 908 1526 973 collocutus,
1552 910 1811 981 teipsum
1836 907 2039 963 videre
2064 906 2211 961 mihi

552 1000 722 1056 visus
750 1013 907 1053 sum.
942 996 1035 1060 Hi,
1068 1013 1209 1053 cum
1234 996 1523 1055 afﬂictam
1571 997 1821 1053 omnino
1848 1012 2049 1051 meam
2087 996 2213 1051 ani-

552 1104 723 1145 mam
750 1085 1165 1157 offendissent,
1212 1087 1298 1141 sic
1329 1086 1681 1153 affecerunt,
1713 1091 1779 1141 ut
1829 1084 2213 1141 obliviscerer

553 1176 792 1243 veneni,
816 1175 981 1247 quod
1004 1175 1169 1246 apud
1190 1192 1296 1231 vos
1321 1175 1697 1231 somniorum
1714 1174 2054 1230 venditores
2066 1190 2212 1229 cau-

553 1280 892 1337 ponesque.
947 1267 1011 1318 ut
1058 1279 1095 1318 a
1158 1264 1379 1335 quibus
1438 1263 1719 1319 conducti
1764 1267 1904 1318 sunt
1954 1262 2213 1331 gratiam

554 1355 778 1424 ineant,
805 1356 1015 1408 contra
1044 1367 1155 1407 nos
1176 1352 1627 1408 circumferunt.
1647 1352 1941 1425 Epistolas
1962 1352 2210 1423 quidem

549 1444 679 1513 jam
698 1442 1025 1498 nonnullas
1052 1441 1211 1510 misi,
1233 1442 1382 1497 alias
1406 1446 1610 1497 autem
1630 1441 1691 1497 in
1713 1446 2024 1513 posterum
2045 1440 2213 1496 dabi-

555 1548 714 1600 mus,
740 1532 789 1587 si
812 1530 1003 1588 voles.
1022 1530 1465 1588 Tantummodo
1494 1531 1730 1603 prosint
1757 1529 2208 1602 accipientibus.

1054 1727 1395 1784 EPISTULA
1434 1728 1683 1786 CCXII“.

2983 640 3268 713 Ὀλυμπίῳ.

2394 730 2493 778 Καὶ
2544 733 2655 787 τοῖς
2711 730 3018 799 γράμμασιν
3061 728 3291 801 ἐντυχὼν
3329 739 3422 793 τῆς
3458 741 3725 805 τιμιότητος
3752 760 3839 813 σον,

2321 810 2486 870 ἡδίων
2530 812 2755 885 ἐμαυτοῦ
2814 820 2903 866 καὶ
2956 816 3298 892 εύθυμότερος
3341 818 3590 894 ἐγενόμην,
3641 832 3717 879 καὶ
3760 810 3841 892 τοῖς

2319 904 2703 963 ποθεινοτάτοις
2766 906 2931 957 υἱέσιν
3000 906 3068 966 εὶς
3140 908 3345 979 ὁμιλίαν
3403 908 3571 978 ἐλθὼν,
3622 914 3750 966 αὐτόν
3802 938 3842 971 σε

2320 988 2476 1053 ἔδοξα
2518 993 2765 1063 καθορῷ.
2800 996 2887 1062 Οἳ,
2914 992 3048 1047 πάνυ
3080 1016 3179 1067 μου
3235 998 3345 1067 (54)
3378 1003 3469 1058 τὴν
3521 1000 3689 1073 ψυχὴν
3728 1025 3844 1059 mu.

2320 1084 2550 1152 κωμένην
2608 1080 3019 1154 παραλαϐόντες,
3069 1085 3206 1136 οὕτω
3263 1082 3525 1158 διέθηκαν,
3557 1092 3677 1143 ὥστε
3709 1092 3845 1146 Emis-

2322 1171 2503 1221 Οέσθαι
2558 1188 2621 1242 με
2687 1179 2778 1222 τοῦ
2836 1178 2956 1246 παρ’
3008 1174 3129 1245 ὑμῖν
3181 1176 3471 1245 κωνείου,ὃ
3523 1180 3569 1229 οἱ
3618 1178 3845 1251 ὀνειροπῶ-

2318 1257 2404 1310 λαι
2591 1264 2681 1313 καὶ
2734 1258 3146 1334 ὀνιιροκάπηλοι,
3192 1263 3265 1325 εἰς
3316 1270 3407 1323 τὴν
3446 1274 3540 1318 τῶν
3577 1266 3847 1341 ἐκμισῦωσα-

2319 1352 2479 1420 μένων
2519 1348 2705 1409 αὐτοὺς
2762 1352 2946 1424 χάριν,
2985 1351 3101 1403 καθ’
3144 1354 3288 1423 ἡμῶν
3342 1360 3700 1429 περιφέρουσιν.
3743 1360 3850 1412 Ἐπιο

2322 1436 2507 1498 στολὰς
2549 1434 2607 1489 δὲ
2644 1440 2731 1498 τὰς
2772 1442 2862 1511 μὲν
2890 1438 3098 1513 ἔπεμψα
3140 1443 3271 1512 (56),
3305 1444 3393 1503 τὰς
3425 1441 3481 1496 δὲ
3517 1451 3599 1497 καὶ
3626 1446 3688 1507 εἰς
3728 1449 3850 1500 ύστε-

2318 1544 2406 1599 ρον
2467 1522 2726 1597 δώσομεν,
2760 1527 2843 1579 ἐὰν
2896 1527 3088 1602 ἐθέλῃς.
3143 1535 3311 1583 Μόνον
3347 1534 3421 1590 εἴη
3470 1536 3518 1586 τί
3563 1535 3718 1605 ὅῳιλος
3755 1538 3849 1609 παρ’

2318 1615 2486 1667 αὐτῶν
2512 1623 2618 1676 τοῖς
2643 1614 3026 1689 λαμϐάνουσιν.

2823 1730 3117 1779 ΕΠΙΣΤΟΛ
3136 1732 3177 1779 Η
3218 1726 3332 1780 ΣΙΒ’

554 1836 833 1891 Dolorem
860 1848 1036 1889 suum
1064 1836 1370 1905 signiﬁcat
1395 1835 1555 1906 quod
1582 1835 1908 1891 Dazimonc
1934 1832 2248 1906 Hilarium
2278 1832 2963 1906 non_viderit.1njurias
2995 1836 3375 1892 inimicorum
3399 1846 3777 1896 commemorat
3799 1856 3855 1897 ac

626 1922 739 1982 sua
770 1921 904 1982 cum
932 1903 1235 1982 Anomazis
1263 1903 1441 1978 belld,
1471 1914 1525 1963 et
1556 1922 1690 1963 cum
1716 1908 1789 1963 iis
1817 1908 1917 1978 qui
1938 1906 2125 1962 medii
2161 1904 2276 1960 sibi
2307 1903 2610 1960 videntur.
2656 1905 2966 1962 Hilarium
2998 1906 3220 1963 morbis
3269 1909 3635 1968 laborantem
3667 1912 3737 1969 ad
3767 1926 3855 1982 pa-

628 1978 903 2034 tientiam
929 1977 1240 2036 hortatur.

1245 2068 1514 2124 Hilario.

630 2160 677 2211 t.
714 2156 867 2221 Quid
903 2172 1158 2228 passum
1188 2172 1286 2212 me
1317 2172 1447 2211 esse
1476 2160 1674 2229 putas,
1704 2160 1811 2212 aut
1852 2172 1975 2229 quo
2006 2157 2212 2213 animo

551 2243 760 2315 fuisse,
792 2260 933 2300 cum
963 2245 1287 2300 Dazimona
1318 2246 1477 2313 veni,
1507 2261 1578 2300 ac
1617 2244 1801 2301 didici
1831 2246 2041 2318 paucis
2074 2249 2213 2317 post

553 2333 885 2389 adventum
908 2349 1115 2388 meum
1135 2333 1353 2389 diebus
1379 2334 1730 2389 facundiam
1765 2340 1930 2389 tuam
1956 2334 2210 2389 exiisse?

553 2424 683 2478 Non
722 2422 885 2477 enim
920 2420 1119 2478 solum
1158 2425 1237 2478 ob
1268 2422 1435 2478 illam
1466 2422 1955 2492 admirationem,
1986 2440 2109 2495 qua
2156 2428 2211 2478 te

552 2525 591 2567 a
620 2510 840 2566 teneris
869 2515 1229 2581 prosecutus
1264 2527 1420 2577 sum,
1455 2513 1658 2567 statim
1690 2512 1768 2566 ab
1800 2512 1945 2584 ipsis
1982 2512 2213 2567 schola-

552 2614 689 2654 rum
702 2599 1226 2655 exercitationibus
1248 2600 1617 2675 colloquium
1640 2606 1811 2656 tuum
1830 2617 2067 2672 semper
2082 2601 2210 2672 plu-

550 2687 687 2743 rimi
730 2686 864 2755 feci,
892 2688 999 2743 sed
1030 2688 1209 2743 etiam
1240 2689 1388 2760 quia
1434 2688 1581 2745 nihil
1620 2705 1783 2745 nunc
1809 2694 1976 2745 tanto
2004 2705 2209 2746 amore

552 2777 828 2849 dignum,
847 2794 1033 2850 quam
1054 2780 1297 2835 animus
1325 2778 1585 2835 veritatis
1609 2796 1845 2847 amans,
1861 2796 1931 2835 ac
1952 2786 2112 2835 recto
2134 2780 2209 2835 de

551 2866 737 2922 rebus
757 2867 989 2938 judicio
1016 2868 1325 2939 praeditus,
1348 2869 1517 2940 quod
1542 2869 1787 2941 quidem
1818 2868 1985 2940 apud
2015 2874 2067 2925 te
2094 2884 2211 2924 ser-

549 2956 679 3012 vari
716 2956 1102 3013 arbitramur.
1163 2960 1311 3013 Nam
1344 2964 1696 3014 cmterorum
1743 2959 2062 3015 hominum
2084 2958 2208 3030 ple-

548 3061 774 3118 rosque
821 3045 1120 3112 videmus,
1153 3050 1218 3102 ut
1265 3046 1327 3101 in
1367 3048 1631 3119 equestri
1662 3064 1860 3116 cursu,
1894 3048 2044 3103 alios
2079 3048 2208 3119 qui-

548 3133 692 3191 dem
724 3134 875 3202 istis,
898 3134 1047 3190 alios
1074 3151 1219 3191 vero
1250 3134 1344 3190 his
1376 3135 1635 3192 favendo
1660 3136 1869 3206 dividi,
1902 3152 1971 3192 ac
2000 3136 2208 3192 factio-

548 3224 645 3280 nis
679 3222 941 3280 ducibus
970 3223 1330 3281 acclamare.
1352 3227 1426 3280 Te
1456 3241 1619 3297 vero,
1654 3241 1795 3281 cum
1824 3230 1881 3282 et
1909 3226 2120 3281 timore
2149 3230 2209 3283 et

548 3313 956 3370 assentatione
988 3318 1045 3369 et
1072 3313 1292 3383 ignavo
1336 3313 1503 3370 omni
1537 3313 1756 3369 affectu
1785 3314 2071 3370 excelsior
2097 3315 2202 3386 sis,

546 3418 672 3459 non
723 3403 947 3459 mirum
1004 3408 1093 3457 est
1138 3402 1314 3459 oculo
1347 3418 1496 3459 sano
1537 3403 1846 3459 veritatem
1885 3403 2201 3475 speculari.
2242 3429 2282 3481 ρ

546 3495 699 3548 Nam
740 3495 797 3547 et
820 3495 875 3547 te
914 3490 1178 3561 intelligo
1210 3506 1335 3547 non
1363 3490 1570 3547 leviter
1603 3491 1767 3561 tangi
1803 3491 1985 3548 rebus
2012 3492 2205 3549 Eccle-

548 3581 777 3637 siarum
797 3580 1299 3653 quandoquidem
1322 3586 1378 3636 et
1408 3580 1488 3636 ad
1509 3597 1604 3637 me
1632 3581 1842 3637 misisti
1868 3582 2204 3654 quamdam

548 3668 623 3726 de
654 3669 747 3726 his
772 3669 1113 3741 epistolam,
1147 3675 1210 3726 ut
1250 3670 1344 3726 his
1386 3671 1674 3743 proximis
1702 3670 1908 3727 litteris
1938 3672 2205 3730 declara-

545 3758 660 3815 bas
690 3776 704 3825 ;
738 3775 925 3831 quam
970 3758 1218 3832 quidem
1256 3760 1393 3831 quis
1424 3760 1846 3831 preferendam
1887 3762 2202 3832 acceperit,

550 3847 805 3905 libenter
833 3848 1171 3918 didicerim,
1205 3854 1271 3906 ut
1293 3849 1603 3906 hominem
1645 3850 1722 3905 de
1760 3866 1857 3906 me
1892 3850 2050 3906 male
2083 3867 2206 3908 me-

546 3936 731 3992 ritum
757 3952 1149 4007 cognoscam.
1196 3939 1476 3995 Nondum
1512 3938 1675 3995 enim
1707 3943 1840 3995 tuas
1870 3939 1947 3996 ad
1976 3956 2073 3997 me
2109 3940 2204 3996 his

548 4023 624 4081 de
648 4023 831 4081 rebus
855 4024 1084 4082 litteras
1110 4026 1254 4083 vidi.

619 4208 672 4261 2.
698 4204 918 4271 Quanti
952 4220 1094 4278 ergo
1125 4209 1304 4278 putas
1326 4210 1673 4278 empturum
1693 4223 1790 4263 me
1818 4208 2001 4265 fuisse
2029 4212 2203 4266 tuum

547 4294 940 4368 colloquium,
966 4300 1032 4352 ut
1053 4294 1155 4351 tibi
1184 4297 1482 4369 aperirem
1511 4313 1649 4369 quae
1680 4314 1776 4354 me
1808 4298 2204 4370 aﬂligunt(at‘-

543 4385 658 4444 fert
678 4385 861 4456 enim,
888 4390 953 4441 ut
972 4386 1148 4457 nosti,
1170 4386 1269 4441 vel
1294 4386 1429 4458 ipsa
1454 4386 1728 4442 narratio.
1752 4386 1981 4458 aliquid
2004 4388 2201 4445 solatii

545 4475 933 4548 dolentibus),
948 4480 1005 4532 et
1027 4474 1106 4533 ad
1126 4476 1381 4549 quaesita.
1402 4476 1856 4548 responderem,
1873 4476 1925 4548 3
1941 4478 2051 4548 19
2072 4492 2198 4534 non

613 4658 649 4729 fr
675 4654 839 4729 Alias
873 4656 1066 4711 CLXX.
1096 4657 1327 4729 Scripta
1349 4671 1511 4713 anno
1535 4661 1662 4713 375.

610 4727 658 4751 “
696 4727 1174 4801 AliaS-CCCLXX.
1209 4727 1440 4801 Scripta
1459 4744 1620 4784 anno
1650 4732 1779 4801 375.

608 4801 720 4869 (54)
760 4797 835 4871 Οἱ,
850 4802 985 4850 πάνυ
1011 4820 1131 4871 μου.
1166 4785 1357 4855 Deest‘
1382 4800 1595 4855 ultima
1618 4799 1835 4871 vocula
1854 4798 1916 4854 in
1945 4799 2191 4856 duobus
2222 4785 2264 4839 D

537 4870 961 4926 vetustissimis
990 4870 1303 4927 eodicibus
1329 4872 1494 4928 Harl.
1524 4876 1580 4929 et
1604 4870 1807 4940 Coisl.,
1842 4886 1955 4927 nec
1982 4888 2190 4930 neces-

540 4941 700 4998 saria
725 4941 978 4998 videtur.

608 5013 723 5084 (55)
764 5013 1154 5086 Ὀνειροττῶλαι.
1202 5017 1289 5069 lta
1340 5013 1496 5071 Harl.
1526 5018 1582 5071 et
1629 5016 1772 5084 Reg.
1794 5014 2046 5086 primus.
2093 5015 2189 5069 llis

533 5083 1012 5207 gavent'txres'alii
1038 5085 1100 5141 in
1141 5086 1367 5158 quibus
1414 5086 1631 5156 legitur
1657 5083 2000 5161 ὀνέιρόπόλαι.
2033 5086 2189 5143 Editi

566 5176 770 5207 νιιοοπο
806 5176 874 5207 οι.

534 5157 874 5229 ὀνειροπόλοι.
1162 5157 1170 5158 ί
1761 5157 1770 5161 ⁷

606 5229 723 5301 (56)
762 5226 1028 5301 Ἐπιμψα.
1056 5228 1275 5298 Regius
1306 5233 1558 5301 uterque
1594 5233 1653 5285 et
1683 5229 1857 5288 Coisl.
1882 5229 2185 5286 secundus

531 5300 1085 5461 Ῠῗέξῖἳσχηκέναι.
1117 5372 1364 5431 Codices
1392 5371 1585 5444 multi,
1613 5372 1721 5429 sed
1757 5388 1881 5431 non
1910 5374 2184 5431 vetustis-

530 5457 689 5507 811111,
719 5457 921 5516 ἐσχειν.

596 5515 712 5591 (ξβ)
746 5518 1040 5591 successi.
1064 5516 1235 5591 Coisl.
1259 5517 1493 5591 primus
1533 5523 1606 5586 τῷ
1636 5516 1909 5589 Δαξιμόνι.

596 5588 709 5645 «59)
748 5587 891 5647 Vide
912 5588 1234 5649 Addenda.

3005 2066 3038 2122 Ἰ
3045 2068 3137 2142 λαρ
3146 2074 3205 2142 ίῳ
3212 2112 3227 2124 .

2394 2162 2444 2214 1.
2486 2155 2607 2230 Ἐμὲ
2662 2153 2722 2209 δὲ
2774 2176 2826 2209 τι
2890 2160 2988 2211 oin
3041 2161 3371 2227 πεπονΰέναι,
3433 2162 3461 2219 ἡ
3523 2166 3636 2215 τίνα
3688 2166 3858 2234 γνώμην

2318 2244 2605 2316 ἐσχηκέναι
2655 2246 2787 2316 (57),
2847 2245 3027 2306 ἐπειδὴ
3078 2246 3398 2320 ἐπεδήμησα
3460 2254 3546 2322 μὲν
3621 2260 3684 2322 τῷ
3739 2252 3859 2311 Λαζι-

2316 2336 2599 2405 μῶνι(58),
2786 2338 2975 2406 ἔμαθον
3009 2333 3068 2389 δὲ
3105 2336 3305 2409 ὀλίγαις
3338 2340 3547 2413 ὕστερον
3572 2343 3763 2415 ἡμέραις
3785 2347 3859 2398 τῆς

2317 2429 2610 2495 παρουσίας
2677 2427 2820 2496 ἡμῶν
2881 2425 3235 2487 ἐξεληλυθέναι
3291 2448 3387 2481 σου
3443 2435 3532 2488 τὴν
3590 2429 3858 2501 λογιότητος

2317 2512 2392 2562 Ού
2417 2515 2515 2585 γὰρ
2544 2516 2697 2583 μόνον
2750 2510 2843 2565 διὰ
2881 2518 2939 2564 τό
2992 2515 3047 2565 ἔκ
3079 2512 3272 2577 παιδὸς
3324 2520 3497 2588 Θαύμα
3526 2517 3549 2569 ὁ
3581 2520 3723 2589 ἔσχον
3768 2520 3858 2587 περὶ

2318 2604 2392 2669 σὲ,
2448 2602 2593 2662 εὐθὺς
2657 2601 2757 2654 ἀπὸ
2813 2600 3097 2675 διατριϐῶν
3156 2605 3331 2657 αὐτῶν
3391 2606 3469 2659 ἀει
3520 2607 3693 2659 πολλοῦ
3740 2606 3859 2667 ἀξίαν

2318 2690 2499 2761 ἐθέμην
2530 2695 2622 2749 τὴν
2651 2691 2855 2763 ὁμιλίαν
2890 2711 3007 2761 σου,
3052 2692 3179 2745 ἀλλὰ
3231 2700 3327 2747 καὶ
3360 2692 3453 2748 διὰ
3494 2700 3549 2748 τὸ
3587 2692 3860 2767 animum

2318 2776 2608 2831 σπουδαῖον
2660 2784 2774 2851 (60)
2808 2782 2937 2833 εἰναι
2966 2787 3166 2849 νῦν,ὡς
3220 2783 3478 2854 φιλαλήθη
3530 2790 3705 2857 Ψυχὴν,
3750 2786 3861 2852 ὑγιὲς

2314 2877 2412 2919 τῶν
2481 2872 2801 2941 πραγμάτων
2888 2874 2945 2922 τό
3033 2879 3306 2945 κριτήριον
3366 2878 3704 2946 κεκτημένην
3764 2875 3861 2944 ὅπερ

2313 2959 2581 3029 ἡγούμεθα
2636 2963 2779 3033 παρὰ
2811 2966 2894 3011 σοὶ
2945 2961 3335 3022 διασώζεσθαι.
3396 2970 3493 3017 Καὶ
3519 2968 3611 3038 γὰρ
3652 2970 3738 3015 τῶν
3779 2962 3864 3013 λοι-

2313 3056 2419 3098 πῶν
2458 3052 2576 3108 τους
2638 3048 2915 3111 πλείστους
2974 3052 3192 3124 ὁρῶμεν,
3242 3055 3420 3127 ὥσπερ
3480 3054 3528 3106 ἐν
3589 3060 3689 3112 ταῖς
3743 3054 3866 3103 ἱππο-

2314 3132 2577 3207 δρομίαις,
2621 3142 2742 3201 τοὺς
2798 3141 2887 3211 μὲν
2942 3142 3010 3201 ὡς
3052 3144 3289 3208 τούτους,
3325 3147 3446 3205 τοὺς
3483 3139 3540 3194 δὲ
3580 3145 3640 3202 ὡς
3682 3141 3867 3199 ἐκείνους

2313 3221 2683 3299 διῃρημένους,
2738 3233 2825 3279 καὶ
2891 3228 3275 3291 συνῖιϐοῶντας
3362 3240 3468 3292 τοῖς
3533 3230 3865 3289 στασιάζουσι.

2310 3315 2369 3366 Σὲ
2400 3310 2477 3386 δὲ,
2512 3320 2602 3367 καὶ
2650 3316 2809 3387 φόϐου
2858 3320 2945 3368 καὶ
2986 3318 3255 3389 Θεραπεῖας
3304 3326 3395 3373 καὶ
3432 3324 3617 3382 παντὸς
3669 3318 3867 3390 ἀγεννοῦς

2310 3406 2505 3465 πάθους
2568 3405 2880 3479 ὑψηλότερον
2926 3411 3069 3476 ὄντα,
3132 3408 3265 3469 εἰκὸς
3325 3410 3568 3483 ὀφθαλμῷ
3620 3410 3867 3479 ὑγιαίνοντι

2312 3494 2538 3567 χαθορᾴν
2568 3500 2662 3553 τὴν
2711 3494 2977 3554 ἀλήθειαν,
3036 3502 3135 3550 Καὶ
3181 3501 3287 3568 γὰρ
3320 3498 3631 3571 αἰσθάνομαί
3670 3516 3751 3549 σου
3808 3497 3863 3566 μὴ

2312 3586 2577 3655 παρέργως
2606 3589 2717 3655 (61)
2751 3588 2964 3656 ἔχοντος
2990 3590 3115 3658 πρὸς
3159 3590 3224 3638 τὰ
3271 3596 3371 3639 τῶν
3418 3588 3739 3650 Ἐκκλησιὼν,
3763 3590 3865 3635 ὅπου

2312 3696 2368 3746 γε
2425 3679 2515 3727 καὶ
2560 3676 2689 3746 πρὸς
2742 3676 2877 3746 ἡμᾶς
2935 3675 3170 3746 ἔπεμψας
3227 3672 3352 3728 τινα
3407 3682 3521 3751 περὶ
3558 3679 3737 3728 τούτων
3776 3672 3866 3723 ἐπι·

2314 3764 2520 3830 στολὴν,
2576 3766 2644 3824 ὡς
2708 3763 2757 3815 ἐν
2818 3770 2930 3824 τοῖς
2996 3767 3221 3836 ἔναγχος
3292 3769 3496 3826 τούτοις
3555 3762 3751 3822 ἐδήλους
3776 3760 3867 3829 (62)

2312 3856 2643 3926 γράμμασιν,
2677 3852 2739 3911 ἢν
2804 3858 2886 3912 τίς
2942 3854 2967 3903 ὁ
3024 3852 3343 3926 παραλαϐὼν
3397 3858 3531 3908 ὥστε
3574 3850 3867 3922 διακομίσαι,

2310 3939 2479 4004 ἡδέως
2528 3943 2589 3993 ἄν
2633 3942 2878 4013 μάθοιμι,
2907 3943 3041 3993 ὥστε
3084 3938 3277 3994 ειδέναι
3330 3947 3419 3996 τόν
3451 3940 3779 4000 ἀδικήσαντα.
3808 3933 3867 3987 Οὐ

2310 4036 2410 4107 γὰρ
2443 4030 2687 4103 ἐνέτυχόν
2714 4050 2796 4083 πω
2838 4034 3121 4106 γράμμασι
3158 4040 3268 4093 σοῖς
3306 4038 3434 4109 πρὸς
3472 4037 3603 4106 ἡμᾶς
3646 4032 3747 4103 (63)
3774 4029 3870 4098 περὶ

2308 4127 2497 4175 τούτων
2506 4165 2518 4177 .

2380 4216 2434 4267 2.
2477 4216 2652 4265 Πόσον
2692 4211 2807 4264 ποτ’
2839 4210 2899 4263 ἆν
2931 4208 3018 4264 οὖν
3049 4216 3145 4265 οἴει
3178 4215 3439 4285 πρίασθαι
3467 4233 3529 4286 με
3566 4217 3653 4271 τὴν
3694 4209 3869 4281 ὁμιλίαν

2312 4321 2429 4373 σου,
2458 4303 2584 4375 ὑπὲρ
2617 4308 2709 4353 τοῦ
2740 4306 2999 4373 γνωρίσαι
3037 4305 3101 4373 μέ
3155 4321 3239 4354 σοι
3269 4305 3338 4355 τὰ
3382 4302 3640 4355 λυποῦντά
3666 4299 3868 4369 μεθήσει

2307 4392 2433 4464 γὰρ,
2488 4393 2555 4451 ὡς
2610 4387 2767 4442 οἶσθα
2797 4390 2931 4461 (64),
2971 4396 3060 4442 καὶ
3109 4394 3168 4442 τὸ
3210 4389 3425 4452 ἐξειπεῖν
3472 4393 3729 4465 ῥᾳστώνην
3776 4382 3868 4435 τινὰ

2307 4487 2417 4540 τοῖς
2470 4476 2858 4551 ὀδυνωμένοις),
2914 4478 3297 4553 ἀποκρίνασθαί
3342 4500 3397 4534 τε
3444 4486 3559 4553 περὶ
3598 4487 3689 4531 τῶν
3718 4475 3867 4533 imit:-

2379 4658 2489 4729 (60)
2555 4655 2867 4715 Σπουὸαῖον.
2937 4658 3099 4727 Legit
3171 4656 3574 4715 Combefisius
3660 4649 3863 4715 σπάνιον,

2303 4730 2455 4785 nihil
2486 4730 2633 4786 adeo
2672 4746 2907 4787 rarum.

2375 4802 2487 4879 (fit)
2527 4805 2943 4879 lla,oép'/wc._lta
2969 4816 3073 4856 sex
3090 4817 3237 4879 mss.
3270 4801 3421 4856 Editi
3448 4802 3784 4879 ττῃεέργωεἔω

2376 4819 2487 4879 (οι)
2527 4819 2665 4853 natos
2703 4822 2825 4872 γως.
2860 4819 2943 4857 lla.
2969 4819 3073 4856 sex
3090 4819 3237 4856 mss.
3272 4819 3421 4856 nam
3448 4820 3508 4854 πε
3546 4819 3784 4879 caios/ws.”

2376 4877 2489 4944 (62)
2531 4822 2801 4935 'lidtifovg.
2838 4875 2922 4928 Ita
2975 4877 3437 4944 septem.imss.
3488 4819 3630 4926 Ifdltl
3680 4862 3862 4944 εὸξηλουη

2302 4933 2488 4999 Ρειὶιιό
2526 4948 2666 5016 post
2684 4933 2998 5000 Medicaaus
3031 4933 3089 4999 ét
3118 4943 3289 5001 Coisl.
3310 4944 3545 5014 primus
3563 4943 3688 4992 ὥστε
3708 4933 3864 4989 διακο-

2300 5036 2357 5074 νη
2370 5034 2481 5069 σαι.

2372 5086 2483 5159 (63)
2509 5092 2617 5159 Σφῖς
2646 5089 2777 5159 πρὸς
2800 5089 2955 5158 ἡμᾶς.
2990 5089 3077 5141 lta
3103 5086 3372 5159 Cois1._et
3421 5084 3651 5159 Medaet
3679 5077 3861 5159 plures

2299 5156 2418 5212 alii.
2454 5156 2605 5231 Edlli
2628 5156 2921 5231 τοῖςῄγπρός
2951 5160 3123 5231 ἡμᾶςέ
3159 5156 3341 5213 Paulo
3394 5161 3533 5231 post
3580 5156 3859 5231 Medicteus

2296 5245 2437 5284 cum
2462 5228 2655 5284 tribus
2681 5229 2812 5285 aliis
2830 5219 2920 5283 'ko
2948 5219 3062 5282 θ’ίει.
3098 5230 3305 5283 Deerat
3326 5219 3542 5282 vocula
3582 5226 3641 5279 in
3690 5219 3857 5275 editis.

2298 5301 2533 5369 Legitur
2554 5303 2632 5372 οἴῃ
2669 5304 2747 5372 in
2793 5300 2978 5372 Coisl.
2998 5300 3265 5372 secundo
3299 5303 3357 5354 et
3416 5300 3562 5372 Reg:
3600 5288 3855 5372 secundo.

2508 5358 2808 5446 ’.Ωςίοὶσθοι⁸
2862 5370 3031 5446 Multi
3080 5371 3340 5446 codices
3368 5372 3435 5446 ὡς
3481 5357 3646 5446 οἶδας.
3700 5357 3853 5446 Paulo

2292 5435 2945 5515 post.'Coisl.‘primus.
2984 5441 3114 5499 Med
3144 5448 3201 5500 et
3246 5440 3345 5499 alii
3372 5440 3574 5511 plures
3601 5435 3854 5507 ἀποκρίνα-

2293 5512 2441 5569 σθαι.
2471 5514 2628 5571 Editi
2653 5512 3067 5587 direxpim'Oau‘
