  <div class='ocr_page' id='page_1' title='image "/cluster/home/n/w/nwhite01/storage/ocr_20150623/32/hvd.32044048207401/396.png"; bbox 0 0 4100 6214; ppageno 0'>
   <div class='ocr_carea' id='block_1_1' title="bbox 260 275 367 344">
    <p class='ocr_par' dir='ltr' id='par_1_1' title="bbox 260 275 367 344">
     <span class='ocr_line' id='line_1_1' title="bbox 260 275 367 344; baseline 0.009 -1"><span class='ocrx_word' id='word_1_1' title='bbox 260 275 367 344; x_wconf 74' lang='grc'>781</span> 
     </span>
    </p>
   </div>
   <div class='ocr_carea' id='block_1_2' title="bbox 1233 273 2666 340">
    <p class='ocr_par' dir='ltr' id='par_1_2' title="bbox 1233 273 2666 340">
     <span class='ocr_line' id='line_1_2' title="bbox 1233 273 2666 340; baseline -0.001 -1"><span class='ocrx_word' id='word_1_2' title='bbox 1233 278 1720 340; x_wconf 82' lang='lat' dir='ltr'>EPISTOLARUM</span> <span class='ocrx_word' id='word_1_3' title='bbox 1754 273 2038 334; x_wconf 80' lang='lat' dir='ltr'>CLASSIS</span> <span class='ocrx_word' id='word_1_4' title='bbox 2078 277 2157 338; x_wconf 84' lang='grc' dir='ltr'>Π.</span> <span class='ocrx_word' id='word_1_5' title='bbox 2207 280 2428 339; x_wconf 84' lang='lat' dir='ltr'>EPIST.</span> <span class='ocrx_word' id='word_1_6' title='bbox 2472 282 2666 340; x_wconf 79' lang='lat' dir='ltr'>CCXII.</span> 
     </span>
    </p>
   </div>
   <div class='ocr_carea' id='block_1_3' title="bbox 3530 283 3636 342">
    <p class='ocr_par' dir='ltr' id='par_1_3' title="bbox 3530 283 3636 342">
     <span class='ocr_line' id='line_1_3' title="bbox 3530 283 3636 342; baseline 0.009 -1"><span class='ocrx_word' id='word_1_7' title='bbox 3530 283 3636 342; x_wconf 72' lang='grc'>’782</span> 
     </span>
    </p>
   </div>
   <div class='ocr_carea' id='block_1_4' title="bbox 266 401 1879 483">
    <p class='ocr_par' dir='ltr' id='par_1_4' title="bbox 266 406 1872 483">
     <span class='ocr_line' id='line_1_4' title="bbox 266 406 1872 483; baseline -0.006 -21"><span class='ocrx_word' id='word_1_8' title='bbox 266 412 566 477; x_wconf 79' lang='grc' dir='ltr'>τουμένων·</span> <span class='ocrx_word' id='word_1_9' title='bbox 616 407 675 460; x_wconf 75' lang='grc' dir='ltr'>οὐ</span> <span class='ocrx_word' id='word_1_10' title='bbox 713 408 1022 483; x_wconf 74' lang='grc' dir='ltr'>γράμμασιν</span> <span class='ocrx_word' id='word_1_11' title='bbox 1072 406 1308 480; x_wconf 65' lang='grc' dir='ltr'>ἀψύχοις</span> <span class='ocrx_word' id='word_1_12' title='bbox 1359 406 1872 470; x_wconf 71' lang='grc' dir='ltr'>καταπιστεύσαντα,</span> 
     </span>
    </p>
   </div>
   <div class='ocr_carea' id='block_1_5' title="bbox 1990 401 3637 483">
    <p class='ocr_par' dir='ltr' id='par_1_5' title="bbox 1990 401 3637 482">
     <span class='ocr_line' id='line_1_5' title="bbox 1990 401 3637 482; baseline 0.005 -26"><span class='ocrx_word' id='word_1_13' title='bbox 1990 401 2194 460; x_wconf 77' lang='lat' dir='ltr'>litteris</span> <span class='ocrx_word' id='word_1_14' title='bbox 2250 407 2535 463; x_wconf 87' lang='lat' dir='ltr'>inanimis</span> <span class='ocrx_word' id='word_1_15' title='bbox 2584 406 2995 474; x_wconf 90' lang='lat' dir='ltr'>committens,</span> <span class='ocrx_word' id='word_1_16' title='bbox 3045 405 3153 463; x_wconf 90' lang='lat' dir='ltr'>sed</span> <span class='ocrx_word' id='word_1_17' title='bbox 3199 421 3307 479; x_wconf 86' lang='lat' dir='ltr'>per</span> <span class='ocrx_word' id='word_1_18' title='bbox 3356 424 3454 464; x_wconf 89' lang='lat' dir='ltr'>me</span> <span class='ocrx_word' id='word_1_19' title='bbox 3507 409 3637 482; x_wconf 85' lang='lat' dir='ltr'>ipse</span> 
     </span>
    </p>
   </div>
   <div class='ocr_carea' id='block_1_6' title="bbox 268 493 1876 570">
    <p class='ocr_par' dir='ltr' id='par_1_6' title="bbox 268 493 1876 570">
     <span class='ocr_line' id='line_1_6' title="bbox 268 493 1876 570; baseline -0.005 -19"><span class='ocrx_word' id='word_1_20' title='bbox 268 497 382 552; x_wconf 79' lang='grc' dir='ltr'>αλλ’</span> <span class='ocrx_word' id='word_1_21' title='bbox 416 498 578 550; x_wconf 69' lang='grc' dir='ltr'>αὐτόν</span> <span class='ocrx_word' id='word_1_22' title='bbox 624 493 698 549; x_wconf 71' lang='grc' dir='ltr'>δι’</span> <span class='ocrx_word' id='word_1_23' title='bbox 747 495 973 570; x_wconf 78' lang='grc' dir='ltr'>ἐμαυτόν</span> <span class='ocrx_word' id='word_1_24' title='bbox 1026 497 1252 570; x_wconf 72' lang='grc' dir='ltr'>ἐναργῶς</span> <span class='ocrx_word' id='word_1_25' title='bbox 1295 497 1510 569; x_wconf 76' lang='grc' dir='ltr'>λέγοντα</span> <span class='ocrx_word' id='word_1_26' title='bbox 1537 495 1754 562; x_wconf 81' lang='grc' dir='ltr'>ἕκαστα,</span> <span class='ocrx_word' id='word_1_27' title='bbox 1786 495 1876 544; x_wconf 83' lang='grc' dir='ltr'>καὶ</span> 
     </span>
    </p>
   </div>
   <div class='ocr_carea' id='block_1_7' title="bbox 279 583 1876 664">
    <p class='ocr_par' dir='ltr' id='par_1_7' title="bbox 279 583 1876 664">
     <span class='ocr_line' id='line_1_7' title="bbox 279 583 1876 664; baseline -0.006 -23"><span class='ocrx_word' id='word_1_28' title='bbox 279 588 568 650; x_wconf 77' lang='grc' dir='ltr'>ἐπεξιόντα.</span> <span class='ocrx_word' id='word_1_29' title='bbox 645 587 711 639; x_wconf 82' lang='grc' dir='ltr'>Οἱ</span> <span class='ocrx_word' id='word_1_30' title='bbox 778 589 876 664; x_wconf 70' lang='grc' dir='ltr'>γὰρ</span> <span class='ocrx_word' id='word_1_31' title='bbox 943 587 1181 658; x_wconf 66' lang='grc' dir='ltr'>ἔμψυχοι</span> <span class='ocrx_word' id='word_1_32' title='bbox 1239 586 1384 659; x_wconf 76' lang='grc' dir='ltr'>λόγοι</span> <span class='ocrx_word' id='word_1_33' title='bbox 1452 583 1876 659; x_wconf 77' lang='grc' dir='ltr'>ὃραστικωτέραν</span> 
     </span>
    </p>
   </div>
   <div class='ocr_carea' id='block_1_8' title="bbox 270 675 1876 751">
    <p class='ocr_par' dir='ltr' id='par_1_8' title="bbox 270 675 1876 751">
     <span class='ocr_line' id='line_1_8' title="bbox 270 675 1876 751; baseline -0.005 -21"><span class='ocrx_word' id='word_1_34' title='bbox 270 681 466 748; x_wconf 63' lang='grc' dir='ltr'>ἔχουσι</span> <span class='ocrx_word' id='word_1_35' title='bbox 496 682 591 734; x_wconf 69' lang='grc' dir='ltr'>τὴν</span> <span class='ocrx_word' id='word_1_36' title='bbox 639 677 824 728; x_wconf 79' lang='grc' dir='ltr'>πειθώ·</span> <span class='ocrx_word' id='word_1_37' title='bbox 870 681 1001 751; x_wconf 85' lang='grc' dir='ltr'>πρός</span> <span class='ocrx_word' id='word_1_38' title='bbox 1038 696 1092 730; x_wconf 75' lang='grc' dir='ltr'>τι</span> <span class='ocrx_word' id='word_1_39' title='bbox 1120 680 1180 729; x_wconf 82' lang='grc' dir='ltr'>τὸ</span> <span class='ocrx_word' id='word_1_40' title='bbox 1211 676 1601 749; x_wconf 67' lang='grc' dir='ltr'>εὐεπιχείρητον</span> <span class='ocrx_word' id='word_1_41' title='bbox 1625 677 1716 725; x_wconf 81' lang='grc' dir='ltr'>καὶ</span> <span class='ocrx_word' id='word_1_42' title='bbox 1746 675 1876 745; x_wconf 82' lang='grc' dir='ltr'>πρὸς</span> 
     </span>
    </p>
   </div>
   <div class='ocr_carea' id='block_1_9' title="bbox 273 764 1876 837">
    <p class='ocr_par' dir='ltr' id='par_1_9' title="bbox 273 764 1876 837">
     <span class='ocr_line' id='line_1_9' title="bbox 273 764 1876 837; baseline -0.006 -18"><span class='ocrx_word' id='word_1_43' title='bbox 273 770 626 836; x_wconf 62' lang='grc' dir='ltr'>συκοφαντίαν</span> <span class='ocrx_word' id='word_1_44' title='bbox 671 764 924 816; x_wconf 71' lang='grc' dir='ltr'>εὐαλωτον</span> <span class='ocrx_word' id='word_1_45' title='bbox 967 766 1144 817; x_wconf 70' lang='grc' dir='ltr'>οὐκέτι</span> <span class='ocrx_word' id='word_1_46' title='bbox 1195 767 1366 837; x_wconf 77' lang='grc' dir='ltr'>ὅμοιοι</span> <span class='ocrx_word' id='word_1_47' title='bbox 1422 773 1530 825; x_wconf 86' lang='grc' dir='ltr'>τοῖς</span> <span class='ocrx_word' id='word_1_48' title='bbox 1581 764 1876 834; x_wconf 71' lang='grc' dir='ltr'>γεγραμμέ-</span> 
     </span>
    </p>
   </div>
   <div class='ocr_carea' id='block_1_10' title="bbox 271 846 1873 929">
    <p class='ocr_par' dir='ltr' id='par_1_10' title="bbox 271 846 1873 926">
     <span class='ocr_line' id='line_1_10' title="bbox 271 846 1873 926; baseline -0.004 -21"><span class='ocrx_word' id='word_1_49' title='bbox 271 875 376 916; x_wconf 85' lang='grc' dir='ltr'>νοις</span> <span class='ocrx_word' id='word_1_50' title='bbox 435 854 562 907; x_wconf 78' lang='grc' dir='ltr'>εἰσί.</span> <span class='ocrx_word' id='word_1_51' title='bbox 615 858 717 907; x_wconf 83' lang='grc' dir='ltr'>Καὶ</span> <span class='ocrx_word' id='word_1_52' title='bbox 765 855 868 926; x_wconf 73' lang='grc' dir='ltr'>γὰρ</span> <span class='ocrx_word' id='word_1_53' title='bbox 912 849 1065 906; x_wconf 71' lang='grc' dir='ltr'>οὐδὲν</span> <span class='ocrx_word' id='word_1_54' title='bbox 1116 852 1405 925; x_wconf 79' lang='grc' dir='ltr'>ἀτόλμητον</span> <span class='ocrx_word' id='word_1_55' title='bbox 1459 853 1636 904; x_wconf 85' lang='grc' dir='ltr'>λοιπόν</span> <span class='ocrx_word' id='word_1_56' title='bbox 1678 846 1873 916; x_wconf 73' lang='grc' dir='ltr'>οὐδενὶ,</span> 
     </span>
    </p>
   </div>
   <div class='ocr_carea' id='block_1_11' title="bbox 270 941 1872 1016">
    <p class='ocr_par' dir='ltr' id='par_1_11' title="bbox 270 941 1872 1016">
     <span class='ocr_line' id='line_1_11' title="bbox 270 941 1872 1016; baseline -0.004 -20"><span class='ocrx_word' id='word_1_57' title='bbox 270 945 402 996; x_wconf 81' lang='grc' dir='ltr'>ὅπου</span> <span class='ocrx_word' id='word_1_58' title='bbox 453 961 514 1015; x_wconf 78' lang='grc' dir='ltr'>γε</span> <span class='ocrx_word' id='word_1_59' title='bbox 556 947 646 995; x_wconf 75' lang='grc' dir='ltr'>καὶ</span> <span class='ocrx_word' id='word_1_60' title='bbox 700 945 749 994; x_wconf 81' lang='grc' dir='ltr'>οἱ</span> <span class='ocrx_word' id='word_1_61' title='bbox 801 946 867 995; x_wconf 81' lang='grc' dir='ltr'>τὰ</span> <span class='ocrx_word' id='word_1_62' title='bbox 915 948 1144 1015; x_wconf 74' lang='grc' dir='ltr'>μέγιστα</span> <span class='ocrx_word' id='word_1_63' title='bbox 1170 942 1291 1016; x_wconf 83' lang='grc' dir='ltr'>παρ’</span> <span class='ocrx_word' id='word_1_64' title='bbox 1317 945 1464 1015; x_wconf 82' lang='grc' dir='ltr'><strong>ἡμῶν</strong></span> <span class='ocrx_word' id='word_1_65' title='bbox 1493 941 1872 1008; x_wconf 74' lang='grc' dir='ltr'>πιστευθέντες,</span> 
     </span>
    </p>
   </div>
   <div class='ocr_carea' id='block_1_12' title="bbox 271 1030 1877 1108">
    <p class='ocr_par' dir='ltr' id='par_1_12' title="bbox 271 1030 1877 1108">
     <span class='ocr_line' id='line_1_12' title="bbox 271 1030 1877 1108; baseline 0.001 -23"><span class='ocrx_word' id='word_1_66' title='bbox 271 1032 364 1094; x_wconf 75' lang='grc' dir='ltr'>οὓς</span> <span class='ocrx_word' id='word_1_67' title='bbox 421 1033 793 1103; x_wconf 71' lang='grc' dir='ltr'>ᾐσθανόμεθα,</span> <span class='ocrx_word' id='word_1_68' title='bbox 853 1035 986 1103; x_wconf 79' lang='grc' dir='ltr'>μετά</span> <span class='ocrx_word' id='word_1_69' title='bbox 1040 1041 1139 1084; x_wconf 80' lang='grc' dir='ltr'>τῶν</span> <span class='ocrx_word' id='word_1_70' title='bbox 1196 1031 1480 1108; x_wconf 76' lang='grc' dir='ltr'>ἀνθρώπων</span> <span class='ocrx_word' id='word_1_71' title='bbox 1529 1032 1762 1104; x_wconf 81' lang='grc' dir='ltr'>ὁρῶντες,</span> <span class='ocrx_word' id='word_1_72' title='bbox 1811 1030 1877 1086; x_wconf 83' lang='grc' dir='ltr'>ὡς</span> 
     </span>
    </p>
   </div>
   <div class='ocr_carea' id='block_1_13' title="bbox 271 1115 1876 1197">
    <p class='ocr_par' dir='ltr' id='par_1_13' title="bbox 271 1115 1876 1197">
     <span class='ocr_line' id='line_1_13' title="bbox 271 1115 1876 1197; baseline -0.004 -22"><span class='ocrx_word' id='word_1_73' title='bbox 271 1123 452 1194; x_wconf 75' lang='grc' dir='ltr'>μεῖζόν</span> <span class='ocrx_word' id='word_1_74' title='bbox 501 1141 554 1173; x_wconf 88' lang='grc' dir='ltr'>τι</span> <span class='ocrx_word' id='word_1_75' title='bbox 602 1125 756 1184; x_wconf 82' lang='grc' dir='ltr'>ὄντας</span> <span class='ocrx_word' id='word_1_76' title='bbox 802 1123 834 1180; x_wconf 77' lang='grc' dir='ltr'><strong>ἣ</strong></span> <span class='ocrx_word' id='word_1_77' title='bbox 880 1124 1016 1174; x_wconf 84' lang='grc' dir='ltr'>κατὰ</span> <span class='ocrx_word' id='word_1_78' title='bbox 1044 1123 1334 1197; x_wconf 80' lang='grc' dir='ltr'>ἄνθρωπον,</span> <span class='ocrx_word' id='word_1_79' title='bbox 1357 1117 1505 1174; x_wconf 81' lang='grc' dir='ltr'>οὗτοι</span> <span class='ocrx_word' id='word_1_80' title='bbox 1532 1115 1876 1180; x_wconf 64' lang='grc' dir='ltr'>κατεδέξαντο</span> 
     </span>
    </p>
   </div>
   <div class='ocr_carea' id='block_1_14' title="bbox 270 1207 1876 1284">
    <p class='ocr_par' dir='ltr' id='par_1_14' title="bbox 270 1207 1876 1284">
     <span class='ocr_line' id='line_1_14' title="bbox 270 1207 1876 1284; baseline -0.004 -20"><span class='ocrx_word' id='word_1_81' title='bbox 270 1211 674 1284; x_wconf 74' lang='grc' dir='ltr'>συγγράμματά</span> <span class='ocrx_word' id='word_1_82' title='bbox 734 1228 870 1271; x_wconf 84' lang='grc' dir='ltr'>τινος</span> <span class='ocrx_word' id='word_1_83' title='bbox 925 1213 992 1263; x_wconf 81' lang='grc' dir='ltr'>τὰ</span> <span class='ocrx_word' id='word_1_84' title='bbox 1060 1212 1216 1262; x_wconf 86' lang='grc' dir='ltr'>ὁποῖα</span> <span class='ocrx_word' id='word_1_85' title='bbox 1273 1207 1471 1269; x_wconf 74' lang='grc' dir='ltr'>δήποτε</span> <span class='ocrx_word' id='word_1_86' title='bbox 1533 1211 1604 1270; x_wconf 84' lang='grc' dir='ltr'>ὡς</span> <span class='ocrx_word' id='word_1_87' title='bbox 1657 1210 1876 1280; x_wconf 66' lang='grc' dir='ltr'>ἡμέτερα</span> 
     </span>
    </p>
   </div>
   <div class='ocr_carea' id='block_1_15' title="bbox 269 1296 1876 1372">
    <p class='ocr_par' dir='ltr' id='par_1_15' title="bbox 269 1296 1876 1372">
     <span class='ocr_line' id='line_1_15' title="bbox 269 1296 1876 1372; baseline -0.002 -21"><span class='ocrx_word' id='word_1_88' title='bbox 269 1303 663 1372; x_wconf 59' lang='grc' dir='ltr'>παραπέμπειν</span> <span class='ocrx_word' id='word_1_89' title='bbox 725 1304 814 1350; x_wconf 77' lang='grc' dir='ltr'>καὶ</span> <span class='ocrx_word' id='word_1_90' title='bbox 879 1299 960 1351; x_wconf 77' lang='grc' dir='ltr'>ἐπ’</span> <span class='ocrx_word' id='word_1_91' title='bbox 1011 1300 1190 1361; x_wconf 71' lang='grc' dir='ltr'>αὐτοῖς</span> <span class='ocrx_word' id='word_1_92' title='bbox 1241 1301 1355 1370; x_wconf 80' lang='grc'>(65)</span> <span class='ocrx_word' id='word_1_93' title='bbox 1410 1296 1707 1350; x_wconf 70' lang='grc' dir='ltr'>διαϐάλλειν</span> <span class='ocrx_word' id='word_1_94' title='bbox 1762 1303 1876 1358; x_wconf 81' lang='grc' dir='ltr'>ταῖς</span> 
     </span>
    </p>
   </div>
   <div class='ocr_carea' id='block_1_16' title="bbox 269 1384 1876 1460">
    <p class='ocr_par' dir='ltr' id='par_1_16' title="bbox 269 1384 1876 1460">
     <span class='ocr_line' id='line_1_16' title="bbox 269 1384 1876 1460; baseline -0.002 -20"><span class='ocrx_word' id='word_1_95' title='bbox 269 1385 648 1460; x_wconf 70' lang='grc' dir='ltr'>ἀδελφότησιν,</span> <span class='ocrx_word' id='word_1_96' title='bbox 691 1390 763 1448; x_wconf 87' lang='grc' dir='ltr'>ὡς</span> <span class='ocrx_word' id='word_1_97' title='bbox 791 1384 958 1460; x_wconf 77' lang='grc' dir='ltr'>μηδὲν</span> <span class='ocrx_word' id='word_1_98' title='bbox 997 1388 1174 1440; x_wconf 86' lang='grc' dir='ltr'>λοιπὸν</span> <span class='ocrx_word' id='word_1_99' title='bbox 1203 1395 1298 1440; x_wconf 82' lang='grc' dir='ltr'>τοῦ</span> <span class='ocrx_word' id='word_1_100' title='bbox 1327 1389 1579 1459; x_wconf 77' lang='grc' dir='ltr'>ἡμετέρου</span> <span class='ocrx_word' id='word_1_101' title='bbox 1624 1386 1876 1457; x_wconf 78' lang='grc' dir='ltr'>ὀνόματος</span> 
     </span>
    </p>
   </div>
   <div class='ocr_carea' id='block_1_17' title="bbox 268 1473 1877 1549">
    <p class='ocr_par' dir='ltr' id='par_1_17' title="bbox 268 1473 1877 1549">
     <span class='ocr_line' id='line_1_17' title="bbox 268 1473 1877 1549; baseline -0.003 -20"><span class='ocrx_word' id='word_1_102' title='bbox 268 1480 608 1548; x_wconf 69' lang='grc' dir='ltr'>φευκτότερον</span> <span class='ocrx_word' id='word_1_103' title='bbox 657 1473 791 1529; x_wconf 80' lang='grc' dir='ltr'>εἶναι</span> <span class='ocrx_word' id='word_1_104' title='bbox 832 1484 943 1538; x_wconf 81' lang='grc' dir='ltr'>τοῖς</span> <span class='ocrx_word' id='word_1_105' title='bbox 993 1476 1254 1530; x_wconf 69' lang='grc' dir='ltr'>εὐλαϐέσι.</span> <span class='ocrx_word' id='word_1_106' title='bbox 1295 1480 1366 1528; x_wconf 86' lang='grc' dir='ltr'>Τὸ</span> <span class='ocrx_word' id='word_1_107' title='bbox 1417 1479 1519 1549; x_wconf 78' lang='grc' dir='ltr'>’γὰρ</span> <span class='ocrx_word' id='word_1_108' title='bbox 1557 1473 1877 1546; x_wconf 73' lang='grc' dir='ltr'>ἀγνοηθῆναι</span> 
     </span>
    </p>
   </div>
   <div class='ocr_carea' id='block_1_18' title="bbox 270 1562 1878 1640">
    <p class='ocr_par' dir='ltr' id='par_1_18' title="bbox 270 1562 1878 1640">
     <span class='ocr_line' id='line_1_18' title="bbox 270 1562 1878 1640; baseline -0.002 -21"><span class='ocrx_word' id='word_1_109' title='bbox 270 1572 544 1639; x_wconf 67' lang='grc' dir='ltr'>γενόμενος</span> <span class='ocrx_word' id='word_1_110' title='bbox 583 1567 641 1628; x_wconf 78' lang='grc' dir='ltr'>ἐξ</span> <span class='ocrx_word' id='word_1_111' title='bbox 682 1565 859 1640; x_wconf 81' lang='grc' dir='ltr'>ἀρχῆς</span> <span class='ocrx_word' id='word_1_112' title='bbox 907 1563 1279 1627; x_wconf 75' lang='grc' dir='ltr'>ἐπιτηδεύσας.</span> <span class='ocrx_word' id='word_1_113' title='bbox 1312 1568 1380 1627; x_wconf 85' lang='grc' dir='ltr'>ὡς</span> <span class='ocrx_word' id='word_1_114' title='bbox 1424 1566 1520 1618; x_wconf 79' lang='grc' dir='ltr'>οὐκ</span> <span class='ocrx_word' id='word_1_115' title='bbox 1561 1562 1687 1617; x_wconf 72' lang='grc' dir='ltr'>οἶδα</span> <span class='ocrx_word' id='word_1_116' title='bbox 1716 1568 1760 1616; x_wconf 82' lang='grc' dir='ltr'><strong>ιῖ</strong></span> <span class='ocrx_word' id='word_1_117' title='bbox 1796 1584 1878 1626; x_wconf 87' lang='grc' dir='ltr'>τις</span> 
     </span>
    </p>
   </div>
   <div class='ocr_carea' id='block_1_19' title="bbox 270 1653 1876 1728">
    <p class='ocr_par' dir='ltr' id='par_1_19' title="bbox 270 1653 1876 1728">
     <span class='ocr_line' id='line_1_19' title="bbox 270 1653 1876 1728; baseline -0.002 -20"><span class='ocrx_word' id='word_1_118' title='bbox 270 1655 424 1717; x_wconf 77' lang='grc' dir='ltr'>ἄλλος</span> <span class='ocrx_word' id='word_1_119' title='bbox 470 1664 570 1708; x_wconf 83' lang='grc' dir='ltr'>τῶν</span> <span class='ocrx_word' id='word_1_120' title='bbox 635 1655 1022 1728; x_wconf 71' lang='grc' dir='ltr'>ἑπιωιεμμένων</span> <span class='ocrx_word' id='word_1_121' title='bbox 1064 1661 1159 1713; x_wconf 78' lang='grc' dir='ltr'>τὴν</span> <span class='ocrx_word' id='word_1_122' title='bbox 1217 1654 1544 1728; x_wconf 76' lang='grc' dir='ltr'>ἀνθρωπίνην</span> <span class='ocrx_word' id='word_1_123' title='bbox 1609 1653 1876 1706; x_wconf 81' lang='grc' dir='ltr'>ἀσθένειαν</span> 
     </span>
    </p>
   </div>
   <div class='ocr_carea' id='block_1_20' title="bbox 1986 491 3637 568">
    <p class='ocr_par' dir='ltr' id='par_1_20' title="bbox 1986 491 3637 568">
     <span class='ocr_line' id='line_1_20' title="bbox 1986 491 3637 568; baseline 0.004 -21"><span class='ocrx_word' id='word_1_124' title='bbox 1986 491 2141 549; x_wconf 90' lang='lat' dir='ltr'>clare</span> <span class='ocrx_word' id='word_1_125' title='bbox 2186 510 2494 568; x_wconf 83' lang='lat' dir='ltr'>exponens</span> <span class='ocrx_word' id='word_1_126' title='bbox 2544 495 2800 565; x_wconf 82' lang='lat' dir='ltr'>singula,</span> <span class='ocrx_word' id='word_1_127' title='bbox 2847 510 2918 550; x_wconf 92' lang='lat' dir='ltr'>ac</span> <span class='ocrx_word' id='word_1_128' title='bbox 2969 493 3326 552; x_wconf 89' lang='lat' dir='ltr'>edisserens.</span> <span class='ocrx_word' id='word_1_129' title='bbox 3375 497 3637 554; x_wconf 84' lang='lat' dir='ltr'>Animati</span> 
     </span>
    </p>
   </div>
   <div class='ocr_carea' id='block_1_21' title="bbox 1986 582 3636 657">
    <p class='ocr_par' dir='ltr' id='par_1_21' title="bbox 1986 582 3636 657">
     <span class='ocr_line' id='line_1_21' title="bbox 1986 582 3636 657; baseline 0.004 -21"><span class='ocrx_word' id='word_1_130' title='bbox 1986 582 2148 638; x_wconf 90' lang='lat' dir='ltr'>enim</span> <span class='ocrx_word' id='word_1_131' title='bbox 2200 600 2508 640; x_wconf 77' lang='lat' dir='ltr'>sermones</span> <span class='ocrx_word' id='word_1_132' title='bbox 2565 584 2966 640; x_wconf 81' lang='lat' dir='ltr'>eﬂicaciorem</span> <span class='ocrx_word' id='word_1_133' title='bbox 3021 584 3247 640; x_wconf 78' lang='lat' dir='ltr'>habent</span> <span class='ocrx_word' id='word_1_134' title='bbox 3291 586 3636 657; x_wconf 88' lang='lat' dir='ltr'>persuasio-</span> 
     </span>
    </p>
   </div>
   <div class='ocr_carea' id='block_1_22' title="bbox 1983 673 3636 747">
    <p class='ocr_par' dir='ltr' id='par_1_22' title="bbox 1983 673 3636 747">
     <span class='ocr_line' id='line_1_22' title="bbox 1983 673 3636 747; baseline 0.004 -21"><span class='ocrx_word' id='word_1_135' title='bbox 1983 687 2143 743; x_wconf 86' lang='lat' dir='ltr'>nem,</span> <span class='ocrx_word' id='word_1_136' title='bbox 2196 688 2306 727; x_wconf 89' lang='lat' dir='ltr'>nec</span> <span class='ocrx_word' id='word_1_137' title='bbox 2361 678 2484 728; x_wconf 87' lang='lat' dir='ltr'>tam</span> <span class='ocrx_word' id='word_1_138' title='bbox 2539 673 2710 729; x_wconf 79' lang='lat' dir='ltr'>facile</span> <span class='ocrx_word' id='word_1_139' title='bbox 2767 689 2954 744; x_wconf 90' lang='lat' dir='ltr'>quam</span> <span class='ocrx_word' id='word_1_140' title='bbox 3011 674 3233 745; x_wconf 83' lang='lat' dir='ltr'>scripti,</span> <span class='ocrx_word' id='word_1_141' title='bbox 3290 675 3636 747; x_wconf 83' lang='lat' dir='ltr'>impugnari</span> 
     </span>
    </p>
   </div>
   <div class='ocr_carea' id='block_1_23' title="bbox 1985 763 3638 836">
    <p class='ocr_par' dir='ltr' id='par_1_23' title="bbox 1985 763 3638 836">
     <span class='ocr_line' id='line_1_23' title="bbox 1985 763 3638 836; baseline 0.005 -21"><span class='ocrx_word' id='word_1_142' title='bbox 1985 767 2237 833; x_wconf 88' lang='lat' dir='ltr'>possunt</span> <span class='ocrx_word' id='word_1_143' title='bbox 2267 768 2323 819; x_wconf 88' lang='lat' dir='ltr'>et</span> <span class='ocrx_word' id='word_1_144' title='bbox 2361 763 2680 819; x_wconf 84' lang='lat' dir='ltr'>calumniis</span> <span class='ocrx_word' id='word_1_145' title='bbox 2719 763 2941 835; x_wconf 82' lang='lat' dir='ltr'>appeti.</span> <span class='ocrx_word' id='word_1_146' title='bbox 2975 763 3125 818; x_wconf 83' lang='lat' dir='ltr'>Nihil</span> <span class='ocrx_word' id='word_1_147' title='bbox 3160 764 3320 820; x_wconf 86' lang='lat' dir='ltr'>enim</span> <span class='ocrx_word' id='word_1_148' title='bbox 3357 767 3487 836; x_wconf 86' lang='lat' dir='ltr'>jam</span> <span class='ocrx_word' id='word_1_149' title='bbox 3516 767 3638 822; x_wconf 89' lang='lat' dir='ltr'>cui-</span> 
     </span>
    </p>
   </div>
   <div class='ocr_carea' id='block_1_24' title="bbox 1985 852 3636 928">
    <p class='ocr_par' dir='ltr' id='par_1_24' title="bbox 1985 852 3636 928">
     <span class='ocr_line' id='line_1_24' title="bbox 1985 852 3636 928; baseline 0.004 -23"><span class='ocrx_word' id='word_1_150' title='bbox 1985 867 2172 922; x_wconf 82' lang='lat' dir='ltr'>quam</span> <span class='ocrx_word' id='word_1_151' title='bbox 2212 852 2573 910; x_wconf 85' lang='lat' dir='ltr'>intentatum</span> <span class='ocrx_word' id='word_1_152' title='bbox 2621 853 2894 909; x_wconf 87' lang='lat' dir='ltr'>relictum</span> <span class='ocrx_word' id='word_1_153' title='bbox 2925 857 3050 919; x_wconf 90' lang='lat' dir='ltr'>est;</span> <span class='ocrx_word' id='word_1_154' title='bbox 3099 853 3399 925; x_wconf 86' lang='lat' dir='ltr'>siquidem</span> <span class='ocrx_word' id='word_1_155' title='bbox 3435 857 3473 910; x_wconf 90' lang='lat' dir='ltr'>ii</span> <span class='ocrx_word' id='word_1_156' title='bbox 3513 857 3636 928; x_wconf 87' lang='lat' dir='ltr'>qui-</span> 
     </span>
    </p>
   </div>
   <div class='ocr_carea' id='block_1_25' title="bbox 1984 939 3636 1016">
    <p class='ocr_par' dir='ltr' id='par_1_25' title="bbox 1984 939 3636 1016">
     <span class='ocr_line' id='line_1_25' title="bbox 1984 939 3636 1016; baseline 0.003 -21"><span class='ocrx_word' id='word_1_157' title='bbox 1984 939 2100 995; x_wconf 87' lang='lat' dir='ltr'>bus</span> <span class='ocrx_word' id='word_1_158' title='bbox 2165 942 2435 998; x_wconf 82' lang='lat' dir='ltr'>maxima</span> <span class='ocrx_word' id='word_1_159' title='bbox 2497 958 2757 1015; x_wconf 67' lang='lat' dir='ltr'>quasque</span> <span class='ocrx_word' id='word_1_160' title='bbox 2823 941 3294 1009; x_wconf 88' lang='lat' dir='ltr'>credideramus,</span> <span class='ocrx_word' id='word_1_161' title='bbox 3361 959 3636 1016; x_wconf 89' lang='lat' dir='ltr'>quosque</span> 
     </span>
    </p>
   </div>
   <div class='ocr_carea' id='block_1_26' title="bbox 1985 1029 3638 1103">
    <p class='ocr_par' dir='ltr' id='par_1_26' title="bbox 1985 1029 3638 1103">
     <span class='ocr_line' id='line_1_26' title="bbox 1985 1029 3638 1103; baseline 0.002 -19"><span class='ocrx_word' id='word_1_162' title='bbox 1985 1029 2134 1084; x_wconf 91' lang='lat' dir='ltr'>dum</span> <span class='ocrx_word' id='word_1_163' title='bbox 2176 1031 2328 1087; x_wconf 87' lang='lat' dir='ltr'>inter</span> <span class='ocrx_word' id='word_1_164' title='bbox 2364 1031 2642 1087; x_wconf 84' lang='lat' dir='ltr'>homines</span> <span class='ocrx_word' id='word_1_165' title='bbox 2681 1030 3047 1099; x_wconf 84' lang='lat' dir='ltr'>videremus,</span> <span class='ocrx_word' id='word_1_166' title='bbox 3081 1031 3280 1101; x_wconf 88' lang='lat' dir='ltr'>majus</span> <span class='ocrx_word' id='word_1_167' title='bbox 3321 1032 3638 1103; x_wconf 86' lang='lat' dir='ltr'>quidpiam</span> 
     </span>
    </p>
   </div>
   <div class='ocr_carea' id='block_1_27' title="bbox 1985 1120 3636 1192">
    <p class='ocr_par' dir='ltr' id='par_1_27' title="bbox 1985 1120 3636 1192">
     <span class='ocr_line' id='line_1_27' title="bbox 1985 1120 3636 1192; baseline 0.001 -16"><span class='ocrx_word' id='word_1_168' title='bbox 1985 1135 2115 1176; x_wconf 89' lang='lat' dir='ltr'>esse</span> <span class='ocrx_word' id='word_1_169' title='bbox 2157 1120 2582 1187; x_wconf 90' lang='lat' dir='ltr'>credebamus,</span> <span class='ocrx_word' id='word_1_170' title='bbox 2628 1137 2815 1192; x_wconf 89' lang='lat' dir='ltr'>quam</span> <span class='ocrx_word' id='word_1_171' title='bbox 2870 1120 3021 1176; x_wconf 83' lang='lat' dir='ltr'>ferat</span> <span class='ocrx_word' id='word_1_172' title='bbox 3071 1120 3344 1176; x_wconf 89' lang='lat' dir='ltr'>humana</span> <span class='ocrx_word' id='word_1_173' title='bbox 3399 1127 3636 1185; x_wconf 89' lang='lat' dir='ltr'>natura,</span> 
     </span>
    </p>
   </div>
   <div class='ocr_carea' id='block_1_28' title="bbox 1983 1209 3638 1282">
    <p class='ocr_par' dir='ltr' id='par_1_28' title="bbox 1983 1209 3638 1282">
     <span class='ocr_line' id='line_1_28' title="bbox 1983 1209 3638 1282; baseline 0.001 -18"><span class='ocrx_word' id='word_1_174' title='bbox 1983 1209 2046 1264; x_wconf 89' lang='lat' dir='ltr'>hi</span> <span class='ocrx_word' id='word_1_175' title='bbox 2075 1209 2320 1265; x_wconf 85' lang='lat' dir='ltr'>adducti</span> <span class='ocrx_word' id='word_1_176' title='bbox 2360 1216 2520 1277; x_wconf 88' lang='lat' dir='ltr'>sunt,</span> <span class='ocrx_word' id='word_1_177' title='bbox 2553 1215 2618 1266; x_wconf 89' lang='lat' dir='ltr'>ut</span> <span class='ocrx_word' id='word_1_178' title='bbox 2651 1209 2974 1280; x_wconf 84' lang='lat' dir='ltr'>cujusdam</span> <span class='ocrx_word' id='word_1_179' title='bbox 3009 1209 3254 1282; x_wconf 87' lang='lat' dir='ltr'>scripta,</span> <span class='ocrx_word' id='word_1_180' title='bbox 3285 1210 3638 1282; x_wconf 89' lang='lat' dir='ltr'>qualiacun-</span> 
     </span>
    </p>
   </div>
   <div class='ocr_carea' id='block_1_29' title="bbox 1983 1289 3643 1372">
    <p class='ocr_par' dir='ltr' id='par_1_29' title="bbox 1983 1289 3643 1372">
     <span class='ocr_line' id='line_1_29' title="bbox 1983 1289 3643 1372; baseline 0.002 -19"><span class='ocrx_word' id='word_1_181' title='bbox 1983 1289 2103 1372; x_wconf 86' lang='lat' dir='ltr'>que</span> <span class='ocrx_word' id='word_1_182' title='bbox 2145 1299 2244 1355; x_wconf 90' lang='lat' dir='ltr'>illa</span> <span class='ocrx_word' id='word_1_183' title='bbox 2288 1300 2422 1365; x_wconf 85' lang='lat' dir='ltr'>sint,</span> <span class='ocrx_word' id='word_1_184' title='bbox 2471 1305 2768 1371; x_wconf 86' lang='lat' dir='ltr'>tanquam</span> <span class='ocrx_word' id='word_1_185' title='bbox 2812 1305 3019 1354; x_wconf 87' lang='lat' dir='ltr'>nostra</span> <span class='ocrx_word' id='word_1_186' title='bbox 3062 1299 3550 1366; x_wconf 88' lang='lat' dir='ltr'>transmitterent,</span> <span class='ocrx_word' id='word_1_187' title='bbox 3585 1304 3643 1356; x_wconf 87' lang='lat' dir='ltr'>et</span> 
     </span>
    </p>
   </div>
   <div class='ocr_carea' id='block_1_30' title="bbox 1984 1389 3642 1462">
    <p class='ocr_par' dir='ltr' id='par_1_30' title="bbox 1984 1389 3642 1462">
     <span class='ocr_line' id='line_1_30' title="bbox 1984 1389 3642 1462; baseline 0.001 -16"><span class='ocrx_word' id='word_1_188' title='bbox 1984 1390 2066 1446; x_wconf 87' lang='lat' dir='ltr'>ob</span> <span class='ocrx_word' id='word_1_189' title='bbox 2110 1405 2183 1444; x_wconf 88' lang='lat' dir='ltr'>ea</span> <span class='ocrx_word' id='word_1_190' title='bbox 2230 1389 2520 1445; x_wconf 86' lang='lat' dir='ltr'>invidiam</span> <span class='ocrx_word' id='word_1_191' title='bbox 2570 1389 2736 1462; x_wconf 91' lang='lat' dir='ltr'>apud</span> <span class='ocrx_word' id='word_1_192' title='bbox 2787 1389 2998 1444; x_wconf 85' lang='lat' dir='ltr'>fratres</span> <span class='ocrx_word' id='word_1_193' title='bbox 3047 1394 3336 1456; x_wconf 87' lang='lat' dir='ltr'>crearent,</span> <span class='ocrx_word' id='word_1_194' title='bbox 3381 1390 3534 1446; x_wconf 90' lang='lat' dir='ltr'>adeo</span> <span class='ocrx_word' id='word_1_195' title='bbox 3580 1396 3642 1448; x_wconf 89' lang='lat' dir='ltr'>ut</span> 
     </span>
    </p>
   </div>
   <div class='ocr_carea' id='block_1_31' title="bbox 1985 1477 3640 1552">
    <p class='ocr_par' dir='ltr' id='par_1_31' title="bbox 1985 1477 3640 1552">
     <span class='ocr_line' id='line_1_31' title="bbox 1985 1477 3640 1552; baseline 0.001 -18"><span class='ocrx_word' id='word_1_196' title='bbox 1985 1478 2131 1534; x_wconf 87' lang='lat' dir='ltr'>nihil</span> <span class='ocrx_word' id='word_1_197' title='bbox 2170 1479 2295 1549; x_wconf 90' lang='lat' dir='ltr'>jam</span> <span class='ocrx_word' id='word_1_198' title='bbox 2336 1484 2543 1535; x_wconf 89' lang='lat' dir='ltr'>nostro</span> <span class='ocrx_word' id='word_1_199' title='bbox 2591 1478 2837 1534; x_wconf 86' lang='lat' dir='ltr'>nomine</span> <span class='ocrx_word' id='word_1_200' title='bbox 2887 1477 3302 1534; x_wconf 86' lang='lat' dir='ltr'>detestabilius</span> <span class='ocrx_word' id='word_1_201' title='bbox 3351 1478 3424 1534; x_wconf 89' lang='lat' dir='ltr'>sit</span> <span class='ocrx_word' id='word_1_202' title='bbox 3472 1481 3640 1552; x_wconf 89' lang='lat' dir='ltr'>apud</span> 
     </span>
    </p>
   </div>
   <div class='ocr_carea' id='block_1_32' title="bbox 1985 1567 3641 1639">
    <p class='ocr_par' dir='ltr' id='par_1_32' title="bbox 1985 1567 3641 1639">
     <span class='ocr_line' id='line_1_32' title="bbox 1985 1567 3641 1639; baseline 0.002 -17"><span class='ocrx_word' id='word_1_203' title='bbox 1985 1568 2145 1639; x_wconf 89' lang='lat' dir='ltr'>pios.</span> <span class='ocrx_word' id='word_1_204' title='bbox 2179 1571 2327 1623; x_wconf 85' lang='lat' dir='ltr'>Nam</span> <span class='ocrx_word' id='word_1_205' title='bbox 2371 1583 2510 1622; x_wconf 90' lang='lat' dir='ltr'>cum</span> <span class='ocrx_word' id='word_1_206' title='bbox 2554 1569 2631 1624; x_wconf 89' lang='lat' dir='ltr'>ab</span> <span class='ocrx_word' id='word_1_207' title='bbox 2661 1567 2827 1623; x_wconf 90' lang='lat' dir='ltr'>initio</span> <span class='ocrx_word' id='word_1_208' title='bbox 2857 1567 3039 1622; x_wconf 88' lang='lat' dir='ltr'>latere</span> <span class='ocrx_word' id='word_1_209' title='bbox 3085 1567 3441 1633; x_wconf 87' lang='lat' dir='ltr'>studuerim,</span> <span class='ocrx_word' id='word_1_210' title='bbox 3470 1567 3641 1625; x_wconf 88' lang='lat' dir='ltr'>haud</span> 
     </span>
    </p>
   </div>
   <div class='ocr_carea' id='block_1_33' title="bbox 1988 1655 3640 1728">
    <p class='ocr_par' dir='ltr' id='par_1_33' title="bbox 1988 1655 3640 1728">
     <span class='ocr_line' id='line_1_33' title="bbox 1988 1655 3640 1728; baseline 0.001 -18"><span class='ocrx_word' id='word_1_211' title='bbox 1988 1656 2112 1711; x_wconf 88' lang='lat' dir='ltr'>scio</span> <span class='ocrx_word' id='word_1_212' title='bbox 2158 1671 2236 1711; x_wconf 85' lang='lat' dir='ltr'>an</span> <span class='ocrx_word' id='word_1_213' title='bbox 2279 1656 2475 1726; x_wconf 89' lang='lat' dir='ltr'>magis</span> <span class='ocrx_word' id='word_1_214' title='bbox 2521 1671 2708 1727; x_wconf 90' lang='lat' dir='ltr'>quam</span> <span class='ocrx_word' id='word_1_215' title='bbox 2753 1655 3077 1728; x_wconf 84' lang='lat' dir='ltr'>quisquam</span> <span class='ocrx_word' id='word_1_216' title='bbox 3120 1670 3349 1724; x_wconf 88' lang='lat' dir='ltr'>eorum,</span> <span class='ocrx_word' id='word_1_217' title='bbox 3383 1657 3488 1727; x_wconf 88' lang='lat' dir='ltr'>qui</span> <span class='ocrx_word' id='word_1_218' title='bbox 3530 1657 3640 1712; x_wconf 89' lang='lat' dir='ltr'>im-</span> 
     </span>
    </p>
   </div>
   <div class='ocr_carea' id='block_1_34' title="bbox 273 1742 1879 1818">
    <p class='ocr_par' dir='ltr' id='par_1_34' title="bbox 273 1742 1875 1818">
     <span class='ocr_line' id='line_1_34' title="bbox 273 1742 1875 1818; baseline -0.002 -22"><span class='ocrx_word' id='word_1_219' title='bbox 273 1765 388 1812; x_wconf 80' lang='grc' dir='ltr'>νυν,</span> <span class='ocrx_word' id='word_1_220' title='bbox 426 1746 660 1817; x_wconf 73' lang='grc' dir='ltr'>καθάπερ</span> <span class='ocrx_word' id='word_1_221' title='bbox 704 1747 763 1795; x_wconf 80' lang='grc' dir='ltr'>τό</span> <span class='ocrx_word' id='word_1_222' title='bbox 813 1742 1038 1796; x_wconf 70' lang='grc' dir='ltr'>ἐναντίον</span> <span class='ocrx_word' id='word_1_223' title='bbox 1079 1745 1414 1818; x_wconf 77' lang='grc' dir='ltr'>προελόμενος</span> <span class='ocrx_word' id='word_1_224' title='bbox 1455 1749 1617 1796; x_wconf 81' lang='grc' dir='ltr'>πᾶσιν</span> <span class='ocrx_word' id='word_1_225' title='bbox 1673 1742 1875 1817; x_wconf 84' lang='grc' dir='ltr'>ἀνθρώ-</span> 
     </span>
    </p>
   </div>
   <div class='ocr_carea' id='block_1_35' title="bbox 1990 1742 3641 1818">
    <p class='ocr_par' dir='ltr' id='par_1_35' title="bbox 1990 1745 3641 1814">
     <span class='ocr_line' id='line_1_35' title="bbox 1990 1745 3641 1814; baseline 0.001 -14"><span class='ocrx_word' id='word_1_226' title='bbox 1990 1745 2368 1801; x_wconf 85' lang='lat' dir='ltr'>becillitatem</span> <span class='ocrx_word' id='word_1_227' title='bbox 2434 1745 2767 1800; x_wconf 85' lang='lat' dir='ltr'>humanam</span> <span class='ocrx_word' id='word_1_228' title='bbox 2833 1745 3417 1814; x_wconf 85' lang='lat' dir='ltr'>consideraverunt;</span> <span class='ocrx_word' id='word_1_229' title='bbox 3475 1761 3641 1802; x_wconf 86' lang='lat' dir='ltr'>nunc</span> 
     </span>
    </p>
   </div>
   <div class='ocr_carea' id='block_1_36' title="bbox 272 1833 1877 1906">
    <p class='ocr_par' dir='ltr' id='par_1_36' title="bbox 272 1833 1877 1906">
     <span class='ocr_line' id='line_1_36' title="bbox 272 1833 1877 1906; baseline -0.002 -19"><span class='ocrx_word' id='word_1_230' title='bbox 272 1853 397 1896; x_wconf 78' lang='grc' dir='ltr'>ποις</span> <span class='ocrx_word' id='word_1_231' title='bbox 439 1840 699 1906; x_wconf 68' lang='grc' dir='ltr'>γνώριμον</span> <span class='ocrx_word' id='word_1_232' title='bbox 747 1833 970 1905; x_wconf 76' lang='grc' dir='ltr'>ἐμαυτόν</span> <span class='ocrx_word' id='word_1_233' title='bbox 1007 1843 1375 1904; x_wconf 76' lang='grc' dir='ltr'>καταστῆσαι,</span> <span class='ocrx_word' id='word_1_234' title='bbox 1419 1833 1554 1885; x_wconf 79' lang='grc' dir='ltr'>οὕτω</span> <span class='ocrx_word' id='word_1_235' title='bbox 1600 1839 1877 1904; x_wconf 82' lang='grc' dir='ltr'>πανταχοῦ</span> 
     </span>
    </p>
   </div>
   <div class='ocr_carea' id='block_1_37' title="bbox 277 1918 1880 1997">
    <p class='ocr_par' dir='ltr' id='par_1_37' title="bbox 277 1918 1880 1997">
     <span class='ocr_line' id='line_1_37' title="bbox 277 1918 1880 1997; baseline -0.002 -22"><span class='ocrx_word' id='word_1_236' title='bbox 277 1933 400 1995; x_wconf 74' lang='grc' dir='ltr'>γῆς,</span> <span class='ocrx_word' id='word_1_237' title='bbox 451 1924 742 1995; x_wconf 75' lang='grc' dir='ltr'>προσθήσω</span> <span class='ocrx_word' id='word_1_238' title='bbox 779 1919 860 1988; x_wconf 66' lang='grc' dir='ltr'>δὲ,</span> <span class='ocrx_word' id='word_1_239' title='bbox 892 1925 974 1974; x_wconf 81' lang='grc' dir='ltr'>ὅτι</span> <span class='ocrx_word' id='word_1_240' title='bbox 1021 1929 1110 1975; x_wconf 82' lang='grc' dir='ltr'>καὶ</span> <span class='ocrx_word' id='word_1_241' title='bbox 1159 1923 1452 1989; x_wconf 79' lang='grc' dir='ltr'>θαλάσσης,</span> <span class='ocrx_word' id='word_1_242' title='bbox 1506 1918 1880 1997; x_wconf 72' lang='grc' dir='ltr'>διατεθρύλλη-</span> 
     </span>
    </p>
   </div>
   <div class='ocr_carea' id='block_1_38' title="bbox 278 2007 1880 2085">
    <p class='ocr_par' dir='ltr' id='par_1_38' title="bbox 278 2007 1880 2085">
     <span class='ocr_line' id='line_1_38' title="bbox 278 2007 1880 2085; baseline -0.002 -21"><span class='ocrx_word' id='word_1_243' title='bbox 278 2032 399 2084; x_wconf 71' lang='grc' dir='ltr'>μαι.</span> <span class='ocrx_word' id='word_1_244' title='bbox 449 2012 518 2065; x_wconf 80' lang='grc' dir='ltr'>οἱ</span> <span class='ocrx_word' id='word_1_245' title='bbox 555 2030 612 2064; x_wconf 77' lang='grc' dir='ltr'>τε</span> <span class='ocrx_word' id='word_1_246' title='bbox 652 2013 752 2085; x_wconf 75' lang='grc' dir='ltr'>γὰρ</span> <span class='ocrx_word' id='word_1_247' title='bbox 799 2013 887 2062; x_wconf 89' lang='grc' dir='ltr'>τόν</span> <span class='ocrx_word' id='word_1_248' title='bbox 936 2013 1178 2082; x_wconf 80' lang='grc' dir='ltr'>ἔσχατων</span> <span class='ocrx_word' id='word_1_249' title='bbox 1208 2013 1324 2085; x_wconf 86' lang='grc' dir='ltr'>ὅρον</span> <span class='ocrx_word' id='word_1_250' title='bbox 1353 2019 1446 2071; x_wconf 83' lang='grc' dir='ltr'>τῆς</span> <span class='ocrx_word' id='word_1_251' title='bbox 1489 2009 1728 2071; x_wconf 78' lang='grc' dir='ltr'>ἀσεϐείας</span> <span class='ocrx_word' id='word_1_252' title='bbox 1768 2007 1880 2062; x_wconf 78' lang='grc' dir='ltr'>ἐπι-</span> 
     </span>
    </p>
   </div>
   <div class='ocr_carea' id='block_1_39' title="bbox 279 2095 1884 2170">
    <p class='ocr_par' dir='ltr' id='par_1_39' title="bbox 279 2095 1884 2170">
     <span class='ocr_line' id='line_1_39' title="bbox 279 2095 1884 2170; baseline -0.001 -17"><span class='ocrx_word' id='word_1_253' title='bbox 279 2098 610 2169; x_wconf 74' lang='grc' dir='ltr'>τηδεύοντες,</span> <span class='ocrx_word' id='word_1_254' title='bbox 663 2105 755 2152; x_wconf 77' lang='grc' dir='ltr'>καὶ</span> <span class='ocrx_word' id='word_1_255' title='bbox 803 2104 860 2152; x_wconf 86' lang='grc' dir='ltr'>τό</span> <span class='ocrx_word' id='word_1_256' title='bbox 906 2101 1056 2153; x_wconf 75' lang='grc' dir='ltr'>ἄθεον</span> <span class='ocrx_word' id='word_1_257' title='bbox 1112 2109 1206 2160; x_wconf 79' lang='grc' dir='ltr'>τῆς</span> <span class='ocrx_word' id='word_1_258' title='bbox 1265 2101 1636 2169; x_wconf 75' lang='grc' dir='ltr'>ἀνομοιότητος</span> <span class='ocrx_word' id='word_1_259' title='bbox 1707 2095 1884 2170; x_wconf 70' lang='grc' dir='ltr'>δόγμα</span> 
     </span>
    </p>
   </div>
   <div class='ocr_carea' id='block_1_40' title="bbox 274 2187 1883 2264">
    <p class='ocr_par' dir='ltr' id='par_1_40' title="bbox 274 2187 1883 2264">
     <span class='ocr_line' id='line_1_40' title="bbox 274 2187 1883 2264; baseline -0.003 -20"><span class='ocrx_word' id='word_1_260' title='bbox 274 2198 391 2251; x_wconf 81' lang='grc' dir='ltr'>ταῖς</span> <span class='ocrx_word' id='word_1_261' title='bbox 435 2189 770 2252; x_wconf 66' lang='grc' dir='ltr'>Ἐκκλησίαις</span> <span class='ocrx_word' id='word_1_262' title='bbox 817 2188 1094 2261; x_wconf 72' lang='grc' dir='ltr'>ἐπάγοντες</span> <span class='ocrx_word' id='word_1_263' title='bbox 1147 2189 1276 2260; x_wconf 88' lang='grc'>(66),</span> <span class='ocrx_word' id='word_1_264' title='bbox 1322 2193 1455 2264; x_wconf 84' lang='grc' dir='ltr'>πρὸς</span> <span class='ocrx_word' id='word_1_265' title='bbox 1493 2187 1579 2260; x_wconf 68' lang='grc' dir='ltr'>ἐμὲ</span> <span class='ocrx_word' id='word_1_266' title='bbox 1608 2193 1696 2241; x_wconf 87' lang='grc' dir='ltr'>τὸν</span> <span class='ocrx_word' id='word_1_267' title='bbox 1729 2188 1883 2240; x_wconf 75' lang='grc' dir='ltr'>πόλει·</span> 
     </span>
    </p>
   </div>
   <div class='ocr_carea' id='block_1_41' title="bbox 279 2277 1881 2351">
    <p class='ocr_par' dir='ltr' id='par_1_41' title="bbox 279 2277 1881 2351">
     <span class='ocr_line' id='line_1_41' title="bbox 279 2277 1881 2351; baseline -0.002 -20"><span class='ocrx_word' id='word_1_268' title='bbox 279 2300 378 2351; x_wconf 68' lang='grc' dir='ltr'>μου</span> <span class='ocrx_word' id='word_1_269' title='bbox 423 2282 665 2350; x_wconf 65' lang='grc' dir='ltr'>ἔχουσιν</span> <span class='ocrx_word' id='word_1_270' title='bbox 705 2279 756 2329; x_wconf 80' lang='grc' dir='ltr'>οἱ</span> <span class='ocrx_word' id='word_1_271' title='bbox 797 2297 850 2330; x_wconf 74' lang='grc' dir='ltr'>τε</span> <span class='ocrx_word' id='word_1_272' title='bbox 893 2283 989 2336; x_wconf 77' lang='grc' dir='ltr'>τὴν</span> <span class='ocrx_word' id='word_1_273' title='bbox 1030 2283 1191 2336; x_wconf 73' lang='grc' dir='ltr'>μέσην</span> <span class='ocrx_word' id='word_1_274' title='bbox 1217 2277 1526 2348; x_wconf 75' lang='grc' dir='ltr'>ἐλαύνοντες,</span> <span class='ocrx_word' id='word_1_275' title='bbox 1569 2281 1637 2339; x_wconf 86' lang='grc' dir='ltr'>ὡς</span> <span class='ocrx_word' id='word_1_276' title='bbox 1663 2281 1881 2347; x_wconf 81' lang='grc' dir='ltr'>οἴονται,</span> 
     </span>
    </p>
   </div>
   <div class='ocr_carea' id='block_1_42' title="bbox 276 2366 1884 2442">
    <p class='ocr_par' dir='ltr' id='par_1_42' title="bbox 276 2366 1884 2442">
     <span class='ocr_line' id='line_1_42' title="bbox 276 2366 1884 2442; baseline 0 -22"><span class='ocrx_word' id='word_1_277' title='bbox 276 2374 372 2420; x_wconf 79' lang='grc' dir='ltr'>καὶ</span> <span class='ocrx_word' id='word_1_278' title='bbox 420 2368 522 2422; x_wconf 75' lang='grc' dir='ltr'>ἀπὸ</span> <span class='ocrx_word' id='word_1_279' title='bbox 683 2375 780 2419; x_wconf 84' lang='grc' dir='ltr'>τῶν</span> <span class='ocrx_word' id='word_1_280' title='bbox 827 2369 996 2419; x_wconf 74' lang='grc' dir='ltr'>αὑτῶν</span> <span class='ocrx_word' id='word_1_281' title='bbox 1044 2366 1242 2420; x_wconf 76' lang='grc' dir='ltr'>ἕκείνων</span> <span class='ocrx_word' id='word_1_282' title='bbox 1281 2368 1390 2437; x_wconf 76' lang='grc'>(67)</span> <span class='ocrx_word' id='word_1_283' title='bbox 1423 2367 1603 2442; x_wconf 84' lang='grc' dir='ltr'>ἀρχῶν</span> <span class='ocrx_word' id='word_1_284' title='bbox 1635 2369 1884 2440; x_wconf 78' lang='grc' dir='ltr'>ὡρμημέο</span> 
     </span>
    </p>
   </div>
   <div class='ocr_carea' id='block_1_43' title="bbox 277 2454 1886 2531">
    <p class='ocr_par' dir='ltr' id='par_1_43' title="bbox 277 2454 1886 2531">
     <span class='ocr_line' id='line_1_43' title="bbox 277 2454 1886 2531; baseline -0.001 -20"><span class='ocrx_word' id='word_1_285' title='bbox 277 2479 380 2526; x_wconf 85' lang='grc' dir='ltr'>νοι,</span> <span class='ocrx_word' id='word_1_286' title='bbox 413 2466 476 2531; x_wconf 76' lang='grc' dir='ltr'>τῇ</span> <span class='ocrx_word' id='word_1_287' title='bbox 523 2455 583 2510; x_wconf 75' lang='grc' dir='ltr'>δὲ</span> <span class='ocrx_word' id='word_1_288' title='bbox 628 2466 732 2510; x_wconf 84' lang='grc' dir='ltr'>τῶν</span> <span class='ocrx_word' id='word_1_289' title='bbox 778 2457 1041 2529; x_wconf 74' lang='grc' dir='ltr'>λογισμῶν</span> <span class='ocrx_word' id='word_1_290' title='bbox 1097 2456 1381 2530; x_wconf 78' lang='grc' dir='ltr'>ἀκολουθίᾳ</span> <span class='ocrx_word' id='word_1_291' title='bbox 1420 2463 1490 2530; x_wconf 79' lang='grc' dir='ltr'>μὴ</span> <span class='ocrx_word' id='word_1_292' title='bbox 1537 2457 1753 2529; x_wconf 76' lang='grc' dir='ltr'>ἐφιέντες</span> <span class='ocrx_word' id='word_1_293' title='bbox 1789 2454 1886 2510; x_wconf 73' lang='grc' dir='ltr'>διὰ</span> 
     </span>
    </p>
   </div>
   <div class='ocr_carea' id='block_1_44' title="bbox 275 2543 1882 2618">
    <p class='ocr_par' dir='ltr' id='par_1_44' title="bbox 275 2543 1882 2618">
     <span class='ocr_line' id='line_1_44' title="bbox 275 2543 1882 2618; baseline -0.001 -18"><span class='ocrx_word' id='word_1_294' title='bbox 275 2553 338 2600; x_wconf 83' lang='grc' dir='ltr'>τὸ</span> <span class='ocrx_word' id='word_1_295' title='bbox 381 2549 679 2601; x_wconf 77' lang='grc' dir='ltr'>ὑπεναντιον</span> <span class='ocrx_word' id='word_1_296' title='bbox 717 2554 835 2608; x_wconf 82' lang='grc' dir='ltr'>ταῖς</span> <span class='ocrx_word' id='word_1_297' title='bbox 869 2545 1046 2606; x_wconf 81' lang='grc' dir='ltr'>ἀκοαῖς</span> <span class='ocrx_word' id='word_1_298' title='bbox 1081 2555 1184 2598; x_wconf 87' lang='grc' dir='ltr'>τῶν</span> <span class='ocrx_word' id='word_1_299' title='bbox 1229 2546 1452 2615; x_wconf 83' lang='grc' dir='ltr'>πολλῶν,</span> <span class='ocrx_word' id='word_1_300' title='bbox 1503 2548 1640 2618; x_wconf 80' lang='grc' dir='ltr'>ὑμᾶς</span> <span class='ocrx_word' id='word_1_301' title='bbox 1671 2543 1882 2617; x_wconf 74' lang='grc' dir='ltr'>δυσχε-</span> 
     </span>
    </p>
   </div>
   <div class='ocr_carea' id='block_1_45' title="bbox 279 2632 1882 2709">
    <p class='ocr_par' dir='ltr' id='par_1_45' title="bbox 279 2632 1882 2709">
     <span class='ocr_line' id='line_1_45' title="bbox 279 2632 1882 2709; baseline -0.002 -21"><span class='ocrx_word' id='word_1_302' title='bbox 279 2642 521 2709; x_wconf 78' lang='grc' dir='ltr'>ραίνουσι</span> <span class='ocrx_word' id='word_1_303' title='bbox 565 2642 656 2688; x_wconf 77' lang='grc' dir='ltr'>καὶ</span> <span class='ocrx_word' id='word_1_304' title='bbox 702 2635 956 2688; x_wconf 79' lang='grc' dir='ltr'>πλύνουσι</span> <span class='ocrx_word' id='word_1_305' title='bbox 1005 2638 1094 2707; x_wconf 70' lang='grc' dir='ltr'>μὲν</span> <span class='ocrx_word' id='word_1_306' title='bbox 1133 2643 1250 2696; x_wconf 89' lang='grc' dir='ltr'>ταῖς</span> <span class='ocrx_word' id='word_1_307' title='bbox 1296 2632 1604 2708; x_wconf 75' lang='grc' dir='ltr'>λοιδορίαις,</span> <span class='ocrx_word' id='word_1_308' title='bbox 1642 2634 1716 2706; x_wconf 72' lang='grc' dir='ltr'>ἐφ’</span> <span class='ocrx_word' id='word_1_309' title='bbox 1761 2635 1882 2686; x_wconf 85' lang='grc' dir='ltr'>ὅσον</span> 
     </span>
    </p>
   </div>
   <div class='ocr_carea' id='block_1_46' title="bbox 279 2721 1884 2797">
    <p class='ocr_par' dir='ltr' id='par_1_46' title="bbox 279 2721 1884 2797">
     <span class='ocr_line' id='line_1_46' title="bbox 279 2721 1884 2797; baseline -0.001 -19"><span class='ocrx_word' id='word_1_310' title='bbox 279 2723 535 2778; x_wconf 72' lang='grc' dir='ltr'>δύνανται</span> <span class='ocrx_word' id='word_1_311' title='bbox 561 2765 576 2791; x_wconf 85' lang='grc'>,</span> <span class='ocrx_word' id='word_1_312' title='bbox 618 2722 871 2797; x_wconf 76' lang='grc' dir='ltr'>οὐδεμιᾶς</span> <span class='ocrx_word' id='word_1_313' title='bbox 913 2721 971 2777; x_wconf 72' lang='grc' dir='ltr'>δὲ</span> <span class='ocrx_word' id='word_1_314' title='bbox 1019 2725 1308 2795; x_wconf 77' lang='grc' dir='ltr'>ἀπέχονται</span> <span class='ocrx_word' id='word_1_315' title='bbox 1346 2733 1444 2785; x_wconf 86' lang='grc' dir='ltr'>τῆς</span> <span class='ocrx_word' id='word_1_316' title='bbox 1481 2723 1756 2784; x_wconf 69' lang='grc' dir='ltr'>ἐπιϐουλῆς</span> <span class='ocrx_word' id='word_1_317' title='bbox 1785 2741 1798 2755; x_wconf 79' lang='grc'><strong><em>⁸</em></strong></span> <span class='ocrx_word' id='word_1_318' title='bbox 1841 2724 1884 2776; x_wconf 80' lang='grc' dir='ltr'>εἰ</span> 
     </span>
    </p>
   </div>
   <div class='ocr_carea' id='block_1_47' title="bbox 278 2812 1884 2888">
    <p class='ocr_par' dir='ltr' id='par_1_47' title="bbox 278 2812 1884 2888">
     <span class='ocr_line' id='line_1_47' title="bbox 278 2812 1884 2888; baseline -0.001 -21"><span class='ocrx_word' id='word_1_319' title='bbox 278 2822 376 2868; x_wconf 73' lang='grc' dir='ltr'>καὶ</span> <span class='ocrx_word' id='word_1_320' title='bbox 412 2817 494 2867; x_wconf 77' lang='grc' dir='ltr'>ὅτι</span> <span class='ocrx_word' id='word_1_321' title='bbox 538 2816 567 2867; x_wconf 82' lang='grc' dir='ltr'><strong><em>ὁ</em></strong></span> <span class='ocrx_word' id='word_1_322' title='bbox 616 2817 807 2886; x_wconf 74' lang='grc' dir='ltr'>Κύριος</span> <span class='ocrx_word' id='word_1_323' title='bbox 859 2813 1162 2888; x_wconf 73' lang='grc' dir='ltr'>ἀπράκτους</span> <span class='ocrx_word' id='word_1_324' title='bbox 1208 2812 1376 2866; x_wconf 67' lang='grc' dir='ltr'>αὐτῶν</span> <span class='ocrx_word' id='word_1_325' title='bbox 1422 2817 1512 2874; x_wconf 86' lang='grc' dir='ltr'>τὰς</span> <span class='ocrx_word' id='word_1_326' title='bbox 1557 2813 1884 2886; x_wconf 75' lang='grc' dir='ltr'>ἐγχειρήσας</span> 
     </span>
    </p>
   </div>
   <div class='ocr_carea' id='block_1_48' title="bbox 277 2899 1884 2976">
    <p class='ocr_par' dir='ltr' id='par_1_48' title="bbox 277 2899 1884 2976">
     <span class='ocr_line' id='line_1_48' title="bbox 277 2899 1884 2976; baseline -0.002 -19"><span class='ocrx_word' id='word_1_327' title='bbox 277 2905 520 2961; x_wconf 71' lang='grc' dir='ltr'>ἐποίησε.</span> <span class='ocrx_word' id='word_1_328' title='bbox 566 2910 748 2956; x_wconf 81' lang='grc' dir='ltr'>Ταῦτα</span> <span class='ocrx_word' id='word_1_329' title='bbox 792 2911 898 2962; x_wconf 81' lang='grc' dir='ltr'>πῶς</span> <span class='ocrx_word' id='word_1_330' title='bbox 939 2903 999 2954; x_wconf 66' lang='grc' dir='ltr'>οὐ</span> <span class='ocrx_word' id='word_1_331' title='bbox 1047 2902 1254 2976; x_wconf 80' lang='grc' dir='ltr'>λυπηρά</span> <span class='ocrx_word' id='word_1_332' title='bbox 1279 2921 1292 2970; x_wconf 89' lang='grc'><strong>;</strong></span> <span class='ocrx_word' id='word_1_333' title='bbox 1316 2911 1422 2963; x_wconf 85' lang='grc' dir='ltr'>πῶς</span> <span class='ocrx_word' id='word_1_334' title='bbox 1451 2902 1579 2974; x_wconf 72' lang='grc' dir='ltr'>οὐχὶ</span> <span class='ocrx_word' id='word_1_335' title='bbox 1620 2899 1884 2974; x_wconf 74' lang='grc' dir='ltr'>ὀδυνηράν</span> 
     </span>
    </p>
   </div>
   <div class='ocr_carea' id='block_1_49' title="bbox 280 2991 1886 3064">
    <p class='ocr_par' dir='ltr' id='par_1_49' title="bbox 280 2991 1886 3064">
     <span class='ocr_line' id='line_1_49' title="bbox 280 2991 1886 3064; baseline 0 -20"><span class='ocrx_word' id='word_1_336' title='bbox 280 3012 378 3064; x_wconf 69' lang='grc' dir='ltr'>μοι</span> <span class='ocrx_word' id='word_1_337' title='bbox 413 2996 508 3050; x_wconf 74' lang='grc' dir='ltr'>τὴν</span> <span class='ocrx_word' id='word_1_338' title='bbox 552 2993 693 3052; x_wconf 77' lang='grc' dir='ltr'>ζωὴν</span> <span class='ocrx_word' id='word_1_339' title='bbox 747 2991 1210 3052; x_wconf 74' lang='grc' dir='ltr'>κατασκευάζοντα</span> <span class='ocrx_word' id='word_1_340' title='bbox 1255 2993 1409 3062; x_wconf 83' lang='grc'>(68);</span> <span class='ocrx_word' id='word_1_341' title='bbox 1456 2993 1506 3052; x_wconf 85' lang='grc' dir='ltr'>ὃς</span> <span class='ocrx_word' id='word_1_342' title='bbox 1552 3011 1612 3063; x_wconf 70' lang='grc' dir='ltr'>γε</span> <span class='ocrx_word' id='word_1_343' title='bbox 1657 2996 1781 3064; x_wconf 75' lang='grc' dir='ltr'>μίαν</span> <span class='ocrx_word' id='word_1_344' title='bbox 1810 2997 1886 3044; x_wconf 84' lang='grc' dir='ltr'>τί-</span> 
     </span>
    </p>
   </div>
   <div class='ocr_carea' id='block_1_50' title="bbox 281 3081 1885 3154">
    <p class='ocr_par' dir='ltr' id='par_1_50' title="bbox 281 3081 1885 3154">
     <span class='ocr_line' id='line_1_50' title="bbox 281 3081 1885 3154; baseline -0.001 -18"><span class='ocrx_word' id='word_1_345' title='bbox 281 3086 442 3154; x_wconf 79' lang='grc' dir='ltr'>θεμαι</span> <span class='ocrx_word' id='word_1_346' title='bbox 503 3090 603 3134; x_wconf 87' lang='grc' dir='ltr'>τῶν</span> <span class='ocrx_word' id='word_1_347' title='bbox 654 3090 827 3134; x_wconf 83' lang='grc' dir='ltr'>κακῶν</span> <span class='ocrx_word' id='word_1_348' title='bbox 883 3083 1243 3154; x_wconf 76' lang='grc' dir='ltr'>παραμυθίαν,</span> <span class='ocrx_word' id='word_1_349' title='bbox 1303 3087 1400 3140; x_wconf 74' lang='grc' dir='ltr'>τὴν</span> <span class='ocrx_word' id='word_1_350' title='bbox 1472 3081 1737 3135; x_wconf 79' lang='grc' dir='ltr'>ἀσθένειαν</span> <span class='ocrx_word' id='word_1_351' title='bbox 1793 3091 1885 3143; x_wconf 78' lang='grc' dir='ltr'>τῆς</span> 
     </span>
    </p>
   </div>
   <div class='ocr_carea' id='block_1_51' title="bbox 281 3168 1886 3248">
    <p class='ocr_par' dir='ltr' id='par_1_51' title="bbox 281 3168 1886 3248">
     <span class='ocr_line' id='line_1_51' title="bbox 281 3168 1886 3248; baseline -0.001 -23"><span class='ocrx_word' id='word_1_352' title='bbox 281 3177 505 3244; x_wconf 82' lang='grc' dir='ltr'>σαρκός,</span> <span class='ocrx_word' id='word_1_353' title='bbox 545 3171 630 3242; x_wconf 76' lang='grc' dir='ltr'>ὑφ’</span> <span class='ocrx_word' id='word_1_354' title='bbox 684 3168 743 3232; x_wconf 73' lang='grc' dir='ltr'>ἧς</span> <span class='ocrx_word' id='word_1_355' title='bbox 791 3175 1076 3243; x_wconf 78' lang='grc' dir='ltr'>πέπεισμαι</span> <span class='ocrx_word' id='word_1_356' title='bbox 1132 3175 1203 3243; x_wconf 70' lang='grc' dir='ltr'><em>μὴ</em></span> <span class='ocrx_word' id='word_1_357' title='bbox 1263 3169 1422 3223; x_wconf 83' lang='grc' dir='ltr'>πολὺν</span> <span class='ocrx_word' id='word_1_358' title='bbox 1477 3176 1666 3247; x_wconf 84' lang='grc' dir='ltr'>χρόνον</span> <span class='ocrx_word' id='word_1_359' title='bbox 1709 3191 1886 3248; x_wconf 81' lang='grc' dir='ltr'>παρα-</span> 
     </span>
    </p>
   </div>
   <div class='ocr_carea' id='block_1_52' title="bbox 279 3257 1886 3334">
    <p class='ocr_par' dir='ltr' id='par_1_52' title="bbox 279 3257 1886 3334">
     <span class='ocr_line' id='line_1_52' title="bbox 279 3257 1886 3334; baseline 0.001 -22"><span class='ocrx_word' id='word_1_360' title='bbox 279 3267 453 3334; x_wconf 74' lang='grc' dir='ltr'>μένειν</span> <span class='ocrx_word' id='word_1_361' title='bbox 512 3269 574 3319; x_wconf 80' lang='grc' dir='ltr'>τῆ</span> <span class='ocrx_word' id='word_1_362' title='bbox 629 3257 876 3330; x_wconf 76' lang='grc' dir='ltr'>δυστήνῳ</span> <span class='ocrx_word' id='word_1_363' title='bbox 923 3263 1087 3332; x_wconf 80' lang='grc' dir='ltr'>ταύτῃ</span> <span class='ocrx_word' id='word_1_364' title='bbox 1144 3260 1279 3332; x_wconf 78' lang='grc' dir='ltr'>ζωῇ.</span> <span class='ocrx_word' id='word_1_365' title='bbox 1334 3266 1432 3313; x_wconf 77' lang='grc' dir='ltr'>Καὶ</span> <span class='ocrx_word' id='word_1_366' title='bbox 1483 3269 1647 3314; x_wconf 83' lang='grc' dir='ltr'>ταῦτα</span> <span class='ocrx_word' id='word_1_367' title='bbox 1684 3265 1773 3334; x_wconf 65' lang='grc' dir='ltr'><strong>μὲν</strong></span> <span class='ocrx_word' id='word_1_368' title='bbox 1818 3263 1886 3323; x_wconf 81' lang='grc' dir='ltr'>εἰς</span> 
     </span>
    </p>
   </div>
   <div class='ocr_carea' id='block_1_53' title="bbox 276 3347 1885 3426">
    <p class='ocr_par' dir='ltr' id='par_1_53' title="bbox 276 3347 1885 3426">
     <span class='ocr_line' id='line_1_53' title="bbox 276 3347 1885 3426; baseline 0.001 -23"><span class='ocrx_word' id='word_1_369' title='bbox 276 3358 556 3403; x_wconf 71' lang='grc' dir='ltr'>τοσοῦτον.</span> <span class='ocrx_word' id='word_1_370' title='bbox 607 3353 666 3402; x_wconf 66' lang='grc' dir='ltr'>Σὲ</span> <span class='ocrx_word' id='word_1_371' title='bbox 713 3347 774 3402; x_wconf 67' lang='grc' dir='ltr'>δε</span> <span class='ocrx_word' id='word_1_372' title='bbox 820 3348 906 3402; x_wconf 76' lang='grc' dir='ltr'>ἐπὶ</span> <span class='ocrx_word' id='word_1_373' title='bbox 955 3357 1063 3410; x_wconf 87' lang='grc' dir='ltr'>τοῖς</span> <span class='ocrx_word' id='word_1_374' title='bbox 1094 3351 1286 3402; x_wconf 78' lang='grc' dir='ltr'>πάθεσι</span> <span class='ocrx_word' id='word_1_375' title='bbox 1325 3357 1416 3401; x_wconf 85' lang='grc' dir='ltr'>τοῦ</span> <span class='ocrx_word' id='word_1_376' title='bbox 1448 3369 1683 3422; x_wconf 79' lang='grc' dir='ltr'>σωματος</span> <span class='ocrx_word' id='word_1_377' title='bbox 1712 3371 1885 3426; x_wconf 83' lang='grc' dir='ltr'>παρα-</span> 
     </span>
    </p>
   </div>
   <div class='ocr_carea' id='block_1_54' title="bbox 283 3437 1885 3514">
    <p class='ocr_par' dir='ltr' id='par_1_54' title="bbox 283 3437 1885 3514">
     <span class='ocr_line' id='line_1_54' title="bbox 283 3437 1885 3514; baseline 0.002 -24"><span class='ocrx_word' id='word_1_378' title='bbox 283 3437 438 3490; x_wconf 81' lang='grc' dir='ltr'>καλώ</span> <span class='ocrx_word' id='word_1_379' title='bbox 489 3439 814 3510; x_wconf 67' lang='grc' dir='ltr'>μεγαλοφυῶς</span> <span class='ocrx_word' id='word_1_380' title='bbox 862 3444 950 3492; x_wconf 81' lang='grc' dir='ltr'>καὶ</span> <span class='ocrx_word' id='word_1_381' title='bbox 1017 3438 1175 3502; x_wconf 81' lang='grc' dir='ltr'>ἀξίως</span> <span class='ocrx_word' id='word_1_382' title='bbox 1234 3447 1327 3491; x_wconf 76' lang='grc' dir='ltr'>τοῦ</span> <span class='ocrx_word' id='word_1_383' title='bbox 1379 3439 1693 3502; x_wconf 83' lang='grc' dir='ltr'>καλέσαντος</span> <span class='ocrx_word' id='word_1_384' title='bbox 1744 3444 1885 3514; x_wconf 77' lang='grc' dir='ltr'>ἡμᾶς</span> 
     </span>
    </p>
   </div>
   <div class='ocr_carea' id='block_1_55' title="bbox 286 3524 1884 3603">
    <p class='ocr_par' dir='ltr' id='par_1_55' title="bbox 286 3524 1884 3603">
     <span class='ocr_line' id='line_1_55' title="bbox 286 3524 1884 3603; baseline 0.002 -23"><span class='ocrx_word' id='word_1_385' title='bbox 286 3534 430 3580; x_wconf 73' lang='grc' dir='ltr'>Θεοῦ</span> <span class='ocrx_word' id='word_1_386' title='bbox 476 3524 788 3579; x_wconf 75' lang='grc' dir='ltr'>διακεῖσθαι·</span> <span class='ocrx_word' id='word_1_387' title='bbox 830 3528 906 3596; x_wconf 88' lang='grc' dir='ltr'>ὃς,</span> <span class='ocrx_word' id='word_1_388' title='bbox 948 3527 1033 3580; x_wconf 78' lang='grc' dir='ltr'>ἐὰν</span> <span class='ocrx_word' id='word_1_389' title='bbox 1079 3525 1170 3600; x_wconf 73' lang='grc' dir='ltr'>ἴδῃ</span> <span class='ocrx_word' id='word_1_390' title='bbox 1211 3530 1350 3600; x_wconf 77' lang='grc' dir='ltr'>ἡμᾶς</span> <span class='ocrx_word' id='word_1_391' title='bbox 1393 3529 1504 3601; x_wconf 79' lang='grc' dir='ltr'>μετ’</span> <span class='ocrx_word' id='word_1_392' title='bbox 1535 3532 1884 3603; x_wconf 70' lang='grc' dir='ltr'>εὐχαριστίας</span> 
     </span>
    </p>
   </div>
   <div class='ocr_carea' id='block_1_56' title="bbox 285 3614 1878 3692">
    <p class='ocr_par' dir='ltr' id='par_1_56' title="bbox 285 3614 1878 3692">
     <span class='ocr_line' id='line_1_56' title="bbox 285 3614 1878 3692; baseline 0.001 -22"><span class='ocrx_word' id='word_1_393' title='bbox 285 3614 605 3688; x_wconf 75' lang='grc' dir='ltr'>δεξαμένους</span> <span class='ocrx_word' id='word_1_394' title='bbox 666 3620 726 3670; x_wconf 76' lang='grc' dir='ltr'>τὰ</span> <span class='ocrx_word' id='word_1_395' title='bbox 775 3622 1026 3692; x_wconf 81' lang='grc' dir='ltr'>παρόντα,</span> <span class='ocrx_word' id='word_1_396' title='bbox 1090 3619 1120 3676; x_wconf 78' lang='grc' dir='ltr'><strong><em>ἦ</em></strong></span> <span class='ocrx_word' id='word_1_397' title='bbox 1181 3616 1430 3678; x_wconf 79' lang='grc' dir='ltr'>ἐπανήσει</span> <span class='ocrx_word' id='word_1_398' title='bbox 1483 3622 1548 3671; x_wconf 80' lang='grc' dir='ltr'>τὰ</span> <span class='ocrx_word' id='word_1_399' title='bbox 1598 3620 1878 3688; x_wconf 73' lang='grc' dir='ltr'>λυποῦντα,</span> 
     </span>
    </p>
   </div>
   <div class='ocr_carea' id='block_1_57' title="bbox 276 3704 1880 3782">
    <p class='ocr_par' dir='ltr' id='par_1_57' title="bbox 276 3704 1880 3782">
     <span class='ocr_line' id='line_1_57' title="bbox 276 3704 1880 3782; baseline 0.003 -24"><span class='ocrx_word' id='word_1_400' title='bbox 276 3709 356 3766; x_wconf 80' lang='grc' dir='ltr'>ὡς</span> <span class='ocrx_word' id='word_1_401' title='bbox 386 3704 470 3758; x_wconf 78' lang='grc' dir='ltr'>ἐπὶ</span> <span class='ocrx_word' id='word_1_402' title='bbox 495 3714 584 3758; x_wconf 71' lang='grc' dir='ltr'>τοῦ</span> <span class='ocrx_word' id='word_1_403' title='bbox 627 3707 762 3776; x_wconf 78' lang='grc' dir='ltr'>Ἰὼϐ,</span> <span class='ocrx_word' id='word_1_404' title='bbox 810 3709 839 3764; x_wconf 78' lang='grc' dir='ltr'>ἢ</span> <span class='ocrx_word' id='word_1_405' title='bbox 892 3709 997 3768; x_wconf 79' lang='grc' dir='ltr'>τοῖς</span> <span class='ocrx_word' id='word_1_406' title='bbox 1040 3707 1286 3779; x_wconf 68' lang='grc' dir='ltr'>μεγάλοις</span> <span class='ocrx_word' id='word_1_407' title='bbox 1337 3712 1601 3782; x_wconf 65' lang='grc' dir='ltr'>στεφάνοις</span> <span class='ocrx_word' id='word_1_408' title='bbox 1627 3718 1717 3770; x_wconf 79' lang='grc' dir='ltr'>τῆς</span> <span class='ocrx_word' id='word_1_409' title='bbox 1747 3713 1880 3763; x_wconf 71' lang='grc' dir='ltr'>ὑπο-</span> 
     </span>
    </p>
   </div>
   <div class='ocr_carea' id='block_1_58' title="bbox 273 3793 1880 3872">
    <p class='ocr_par' dir='ltr' id='par_1_58' title="bbox 273 3793 1880 3872">
     <span class='ocr_line' id='line_1_58' title="bbox 273 3793 1880 3872; baseline 0.003 -27"><span class='ocrx_word' id='word_1_410' title='bbox 273 3801 446 3867; x_wconf 79' lang='grc' dir='ltr'>μονῆς</span> <span class='ocrx_word' id='word_1_411' title='bbox 490 3793 768 3865; x_wconf 66' lang='grc' dir='ltr'>ἀμιιψιται</span> <span class='ocrx_word' id='word_1_412' title='bbox 818 3797 867 3847; x_wconf 74' lang='grc' dir='ltr'>ἐν</span> <span class='ocrx_word' id='word_1_413' title='bbox 913 3804 973 3869; x_wconf 70' lang='grc' dir='ltr'>τῇ</span> <span class='ocrx_word' id='word_1_414' title='bbox 1023 3799 1154 3868; x_wconf 76' lang='grc' dir='ltr'>μετὰ</span> <span class='ocrx_word' id='word_1_415' title='bbox 1190 3800 1385 3856; x_wconf 78' lang='grc' dir='ltr'>ταύτην</span> <span class='ocrx_word' id='word_1_416' title='bbox 1424 3803 1518 3857; x_wconf 83' lang='grc' dir='ltr'>τὴν</span> <span class='ocrx_word' id='word_1_417' title='bbox 1569 3798 1710 3860; x_wconf 81' lang='grc' dir='ltr'>ζωὴν</span> <span class='ocrx_word' id='word_1_418' title='bbox 1735 3802 1880 3872; x_wconf 79' lang='grc' dir='ltr'><strong>ἡμῶν</strong></span> 
     </span>
    </p>
   </div>
   <div class='ocr_carea' id='block_1_59' title="bbox 271 3885 624 3942">
    <p class='ocr_par' dir='ltr' id='par_1_59' title="bbox 271 3885 624 3942">
     <span class='ocr_line' id='line_1_59' title="bbox 271 3885 624 3942; baseline -0.008 -4"><span class='ocrx_word' id='word_1_419' title='bbox 271 3885 624 3942; x_wconf 75' lang='grc' dir='ltr'>καταστάσει.</span> 
     </span>
    </p>
   </div>
   <div class='ocr_carea' id='block_1_60' title="bbox 351 4283 1879 4364">
    <p class='ocr_par' dir='ltr' id='par_1_60' title="bbox 351 4283 1879 4364">
     <span class='ocr_line' id='line_1_60' title="bbox 351 4283 1879 4364; baseline 0.006 -25"><span class='ocrx_word' id='word_1_420' title='bbox 351 4283 611 4364; x_wconf 71' lang='lat' dir='ltr'>(6_5)_’E1:_’</span> <span class='ocrx_word' id='word_1_421' title='bbox 661 4283 862 4364; x_wconf 54' lang='lat' dir='ltr'>sitsic.</span> <span class='ocrx_word' id='word_1_422' title='bbox 909 4288 991 4364; x_wconf 64' lang='lat' dir='ltr'>lla</span> <span class='ocrx_word' id='word_1_423' title='bbox 1038 4301 1186 4344; x_wconf 86' lang='lat' dir='ltr'>mss.</span> <span class='ocrx_word' id='word_1_424' title='bbox 1223 4287 1360 4364; x_wconf 65' lang='lat' dir='ltr'>ires</span> <span class='ocrx_word' id='word_1_425' title='bbox 1415 4306 1540 4364; x_wconf 83' lang='lat' dir='ltr'>non</span> <span class='ocrx_word' id='word_1_426' title='bbox 1587 4287 1879 4364; x_wconf 79' lang='lat' dir='ltr'>antiquis-</span> 
     </span>
    </p>
   </div>
   <div class='ocr_carea' id='block_1_61' title="bbox 275 4355 1880 4436">
    <p class='ocr_par' dir='ltr' id='par_1_61' title="bbox 275 4355 1880 4436">
     <span class='ocr_line' id='line_1_61' title="bbox 275 4355 1880 4436; baseline 0.006 -26"><span class='ocrx_word' id='word_1_427' title='bbox 275 4357 439 4436; x_wconf 73' lang='lat' dir='ltr'>simi.</span> <span class='ocrx_word' id='word_1_428' title='bbox 484 4355 600 4436; x_wconf 76' lang='lat' dir='ltr'>Sed</span> <span class='ocrx_word' id='word_1_429' title='bbox 645 4358 912 4436; x_wconf 76' lang='lat' dir='ltr'>profecto</span> <span class='ocrx_word' id='word_1_430' title='bbox 947 4359 1079 4436; x_wconf 64' lang='lat' dir='ltr'>hinc</span> <span class='ocrx_word' id='word_1_431' title='bbox 1122 4361 1418 4434; x_wconf 89' lang='lat' dir='ltr'>scriptura</span> <span class='ocrx_word' id='word_1_432' title='bbox 1460 4361 1636 4435; x_wconf 89' lang='lat' dir='ltr'>longe</span> <span class='ocrx_word' id='word_1_433' title='bbox 1673 4355 1880 4436; x_wconf 62' lang='lat' dir='ltr'>praste-</span> 
     </span>
    </p>
   </div>
   <div class='ocr_carea' id='block_1_62' title="bbox 274 4426 1097 4496">
    <p class='ocr_par' dir='ltr' id='par_1_62' title="bbox 274 4426 1097 4496">
     <span class='ocr_line' id='line_1_62' title="bbox 274 4426 1097 4496; baseline 0.004 -14"><span class='ocrx_word' id='word_1_434' title='bbox 274 4426 474 4482; x_wconf 86' lang='lat' dir='ltr'>renda</span> <span class='ocrx_word' id='word_1_435' title='bbox 501 4427 762 4496; x_wconf 70' lang='lat' dir='ltr'>vulgatae</span> <span class='ocrx_word' id='word_1_436' title='bbox 789 4429 867 4481; x_wconf 75' lang='grc' dir='ltr'>ἐπ’</span> <span class='ocrx_word' id='word_1_437' title='bbox 899 4431 1097 4492; x_wconf 67' lang='grc' dir='ltr'>αὑταῖς.</span> 
     </span>
    </p>
   </div>
   <div class='ocr_carea' id='block_1_63' title="bbox 356 4499 1879 4578">
    <p class='ocr_par' dir='ltr' id='par_1_63' title="bbox 356 4499 1879 4578">
     <span class='ocr_line' id='line_1_63' title="bbox 356 4499 1879 4578; baseline 0.001 -16"><span class='ocrx_word' id='word_1_438' title='bbox 356 4501 468 4578; x_wconf 57' lang='grc' dir='ltr'>(βδξ</span> <span class='ocrx_word' id='word_1_439' title='bbox 508 4499 835 4578; x_wconf 62' lang='grc' dir='ltr'>Ἰτῖπάγοντες.</span> <span class='ocrx_word' id='word_1_440' title='bbox 863 4502 972 4578; x_wconf 38' lang='grc' dir='ltr'>,8ἱο</span> <span class='ocrx_word' id='word_1_441' title='bbox 1001 4519 1149 4558; x_wconf 90' lang='lat' dir='ltr'>mss.</span> <span class='ocrx_word' id='word_1_442' title='bbox 1175 4519 1409 4572; x_wconf 91' lang='lat' dir='ltr'>omnes,</span> <span class='ocrx_word' id='word_1_443' title='bbox 1441 4520 1598 4577; x_wconf 91' lang='lat' dir='ltr'>quos</span> <span class='ocrx_word' id='word_1_444' title='bbox 1629 4505 1879 4578; x_wconf 88' lang='lat' dir='ltr'>quidem</span> 
     </span>
    </p>
   </div>
   <div class='ocr_carea' id='block_1_64' title="bbox 275 4569 1217 4645">
    <p class='ocr_par' dir='ltr' id='par_1_64' title="bbox 275 4569 1217 4645">
     <span class='ocr_line' id='line_1_64' title="bbox 275 4569 1217 4645; baseline 0.005 -23"><span class='ocrx_word' id='word_1_445' title='bbox 275 4569 653 4645; x_wconf 78' lang='lat' dir='ltr'>viderimus.</span> <span class='ocrx_word' id='word_1_446' title='bbox 677 4571 823 4627; x_wconf 85' lang='lat' dir='ltr'>Editi</span> <span class='ocrx_word' id='word_1_447' title='bbox 850 4571 1217 4645; x_wconf 76' lang='grc' dir='ltr'>ἐπαγαγόντες.</span> 
     </span>
    </p>
   </div>
   <div class='ocr_carea' id='block_1_65' title="bbox 354 4640 1877 4720">
    <p class='ocr_par' dir='ltr' id='par_1_65' title="bbox 354 4640 1877 4720">
     <span class='ocr_line' id='line_1_65' title="bbox 354 4640 1877 4720; baseline 0.003 -26"><span class='ocrx_word' id='word_1_448' title='bbox 354 4640 467 4710; x_wconf 74' lang='grc'>(67)</span> <span class='ocrx_word' id='word_1_449' title='bbox 495 4641 766 4720; x_wconf 36' lang='grc' dir='ltr'>ιἘκείνων..</span> <span class='ocrx_word' id='word_1_450' title='bbox 809 4640 966 4699; x_wconf 81' lang='lat' dir='ltr'>Satis</span> <span class='ocrx_word' id='word_1_451' title='bbox 989 4640 1308 4720; x_wconf 63' lang='lat' dir='ltr'>commode</span> <span class='ocrx_word' id='word_1_452' title='bbox 1335 4646 1472 4720; x_wconf 87' lang='lat' dir='ltr'>editi</span> <span class='ocrx_word' id='word_1_453' title='bbox 1493 4646 1614 4720; x_wconf 41' lang='lat' dir='ltr'>iure</span> <span class='ocrx_word' id='word_1_454' title='bbox 1655 4651 1745 4720; x_wconf 73' lang='grc' dir='ltr'>μὲν</span> <span class='ocrx_word' id='word_1_455' title='bbox 1781 4657 1877 4700; x_wconf 81' lang='grc' dir='ltr'>τῶν</span> 
     </span>
    </p>
   </div>
   <div class='ocr_carea' id='block_1_66' title="bbox 271 4711 1877 4787">
    <p class='ocr_par' dir='ltr' id='par_1_66' title="bbox 271 4711 1877 4787">
     <span class='ocr_line' id='line_1_66' title="bbox 271 4711 1877 4787; baseline 0.011 -30"><span class='ocrx_word' id='word_1_456' title='bbox 271 4711 450 4787; x_wconf 45' lang='grc' dir='ltr'>αὐτῶν</span> <span class='ocrx_word' id='word_1_457' title='bbox 485 4711 699 4787; x_wconf 59' lang='grc' dir='ltr'>ἐκείνοις</span> <span class='ocrx_word' id='word_1_458' title='bbox 733 4712 931 4787; x_wconf 77' lang='grc' dir='ltr'>ἀρχῶν,</span> <span class='ocrx_word' id='word_1_459' title='bbox 969 4715 1044 4770; x_wconf 88' lang='lat' dir='ltr'>ab</span> <span class='ocrx_word' id='word_1_460' title='bbox 1084 4717 1288 4773; x_wconf 81' lang='lat' dir='ltr'>iisdem</span> <span class='ocrx_word' id='word_1_461' title='bbox 1326 4733 1397 4772; x_wconf 82' lang='lat' dir='ltr'>ac</span> <span class='ocrx_word' id='word_1_462' title='bbox 1427 4719 1527 4772; x_wconf 61' lang='lat' dir='ltr'>illi</span> <span class='ocrx_word' id='word_1_463' title='bbox 1557 4711 1877 4787; x_wconf 69' lang='lat' dir='ltr'>principiis</span> 
     </span>
    </p>
   </div>
   <div class='ocr_carea' id='block_1_67' title="bbox 266 4783 1876 4859">
    <p class='ocr_par' dir='ltr' id='par_1_67' title="bbox 266 4783 1876 4859">
     <span class='ocr_line' id='line_1_67' title="bbox 266 4783 1876 4859; baseline 0.006 -22"><span class='ocrx_word' id='word_1_464' title='bbox 266 4783 557 4859; x_wconf 71' lang='lat' dir='ltr'>profecti.</span> <span class='ocrx_word' id='word_1_465' title='bbox 592 4785 702 4839; x_wconf 78' lang='lat' dir='ltr'>Sed</span> <span class='ocrx_word' id='word_1_466' title='bbox 736 4783 1110 4859; x_wconf 50' lang='lat' dir='ltr'>in&#39;omnibus</span> <span class='ocrx_word' id='word_1_467' title='bbox 1139 4788 1358 4859; x_wconf 84' lang='lat' dir='ltr'>nostris</span> <span class='ocrx_word' id='word_1_468' title='bbox 1389 4783 1699 4845; x_wconf 78' lang='lat' dir='ltr'>codicibus</span> <span class='ocrx_word' id='word_1_469' title='bbox 1733 4783 1876 4859; x_wconf 83' lang='lat' dir='ltr'>legi-</span> 
     </span>
    </p>
   </div>
   <div class='ocr_carea' id='block_1_68' title="bbox 272 4854 1878 4934">
    <p class='ocr_par' dir='ltr' id='par_1_68' title="bbox 272 4854 1878 4934">
     <span class='ocr_line' id='line_1_68' title="bbox 272 4854 1878 4934; baseline 0.003 -24"><span class='ocrx_word' id='word_1_470' title='bbox 272 4862 378 4910; x_wconf 83' lang='lat' dir='ltr'>tur</span> <span class='ocrx_word' id='word_1_471' title='bbox 425 4854 664 4934; x_wconf 38' lang='grc' dir='ltr'>ἐκείνων,</span> <span class='ocrx_word' id='word_1_472' title='bbox 689 4855 854 4934; x_wconf 80' lang='lat' dir='ltr'>quod</span> <span class='ocrx_word' id='word_1_473' title='bbox 904 4857 1118 4934; x_wconf 73' lang='lat' dir='ltr'>eodem</span> <span class='ocrx_word' id='word_1_474' title='bbox 1170 4858 1350 4934; x_wconf 88' lang='lat' dir='ltr'>redit._</span> <span class='ocrx_word' id='word_1_475' title='bbox 1384 4860 1640 4934; x_wconf 88' lang='lat' dir='ltr'>_Videtur_</span> <span class='ocrx_word' id='word_1_476' title='bbox 1682 4854 1878 4934; x_wconf 75' lang='lat' dir='ltr'>prima</span> 
     </span>
    </p>
   </div>
   <div class='ocr_carea' id='block_1_69' title="bbox 271 4927 1877 4996">
    <p class='ocr_par' dir='ltr' id='par_1_69' title="bbox 271 4927 1877 4996">
     <span class='ocr_line' id='line_1_69' title="bbox 271 4927 1877 4996; baseline 0.004 -17"><span class='ocrx_word' id='word_1_477' title='bbox 271 4927 480 4996; x_wconf 85' lang='lat' dir='ltr'>specie</span> <span class='ocrx_word' id='word_1_478' title='bbox 531 4927 872 4982; x_wconf 84' lang='lat' dir='ltr'>Eustathius</span> <span class='ocrx_word' id='word_1_479' title='bbox 927 4927 1291 4983; x_wconf 88' lang='lat' dir='ltr'>Sebastenus</span> <span class='ocrx_word' id='word_1_480' title='bbox 1335 4929 1429 4984; x_wconf 91' lang='lat' dir='ltr'>his</span> <span class='ocrx_word' id='word_1_481' title='bbox 1476 4927 1702 4987; x_wconf 61' lang='lat' dir='ltr'>verbis&#39;</span> <span class='ocrx_word' id='word_1_482' title='bbox 1723 4933 1877 4986; x_wconf 91' lang='lat' dir='ltr'>desi-</span> 
     </span>
    </p>
   </div>
   <div class='ocr_carea' id='block_1_70' title="bbox 274 4996 1880 5071">
    <p class='ocr_par' dir='ltr' id='par_1_70' title="bbox 274 4996 1880 5071">
     <span class='ocr_line' id='line_1_70' title="bbox 274 4996 1880 5071; baseline 0.005 -21"><span class='ocrx_word' id='word_1_483' title='bbox 274 4996 474 5071; x_wconf 79' lang='lat' dir='ltr'>gnari,</span> <span class='ocrx_word' id='word_1_484' title='bbox 507 4999 612 5066; x_wconf 82' lang='lat' dir='ltr'>qui</span> <span class='ocrx_word' id='word_1_485' title='bbox 649 5001 807 5071; x_wconf 84' lang='lat' dir='ltr'>viam</span> <span class='ocrx_word' id='word_1_486' title='bbox 835 4999 1114 5071; x_wconf 69' lang='lat' dir='ltr'>mediam,</span> <span class='ocrx_word' id='word_1_487' title='bbox 1147 5005 1214 5054; x_wconf 86' lang='lat' dir='ltr'>ut</span> <span class='ocrx_word' id='word_1_488' title='bbox 1243 5000 1358 5055; x_wconf 84' lang='lat' dir='ltr'>sibi</span> <span class='ocrx_word' id='word_1_489' title='bbox 1397 5002 1698 5071; x_wconf 80' lang='lat' dir='ltr'>videntur,</span> <span class='ocrx_word' id='word_1_490' title='bbox 1727 5005 1880 5058; x_wconf 81' lang='lat' dir='ltr'>ince-</span> 
     </span>
    </p>
   </div>
   <div class='ocr_carea' id='block_1_71' title="bbox 271 5068 1879 5151">
    <p class='ocr_par' dir='ltr' id='par_1_71' title="bbox 271 5068 1879 5151">
     <span class='ocr_line' id='line_1_71' title="bbox 271 5068 1879 5151; baseline 0.003 -27"><span class='ocrx_word' id='word_1_491' title='bbox 271 5068 453 5124; x_wconf 79' lang='lat' dir='ltr'>dunt.</span> <span class='ocrx_word' id='word_1_492' title='bbox 485 5071 654 5151; x_wconf 34' lang='lat' dir='ltr'>illunc</span> <span class='ocrx_word' id='word_1_493' title='bbox 685 5069 1138 5151; x_wconf 69' lang='lat' dir='ltr'>enim_l}asilius</span> <span class='ocrx_word' id='word_1_494' title='bbox 1167 5071 1228 5124; x_wconf 90' lang='lat' dir='ltr'>in</span> <span class='ocrx_word' id='word_1_495' title='bbox 1259 5072 1429 5151; x_wconf 72' lang='lat' dir='ltr'>epist.</span> <span class='ocrx_word' id='word_1_496' title='bbox 1466 5077 1564 5151; x_wconf 67' lang='lat'>1:28</span> <span class='ocrx_word' id='word_1_497' title='bbox 1610 5068 1879 5151; x_wconf 87' lang='lat' dir='ltr'>medium</span> 
     </span>
    </p>
   </div>
   <div class='ocr_carea' id='block_1_72' title="bbox 273 5138 1878 5212">
    <p class='ocr_par' dir='ltr' id='par_1_72' title="bbox 273 5138 1878 5212">
     <span class='ocr_line' id='line_1_72' title="bbox 273 5138 1878 5212; baseline 0.004 -18"><span class='ocrx_word' id='word_1_498' title='bbox 273 5155 415 5212; x_wconf 87' lang='lat' dir='ltr'>esse</span> <span class='ocrx_word' id='word_1_499' title='bbox 464 5138 568 5212; x_wconf 80' lang='lat' dir='ltr'>ait,</span> <span class='ocrx_word' id='word_1_500' title='bbox 617 5154 738 5212; x_wconf 12' lang='lat' dir='ltr'>nec,</span> <span class='ocrx_word' id='word_1_501' title='bbox 773 5141 1114 5212; x_wconf 84' lang='lat' dir='ltr'>quidquam</span> <span class='ocrx_word' id='word_1_502' title='bbox 1164 5138 1345 5196; x_wconf 75' lang='lat' dir='ltr'>medii</span> <span class='ocrx_word' id='word_1_503' title='bbox 1396 5143 1660 5200; x_wconf 86' lang='lat' dir='ltr'>hominis</span> <span class='ocrx_word' id='word_1_504' title='bbox 1719 5151 1878 5200; x_wconf 86' lang='lat' dir='ltr'>statu</span> 
     </span>
    </p>
   </div>
   <div class='ocr_carea' id='block_1_73' title="bbox 274 5209 1879 5291">
    <p class='ocr_par' dir='ltr' id='par_1_73' title="bbox 274 5209 1879 5291">
     <span class='ocr_line' id='line_1_73' title="bbox 274 5209 1879 5291; baseline 0.002 -25"><span class='ocrx_word' id='word_1_505' title='bbox 274 5209 614 5291; x_wconf 73' lang='lat' dir='ltr'>antiquius</span> <span class='ocrx_word' id='word_1_506' title='bbox 643 5209 1052 5291; x_wconf 60' lang='lat' dir='ltr'>habe&#39;re.__Se_d</span> <span class='ocrx_word' id='word_1_507' title='bbox 1099 5217 1323 5291; x_wconf 79' lang='lat' dir='ltr'>tamen,</span> <span class='ocrx_word' id='word_1_508' title='bbox 1371 5214 1421 5268; x_wconf 89' lang='lat' dir='ltr'>si</span> <span class='ocrx_word' id='word_1_509' title='bbox 1467 5231 1561 5291; x_wconf 84' lang='lat' dir='ltr'>res</span> <span class='ocrx_word' id='word_1_510' title='bbox 1585 5217 1879 5291; x_wconf 76' lang='lat' dir='ltr'>attentius</span> 
     </span>
    </p>
   </div>
   <div class='ocr_carea' id='block_1_74' title="bbox 272 5282 1876 5356">
    <p class='ocr_par' dir='ltr' id='par_1_74' title="bbox 272 5282 1876 5356">
     <span class='ocr_line' id='line_1_74' title="bbox 272 5282 1876 5356; baseline 0.004 -19"><span class='ocrx_word' id='word_1_511' title='bbox 272 5282 715 5356; x_wconf 80' lang='lat' dir='ltr'>consideretur,</span> <span class='ocrx_word' id='word_1_512' title='bbox 738 5297 859 5338; x_wconf 88' lang='lat' dir='ltr'>non</span> <span class='ocrx_word' id='word_1_513' title='bbox 883 5283 1297 5356; x_wconf 83' lang='lat' dir='ltr'>Eusthathium</span> <span class='ocrx_word' id='word_1_514' title='bbox 1323 5286 1562 5356; x_wconf 88' lang='lat' dir='ltr'>proprie</span> <span class='ocrx_word' id='word_1_515' title='bbox 1583 5289 1696 5342; x_wconf 91' lang='lat' dir='ltr'>hoc</span> <span class='ocrx_word' id='word_1_516' title='bbox 1721 5287 1876 5353; x_wconf 91' lang='lat' dir='ltr'>loco,</span> 
     </span>
    </p>
   </div>
   <div class='ocr_carea' id='block_1_75' title="bbox 274 5354 1882 5428">
    <p class='ocr_par' dir='ltr' id='par_1_75' title="bbox 274 5354 1882 5428">
     <span class='ocr_line' id='line_1_75' title="bbox 274 5354 1882 5428; baseline 0.004 -21"><span class='ocrx_word' id='word_1_517' title='bbox 274 5354 383 5428; x_wconf 72' lang='lat' dir='ltr'>sed</span> <span class='ocrx_word' id='word_1_518' title='bbox 431 5355 768 5428; x_wconf 60' lang='lat' dir='ltr'>generatim</span> <span class='ocrx_word' id='word_1_519' title='bbox 819 5354 1067 5409; x_wconf 88' lang='lat' dir='ltr'>eosdem</span> <span class='ocrx_word' id='word_1_520' title='bbox 1108 5354 1448 5428; x_wconf 71' lang='lat' dir='ltr'>haeretiCOs.</span> <span class='ocrx_word' id='word_1_521' title='bbox 1469 5373 1628 5428; x_wconf 90' lang='lat' dir='ltr'>quos</span> <span class='ocrx_word' id='word_1_522' title='bbox 1671 5366 1882 5413; x_wconf 85' lang='lat' dir='ltr'>contra</span> 
     </span>
    </p>
   </div>
   <div class='ocr_carea' id='block_1_76' title="bbox 275 5424 1882 5506">
    <p class='ocr_par' dir='ltr' id='par_1_76' title="bbox 275 5424 1882 5506">
     <span class='ocr_line' id='line_1_76' title="bbox 275 5424 1882 5506; baseline 0.003 -26"><span class='ocrx_word' id='word_1_523' title='bbox 275 5424 429 5506; x_wconf 79' lang='lat' dir='ltr'>liber</span> <span class='ocrx_word' id='word_1_524' title='bbox 459 5425 800 5506; x_wconf 53' lang='lat' dir='ltr'>DeSpigjitu</span> <span class='ocrx_word' id='word_1_525' title='bbox 819 5431 1029 5506; x_wconf 57' lang='lat' dir='ltr'>sancto</span> <span class='ocrx_word' id='word_1_526' title='bbox 1062 5426 1322 5506; x_wconf 64' lang='lat' dir='ltr'>scriptus</span> <span class='ocrx_word' id='word_1_527' title='bbox 1354 5433 1462 5506; x_wconf 76' lang='lat' dir='ltr'>est,</span> <span class='ocrx_word' id='word_1_528' title='bbox 1475 5424 1882 5506; x_wconf 64' lang='lat' dir='ltr'>perspicuum</span> 
     </span>
    </p>
   </div>
   <div class='ocr_carea' id='block_1_77' title="bbox 273 5495 1884 5560">
    <p class='ocr_par' dir='ltr' id='par_1_77' title="bbox 273 5495 1884 5560">
     <span class='ocr_line' id='line_1_77' title="bbox 273 5495 1884 5560; baseline 0 -3"><span class='ocrx_word' id='word_1_529' title='bbox 273 5499 385 5557; x_wconf 81' lang='lat' dir='ltr'>erit</span> <span class='ocrx_word' id='word_1_530' title='bbox 412 5495 636 5556; x_wconf 74' lang='lat' dir='ltr'>notari.</span> <span class='ocrx_word' id='word_1_531' title='bbox 665 5498 817 5554; x_wconf 81' lang='lat' dir='ltr'>Nam</span> <span class='ocrx_word' id='word_1_532' title='bbox 858 5496 1098 5554; x_wconf 88' lang='lat' dir='ltr'>medius</span> <span class='ocrx_word' id='word_1_533' title='bbox 1127 5495 1225 5554; x_wconf 88' lang='lat' dir='ltr'>ille</span> <span class='ocrx_word' id='word_1_534' title='bbox 1266 5495 1555 5558; x_wconf 77' lang='lat' dir='ltr'>Eustathii</span> <span class='ocrx_word' id='word_1_535' title='bbox 1597 5495 1784 5560; x_wconf 76' lang='lat' dir='ltr'>status</span> <span class='ocrx_word' id='word_1_536' title='bbox 1819 5503 1884 5558; x_wconf 89' lang='lat' dir='ltr'>in</span> 
     </span>
    </p>
   </div>
   <div class='ocr_carea' id='block_1_78' title="bbox 1988 1834 3640 1907">
    <p class='ocr_par' dir='ltr' id='par_1_78' title="bbox 1988 1834 3640 1907">
     <span class='ocr_line' id='line_1_78' title="bbox 1988 1834 3640 1907; baseline 0.002 -19"><span class='ocrx_word' id='word_1_537' title='bbox 1988 1835 2164 1907; x_wconf 89' lang='lat' dir='ltr'>quasi</span> <span class='ocrx_word' id='word_1_538' title='bbox 2213 1840 2423 1890; x_wconf 90' lang='lat' dir='ltr'>contra</span> <span class='ocrx_word' id='word_1_539' title='bbox 2479 1834 2860 1906; x_wconf 87' lang='lat' dir='ltr'>propositum</span> <span class='ocrx_word' id='word_1_540' title='bbox 2908 1834 3054 1889; x_wconf 90' lang='lat' dir='ltr'>mihi</span> <span class='ocrx_word' id='word_1_541' title='bbox 3107 1834 3320 1891; x_wconf 82' lang='lat' dir='ltr'>fuisset</span> <span class='ocrx_word' id='word_1_542' title='bbox 3364 1836 3640 1892; x_wconf 87' lang='lat' dir='ltr'>orn-nium</span> 
     </span>
    </p>
   </div>
   <div class='ocr_carea' id='block_1_79' title="bbox 1989 1922 3638 1996">
    <p class='ocr_par' dir='ltr' id='par_1_79' title="bbox 1989 1922 3638 1996">
     <span class='ocr_line' id='line_1_79' title="bbox 1989 1922 3638 1996; baseline 0.002 -18"><span class='ocrx_word' id='word_1_543' title='bbox 1989 1924 2305 1979; x_wconf 89' lang='lat' dir='ltr'>hominum</span> <span class='ocrx_word' id='word_1_544' title='bbox 2357 1923 2522 1979; x_wconf 86' lang='lat' dir='ltr'>fama</span> <span class='ocrx_word' id='word_1_545' title='bbox 2567 1923 2873 1986; x_wconf 90' lang='lat' dir='ltr'>celebrari,</span> <span class='ocrx_word' id='word_1_546' title='bbox 2916 1923 3000 1978; x_wconf 90' lang='lat' dir='ltr'>sic</span> <span class='ocrx_word' id='word_1_547' title='bbox 3047 1922 3272 1996; x_wconf 90' lang='lat' dir='ltr'>ubique</span> <span class='ocrx_word' id='word_1_548' title='bbox 3319 1930 3638 1990; x_wconf 87' lang='lat' dir='ltr'>terrarum,</span> 
     </span>
    </p>
   </div>
   <div class='ocr_carea' id='block_1_80' title="bbox 1990 2012 3642 2087">
    <p class='ocr_par' dir='ltr' id='par_1_80' title="bbox 1990 2012 3642 2087">
     <span class='ocr_line' id='line_1_80' title="bbox 1990 2012 3642 2087; baseline 0.002 -19"><span class='ocrx_word' id='word_1_549' title='bbox 1990 2012 2215 2068; x_wconf 87' lang='lat' dir='ltr'>addam</span> <span class='ocrx_word' id='word_1_550' title='bbox 2266 2017 2323 2069; x_wconf 87' lang='lat' dir='ltr'>et</span> <span class='ocrx_word' id='word_1_551' title='bbox 2359 2013 2640 2078; x_wconf 89' lang='lat' dir='ltr'>marium,</span> <span class='ocrx_word' id='word_1_552' title='bbox 2674 2012 3028 2068; x_wconf 88' lang='lat' dir='ltr'>decantatus</span> <span class='ocrx_word' id='word_1_553' title='bbox 3065 2028 3220 2068; x_wconf 90' lang='lat' dir='ltr'>sum.</span> <span class='ocrx_word' id='word_1_554' title='bbox 3253 2016 3401 2070; x_wconf 87' lang='lat' dir='ltr'>Nam</span> <span class='ocrx_word' id='word_1_555' title='bbox 3438 2018 3494 2070; x_wconf 88' lang='lat' dir='ltr'>et</span> <span class='ocrx_word' id='word_1_556' title='bbox 3536 2015 3642 2087; x_wconf 89' lang='lat' dir='ltr'>qui</span> 
     </span>
    </p>
   </div>
   <div class='ocr_carea' id='block_1_81' title="bbox 1989 2101 3642 2172">
    <p class='ocr_par' dir='ltr' id='par_1_81' title="bbox 1989 2101 3642 2172">
     <span class='ocr_line' id='line_1_81' title="bbox 1989 2101 3642 2172; baseline 0.002 -16"><span class='ocrx_word' id='word_1_557' title='bbox 1989 2102 2052 2156; x_wconf 89' lang='lat' dir='ltr'>in</span> <span class='ocrx_word' id='word_1_558' title='bbox 2099 2105 2367 2158; x_wconf 82' lang='lat' dir='ltr'>extremo</span> <span class='ocrx_word' id='word_1_559' title='bbox 2418 2101 2742 2172; x_wconf 83' lang='lat' dir='ltr'>impietatis</span> <span class='ocrx_word' id='word_1_560' title='bbox 2791 2103 3044 2157; x_wconf 91' lang='lat' dir='ltr'>termino</span> <span class='ocrx_word' id='word_1_561' title='bbox 3089 2117 3216 2158; x_wconf 87' lang='lat' dir='ltr'>sese</span> <span class='ocrx_word' id='word_1_562' title='bbox 3257 2110 3550 2171; x_wconf 87' lang='lat' dir='ltr'>exercent,</span> <span class='ocrx_word' id='word_1_563' title='bbox 3583 2111 3642 2160; x_wconf 85' lang='lat' dir='ltr'>et</span> 
     </span>
    </p>
   </div>
   <div class='ocr_carea' id='block_1_82' title="bbox 1991 2190 3644 2263">
    <p class='ocr_par' dir='ltr' id='par_1_82' title="bbox 1991 2190 3644 2263">
     <span class='ocr_line' id='line_1_82' title="bbox 1991 2190 3644 2263; baseline 0.001 -17"><span class='ocrx_word' id='word_1_564' title='bbox 1991 2191 2250 2263; x_wconf 90' lang='lat' dir='ltr'>impium</span> <span class='ocrx_word' id='word_1_565' title='bbox 2293 2190 2802 2246; x_wconf 87' lang='lat' dir='ltr'>dissimilitudinis</span> <span class='ocrx_word' id='word_1_566' title='bbox 2848 2191 3076 2260; x_wconf 80' lang='lat' dir='ltr'>dogma</span> <span class='ocrx_word' id='word_1_567' title='bbox 3116 2191 3174 2246; x_wconf 92' lang='lat' dir='ltr'>in</span> <span class='ocrx_word' id='word_1_568' title='bbox 3217 2193 3514 2248; x_wconf 76' lang='lat' dir='ltr'>Ecclesiae</span> <span class='ocrx_word' id='word_1_569' title='bbox 3553 2193 3644 2248; x_wconf 84' lang='lat' dir='ltr'>in-</span> 
     </span>
    </p>
   </div>
   <div class='ocr_carea' id='block_1_83' title="bbox 1991 2279 3644 2352">
    <p class='ocr_par' dir='ltr' id='par_1_83' title="bbox 1991 2279 3644 2352">
     <span class='ocr_line' id='line_1_83' title="bbox 1991 2279 3644 2352; baseline 0.001 -16"><span class='ocrx_word' id='word_1_570' title='bbox 1991 2281 2240 2346; x_wconf 82' lang='lat' dir='ltr'>vehunt,</span> <span class='ocrx_word' id='word_1_571' title='bbox 2267 2279 2496 2336; x_wconf 88' lang='lat' dir='ltr'>bellum</span> <span class='ocrx_word' id='word_1_572' title='bbox 2532 2296 2774 2336; x_wconf 89' lang='lat' dir='ltr'>mecum</span> <span class='ocrx_word' id='word_1_573' title='bbox 2806 2279 3053 2343; x_wconf 82' lang='lat' dir='ltr'>habent.</span> <span class='ocrx_word' id='word_1_574' title='bbox 3087 2281 3150 2336; x_wconf 86' lang='lat' dir='ltr'>Et</span> <span class='ocrx_word' id='word_1_575' title='bbox 3179 2281 3282 2352; x_wconf 89' lang='lat' dir='ltr'>qui</span> <span class='ocrx_word' id='word_1_576' title='bbox 3318 2281 3482 2336; x_wconf 89' lang='lat' dir='ltr'>viam</span> <span class='ocrx_word' id='word_1_577' title='bbox 3521 2298 3644 2338; x_wconf 86' lang='lat' dir='ltr'>me-</span> 
     </span>
    </p>
   </div>
   <div class='ocr_carea' id='block_1_84' title="bbox 1991 2369 3645 2438">
    <p class='ocr_par' dir='ltr' id='par_1_84' title="bbox 1991 2369 3645 2438">
     <span class='ocr_line' id='line_1_84' title="bbox 1991 2369 3645 2438; baseline 0.002 -14"><span class='ocrx_word' id='word_1_578' title='bbox 1991 2369 2184 2436; x_wconf 90' lang='lat' dir='ltr'>diam,</span> <span class='ocrx_word' id='word_1_579' title='bbox 2224 2375 2289 2426; x_wconf 92' lang='lat' dir='ltr'>ut</span> <span class='ocrx_word' id='word_1_580' title='bbox 2334 2369 2447 2424; x_wconf 91' lang='lat' dir='ltr'>sibi</span> <span class='ocrx_word' id='word_1_581' title='bbox 2493 2369 2794 2438; x_wconf 85' lang='lat' dir='ltr'>videntur,</span> <span class='ocrx_word' id='word_1_582' title='bbox 2841 2369 3146 2436; x_wconf 90' lang='lat' dir='ltr'>incedunt,</span> <span class='ocrx_word' id='word_1_583' title='bbox 3197 2374 3254 2425; x_wconf 89' lang='lat' dir='ltr'>et</span> <span class='ocrx_word' id='word_1_584' title='bbox 3304 2369 3381 2426; x_wconf 88' lang='lat' dir='ltr'>ab</span> <span class='ocrx_word' id='word_1_585' title='bbox 3428 2370 3645 2427; x_wconf 88' lang='lat' dir='ltr'>iisdem</span> 
     </span>
    </p>
   </div>
   <div class='ocr_carea' id='block_1_85' title="bbox 1993 2457 3647 2530">
    <p class='ocr_par' dir='ltr' id='par_1_85' title="bbox 1993 2457 3647 2530">
     <span class='ocr_line' id='line_1_85' title="bbox 1993 2457 3647 2530; baseline 0.001 -17"><span class='ocrx_word' id='word_1_586' title='bbox 1993 2458 2104 2514; x_wconf 91' lang='lat' dir='ltr'>illis</span> <span class='ocrx_word' id='word_1_587' title='bbox 2142 2458 2450 2530; x_wconf 87' lang='lat' dir='ltr'>principiis</span> <span class='ocrx_word' id='word_1_588' title='bbox 2487 2457 2756 2530; x_wconf 78' lang='lat' dir='ltr'>profecti,</span> <span class='ocrx_word' id='word_1_589' title='bbox 2789 2457 3318 2513; x_wconf 87' lang='lat' dir='ltr'>ratiocinationum</span> <span class='ocrx_word' id='word_1_590' title='bbox 3359 2474 3647 2515; x_wconf 87' lang='lat' dir='ltr'>consecu-</span> 
     </span>
    </p>
   </div>
   <div class='ocr_carea' id='block_1_86' title="bbox 1991 2547 3646 2618">
    <p class='ocr_par' dir='ltr' id='par_1_86' title="bbox 1991 2547 3646 2618">
     <span class='ocr_line' id='line_1_86' title="bbox 1991 2547 3646 2618; baseline 0 -14"><span class='ocrx_word' id='word_1_591' title='bbox 1991 2548 2134 2604; x_wconf 88' lang='lat' dir='ltr'>tioni</span> <span class='ocrx_word' id='word_1_592' title='bbox 2165 2563 2289 2604; x_wconf 92' lang='lat' dir='ltr'>non</span> <span class='ocrx_word' id='word_1_593' title='bbox 2330 2547 2738 2613; x_wconf 88' lang='lat' dir='ltr'>subscribunt,</span> <span class='ocrx_word' id='word_1_594' title='bbox 2767 2562 2839 2601; x_wconf 89' lang='lat' dir='ltr'>eo</span> <span class='ocrx_word' id='word_1_595' title='bbox 2870 2547 3033 2618; x_wconf 92' lang='lat' dir='ltr'>quod</span> <span class='ocrx_word' id='word_1_596' title='bbox 3069 2547 3392 2602; x_wconf 85' lang='lat' dir='ltr'>abhorreat</span> <span class='ocrx_word' id='word_1_597' title='bbox 3429 2565 3459 2604; x_wconf 87' lang='lat' dir='ltr'>a</span> <span class='ocrx_word' id='word_1_598' title='bbox 3493 2550 3646 2604; x_wconf 79' lang='lat' dir='ltr'>mul—</span> 
     </span>
    </p>
   </div>
   <div class='ocr_carea' id='block_1_87' title="bbox 1991 2634 3646 2702">
    <p class='ocr_par' dir='ltr' id='par_1_87' title="bbox 1991 2634 3646 2702">
     <span class='ocr_line' id='line_1_87' title="bbox 1991 2634 3646 2702; baseline 0 -10"><span class='ocrx_word' id='word_1_599' title='bbox 1991 2639 2187 2692; x_wconf 90' lang='lat' dir='ltr'>torum</span> <span class='ocrx_word' id='word_1_600' title='bbox 2227 2635 2499 2702; x_wconf 84' lang='lat' dir='ltr'>auribus,</span> <span class='ocrx_word' id='word_1_601' title='bbox 2531 2635 2594 2690; x_wconf 87' lang='lat' dir='ltr'>hi</span> <span class='ocrx_word' id='word_1_602' title='bbox 2622 2634 2801 2691; x_wconf 89' lang='lat' dir='ltr'>nobis</span> <span class='ocrx_word' id='word_1_603' title='bbox 2832 2635 3049 2690; x_wconf 86' lang='lat' dir='ltr'>infensi</span> <span class='ocrx_word' id='word_1_604' title='bbox 3093 2640 3231 2690; x_wconf 89' lang='lat' dir='ltr'>sunt</span> <span class='ocrx_word' id='word_1_605' title='bbox 3262 2651 3332 2691; x_wconf 90' lang='lat' dir='ltr'>ac</span> <span class='ocrx_word' id='word_1_606' title='bbox 3363 2638 3646 2692; x_wconf 83' lang='lat' dir='ltr'>conviciis</span> 
     </span>
    </p>
   </div>
   <div class='ocr_carea' id='block_1_88' title="bbox 1990 2724 3648 2796">
    <p class='ocr_par' dir='ltr' id='par_1_88' title="bbox 1990 2724 3648 2796">
     <span class='ocr_line' id='line_1_88' title="bbox 1990 2724 3648 2796; baseline 0.001 -16"><span class='ocrx_word' id='word_1_607' title='bbox 1990 2725 2381 2796; x_wconf 88' lang='lat' dir='ltr'>perfundunt,</span> <span class='ocrx_word' id='word_1_608' title='bbox 2414 2728 2712 2796; x_wconf 89' lang='lat' dir='ltr'>quantum</span> <span class='ocrx_word' id='word_1_609' title='bbox 2751 2728 3024 2795; x_wconf 85' lang='lat' dir='ltr'>possunt,</span> <span class='ocrx_word' id='word_1_610' title='bbox 3060 2738 3171 2779; x_wconf 89' lang='lat' dir='ltr'>nec</span> <span class='ocrx_word' id='word_1_611' title='bbox 3210 2724 3364 2780; x_wconf 88' lang='lat' dir='ltr'>ullas</span> <span class='ocrx_word' id='word_1_612' title='bbox 3400 2730 3648 2796; x_wconf 73' lang='lat' dir='ltr'>praeter-</span> 
     </span>
    </p>
   </div>
   <div class='ocr_carea' id='block_1_89' title="bbox 1991 2812 3650 2884">
    <p class='ocr_par' dir='ltr' id='par_1_89' title="bbox 1991 2812 3650 2884">
     <span class='ocr_line' id='line_1_89' title="bbox 1991 2812 3650 2884; baseline 0.001 -16"><span class='ocrx_word' id='word_1_613' title='bbox 1991 2813 2233 2869; x_wconf 88' lang='lat' dir='ltr'>mittunt</span> <span class='ocrx_word' id='word_1_614' title='bbox 2268 2812 2542 2878; x_wconf 88' lang='lat' dir='ltr'>insidias,</span> <span class='ocrx_word' id='word_1_615' title='bbox 2571 2813 2852 2884; x_wconf 87' lang='lat' dir='ltr'>quamvis</span> <span class='ocrx_word' id='word_1_616' title='bbox 2888 2813 3180 2867; x_wconf 87' lang='lat' dir='ltr'>Dominus</span> <span class='ocrx_word' id='word_1_617' title='bbox 3221 2828 3431 2868; x_wconf 91' lang='lat' dir='ltr'>eorum</span> <span class='ocrx_word' id='word_1_618' title='bbox 3470 2829 3650 2869; x_wconf 84' lang='lat' dir='ltr'>cona-</span> 
     </span>
    </p>
   </div>
   <div class='ocr_carea' id='block_1_90' title="bbox 1991 2901 3648 2966">
    <p class='ocr_par' dir='ltr' id='par_1_90' title="bbox 1991 2901 3648 2966">
     <span class='ocr_line' id='line_1_90' title="bbox 1991 2901 3648 2966; baseline 0.001 -8"><span class='ocrx_word' id='word_1_619' title='bbox 1991 2906 2089 2958; x_wconf 85' lang='lat' dir='ltr'>tus</span> <span class='ocrx_word' id='word_1_620' title='bbox 2120 2902 2316 2958; x_wconf 87' lang='lat' dir='ltr'>irritos</span> <span class='ocrx_word' id='word_1_621' title='bbox 2351 2902 2696 2958; x_wconf 88' lang='lat' dir='ltr'>reddiderit.</span> <span class='ocrx_word' id='word_1_622' title='bbox 2727 2901 3044 2966; x_wconf 88' lang='lat' dir='ltr'>Quomodo</span> <span class='ocrx_word' id='word_1_623' title='bbox 3077 2902 3205 2956; x_wconf 65' lang='lat' dir='ltr'>haec</span> <span class='ocrx_word' id='word_1_624' title='bbox 3243 2901 3495 2958; x_wconf 87' lang='lat' dir='ltr'>molesta</span> <span class='ocrx_word' id='word_1_625' title='bbox 3524 2917 3648 2959; x_wconf 90' lang='lat' dir='ltr'>non</span> 
     </span>
    </p>
   </div>
   <div class='ocr_carea' id='block_1_91' title="bbox 1990 2990 3650 3064">
    <p class='ocr_par' dir='ltr' id='par_1_91' title="bbox 1990 2990 3650 3064">
     <span class='ocr_line' id='line_1_91' title="bbox 1990 2990 3650 3064; baseline 0.001 -16"><span class='ocrx_word' id='word_1_626' title='bbox 1990 2993 2232 3049; x_wconf 84' lang='lat' dir='ltr'>forent?</span> <span class='ocrx_word' id='word_1_627' title='bbox 2256 2991 2566 3064; x_wconf 89' lang='lat' dir='ltr'>quomodo</span> <span class='ocrx_word' id='word_1_628' title='bbox 2606 3007 2729 3047; x_wconf 89' lang='lat' dir='ltr'>non</span> <span class='ocrx_word' id='word_1_629' title='bbox 2769 2990 3054 3047; x_wconf 86' lang='lat' dir='ltr'>acerbam</span> <span class='ocrx_word' id='word_1_630' title='bbox 3085 2991 3233 3047; x_wconf 89' lang='lat' dir='ltr'>mihi</span> <span class='ocrx_word' id='word_1_631' title='bbox 3277 2992 3459 3047; x_wconf 90' lang='lat' dir='ltr'>vitam</span> <span class='ocrx_word' id='word_1_632' title='bbox 3494 2991 3650 3049; x_wconf 85' lang='lat' dir='ltr'>face-</span> 
     </span>
    </p>
   </div>
   <div class='ocr_carea' id='block_1_92' title="bbox 1913 3080 3650 3162">
    <p class='ocr_par' dir='ltr' id='par_1_92' title="bbox 1913 3080 3650 3162">
     <span class='ocr_line' id='line_1_92' title="bbox 1913 3080 3650 3162; baseline 0 -22"><span class='ocrx_word' id='word_1_633' title='bbox 1913 3107 1957 3162; x_wconf 78' lang='grc' dir='ltr'>ο</span> <span class='ocrx_word' id='word_1_634' title='bbox 1992 3083 2167 3140; x_wconf 78' lang='lat' dir='ltr'>rent?</span> <span class='ocrx_word' id='word_1_635' title='bbox 2204 3082 2310 3155; x_wconf 88' lang='lat' dir='ltr'>qui</span> <span class='ocrx_word' id='word_1_636' title='bbox 2341 3081 2608 3154; x_wconf 84' lang='lat' dir='ltr'>profecto</span> <span class='ocrx_word' id='word_1_637' title='bbox 2647 3081 2896 3136; x_wconf 88' lang='lat' dir='ltr'>unicum</span> <span class='ocrx_word' id='word_1_638' title='bbox 2927 3081 3125 3136; x_wconf 87' lang='lat' dir='ltr'>habeo</span> <span class='ocrx_word' id='word_1_639' title='bbox 3154 3080 3454 3137; x_wconf 91' lang='lat' dir='ltr'>malorum</span> <span class='ocrx_word' id='word_1_640' title='bbox 3489 3082 3650 3141; x_wconf 86' lang='lat' dir='ltr'>sola-</span> 
     </span>
    </p>
   </div>
   <div class='ocr_carea' id='block_1_93' title="bbox 1993 3170 3649 3242">
    <p class='ocr_par' dir='ltr' id='par_1_93' title="bbox 1993 3170 3649 3242">
     <span class='ocr_line' id='line_1_93' title="bbox 1993 3170 3649 3242; baseline 0 -13"><span class='ocrx_word' id='word_1_641' title='bbox 1993 3173 2164 3238; x_wconf 89' lang='lat' dir='ltr'>tium,</span> <span class='ocrx_word' id='word_1_642' title='bbox 2218 3171 2414 3228; x_wconf 87' lang='lat' dir='ltr'>carnis</span> <span class='ocrx_word' id='word_1_643' title='bbox 2456 3170 2887 3237; x_wconf 84' lang='lat' dir='ltr'>inﬁrmitatem,</span> <span class='ocrx_word' id='word_1_644' title='bbox 2933 3186 3065 3242; x_wconf 78' lang='lat' dir='ltr'>quae</span> <span class='ocrx_word' id='word_1_645' title='bbox 3112 3171 3260 3226; x_wconf 88' lang='lat' dir='ltr'>mihi</span> <span class='ocrx_word' id='word_1_646' title='bbox 3315 3172 3649 3242; x_wconf 80' lang='lat' dir='ltr'>persuadet</span> 
     </span>
    </p>
   </div>
   <div class='ocr_carea' id='block_1_94' title="bbox 1991 3259 3652 3332">
    <p class='ocr_par' dir='ltr' id='par_1_94' title="bbox 1991 3259 3652 3332">
     <span class='ocr_line' id='line_1_94' title="bbox 1991 3259 3652 3332; baseline 0 -14"><span class='ocrx_word' id='word_1_647' title='bbox 1991 3277 2114 3318; x_wconf 90' lang='lat' dir='ltr'>non</span> <span class='ocrx_word' id='word_1_648' title='bbox 2162 3260 2419 3317; x_wconf 89' lang='lat' dir='ltr'>multum</span> <span class='ocrx_word' id='word_1_649' title='bbox 2477 3261 2764 3332; x_wconf 89' lang='lat' dir='ltr'>temporis</span> <span class='ocrx_word' id='word_1_650' title='bbox 2823 3275 2920 3315; x_wconf 90' lang='lat' dir='ltr'>me</span> <span class='ocrx_word' id='word_1_651' title='bbox 2972 3260 3034 3314; x_wconf 90' lang='lat' dir='ltr'>in</span> <span class='ocrx_word' id='word_1_652' title='bbox 3090 3259 3204 3316; x_wconf 90' lang='lat' dir='ltr'>hac</span> <span class='ocrx_word' id='word_1_653' title='bbox 3257 3259 3478 3317; x_wconf 86' lang='lat' dir='ltr'>infelici</span> <span class='ocrx_word' id='word_1_654' title='bbox 3527 3262 3652 3319; x_wconf 84' lang='lat' dir='ltr'>vita.</span> 
     </span>
    </p>
   </div>
   <div class='ocr_carea' id='block_1_95' title="bbox 1992 3348 3652 3407">
    <p class='ocr_par' dir='ltr' id='par_1_95' title="bbox 1992 3348 3652 3407">
     <span class='ocr_line' id='line_1_95' title="bbox 1992 3348 3652 3407; baseline -0.001 0"><span class='ocrx_word' id='word_1_655' title='bbox 1992 3366 2374 3407; x_wconf 88' lang='lat' dir='ltr'>mansurum.</span> <span class='ocrx_word' id='word_1_656' title='bbox 2427 3352 2559 3406; x_wconf 66' lang='lat' dir='ltr'>Haec</span> <span class='ocrx_word' id='word_1_657' title='bbox 2608 3352 2811 3404; x_wconf 87' lang='lat' dir='ltr'>autem</span> <span class='ocrx_word' id='word_1_658' title='bbox 2853 3348 3168 3405; x_wconf 89' lang='lat' dir='ltr'>hactenus.</span> <span class='ocrx_word' id='word_1_659' title='bbox 3217 3351 3292 3405; x_wconf 88' lang='lat' dir='ltr'>Te</span> <span class='ocrx_word' id='word_1_660' title='bbox 3342 3353 3541 3406; x_wconf 84' lang='lat' dir='ltr'>autem</span> <span class='ocrx_word' id='word_1_661' title='bbox 3586 3351 3652 3407; x_wconf 87' lang='lat' dir='ltr'>in</span> 
     </span>
    </p>
   </div>
   <div class='ocr_carea' id='block_1_96' title="bbox 1992 3438 3651 3512">
    <p class='ocr_par' dir='ltr' id='par_1_96' title="bbox 1992 3438 3651 3512">
     <span class='ocr_line' id='line_1_96' title="bbox 1992 3438 3651 3512; baseline 0.001 -17"><span class='ocrx_word' id='word_1_662' title='bbox 1992 3440 2261 3512; x_wconf 90' lang='lat' dir='ltr'>corporis</span> <span class='ocrx_word' id='word_1_663' title='bbox 2301 3438 2753 3495; x_wconf 88' lang='lat' dir='ltr'>inﬁrmitatibus</span> <span class='ocrx_word' id='word_1_664' title='bbox 2787 3438 3098 3508; x_wconf 88' lang='lat' dir='ltr'>adhortor,</span> <span class='ocrx_word' id='word_1_665' title='bbox 3132 3443 3197 3494; x_wconf 91' lang='lat' dir='ltr'>ut</span> <span class='ocrx_word' id='word_1_666' title='bbox 3220 3443 3563 3496; x_wconf 86' lang='lat' dir='ltr'>constanter</span> <span class='ocrx_word' id='word_1_667' title='bbox 3592 3445 3651 3496; x_wconf 89' lang='lat' dir='ltr'>et</span> 
     </span>
    </p>
   </div>
   <div class='ocr_carea' id='block_1_97' title="bbox 1990 3528 3648 3602">
    <p class='ocr_par' dir='ltr' id='par_1_97' title="bbox 1990 3528 3648 3602">
     <span class='ocr_line' id='line_1_97' title="bbox 1990 3528 3648 3602; baseline 0 -17"><span class='ocrx_word' id='word_1_668' title='bbox 1990 3530 2171 3600; x_wconf 76' lang='lat' dir='ltr'>digne</span> <span class='ocrx_word' id='word_1_669' title='bbox 2210 3532 2346 3600; x_wconf 82' lang='lat' dir='ltr'>Deo,</span> <span class='ocrx_word' id='word_1_670' title='bbox 2382 3529 2487 3602; x_wconf 89' lang='lat' dir='ltr'>qui</span> <span class='ocrx_word' id='word_1_671' title='bbox 2521 3545 2634 3585; x_wconf 91' lang='lat' dir='ltr'>nos</span> <span class='ocrx_word' id='word_1_672' title='bbox 2663 3528 2920 3592; x_wconf 85' lang='lat' dir='ltr'>vocavit,</span> <span class='ocrx_word' id='word_1_673' title='bbox 2956 3533 3010 3584; x_wconf 88' lang='lat' dir='ltr'>te</span> <span class='ocrx_word' id='word_1_674' title='bbox 3046 3544 3258 3600; x_wconf 85' lang='lat' dir='ltr'>geras:</span> <span class='ocrx_word' id='word_1_675' title='bbox 3291 3530 3415 3601; x_wconf 88' lang='lat' dir='ltr'>qui,</span> <span class='ocrx_word' id='word_1_676' title='bbox 3449 3529 3499 3584; x_wconf 87' lang='lat' dir='ltr'>si</span> <span class='ocrx_word' id='word_1_677' title='bbox 3535 3545 3648 3586; x_wconf 85' lang='lat' dir='ltr'>nos</span> 
     </span>
    </p>
   </div>
   <div class='ocr_carea' id='block_1_98' title="bbox 1991 3618 3646 3690">
    <p class='ocr_par' dir='ltr' id='par_1_98' title="bbox 1991 3618 3646 3690">
     <span class='ocr_line' id='line_1_98' title="bbox 1991 3618 3646 3690; baseline -0.001 -15"><span class='ocrx_word' id='word_1_678' title='bbox 1991 3619 2204 3676; x_wconf 86' lang='lat' dir='ltr'>viderit</span> <span class='ocrx_word' id='word_1_679' title='bbox 2248 3635 2387 3674; x_wconf 91' lang='lat' dir='ltr'>cum</span> <span class='ocrx_word' id='word_1_680' title='bbox 2429 3618 2755 3688; x_wconf 86' lang='lat' dir='ltr'>gratiarum</span> <span class='ocrx_word' id='word_1_681' title='bbox 2807 3618 3039 3674; x_wconf 88' lang='lat' dir='ltr'>actione</span> <span class='ocrx_word' id='word_1_682' title='bbox 3090 3619 3413 3690; x_wconf 77' lang='lat' dir='ltr'>praesentia</span> <span class='ocrx_word' id='word_1_683' title='bbox 3465 3620 3646 3673; x_wconf 85' lang='lat' dir='ltr'>susci-</span> 
     </span>
    </p>
   </div>
   <div class='ocr_carea' id='block_1_99' title="bbox 1991 3705 3643 3781">
    <p class='ocr_par' dir='ltr' id='par_1_99' title="bbox 1991 3705 3643 3781">
     <span class='ocr_line' id='line_1_99' title="bbox 1991 3705 3643 3781; baseline -0.001 -17"><span class='ocrx_word' id='word_1_684' title='bbox 1991 3705 2150 3781; x_wconf 73' lang='lat' dir='ltr'>pere,</span> <span class='ocrx_word' id='word_1_685' title='bbox 2182 3713 2286 3763; x_wconf 88' lang='lat' dir='ltr'>aut</span> <span class='ocrx_word' id='word_1_686' title='bbox 2313 3708 2547 3764; x_wconf 90' lang='lat' dir='ltr'>sedabit</span> <span class='ocrx_word' id='word_1_687' title='bbox 2577 3707 2838 3771; x_wconf 88' lang='lat' dir='ltr'>dolores,</span> <span class='ocrx_word' id='word_1_688' title='bbox 2870 3707 2950 3762; x_wconf 87' lang='lat' dir='ltr'>uti</span> <span class='ocrx_word' id='word_1_689' title='bbox 2985 3707 3044 3764; x_wconf 91' lang='lat' dir='ltr'>in</span> <span class='ocrx_word' id='word_1_690' title='bbox 3071 3707 3241 3774; x_wconf 87' lang='lat' dir='ltr'>Jobo,</span> <span class='ocrx_word' id='word_1_691' title='bbox 3270 3712 3374 3762; x_wconf 86' lang='lat' dir='ltr'>aut</span> <span class='ocrx_word' id='word_1_692' title='bbox 3404 3708 3643 3776; x_wconf 83' lang='lat' dir='ltr'>magnis</span> 
     </span>
    </p>
   </div>
   <div class='ocr_carea' id='block_1_100' title="bbox 1991 3796 3646 3872">
    <p class='ocr_par' dir='ltr' id='par_1_100' title="bbox 1991 3796 3646 3872">
     <span class='ocr_line' id='line_1_100' title="bbox 1991 3796 3646 3872; baseline 0 -18"><span class='ocrx_word' id='word_1_693' title='bbox 1991 3799 2291 3872; x_wconf 71' lang='lat' dir='ltr'>patientize</span> <span class='ocrx_word' id='word_1_694' title='bbox 2341 3798 2579 3854; x_wconf 86' lang='lat' dir='ltr'>coronis</span> <span class='ocrx_word' id='word_1_695' title='bbox 2628 3796 3112 3857; x_wconf 82' lang='lat' dir='ltr'>remunerabitur</span> <span class='ocrx_word' id='word_1_696' title='bbox 3159 3797 3220 3854; x_wconf 92' lang='lat' dir='ltr'>in</span> <span class='ocrx_word' id='word_1_697' title='bbox 3262 3797 3460 3855; x_wconf 81' lang='lat' dir='ltr'>futuro</span> <span class='ocrx_word' id='word_1_698' title='bbox 3504 3801 3646 3872; x_wconf 75' lang='lat' dir='ltr'>post</span> 
     </span>
    </p>
   </div>
   <div class='ocr_carea' id='block_1_101' title="bbox 1991 3888 2574 3963">
    <p class='ocr_par' dir='ltr' id='par_1_101' title="bbox 1991 3888 2574 3963">
     <span class='ocr_line' id='line_1_101' title="bbox 1991 3888 2574 3963; baseline -0.002 -17"><span class='ocrx_word' id='word_1_699' title='bbox 1991 3890 2150 3946; x_wconf 89' lang='lat' dir='ltr'>hanc</span> <span class='ocrx_word' id='word_1_700' title='bbox 2179 3888 2362 3945; x_wconf 87' lang='lat' dir='ltr'>vitam</span> <span class='ocrx_word' id='word_1_701' title='bbox 2393 3891 2574 3963; x_wconf 51' lang='lat' dir='ltr'>statu,</span> 
     </span>
    </p>
   </div>
   <div class='ocr_carea' id='block_1_102' title="bbox 1989 4285 3638 4365">
    <p class='ocr_par' dir='ltr' id='par_1_102' title="bbox 1989 4285 3638 4365">
     <span class='ocr_line' id='line_1_102' title="bbox 1989 4285 3638 4365; baseline 0.001 -17"><span class='ocrx_word' id='word_1_702' title='bbox 1989 4303 2060 4348; x_wconf 89' lang='lat' dir='ltr'>eo</span> <span class='ocrx_word' id='word_1_703' title='bbox 2086 4291 2317 4364; x_wconf 87' lang='lat' dir='ltr'>positus</span> <span class='ocrx_word' id='word_1_704' title='bbox 2339 4296 2483 4365; x_wconf 83' lang='lat' dir='ltr'>erat,</span> <span class='ocrx_word' id='word_1_705' title='bbox 2505 4285 2672 4364; x_wconf 88' lang='lat' dir='ltr'>quod</span> <span class='ocrx_word' id='word_1_706' title='bbox 2703 4307 2812 4365; x_wconf 87' lang='lat' dir='ltr'>nec</span> <span class='ocrx_word' id='word_1_707' title='bbox 2842 4287 3171 4365; x_wconf 84' lang='lat' dir='ltr'>catholicus</span> <span class='ocrx_word' id='word_1_708' title='bbox 3198 4294 3638 4365; x_wconf 86' lang='lat' dir='ltr'>potentioribus</span> 
     </span>
    </p>
   </div>
   <div class='ocr_carea' id='block_1_103' title="bbox 1987 4364 3636 4437">
    <p class='ocr_par' dir='ltr' id='par_1_103' title="bbox 1987 4364 3636 4437">
     <span class='ocr_line' id='line_1_103' title="bbox 1987 4364 3636 4437; baseline 0.001 -18"><span class='ocrx_word' id='word_1_709' title='bbox 1987 4365 2218 4420; x_wconf 77' lang='lat' dir='ltr'>Arianis</span> <span class='ocrx_word' id='word_1_710' title='bbox 2265 4364 2575 4437; x_wconf 86' lang='lat' dir='ltr'>catholicis</span> <span class='ocrx_word' id='word_1_711' title='bbox 2621 4364 2808 4419; x_wconf 84' lang='lat' dir='ltr'>videri</span> <span class='ocrx_word' id='word_1_712' title='bbox 2856 4364 3052 4420; x_wconf 88' lang='lat' dir='ltr'>vellet.</span> <span class='ocrx_word' id='word_1_713' title='bbox 3109 4364 3388 4437; x_wconf 6' lang='lat' dir='ltr'>Nondum,</span> <span class='ocrx_word' id='word_1_714' title='bbox 3432 4372 3636 4437; x_wconf 88' lang='lat' dir='ltr'>aperte</span> 
     </span>
    </p>
   </div>
   <div class='ocr_carea' id='block_1_104' title="bbox 1989 4436 3636 4506">
    <p class='ocr_par' dir='ltr' id='par_1_104' title="bbox 1989 4436 3636 4506">
     <span class='ocr_line' id='line_1_104' title="bbox 1989 4436 3636 4506; baseline 0.002 -17"><span class='ocrx_word' id='word_1_715' title='bbox 1989 4453 2126 4490; x_wconf 88' lang='lat' dir='ltr'>cum</span> <span class='ocrx_word' id='word_1_716' title='bbox 2159 4436 2393 4490; x_wconf 86' lang='lat' dir='ltr'>Arianis</span> <span class='ocrx_word' id='word_1_717' title='bbox 2421 4436 2797 4506; x_wconf 86' lang='lat' dir='ltr'>conjunctus,</span> <span class='ocrx_word' id='word_1_718' title='bbox 2832 4451 2940 4490; x_wconf 91' lang='lat' dir='ltr'>nec</span> <span class='ocrx_word' id='word_1_719' title='bbox 2969 4451 3188 4503; x_wconf 80' lang='lat' dir='ltr'>negare</span> <span class='ocrx_word' id='word_1_720' title='bbox 3217 4436 3484 4492; x_wconf 82' lang='lat' dir='ltr'>audebat</span> <span class='ocrx_word' id='word_1_721' title='bbox 3524 4453 3636 4492; x_wconf 86' lang='lat' dir='ltr'>nec</span> 
     </span>
    </p>
   </div>
   <div class='ocr_carea' id='block_1_105' title="bbox 1987 4506 3637 4580">
    <p class='ocr_par' dir='ltr' id='par_1_105' title="bbox 1987 4506 3637 4580">
     <span class='ocr_line' id='line_1_105' title="bbox 1987 4506 3637 4580; baseline 0.001 -18"><span class='ocrx_word' id='word_1_722' title='bbox 1987 4508 2246 4580; x_wconf 83' lang='lat' dir='ltr'>probare</span> <span class='ocrx_word' id='word_1_723' title='bbox 2297 4525 2432 4580; x_wconf 61' lang='lat' dir='ltr'>qua!</span> <span class='ocrx_word' id='word_1_724' title='bbox 2486 4508 2598 4578; x_wconf 78' lang='lat' dir='ltr'>ipsi</span> <span class='ocrx_word' id='word_1_725' title='bbox 2650 4523 2684 4561; x_wconf 85' lang='lat' dir='ltr'>a</span> <span class='ocrx_word' id='word_1_726' title='bbox 2743 4507 2951 4560; x_wconf 86' lang='lat' dir='ltr'>Basilio</span> <span class='ocrx_word' id='word_1_727' title='bbox 2990 4506 3516 4580; x_wconf 67' lang='lat' dir='ltr'>proponebantur.</span> <span class='ocrx_word' id='word_1_728' title='bbox 3569 4513 3637 4565; x_wconf 82' lang='lat' dir='ltr'>At</span> 
     </span>
    </p>
   </div>
   <div class='ocr_carea' id='block_1_106' title="bbox 1909 4577 3634 4703">
    <p class='ocr_par' dir='ltr' id='par_1_106' title="bbox 1909 4577 3634 4703">
     <span class='ocr_line' id='line_1_106' title="bbox 1909 4577 3634 4703; baseline 0.002 -72"><span class='ocrx_word' id='word_1_729' title='bbox 1909 4613 1952 4667; x_wconf 70' lang='grc' dir='ltr'>ο</span> <span class='ocrx_word' id='word_1_730' title='bbox 1986 4594 2142 4703; x_wconf 59' lang='lat' dir='ltr'>quos</span> <span class='ocrx_word' id='word_1_731' title='bbox 2206 4577 2335 4633; x_wconf 60' lang='lat' dir='ltr'>hic&#39;</span> <span class='ocrx_word' id='word_1_732' title='bbox 2371 4577 2807 4633; x_wconf 87' lang='lat' dir='ltr'>commemorat</span> <span class='ocrx_word' id='word_1_733' title='bbox 2872 4577 3148 4658; x_wconf 58' lang='lat' dir='ltr'>Basilius,</span> <span class='ocrx_word' id='word_1_734' title='bbox 3209 4577 3267 4632; x_wconf 92' lang='lat' dir='ltr'>hi</span> <span class='ocrx_word' id='word_1_735' title='bbox 3325 4578 3634 4634; x_wconf 80' lang='lat' dir='ltr'>catholicae</span> 
     </span>
     <span class='ocr_line' id='line_1_107' title="bbox 2031 4649 3634 4703; baseline 0 0"><span class='ocrx_word' id='word_1_736' title='bbox 2031 4650 2272 4703; x_wconf 64' lang='lat' dir='ltr'>octrinae</span> <span class='ocrx_word' id='word_1_737' title='bbox 2306 4649 2528 4703; x_wconf 82' lang='lat' dir='ltr'>bellum</span> <span class='ocrx_word' id='word_1_738' title='bbox 2565 4656 2840 4703; x_wconf 81' lang='lat' dir='ltr'>apertum</span> <span class='ocrx_word' id='word_1_739' title='bbox 2878 4649 3236 4703; x_wconf 81' lang='lat' dir='ltr'>indixerant.</span> <span class='ocrx_word' id='word_1_740' title='bbox 3268 4654 3320 4703; x_wconf 87' lang='lat' dir='ltr'>et</span> <span class='ocrx_word' id='word_1_741' title='bbox 3353 4651 3634 4703; x_wconf 78' lang='lat' dir='ltr'>quamvis</span> 
     </span>
    </p>
   </div>
   <div class='ocr_carea' id='block_1_107' title="bbox 2031 4649 3634 4721">
    <p class='ocr_par' dir='ltr' id='par_1_107' title="bbox 2031 4649 3634 4721">
     <span class='ocr_line' id='line_1_108' title="bbox 2031 4649 3634 4721; baseline 0.002 -18"><span class='ocrx_word' id='word_1_742' title='bbox 2031 4650 2272 4721; x_wconf 78' lang='lat' dir='ltr'>octrinae</span> <span class='ocrx_word' id='word_1_743' title='bbox 2306 4649 2528 4704; x_wconf 82' lang='lat' dir='ltr'>bellum</span> <span class='ocrx_word' id='word_1_744' title='bbox 2565 4656 2840 4721; x_wconf 83' lang='lat' dir='ltr'>apertum</span> <span class='ocrx_word' id='word_1_745' title='bbox 2878 4649 3236 4721; x_wconf 87' lang='lat' dir='ltr'>indixerant,</span> <span class='ocrx_word' id='word_1_746' title='bbox 3268 4654 3320 4704; x_wconf 86' lang='lat' dir='ltr'>et</span> <span class='ocrx_word' id='word_1_747' title='bbox 3353 4651 3634 4721; x_wconf 87' lang='lat' dir='ltr'>quamvis</span> 
     </span>
    </p>
   </div>
   <div class='ocr_carea' id='block_1_108' title="bbox 1985 4719 3631 4791">
    <p class='ocr_par' dir='ltr' id='par_1_108' title="bbox 1985 4719 3631 4791">
     <span class='ocr_line' id='line_1_109' title="bbox 1985 4719 3631 4791; baseline 0.002 -17"><span class='ocrx_word' id='word_1_748' title='bbox 1985 4720 2492 4774; x_wconf 87' lang='lat' dir='ltr'>dissimilitudinis</span> <span class='ocrx_word' id='word_1_749' title='bbox 2560 4719 2930 4791; x_wconf 86' lang='lat' dir='ltr'>impietatem</span> <span class='ocrx_word' id='word_1_750' title='bbox 2988 4720 3191 4786; x_wconf 74' lang='lat' dir='ltr'>fugere</span> <span class='ocrx_word' id='word_1_751' title='bbox 3253 4719 3631 4788; x_wconf 70' lang='lat' dir='ltr'>viderentur,</span> 
     </span>
    </p>
   </div>
   <div class='ocr_carea' id='block_1_109' title="bbox 1984 4791 3635 4862">
    <p class='ocr_par' dir='ltr' id='par_1_109' title="bbox 1984 4791 3635 4862">
     <span class='ocr_line' id='line_1_110' title="bbox 1984 4791 3635 4862; baseline 0.001 -16"><span class='ocrx_word' id='word_1_752' title='bbox 1984 4792 2195 4846; x_wconf 78' lang='lat' dir='ltr'>iisdem</span> <span class='ocrx_word' id='word_1_753' title='bbox 2224 4797 2445 4853; x_wconf 87' lang='lat' dir='ltr'>tamen,</span> <span class='ocrx_word' id='word_1_754' title='bbox 2471 4806 2540 4844; x_wconf 89' lang='lat' dir='ltr'>ac</span> <span class='ocrx_word' id='word_1_755' title='bbox 2572 4791 2862 4862; x_wconf 55' lang='lat' dir='ltr'>anommi,</span> <span class='ocrx_word' id='word_1_756' title='bbox 2895 4791 3198 4862; x_wconf 85' lang='lat' dir='ltr'>principiis</span> <span class='ocrx_word' id='word_1_757' title='bbox 3230 4793 3488 4848; x_wconf 83' lang='lat' dir='ltr'>stabant.</span> <span class='ocrx_word' id='word_1_758' title='bbox 3516 4797 3635 4847; x_wconf 83' lang='lat' dir='ltr'>[loc</span> 
     </span>
    </p>
   </div>
   <div class='ocr_carea' id='block_1_110' title="bbox 1985 4861 3632 4932">
    <p class='ocr_par' dir='ltr' id='par_1_110' title="bbox 1985 4861 3632 4932">
     <span class='ocr_line' id='line_1_111' title="bbox 1985 4861 3632 4932; baseline 0.001 -16"><span class='ocrx_word' id='word_1_759' title='bbox 1985 4863 2069 4916; x_wconf 88' lang='lat' dir='ltr'>eis</span> <span class='ocrx_word' id='word_1_760' title='bbox 2100 4862 2424 4930; x_wconf 75' lang='lat' dir='ltr'>exprobrat</span> <span class='ocrx_word' id='word_1_761' title='bbox 2465 4861 2710 4915; x_wconf 86' lang='lat' dir='ltr'>Basilius</span> <span class='ocrx_word' id='word_1_762' title='bbox 2739 4861 2798 4915; x_wconf 87' lang='lat' dir='ltr'>in</span> <span class='ocrx_word' id='word_1_763' title='bbox 2831 4861 2983 4916; x_wconf 78' lang='lat' dir='ltr'>libro</span> <span class='ocrx_word' id='word_1_764' title='bbox 3030 4865 3112 4917; x_wconf 79' lang='lat' dir='ltr'>De</span> <span class='ocrx_word' id='word_1_765' title='bbox 3137 4864 3372 4932; x_wconf 75' lang='lat' dir='ltr'>Spiritu</span> <span class='ocrx_word' id='word_1_766' title='bbox 3402 4872 3632 4928; x_wconf 78' lang='lat' dir='ltr'>sancto,</span> 
     </span>
    </p>
   </div>
   <div class='ocr_carea' id='block_1_111' title="bbox 1987 4932 3634 5004">
    <p class='ocr_par' dir='ltr' id='par_1_111' title="bbox 1987 4932 3634 5004">
     <span class='ocr_line' id='line_1_112' title="bbox 1987 4932 3634 5004; baseline 0.001 -17"><span class='ocrx_word' id='word_1_767' title='bbox 1987 4949 2118 5004; x_wconf 88' lang='lat' dir='ltr'>cap.</span> <span class='ocrx_word' id='word_1_768' title='bbox 2167 4935 2222 4994; x_wconf 76' lang='lat'>2,</span> <span class='ocrx_word' id='word_1_769' title='bbox 2279 4932 2377 4985; x_wconf 77' lang='lat' dir='ltr'>ubi</span> <span class='ocrx_word' id='word_1_770' title='bbox 2437 4932 2652 5001; x_wconf 89' lang='lat' dir='ltr'>impias</span> <span class='ocrx_word' id='word_1_771' title='bbox 2684 4947 2914 5004; x_wconf 72' lang='lat' dir='ltr'>eorum</span> <span class='ocrx_word' id='word_1_772' title='bbox 2972 4932 3046 4986; x_wconf 87' lang='lat' dir='ltr'>de</span> <span class='ocrx_word' id='word_1_773' title='bbox 3106 4934 3245 4989; x_wconf 77' lang='lat' dir='ltr'>Filio</span> <span class='ocrx_word' id='word_1_774' title='bbox 3296 4951 3366 4990; x_wconf 87' lang='lat' dir='ltr'>ac</span> <span class='ocrx_word' id='word_1_775' title='bbox 3414 4934 3634 5004; x_wconf 88' lang='lat' dir='ltr'>Spiritu</span> 
     </span>
    </p>
   </div>
   <div class='ocr_carea' id='block_1_112' title="bbox 1986 5002 3633 5072">
    <p class='ocr_par' dir='ltr' id='par_1_112' title="bbox 1986 5002 3633 5072">
     <span class='ocr_line' id='line_1_113' title="bbox 1986 5002 3633 5072; baseline 0.001 -15"><span class='ocrx_word' id='word_1_776' title='bbox 1986 5002 2196 5057; x_wconf 82' lang='lat' dir='ltr'>sancto</span> <span class='ocrx_word' id='word_1_777' title='bbox 2243 5018 2437 5070; x_wconf 66' lang='lat' dir='ltr'>nugas</span> <span class='ocrx_word' id='word_1_778' title='bbox 2483 5018 2554 5055; x_wconf 82' lang='lat' dir='ltr'>cx</span> <span class='ocrx_word' id='word_1_779' title='bbox 2606 5002 2914 5072; x_wconf 84' lang='lat' dir='ltr'>principiis</span> <span class='ocrx_word' id='word_1_780' title='bbox 2968 5005 3113 5058; x_wconf 84' lang='lat' dir='ltr'>Aetii</span> <span class='ocrx_word' id='word_1_781' title='bbox 3162 5002 3469 5060; x_wconf 68' lang='lat' dir='ltr'>deductas</span> <span class='ocrx_word' id='word_1_782' title='bbox 3501 5021 3633 5060; x_wconf 87' lang='lat' dir='ltr'>esse</span> 
     </span>
    </p>
   </div>
   <div class='ocr_carea' id='block_1_113' title="bbox 1987 5073 3636 5131">
    <p class='ocr_par' dir='ltr' id='par_1_113' title="bbox 1987 5073 3636 5131">
     <span class='ocr_line' id='line_1_114' title="bbox 1987 5073 3636 5131; baseline 0 -2"><span class='ocrx_word' id='word_1_783' title='bbox 1987 5075 2379 5129; x_wconf 88' lang='lat' dir='ltr'>demonstrat.</span> <span class='ocrx_word' id='word_1_784' title='bbox 2414 5073 2595 5126; x_wconf 82' lang='lat' dir='ltr'>[idem</span> <span class='ocrx_word' id='word_1_785' title='bbox 2629 5073 2888 5128; x_wconf 64' lang='lat' dir='ltr'>hreretici</span> <span class='ocrx_word' id='word_1_786' title='bbox 2922 5090 3040 5129; x_wconf 91' lang='lat' dir='ltr'>non</span> <span class='ocrx_word' id='word_1_787' title='bbox 3074 5075 3376 5131; x_wconf 86' lang='lat' dir='ltr'>desierunt</span> <span class='ocrx_word' id='word_1_788' title='bbox 3406 5075 3636 5130; x_wconf 79' lang='lat' dir='ltr'>nefaria</span> 
     </span>
    </p>
   </div>
   <div class='ocr_carea' id='block_1_114' title="bbox 1990 5144 3635 5214">
    <p class='ocr_par' dir='ltr' id='par_1_114' title="bbox 1990 5144 3635 5214">
     <span class='ocr_line' id='line_1_115' title="bbox 1990 5144 3635 5214; baseline 0 -15"><span class='ocrx_word' id='word_1_789' title='bbox 1990 5145 2182 5200; x_wconf 73' lang='lat' dir='ltr'>Basilii</span> <span class='ocrx_word' id='word_1_790' title='bbox 2227 5144 2564 5214; x_wconf 81' lang='lat' dir='ltr'>expcllcndi</span> <span class='ocrx_word' id='word_1_791' title='bbox 2608 5144 2856 5199; x_wconf 86' lang='lat' dir='ltr'>consilia</span> <span class='ocrx_word' id='word_1_792' title='bbox 2905 5146 3070 5202; x_wconf 89' lang='lat' dir='ltr'>inire.</span> <span class='ocrx_word' id='word_1_793' title='bbox 3103 5150 3318 5202; x_wconf 81' lang='lat' dir='ltr'>Eorum</span> <span class='ocrx_word' id='word_1_794' title='bbox 3365 5147 3635 5201; x_wconf 78' lang='lat' dir='ltr'>convicia</span> 
     </span>
    </p>
   </div>
   <div class='ocr_carea' id='block_1_115' title="bbox 1988 5215 3634 5279">
    <p class='ocr_par' dir='ltr' id='par_1_115' title="bbox 1988 5215 3634 5279">
     <span class='ocr_line' id='line_1_116' title="bbox 1988 5215 3634 5279; baseline -0.001 -7"><span class='ocrx_word' id='word_1_795' title='bbox 1988 5217 2046 5272; x_wconf 89' lang='lat' dir='ltr'>in</span> <span class='ocrx_word' id='word_1_796' title='bbox 2081 5215 2382 5279; x_wconf 83' lang='lat' dir='ltr'>Basilium,</span> <span class='ocrx_word' id='word_1_797' title='bbox 2419 5215 2662 5270; x_wconf 80' lang='lat' dir='ltr'>insidias</span> <span class='ocrx_word' id='word_1_798' title='bbox 2693 5222 2750 5270; x_wconf 81' lang='lat' dir='ltr'>et</span> <span class='ocrx_word' id='word_1_799' title='bbox 2789 5216 3050 5270; x_wconf 83' lang='lat' dir='ltr'>nefarias</span> <span class='ocrx_word' id='word_1_800' title='bbox 3091 5219 3446 5274; x_wconf 81' lang='lat' dir='ltr'>molitioncs.</span> <span class='ocrx_word' id='word_1_801' title='bbox 3477 5217 3634 5270; x_wconf 77' lang='lat' dir='ltr'>furo-</span> 
     </span>
    </p>
   </div>
   <div class='ocr_carea' id='block_1_116' title="bbox 1987 5286 3634 5357">
    <p class='ocr_par' dir='ltr' id='par_1_116' title="bbox 1987 5286 3634 5357">
     <span class='ocr_line' id='line_1_117' title="bbox 1987 5286 3634 5357; baseline -0.001 -15"><span class='ocrx_word' id='word_1_802' title='bbox 1987 5303 2113 5342; x_wconf 85' lang='lat' dir='ltr'>rem</span> <span class='ocrx_word' id='word_1_803' title='bbox 2141 5303 2210 5342; x_wconf 88' lang='lat' dir='ltr'>ac</span> <span class='ocrx_word' id='word_1_804' title='bbox 2237 5287 2458 5341; x_wconf 77' lang='lat' dir='ltr'>bellum</span> <span class='ocrx_word' id='word_1_805' title='bbox 2483 5286 3003 5357; x_wconf 78' lang='lat' dir='ltr'>inexpial)ile,vide</span> <span class='ocrx_word' id='word_1_806' title='bbox 3033 5291 3090 5342; x_wconf 89' lang='lat' dir='ltr'>in</span> <span class='ocrx_word' id='word_1_807' title='bbox 3113 5289 3265 5342; x_wconf 85' lang='lat' dir='ltr'>libro</span> <span class='ocrx_word' id='word_1_808' title='bbox 3287 5291 3370 5342; x_wconf 74' lang='lat' dir='ltr'>De</span> <span class='ocrx_word' id='word_1_809' title='bbox 3400 5289 3634 5355; x_wconf 71' lang='lat' dir='ltr'>Spiritu</span> 
     </span>
    </p>
   </div>
   <div class='ocr_carea' id='block_1_117' title="bbox 1987 5362 3241 5423">
    <p class='ocr_par' dir='ltr' id='par_1_117' title="bbox 1987 5362 3241 5423">
     <span class='ocr_line' id='line_1_118' title="bbox 1987 5362 3241 5423; baseline -0.001 -10"><span class='ocrx_word' id='word_1_810' title='bbox 1987 5365 2213 5413; x_wconf 80' lang='lat' dir='ltr'>sam-to.</span> <span class='ocrx_word' id='word_1_811' title='bbox 2242 5374 2408 5412; x_wconf 87' lang='lat' dir='ltr'>num.</span> <span class='ocrx_word' id='word_1_812' title='bbox 2447 5363 2526 5414; x_wconf 77' lang='grc'>13,</span> <span class='ocrx_word' id='word_1_813' title='bbox 2560 5362 2649 5423; x_wconf 71' lang='lat'>23,</span> <span class='ocrx_word' id='word_1_814' title='bbox 2684 5362 2771 5410; x_wconf 66' lang='lat' dir='ltr'>3t.</span> <span class='ocrx_word' id='word_1_815' title='bbox 2803 5363 2886 5416; x_wconf 67' lang='lat'>{&#39;32.</span> <span class='ocrx_word' id='word_1_816' title='bbox 2924 5364 3010 5418; x_wconf 75' lang='lat'>60.</span> <span class='ocrx_word' id='word_1_817' title='bbox 3036 5366 3121 5422; x_wconf 77' lang='lat'>69,</span> <span class='ocrx_word' id='word_1_818' title='bbox 3155 5364 3241 5412; x_wconf 75' lang='lat'>753.</span> 
     </span>
    </p>
   </div>
   <div class='ocr_carea' id='block_1_118' title="bbox 2061 5429 3641 5501">
    <p class='ocr_par' dir='ltr' id='par_1_118' title="bbox 2061 5429 3641 5501">
     <span class='ocr_line' id='line_1_119' title="bbox 2061 5429 3641 5501; baseline 0.003 -18"><span class='ocrx_word' id='word_1_819' title='bbox 2061 5431 2170 5499; x_wconf 86' lang='lat'>(68)</span> <span class='ocrx_word' id='word_1_820' title='bbox 2212 5429 2702 5488; x_wconf 69' lang='grc' dir='ltr'>κατασκευάζοντα.</span> <span class='ocrx_word' id='word_1_821' title='bbox 2736 5429 2826 5482; x_wconf 89' lang='lat' dir='ltr'>Sic</span> <span class='ocrx_word' id='word_1_822' title='bbox 2859 5430 3034 5486; x_wconf 73' lang='lat' dir='ltr'>(Ioisl.</span> <span class='ocrx_word' id='word_1_823' title='bbox 3081 5434 3330 5501; x_wconf 82' lang='lat' dir='ltr'>uterque</span> <span class='ocrx_word' id='word_1_824' title='bbox 3361 5445 3501 5485; x_wconf 87' lang='lat' dir='ltr'>cum</span> <span class='ocrx_word' id='word_1_825' title='bbox 3545 5430 3641 5487; x_wconf 82' lang='lat' dir='ltr'>tri-</span> 
     </span>
    </p>
   </div>
   <div class='ocr_carea' id='block_1_119' title="bbox 1992 5501 2998 5562">
    <p class='ocr_par' dir='ltr' id='par_1_119' title="bbox 1992 5501 2998 5562">
     <span class='ocr_line' id='line_1_120' title="bbox 1992 5501 2998 5562; baseline -0.005 -5"><span class='ocrx_word' id='word_1_826' title='bbox 1992 5501 2106 5557; x_wconf 83' lang='lat' dir='ltr'>bus</span> <span class='ocrx_word' id='word_1_827' title='bbox 2134 5501 2283 5558; x_wconf 86' lang='lat' dir='ltr'>aliis.</span> <span class='ocrx_word' id='word_1_828' title='bbox 2317 5502 2468 5558; x_wconf 80' lang='lat' dir='ltr'>Editi</span> <span class='ocrx_word' id='word_1_829' title='bbox 2496 5501 2998 5562; x_wconf 76' lang='grc' dir='ltr'>κατασκευάζονται.</span> 
     </span>
    </p>
   </div>
  </div>
