4100 6214
250 324 356 378 789

1277 312 1761 376 EPISTOLARUM
1797 312 2083 372 CLASSIS
2123 318 2190 373 Π.
2230 318 2444 378 EPIST.
2485 321 2686 378 CCXV.

3518 323 3630 379 790

250 454 324 519 τῷ
355 445 677 516 ὑποκειμένῳ
709 444 916 517 Πατέρα
941 447 1031 496 καὶ
1061 443 1180 497 Υίὸν
1211 447 1301 496 καὶ
1343 442 1489 515 ἅγιον
1528 446 1740 513 Πνεῦμα
1773 439 1853 492 λέ-

1976 444 2033 496 et
2067 440 2476 516 insuperabile
2522 443 2886 501 videbuntur
2921 443 3135 501 aﬂ‘erre
3177 445 3632 522 argumentum,

247 555 448 608 γοντες,
475 540 598 610 τρία
629 530 690 587 δὲ
716 537 977 606 πρόσωπα
1007 533 1173 587 τέλεια
1196 534 1304 605 (88)
1328 532 1725 606 ὐμολογοῶντες·
1754 535 1864 590 πῶς

1975 546 2081 586 cur
2104 548 2248 590 vera
2269 535 2385 591 sint
2415 551 2550 608 quae
2573 534 2647 590 de
2677 533 2854 590 nobis
2876 534 3160 591 dicuntur
3176 536 3206 591 ?

247 628 382 698 ουχὶ
415 632 556 696 σαφῇ
594 627 685 675 καὶ
715 622 1088 696 ἀναντίρρητον
1117 618 1336 684 δόξουσι
1372 621 1706 696 παρέχεσθαι
1733 623 1830 676 τὴν
1869 616 2138 683 ἀπόδειξιν
2161 629 2252 673 τοῦ
2285 621 2449 683 ἀληθῆ
2484 621 2615 676 εἶναι
2643 625 2711 675 τὰ
2737 623 2987 695 λεγόμενα
3014 629 3132 697 περὶ
3163 626 3343 698 ipsa;

320 717 379 772 4.
422 718 547 787 Περὶ
579 709 638 765 δὲ
661 717 772 779 τοῦ,
807 713 889 764 ὅτι
930 713 1226 774 ὑπόστασις
1264 717 1353 764 καὶ
1381 711 1538 763 οὐσία
1567 710 1625 761 οὐ
1668 712 1856 762 ταυτὸν

249 804 385 872 ἐστι,
426 807 517 856 καὶ
577 801 744 869 αὐτοὶ,
794 803 862 862 ὡς
917 806 1135 875 νομίζω,
1193 803 1596 874 ὑπεσημήναντο
1658 801 1706 852 οἱ
1756 797 1856 851 ἀπὸ

244 901 343 953 τῆς
393 894 599 953 Δύσεως
653 886 890 963 ἀδελφοὶ,
951 890 999 942 ἐν
1047 892 1123 953 οἷς
1179 894 1239 942 τὸ
1295 895 1469 944 στενὸν
1521 898 1618 950 τῆς
1665 888 1857 941 ἑαυτῶν

243 982 486 1052 γλώττης
516 982 856 1056 ὑφορώμενοι,
889 984 947 1032 τὸ
987 989 1082 1042 τῆς
1128 980 1312 1042 οὐσίας
1352 984 1512 1052 ὄνομα
1539 986 1602 1051 τῇ
1649 973 1858 1031 Ἐλλάδι

245 1079 387 1143 φωνῇ
436 1067 906 1145 παραδεδώκασιν
950 1071 1053 1140 ἵνα,
1114 1073 1157 1123 εἴ
1211 1090 1293 1131 τις
1351 1074 1427 1128 εἴη
1489 1065 1718 1141 διαφορὰ
1763 1075 1860 1129 τῆς

244 1157 462 1225 ἑννοίας,
497 1160 722 1221 σώζοιτο
769 1159 900 1218 αὕτη
960 1161 1011 1212 ἐν
1062 1167 1124 1233 τῇ
1167 1159 1390 1233 εὖκρινεῐ
1431 1163 1521 1210 καὶ
1549 1158 1857 1229 ,ἁσυγχύτῳ

244 1243 542 1301 διαστάσει
593 1257 696 1302 τῶν
755 1249 1039 1322 ὀνομάτων.
1109 1250 1169 1302 Εἰ
1227 1245 1286 1302 δὲ
1345 1245 1426 1301 δεῖ
1473 1252 1564 1300 καὶ
1613 1250 1752 1319 ἡμᾶς
1797 1250 1856 1297 τὸ

243 1333 441 1390 δοκοῦν
489 1340 614 1410 ἡμῖν
663 1338 710 1390 ἐν
763 1338 965 1414 βραχεῖ
1010 1338 1186 1408 εἰπεῖν,
1242 1338 1401 1392 ἐκεῖνο
1431 1336 1661 1410 ἐροῦμεν,
1694 1338 1774 1388 ὅτι
1803 1334 1857 1387 ὃν

159 1475 172 1500 ,
242 1429 364 1498 ἔχει
407 1426 561 1498 λόγον
589 1429 649 1479 τό
697 1430 868 1480 κοινόν
920 1431 1046 1502 πρὸς
1081 1431 1142 1480 τό
1181 1424 1241 1480 id
1247 1446 1339 1494 ιον,
1377 1434 1554 1479 τοῦτον
1586 1426 1696 1495 (89)
1747 1427 1858 1496 ἔχει

244 1519 278 1574 ἡ
313 1516 475 1569 οὐσία
501 1511 632 1592 πρὸς
661 1521 754 1575 τὴν
784 1519 1107 1572 ὑπόστασιν.
1149 1515 1406 1578 Ἕκαστος
1437 1518 1535 1590 γὰρ
1576 1517 1721 1586 ἡμῶν
1769 1517 1859 1565 καὶ

243 1611 318 1675 τῷ
355 1613 513 1676 κοινῷ
541 1614 636 1666 τῆς
674 1605 856 1667 οὐσίας
885 1605 1022 1678 λόγῳ
1072 1613 1164 1658 τοῦ
1195 1603 1326 1658 εἶναι
1355 1607 1583 1677 μετέχει,
1613 1609 1704 1656 καὶ
1747 1610 1859 1664 τοῖς

244 1698 368 1768 περὶ
399 1695 558 1747 αὐτόν
591 1691 877 1768 ἰδιώμασιν
907 1697 932 1748 ό
974 1692 1118 1749 δεῖνά
1157 1695 1272 1747 ἐστι
1301 1698 1390 1748 καὶ
1430 1695 1456 1745 ὁ
1492 1691 1656 1748 δεῖνα.
1703 1695 1856 1744 Οὕτω

2041 712 2094 764 4.
2138 711 2313 775 Quod
2337 717 2540 769 autem
2569 711 2918 784 hypostasis
2948 716 3005 768 et
3032 714 3296 771 essentia
3320 714 3483 772 idem
3503 730 3632 773 non

1970 802 2131 867 sunt,
2165 799 2228 855 id
2269 805 2325 856 et
2354 801 2488 873 ipsi,
2521 806 2588 856 ut
2633 803 2795 872 puto,
2847 799 3306 859 subindicarunt
3347 804 3634 861 Occiden-

1968 887 2115 944 tales
2139 889 2374 956 fratres,
2402 890 2547 946 dum
2573 889 2797 963 linguae
2820 906 2939 944 suae
2971 892 3286 960 angustias
3315 891 3629 964 subveriti,

1967 977 2244 1035 essentiw
2274 994 2499 1035 nomen
2528 979 2740 1049 lingua
2775 980 2978 1034 Graeca
3020 979 3427 1048 tradiderunt;
3457 986 3524 1038 ut
3551 986 3628 1054 et,

1967 1065 2017 1120 si
2042 1082 2166 1138 qua
2189 1071 2346 1123 esset
2373 1069 2679 1124 sententiae
2702 1067 3125 1140 discrepantia,
3145 1067 3246 1124 illa
3272 1068 3411 1140 ipsa
3435 1082 3632 1126 serva-

1965 1159 2128 1210 retur
2152 1157 2215 1211 in
2246 1156 2408 1213 clara
2437 1162 2494 1213 et
2523 1157 2773 1213 minime
2801 1157 3058 1213 confusa
3086 1157 3404 1213 nominum
3437 1157 3634 1214 diver-

1967 1243 2157 1300 sitate.
2190 1246 2363 1310 Quod
2394 1246 2447 1300 si
2477 1252 2535 1302 et
2568 1246 2716 1301 mihi
2755 1245 2904 1317 quid
2952 1241 3207 1300 sentiam
3250 1245 3512 1302 breviter
3541 1245 3630 1302 di-

1967 1331 2246 1399 cendum,
2279 1334 2428 1390 illud
2454 1335 2676 1402 dicam,
2699 1349 2837 1406 quae
2867 1333 3020 1390 ratio
3040 1338 3134 1390 est
3153 1335 3466 1390 communi
3487 1351 3630 1391 cum

1965 1437 2038 1479 eo
2062 1423 2228 1495 quod
2244 1425 2576 1496 proprium,
2600 1423 2881 1480 eamdem
2903 1439 3034 1479 esse
3052 1424 3327 1479 essentia
3358 1439 3499 1481 cum
3518 1424 3629 1497 by-

1964 1513 2214 1584 postasi.
2236 1516 2385 1568 Nam
2409 1513 2827 1585 unusquisque
2851 1516 3127 1568 nostrum
3149 1515 3205 1568 et
3227 1527 3337 1585 per
3355 1529 3629 1570 commu-

1964 1617 2105 1657 nem
2135 1603 2405 1658 essentiee
2434 1603 2730 1659 rationem
2760 1618 2894 1658 esse
2914 1601 3256 1674 participat,
3284 1606 3344 1659 et
3361 1617 3469 1675 per
3484 1617 3626 1658 suas

1964 1692 2357 1763 proprietates
2386 1691 2482 1748 ille
2514 1696 2572 1748 et
2594 1691 2690 1748 ille
2716 1692 2932 1748 existit.
2963 1695 3050 1747 Ita
3079 1694 3136 1747 et
3163 1691 3282 1747 illic
3305 1693 3461 1748 ratio
3489 1691 3623 1765 qui-

208 1783 400 1858 Ικόικεί
423 1785 452 1836 ό
480 1786 570 1856 μὲν
597 1793 690 1846 τῆς
731 1785 911 1844 οὐσίας
941 1785 1090 1856 λόγος
1128 1790 1318 1846 κοινός·
1366 1785 1470 1836 οἷον
1501 1785 1530 1841 ἡ
1567 1782 1850 1854 ἁγαθότης,

1968 1779 2105 1835 dem
2131 1781 2402 1836 essentim
2443 1781 2805 1849 communis,
2838 1780 3001 1836 velut
3028 1780 3290 1846 bonitas,
3319 1779 3621 1850 divinitas,

247 1876 276 1930 ἡ
316 1875 494 1934 θεότης
525 1874 716 1942 (90),ἡ
754 1877 877 1926 εἴτι
915 1873 1036 1926 illo
1071 1882 1258 1926 νοοῖτο·
1303 1876 1331 1930 ἠ
1382 1870 1441 1925 δὲ
1479 1874 1777 1934 ὑπόστασις
1804 1870 1854 1922 ἐν

247 1971 320 2033 τῷ
368 1958 623 2036 ἰδιώματι
655 1973 746 2024 τῆς
788 1966 1190 2039 πατρότητος,ῆ
1239 1971 1330 2024 τῆς
1378 1964 1637 2028 τὶόυητος,
1685 1962 1714 2019 ἡ
1760 1967 1856 2022 τῆς

246 2053 566 2122 ἀνιαστικῆς
615 2050 883 2126 δυνάμεως
933 2056 1220 2126 θεωρεῖται,
1275 2052 1337 2104 Εἰ
1395 2055 1484 2123 μεν
1531 2048 1619 2102 οὖν
1661 2049 1854 2101 ἀνυπό-

245 2161 423 2195 στατα
460 2142 673 2213 λέγουσι
711 2147 778 2196 τὰ
806 2163 1083 2217 προσωπα,
1122 2143 1332 2196 αὐτόθεν
1361 2145 1475 2214 ἔχει
1517 2141 1544 2192 ό
1575 2140 1726 2211 λόγος
1762 2144 1854 2198 τὴν

245 2230 491 2283 ἀτοπίαν·
526 2232 569 2284 εἰ
600 2229 658 2284 δὲ
683 2232 732 2284 ἐν
756 2235 1045 2286 ὑποστάσει
1078 2233 1206 2284 εἶναι
1231 2231 1366 2284 αὐτὰ
1396 2230 1613 2302 ἀληθινῇ
1641 2249 1856 2301 συγχω-

241 2329 434 2392 ροῦσιν
473 2323 606 2391 (91),
648 2322 672 2373 ὁ
713 2322 1048 2394 ὁμολογοῦσι,
1084 2327 1172 2373 καὶ
1216 2321 1622 2394 ἀριθμείτωσαν,
1657 2319 1738 2370 ἵνα
1765 2323 1856 2370 καὶ

245 2413 271 2461 ό
297 2416 391 2461 τοῦ
424 2410 709 2482 όμοουσίου
738 2411 887 2482 λόγος
931 2408 1274 2482 διαφυλαχθῇ
1325 2409 1372 2462 ἐν
1416 2417 1478 2481 τῇ
1519 2409 1716 2465 ἐνότητι
1761 2415 1855 2469 τῆς

247 2502 518 2567 θεότητος,
554 2507 644 2553 καὶ
689 2504 717 2558 ἠ
751 2509 848 2562 τῆς
877 2501 1136 2561 εὐσεϐείας
1167 2500 1465 2572 ἐπίγνωσις,
1515 2501 1718 2573 Πατρός
1766 2502 1854 2549 καὶ

245 2589 376 2641 Υὶοῦ
435 2595 522 2640 καὶ
570 2589 724 2660 ἁγίου
777 2592 1094 2661 ῐινευματος,
1147 2588 1195 2639 ἐν
1245 2598 1306 2660 τῇ
1366 2587 1726 2662 ἀπηρτισμένη
1767 2591 1856 2638 καὶ

247 2676 473 2729 ὀλο-τελεῖ
501 2678 722 2730 ἑκάστου
754 2687 854 2730 τῶν
895 2678 1286 2750 ὀνομαζομένων
1328 2678 1616 2728 ὑποστάσει
1656 2677 1853 2749 κηρύσ-

248 2785 432 2823 σηται.
459 2765 632 2838 Ὀμως
656 2768 771 2839 (92)
819 2764 878 2821 δὲ
927 2766 1086 2820 ἐκεῖνο
1140 2766 1400 2838 βούλομαι
1435 2766 1716 2817 πεπεῖσθαι
1761 2769 1855 2822 τὴν

254 2859 551 2927 σεμνότητά
585 2876 703 2925 σου,
736 2859 815 2909 ὅτι
845 2863 935 2910 καὶ
967 2861 1023 2909 σε
1050 2860 1136 2907 καὶ
1165 2857 1336 2908 πάντα
1364 2859 1451 2907 τόν
1483 2853 1857 2928 παραπλησίως

250 2965 342 2998 σοι
367 2955 462 3008 τῆς
483 2946 728 3009 ἀληθείας
759 2951 1114 3022 φροντίζοντα,
1149 2951 1235 2996 καὶ
1273 2948 1393 3004 τοὺς
1438 2947 1564 3015 ὑπὲρ
1594 2951 1687 3002 τῆς
1718 2943 1858 2995 εὐσε-

247 3035 390 3096 ϐείας
441 3036 854 3108 ἀγωνιζομένους
909 3042 979 3108 μὴ
1041 3035 1385 3106 ἀτιμαζοντα,
1451 3033 1714 3105 ἀναμένειν
1776 3029 1859 3084 δεῖ

1965 1875 2068 1927 aut
2094 1871 2142 1926 si
2161 1872 2306 1945 quid
2328 1871 2493 1928 aliud
2514 1873 2840 1942 cogitatur:
2873 1871 3223 1944 hypostasis
3241 1887 3382 1928 vero
3403 1871 3465 1928 in
3487 1887 3626 1944 pro-

1963 1960 2210 2032 prietate
2251 1961 2648 2032 paternitatis,
2692 1965 2796 2017 aut
2844 1960 3173 2030 ﬁliationis,
3203 1964 3308 2018 aut
3345 1961 3660 2033 potentiam

1963 2049 2391 2106 sanctiﬁcantis
2420 2049 2802 2123 perspicitur.
2838 2049 2895 2107 Si
2928 2065 3071 2120 ergo
3097 2065 3390 2124 personas
3414 2050 3625 2106 dicunt
3654 2035 3662 2043 ’

1961 2153 2085 2195 non
2114 2139 2459 2207 subsistere,
2491 2155 2599 2212 per
2627 2155 2690 2196 se
2723 2138 2996 2196 absurda
3020 2139 3152 2196 haec
3180 2139 3454 2196 doctrina
3481 2157 3495 2195 :
3526 2138 3622 2195 sin

1963 2228 2304 2284 concedunt
2328 2228 2458 2284 illas
2479 2243 2610 2284 esse
2629 2228 2692 2284 in
2717 2243 2863 2284 vera
2881 2228 3214 2300 hypostasi,
3239 2229 3407 2301 quod
3426 2228 3623 2285 faten-

1964 2321 2076 2381 tur,
2104 2317 2219 2373 hoc
2241 2318 2422 2373 etiam
2444 2321 2782 2384 numerent,
2813 2320 2879 2373 ut
2901 2322 2957 2372 et
2979 2317 3509 2374 consubstantialis
3530 2333 3626 2374 ra-

1962 2409 2046 2464 tio
2074 2414 2340 2463 servetur
2369 2407 2431 2463 in
2455 2407 2678 2462 unitate
2704 2405 3050 2477 divinitatis,
3085 2409 3143 2461 et
3171 2407 3410 2478 pietatis
3442 2408 3494 2478 3
3506 2407 3621 2478 23

1963 2496 2246 2567 cognitio,
2279 2496 2463 2553 Patris
2493 2504 2551 2553 et
2582 2496 2704 2552 Filii
2737 2500 2794 2553 et
2841 2496 3092 2568 Spiritus
3138 2497 3348 2565 sancti,
3389 2495 3452 2552 in
3488 2513 3627 2570 per-

1962 2587 2116 2643 fecta
2146 2591 2203 2641 et
2226 2585 2461 2656 integra
2485 2585 2668 2640 unius
2700 2586 3000 2656 cujusque
3029 2600 3261 2653 eorum,
3294 2585 3402 2658 qui
3430 2587 3628 2642 nomi-

1962 2673 2524 2746 nantur,hypostasi
2538 2673 3068 2746 praedicetur.lllud
3083 2679 3285 2729 tamen
3301 2679 3415 2730 tuae
3428 2675 3627 2746 digni-

1966 2763 2069 2820 tati
2096 2779 2454 2836 persuasum
2476 2763 2637 2831 volo,
2660 2767 2718 2818 et
2740 2766 2792 2818 te
2813 2766 2870 2818 et
2899 2763 3174 2834 quisquis
3199 2763 3382 2818 simili
3409 2766 3628 2820 verita-

1966 2854 2038 2911 tis
2067 2869 2215 2910 cura
2261 2852 2542 2923 tangitur,
2586 2867 2696 2907 nec
2727 2867 2831 2907 eos
2873 2851 3196 2907 contemnit
3222 2853 3326 2923 qui
3353 2868 3466 2932 pro
3494 2855 3625 2924 pie-

1967 2946 2084 2999 tate
2113 2943 2440 3004 decertant,
2474 2944 2818 3012 exspectare
2845 2939 3084 3010 debere,
3119 2946 3267 2994 dum
3297 2940 3484 2996 duces
3511 2941 3630 2998 sint

1966 3036 2024 3088 et
2052 3035 2329 3089 auctores
2359 3030 2541 3101 hujus
2571 3028 3026 3100 sconjunctionis
3065 3044 3136 3084 ac
3165 3028 3332 3099 pacis
3362 3029 3627 3100 praefecti

243 3129 668 3196 καθηγήσασθαι
696 3135 789 3185 τῆν
843 3131 1122 3198 συναφείας
1160 3129 1356 3186 ταύτης
1388 3129 1480 3176 καὶ
1525 3132 1619 3185 τῆς
1650 3123 1853 3196 εἰρήνης

1968 3121 2391 3186 Ecclesiarum,
2425 3135 2579 3191 quos
2605 3134 2718 3189 ego
2741 3117 3056 3174 columnas
3080 3132 3150 3172 ac
3171 3117 3625 3175 ﬁrmamentum

245 3220 374 3276 τοὺς
419 3219 715 3289 προστάτας
744 3225 842 3268 τῶν
881 3216 1226 3284 Ἐκκλησιῶν,
1257 3214 1347 3274 οὖς
1375 3213 1474 3284 ἐγὼ
1507 3213 1723 3272 στύλους
1765 3217 1854 3264 καὶ

246 3302 522 3378 ἑδραίωμα
559 3314 650 3367 τῆς
694 3305 936 3367 ἀληθείας
987 3311 1075 3357 καὶ
1123 3314 1216 3366 τῆς
1271 3303 1582 3363 Ἐκκλησίας
1626 3303 1853 3372 τίθεμαι,

246 3399 344 3444 καὶ
373 3397 603 3466 τοσούτῳ
633 3393 781 3447 πλέον
827 3394 1014 3456 αὐτοὺς
1045 3391 1321 3463 αἰδοῦμαι,
1355 3393 1464 3460 ὅσῳ
1513 3389 1572 3440 ἆν
1604 3393 1854 3462 μακρότε-

248 3501 346 3554 ρον
385 3481 760 3548 ἐξοικισθῶσιν,
821 3483 937 3535 ἀντὶ
991 3488 1246 3554 τιμωρίας
1298 3481 1482 3540 αὐτοῖς
1535 3478 1852 3550 ἐπαγομένου

249 3577 352 3621 τοῦ
381 3580 679 3645 χωρισμοῦ,
721 3572 1013 3645 Παρακαλῶ
1055 3572 1162 3634 οὖν,
1200 3570 1421 3643 φύλαξον
1466 3572 1589 3640 ἡμῖν
1640 3570 1853 3619 σεαυτὸν

248 3660 585 3734 ἀπρὸληπτον
614 3663 746 3734 (93),
787 3664 850 3715 ἶν’
890 3667 1091 3735 ἔχωμέν
1124 3683 1209 3716 σοι
1239 3669 1364 3732 γοῦν
1405 3660 1847 3727 ἐπαναπαύεσθαι,

1964 3210 2232 3266 veritatis
2261 3215 2316 3266 et
2346 3208 2622 3264 Ecclesiae
2653 3222 2785 3264 esse
2815 3221 3001 3278 pono,
3051 3211 3108 3261 et
3137 3221 3205 3262 eo
3236 3207 3433 3276 magis
3461 3223 3628 3264 reve-

1963 3315 2259 3372 reor,quo
2279 3299 2524 3369 longius
2547 3296 2811 3366 ablegati
2837 3301 2998 3363 sunt,
3024 3295 3249 3351 inﬂicto
3274 3295 3388 3351 illis
3416 3296 3626 3354 exsilio

1965 3388 2027 3444 in
2052 3403 2246 3460 pcnnee
2276 3388 2430 3444 loco.
2451 3390 2616 3455 Rogo
2645 3387 2870 3457 itaque,
2905 3399 3080 3439 serva
3100 3388 3157 3440 te
3173 3383 3349 3439 nobis
3371 3384 3449 3440 ab
3472 3385 3626 3441 anti-

1963 3477 2162 3549 cipata
2187 3476 2473 3548 opinione
2495 3475 2772 3539 liberum,
2791 3473 2928 3528 utin
2947 3476 3007 3528 te
3024 3472 3407 3545 acquiescere
3427 3473 3626 3531 valea-

1960 3584 2120 3634 mus,
2147 3583 2332 3638 quem
2359 3567 2421 3622 in
2452 3563 2736 3622 omnibus
2768 3562 3052 3622 baculum
3082 3561 3260 3618 nobis
3290 3566 3349 3620 et
3365 3562 3624 3620 fulcrum

1961 3658 2116 3712 Deus
2138 3655 2389 3725 largitus
2420 3659 2527 3711 est.

243 3752 303 3800 ὃν
349 3751 401 3801 ἐν
433 3758 561 3802 πᾶσι
592 3750 886 3827 βακτηρίαν
917 3755 1040 3823 ἡμῖν
1081 3757 1170 3803 καὶ
1209 3748 1448 3825 ἔρεισμα
1477 3748 1503 3800 ὀ
1545 3751 1670 3807 Θεὸς
1701 3747 2017 3819 ἐχαρίσατο.

784 3865 1115 3912 ΕΙΙΙΣΤΟΛΠ
1176 3857 1305 3912 ΣΙΙῖ.

2486 3850 2826 3905 EPISTOLA
2870 3851 3074 3905 CCXV.

240 3947 506 4002 Nuntiat
544 3948 810 4004 Basilius
850 3964 910 4004 se
950 3948 1222 4004 Terentio
1266 3946 1544 4013 protinus
1573 3944 1930 4010 scripsisse:
1972 3939 2330 4013 dehortatur
2359 3937 2726 4013 Dorotheum
2770 3939 2848 3994 ab
2879 3939 3114 4013 itinere
3142 3939 3392 3994 Romam
3422 3939 3618 4013 susei-

311 4019 532 4086 piendo
564 4022 682 4074 nisi
703 4021 863 4075 mari
892 4023 1140 4075 utatur:
1170 4009 1406 4073 dubitat
1437 4032 1518 4071 an
1537 4009 1734 4083 frater
1761 4013 2085 4083 Gregorius
2116 4011 2411 4079 ejusmodi
2437 4011 2795 4081 legationem
2829 4010 2992 4065 obire
3021 4011 3186 4081 velit,
3219 4015 3325 4064 aut
3354 4009 3435 4065 ad
3457 4011 3620 4065 utili-

319 4096 408 4146 ter
432 4091 765 4146 obeunaam
795 4092 1042 4147 idoneus
1073 4090 1170 4146 sit.

731 4196 978 4269 Δωροθέῳ
1003 4192 1364 4267 πρεσϐυτέρῳ.

314 4302 478 4362 Εὐθὺς
539 4302 805 4373 ἐπιτυχὼν
861 4302 1120 4374 ἀφορμῆς,
1181 4298 1454 4351 ἐπέστείλα
1518 4305 1591 4367 τῷ
1643 4299 1843 4367 θαυμα-

242 4396 485 4461 σιωτάτῳ
552 4389 709 4462 ἀνδρὶ
777 4396 1022 4464 Τερεντίῳ
1085 4399 1159 4460 τῷ
1223 4392 1435 4459 κόμητιο
1505 4386 1845 4458 λογισάμενος

239 4481 653 4555 ἀνυποπτότερον
694 4478 822 4533 εἶναι
855 4485 912 4532 τό
954 4477 1049 4532 διὰ
1097 4480 1246 4542 ξένων
1283 4478 1422 4548 αὐτῷ
1470 4478 1683 4550 γράφειν
1731 4479 1844 4547 περὶ

781 4615 796 4640 ,
866 4575 954 4621 καὶ
1030 4569 1140 4640 ἅμα
1216 4566 1522 4640 βουλόμενος
1578 4561 1842 4637 μηδεμίαν

237 4660 540 4728 ἐγγενέσθαι
583 4655 862 4731 διατριϐὴν
901 4667 974 4728 τῷ
1020 4659 1294 4732 πράγματι
1340 4659 1426 4707 τὸν
1479 4656 1840 4707 ποθεινότατον

879 4755 961 4817 Τῷ
1049 4744 1382 4818 ὃιαψηφιστῇ
1474 4751 1569 4805 τῆς

239 4845 341 4890 τῶν
400 4842 646 4912 ἐπάρχων
690 4835 861 4890 ἔδωκα
898 4838 986 4889 οὖν
1026 4837 1137 4906 (94)
1190 4841 1282 4892 τὴν
1337 4833 1615 4890 ἐπιστολὴν
1674 4829 1837 4902 δημο-

238 4579 341 4621 τῶν
407 4575 750 4644 προκειμένων

235 4743 463 4819 ἁδελοόν
529 4749 793 4802 Ἀκάκιον.
879 4755 961 4817 Τῷ
1049 4744 1382 4818 ὃιαψηφιστῇ
1474 4751 1569 4805 τῆς
1654 4742 1840 4803 τάξεως

314 5017 428 5086 (88)
468 5016 665 5071 Τέλεια.
694 5017 869 5072 Deest
905 5016 966 5070 in
1013 5012 1320 5069 codicibus
1364 5010 1546 5079 Har1.,
1594 5007 1745 5064 Med.
1786 5011 1842 5064 et

241 5101 368 5142 uno
408 5103 482 5141 ex
505 5087 718 5154 Regiis.

314 5162 430 5226 (89)
466 5151 680 5211 Τοῦτον.
716 5156 867 5212 Editi
905 5160 962 5212 et
990 5155 1225 5212 codices
1254 5151 1640 5208 vetustissimi
1668 5158 1842 5204 τοῦτο.

244 5229 360 5286 Sed
391 5225 600 5284 melius
629 5229 987 5283 recentiores
1010 5245 1150 5282 mss.
1184 5225 1452 5298 quinque
1480 5233 1682 5298 τοῦτον.

315 5302 427 5372 (90)
469 5305 634 5372 Θερτη
648 5322 686 5361 ς.
723 5302 835 5372 Pro
859 5299 974 5372 bac
1001 5314 1148 5372 voce
1176 5295 1390 5367 legitur
1411 5295 1705 5372 inicodice
1733 5297 1843 5351 Me-

240 5370 435 5429 dicmo
467 5370 728 5431 ἁῖὸιότης.
753 5371 983 5426 Ibidem
1008 5370 1148 5425 editi
1166 5375 1254 5420 καὶ
1287 5373 1331 5421 εἴ
1351 5389 1420 5421 τι.
1446 5371 1578 5423 Mss.
1607 5381 1849 5422 summo

241 5460 553 5501 consensu
584 5449 647 5499 ut
673 5444 731 5497 in
763 5447 947 5498 textu.

317 5521 432 5586 (9t)
475 5522 871 5588 Συγχωροῡσιν.
917 5512 1172 5574 Quidam
1220 5511 1578 5567 recentiores
1609 5508 1848 5565 codices

244 5593 722 5662 συγχωρῂσονσιν.
1177 5657 1187 5662 _
1233 5655 1241 5662 .
1355 5657 1364 5662 _
1532 5651 1590 5662 ω
1651 5653 1662 5662 .
1704 5650 1849 5662 an”

318 5650 450 5731 (é'2)'
471 5657 675 5730 Ὀμως.
713 5659 797 5714 lta
825 5670 1039 5714 omnes
1059 5655 1245 5711 nostri
1276 5657 1501 5711 veteres
1532 5651 1685 5708 libri.
1704 5650 1855 5707 Editi

2433 4187 2732 4244 Dorotheo
2760 4187 3133 4257 presbytero.

2028 4294 2238 4351 Statim
2266 4294 2650 4350 occasionem
2675 4297 2910 4364 nactus,
2941 4292 3152 4364 scripsi
3173 4293 3304 4348 viro
3323 4292 3385 4348 in
3404 4292 3616 4364 primis

1955 4383 2320 4440 admirando
2385 4383 2591 4440 comiti
2645 4381 2940 4453 Terentio,
2998 4382 3202 4437 minus
3261 4387 3611 4453 suspectum

1953 4490 2087 4529 esse
2117 4473 2467 4528 existimans
2496 4487 2604 4544 per
2633 4471 2873 4541 ignotos
2905 4470 2985 4526 ad
3016 4486 3155 4526 eum
3185 4468 3261 4525 de
3285 4470 3612 4542 propositis

1950 4562 2134 4618 rebus
2167 4561 2444 4631 scribere,
2479 4559 2777 4631 simulque
2807 4559 2890 4615 rei
2920 4574 3153 4614 moram
3182 4559 3380 4615 afferri
3401 4559 3609 4616 noleas

1952 4667 1990 4707 a
2019 4652 2374 4708 charissimo
2396 4650 2574 4706 fratre
2595 4649 3186 4706 Acacio.Numerario
3208 4647 3386 4706 ofﬁcii
3402 4649 3608 4722 praesi-

1950 4740 2042 4796 dis
2057 4739 2197 4796 dedi
2213 4739 2389 4811 igitur
2401 4739 2720 4812 epistolam
2738 4754 2916 4794 cursu
2926 4737 3172 4810 publico
3183 4737 3606 4810 proﬁciscenti:

1949 4830 2044 4885 cui
2075 4829 2253 4886 etiam
2284 4829 2540 4901 praecepi
2570 4834 2636 4884 ut
2661 4827 2832 4884 vobis
2861 4827 3028 4899 prius
3057 4827 3282 4884 litteras
3322 4828 3604 4885 ostende-

1950 5008 2100 5080 ὁμου.
2133 5005 2316 5062 Paulo
2337 5010 2474 5078 post
2498 5005 2683 5062 iidem
2709 5005 2849 5062 editi
2876 5005 2935 5057 ἂν
2964 5010 3152 5078 μένειν.
3186 5008 3408 5063 Omnes
3437 5021 3592 5062 mss.

1953 5078 2018 5135 ut
2047 5078 2106 5133 in
2140 5081 2338 5133 textu:

2027 5151 2139 5220 (93)
2181 5147 3022 5223 Σεαυτόν-απρόληπτον.-ΡΙΠΓΘΒ
3065 5165 3210 5223 mss.
3256 5149 3412 5223 αυτόν
3443 5146 3602 5219 ἀπρό-

1954 5220 2166 5278 ληπτον.
2216 5220 2308 5276 Sic
2337 5219 2576 5276 exhibet
2617 5221 2776 5276 hunc
2805 5220 3006 5276 locum
3035 5221 3227 5276 codex
3253 5221 3604 5275 Claromon-

1957 5297 2164 5346 tanus:
2197 5297 2411 5343 σεαυτὸν
2436 5291 2933 5366 ἀπροσωπόληπτον,
2981 5294 3062 5344 ῖνα
3110 5295 3310 5363 ἔχωμεν
3361 5308 3444 5341 σοι
3482 5308 3606 5360 γνη-

1959 5369 2081 5424 σίως
2120 5365 2187 5424 ὡς
2216 5366 2311 5433 υἱῷ
2345 5363 2786 5418 ἐπαναπαύεσθαι.

2032 5433 2424 5512 ῘῨᾼΠξιεᾌΟΟΙνι.
2458 5437 2690 5512 Scripta
2720 5450 2881 5491 anno
2911 5438 3034 5489 375.
3349 5501 3360 5512 .

2031 5508 2141 5576 (94)
2185 5503 2395 5558 Ἕὸωκα
2424 5503 2531 5560 οὖν.
2566 5503 2933 5562 Postremam
2986 5519 3194 5576 vocem
3231 5503 3365 5576 erui
3392 5517 3467 5558 ex
3509 5517 3608 5559 co-

1960 5572 2090 5633 dice
2122 5572 2412 5633 Medicaeo.
2447 5581 2617 5634 Deest
2645 5578 2773 5635 haec
2818 5575 3069 5647 epistola
3102 5575 3165 5629 in
3195 5572 3505 5632 Harlteano
3553 5579 3612 5632 et

1960 5647 2236 5705 pluribus
2261 5648 2414 5705 aliis.

1958 5664 2236 5722 pluribus
2261 5664 2414 5705 ams.
