4054 6228
503 286 617 349 τοι

1877 285 1932 340 S.
1976 279 2223 338 BASILII
2261 278 2494 337 MAGNI.

3712 292 3801 346 792

504 414 613 475 ret.
633 412 746 468 lter
767 410 966 465 autem
989 411 1241 466 Romam
1263 409 1465 466 nescio
1491 409 1804 483 quomodo
1823 422 2005 464 nemo
2025 422 2165 479 pruo

2293 408 2371 475 ι’ίῳ
2404 401 2585 478 δρόμῳ
2617 404 2873 474 ὁδεύοντι,
2976 407 3061 456 καὶ
3105 403 3417 476 ἐνετειλάμην
3466 412 3662 479 πρώτοις
3700 412 3797 483 ὑμῖν

508 500 726 557 dentiae
752 504 866 554 tuae
895 498 1261 554 nuntiaverit
1289 499 1487 556 hieme
1521 498 1770 557 omnino
1801 496 2016 554 conﬁci
2042 510 2165 551 non

506 603 729 664 posse;
762 603 903 643 cum
924 588 1233 658 intcrjecta
1267 604 1304 645 a
1334 587 1845 660 Constantinopoli
1868 602 2057 659 usque
2087 584 2166 641 ad

506 680 661 738 ﬁnes
694 682 936 733 nostros
965 678 1129 747 regio
1169 678 1444 734 hostibus
1491 678 1708 735 referta
1756 680 1849 733 sit.
1903 674 2077 743 Quod
2118 675 2167 730 si

509 766 804 825 utendum
831 771 921 823 est
952 766 1124 833 mari,
1148 768 1257 824 erit
1287 770 1557 839 tempus;
1580 767 1766 826 modo
1786 782 1911 822 non
1934 768 2170 822 recuset

506 856 958 927 navigationem
989 860 1045 911 et
1068 856 1143 911 de
1169 856 1470 927 ejusmodi
1489 857 1669 913 rebus
1692 857 2055 928 legationem
2085 869 2172 909 re-

507 945 935 1017 ligiosissimus
957 945 1279 1018 episcopus
1297 946 1477 1003 frater
1498 946 1837 1017 Gregorius.
1867 949 1987 1017 Ego
2010 944 2172 1001 enim

508 1050 622 1093 nec
636 1035 904 1107 quicum
926 1034 1058 1107 ipso
1088 1034 1550 1107 proﬁciscantur
1569 1035 1764 1106 video,
1782 1035 2052 1107 etipsum
2073 1049 2174 1090 ne-

510 1126 814 1198 gotiorum
840 1124 1380 1182 ecclesiasticorum
1406 1141 1657 1198 prorsus
1680 1126 2056 1198 inexpertum
2078 1138 2174 1180 co-

510 1229 783 1285 gnosco;
818 1228 888 1269 ac
917 1213 1075 1269 illius
1113 1214 1359 1280 quidem
1392 1230 1787 1285 congressum
1814 1213 2078 1284 benigno
2104 1227 2174 1269 ac

514 1303 645 1359 miti
686 1301 810 1359 viro
856 1302 1264 1359 venerabilem
1296 1306 1354 1359 et
1398 1304 1459 1359 in
1491 1303 1751 1375 plurimo
1781 1303 1973 1375 pretio
2014 1301 2173 1369 fore;

513 1392 621 1448 sed
641 1408 781 1448 cum
814 1390 970 1448 elato
1000 1395 1059 1446 et
1099 1391 1342 1447 sublimi
1369 1396 1426 1448 et
1454 1392 1630 1448 altius
1666 1392 1917 1455 sedenti,
1951 1392 2177 1464 quique

513 1484 833 1553 propterea
858 1480 1171 1536 veritatem
1191 1481 1363 1537 humi
1392 1482 1789 1554 praedicantes
1819 1481 2027 1537 audire
2054 1496 2176 1536 non

514 1569 719 1643 possit,
755 1568 906 1641 quid
930 1568 1113 1625 rebus
1144 1570 1576 1627 communibus
1604 1570 1798 1644 prosit
1822 1569 1928 1625 viri
1962 1570 2176 1639 hujus-

2272 494 2553 567 ἐμφανίσαι
2602 500 2661 547 τὸ
2707 499 2950 570 γράμμα.
3001 499 3105 552 Τὴν
3157 490 3216 546 δὲ
3259 494 3337 547 ἐπὶ
3374 493 3558 567 Ῥώμην
3591 495 3698 551 ὁδόν
3730 501 3803 553 οὐκ

2274 581 2397 637 οἶδα
2426 586 2564 646 ὅπως
2591 582 2767 647 οὐδεὶς
2796 584 3067 656 ἀνήγγειλε
3087 592 3148 655 τῇ
3192 588 3386 636 συνέσει
3414 587 3560 657 ὑμῶν,
3591 590 3662 639 ότι
3682 588 3723 640 ἐκ
3747 610 3803 662 τῳ

2274 684 2497 747 χειμῶνι
2542 674 2803 735 παντελῶς
2860 674 2999 726 ἐστιν
3048 675 3261 745 ἄπορος,
3299 682 3398 742 ,τῆς
3442 676 3619 747 μεταξὺ
3658 684 3808 753 χώρας

2276 762 2377 816 ἀπὸ
2424 762 3005 824 Κωνσταντινουπόλεως
3062 767 3227 836 μέχρι
3276 770 3372 814 τῶν
3414 764 3523 815 καθ’
3563 766 3681 837 ἡμᾶς
3706 768 3810 840 ὅρων

2276 852 2529 925 πολεμίων
2559 852 2981 927 πεπληρωμένης.
3031 852 3092 905 Εἰ
3141 848 3200 903 δὲ
3231 847 3265 903 δ
3270 859 3312 903 εἰ
3342 851 3565 924 θαλάσση
3603 859 3815 928 χρήσασ-

2280 944 2387 1009 θαι,
2447 946 2597 995 ἕσται
2645 948 2847 1016 καιρός⁸
2894 947 3046 1014 μόνον
3115 941 3201 993 ἐὰν
3256 937 3595 1003 καταδέξηται
3636 948 3817 996 καὶτὸν

2278 1031 2458 1103 πλοῦν,
2490 1037 2581 1085 καὶ
2603 1036 2697 1090 τὴν
2717 1034 2844 1106 ὑπὲρ
2871 1039 2971 1084 τῶν
2992 1033 3239 1083 τοιούτων
3260 1032 3567 1104 πραγμάτων
3586 1031 3820 1105 πρεσϐεία)

2279 1122 2305 1174 ό
2338 1121 2727 1194 θεοφιλέστατος
2767 1121 3047 1183 ἐπίσκοπος
3084 1124 3371 1195 Γρηγόριος
3399 1119 3424 1171 ὁ
3450 1116 3677 1192 ἀδελφός.
3718 1121 3823 1193 Ἐγώ

2278 1215 2369 1284 μεν
2394 1214 2495 1286 γὰρ
2545 1216 2661 1265 οὔτε
2704 1215 2826 1274 τοὺς
2874 1214 3361 1283 συναπερχομένους
3419 1209 3553 1281 αὐτῷ
3605 1212 3715 1286 όρῶ,
3755 1217 3826 1264 καὶ

2281 1302 2437 1353 αὐτόν
2466 1306 2709 1372 γινώσκω
2754 1300 3014 1363 παντελῶς
3054 1300 3264 1372 ἄπειρον
3314 1300 3434 1351 ὄντα
3460 1307 3555 1351 τῶν
3600 1303 3722 1351 κατά
3756 1303 3830 1355 τὰς

2282 1390 2591 1451 Ἐκκλησίας
2621 1389 2757 1461 (95)’
2809 1395 2900 1443 καὶ
2944 1389 3225 1461 εὐγνώμονι
3276 1390 3367 1460 μεν
3424 1384 3571 1461 ἀνδρὶ
3598 1384 3831 1461 αἰδέσιμον

2282 1479 2444 1531 αὑτοῦ
2480 1484 2570 1531 καὶ
2610 1478 2800 1531 πολλοῦ
2842 1477 2990 1541 ἀξίαν
3021 1482 3114 1536 τὴν
3142 1481 3453 1549 συντυχίαν,
3492 1475 3663 1547 ὑψηλῷ
3691 1474 3742 1529 δι
3765 1484 3835 1530 καὶ

2282 1574 2541 1641 μετεώρῳ,
2575 1570 2680 1620 οῖνω
2726 1587 2822 1620 που
2866 1570 3159 1640 καθημένῳ,
3208 1571 3299 1619 καὶ
3345 1563 3437 1618 διὰ
3485 1573 3629 1619 τοῦτο
3668 1566 3837 1618 ἀκούειν

513 1658 684 1717 modi
711 1674 1095 1729 congressus,
1131 1660 1303 1731 cujus
1328 1676 1529 1718 mores
1550 1660 1628 1718 ab
1665 1659 1937 1717 illiberali
1970 1658 2176 1716 adula-

2293 1665 2384 1710 τῶν
2409 1660 2650 1730 χαμόθεη
2672 1657 2812 1727 αὐτῷ
2842 1662 2934 1715 τὴν
2960 1657 3205 1715 ἀληθειαν
3236 1657 3589 1730 φθεγγομένων
3620 1659 3684 1728 μὴ
3714 1652 3841 1708 δυνα-

516 1750 676 1808 tione
702 1748 928 1806 alieni?

2287 1753 2441 1821 μένῳ,
2474 1754 2525 1801 τί
2565 1749 2625 1801 ἀν
2656 1753 2856 1821 γένοιτο
2896 1749 3065 1820 ὄφελος
3095 1755 3205 1809 τοῖς
3248 1754 3440 1809 κοινοῖς
3477 1748 3615 1821 παρὰ
3652 1754 3734 1809 τῆς
3769 1752 3842 1799 τοῦ

516 1839 754 1892 τοιούτου
784 1834 973 1911 ἀνδρὸς
999 1837 1226 1911 ὁμιλίας,
1261 1838 1311 1900 ὃς
1344 1838 1608 1913 ἀλλότριον
1634 1841 1747 1912 ἔχει
1782 1841 2002 1901 θωπείας
2036 1837 2363 1912 ἀνελευθέρου
2393 1840 2448 1890 τό
2482 1834 2604 1899 ἦθος
2632 1856 2645 1906 ;

1043 1982 1365 2038 EPISTOLA
1413 1981 1655 2038 CCXVI'.

2828 1984 3108 2033 ΕΗΙΣΤΟΛ
3118 1984 3158 2031 ΙΙ
3221 1977 3368 2042 Εῐξ.

518 2131 756 2190 Narrat
785 2132 1051 2189 Basilius
1073 2135 1596 2204 peregrinationes
1622 2148 1659 2190 α
1682 2148 1742 2190 se
1760 2138 2084 2203 susceptas,
2107 2146 2280 2203 seque
2307 2131 2389 2204 ad
2418 2131 2753 2204 Terentium
2784 2132 2985 2187 statim
3013 2136 3150 2200 post
3179 2129 3450 2204 reditum
3470 2128 3770 2204 scripsisse,
3796 2130 3850 2204 ut

557 2219 761 2261 eorum
786 2204 1039 2275 fraudes
1069 2199 1357 2276 edoceret,
1381 2208 1487 2278 qui
1512 2205 1673 2263 hunc
1703 2199 1974 2263 comiter):
1999 2220 2037 2261 a
2057 2199 2297 2262 Meletio
2318 2203 2765 2269 abstrahere,et
2787 2204 2850 2258 in
2875 2199 3081 2274 partes
3111 2217 3249 2259 suas
3271 2202 3531 2259 allicere
3561 2199 3822 2258 volebant.

871 2355 1132 2426 Meletio,
1163 2357 1499 2415 Antiochia
1533 2357 1829 2428 episcopo.

600 2493 793 2550 Multae
820 2509 934 2551 nos
959 2498 1017 2552 et
1047 2494 1178 2551 aliae
1217 2495 1731 2568 peregrinationes
1764 2511 1801 2553 a
1824 2493 2019 2568 patria
2048 2510 2185 2551 avo-

530 2588 764 2642 carunt.
791 2586 939 2641 Nam
961 2588 1018 2641 et
1040 2584 1103 2641 in
1132 2584 1414 2641 Pisidiam
1442 2601 1633 2659 usque
1652 2586 2023 2653 venimus,ut
2044 2599 2185 2639 cum

530 2673 806 2745 ejusdem
830 2673 1091 2744 regionis
1133 2673 1434 2747 episcopis
1471 2691 1605 2747 qum
1648 2674 1827 2748 324
1866 2674 1946 2729 ad
1978 2674 2186 2730 fratres

531 2762 774 2819 Isauriae
805 2766 1098 2836 spectant,
1126 2778 1652 2835 componeremus.
1687 2768 1879 2836 Atque
1906 2764 2045 2820 inde
2075 2779 2187 2820 nos

532 2852 595 2909 in
621 2854 873 2908 Pontum
900 2852 1130 2923 excepit
1160 2853 1582 2926 peregrinatio,
1618 2870 1756 2909 cum
1804 2853 2189 2910 Dazimonem

533 2941 677 2998 satis
709 2940 1118 3014 perturhasset
1160 2941 1521 3009 Eustathius,
1572 2942 1913 3015 multosque
1946 2942 2063 2998 illic
2088 2942 2191 2997 ad-

532 3030 824 3100 duxisset,
874 3035 939 3091 ut
981 3045 1042 3086 se
1087 3029 1165 3087 ab
1198 3031 1459 3088 Ecclesia
1506 3035 1713 3088 nostra
1743 3032 2187 3089 abscinderent.

538 3120 653 3178 Sed
683 3125 740 3177 et
763 3135 955 3192 usque
980 3119 1057 3176 ad
1090 3120 1242 3176 Petri
1269 3121 1389 3176 mei
1408 3120 1605 3177 fratris
1632 3122 1793 3177 mdes
1824 3138 1921 3177 me
1943 3121 2187 3177 contuli:

534 3226 673 3283 quin
702 3225 839 3265 cum
872 3212 1255 3266 Neoczesarea
1287 3225 1410 3266 non
1440 3210 1621 3281 longe
1642 3211 1881 3281 distent,
1916 3210 2190 3283 plurimas

536 3297 1008 3371 perturbationis
1054 3300 1642 3355 Neoceesariensibus
1686 3316 1936 3356 causam
1980 3298 2191 3356 attule-

538 3391 699 3453 runt,
748 3387 898 3442 mihi
946 3402 1091 3445 vero
1135 3388 1406 3460 plurimae
1444 3389 1817 3446 contumeliis
1876 3389 2193 3446 materiam

536 3475 872 3549 prebuere.
906 3475 971 3531 Hi
1000 3477 1158 3531 enim
1182 3476 1482 3547 fugerunt,
1506 3479 1746 3535 nemine
1772 3484 2188 3552 persequente:

538 3579 655 3621 nos
682 3568 884 3621 autem
914 3564 1275 3623 videbamur
1299 3568 1619 3639 cupiditate
1648 3569 1901 3626 laudum
1938 3569 2016 3625 ab
2044 3570 2191 3642 ipsis

539 3654 1107 3727 consequendarum
1152 3656 1332 3712 etiam
1377 3657 1641 3715 invocati
1693 3674 1805 3715 nos
1849 3658 2190 3715 obtrudere.

540 3743 871 3817 Postquam
913 3750 1114 3801 autem
1143 3745 1490 3813 redivimus,
1522 3763 1592 3803 ex
1632 3748 1927 3805 imbribus
1958 3764 2028 3804 ac
2067 3764 2196 3804 mo-

540 3833 725 3890 lestiis
755 3833 1016 3906 plurima
1063 3834 1406 3892 inﬁrmitate
1435 3836 1701 3899 collecta,
1753 3839 1951 3894 statim
1976 3853 2086 3894 nos
2118 3837 2195 3893 ab

543 3923 772 3981 Oriente
813 3922 1019 3979 litterae
1059 3930 1425 3997 exceperunt
1460 3926 1683 3997 quibus
1722 3926 2195 3997 signiﬁcabatur,

542 4009 790 4065 Paulino
816 4012 893 4065 ab
921 4012 1235 4068 Occidente
1272 4012 1498 4069 litteras
1526 4016 1850 4086 quasdam,
1876 4016 2060 4072 veluti
2101 4032 2199 4071 θυ-

539 4096 785 4169 jusdam
812 4100 1183 4171 principatus
1214 4105 1522 4171 tesseram,
1573 4104 1784 4159 allatas
1828 4104 2033 4174 fuisse,
2076 4104 2199 4160 val-

544 4184 744 4257 deque
774 4184 968 4241 eflerri
998 4186 1180 4258 hujus
1208 4189 1393 4259 partis
1423 4191 1607 4246 duces
1638 4195 1695 4247 et
1726 4191 1965 4261 gloriari
1999 4193 2073 4248 de
2102 4193 2197 4249 lit-

544 4273 724 4341 teris;
776 4273 993 4331 deinde
1033 4275 1214 4332 etiam
1244 4276 1428 4333 ﬁdem
1461 4292 1819 4351 proponere,
1853 4297 1924 4336 ac
1963 4297 2034 4337 ea
2064 4298 2201 4338 con-

546 4362 768 4422 ditione
794 4368 1037 4438 paratos
1061 4381 1191 4423 esse
1212 4382 1351 4423 cum
1381 4372 1586 4425 nostra
1610 4370 1872 4427 Ecclesia
1892 4370 2198 4442 conjungi.

617 4600 637 4671 έ
672 4597 834 4654 Alias
859 4599 1144 4655 CCLXXII.
1178 4597 1407 4671 Scripta
1437 4614 1598 4656 anno
1622 4603 1744 4658 375.

618 4670 733 4740 (95)
771 4677 882 4744 τῶν
920 4673 1056 4744 κατὰ
1093 4673 1182 4744 τὰς
1212 4670 1546 4744 Ἐκκλησίας.
1607 4674 1687 4727 Ex
1736 4675 1996 4744 quatuor
2044 4672 2203 4744 codi-

546 4741 738 4816 cibus,
770 4740 1083 4816 inquibus
1110 4741 1240 4796 haec
1271 4742 1527 4816 epistola
1548 4740 1772 4816 exstat;
1791 4759 2008 4816 nempe
2026 4743 2194 4814 Med,

547 4811 734 4868 Coisl.
768 4813 988 4883 primo,
1010 4815 1157 4883 lteg.
1196 4811 1462 4869 secundo
1493 4820 1550 4868 et
1579 4814 1869 4877 Clarom.,
1904 4811 2065 4871 solus
2088 4811 2199 4870 Re;

547 4884 680 4955 gius
704 4882 928 4955 profuit
950 4882 1029 4937 ad
1068 4884 1513 4956 emendandam
1544 4884 1862 4942 lectionem
1892 4886 2200 4956 vulgatam

547 4954 646 5007 τῶν
676 4954 810 5006 κατὰ
832 4963 926 5015 τῆς
952 4954 1280 5015 Ἐκκλησίας.

618 5027 731 5095 (96)
777 5030 876 5078 Καὶ
919 5026 1088 5080 ἄλλαι.
1124 5027 1296 5092 Quod
1326 5027 1409 5082 ait
1456 5027 1702 5084 Basilius
1761 5044 1823 5084 se
1873 5029 2093 5084 multas
2146 5033 2199 5083 et

546 5099 703 5155 alias
727 5098 1237 5169 peregrinationes
1266 5100 1621 5170 suscepisse,
1652 5099 1712 5155 id
1733 5105 2089 5168 argumento
2114 5102 2203 5153 est

545 5168 815 5243 aliquam
846 5169 904 5243 ei
922 5174 1137 5243 praeter
1165 5185 1292 5236 eas,
1312 5168 1476 5243 quas
1496 5168 1624 5243 jam
1650 5177 1954 5243 exegerat,
1978 5185 2200 5243 propo-

546 5240 723 5314 sitam
749 5257 785 5297 a
805 5240 1028 5314 Meletio
1055 5240 1255 5314 fuisse.
1282 5240 1444 5296 Unde
1466 5240 1801 5314 colligimus
1821 5240 2199 5314 episcopum,

546 5312 672 5383 qui,
706 5316 769 5367 ut
817 5316 905 5367 est
933 5312 993 5366 in
1032 5311 1206 5382 epist.
1244 5314 1366 5380 213,
1415 5312 1626 5367 Basilio
1657 5311 1875 5369 auctor
1895 5311 2103 5377 fuerat,
2137 5318 2201 5368 ut

546 5383 813 5455 celeriter
824 5383 1314 5455 Mesopotamiam
1333 5387 1574 5455 peteret,
1591 5383 1794 5455 ibique
1808 5384 2199 5439 coactisidem

547 5454 940 5525 sentientibus
993 5453 1293 5525 episcopis
1349 5453 1772 5525 imperatorem
1823 5456 2029 5521 adiret,
2076 5472 2198 5511 non

549 5524 734 5578 alium
760 5524 984 5581 Meletio
1015 5524 1219 5579 fuisse.
1249 5524 1533 5589 Quamvis
1565 5529 1766 5581 autem
1799 5527 2050 5582 Basilius
2075 5542 2199 5582 non

547 5592 808 5651 declaret
844 5595 905 5653 in
948 5596 1063 5653 hac
1109 5596 1347 5668 epitola,
1386 5595 1539 5669 quid
1582 5596 1657 5654 de
1699 5596 1904 5655 Meletii
1946 5599 2197 5656 consilio

2613 2352 2863 2423 Μελετίῳ,
2910 2371 3177 2425 επισκοπῳ
3225 2355 3578 2426 Ἀντιοχείας.

2368 2495 2558 2549 Πολλαὶ
2601 2498 2690 2569 μεν
2742 2496 2879 2569 ἡμᾶς
2936 2500 3025 2549 καὶ
3076 2496 3230 2549 ἄλλαι
3277 2497 3406 2565 (96)
3460 2491 3737 2567 ἀποδημίαι
3780 2500 3855 2550 τῆς

2295 2582 2551 2660 πατρίδος
2619 2583 2912 2657 ἀπήγαγον.
2977 2589 3077 2639 Καὶ
3123 2588 3225 2660 γὰρ
3284 2590 3462 2661 μέχρι
3518 2592 3608 2647 τῆς
3648 2576 3857 2639 media;

2298 2671 2561 2748 διέϐημεν,
2608 2677 2742 2727 ὥστε
2792 2677 2919 2747 μετὰ
2982 2673 3082 2728 τῶν
3136 2675 3242 2728 ἐκεῖ
3302 2676 3598 2729 ἐπισκόπων
3650 2675 3709 2725 τὰ
3751 2670 3861 2723 κατὰ

2296 2767 2417 2826 τοὺς
2456 2763 2503 2816 ἐν
2552 2771 2614 2835 τῇ
2677 2764 2919 2838 Ἰσαυρίᾳ
2953 2760 3209 2836 ἀδελφούς
3254 2773 3530 2818 τυπῶσαι.
3579 2760 3796 2816 Κάκεῖθεν
3834 2757 3858 2813 ἦ

2227 2878 2268 2931 C
2299 2852 2381 2906 ἐπὶ
2438 2854 2524 2904 τόν
2574 2855 2761 2905 Πόντον
2819 2854 2955 2925 ἡμᾶς
3022 2848 3305 2915 διεδέξατο
3365 2850 3655 2925 ἀποδημία,
3712 2848 3865 2907 ἱκανῶς

2296 2946 2382 2996 τόν
2430 2943 2709 3015 Δαζιμῶνα
2744 2942 3061 3015 ταράξαντος
3106 2950 3199 2995 τοῦ
3259 2942 3587 3013 Εὐσταθίον,
3639 2943 3722 2992 καὶ
3767 2936 3866 2989 πολ·

2297 3032 2411 3093 λοὺς
2462 3028 2832 3093 ἀναπείσαντος
2886 3040 2986 3084 τῶν
3026 3031 3131 3085 ἐκεῖ
3182 3030 3599 3106 ἀποσχισθῆναι
3656 3037 3738 3089 τῆς
3778 3026 3867 3078 Ἐκ·

2300 3121 2525 3182 κλησίας
2563 3122 2728 3192 ἡμῶν.
2766 3120 3073 3194 Ἐγενόμεθα
3102 3117 3162 3174 δὲ
3199 3124 3297 3173 καὶ
3348 3126 3514 3196 μέχρι
3554 3126 3641 3172 τοῦ
3678 3111 3869 3170 οἰκιδίον

2302 3214 2499 3283 Πέτρου
2529 3217 2621 3262 τοῦ
2648 3205 2872 3282 ἀδελφοῦ
2903 3212 3069 3283 ἡμῶν,
3102 3211 3149 3280 ὃ,
3184 3207 3279 3264 διά
3319 3214 3379 3265 τὸ
3410 3214 3524 3283 (97)
3549 3204 3873 3284 προσεγγίζειν

2300 3307 2408 3360 τοῖς
2466 3301 2602 3351 κατά
2654 3301 3067 3374 Νεοκαισάρειαν
3134 3308 3347 3365 τόποις,
3410 3300 3602 3360 πολλῆς
3658 3300 3739 3370 μεν
3787 3299 3872 3352 τοῖς

2302 3388 2405 3441 ἐκεῖ
2460 3397 2703 3461 ταραχῆς
2755 3393 3020 3461 παρέσχεν
3084 3389 3274 3460 αἰτίαν,
3358 3390 3553 3452 πολλῆς
3605 3384 3661 3442 δὲ
3720 3384 3877 3458 ὑϐρεως

2303 3482 2427 3551 ἡμῖν
2493 3480 2741 3530 ὑπόθεσιν
2812 3478 3166 3553 προεξένησεν.
3228 3480 3303 3531 Οἱ
3373 3482 3465 3552 μὶν
3520 3481 3620 3551 γὰρ
3684 3479 3875 3547 ἔφευγον,

2303 3564 2510 3628 οὐδενὸς
2579 3564 2874 3628 διώκοντος·
2939 3569 3085 3640 ἡμεῖς
3148 3564 3206 3620 δὲ
3255 3567 3615 3642 ένομιζόμεθα
3668 3565 3880 3634 ἐπιθυμίᾳ

2302 3665 2403 3709 τῶν
2442 3657 2565 3731 παρ’
2627 3656 2799 3717 αὐτοῖς
2853 3656 3071 3709 ἐπαίνων
3125 3662 3216 3709 καὶ
3256 3658 3489 3717 οἶκλητοι
3529 3655 3878 3719 εἰσωθίζεσθαι.

2306 3746 2446 3800 Ἐπεὶ
2487 3742 2546 3798 δὲ
2590 3746 2960 3818 ἐπανήλθομεν,
3007 3746 3061 3798 ἐκ
3110 3754 3207 3798 τῶν
3247 3747 3466 3821 ὄμϐρων
3509 3751 3600 3800 καὶ
3643 3753 3735 3798 τῶν
3774 3740 3882 3793 ἀθυ-

2306 3844 2435 3897 μιῶν
2492 3833 2676 3893 πολλὴν
2736 3833 3029 3908 ἀρρωστίαν
3086 3841 3498 3908 συναγαγόντες,
3566 3837 3712 3894 εὐθὺς
3770 3832 3884 3901 ἡμᾶς

2308 3924 2361 3977 ἐκ
2420 3933 2515 3985 τῆς
2574 3923 2850 3985 Ἀνατολῆς
2914 3923 3159 3977 κατέλαϐε
3214 3929 3533 3999 γράμματα,
3602 3926 3886 3996 σημαίνοντα

2307 4022 2417 4076 τοῖς
2436 4018 2553 4088 περὶ
2595 4013 2844 4065 Παυλῖνον
2877 4011 2976 4065 ἀπὸ
3025 4021 3118 4075 τῆς
3175 4016 3381 4076 Δύσεως
3432 4014 3707 4073 ἐπιστολάς
3750 4026 3884 4066 τινας,

2309 4105 2481 4174 ὥσπερ
2522 4105 2661 4161 τινός
2708 4099 2885 4175 ἀρχῆς
2925 4102 3249 4173 συνθήματα,
3284 4104 3627 4176 κεκομίσθαι,
3660 4104 3749 4175 μαὶ
3776 4100 3887 4170 μέγα

2233 4234 2277 4288 D
2310 4198 2506 4265 φρονεῖν
2566 4193 2687 4250 τούς
2754 4192 3077 4250 στασιαστὰς
3133 4198 3226 4243 τοῦ
3287 4197 3487 4265 μέρους
3551 4192 3758 4252 ἐκείνου,
3816 4188 3889 4237 καὶ

2311 4279 2691 4352 ἐπαγαλλεσθαι
2734 4288 2838 4340 τοῖς
2886 4280 3213 4353 γράμμασιν,
3271 4277 3384 4333 εἶτα
3433 4286 3526 4333 καὶ
3573 4284 3747 4333 πίστιν
3781 4291 3889 4349 προ·

2310 4373 2588 4439 τείνεσθαι,
2638 4376 2727 4423 καὶ
2794 4370 2876 4423 ἐπὶ
2936 4372 3100 4428 ταύτῃ
3134 4370 3249 4441 (98)
3308 4370 3533 4444 ἑτοίμως
3599 4373 3736 4443 ἔχειν
3796 4385 3893 4419 σνν-

2310 4601 2544 4670 sentiat;
2568 4616 2688 4658 non
2711 4600 2934 4658 idcirco
2954 4600 3163 4657 mutila
3180 4600 3376 4657 videri
3399 4602 3605 4659 debet.
3626 4604 3735 4658 Hes
3759 4597 3896 4655 enim

2310 4674 2559 4728 maximi
2580 4673 2864 4728 momenti
2891 4677 3036 4733 erat,
3058 4671 3350 4728 aclitteris
3373 4690 3502 4729 non
3526 4680 3747 4730 temere
3763 4684 3897 4726 com-

2310 4743 2619 4815 mittenda.
2638 4744 2781 4799 Hinc
2800 4744 3044 4799 Basilius
3061 4743 3119 4799 in
3142 4744 3441 4815 epist.213
3466 4751 3769 4801 auctorem
3782 4755 3901 4797 con-

2310 4814 2422 4891 silli
2452 4816 2889 4891 nou_nom_inat.
2913 4814 3321 4891 Quamobrem
3346 4817 3679 4891 verisimile
3700 4819 3786 4871 est

2310 4886 2506 4941 silium
2537 4886 2696 4958 idem
2732 4886 2791 4958 in
2821 4886 2937 4958 hac
2966 4885 3344 4958 epistola,_ac
3385 4887 3450 4943 in
3482 4886 3759 4958 pluribus
3787 4882 3901 4958 aliis

2309 4963 2366 5029 et
2387 4957 2715 5027 praesertim
2746 4956 2807 5011 in
2836 4956 3173 5029 epistolam
3195 4956 3273 5012 ad
3304 4956 3603 5014 eumdem
3632 4956 3899 5013 Meletiuin

2309 5027 2543 5093 fecisse,
2569 5033 2632 5082 ut
2661 5044 2793 5100 quae
2816 5027 2944 5100 tuto
2973 5028 3300 5100 scribiqnun
3325 5036 3635 5100 poterant,
3660 5044 3730 5084 ea
3749 5029 3806 5082 in
3825 5039 3901 5080 ar-

2310 5044 2543 5093 Iecisse,
2569 5044 2632 5082 ut
2661 5044 2793 5152 quae
2816 5044 2944 5084 tuto
2973 5044 3151 5083 scribi
3179 5044 3300 5083 non
3325 5044 3428 5100 po:

2310 5100 2490 5181 cauis
2509 5115 2688 5181 mam“
2702 5098 3008 5181 atis‘daret
3036 5098 3428 5181 perferenda,

2383 5173 2496 5241 (97)
2532 5171 2618 5241 ⁸0,
2655 5167 2749 5223 διὰ
2778 5174 2860 5225 τό.
2916 5166 3076 5239 Legit
3105 5170 3511 5227 Combeﬁsius
3554 5172 3606 5231 ὃς
3639 5167 3731 5222 διὰ
3758 5172 3829 5241 τό,
3860 5166 3901 5241 is

2308 5235 2469 5313 quod
2498 5235 2629 5298 loca
2660 5235 3056 5298 Neoca’sarei'e
3091 5243 3299 5313 vicina,
3336 5258 3537 5311 prope
3586 5241 3758 5299 adiit.
3799 5235 3899 5295 Sed

2306 5312 2648 5385 repugnant
2676 5329 2820 5368 mss.
2846 5328 2931 5385 ac,
2948 5314 3079 5383 ipsa
3098 5312 3368 5368 historia.

2534 5386 2648 5465 Ἐπί
2686 5386 2888 5465 ταύτῃ..
2912 5378 3005 5465 Ea
3038 5385 3400 5465 couditione,
3458 5383 3520 5439 id
3566 5388 3657 5465 est
3694 5381 3741 5436 si
3770 5378 3900 5465 nihil

2308 5454 2671 5526 ampliusab
2694 5457 2777 5512 eis
2799 5454 3091 5523 exigatur.
3114 5459 3257 5526 Nam
3280 5454 3396 5510 etsi
3419 5470 3608 5509 unam
3632 5454 3899 5526 hyposta;

2308 5522 2426 5582 sini
2438 5526 2740 5598 dicebant,
2756 5522 2915 5582 hanc
2929 5531 3130 5582 tamen
3152 5524 3345 5598 legem
3364 5541 3494 5598 non
3518 5522 3899 5598 impon'ebant

2306 5598 2457 5657 aliis.
2477 5602 2602 5656 lmo
2618 5597 2896 5655 videntur
2914 5597 3274 5670 persuadere
3288 5595 3561 5655 voluisse
3579 5595 3765 5654 totam
3783 5606 3897 5650 rem
