4100 6214
274 297 374 354 703

1208 298 1692 355 EPISTOLARUM
1733 295 2017 354 CLASSIS
2059 299 2127 357 ll.
2181 298 2401 358 EPIST.
2452 300 2719 358 CCXVll‘.

3538 303 3650 361 79b

276 422 537 475 ἐπτεσθαι
580 427 642 494 τῇ
690 420 807 473 καθ’
850 421 991 494 ἡμᾶς
1035 419 1343 495 Ἐκκλησία.
1373 426 1505 498 Πρὸς
1567 420 1626 476 δὲ
1674 426 1874 484 τούτοις

2001 422 2079 479 Ad
2107 422 2237 480 hac
2266 424 2410 482 mibi
2438 430 2494 482 et
2525 423 2673 481 illud
2700 423 3043 481 nuntiatum
3067 426 3158 481 est
3178 421 3400 483 abduci
3423 424 3501 482 ab
3527 425 3641 483 illis

274 512 483 564 κάκεῖνο
537 516 659 584 ἡμῖν
712 509 1017 582 ἀπηγγέλθη
1076 513 1209 583 (99),
1243 514 1323 564 ὅτι
1376 514 1707 584 ὑπηγάγοντο
1750 516 1876 585 πρὸς

272 604 371 658 τήν
428 601 556 675 ὑπερ
613 608 780 653 αυτῶν
828 596 1069 659 σπουδὴν
1127 604 1213 653 τὸν
1245 603 1415 653 πάντα
1436 603 1653 674 ἄριστον
1685 599 1873 677 ἄνδρα,

273 692 562 761 Τερέντιον,
626 690 665 761 ᾧ
720 692 929 761 ταχέως
981 689 1270 758 ἐπέστειλα,
1325 692 1444 743 καθ’
1501 692 1621 745 ὅσον
1680 695 1740 765 ᾖν
1788 711 1879 764 μοι

275 774 523 843 δυνατόν,
552 776 753 849 ἐπέχων
784 778 939 830 αὐτόν
968 788 1061 843 τῆς
1105 782 1291 854 ὁρμῆς,
1332 784 1422 833 καὶ
1481 776 1756 834 διδάσκων
1784 785 1878 839 τὴν

272 868 398 918 κατ’
426 865 613 929 αὐτοὺς
644 865 870 926 ἀπάτην.

842 962 1177 1011 ΕΠΙΣΤΟΛΙΙ
1210 958 1324 1011 ΣΙΖ’

1988 511 2048 568 in
2072 515 2331 585 partium
2359 531 2603 572 suarum
2633 513 2833 571 studia
2858 515 3055 569 virum
3079 513 3260 583 longe
3279 516 3645 587 prmstantis-

1990 602 2233 669 simum,
2261 604 2621 672 Terentium,
2650 603 2745 660 cui
2776 602 3040 659 celeriter
3069 603 3302 676 scripsi,
3338 608 3638 678 quantum

1989 689 2052 746 in
2092 707 2190 747 me
2221 691 2347 759 fuit,
2376 693 2669 765 impetum
2708 691 2865 749 illius
2900 691 3259 766 reprimens,
3292 708 3362 750 ac
3393 692 3637 751 fraudes

1988 777 2228 837 illorum
2249 781 2532 839 edocens.

2495 961 2737 1017 EPISTO
2748 960 2834 1016 LA
2875 959 3142 1017 CCXVll'.

267 1052 496 1129 Redi};
524 1067 555 1109 e
582 1054 778 1110 Ponto
807 1054 1077 1129 Basilius
1127 1071 1427 1129 summum
1460 1055 1707 1112 videndi
1747 1055 2164 1129 Amphilochii
2188 1056 2547 1114 desiderium
2577 1059 2992 1129 signiﬁcat,ac
3028 1058 3101 1114 de
3122 1055 3438 1114 nonnullis
3466 1054 3642 1112 rebus

346 1124 430 1179 ad
452 1125 699 1198 Isauros
719 1125 1135 1192 spectantibus
1157 1130 1518 1185 sententiam
1544 1143 1716 1184 suam
1746 1124 1971 1197 aperit.
2018 1128 2165 1183 Tum
2215 1131 2375 1185 rem"!
2406 1130 2487 1185 ad
2529 1124 2807 1198 canones,
2841 1124 2897 1187 et
2944 1131 3009 1185 in
3040 1145 3104 1187 eo
3132 1142 3396 1186 maxime
3424 1128 3642 1186 consti-

349 1195 571 1253 tuendo
595 1197 981 1264 immoratur,
1012 1204 1154 1269 quot
1182 1201 1429 1271 quisque
1450 1214 1641 1256 annos
1671 1200 1733 1257 in
1766 1195 1949 1257 uariis
1966 1201 2384 1270 paenitentiam
2416 1200 2725 1257 ordinibus
2758 1195 3122 1259 traduceret.

692 1293 1018 1368 ’Δμγιλοχίω
1050 1300 1164 1372 περὶ
1189 1301 1435 1352 κανόνων.

351 1380 480 1435 ’Λπό
530 1378 660 1435 ὀδοῦ
715 1390 918 1459 μακρᾶς
975 1383 1259 1438 ἐπανελθὼν
1318 1385 1590 1460 (ἐγενόμην
1664 1387 1764 1461 γὰρ
1792 1388 1884 1459 μέ-

278 1491 383 1545 χρι
434 1480 528 1525 τοῦ
572 1479 769 1526 Πόντου
816 1477 893 1547 (ί)
961 1473 1411 1534 ίκκλησιαστικῶν
1480 1480 1640 1529 ἕνεκεν
1688 1485 1883 1550 χρειῶν

279 1567 373 1613 καὶ
412 1563 531 1614 κατ’
580 1562 854 1635 ἐπίσκεψιν
900 1572 998 1617 τῶν
1058 1562 1410 1637 ἐπιτηδείων),
1452 1571 1552 1619 καὶι
1616 1569 1674 1618 τὸ
1735 1567 1885 1639 σῶμά

280 1670 385 1724 μου
457 1657 890 1728 συντετριμμένον
968 1652 1326 1727 ἐπαναγαγὼν,
1394 1662 1483 1709 καὶ
1543 1660 1638 1714 τὴν
1698 1655 1885 1727 ψυχὴν

280 1747 503 1815 μετρίως
569 1745 638 1814 (2)
704 1747 1079 1817 κεκακωμένος,
1150 1742 1329 1805 ἐπειδὴ
1399 1749 1457 1799 τό
1517 1748 1739 1821 γράμμα
1795 1753 1885 1805 τῆς

281 1831 553 1895 εὐλαϐείας
620 1852 713 1885 σου
776 1832 859 1885 ἐπὶ
924 1842 1113 1909 χεῖρας
1176 1834 1376 1904 ἔλαϐον,
1416 1838 1619 1889 πάντων
1688 1833 1887 1910 ἁθρόως

280 1920 625 1994 ἐπελαθόμην,
666 1927 756 1975 καὶ
802 1931 893 1983 τῆς
942 1931 1113 1996 φωνῆς
1143 1932 1237 1986 τῆς
1284 1933 1464 1977 πασῶν
1492 1923 1605 1998 ἕμοὶ
1632 1921 1883 1992 ἡδίστης,

281 2016 375 2063 καὶ
442 2014 627 2087 χειρός
691 2019 782 2073 τῆς
848 2012 1098 2084 φιλτάτης
1163 2010 1542 2087 ὑποδεξάμενος
1628 2012 1883 2087 σύμϐολα.

277 2100 377 2163 ⁸ος
445 2098 533 2153 οὖν
596 2102 671 2171 (3)
737 2100 792 2154 ὶκ
839 2110 937 2156 τῶν
1002 2105 1326 2178 γραμμάτων
1406 2104 1565 2165 οὕτως
1643 2102 1886 2177 ἐγενόμην

279 2186 473 2260 ἡδίων,
560 2191 784 2252 εἰκάζειν
869 2191 1082 2265 όφείλείς
1160 2196 1328 2245 πόσου
1413 2191 1561 2256 ἀξίαν
1636 2200 1888 2266 ποιοῦμαι

280 2282 381 2336 τήν
467 2285 758 2351 συντυχίαν
845 2300 959 2344 σον,
1030 2280 1090 2340 ἣν
1156 2281 1538 2354 οἰκονομήσειεν
1618 2284 1643 2334 ό
1710 2280 1887 2354 ’Λγιος

279 2368 547 2440 γενέσθαι,
611 2370 739 2421 ὅπου
814 2367 1107 2442 ἀνεπαχθες
1162 2368 1216 2437 ἦ,
1248 2376 1337 2424 καὶ
1376 2370 1527 2433 αὐτὸς
1557 2372 1692 2444 ἡμᾶς
1729 2390 1890 2444 προσ-

280 2456 505 2529 καλίση.
576 2462 677 2510 Καὶ
741 2459 840 2532 γὰρ
908 2458 967 2511 οὗ
1048 2459 1277 2532 χαλεπόν
1344 2478 1457 2532 μοι,
1538 2460 1580 2512 εἰ
1663 2462 1889 2513 κοιταλοί⁴

278 2544 398 2605 Coi;
462 2549 547 2598 τὸν
614 2547 752 2599 οἶκον
832 2550 918 2600 τόν
986 2547 1069 2601 ἐπὶ
1144 2557 1238 2611 τῆς
1322 2545 1685 2622 Εὐφημιάδος,
1756 2553 1891 2621 γενέ-

282 2636 417 2688 σθαι
480 2636 629 2707 ὁμοῦ,
687 2636 754 2688 τά
820 2656 875 2689 τε
949 2633 1052 2690 ὧδε
1119 2636 1329 2713 ὀχληρὰ
1394 2635 1749 2710 διαφεύγοντι,
1802 2647 1891 2697 καὶ
1928 2662 1966 2717 C

280 2728 420 2797 πρὸς
467 2729 561 2783 τὴν
609 2724 955 2798 ἁνυπόκριτόν
1008 2746 1102 2783 σου
1162 2726 1370 2800 ἀγάπην
1424 2727 1751 2800 ἐπειγομένῳ.
1782 2730 1891 2779 Τά-

280 2833 371 2885 χα
435 2808 605 2886 δέμοι
666 2819 756 2867 καὶ
788 2814 955 2876 ἄλλως
1021 2814 1307 2888 ἀναγκαίαν
1369 2818 1512 2870 ποιεῖ
1570 2821 1663 2874 τήν
1727 2819 1891 2890 μέχρι

280 2902 590 2963 Ναζιανξοῦ
644 2900 769 2956 ὀδόν
826 2906 853 2963 ἠ
919 2904 1083 2980 ἁθρόα
1114 2914 1204 2958 τοῦ
1252 2906 1645 2979 θεοφιλεστάτου
1673 2904 1891 2957 ἐπισκό-

279 3012 389 3046 που
457 2998 745 3068 Γρηγορίου
806 2992 1165 3070 ἀναχώρησις,
1206 2997 1336 3068 μετὰ
1398 2999 1551 3058 ποίας
1611 2995 1778 3055 αἰτίας
1805 3012 1890 3066 γε-

282 3087 495 3155 νομένη,
552 3082 871 3156 ἀγνοουμίνη
913 3090 1080 3160 μέχρι
1138 3092 1231 3138 τοῦ
1255 3092 1365 3140 νῦν.
1397 3084 1456 3137 Ὀ
1500 3081 1558 3138 δὲ
1596 3086 1887 3160 ἄνθρωπος,

285 3177 409 3244 περὶ
439 3172 499 3224 οὗ
552 3171 699 3244 κάγὼ
739 3176 878 3245 ἤμην
916 3170 1221 3246 διαλεχθεὶς
1251 3182 1313 3246 τῇ
1347 3173 1629 3231 τελειότητί
1668 3176 1742 3245 (4)
1772 3194 1887 3240 σου,

287 3266 385 3314 καὶ
442 3261 594 3322 αὐτὸς
655 3268 745 3313 νῦν
789 3262 1018 3324 ἤλπισας
1070 3266 1275 3336 ἕτοιμον
1336 3264 1484 3330 εἶναι,
1515 3268 1756 3335 γίνωσκε,
1787 3265 1887 3331 ὅτι,

288 3355 473 3425 μακρᾷ
544 3348 818 3424 ἁρῥωστίᾳ
890 3356 1206 3425 περιπεσὼν,
1278 3355 1368 3403 καὶ
1440 3353 1645 3423 κάμνων
1713 3350 1891 3404 λοιπὸν

291 3444 417 3511 περὶ
455 3438 614 3501 αὐτὰς
675 3440 765 3500 τὰς
822 3438 988 3511 ὄψεις,
1030 3438 1085 3492 ἐκ
1150 3446 1242 3492 τοῦ
1312 3438 1536 3493 παλαιοῦ
1585 3442 1782 3501 πᾱθους
1802 3446 1891 3494 καὶ

296 3533 397 3588 τῆς
462 3529 671 3598 ἔναγχος
730 3526 871 3599 αὐτῷ
938 3526 1307 3600 ὶπισυμϐάσης
1373 3533 1558 3599 νόσου,
1633 3528 1889 3591 παντελῶς

298 3616 578 3690 ἄχρηστος
636 3621 764 3691 πρὸς
815 3620 909 3681 τὰς
988 3621 1262 3690 τυχούσας
1294 3616 1544 3691 ἐνεργείας
1606 3616 1887 3690 ἁπέμεινεν.

292 3704 477 3767 ’Δλλος
524 3702 582 3759 δι
628 3707 721 3760 οὐκ
778 3710 889 3760 ἔστι
944 3708 1067 3781 παρ’
1099 3709 1243 3781 ἡμῖν.
1292 3707 1454 3760 Ὠστε
1485 3705 1708 3781 βέλτιον,
1734 3708 1777 3761 εἰ
1801 3712 1891 3760 καὶ

289 3796 419 3868 ἡμῖν
484 3794 763 3869 ἐπέτρεψαν
827 3800 885 3849 τό
961 3803 1201 3871 πρᾶγμα,
1272 3796 1379 3849 ἀλλ’
1449 3793 1535 3849 οὖν
1603 3798 1657 3860 ἐξ
1723 3798 1890 3849 αὐτῶν

289 3889 494 3937 ἐκείνων
560 3889 677 3937 τινὰ
747 3885 1125 3961 προϐληθῆναι.
1161 3892 1262 3940 Καὶ
1302 3890 1403 3960 γὰρ
1473 3888 1717 3958 ἡγεῖσθαι
1778 3891 1887 3959 χρὴ

289 3982 457 4026 ταῦτα
520 3977 612 4046 μὲν
670 3982 764 4035 τῆς
820 3974 1052 4047 ἀνάγκης
1109 3974 1235 4029 εἶναι
1292 3979 1359 4029 τὰ
1416 3977 1649 4051 ῥήματα,
1682 3980 1776 4034 τὴν
1834 3972 1893 4029 δε

288 4063 473 4135 ψυχὴν
523 4064 691 4116 αὐτῶν
744 4063 899 4117 ίκείνο
961 4064 1267 4138 βούλεσθαι,
1326 4068 1447 4141 ὅπερ
1498 4066 1549 4129 ἐξ
1580 4064 1754 4140 ἀρχῆς
1785 4066 1892 4118 ἐπε-

291 4205 443 4261 levis
474 4207 963 4279 esseimomenti:
998 4206 1159 4263 unde
1186 4208 1441 4264 Basilius
1471 4208 1629 4263 banc
1666 4208 1899 4279 opinio-

290 4291 433 4360 nem
464 4276 677 4360 refellit
706 4278 1128 4360 innepistﬂlé.
1165 4281 1306 4360 Rem
1343 4284 1476 4360 astu
1534 4276 1892 4360 tractabant,

292 4347 584 4422 etidcirco
605 4348 833 4422 fraudis
853 4347 1674 4422 infraacc_usantur.Denique
1696 4350 1891 4422 perin-

291 4419 688 4492 commodum
718 4420 843 4476 fore
870 4422 950 4476 ait
982 4420 1250 4488 Basilius,
1280 4421 1342 4476 in
1373 4419 1656 4492 epist.2'tli
1680 4419 1895 4492 {Siqui

291 4437 688 4475 commoaum
718 4437 843 4476 rore
870 4437 950 4476 ait
984 4437 1250 4488 nasutus,
1280 4437 1342 4476 in
1373 4437 1656 4546 eElSIJUr
1680 4437 1890 4492 :o'zquz

291 4505 371 4546 ex
400 4492 585 4557 nobis,
614 4491 827 4563 inquit,
850 4492 1175 4548 videantur
1193 4507 1376 4548 unam
1451 4495 1774 4562 ypostasim
1798 4493 1890 4547 di-

292 4576 451 4617 cere.
484 4564 610 4617 Non
640 4578 784 4631 ergo
814 4579 1027 4620 omnes
1056 4563 1117 4619 id
1147 4563 1454 4626 dixissent,
1490 4564 1595 4618 sed
1637 4563 1890 4635 quidam

288 4637 528 4706 tantum
561 4648 779 4706 nempe
809 4634 1089 4690 Paulinus
1118 4640 1176 4706 et
1204 4635 1309 4706 qui
1338 4650 1474 4689 cum
1506 4650 1577 4690 eo
1600 4634 1788 4690 erant.

366 4707 483 4786 (ειν)
509 4703 860 4786 Ἀτῖηγοίζλοη..
900 4706 983 4786 Ita
1015 4705 1170 4786 ituri.
1203 4703 1259 4786 e:t
1284 4706 1461 4786 C_oist_.
1497 4706 1890 4786 pri-musHui-

290 4773 409 4829 bus
441 4776 601 4830 favet
628 4773 1089 4847 codexinsignis
1114 4776 1386 4832 Ecclesim
1424 4773 1796 4841 t‘arisiensis,
1828 4777 1889 4833 in

289 4848 668 4919 quoilegitur
692 4847 984 4919 ἁπηγγὶλη.
1016 4848 1201 4913 Iidem
1234 4847 1472 4903 codices
1503 4853 1560 4903 et
1595 4847 1693 4902 alii
1742 4863 1893 4902 non-

292 4916 444 4991 liulli
500 4916 876 4991 unnyd'fouto._
917 4920 1078 4991 Editii
1113 4919 1407 4991 ἁπμγγῖλη,
1460 4924 1541 4971 ὅτι
1595 4919 1887 4990 ὑπήγαγον.

290 4988 477 5062 Ραυιο
502 4988 642 5061 post
669 4988 811 5047 editi
838 4988 1470 5062 ’ἐστίστειλωζἐπισχών⁸
1517 4992 1629 5047 Sex
1659 4988 1808 5046 mss.
1830 4996 1891 5047 ut

295 5058 357 5115 in
384 5058 572 5115 textu.

369 5131 449 5201 (ι)
480 5135 583 5185 Τόῦ
610 5136 830 5205 Πόντου.
863 5133 955 5189 Sic
978 5132 1271 5203 legiturin
1306 5133 1639 5205 codicibus,
1676 5131 1736 5187 in
1756 5132 1890 5205 qui-

297 5200 435 5277 bus
469 5208 665 5260 exstat
715 5204 947 5277 initium
997 5200 1178 5275 hujus
1201 5206 1381 5260 tertia:
1404 5200 1897 5277 epistolae;déest

301 5274 465 5329 enim
490 5277 550 5329 in
574 5275 901 5331 nonnullis.
936 5274 1089 5332 Editi
1114 5283 1221 5337 Τῆς
1242 5274 1461 5330 novavi

370 5347 445 5414 (2)
479 5350 740 5421 Μέτρζως.
772 5350 930 5403 Hanc
960 5363 1165 5421 vocem
1189 5347 1602 5421 Tillemontius
1614 5346 1776 5421 idem
1805 5361 1896 5402 so-

297 5430 446 5487 nare
476 5418 779 5473 existimat
805 5434 876 5473 ac
912 5420 1313 5475 mediocriter.
1338 5418 1502 5475 Unde
1516 5418 1740 5487 colligit
1767 5433 1895 5473 mo-

294 5486 501 5557 lestiis,
531 5505 669 5557 quae
693 5489 909 5545 Basilio
950 5507 987 5546 a
1044 5489 1623 5546 Neocaesariensibus
1663 5486 1895 5545 accide-

294 5564 454 5641 rant,
480 5560 630 5641 nihil
654 5561 828 5641 _Ponti
854 5562 1171 5641 episcopos
1204 5560 1532 5641 addidisse,
1562 5560 1668 5641 sed
1696 5560 1896 5641 po_t_ius

297 5630 557 5711 gratiam
580 5632 736 5692 inter
764 5647 868 5692 eos
891 5630 957 5692 et
986 5630 1270 5691 Basiliam
1300 5638 1526 5692 sartam
1556 5630 1896 5689 fuiss'e.Non

2383 1298 2789 1370 Amphilochia.
2822 1299 2896 1355 de
2932 1298 3284 1357 canombus.

2067 1388 2148 1441 Ex
2177 1384 2358 1459 longo
2388 1402 2664 1443 reversus
2693 1387 2901 1444 itinere
2944 1386 3237 1450 (abieram
3266 1384 3425 1442 enim
3450 1398 3643 1457 usque

1994 1474 2056 1531 in
2096 1478 2347 1531 Pontum
2388 1476 2767 1547 negotiorum
2806 1475 3342 1533 ecclesiasticorum
3373 1488 3558 1531 causa
3587 1476 3644 1531 et

1994 1568 2061 1619 ut
2099 1563 2407 1620 inviserem
2445 1566 2867 1638 propinquos).
2894 1582 3035 1622 cum
3074 1570 3131 1622 et
3172 1579 3378 1621 meum
3416 1577 3638 1634 corpus

1996 1654 2365 1710 confractum
2395 1654 2751 1724 retulissem,
2780 1661 2837 1712 et
2862 1656 3067 1713 animo
3100 1653 3246 1711 satis
3301 1650 3639 1721 aﬂlictarer,

1996 1741 2376 1814 ubiprimum
2405 1743 2638 1815 pietatis
2668 1749 2782 1799 tua:
2802 1743 3026 1800 litteras
3051 1743 3112 1800 iu
3138 1757 3359 1799 manus
3383 1738 3641 1812 sumpsi,

1996 1832 2269 1887 omnium
2293 1833 2494 1889 statim
2516 1832 2734 1890 oblitus
2760 1849 2913 1901 sum,
2938 1837 2995 1890 et
3022 1832 3187 1889 vocis
3203 1830 3348 1887 mihi
3366 1828 3641 1886 omnium

1990 1920 3148 1993 jucundissimze,etmanusamicissimaa
3162 1920 3348 1993 signis
3361 1918 3642 1991 acceptis.

1997 2010 2145 2065 Cum
2175 2010 2573 2081 igiturlitteris
2604 2012 2719 2068 tuis
2746 2013 2863 2068 sim
2888 2013 2971 2069 ita
2990 2015 3313 2081 recreatus,
3345 2007 3643 2079 conjicere

1996 2098 2181 2155 debes
2209 2100 2423 2173 quanti
2449 2099 2671 2157 faciam
2699 2106 2871 2157 tuum
2902 2116 3321 2172 congressum,
3344 2113 3519 2172 quem
3537 2095 3646 2152 uti-

1996 2190 2387 2254 nam,Sancto
2418 2189 2791 2261 moderante,
2813 2205 3173 2263 consequar,
3194 2187 3299 2244 ubi
3318 2185 3643 2244 molestum

1998 2292 2121 2333 non
2141 2275 2331 2345 fuerit,
2356 2293 2426 2334 ac
2448 2294 2559 2334 nos
2584 2279 2719 2352 ipse
2739 2278 3366 2350 advocaveris.Neque
3390 2275 3575 2343 enim,
3591 2274 3643 2330 si

1998 2365 2077 2422 ad
2103 2365 2263 2422 {edes
2291 2382 2433 2440 quae
2467 2367 2876 2441 Euphemiade
2904 2372 3059 2440 sunt,
3085 2364 3426 2435 accesseris,
3464 2376 3644 2436 grave

1998 2454 2145 2510 mihi
2176 2455 2282 2512 erit
2307 2456 2368 2511 in
2398 2472 2590 2512 unum
2620 2457 2820 2513 venire
2841 2460 2897 2513 et
2918 2456 3221 2514 molestias
3236 2454 3334 2511 hic
3358 2453 3645 2524 ingruen-

1996 2546 2084 2600 tes
2110 2543 2362 2616 fugienti
2400 2549 2455 2601 et
2484 2546 2562 2602 ad
2588 2550 2755 2601 tuam
2788 2546 2964 2619 325
2988 2545 3237 2603 minime
3256 2543 3519 2601 fucatam
3549 2539 3646 2599 di-

1997 2631 2314 2688 lectionem
2346 2632 2666 2690 festinanti.
2694 2637 2968 2690 Fortasse
2999 2638 3200 2691 autem
3240 2632 3387 2689 mihi
3418 2636 3475 2689 et
3504 2630 3647 2687 alio-

1998 2720 2103 2795 qui
2132 2722 2550 2779 necessitatem
2591 2723 2764 2780 aﬂ‘ert
2817 2724 3173 2781 Nazianzum
3198 2738 3391 2796 usque
3414 2720 3651 2794 profici-

1997 2811 2203 2867 scendi
2233 2813 2545 2884 repentina
2588 2813 3020 2884 religiosissimi
3075 2812 3344 2889 episcopi
3383 2810 3648 2881 Gregorii

1997 2899 2306 2965 discessio,
2326 2918 2462 2974 quae
2476 2902 2698 2975 quibus
2711 2903 2785 2958 de
2800 2903 2999 2959 causis
3028 2902 3333 2969 acciderit,
3352 2901 3647 2957 hactenus

1995 2988 2229 3061 ignoro.
2254 2990 2537 3047 Caeterum
2562 2992 2760 3048 virum
2794 2991 2987 3061 illum,
3030 2992 3104 3048 de
3131 3006 3254 3065 quo
3282 2993 3339 3046 et
3363 3003 3475 3059 ego
3508 3003 3649 3045 cum

1996 3082 2103 3135 tua
2127 3080 2473 3152 praestantia.
2510 3082 2744 3138 locutus
2781 3097 2971 3152 eram,
3016 3076 3648 3154 quemquenuncipse

1996 3174 2275 3243 paratum
2300 3185 2433 3227 esse
2460 3186 2686 3243 speras,
2720 3169 2873 3227 scias
2896 3170 3090 3241 velim,
3125 3169 3408 3225 diuturno
3432 3164 3649 3223 morbo

1996 3264 2359 3331 correptum,
2387 3275 2459 3315 ac
2488 3258 2563 3316 de
2597 3263 2811 3316 caetero
2840 3259 2984 3333 ipsis
3022 3258 3211 3316 oculis
3242 3256 3649 3322 laborantem,

1996 3362 2137 3404 cum
2168 3363 2241 3404 ex
2268 3348 2447 3405 veteri
2475 3348 2710 3415 morbo,
2743 3353 2873 3405 tum
2899 3366 2971 3405 ex
3000 3348 3376 3419 aegritudine,
3399 3361 3537 3420 quae
3555 3358 3646 3401 re-

1999 3452 2142 3495 cens
2171 3438 2224 3494 ei
2253 3439 2617 3511 supervenit,
2668 3438 2944 3495 inutilem
2975 3439 3224 3495 omnino
3255 3437 3334 3495 ad
3361 3434 3648 3510 quaelibet

1997 3516 2206 3585 munia
2248 3528 2520 3584 relictum
2566 3544 2722 3584 esse.
2774 3527 2938 3585 Alius
2970 3534 3173 3586 autem
3202 3543 3325 3584 non
3368 3530 3459 3582 est
3478 3523 3646 3598 apud

1996 3633 2129 3675 nos.
2163 3620 2357 3684 Quare
2390 3617 2577 3673 satius
2611 3618 2976 3688 est,etiamsi
2995 3634 3123 3675 rem
3162 3617 3407 3674 arbitrio
3433 3618 3644 3672 nostro

1996 3707 2669 3782 permiserint,aliquem
2688 3713 2891 3765 tamen
2921 3724 2993 3765 ex
3013 3707 3126 3764 illis
3149 3706 3297 3780 ipsis
3317 3702 3643 3775 designari.

1998 3800 2145 3855 Nam
2169 3798 2409 3853 credere
2434 3813 2545 3869 par
2566 3802 2674 3863 est,
2692 3798 2819 3854 haec
2844 3797 3093 3871 quidem
3119 3794 3487 3854 necessitatis
3510 3806 3647 3849 esse

1999 3886 2204 3950 verba,
2239 3885 2344 3942 sed
2373 3902 2581 3941 eorum
2612 3888 2886 3942 animum
2912 3887 2966 3942 id
2993 3886 3139 3943 velle
3168 3883 3336 3959 quod
3365 3882 3443 3940 ab
3478 3882 3647 3939 initio

1999 3976 2073 4032 de
2082 3979 2573 4048 poposcerant,ut
2587 3991 2833 4032 suorum
2853 3975 3069 4049 aliquis
3086 3970 3650 4049 praeﬁciaturﬂuod

2003 4063 2055 4120 si
2087 4064 2224 4136 quis
2247 4064 2320 4120 sit
2348 4080 2421 4121 ex
2451 4064 2795 4138 neopbytis,
2822 4065 2945 4122 sive
2975 4064 3320 4122 Macedonio
3343 4063 3427 4119 ita
3445 4061 3650 4119 videa-

2004 4207 2262 4280 quadrat
2289 4207 2415 4263 haec
2437 4207 2728 4264 sententia
2749 4223 2886 4262 cum
2907 4206 3184 4280 pluribus
3212 4204 3409 4280 Basilii
3419 4204 3651 4280 litteris,

2003 4277 2065 4352 in
2086 4278 2309 4352 quibus
2327 4286 2735 4352 acceptumex
2754 4277 3346 4352 Neociesariensibns
3360 4277 3649 4352 conviciis

2002 4348 2278 4405 dolorem
2324 4351 2408 4406 sic
2470 4348 2771 4419 describit,
2808 4355 2870 4406 ut
2925 4349 3246 4405 mediocris
3293 4348 3483 4404 videri
3523 4362 3649 4419 non

2000 4421 2212 4492 possit.
2254 4421 2659 4486 Quamobrem
2697 4417 2905 4492 malim
2929 4437 3087 4492 cum
3119 4419 3475 4492 Gombeﬁsio
3501 4417 3649 4473 illud

2000 4491 2225 4564 μετρίως
2257 4494 2479 4564 magni,
2500 4492 2728 4548 doloris
2759 4491 3048 4564 indicium
3080 4491 3441 4564 existimare.
3475 4492 3647 4564 saepe

1998 4560 2298 4635 ejusmodi
2334 4560 2607 4631 vocibus,
2640 4566 2883 4635 μετρίως,
2916 4562 3168 4635 ἐπιεικῶς,
3199 4560 3648 4635 non__minu_itur

1997 4632 2114 4701 res,
2146 4634 2251 4689 sed
2285 4641 2558 4705 augetur.
2596 4632 2779 4700 Quale
2804 4638 2897 4705 est
2930 4633 3073 4705 illud
3110 4633 3371 4705 Gregorii
3399 4632 3647 4705 Nazian-

1998 4706 2125 4760 zeni
2155 4705 2217 4760 in
2234 4703 2396 4777 orat.
2422 4710 2512 4775 20,
2540 4722 2599 4777 p.
2626 4710 2749 4773 327,
2781 4704 2857 4777 de
2885 4704 3029 4777 ludo
3057 4706 3303 4777 Athenis
3338 4703 3647 4777 inhospi-

1998 4781 2085 4831 tes
2116 4775 2450 4832 studiorum
2501 4774 2690 4831 causa
2733 4774 3121 4831 advenientes
3172 4775 3298 4831 ludi
3337 4775 3511 4831 solito
3546 4774 3645 4827 Kal

1996 4850 2053 4898 τό
2096 4849 2315 4921 πρᾶγμά
2351 4846 2490 4899 ἐστιν
2533 4848 2766 4908 ἐπιεικῶς
2798 4848 2988 4921 ἄτοπον
3018 4853 3108 4900 καὶ
3140 4844 3433 4921 ᾂαιμόνιον.
3462 4853 3649 4917 Atque

1992 4934 2065 4974 ea
2106 4917 2197 4991 res
2222 4917 2588 4991 vehementer
2613 4918 2879 4991 absurda
2917 4924 2971 4974 et
3007 4917 3374 4991 prodigiosa.
3421 4923 3650 4991 Μετρίως

1999 4990 2164 5062 apud
2195 4989 2477 5062 eumdem
2512 4991 2683 5059 Greg.
2717 4987 2877 5044 idem
2936 4992 3111 5062 sonat
3155 4987 3225 5062 ac
3266 4987 3651 5046 abunde.'Sic

2000 5056 2160 5115 enim
2190 5059 2358 5114 initio
2380 5064 2513 5144 orat
2544 5056 2801 5147 rifpa‘g.
2837 5064 2973 5147 1'37‘;
3009 5059 3112 5143 Ἀρ.
3138 5056 3247 5147 οὖν.
3278 5062 3429 5147 ﬁxam“:
3462 5067 3648 5127 ταῦτα,

2002 5136 2091 5214 καὶ
2121 5132 2493 5214 μετρίωςὺμίςν
2519 5136 2605 5184 τόν
2649 5130 2870 5214 ᾆνδραό
2918 5130 3351 5214 λόγος’ἕγραψενς
3384 5133 3483 5187 An
3505 5144 3650 5212 .vero

2002 5202 2490 5329 chsuffgiunt,
2521 5211 2576 5261 et
2597 5202 2834 5260 abunde
2856 5202 3019 5260 vobis
3040 5202 3239 5261 oratio
3267 5203 3424 5259 hunc
3454 5202 3650 5257 virum

2046 5290 2248 5329 emnxi

2046 5275 2278 5343 epinxit

2075 5341 2153 5407 i3)
2182 5351 2276 5407 ’ος
2306 5341 2414 5398 οὖν.
2452 5345 2687 5413 Legitur
2715 5346 2776 5402 in
2814 5344 3125 5403 nonnullis
3164 5341 3475 5400 codicibus
3499 5356 3649 5400 mss.

2004 5422 2069 5477 ὡς
2100 5418 2207 5468 οὖν.
2240 5419 2301 5471 In
2318 5415 2434 5471 alio
2464 5416 2623 5470 Ὀσον
2655 5414 2765 5476 οὖν.

2075 5490 2155 5557 (4)
2182 5495 2255 5560 Τῇ
2285 5488 2583 5548 τελειότητι.
2633 5491 2727 5546 Sic
2773 5505 2917 5546 mss.
2967 5486 3260 5562 plerique.
3310 5484 3463 5543 Edili
3486 5492 3547 5558 τῇ
3579 5505 3652 5539 τι-

2003 5578 2237 5631 μιοτητι.

2075 5632 2096 5655 ⁶
2120 5629 2282 5689 Alias
2308 5632 2399 5689 III.
2434 5631 2664 5706 Scripta
2692 5646 2854 5691 anno
2884 5634 3007 5689 375.
