4100 6214
235 348 341 403 ⁸797

1210 338 1698 399 EPISTOLARUM
1737 334 2023 395 CLASSIS
2063 336 2134 394 ΙΙ.
2172 339 2386 397 EPIST.
2428 337 2672 395 CCXVII.

3504 341 3610 398 798

241 469 496 543 κληρικοὶ
530 463 589 520 δὲ
609 471 766 536 ὄντες,
790 473 888 518 τοῦ
914 465 1126 539 βαθμοῦ
1157 467 1550 541 καθαιροῦνται.
1583 469 1695 525 Πᾶς
1715 465 1840 536 γὰρ,

1976 460 2175 531 :lerici,
2227 478 2262 519 a
2310 464 2507 535 gradu
2554 461 2937 534 dejiciuntur.
2983 461 3260 535 Quisquis
3297 466 3474 535 enim,
3520 466 3613 523 in-

240 564 427 630 φησὶν,
453 559 479 609 ὁ
509 555 678 609 λαϐὼν
710 558 985 630 μάχαιραν
1009 555 1058 608 ἐν
1097 560 1340 629 μαχαίρᾳ
1379 555 1735 607 ἀποθανεῖται.

313 647 428 732 NQ.
459 646 518 698 Ὀ
567 646 816 707 ἑκουσίως
869 650 1141 716 φονεύσας,
1189 646 1319 717 μετὰ
1367 641 1426 697 δὲ
1480 651 1634 696 τοῦτο
1684 661 1844 715 μετα-

237 737 502 810 μεληθεὶς,
578 739 772 788 εἴκοσιν
852 737 1017 786 ἔτεσιν
1083 733 1426 796 ἀκοινώνητος
1522 736 1670 785 ἔσται
1745 739 1848 790 τοῖς

240 827 571 898 ἁγιάσμασι.
625 826 704 876 Τὰ
753 820 812 876 δὲ
867 825 1062 876 εἴκοσιν
1131 827 1218 881 ἔτη
1291 823 1455 883 οὕτως
1508 822 1850 893 οἰκονομηθή-

244 934 394 969 σεται
454 913 532 966 ἐπ’
595 913 759 983 αὐτῷ.
820 912 900 965 Ἐν
971 916 1257 987 τέσσαρσιν
1308 915 1448 964 ἔτεσι
1511 909 1849 983 προσκλαίειν

242 1004 459 1076 ὀφείλει,
511 1003 606 1066 ἔξω
654 1010 743 1062 τῆς
796 1003 954 1074 θύρας
1007 1001 1168 1061 ἑστὼς
1220 1008 1312 1053 τοῦ
1354 1000 1628 1074 εὐκτηρίου
1681 1002 1849 1068 οἶκον,

239 1096 334 1143 καὶ
382 1099 484 1143 τῶν
523 1090 791 1142 εἰσιόντων
843 1098 1042 1141 πιστῶν
1093 1085 1329 1162 δεόμενος
1375 1089 1541 1160 εὐχὴν
1584 1089 1709 1161 ὑπὲρ
1751 1087 1852 1138 αὗ-

238 1189 336 1233 τοῦ
399 1181 690 1245 ποιεῖσθαι,
759 1177 1076 1252 ἐξαγορεύων
1135 1184 1229 1236 τὴν
1300 1175 1439 1231 ἰδίαν
1496 1183 1848 1253 παρανομίαν.

240 1273 392 1324 Μετὰ
448 1266 508 1321 δὲ
552 1271 620 1321 τά
668 1273 904 1342 τέσσαρα
943 1270 1031 1325 ἔτη
1081 1267 1150 1328 εἰς
1195 1271 1318 1330 τοὺς
1363 1267 1717 1342 ἀκροωμένους
1770 1263 1853 1320 ὃς.

242 1362 518 1430 locum
551 1380 564 1392 ·
633 1363 724 1410 καὶ
774 1357 821 1409 ἐν
881 1362 1030 1411 πέντε
1080 1358 1218 1410 ἔτεσι
1269 1357 1378 1430 μετ’
1439 1355 1606 1409 «ora»
1664 1355 1850 1418 ἐξελεύ-

247 1468 422 1502 σεται.
467 1449 548 1500 Ἐν
597 1447 724 1499 ἑπτὰ
754 1449 890 1498 ἔτεσι
934 1448 1067 1518 μετά
1116 1455 1216 1498 τῶν
1247 1445 1296 1498 ἐν
1338 1448 1641 1499 ὑποπτώσει
1677 1463 1850 1520 προσ-

241 1537 671 1608 «lemma-2)
703 1534 1036 1597 ἐξελεύσεται.
1088 1535 1171 1587 Ἐν
1217 1538 1476 1609 τέσσαρσι
1526 1538 1851 1591 συστήσεται

243 1630 407 1697 μόνον
463 1633 566 1686 τοῖς
617 1631 848 1690 πιστοῖς,
899 1631 1196 1699 προσφορᾶς
1250 1620 1310 1676 δὲ
1366 1624 1426 1676 οὐ
1474 1622 1848 1696 μεταλήψεται.

251 1715 634 1787 Πληρωθέντων
692 1709 750 1765 δὲ
802 1716 994 1765 τούτων
1059 1713 1257 1785 μεθέξει
1321 1720 1422 1764 τῶν
1486 1712 1847 1783 ἀγιασμάτων.

1953 551 2101 625 quit,
2124 554 2396 622 gladium
2425 555 2679 623 accepit,
2708 552 2916 622 gladio
2940 554 3160 621 peribit
3186 556 3250 608 ιι.

2028 642 2162 699 LVI.
2195 644 2305 708 Qui
2350 642 2688 698 voluntarie
2723 642 3034 708 interfecit,
3079 649 3133 697 et
3165 653 3375 715 postea
3419 645 3612 719 poeni-

1955 729 2140 785 tentia
2177 730 2391 786 ductus
2447 736 2552 799 est,
2607 729 2782 785 annis
2822 728 3033 799 viginti
3087 738 3611 790 sacramentorum

1955 833 2078 873 non
2107 820 2213 874 erit
2241 820 2561 891 particeps.
2608 817 2824 889 Viginti
2865 823 3067 873 autem
3112 819 3255 874 anni
3306 822 3388 876 sic
3431 822 3492 878 in
3538 838 3610 878 eo

1958 907 2490 979 dispensabuntur.
2527 908 2715 963 Annis
2747 910 3007 979 quatuor
3034 906 3177 962 ﬂere
3203 907 3400 976 debet,
3445 915 3612 966 stans

1960 1000 2126 1051 extra
2150 997 2310 1052 fores
2333 996 2554 1052 domus
2599 996 2907 1059 orationis,
2943 1000 3000 1049 et
3027 995 3430 1064 ingredientes
3459 998 3608 1052 tide-

1959 1083 2046 1140 les
2065 1091 2392 1154 rogans,ut
2420 1101 2528 1157 pro
2557 1086 2692 1157 ipso
2713 1088 3051 1157 precentur,
3077 1099 3375 1156 suamque
3392 1085 3610 1156 iniqui-

1961 1177 2141 1229 tatem
2170 1173 2482 1230 conﬁtens.
2513 1178 2648 1230 Post
2689 1179 2951 1244 quatuor
2979 1176 3181 1228 autem
3230 1187 3424 1228 annos
3460 1174 3615 1230 inter

1960 1261 2272 1317 audientes
2301 1263 2637 1334 recipietur,
2665 1268 2722 1318 et
2749 1262 3022 1334 quinque
3063 1261 3238 1316 annis
3276 1277 3415 1316 cum
3458 1261 3605 1334 ipsis

1960 1350 2161 1407 exibit.
2190 1356 2396 1407 Annos
2426 1357 2656 1423 septem
2687 1368 2810 1406 una
2829 1367 2968 1405 cum
2998 1350 3089 1417 iis,
3116 1349 3219 1421 qui
3242 1350 3304 1404 in
3340 1350 3617 1406 substrao

1959 1439 2120 1495 tione
2151 1445 2308 1505 sunt,
2341 1456 2522 1496 orans
2548 1440 2901 1509 egredietur.
2943 1443 3147 1494 Annos
3187 1445 3450 1510 quatuor
3492 1445 3612 1496 sta-

1957 1527 2047 1584 bit
2074 1528 2271 1583 solum
2302 1545 2442 1584 cum
2483 1528 2784 1595 fidelibus,
2819 1527 2924 1582 sed
2967 1527 3290 1583 oblationis
3340 1544 3458 1584 non
3500 1530 3610 1586 erit

1958 1617 2277 1689 particeps.
2301 1617 2400 1674 llis
2437 1625 2640 1674 autem
2669 1617 2920 1689 expletis
2940 1616 3238 1689 particeps
3259 1618 3366 1672 erit
3395 1632 3602 1674 sacra-

1959 1711 2322 1762 mentorum.

327 1802 452 1856 ΝΖ.
507 1802 566 1854 Ὀ
616 1799 873 1861 ἀκουσίως
921 1805 1166 1873 φονείσας
1216 1801 1266 1853 ἐν
1319 1798 1450 1854 δέκα
1507 1803 1673 1853 ἔτεσιν
1738 1799 1850 1871 (13)

2032 1795 2194 1851 LVII.
2238 1793 2348 1860 Qui
2373 1809 2498 1850 non
2536 1793 2872 1850 voluntarie
2901 1793 3210 1856 interfecit,
3255 1808 3364 1866 per
3399 1793 3612 1851 decem

263 1891 622 1952 ἀκοινώνητος
688 1893 838 1943 ἔσται
909 1899 1010 1942 τῶν
1071 1891 1430 1963 ἁγιασμοὲτων.
1491 1890 1853 1962 Οἰκονομηθή-

252 1999 407 2032 σεται
455 1976 515 2032 δε
560 1984 622 2036 τὴ
670 1975 800 2031 δέκα
847 1981 929 2036 ἔτη
980 1977 1058 2031 ἐπ’
1099 1979 1239 2048 αὐτῷ
1277 1979 1433 2034 οὕτω.
1479 1982 1579 2031 Δύο
1627 1981 1718 2049 μὲν
1760 1980 1850 2034 ἔτη

250 2069 653 2145 προσκλαύσει·
699 2073 821 2142 τρία
869 2063 928 2120 δὲ
975 2071 1062 2125 ἔτη
1115 2070 1228 2138 (14)
1261 2067 1308 2120 ἐν
1353 2067 1694 2143 ἀκροωμένοις
1737 2063 1853 2119 δια-

246 2161 473 2226 τεᾙσει,
526 2162 814 2232 τέσσαρσιν
865 2159 1189 2228 ὑποπίπτων,
1246 2162 1336 2210 καὶ
1387 2157 1604 2228 ἐνιαυτῷ
1659 2177 1854 2210 συστα-

252 2253 479 2306 θήσεται
534 2250 691 2318 μόνον
731 2268 743 2279 ο
800 2251 890 2298 καὶ
938 2255 1010 2317 τῷ
1057 2245 1175 2309 ἑξῆς
1239 2247 1312 2308 εἰς
1363 2249 1432 2299 τὰ
1481 2247 1610 2318 ἅγια
1655 2243 1856 2317 δεχθή-

248 2358 430 2393 σεται.

326 2426 537 2480 ΝΗ’.Ὀ
567 2427 859 2496 μοιχεύσας
905 2423 952 2476 ἐν
996 2433 1048 2477 ιε’
1100 2429 1264 2478 ἔτεσιν
1317 2424 1659 2486 ἀκοινώνητος
1708 2427 1856 2477 ἔσται

242 2527 354 2570 τῶν
391 2516 732 2586 ἀγιασμάτων
779 2515 921 2586 (15)·
975 2513 1024 2566 ἓν
1075 2519 1336 2589 τέσσαρσι
1386 2517 1477 2586 μὲν
1524 2513 1854 2588 προσκλαίων

243 2611 448 2670 itm»,
504 2603 554 2656 έν
610 2608 756 2656 πέντε
802 2600 862 2656 δὲ
910 2602 1267 2678 ἀκροώμενος*
1319 2607 1368 2657 ἓν
1415 2608 1702 2678 τέσσαρσιν
1731 2603 1856 2654 ὑπο-

247 2702 484 2761 πίπτων,
513 2693 561 2745 ἐν
593 2689 721 2745 δυσὶ
752 2699 1012 2753 συνεστὼς
1049 2695 1169 2745 ἄνευ
1209 2699 1500 2755 κοινωνίας.

338 2783 471 2840 ΝΘ’.
519 2777 578 2834 Ὅ
620 2785 803 2856 πόρνος
851 2780 898 2832 ἐν
947 2781 1074 2834 ἐτττά
1129 2785 1291 2834 ἔτεσιν
1347 2783 1463 2853 (16)
1514 2781 1852 2841 ἀκοινώνητος

258 2875 417 2926 ἔσται
474 2880 575 2922 τῶν
632 2869 973 2941 ἀγιασμοὲτων
1008 2891 1020 2903 ·
1073 2867 1170 2923 δύο
1216 2871 1573 2945 προσ-κλαίων,
1623 2874 1714 2921 καὶ
1758 2866 1855 2921 δύο

259 2963 587 3034 ἀκροώμενος
617 2977 629 2990 ⁸
671 2966 761 3011 καὶ
818 2955 916 3011 δύο
962 2962 1288 3028 ὑποπίπτων,
1334 2966 1424 3012 καὶ
1466 2961 1538 3012 ἐνὶ
1596 2963 1858 3021 συνεστὼς

251 3057 445 3123 μόνον·
479 3059 550 3120 τῷ
580 3045 754 3120 ὀγδόῳ
783 3046 1110 3122 δεχθήσεται
1139 3051 1210 3111 εἰς
1237 3056 1332 3108 τήν
1360 3055 1640 3103 κοινωνίαν.

1959 1900 2154 1942 annos
2205 1889 2726 1941 sacramentorum
2765 1900 2884 1939 non
2931 1884 3042 1939 erit
3083 1883 3404 1956 particeps.
3453 1885 3607 1940 Anni

1959 1979 2166 2031 autem
2190 1973 2398 2029 decem
2427 1975 2512 2029 sic
2541 1974 2600 2029 in
2631 1989 2703 2030 eo
2729 1973 3262 2045 dispensabuntur.
3293 1977 3452 2029 Duos
3479 1977 3615 2046 qui-

1959 2065 2100 2120 dem
2131 2077 2326 2119 annos
2356 2064 2540 2131 ﬂebit,
2579 2069 2696 2119 tres
2721 2067 2925 2120 autem
2953 2077 3150 2118 annos
3180 2062 3335 2118 inter
3363 2063 3612 2119 audien-

1960 2159 2050 2210 tes
2081 2153 2508 2224 perseverabit,
2533 2157 2796 2226 quatuor
2817 2152 3179 2217 substratus,
3213 2157 3270 2207 et
3299 2167 3462 2208 anno
3492 2167 3616 2208 uno

1947 2235 2249 2300 consistet
2279 2248 2552 2310 tantum;
2609 2247 2665 2299 et
2699 2243 2987 2315 deinceps
3015 2242 3093 2298 ad
3138 2246 3351 2298 sancta
3397 2242 3614 2298 admit-

1963 2337 2138 2388 tetur.

2037 2425 2216 2477 LVIII.
2252 2422 2359 2488 Qui
2391 2422 2727 2478 moechatus
2764 2426 2871 2489 est,
2908 2437 3016 2493 per
3043 2421 3392 2495 quindecim
3425 2435 3618 2476 annos

1963 2515 2480 2568 sacramentorum
2502 2526 2627 2568 non
2655 2511 2762 2566 erit
2787 2511 3124 2584 particeps:
3146 2517 3411 2582 quatuor
3440 2509 3616 2564 annis

1963 2600 2135 2669 ﬂens,
2164 2600 2434 2672 quinque
2482 2599 2756 2667 audiens,
2815 2607 3078 2672 quatuor
3126 2599 3483 2666 substratus,
3513 2613 3620 2670 per

1963 2689 2120 2744 duos
2141 2690 2476 2744 consistens
2497 2689 2625 2744 sine
2645 2688 3100 2744 communione.

2036 2779 2169 2832 LIX.
2206 2778 2550 2834 Fornicator
2595 2782 2824 2848 septem
2869 2778 3044 2832 annis
3093 2782 3618 2832 sacramentorum

1963 2883 2086 2924 non
2115 2867 2224 2923 erit
2253 2867 2572 2939 particeps,
2613 2866 2855 2922 duobus
2906 2868 3077 2933 tiens,
3125 2870 3183 2920 et
3230 2865 3472 2920 duobus
3504 2881 3619 2921 au-

1965 2957 2164 3023 diens,
2223 2963 2278 3012 et
2315 2956 2556 3012 duobus
2603 2957 2963 3022 substratus,
3010 2960 3068 3011 et
3111 2970 3233 3011 uno
3281 2955 3620 3012 consistens

1966 3051 2197 3104 tantum
2226 3064 2239 3101 :
2271 3052 2485 3102 octavo
2526 3046 2602 3102 ad
2635 3045 3129 3100 communionem
3161 3044 3537 3100 admittetur.

332 3139 481 3194 3.11
529 3140 810 3213 παρθενίαν
849 3138 1248 3210 ὁμολογήσασα,
1293 3145 1380 3192 καὶ
1440 3139 1722 3200 ἐκπεςοῦσα
1762 3145 1857 3198 τῆς

2042 3137 2148 3192 LX.
2203 3137 2346 3202 Quae
2397 3135 2798 3206 virginitatem
2857 3134 3152 3206 professa,
3205 3148 3243 3189 a
3303 3148 3412 3188 suo
3479 3148 3613 3206 pro-

248 3228 596 3299 ἐπαγγελίας,
644 3231 732 3279 τὸν
779 3231 969 3304 χρόνον
1018 3237 1111 3280 τοῦ
1168 3229 1252 3282 ἐπὶ
1298 3237 1389 3290 τῆς
1440 3234 1689 3301 μοιχείας
1747 3230 1860 3298 (17)

335 3374 377 3408 ¹¹
404 3370 600 3429 Matth.
638 3387 805 3442 nvi,
838 3376 926 3430 52.

257 3515 419 3570 dum
468 3515 813 3576 pronuntiat
858 3514 1252 3572 Combefisius
1299 3522 1393 3576 τῆς
1423 3514 1754 3576 Ἐκκλησίας.
1809 3518 1867 3573 (ι

263 3585 596 3641 delendum
623 3593 707 3646 τῆς
735 3592 1022 3646 κοινωνίας.
1056 3587 1360 3642 Consentit
1389 3586 1628 3641 Alexius
1657 3588 1868 3642 Ariste-

267 3673 392 3711 nus
415 3672 546 3710 cum
561 3657 837 3712 omnibus
855 3658 1074 3712 nostris
1095 3657 1406 3714 codicibus
1421 3674 1570 3712 mss.
1595 3663 1649 3712 et
1668 3657 1861 3712 editis.

267 3728 511 3797 Legitur
549 3733 746 3782 tamen
791 3729 853 3783 in
895 3745 1012 3783 uno
1044 3736 1146 3784 aut
1188 3729 1374 3784 altero
1415 3728 1620 3783 codice
1651 3729 1745 3790 ἔξω
1777 3731 1867 3799 μὲν

263 3804 424 3858 ὅντες,
455 3803 709 3872 εἴργονται
736 3809 829 3859 τῆς
863 3806 1126 3860 κοινωνίας
1166 3809 1255 3851 τοῦ
1305 3799 1523 3870 ἀγαθοῦ.
1571 3801 1683 3855 Sed
1740 3800 1867 3855 hac

263 3870 804 3943 scripturaeodcm
831 3870 980 3943 redit
1009 3887 1078 3943 ac
1110 3872 1371 3943 vulgata.
1398 3874 1685 3943 (laterum
1708 3870 1867 3943 hanc

263 3942 464 4009 legem
489 3940 804 3995 Balsamon
825 3942 1008 3996 variis
1023 3940 1616 4012 interpretationibus
1636 3941 1865 3996 demiti-

265 4020 395 4079 gat,
424 4027 610 4083 aeqqu
633 4012 933 4066 duriorem
967 4014 1268 4068 existimat
1294 4017 1594 4074 Zonaras:
1634 4012 1865 4067 nihilin

266 4099 344 4138 ea
369 4081 794 4156 animadvertit
835 4084 1160 4156 Aristenus,
1203 4101 1357 4156 quos
1395 4089 1498 4140 aut
1539 4084 1867 4139 obscurum

268 4159 377 4210 aut
408 4153 972 4224 reprehendendum
999 4153 1288 4211 videatur.

347 4227 462 4289 (l2)
538 4230 985 4296 Προσευχόμενος.
1049 4227 1142 4282 Sic
1212 4243 1367 4284 mss.
1427 4241 1668 4281 summo
1723 4240 1867 4280 con-

265 4311 474 4351 sensu.
508 4296 682 4361 Editi,
732 4298 995 4369 exceptis
1034 4298 1370 4367 Pandectis,
1409 4301 1865 4369 προσευχομένων.

269 4369 483 4440 Lenior
507 4372 596 4440 est
619 4367 864 4440 Basilius
880 4367 1069 4438 quam
1097 4368 1371 4439 synodus
1394 4367 1712 4440 Ancyrana
1731 4379 1868 4440 quae

259 4438 627 4494 voluntariis
659 4438 931 4495 caedibus
958 4438 1454 4495 communionem
1490 4438 1552 4494 in
1581 4441 1702 4494 fine
1732 4438 1867 4494 Vitae

263 4510 564 4564 concedit.

339 4585 354 4648 t
371 4585 450 4647 t3)
486 4580 568 4653 {Eu
592 4575 719 4653 δέκα
747 4582 904 4653 ἔτεσι,
942 4581 1225 4650 Synodus
1246 4586 1570 4653 Ancyrana
1599 4581 1869 4653 quinque

263 4652 750 4725 annosimponit
792 4652 930 4706 huic
960 4658 1208 4725 peccato
1231 4670 1253 4725 :_
1279 4651 1508 4725 septem
1534 4669 1570 4706 a
1595 4651 1870 4723 patribus

265 4722 587 4795 impositos
611 4726 881 4795 testatur.
903 4722 1169 4778 Severior
1198 4723 1290 4778 his
1317 4722 1566 4779 Basilius
1588 4722 1610 4778 ξ
1634 4738 1757 4777 non
1789 4729 1872 4778 ta-

265 4793 411 4850 men
442 4793 678 4850 videtur
705 4793 919 4864 eadem
957 4811 1140 4864 pinna
1179 4810 1396 4849 omnes
1437 4795 1870 4849 involuntarias

265 4864 469 4920 caedes
490 4863 1026 4934 comprehendere,
1058 4881 1214 4934 quas
1245 4881 1478 4921 canone
1501 4870 1532 4920 8
1553 4865 1870 4928 recensuit,

269 4936 376 4991 sed
400 4952 506 4990 eas
526 4941 954 5007 tantum,quas
980 4935 1206 4991 ibidem
1227 4936 1305 4992 ad
1335 4935 1738 4992 voluntarium
1772 4951 1872 4990 ac-

270 5007 485 5062 cedere
523 5005 806 5061 declarat.

343 5083 460 5148 (14)
498 5082 633 5151 Τρία
666 5073 726 5129 δὴ
753 5081 865 5135 ἔτη.
910 5077 1000 5134 Sic
1045 5094 1195 5134 mss.
1241 5077 1456 5135 melius
1501 5091 1687 5150 quam
1732 5076 1875 5132 editi

271 5156 399 5221 τρία
427 5153 519 5222 μὲν
544 5154 655 5205 ἔτη.

347 5220 614 5293 (15)Τώρ
659 5220 1022 5293 ἀγιασμάτων.
1056 5220 1206 5275 Editi
1259 5221 1493 5276 addunt
1533 5220 1876 5293 οἰκονομηθή-

276 5312 427 5344 σεται
455 5296 521 5344 τὰ
552 5291 605 5345 ιε’
636 5293 723 5363 ἔτη
757 5291 898 5362 αὐτῷ
927 5295 1108 5361 οὕτως,
1163 5293 1498 5363 quindecim
1531 5294 1678 5347 anni
1704 5293 1788 5346 sic
1812 5292 1876 5363 in

273 5379 341 5420 eo
367 5361 896 5434 dispensabuntur.
941 5363 1052 5434 Sed
1077 5361 1202 5418 hinc
1225 5379 1344 5418 non
1375 5363 1655 5433 leguntur
1681 5363 1797 5416 nisi
1815 5361 1878 5416 in

273 5433 718 5490 recentioribus
741 5433 1044 5489 nonnullis
1065 5434 1398 5491 codicibus.

347 5511 462 5577 (16)
497 5509 580 5559 Ἐν
609 5508 742 5560 ἑπτὰ
771 5509 958 5561 ἔτεσιν.
993 5507 1292 5577 Labor-ant
1334 5505 1647 5560 Balsamon
1689 5507 1878 5577 etZo-

272 5576 459 5633 naras
489 5580 548 5634 in
583 5577 700 5632 hoc
731 5592 963 5633 canone
995 5576 1375 5632 conciliando
1413 5592 1554 5632 cum
1587 5576 1880 5632 vicesimo

274 5650 569 5715 secundo,
587 5649 842 5721 atqueid
869 5663 1067 5706 causae
1095 5647 1372 5716 afferunt,
1389 5663 1496 5704 cur
1514 5648 1575 5704 in
1599 5646 1882 5703 vicesimo

1970 3225 2157 3283 misso
2195 3225 2367 3296 lapsa
2395 3231 2501 3291 est,
2533 3223 2764 3297 peccati
2799 3223 3074 3279 adulterii
3111 3228 3348 3296 tempus
3385 3223 3446 3278 in
3476 3238 3620 3279 con-

1975 3511 2242 3568 secundo
2265 3514 2534 3636 guatuor
2552 3510 2715 3575 anni,
2742 3512 2971 3582 septem
2999 3508 3056 3564 in
3087 3507 3272 3564 altero
3294 3508 3621 3564 decernan—

1977 3591 2092 3636 tur-
2137 3600 2260 3636 auo
2358 3581 2604 3636 Basilius
2638 3582 2701 3636 in
2743 3582 3032 3635 vicesimo
3068 3580 3334 3635 secundo
3367 3581 3621 3636 antiaua

1977 3591 2092 3650 tur,
2137 3580 2310 3655 quod
2358 3581 2604 3655 Basilius
2638 3582 2701 3636 in
2743 3580 3032 3655 vicesimo
3068 3580 3334 3655 secundo
3367 3581 3622 3655 antiqua

1974 3651 2216 3711 Patruin
2244 3653 2461 3724 placita
2487 3657 2791 3723 sequatur,
2816 3668 2992 3724 suam
3013 3653 3071 3706 in
3097 3651 3286 3724 altero
3313 3652 3619 3722 propriam

1977 3722 2332 3780 sententiam
2398 3722 2680 3794 exponat.
2742 3723 3031 3777 Eumdem
3095 3722 3258 3777 hunc
3322 3738 3620 3776 canonem

1975 3795 2576 3872 Alexius_i\ris_tenu_s,
2602 3800 2688 3872 _ut
2728 3794 3486 3872 clarumetperspicuum,
3519 3808 3622 3872 ne-

1976 3874 2077 3937 gat
2102 3864 2802 3937 explicationeindigere.
2823 3863 3380 3937 Videbatnim’irum
3401 3863 3623 3937 doctis-

1977 3933 2448 4006 siuiusscriptor
2477 3934 2778 4006 duplicem
2810 3951 2844 3989 a
2879 3935 3095 3990 Basilio
3125 3935 3409 4004 distingui
3433 3933 3619 3988 forni-

1977 4009 2296 4073 cationem,
2325 4007 2614 4062 leviorem
2656 4007 2928 4074 alteram,
2977 4007 3223 4061 alteram
3260 4020 3619 4073 gravrorem.

1979 4080 2182 4135 Levior
2207 4079 2442 4141 dicitur,
2461 4093 2598 4141 quae
2620 4077 2772 4132 inter
2801 4093 3088 4149 personas
3122 4075 3506 4149 matrimonio
3534 4091 3624 4149 so-

1976 4151 2131 4206 lutas
2159 4149 2576 4205 committitur:
2599 4147 3011 4218 gravioigcum
3025 4147 3156 4217 conj
3171 4147 3325 4218 ugati
3357 4147 3622 4202 hominis

1974 4222 2164 4277 libido
2195 4224 2255 4274 in
2294 4220 2608 4276 mulierem
2647 4219 2907 4274 solutam
2948 4221 3226 4290 erumpit.
3271 4219 3448 4290 Priori
3482 4219 3624 4272 anni

1975 4297 2259 4372 quatuor,
2285 4297 2513 4372 septem
2540 4291 2704 4372 alteri
2736 4289 3148 4372 imponuntur.
3192 4289 3495 4372 Manifesta
3527 4305 3622 4343 res

1979 4362 2068 4419 est
2093 4380 2164 4418 ex
2191 4379 2420 4418 canone
2448 4363 2536 4429 2-1,
2562 4362 2666 4416 ubi
2702 4362 3005 4433 conjugati
3037 4367 3348 4433 peccatum
3376 4375 3618 4433 cumso-

1979 4379 2068 4419 est
2093 4380 2164 4418 ex
2191 4379 2420 4418 canone
2448 4379 2536 4429 2-1,
2562 4379 2666 4416 UDI
2702 4379 2810 4417 con
2847 4379 3005 4433 ugan
3037 4379 3348 4432 peccatum
3376 4379 3614 4414 cumso-

1977 4439 2103 4490 luta
2142 4433 2600 4489 fornicationem
2633 4379 2892 4504 appeliat
2940 4431 3202 4498 Basilius,
3231 4447 3300 4485 ac
3332 4430 3614 4504 longiori-

1898 4519 1945 4572 ι)
1977 4506 2093 4561 bus
2122 4506 2316 4577 ptenis
2357 4504 2634 4569 coerceri,
2676 4501 2808 4559 non
2857 4508 3059 4577 tamen
3100 4504 3301 4577 instar
3327 4501 3621 4577 adulterii,

1979 4573 2247 4633 testa—tur.
2274 4581 2335 4631 In
2367 4591 2599 4630 canone
2639 4582 2838 4629 autem
2887 4575 2955 4628 77
2987 4590 3123 4628 eum
3157 4574 3258 4699 qui
3288 4573 3616 4642 legitimam

1979 4664 2231 4699 uxorem
2263 4647 2525 4699 dimittit.
2570 4649 2627 4699 et
2676 4645 2858 4699 aliam
2904 4645 3086 4699 ducit.
3121 4660 3156 4699 a
3205 4645 3460 4699 ulternm
3492 4645 3616 4699 aui-

1979 4664 2231 4703 uxorem
2263 4647 2525 4708 dimittit,
2570 4649 2627 4700 et
2676 4645 2858 4700 aliam
2904 4645 3086 4713 ducit,
3121 4645 3460 4699 adulterum
3492 4645 3625 4714 qui-

1981 4719 2119 4774 dem
2147 4733 2276 4772 esse
2303 4735 2372 4771 ex
2399 4717 2632 4771 Domini
2664 4717 2959 4771 sententia
2989 4721 3252 4777 testatur,
3287 4715 3391 4770 sed
3423 4721 3627 4769 tamen

1982 4806 2052 4845 ex
2084 4790 2419 4844 canonibus
2452 4788 2694 4858 Patrum
2724 4803 2915 4842 annos
2940 4793 3169 4858 septem
3191 4787 3474 4852 decernit,
3502 4801 3626 4840 non

1982 4860 2349 4931 quindecim,
2386 4864 2448 4912 ut
2474 4858 2533 4912 in
2560 4857 2852 4912 adulterio
2874 4857 3020 4911 curn
3034 4857 3227 4911 aliena
3247 4872 3432 4931 uxore
3462 4872 3627 4931 com:

1982 4927 2189 4986 misso.
2227 4932 2439 4986 Secum
2469 4943 2612 4993 ergo
2644 4943 2766 4982 non
2811 4934 3042 4999 pugnat
3079 4945 3214 4983 curn
3248 4927 3627 4983 fornicationi

1983 5017 2146 5057 nunc
2176 5016 2369 5055 annOS
2397 5003 2677 5071 quatuor.
2705 5013 2864 5071 nunc
2886 5006 3134 5071 septem,
3158 4999 3449 5071 adulterio
3466 5011 3627 5050 nunc

1983 5079 2232 5143 septem.
2265 5069 2432 5143 nunc
2450 5069 3044 5143 quindecimiudicit.
3073 5070 3358 5125 Eamdem
3388 5069 3447 5143 in
3490 5082 3623 5143 sen~

1985 5137 2228 5199 tentiam
2249 5137 2491 5196 videtur
2503 5141 2889 5211 accipiendus
2906 5157 3099 5196 canon
3120 5147 3339 5212 quartu
3359 5137 3624 5212 epistolae

1988 5215 2182 5270 Sancti
2215 5211 2476 5278 Gregorii
2501 5207 2756 5283 Nysseni
2785 5213 2858 5267 ad
2889 5207 3333 5267 Letoium.Nam
3356 5207 3492 5264 cum
3514 5207 3627 5261 for-

1985 5285 2271 5340 nicationi
2302 5299 2516 5338 novem
2548 5282 2767 5348 annos,
2801 5284 3089 5338 adulterio
3120 5282 3327 5336 decem
3386 5289 3442 5335 et
3493 5284 3628 5334 octo

1987 5357 2264 5428 imponit,
2289 5356 2527 5424 gravior
2555 5355 2652 5428 illa
2675 5354 3061 5428 intelligenda
3093 5353 3626 5428 fornicatio,quam

1987 5419 2496 5496 conjugatiiscum
2523 5426 2716 5480 soluta
2749 5419 3081 5479 committit.
3109 5423 3253 5496 Hinc
3274 5419 3625 5496 illamadul-

1989 5492 2199 5555 terinm
2225 5496 2408 5551 videri
2426 5497 2640 5552 fatetur
2658 5497 2747 5551 his
2773 5497 2874 5567 qui
2900 5494 3236 5550 accuratius
3257 5492 3628 5548 examinant.

2059 5571 2171 5639 (i7)
2235 5577 2340 5629 Τῆς
2391 5573 2655 5639 μοιχείας.
2711 5566 2842 5622 Ηδὲο
2895 5569 3302 5639 consentanea
3347 5566 3486 5617 sunt
3530 5578 3624 5617 ca-

1988 5633 2133 5698 no'ni
2154 5633 2254 5709 '18,
2285 5641 2347 5695 in
2370 5633 2786 5708 quo'decernit
2831 5635 3077 5692 Basilius
3127 5633 3464 5692 adulteram
3495 5647 3628 5690 esse
