4054 6228
510 300 618 357 799

1894 295 1949 352 s.
1981 291 2230 350 BASILII
2270 296 2493 352 mare:
3717 313 3800 369 εοο

507 424 769 482 tinentiae
802 425 1152 497 praescripto
1194 424 1539 498 complebit.
1567 424 1731 480 Idem
1761 424 1818 479 et
1854 421 1916 477 in
1947 419 2018 476 iis
2053 417 2159 493 qui

2288 421 2645 498 ἱμαρτήματος
2717 423 2768 475 ἓν
2843 429 2906 495 τῇ
2983 421 3254 494 οἰκονομίᾳ
3325 430 3411 484 τῆς
3481 429 3583 480 καθ’
3650 431 3802 492 ἑαυτὴν

507 514 692 571 vitam
731 513 1130 570 monasticam
1165 515 1415 586 professi
1439 517 1599 582 sunt,
1624 517 1680 569 et
1707 511 2015 568 labuntur.

581 693 708 749 LXI.
735 692 906 763 327
947 691 1054 757 Qui
1085 691 1316 749 furatus
1343 695 1448 764 est,
1474 691 1776 765 siquidem
1801 690 2013 762 sponte
2036 702 2162 760 poe-

505 780 758 837 nitentia
786 785 1008 845 motus,
1042 780 1314 854 seipsum
1345 780 1662 848 accusat-it,
1691 794 1922 837 annum
1963 793 1999 832 a
2031 775 2161 833 sola

508 874 1028 926 sacramentorum
1044 872 1476 928 communione
1501 869 1825 927 arcebitur:
1851 868 1943 923 sin
1959 870 2160 923 autem

507 960 818 1016 convictus
844 959 1040 1027 fuerit,
1073 976 1268 1017 annos
1296 960 1475 1017 duos.
1521 959 1828 1016 Dividetur
1867 959 2070 1013 autem
2107 955 2161 1012 ei

509 1053 748 1121 tempus
769 1048 831 1104 in
856 1048 1326 1107 substrationem
1350 1055 1407 1106 et
1427 1047 1877 1106 consistentiam
1903 1064 1917 1116 ;
1945 1051 2000 1102 et
2019 1049 2162 1102 tunc

509 1138 936 1194 communione
967 1138 1188 1210 dignus
1218 1139 1537 1202 habeatur,

584 1229 735 1284 LXII.
796 1227 906 1294 Qui
957 1227 1391 1300 turpitudinem
1440 1228 1503 1284 in
1555 1225 1826 1284 maribus
1876 1222 2159 1298 patravit.

509 1318 748 1388 tempus
770 1315 927 1372 illius
959 1316 1065 1390 qui
1099 1316 1376 1374 adulterii
1420 1315 1614 1374 scelus
1644 1313 1912 1384 admisit,
1947 1313 2001 1370 ei
2039 1311 2162 1369 dis-

513 1404 886 1478 pensabitur.

587 1495 764 1550 LXIII.
796 1493 906 1559 Qui
937 1510 1110 1551 suam
1137 1494 1197 1550 in
1230 1494 1548 1551 brutorum
1585 1491 1910 1550 concubitu
1957 1489 2170 1564 impie-

513 1586 694 1640 tatem
727 1583 1057 1656 conﬁtetur,
1091 1583 1253 1642 idem
1285 1588 1524 1657 tempus
1554 1584 1615 1642 in
1659 1582 2009 1657 poenitentia
2043 1597 2166 1638 ser-

516 1671 703 1728 vabit.

587 1761 762 1817 LXIV.
799 1763 1080 1832 Perjurus
1115 1762 1290 1818 annis
1335 1761 1547 1819 decem
1590 1776 1716 1818 non
1749 1760 1857 1817 erit
1897 1775 2169 1816 commu—
2202 1771 2243 1825 Β

514 1849 710 1906 nionis
736 1851 1277 1923 particeps;annis
1307 1851 1548 1907 duobus
1591 1850 1764 1920 ﬂens,
1821 1849 2010 1905 tribus
2056 1864 2160 1905 au-

514 1937 704 2010 diens,
735 1945 998 2011 quatuor
1014 1939 1374 2010 substratus,
1392 1955 1513 1996 uno
1535 1940 1866 1996 consistens
1898 1942 2164 2006 tantum;

517 2031 573 2084 et
604 2031 746 2084 tunc
777 2027 1207 2085 communione
1236 2028 1457 2098 dignus
1487 2027 1828 2084 habebitur.

594 2119 744 2174 LXV.
781 2118 888 2183 Qui
917 2117 1254 2190 prmstigias
1287 2117 1382 2174 vel
1421 2117 1780 2174 veneﬁcium
1828 2116 2165 2188 conﬁtetur,

516 2206 578 2262 in
608 2206 927 2263 homicidas
958 2211 1195 2278 tempus
1225 2206 1287 2262 in
1311 2206 1669 2278 pmnitentia
1700 2205 1914 2272 ducet;
1939 2209 1996 2263 et
2029 2221 2170 2262 cum

517 2294 618 2351 illo
641 2299 871 2366 agetur,
895 2293 1054 2352 velut
1077 2309 1216 2350 cum
1241 2310 1311 2352 eo
1337 2295 1441 2368 qui
1461 2310 1523 2351 se
1546 2295 1674 2369 ipse
1697 2296 1759 2351 in
1781 2295 1897 2351 hoc
1919 2299 2170 2368 peccato

519 2383 737 2457 prodit.

596 2474 765 2529 LXVI.
797 2472 908 2539 Qui
938 2473 1216 2546 sepulcra
1241 2472 1469 2541 efiodit,
1502 2471 1680 2529 annis
1710 2471 1922 2529 decem
1947 2471 2172 2529 carebit

518 2561 981 2620 communione:
1015 2563 1258 2620 duobus
1279 2561 1449 2618 ﬂens.
1479 2563 1671 2618 tribus
1707 2562 1985 2628 audiens,
2017 2577 2171 2635 qua-

522 2653 656 2707 tuor
686 2650 1046 2721 substratus,
1097 2667 1218 2710 uno
1257 2651 1632 2708 consistens:
1673 2655 1730 2709 et
1781 2656 1926 2708 tunc
1956 2650 2172 2708 admit-

522 2743 700 2797 tetur.

597 2830 797 2886 LXVII.
828 2831 976 2888 Cum
1005 2845 1208 2887 sorore
1238 2829 1450 2900 coitus,
1478 2828 1798 2887 homicidas
1842 2832 2081 2904 tempus
2109 2829 2173 2888 in

523 2918 876 2989 paenitentia
905 2918 1190 2992 explebit.

595 3006 780 3062 LXIII.
813 3008 1198 3078 Cognationis
1244 3008 1306 3065 in
1366 3009 1653 3067 humanis
1707 3008 1932 3082 nuptiis
1973 3009 2172 3082 prohi-

2275 513 2407 574 ζωῆς
2434 512 2546 584 (18)
2603 511 2895 586 πληρώσει.
2935 515 3004 564 Τὸ
3055 511 3178 563 αύτό
3233 516 3319 564 καὶ
3369 511 3447 565 ἐπὶ
3478 523 3567 567 τῶν
3596 517 3695 589 βίον
3733 543 3803 592 ac.

2283 601 2547 662 ναζὸντων
2583 600 3047 673 ἐπαγγειλαμένων,
3071 606 3160 653 καὶ
3184 603 3534 660 ἐκπιπτόντων.

2340 689 2455 746 ΞΑ’.
2495 690 2553 742 Ὀ
2607 689 2820 761 κλέψας,
2875 690 2920 743 εἰ
2975 693 3065 762 μὲν
3125 688 3212 762 ἀφ’
3270 690 3448 743 ἑαυτοῦ
3493 695 3805 766 μεταμεληθεὶς

2269 784 2675 855 κατηγορήσειεν
2751 778 2959 846 ἑαυτοῦ,
3020 778 3256 831 ἐνιαυτὸν
3311 779 3646 838 κωλυθήσεται
3685 790 3804 857 μόνον

2267 876 2360 930 τῆς
2420 873 2683 928 κοινωνίας
2739 877 2837 920 τῶν
2897 867 3279 940 ἀγιασμάτων·
3344 869 3387 920 εἰ
3452 866 3507 922 δί
3562 870 3806 944 ἐλεγχθείη,

2271 957 2322 1010 ἐν
2372 954 2529 1010 δυσὶν
2572 960 2734 1013 ἔτεσι.
2789 959 3185 1031 Μερισθήσεται
3229 953 3289 1010 δε
3328 957 3463 1030 αὐτῷ
3499 960 3717 1032 ὁχρονος
3756 964 3810 1025 εἰς

2270 1048 2573 1100 ύπόπτωσιν
2612 1051 2702 1099 καὶ
2764 1048 3024 1100 σύστασιν
3055 1067 3067 1080 ·
3131 1051 3221 1099 καὶ
3277 1051 3392 1100 τότε
3443 1045 3682 1111 ἁξιούσθω
3727 1052 3816 1120 (t9)

2270 1144 2359 1197 τῆς
2384 1139 2673 1198 κοινωνίας.

2343 1225 2431 1279 ΞΠ
2459 1225 2515 1278 Ὀ
2560 1230 2654 1284 τὴν
2699 1223 3088 1298 ἀσχημοσύνην
3137 1225 3188 1278 ἐν
3239 1231 3350 1286 τοῖς
3407 1224 3603 1300 οἰρῥεσιν
3651 1224 3818 1280 ἔπιδε..

2271 1317 2513 1387 τινύμενος
2541 1318 2627 1366 τὸν
2675 1319 2866 1387 χρόνον
2896 1321 2989 1367 τοῦ
3046 1312 3096 1366 ἐν
3139 1322 3200 1384 τῇ
3260 1319 3476 1387 μοιχείᾳ
3512 1323 3821 1389 παρανομοῦν·

2273 1422 2356 1464 τος
2388 1403 2879 1475 οἰκονομηθήσεται.

2345 1490 2456 1547 ΞΓ.
2509 1490 2568 1543 Ὀ
2623 1490 2671 1542 έν
2722 1489 2930 1562 ἀλόγοις
2990 1494 3084 1548 τὴν
3141 1489 3328 1543 ἑαυτοῦ
3401 1489 3623 1543 ἀσέϐειαν
3675 1489 3825 1562 ἐξαγο-

2274 1581 2434 1651 ρεύων
2491 1583 2578 1633 τὸν
2639 1579 2794 1632 αύτὸν
2865 1584 3056 1655 χρόνον
3121 1579 3576 1653 ἐξομολογούμενος
3627 1599 3825 1654 παραφνι

2273 1668 2504 1731 λάζεται.

2346 1758 2455 1813 ΞΔ’.
2487 1758 2546 1812 Ὀ
2572 1757 2810 1833 ἰπίορκος
2849 1757 2898 1810 ἓν
2933 1754 3063 1812 δέκα
3108 1760 3274 1811 ἔτεσιν
3307 1757 3636 1820 ἀκοινώνητος
3672 1757 3827 1810 ἔσται·

2278 1844 2434 1900 δυσὶν
2489 1850 2626 1901 ἔτεσι
2694 1847 3046 1921 προσκλαίων,
3104 1853 3278 1922 τρισὶν
3354 1846 3676 1920 ἀκροώμενος,
3730 1851 3832 1898 τίιτ⁸

2279 1956 2467 2010 σαρσιν
2523 1938 2855 2004 ὑποπίπτων,
2929 1936 3162 1990 ἐνιαυτὸν
3231 1942 3495 1999 συνεστὼς
3547 1941 3721 2008 μόνον’
3761 1940 3833 1986 καί

2277 2032 2392 2081 τότε
2417 2035 2510 2090 τῆς
2541 2030 2810 2089 κοινωνίας
2827 2025 3149 2100 ἀξιούμενος.

2349 2117 2461 2172 ΞΕ.
2513 2116 2571 2169 Ὀ
2628 2120 2881 2190 χοητείαν
2949 2116 2978 2174 ᾖ
3045 2120 3377 2190 φαρμακείαν
3434 2114 3722 2188 ἐξαγορεύων
3768 2117 3837 2164 τὸν

2278 2214 2368 2262 τοῦ
2437 2205 2625 2280 φονέως
2679 2210 2871 2279 χρόνον
2931 2205 3397 2279 ἐξομολογήσεται,
3461 2209 3616 2268 οὕτως
3673 2202 3842 2256 οἰκονοο

2279 2299 2551 2371 μούμενος,
2591 2299 2657 2358 ὡς
2699 2294 2748 2348 ἐν
2791 2293 2966 2368 ἐκείνῳ
3015 2295 3131 2368 (20)
3178 2302 3253 2367 τῷ
3318 2295 3647 2370 ἁμαρτήματι
3691 2291 3842 2345 ἑαυτὸν

2280 2385 2506 2458 ἰλίγξας.

2348 2475 2452 2562 Et,"
2483 2474 2542 2526 ’0
2579 2471 2928 2562 τυμϐωρύχος
2959 2473 3009 2526 ἕν
3054 2469 3183 2562 dixit
3231 2473 3355 2562 (2
3395 2476 3558 2562 ἔτεσιν
3599 2470 3842 2562 ἀκοινώνιὲ⁴

2277 2584 2368 2628 τος
2404 2555 2554 2619 ἔσται
2577 2584 2591 2598 ·
2625 2563 2673 2616 ἐν
2719 2560 2846 2616 δυσί
2895 2561 3249 2636 προσκλαίων.
3291 2561 3348 2615 ἓν
3385 2563 3428 2634 γ’
3461 2561 3782 2637 ἀκροώμενος,
3808 2555 3845 2608 ἰν

2281 2651 2328 2709 δ’
2357 2656 2682 2721 ὑποπίπτων,
2731 2652 2962 2706 ἐνιαυτὸν
3004 2656 3266 2713 συνεστώς
3301 2667 3318 2682 ⁸
3362 2656 3452 2704 καὶ
3479 2655 3591 2704 τότε
3620 2646 3848 2722 δεχθησό-

2279 2762 2449 2818 μενος.

2350 2833 2462 2889 ΞΖ’·
2493 2830 2865 2907 Ἀδελφομιξία
2893 2833 2980 2884 τὸν
3028 2838 3121 2884 τοῦ
3174 2836 3371 2906 φονέως
3417 2835 3606 2908 χρόνον
3651 2824 3852 2900 ἱξομολο⁹

2278 2926 2417 2999 γηοή
2429 2943 2598 2978 σεται.

2350 3018 2435 3068 ΞΗ
2511 3012 2568 3066 ’Π
2639 3020 2729 3074 τῆς
2802 3009 3146 3087 ἅπειρημένης
3211 3015 3521 3085 συγγενείας
3593 3009 3661 3069 εἰς
3714 3007 3855 3077 γάμον

523 3094 662 3151 bitas
726 3097 1091 3168 conjunctio,
1147 3098 1196 3154 si
1248 3098 1308 3155 in
1356 3099 1617 3172 peccatis
1661 3098 2166 3172 deprehendatur,

2288 3101 2562 3179 ανθρώπων
2635 3102 2752 3173 (22)
2809 3103 3091 3168 σύστασις,
3157 3101 3202 3154 εἰ
3269 3103 3539 3178 φωραθείη
3605 3097 3651 3151 ἕν
3711 3096 3856 3166 ἁμαρ·

529 3184 943 3244 adulterorum
968 3203 1181 3261 poenas
1214 3187 1461 3246 subibit.

602 3365 775 3422 LXIX.
809 3367 1033 3438 Lector,
1072 3367 1120 3423 si
1142 3383 1280 3425 cum
1311 3383 1422 3426 sua
1454 3383 1678 3441 sponsa
1707 3371 1843 3426 ante
1865 3367 2176 3426 matrimo-

528 3455 699 3510 nium
725 3456 1156 3513 commercium
1176 3457 1476 3527 habuerit,
1504 3462 1830 3531 postquam
1862 3474 2023 3514 anno
2045 3474 2178 3515 ces-

530 3544 770 3613 saverit,
802 3544 882 3601 ad
910 3544 1237 3616 legendum
1277 3547 1670 3620 suscipietur;
1699 3563 1822 3604 non
1848 3551 2052 3605 tamen
2081 3547 2178 3604 ul-

530 3813 824 3887 virginem
851 3811 1112 3887 lapsam.
1145 3814 1306 3887 Multi
1335 3813 1432 3872 alii
1456 3818 1650 3872 Patres
1678 3831 1817 3872 cum
1850 3815 2064 3872 Basilio
2093 3815 2177 3872 fa-

532 3885 717 3941 ciunt.
763 3885 1148 3960 A_ugust_inus,
1177 3886 1440 3960 quirem
1473 3887 1749 3960 subtilius
1778 3887 2156 3960 persequitur

531 3959 714 4024 negat
739 3931 1099 4030 adulterium
1130 3931 1263 4013 és‘ée
1292 3959 1642 4028 hujusmodi
1685 3931 2024 4030 peccatum,
2072 3931 2179 4014 sed

531 4030 736 4082 tamen
771 4027 1062 4083 adulterio
1089 4030 1330 4097 gravius
1370 4027 1606 4084 fatetur.
1641 4027 2021 4098 Quapropter
2063 4047 2179 4086 non

531 4112 768 4170 possum
801 4099 1016 4162 dicere,
1048 4099 1244 4170 inquit
1272 4098 1376 4153 lib.
1422 4101 1508 4154 De
1554 4100 1702 4155 bono
1733 4101 2066 4166 viduitatis,
2115 4117 2177 4156 n.

534 4169 560 4222 1
574 4172 624 4234 4,
639 4183 674 4223 a
691 4172 989 4238 proposito
1004 4169 1245 4225 meliore
1256 4171 1478 4238 lapsas.
1492 4170 1545 4224 si
1554 4173 1889 4239 nupserim,
1899 4171 2178 4240 feminas,

534 4239 838 4295 adulteria
872 4257 1009 4307 esse,
1033 4257 1152 4295 non
1175 4242 1493 4310 conjugia:
1521 4242 1625 4297 sed
1649 4243 1837 4310 plane
1867 4258 1986 4297 non
2008 4239 2180 4297 dubi;

535 4314 779 4367 taverim
804 4312 1019 4375 dicere,
1056 4313 1262 4380 lapsus
1290 4319 1343 4367 et
1371 4316 1582 4367 ruinas
1618 4327 1655 4368 a
1709 4315 1984 4369 castitate
2012 4329 2181 4370 sanc-

535 4384 698 4451 tiore,
730 4399 855 4454 qua?
881 4390 1127 4454 vovetmf
1151 4384 1418 4451 Domino,
1447 4384 1764 4440 adulteriis
1782 4399 1899 4440 esse
1925 4387 2176 4454 pejores.

604 4453 749 4526 ςίβγ
788 4462 894 4526 Τῆς
940 4454 1056 4506 καθ’
1107 4453 1292 4526 ίαυτὴν
1358 4458 1515 4526 ζωῆς.
1577 4455 1954 4510 Continentia
1997 4453 2180 4526 ejus-

535 4524 702 4597 modi
732 4525 929 4597 verbis
962 4525 1129 4597 apud
1159 4525 1438 4597 antiquos
1459 4525 1767 4597 designari
1795 4526 1976 4595 solet;
2009 4524 2180 4597 cujus

536 4541 702 4578 mocu
732 4541 929 4580 vernis
962 4541 1126 4650 apud
1159 4541 1438 4597 antiquos
1459 4541 1767 4593 uesxgnari
1795 4541 1976 4595 soret;
2009 4544 2180 4597 ornus

536 4595 620 4668 rei
648 4596 791 4649 satis
837 4596 946 4650 erit
987 4595 1135 4668 ilud
1164 4597 1537 4668 exemplum
1581 4596 1791 4652 afferre
1841 4613 1911 4653 ex
1954 4601 2182 4654 Hermte

534 4663 640 4720 lib.
682 4683 737 4731 ιι,
787 4682 921 4747 cap.
955 4668 1020 4719 Ir:
1057 4665 1172 4731 Qui
1200 4663 1389 4747 nutrit:
1433 4683 1552 4722 non
1581 4675 1812 4747 peccat,
1845 4669 1948 4725 sed
1984 4671 2036 4725 si
2073 4686 2185 4747 per:

535 4751 596 4810 se
611 4738 1230 4810 manseriILmagnum
1250 4738 1363 4810 sibi
1391 4740 1690 4810 conquirit
1720 4739 1999 4796 honorem
2019 4738 2186 4810 apud

538 4809 878 4880 Dominum.
897 4808 1297 4880 Contirmatur
1325 4808 1452 4863 haec
1482 4809 1800 4880 explicatio
1829 4827 1902 4866 ex
1943 4808 2185 4868 canoni-

534 4878 748 4954 b_us__18
777 4881 952 4954 etii,
977 4894 1236 4954 quorum
1259 4879 1318 4954 in
1336 4880 1532 4954 primo
1560 4878 1818 4954 Basilius
1849 4882 2034 4954 lapsis
2062 4885 2183 4938 vir-

537 4949 798 5019 ginibus,
832 4949 1035 5024 itidem
1064 4955 1121 5024 et
1146 4949 1451 5024 adulteris,
1476 4967 1597 5006 non
1619 4953 1782 5024 prius
1807 4949 2184 5010 reddendam

535 5022 1028 5095 communionem
1055 5019 1339 5095 decernit,
1371 5038 1558 5095 quam
1590 5019 1633 5078 ά
1656 5028 1902 5094 peccato
1931 5041 2186 5080 recesse-

535 5093 691 5160 rint;
726 5094 788 5146 in
827 5092 1013 5146 altero
1053 5098 1254 5164 autem
1301 5092 1489 5164 lapsae
1543 5092 1678 5148 cum
1733 5097 1933 5149 Greco
1981 5096 2186 5152 diaco-

535 5163 1276 5237 nissteqcommunionem
1346 5163 1484 5237 post
1559 5169 1786 5236 septem
1845 5181 2041 5221 annos
2114 5183 2186 5222 ea

537 5235 880 5362 colntlitione
929 5234 1225 5300 concedit,
1289 5234 1363 5290 ut
1427 5234 1780 5307 perpetuam
1845 5238 2184 5295 castitatem

537 5322 606 5362 co
633 5323 667 5362 a
700 5347 713 5361 .

536 5311 713 5363 colat.

609 5380 714 5446 (t9)
769 5377 1081 5439 Ἀξιούσθω.
1142 5379 1226 5431 Ita
1273 5373 1557 5448 plerique
1625 5391 1772 5431 mss.
1829 5379 1978 5435 Editi
2030 5379 2183 5444 ἀξιω-

540 5445 776 5517 θήσεται,
823 5448 1086 5514 exceptis
1132 5445 1479 5503 Pandectis;
1515 5449 1652 5502 Tres
1707 5448 1852 5503 anni
1909 5452 2186 5508 convicto

539 5518 654 5574 furi
699 5522 1104 5575 decernuntur
1149 5519 1211 5574 in
1255 5517 1665 5572 recentissimo
1720 5519 1926 5577 codice
1985 5522 2188 5579 Coisli-

538 5588 746 5647 niano.
788 5591 844 5646 S.
877 5589 1194 5662 Gregorius
1224 5591 1530 5662 Nyssenus
1554 5605 1694 5649 eum
1723 5590 1828 5664 qui
1858 5593 2053 5656 aliena
2104 5594 2188 5653 Ia-

2281 3198 2485 3266 τήμασι
2539 3193 2874 3264 γεγενημένη,
2919 3192 2987 3242 τὰ
3045 3198 3146 3243 τῶν
3209 3200 3428 3264 μοιχῶν
3494 3189 3608 3259 (23)
3655 3185 3862 3255 ἐπιτίμια

2287 3279 2510 3346 δέξεται.

2354 3371 2478 3428 ΞΘ’.
2509 3370 2891 3442 Ἀναγνὼστης,
2942 3369 2985 3422 εἰ
3030 3376 3091 3442 τῇ
3155 3368 3350 3422 ἑαυτοῦ
3405 3374 3609 3442 μνηστῇ
3659 3365 3752 3438 πρὸ
3788 3365 3862 3414 τοῦ

2284 3462 2455 3533 γάμου
2499 3458 2874 3524 συνᾶλλάξειεν,
2933 3456 3167 3511 ἕνιαυτόν
3223 3457 3491 3533 ἀργήσας,
3547 3456 3613 3516 εἰς
3661 3456 3714 3507 τὸ
3763 3450 3860 3502 ἁνα-

2285 3556 2558 3624 γινὼσκειν
2618 3545 2964 3622 δεχθήσεται,
3019 3552 3182 3621 μένων
3243 3547 3567 3622 ἀκρόκοπος.
3637 3541 3862 3613 Κλεψιγα·

2290 3821 2479 3877 tenter
2502 3816 2722 3944 rapuit,
2762 3819 2821 3873 et
2851 3819 3064 3888 sponte
3094 3815 3418 3872 confessus
3447 3818 3558 3887 est,
3586 3807 3866 3890 nonaddi-

2290 3891 2367 3944 cit
2397 3888 2566 3944 aradi
2618 3904 2688 3943 us
2725 3888 3113 3944 poenitentiae.
3144 3888 3502 3944 sed.itidem
3533 3891 3599 3941 ut
3619 3882 3864 3944 Basuius,

2290 3891 2367 3946 cit
2397 3882 2688 3961 gradibus
2709 3882 3128 3961 paenitentiae,
3144 3888 3271 3953 sed,
3288 3888 3502 3944 itidem
3533 3882 3599 3941 ut
3619 3882 3864 3961 Basilius,

2288 3954 2442 4018 inte'r
2467 3954 2867 4016 consistentes
2903 3959 3244 4014 curandum
3261 3963 3498 4023 censet,
3533 3961 3728 4014 can.6.
3759 3954 3870 4009 Ilo:

2290 4032 2431 4089 editi
2460 4039 2531 4104 τῷ
2567 4035 2771 4104 χρόνῳ.
2810 4030 3116 4104 Nss._utin
3149 4035 3339 4104 textu.

2359 4087 2820 4185 (20).‘E;w£'x-£iv9.'
2861 4100 3158 4185 Labbeus,
3191 4087 3556 4171 Beveregius
3577 4102 3633 4154 et
3650 4093 3870 4185 Combe-

2288 4171 2462 4230 ﬁsius’
2479 4174 2684 4245 legunt
2723 4171 2772 4225 ἐν
2799 4171 3022 4243 ἑκάστῳ,
3056 4173 3117 4227 in
3145 4188 3514 4245 unoquoque
3542 4174 3794 4245 peccato:

2361 4248 2472 4313 (2t)
2505 4241 2587 4297 Ἐν
2627 4241 2776 4297 δέκα.
2802 4241 3106 4313 Hervetus,
3133 4241 3421 4300 Labbeus
3441 4249 3501 4298 et
3528 4241 3871 4313 Beveregiu§.

2289 4303 2467 4389 quasi
2475 4316 2738 4389 legerent
2757 4317 2804 4367 ἓν
2812 4311 2958 4384 δεκα,
2971 4303 3372 4389 reddiderunt
3384 4313 3666 4389 u_ndecim
3676 4303 3877 4389 ._Simile

2290 4385 2553 4444 erratum
2567 4387 2644 4442 ab
2667 4389 2916 4441 Herveto
2926 4386 3322 4442 commissum
3335 4386 3400 4442 in
3418 4385 3878 4456 interpretatione

2214 4476 2257 4532 ι)
2292 4474 2596 4532 canonum
2618 4461 2696 4532 756
2725 4461 2783 4512 et
2807 4461 2895 4512 66.

2365 4531 2474 4610 (2.2)
2514 4530 2872 4609 Ἀνθρτςδπωνο.
2903 4529 3330 4610 εαρο.νοοθω
3399 4542 3542 4610 qam
3595 4519 3881 4610 deerat}?

2293 4592 2491 4673 editis,
2501 4592 2918 4673 reperimusin
2949 4598 3250 4673 plerisque
3270 4592 3570 4673 omnibus
3597 4592 3882 4673 codicibus

2293 4689 2443 4728 mss.
2477 4664 2704 4727 Ibidem
2733 4664 3170 4740 legitur'arégti
3198 4669 3260 4724 in
3291 4668 3580 4740 pluribus
3614 4684 3755 4740 mss.
3794 4664 3884 4718 Ha~

2292 4743 2520 4814 hebant
2571 4742 2731 4814 enim
2780 4740 2920 4796 editi
3079 4739 3128 4792 ἓν
3169 4739 3557 4814 ἁμαρτὸμασιν
3606 4739 3881 4814 ἀνθρώπων,

2295 4814 2399 4886 sed
2431 4813 2599 4886 deest
2624 4815 2688 4874 ὡς
2717 4813 2778 4868 in
2809 4811 3094 4868 omnibus
3125 4809 3293 4881 mss",
3322 4809 3617 4886 ἀνθρώπων
3647 4809 3710 4866 in
3738 4809 3880 4861 vetu-

2293 4884 2595 4941 stissimis.

2361 4959 2474 5026 (23)
2504 4958 2580 5007 Τά
2609 4962 2708 5006 τῶν
2739 4962 2964 5026 μοιχῶν.
3011 4955 3179 5026 Hunc
3230 4969 3540 5026 canonem
3605 4953 3688 5007 sic
3727 4950 3885 5026 interv

2337 5021 2561 5105 retatur
2582 5021 2885 5105 Ari‘sten‘us
2904 5041 2916 5080 :
2937 5025 3542 5105 Matrimoniumpum
3566 5021 3886 5105 propinqui}

2315 5097 2525 5167 egibus
2562 5096 2953 5168 prohibitum,
2989 5096 3202 5168 eadem
3233 5112 3302 5151 ac
3325 5095 3699 5168 adulterium
3725 5101 3888 5163 poena.

2293 5166 2655 5244 castigatur:
2702 5171 2760 5244 et
2814 5183 2952 5222 cum
3010 5167 3263 5244 diversa:
3311 5167 3444 5244 sint
3492 5166 3886 5244 adulterorum

2293 5235 2520 5312 poenae;
2555 5240 2639 5294 sic
2662 5239 2840 5312 etiam
2863 5254 2972 5312 pro
2999 5239 3230 5312 ratione
3266 5236 3743 5312 propinquitatis
3781 5235 3888 5285 tota

2293 5305 2389 5368 res
2418 5305 3032 5382 temperabirtuerinc
3053 5309 3208 5365 duas
3228 5305 3474 5364 sorores
3504 5305 3754 5382 ducenti
3768 5314 3890 5382 sep-

2295 5387 2414 5439 tem
2437 5375 2582 5453 anni
2603 5381 2966 5453 poenitentiae
2995 5381 3360 5449 irrogantur,
3397 5385 3462 5436 ut
3507 5381 3570 5434 in
3617 5375 3889 5453 adulterio

2295 5469 2436 5509 cum
2465 5447 2712 5508 muliere
2741 5451 2932 5508 libera
2977 5447 3327 5521 commisso,
3369 5466 3498 5508 non
3534 5447 3891 5522 quindecim.

2295 5529 2361 5584 ut
2383 5525 2446 5583 in
2475 5524 2751 5600 graviore
2777 5522 3094 5584 adulterio.
