4100 6214
572 239 675 298 803

1956 235 2012 293 s.
2053 222 2305 293 BASILlI
2343 236 2566 294 MAGNI
3755 264 3836 323 ωε

570 380 694 437 quo
741 379 773 420 e
802 362 922 419 vita
960 355 1213 429 excedit,
1247 360 1629 415 sacramento
1678 359 1900 432 dignus
1924 360 2191 419 habeatu

2296 394 2308 415 ι
2338 364 2549 431 γεῖσθαι
2578 372 2861 439 χρεωστεί,
2894 367 2944 420 ἐν
2970 375 3041 440 τῷ
3065 374 3229 441 καιρῷ
3311 369 3513 428 ἐκϐαίνει
3538 384 3616 430 τοῦ
3632 385 3745 451 Βίου,
3770 394 3841 440 τοῦ

570 454 651 510 ob
677 452 863 510 ﬁdem
883 451 944 506 in
967 449 1066 505 Dei
1086 447 1494 504 clementiam.

641 632 866 686 LXXIV.
931 628 1105 695 Quod
1161 626 1212 681 si
1260 626 1681 700 unusquisque
1738 644 1971 698 eorum,
2013 630 2117 702 qui
2162 630 2225 685 in

567 720 868 793 praedictis
926 717 1185 791 peccatis
1274 716 1461 781 fuere,
1546 720 1955 788 paenitentiam
2011 734 2223 789 agens,

568 819 767 873 bonus
826 815 1101 880 evaserit,
1133 814 1183 869 is
1242 814 1403 868 cuia
1453 815 1553 869 Dei
1601 814 1969 885 benignitate
1995 815 2226 887 ligandi

566 914 746 979 atque
774 906 1040 961 solvendi
1067 904 1293 960 credita
1324 910 1612 975 potestas,
1646 906 1693 960 si
1721 906 2070 963 clementior
2093 907 2219 975 ﬁat,

565 1001 882 1068 perspecta
910 994 1067 1050 illius
1099 992 1200 1066 qui
1228 994 1496 1065 peccavit
1528 995 1891 1065 pmnitentire
1922 996 2222 1065 magnitu-

563 1087 721 1150 dine,
762 1086 841 1140 ad
890 1082 1353 1140 diminuendum
1404 1097 1721 1154 pcenarum
1780 1090 2041 1157 tempus,
2096 1100 2220 1141 non

562 1177 669 1230 erit
710 1175 933 1243 dignus
989 1172 1520 1242 condemnatione,
1573 1188 1711 1228 cum
1760 1189 1830 1230 ea
1862 1190 1998 1246 qum
2043 1175 2219 1232 estin

562 1264 897 1335 Scripturis,
949 1262 1201 1316 historia
1278 1276 1390 1314 nos
1465 1259 1702 1329 doceat,
1762 1278 1866 1318 eos
1915 1262 2020 1335 qui
2079 1280 2219 1320 cum

562 1353 789 1422 majore
821 1350 1027 1405 labore
1063 1349 1476 1420 paenitentiam
1510 1354 1717 1419 agunt,
1751 1351 1867 1406 cito
1901 1351 1999 1407 Dei
2039 1352 2217 1408 mise-

558 1440 883 1495 ricordiam
915 1438 1224 1510 consequi.

632 1531 829 1584 LXXV.
874 1528 983 1592 Qui
1012 1544 1147 1582 cum
1181 1543 1292 1583 sua
1333 1542 1406 1582 ex
1436 1533 1604 1598 patre
1646 1528 1738 1583 vel
1780 1544 1853 1585 ex
1900 1535 2088 1587 matre
2120 1546 2216 1587 so-

556 1634 690 1673 rore
722 1616 988 1689 pollutus
1037 1622 1144 1682 est,
1183 1617 1241 1670 in
1273 1616 1525 1671 domum
1557 1618 1845 1673 orationis
1870 1635 1945 1674 ne
1976 1621 2218 1692 permit-

2336 450 2663 526 ἁγιάσματος
2704 454 3022 529 ἀξιούμενος,
3064 464 3240 512 πίστει
3268 468 3364 524 τῆς
3396 466 3527 537 παρὰ
3561 475 3675 522 Θεοῦ
3701 474 3843 543 φιλαοι-

2337 541 2586 613 θρωπίας.

2407 632 2521 686 ΟΔ’.
2569 632 2687 685 Ἐὰν
2739 640 2974 707 μέντοιγε
3026 638 3246 701 ἕκαστος
3304 648 3399 691 τῶν
3453 642 3498 693 ἐν
3563 654 3655 707 τοῖς
3696 670 3841 724 προικί.

2331 726 2646 793 γραμμένοις
2692 723 3038 799 ἁμαρτήμασι
3092 733 3368 799 γενομένων
3428 732 3681 797 σπουδαῖος
3726 744 3841 809 γένη.

2330 830 2439 876 ται,
2495 810 2954 886 ἐξομολογούμενος
2987 837 3001 849 ·
3056 818 3083 868 ὁ
3144 821 3433 880 πιστευθεὶς
3484 828 3613 897 παρὰ
3655 835 3735 888 τῆς
3774 838 3842 882 τοῦ

2332 906 2467 953 Θεοῦ
2521 901 2907 977 φιλανθρωπίας
2951 904 3087 957 λύειν
3140 911 3231 957 καὶ
3289 905 3510 980 δεσμεῖν,
3540 913 3579 964 εἰ
3620 915 3845 990 φιλανθρωο

2329 993 2543 1064 πότερος
2594 996 2811 1063 γένοιτο,
2869 998 2927 1044 τό
2975 993 3289 1067 ὑπερϐάλλον
3366 1007 3455 1059 τῆς
3499 1000 3845 1073 ἐξομολογήσει-»ς

2330 1078 2459 1152 ὁρῶν
2503 1087 2595 1131 τοῦ
2626 1082 3010 1155 ἡμαρτηκότος,
3044 1082 3115 1144 εἰς
3159 1088 3217 1135 τὸ
3262 1084 3538 1140 ἐλαττῶσαι
3580 1095 3657 1142 τόν
3700 1098 3848 1165 χρόνον

2328 1176 2429 1219 τῶν
2487 1171 2781 1241 ἐπιτιμίων,
2816 1171 2910 1222 οὐκ
2976 1175 3125 1224 ἔσται
3177 1182 3540 1245 καταγνώσεως
3584 1180 3741 1241 ᾶξιος’
3780 1190 3846 1243 τῆς

2328 1255 2376 1307 ἐν
2409 1263 2523 1318 ταῖς
2549 1262 2781 1331 Γραφαῖς
2810 1262 2940 1330 (28')
2976 1262 3205 1331 ἱστορίας
3231 1264 3577 1337 γνωριξούσης
3616 1270 3724 1339 ἡμῖν
3765 1277 3852 1329 τοὺς

2325 1348 2456 1416 μετά
2498 1350 2733 1417 μείζονος
2786 1353 2943 1400 πόνου
2991 1350 3484 1424 ἔξομολογουμένους
3539 1361 3721 1427 ταχέως
3781 1364 3851 1416 τὴν

2324 1441 2417 1486 τοῦ
2447 1442 2579 1487 Θεοῦ
2612 1436 2995 1509 φιλανθρωπίαν
3026 1439 3460 1513 καταλαμϐάνειν.

2397 1529 2511 1577 ΟΕ.
2546 1524 2602 1575 Ὀ
2634 1522 2829 1597 ἀδελφῇ
2883 1524 2999 1599 ἰδίᾳ
3050 1528 3103 1579 ἐκ
3160 1535 3355 1604 πατρὸς
3400 1533 3427 1590 ἣ
3480 1534 3725 1608 ἐκμητρός
3747 1556 3857 1607 συμ-

2323 1614 2560 1684 μιανθείς
2608 1614 2680 1675 εἰς
2730 1612 2868 1667 οἷκον
2924 1627 3231 1689 προσευχῆς
3280 1626 3351 1692 μὴ
3384 1621 3710 1696 ἑπιτρεπέσθω
3757 1645 3857 1698 παρα

556 1712 714 1763 tatur
744 1706 1049 1773 accedere,
1085 1705 1280 1760 donec
1312 1704 1390 1759 ab
1413 1704 1620 1777 iniqua
1648 1711 1706 1761 et
1727 1707 1955 1764 nefaria
1982 1709 2195 1765 actioni

2326 1708 2475 1771 εῖναι,
2526 1704 2616 1763 ἓως
2659 1703 2719 1753 ἂν
2766 1703 2971 1776 ἀποστῇ
3028 1713 3124 1767 τῆς
3174 1714 3478 1780 παρανόμου
3532 1718 3614 1764 καὶ
3658 1711 3858 1785 ἀθεμίτου

555 1797 825 1851 desistat.
889 1799 1213 1867 Postquam
1268 1799 1469 1849 autem
1517 1795 1574 1849 in
1639 1797 1925 1852 horrendi
1984 1800 2210 1870 peccati

552 1902 803 1941 sensum
859 1888 915 1940 et
999 1883 1589 1939 animadversionem
1657 1886 1902 1956 venerit,
1958 1887 2212 1943 triennio

552 1975 694 2030 ﬂeat
733 1978 899 2030 stans
940 1977 1183 2045 propter
1231 1972 1388 2027 fores
1420 1972 1639 2027 domus
1671 1974 1981 2046 orationis,
2011 1982 2068 2032 et
2112 1992 2211 2033 ro-

551 2079 704 2133 gans
758 2063 1056 2136 p0pu1um
1108 2062 1548 2130 ingredientem
1610 2062 1687 2117 ad
1730 2064 2086 2133 orationem,
2146 2069 2212 2123 ut

550 2152 971 2225 unusquisque
1016 2150 1483 2206 misericorditer
1533 2166 1642 2221 pro
1671 2152 1806 2223 ipso
1836 2153 2107 2210 intensas
2130 2156 2210 2211 ad

558 2243 881 2297 Dominum
912 2256 1121 2311 preces
1147 2238 1379 2294 fundat.
1413 2240 1627 2295 Postea
1654 2246 1852 2297 autem
1886 2242 2003 2299 alio
2035 2242 2210 2299 trien-

552 2332 655 2386 nio
688 2331 765 2386 ad
804 2329 998 2385 solam
1028 2328 1398 2385 auditionem
1449 2327 1818 2399 admittatur,
1852 2336 1928 2398 et,
1953 2332 2209 2404 Scriptu-

546 2421 625 2475 ris
660 2420 1059 2490 doctrinaque
1083 2416 1323 2482 auditis,
1370 2417 1660 2487 ejiciatur,
1694 2434 1805 2473 nec
1839 2420 2062 2488 dignus
2100 2422 2209 2477 ha-

545 2510 761 2564 beatur
817 2508 1109 2563 oratione.
1172 2505 1415 2573 Deinde,
1450 2507 1497 2560 si
1529 2507 1713 2562 modo
1764 2508 1927 2563 illam
1960 2526 2097 2565 cum
2124 2510 2206 2566 la-

546 2596 769 2669 crymis
809 2595 1181 2667 exquisierit,
1202 2601 1259 2650 et
1291 2594 1543 2649 Domino
1593 2612 1729 2650 cum
1758 2597 1954 2652 cordis
1979 2598 2204 2654 contri-

542 2688 705 2742 tione
754 2692 810 2742 et
856 2685 1061 2741 valida
1088 2684 1506 2739 humiliatione
1556 2685 1811 2756 supplex
1856 2688 2200 2758 prociderit,

544 2776 719 2831 detur
742 2775 794 2830 ei
823 2774 1148 2829 substratio
1180 2789 1287 2845 per
1315 2772 1465 2828 alios
1507 2777 1626 2829 tres
1671 2789 1887 2830 annos.
1927 2778 2008 2845 Et,
2040 2782 2202 2848 post-

542 2883 728 2939 quam
760 2865 1122 2938 pcenitentire
1157 2864 1384 2919 fructus
1415 2863 1632 2933 dignos
1657 2865 2003 2933 ostenderit,
2037 2883 2199 2923 anno

540 2956 778 3012 decimo
821 2956 884 3010 in
933 2954 1203 3009 ﬁdelium
1271 2954 1574 3009 orationes
1656 2955 2017 3027 suscipiatur
2069 2957 2197 3012 sine

2322 1793 2572 1863 πράξεως.
2633 1795 2775 1845 Μετὰ
2828 1790 2887 1846 δὲ
2933 1798 2988 1846 τό
3052 1794 3209 1848 ἐλθεῖν
3283 1801 3352 1858 είς
3429 1803 3746 1859 συναίσθησιν
3790 1809 3860 1862 τῆς

2323 1880 2541 1955 φοϐερᾶς
2614 1881 2872 1955 ἁμαρτίας
2949 1883 3160 1950 ἐκείνης,
3238 1906 3468 1958 τριετιαν
3536 1892 3859 1963 προσκλαιέτω,

2318 1978 2382 2043 τῇ
2438 1972 2569 2044 θύρα
2626 1980 2724 2022 τῶν
2774 1972 3057 2046 εύκτηρίων
3113 1977 3265 2026 οἰκων
3302 1986 3647 2050 παρεστηκὼς,
3677 1988 3753 2032 καὶ
3770 1977 3861 2033 διό·

2318 2080 2465 2132 μενος
2514 2068 2607 2113 τοῦ
2659 2060 2787 2113 λαοῦ
2830 2062 3076 2123 εἰσιόντος
3124 2064 3206 2116 ἐπὶ
3272 2070 3366 2124 τὴν
3412 2074 3717 2142 προσευχὴν,
3756 2072 3862 2122 ὥστε

2318 2152 2534 2202 ἕκαστον
2579 2154 2711 2221 μετὰ
2767 2154 3092 2223 συμπαθείας
3132 2154 3259 2225 ὑπὲρ
3310 2156 3474 2207 αὐτοῦ
3520 2157 3712 2219 ἐκτενεῖς
3734 2164 3863 2210 ποιεῖ-

2321 2241 2446 2292 σθαι
2494 2243 2618 2313 πρὸς
2674 2244 2760 2291 τὸν
2820 2244 3007 2314 Κύριον
3067 2246 3155 2302 τὰς
3204 2240 3438 2307 δεήσεις.
3491 2251 3625 2300 Μετά
3668 2245 3719 2300 δε
3745 2256 3863 2299 τοῦτο

2317 2329 2475 2386 ἀλλην
2525 2335 2751 2403 τριετίαν
2809 2330 2881 2389 εἰς
2945 2332 3197 2404 ἀκρόασιν
3279 2339 3447 2404 μόνην
3500 2333 3863 2409 παραδεχθήτω,

2318 2422 2407 2467 καὶ
2451 2416 2651 2469 ἀκούων
2707 2427 2806 2469 τῶν
2865 2426 3077 2493 Γραφὼν
3136 2427 3224 2473 καὶ
3278 2433 3378 2486 τῆς
3437 2422 3763 2486 διδασκαλίας
3805 2426 3867 2477 ἐκ·

2317 2504 2603 2571 ϐαλλέσθω,
2630 2513 2820 2579 καὶμὴ
2877 2510 3245 2571 καταξιούσθω
3297 2523 3629 2586 προσευχῆς.
3670 2514 3863 2575 Ἔπειτα,

2315 2597 2453 2668 εἰπερ
2498 2598 2630 2668 μετὰ
2674 2593 2915 2668 δακρύων
2978 2598 3285 2660 ἐξεζήτησεν
3354 2603 3536 2671 αὐτὴν,
3593 2609 3677 2656 καὶ
3737 2620 3865 2677 προσο

2313 2690 2462 2737 ἐπεσε
2526 2693 2598 2754 τῷ
2656 2692 2826 2757 Κυρίῳ
2890 2690 3022 2758 μετὰ
3107 2700 3445 2764 συντριμμού
3518 2690 3728 2765 καρδίας
3798 2696 3867 2742 καὶ

2308 2781 2658 2836 ταπεινώσεως
2717 2776 2966 2849 ἰσχυρᾶς,
3019 2774 3259 2830 διδόσθω
3312 2782 3456 2851 αὐτῷ
3512 2783 3542 2838 ἡ
3607 2781 3870 2838 ύπόπτωσις

2310 2861 2359 2913 ἐν
2412 2862 2583 2924 ἄλλοις
2635 2869 2809 2937 τρισὶν
2867 2867 3023 2919 ἔτεσι.
3090 2872 3189 2919 Καὶ
3258 2868 3449 2936 οὕτως,
3508 2866 3707 2922 ἐπειδὰν
3774 2872 3868 2927 τοὺς

2306 2956 2536 3024 καρπούς
2588 2962 2678 3013 τῆς
2739 2959 3007 3025 μετανοίας
3062 2953 3234 3018 ἀξίους
3281 2956 3633 3026 ἐπιδείξηται,
3682 2966 3746 3031 τῷ
3792 2954 3868 3008 δε-

539 3046 843 3103 oblatione
876 3064 889 3100 :
914 3050 971 3100 et
997 3044 1099 3099 ubi
1128 3043 1303 3099 annis
1324 3043 1567 3098 duobus
1597 3059 1719 3099 una
1744 3061 1882 3099 cum
1913 3045 2191 3103 ﬁdelibus

2307 3043 2447 3112 κοίτῳ
2477 3045 2577 3093 ἔτει
2626 3042 2691 3101 εἰς
2744 3047 2834 3101 τὴν
2866 3051 2962 3095 τῶν
2997 3054 3198 3096 πιστῶν
3233 3045 3409 3119 εὐχὴν
3456 3045 3693 3120 δεχθήτω
3730 3051 3869 3119 χωρίς

539 3134 760 3190 steterit
786 3132 863 3186 ad
893 3131 1349 3197 orationem,ita
1371 3130 1620 3186 demum
1650 3132 1869 3203 dignus
1898 3133 2195 3191 habeatur

538 3223 685 3280 boni
711 3221 1160 3277 communione.

611 3403 834 3458 LXXVI.
870 3399 1093 3456 Eadem
1137 3403 1224 3455 est
1253 3398 1405 3455 ratio
1434 3398 1510 3454 de
1548 3399 1621 3454 iis
1645 3414 1889 3471 quoque
1919 3401 2023 3473 qui
2048 3417 2190 3461 suas

535 3508 724 3548 nurus
764 3490 1084 3563 accipiunt.

608 3582 784 3653 329
817 3580 1058 3635 LXXVII-
1096 3579 1207 3646 Qui
1252 3580 1535 3654 relinquit
1572 3580 1836 3650 legitime
1866 3580 1979 3638 sibi
2000 3599 2188 3655 copu~

530 3673 718 3728 latam
741 3669 1072 3741 mulierem,
1099 3676 1155 3726 et
1179 3670 1362 3728 aliam
1388 3670 1570 3736 ducit,
1602 3688 1675 3728 ex
1696 3672 1931 3729 Domini
1955 3679 2187 3729 sentend

2304 3136 2645 3203 προσφορᾶς·
2693 3137 2784 3183 καὶ
2832 3129 2930 3184 δύο
2972 3136 3059 3189 ἔτη
3115 3138 3320 3195 συστὰς
3370 3138 3442 3198 εἰς
3481 3142 3573 3194 τὴν
3609 3135 3754 3207 εὐχὴν
3778 3139 3868 3192 τοῖς

2304 3228 2534 3280 πιστοῖς,
2584 3221 2719 3273 ούτω
2774 3222 2953 3273 λοιπὸν
3004 3223 3380 3285 καταξιούσθω
3433 3234 3527 3287 τῆς
3572 3233 3661 3277 τού
3700 3224 3870 3295 ἀγαθοῦ

2304 3314 2594 3371 κοινωνίας.

2373 3397 2483 3483 OL,"
2521 3399 2578 3451 Ὀ
2604 3399 2757 3459 αὐτὸς
2780 3402 2939 3461 τύπος
2962 3406 3051 3453 καὶ
3076 3404 3194 3473 περὶ
3222 3410 3331 3456 τῶν
3371 3406 3467 3464 τὰς
3495 3404 3685 3477 νύμφας
3707 3401 3870 3455 ἑαυτῶν

2301 3486 2680 3558 λαμϐανόντων.

2372 3576 2492 3633 ΟΖ’.
2552 3578 2610 3630 Ὀ
2658 3581 2828 3651 μέντοι
2876 3579 3275 3652 καταλιμπάνων
3338 3584 3449 3655 (29)
3498 3588 3592 3642 τὴν
3667 3585 3869 3654 νομίμως

2299 3666 2434 3739 αὐτῷ
2480 3670 2828 3741 συναφθεῐσαν
2875 3677 3117 3741 γυναῖκα,
3163 3676 3251 3723 καὶ
3304 3673 3485 3745 ἑτέραν
3531 3676 3865 3742 συναγόμενος,

2294 3810 2478 3885 tentia
2530 3816 2865 3885 spectetur,
2911 3829 3104 3879 secus,
3160 3813 3209 3868 si
3282 3830 3561 3872 canones
3630 3816 3864 3870 Patrum.

597 3815 712 3884 (28)
749 3814 854 3875 Τῆς
884 3812 930 3865 ἐν
964 3821 1075 3875 ταῖς
1108 3820 1357 3885 Γραφαῖς.
1389 3814 1677 3870 Observat
1705 3817 1967 3870 Zonaras
1999 3830 2181 3869 sanc-

529 3889 686 3957 tum,
712 3888 972 3957 Patreni
1001 3885 1077 3941 ad
1127 3902 1218 3951 ea,
1252 3890 1769 3957 quteirnarrantur
1798 3886 1871 3941 de
1888 3889 2177 3955 Manasse,

528 3954 774 4009 Ezechia
801 3960 857 4008 et
880 3954 1010 4009 aliis
1033 3954 1357 4023 ejusmodi,
1381 3956 1637 4023 digitum
1664 3956 1994 4012 intendere.
2016 3960 2178 4012 Hanc

526 4031 730 4080 autem
759 4025 1009 4078 canonis
1034 4042 1167 4081 esse
1216 4027 1569 4081 sententiam
1614 4028 1922 4083 contendit
1978 4028 2177 4086 Balsa-

526 4110 693 4168 mon,
717 4101 782 4149 ut
802 4096 1068 4168 episcopi
1097 4112 1217 4149 non
1247 4095 1443 4168 solum
1466 4112 1782 4167 poenarum
1806 4104 2039 4168 tempus
2067 4099 2177 4153 im-

525 4167 820 4232 minuant,
855 4165 962 4219 sed
992 4166 1162 4236 ipsas
1193 4166 1372 4220 etiam
1414 4165 1630 4237 pinnas
1665 4165 2075 4224 commutent:
2111 4169 2172 4225 in

524 4254 648 4309 quo
674 4237 921 4311 quidem
949 4237 1060 4291 sibi
1090 4236 1527 4292 nonnullos’ait
1553 4253 1673 4311 non
1707 4241 1999 4294 assentiri.
2041 4245 2172 4311 Ipse
2282 4236 2453 4309 quod
2498 4236 2764 4310 legitima
2806 4254 2989 4295 uxore
3037 4240 3288 4296 dimissa
3322 4244 3717 4307 contrahitur,
3768 4237 3861 4293 etsi

523 4308 727 4364 tamen
786 4309 1001 4384 fatetur
1056 4324 1345 4384 magnam
1374 4326 1505 4384 esse
1554 4308 1772 4384 debere
1804 4308 2170 4384 cautionem.
2283 4308 2744 4384 Basiliusinstar
2764 4311 3861 4384 adulteriinonjubetpuniri.minime

523 4381 916 4476 Narragcnim
939 4397 1078 4461 cum
1111 4380 1280 4434 miles
1312 4379 1632 4476 voluntarii
1658 4380 1980 4476 lhomicidii
2032 4398 2169 4463 reus
2202 4420 2250 4476 Β
2284 4382 2791 4476 ἱρωεῐιιόιὼίιιω,
2825 4384 2973 4476 quin
2998 4379 3231 4476 pen-itus
3253 4379 3718 4476 dissolvendum
3746 4397 3861 4437 esse

523 4469 558 4507 a
587 4452 857 4522 quodam
888 4452 1176 4524 episcopo
1207 4450 1551 4524 post‘breve
1599 4450 1935 4507 admodum
1982 4454 2169 4524 pceni-
2202 4450 2249 4476 υ
2281 4453 2537 4519 duxerit,
2596 4470 2704 4508 nec
2766 4450 2904 4508 ante
2983 4450 3300 4511 restituerit
3359 4457 3859 4515 communionem,

522 4521 715 4596 tentiis
742 4521 977 4593 tempus
999 4521 1308 4596 absolutus
1340 4521 1547 4596 fuisset
1578 4527 1844 4594 tempore
1878 4521 2039 4578 Luc—ae
2066 4542 2171 4596 pa-
2278 4542 2465 4596 quam
2488 4524 2799 4596 illegitinia
2828 4540 2978 4579 uxor
3006 4531 3165 4580 esset
3184 4526 3469 4582 dimissa.
3504 4526 3650 4583 Illud
3679 4530 3861 4582 autem

519 4593 812 4669 triarcliie,
844 4593 1144 4664 synodum
1172 4594 1351 4669 jussu
1381 4594 1753 4669 imperatoris
1795 4593 2084 4669 graviter'
2105 4596 2169 4651 id
2277 4593 2696 4651 difticilius'est
2725 4601 3002 4669 statuere,
3033 4596 3177 4667 quid
3209 4596 3284 4651 de
3319 4600 3710 4655 matrimonio
3747 4597 3865 4669 post

517 4664 759 4718 ferentis
783 4663 1289 4728 conv0catam,de
1312 4664 1572 4733 episcopi
1598 4663 1756 4719 facto
1778 4664 2164 4723 deliberasse.
2278 4668 2531 4733 eiectam
2561 4683 2813 4722 uxorem
2866 4663 3200 4722 adulteram
3258 4676 3577 4725 contracto
3611 4663 3859 4726 senserit.

516 4740 597 4789 Ac
620 4736 975 4812 episcopum
1000 4735 1248 4812 quidem
1280 4750 1408 4812 sese
1442 4735 1619 4812 hujus
1650 4737 1900 4812 canonis
1937 4743 1993 4812 et
2023 4737 2167 4793 alio-
2278 4742 2489 4812 ﬂatum
2522 4755 2557 4793 a
2585 4737 2794 4792 Basilio
2822 4737 3096 4812 habitum
3122 4739 3305 4795 fuisse
3328 4741 3640 4812 ejusmodi
3682 4736 3864 4812 matri-

515 4822 651 4861 rum
683 4806 967 4883 similium
993 4806 1342 4883 auctoritate
1367 4805 1729 4883 defendisse,
1757 4808 1866 4883 sed
1907 4808 1986 4863 ad
2017 4814 2164 4864 tem-
2274 4810 2548 4883 monium
2578 4810 2931 4883 pronuntiat
2957 4810 3286 4883 Aristenus.
3316 4805 3520 4883 Atque
3541 4813 3601 4867 id
3632 4811 3862 4883 quidem

516 4893 631 4948 pus
662 4894 698 4932 a
722 4876 1050 4951 ministerio
1081 4882 1381 4951 remotum
1411 4876 1611 4946 fuisse,
1646 4883 1700 4933 et
1750 4879 1996 4934 militem
2039 4896 2165 4935 rur-
2274 4880 2526 4935 Basilius
2557 4876 2863 4951 conceptis
2910 4879 3104 4935 verbis
3135 4897 3257 4936 non
3291 4876 3606 4947 declarat;
3640 4876 3741 4937 sed
3783 4885 3859 4935 ta-

515 4966 617 5021 sus
655 4948 1016 5021 poenitentiae
1044 4949 1381 5021 subjectum
1416 4966 1428 5001 :
1470 4950 1894 5019 pronuntiante
1926 4952 2161 5021 synodo
2272 4968 2411 5006 men
2444 4952 2674 5006 videtur
2702 4948 2901 5005 hacin
2932 4967 2993 5006 re
3021 4967 3057 5007 a
3098 4952 3323 5009 saniori
3360 4971 3433 5010 ac
3462 4954 3696 5011 meliori
3742 4966 3861 5021 sen-

511 5019 962 5100 licerequidem
994 5020 1293 5100 episcopis
1326 5021 1892 5100 canonicaspcenas
1937 5019 2160 5100 augere
2268 5024 2457 5100 tentia
2508 5022 2872 5100 discessisse.
2918 5025 3065 5100 Nam
3119 5027 3173 5078 1ο
3204 5026 3502 5100 maritum
3542 5027 3755 5100 injuste
3783 5020 3859 5100 di:

515 5096 572 5164 et
628 5092 917 5164 minuere,
950 5091 1055 5164 sed
1102 5106 1463 5164 aranearum
1493 5091 1609 5145 ﬁlis
1662 5091 1868 5164 ligare,
1899 5108 2032 5164 quae
2059 5094 2160 5148 de-
2267 5094 2520 5149 missum
2573 5093 2650 5148 ab
2704 5093 2823 5148 alio
2877 5094 3262 5151 matrimonio
3330 5113 3461 5153 non
3498 5091 3771 5155 excludit,
3800 5092 3861 5147 ut

511 5163 658 5219 bent
679 5162 869 5217 tribus
891 5161 1249 5216 rudentibus
1278 5161 1527 5229 alligari,
1558 5177 1679 5217 non
1708 5161 1938 5218 liceref
2266 5165 2527 5220 Vidimus
2558 5164 2617 5219 in
2647 5164 2984 5220 canonibus
3010 5170 3040 5220 9
3072 5171 3128 5221 et
3152 5170 3237 5221 35.
3272 5169 3461 5223 Porro
3488 5186 3611 5224 non
3644 5167 3859 5223 videtur

2258 5237 2393 5305 jure
2420 5236 2735 5310 dimittenti
2765 5236 3120 5310 denegasse,
3148 5238 3313 5309 quod
3361 5239 3589 5310 injuste
3616 5238 3849 5293 dimisso

2266 5307 2653 5363 concedebat.
2686 5312 2746 5361 2°
2780 5309 2923 5362 Cum
2949 5307 3189 5377 jubeaf
3216 5307 3474 5365 uxorem
3524 5310 3849 5377 adulteram

2264 5380 2417 5449 ejici,
2450 5379 2546 5433 vix
2590 5377 2845 5451 dubium
2886 5376 2974 5433 est
3018 5380 3165 5451 quin
3201 5381 3665 5437 matrimonium
3697 5376 3850 5435 adul-

2262 5452 2409 5505 terio
2440 5450 2636 5506 uxoris
2657 5449 3013 5505 dissolutum
3039 5449 3517 5508 _existimaverit.
3571 5453 3851 5507 Prieterea

2260 5520 2414 5578 dura
2444 5520 2778 5577 admodum
2825 5520 3034 5578 fuisset
3069 5522 3287 5590 mariti,
3320 5538 3395 5579 ac
3425 5524 3621 5581 multo
3662 5521 3854 5579 durior

2259 5607 2452 5671 quam
2464 5592 2667 5671 uxoris
2693 5591 2974 5671 conditio,
3007 5593 3090 5648 sic
3111 5609 3221 5671 nec
3240 5592 3588 5671 adulteram
3616 5595 3852 5653 retinere

2261 5662 2373 5720 nec
2400 5663 2583 5721 aliam
2603 5662 2821 5721 ducere
2850 5663 3154 5735 integrum
3182 5662 3416 5723 fuisset.

2294 3882 2699 3960 Quamobrem
2726 3887 3025 3960 eamdem
3070 3899 3324 3955 poenam
3373 3887 3634 3960 imponit
3656 3901 3723 3941 ac
3749 3899 3863 3952 gra-

2289 3954 2441 4034 yiori
2468 3954 2846 4034 fornicationi
2876 3956 2936 4010 in
2962 3954 3193 4034 canone
3220 3961 3313 4024 59,
3349 3954 3494 4014 cum
3524 3958 3639 4034 hoc
3682 3962 3864 4034 tamen

2287 4022 2403 4098 levi
2467 4026 2825 4098 discrimine
2862 4026 3029 4098 quod
3072 4027 3135 4081 in
3184 4022 3428 4085 canone
3486 4033 3550 4085 59
3576 4029 3693 4085 duo
3739 4024 3864 4083 anni

2284 4095 2438 4152 inter
2463 4096 2676 4153 ﬂentes
2708 4095 3116 4165 assignantur,
3144 4114 3307 4154 unus
3336 4117 3484 4156 vero
3508 4101 3572 4156 in
3608 4101 3718 4155 hoc
3748 4110 3861 4166 sep-

2288 4169 2627 4237 tuagesimo
2671 4169 2946 4239 septimo.
2994 4171 3112 4225 Hoc
3146 4174 3354 4227 autem
3405 4171 3861 4239 matrimonium,

585 5236 697 5305 (29)
743 5233 1169 5303 Καταλιμποξνων.
1200 5234 1482 5305 Loquitur
1513 5236 1567 5288 Β.
1600 5234 1770 5288 Pater
1801 5234 1875 5289 de
1908 5235 2034 5291 viro
2072 5235 2157 5290 in-

504 5304 1019 5387 juste'legitimam
1048 5318 1300 5387 uxorem
1339 5304 1689 5387 dimittente,
1724 5307 1870 5359 Nam
1899 5306 1948 5360 si
1989 5306 2158 5387 adul-

511 5374 726 5432 terium
754 5374 1203 5439 intercessisset,
1235 5390 1358 5428 non
1384 5375 1512 5445 jam
1534 5374 1797 5445 legitima
1829 5393 1979 5431 uxor
1998 5384 2156 5434 esset

509 5464 583 5503 ex
639 5448 934 5503 sententia
992 5446 1205 5507 Basilii,
1238 5446 1339 5516 qui
1389 5445 1726 5518 adulteram
1777 5448 1909 5517 ejici
1960 5448 2150 5518 jubet,

506 5533 632 5591 non
658 5520 841 5591 modo
868 5518 1166 5590 permittit.
1194 5521 1383 5588 Atque
1413 5516 1528 5591 hoc
1564 5516 2165 5591 quidempeccatum

508 5588 770 5660 hominis
802 5588 1133 5660 legitimam
1163 5604 1414 5644 uxorem
1469 5588 1917 5646 diniittentis'et
1969 5590 2151 5648 aliam

509 5658 805 5729 ducentis,
832 5658 1195 5719 adulterium
1223 5660 1443 5718 fatetur
1469 5676 1622 5734 esse,
1656 5661 1706 5717 si
1730 5660 1968 5721 Domini
2014 5677 2151 5719 sen-
