4100 6214
249 276 358 332 805

1240 278 1725 337 EPISTOLARUM
1762 274 2044 335 CLASSIS
2080 281 2148 337 ll.
2188 283 2403 343 EPIST.
2444 284 2685 344 CCXVI].

3527 299 3634 357 806

246 402 387 452 κατὰ
442 403 539 458 τὴν
589 408 682 452 τοῦ
742 403 936 473 Κυρίου
986 400 1269 475 ἀπόφασιν,
1334 413 1408 475 τῷ
1468 413 1562 466 τῆς
1616 406 1863 475 μοιχείας

1983 405 2056 461 tia
2083 407 2360 466 adulterii
2409 412 2729 484 subjicitur
2768 413 3019 484 judicio.
3055 417 3169 474 Sed
3200 421 3496 479 statutum
3544 427 3637 481 est

247 491 527 541 ὑπόκειται
594 494 833 561 κρίματι.
897 494 1271 544 Κεκανόνισται
1306 488 1367 544 δὲ
1431 494 1577 567 παρὰ
1622 500 1723 544 τῶν
1757 498 1865 545 Πα-

253 585 417 650 τέρων
488 580 634 649 ἡμῶν
689 584 809 639 τοὺς
883 582 1155 642 τοιούτους
1219 580 1453 633 ἐνιαυτόν
1503 580 1860 656 προσκλαίειν,

251 664 459 719 διετίαν
522 666 905 741 ἐπακροᾶσθαι,
964 674 1188 742 τριετίαν
1246 672 1556 722 ὑποπίπτειν
1592 691 1606 703 ·
1661 677 1733 740 τῷ
1806 669 1865 722 δὲ

254 751 467 827 ἑϐδόμῳ
531 758 888 808 συνίστασθαι
955 766 1065 818 τοῖς
1130 766 1385 821 πιστοῖς*
1442 762 1531 810 καὶ
1588 759 1719 811 οὕτω
1774 766 1865 819 τῆς

252 850 564 916 προσφορᾶς
611 845 1015 915 καταξιούσθαι,
1095 847 1182 900 ἐὰν
1239 850 1373 919 μετὰ
1423 844 1665 924 δακρύων
1702 867 1866 919 μετα-

253 940 345 991 νοή
356 953 541 988 σωσιν.

329 1023 465 1079 ΟΙΪ.
503 1022 563 1075 Ὀ
592 1019 653 1075 δὲ
683 1028 840 1086 αὐτὸς
887 1028 1051 1087 τύπος
1092 1031 1346 1099 κρατείτω
1396 1031 1487 1080 καὶ
1533 1026 1617 1079 ἐπὶ
1647 1036 1746 1080 τῶν
1774 1030 1867 1089 τὰς

255 1104 359 1160 δύο
406 1106 631 1182 ἀδελφὰς
676 1110 1037 1182 λαμϐανόντων
1069 1115 1139 1176 εἰς
1182 1119 1505 1168 συνοικέσιον
1532 1115 1575 1168 εἰ
1612 1121 1701 1168 καὶ
1730 1120 1866 1169 κατὰ

253 1194 546 1272 διαφόρους
568 1204 812 1272 χρόνους.

328 1286 457 1342 06'.
502 1291 570 1340 Οἱ
600 1284 660 1341 ὃε
688 1298 806 1352 ταῖς
823 1299 1105 1364 μητρυιαῖς
1126 1299 1243 1354 ταῖς
1264 1293 1456 1345 ἑαυτῶν
1477 1293 1864 1367 ἐπιμαινόμενοι

252 1384 330 1446 τῷ
382 1377 525 1447 αύτῷ
580 1379 881 1431 ὑπόκεινται
939 1386 1134 1449 κανόνι,
1286 1386 1375 1434 καὶ
1411 1385 1461 1435 οἱ
1519 1392 1634 1446 ταῖς
1671 1384 1862 1436 ἑαυτῶν

254 1464 507 1537 ἀδελφαῖς
527 1468 643 1539 (30)
674 1469 1080 1543 ἐπιμαινὸμενοι.

328 1562 376 1607 Π
397 1598 409 1609 .
433 1560 533 1614 Τὴν
556 1552 614 1609 δὲ
632 1557 958 1631 πολυγαμίαν
981 1560 1118 1630 (30')
1141 1562 1189 1612 οἱ
1212 1565 1437 1635 Πατέρες
1461 1560 1859 1633 ἀπεσιώπησαν,

254 1647 327 1705 ὡς
380 1642 648 1707 κτηνώδη,
712 1652 803 1700 καὶ
857 1647 1115 1709 παντελῶς
1200 1648 1472 1725 ἀλλοτρίαν
1537 1660 1630 1704 τοῦ
1689 1656 1864 1723 γένους

1974 496 2218 553 Patrum
2267 504 2614 557 nostrorum
2662 502 3017 572 canonibus,
3058 512 3125 563 ut
3171 507 3210 562 ii
3240 524 3404 567 anno
3427 512 3633 584 ﬂeant,

1973 583 2217 642 biennio
2253 589 2522 656 audiant,
2574 590 2826 645 triennio
2864 592 3341 669 substernantur,
3374 583 3635 673 septimo

1974 674 2309 732 consistant
2358 693 2497 732 cum
2554 678 2855 747 ﬁdelibus,
2916 686 2975 737 et
3011 683 3093 739 ita
3122 686 3430 746 oblatione
3461 692 3633 762 digni

1972 763 2337 835 habeantur,
2368 766 2419 820 si
2448 782 2588 821 cum
2616 767 2905 839 lacrymis
2932 773 3349 843 paenitentiam
3379 782 3628 850 egerint.

2046 1013 2325 1070 LXXVIII.
2369 1016 2593 1072 Eadem
2625 1021 2829 1073 autem
2863 1018 3062 1077 forma
3104 1021 3455 1082 observetur
3490 1033 3547 1084 et
3572 1030 3633 1085 in

1974 1118 2079 1158 eos
2106 1105 2212 1174 qui
2245 1120 2483 1161 sorores
2507 1107 2660 1164 duas
2681 1108 2743 1164 in
2768 1109 3229 1169 matrimonium
3251 1113 3503 1184 ducunt,
3525 1119 3635 1175 etsi

1973 1191 2223 1247 diversis
2244 1195 2640 1265 temporibus.

2046 1282 2264 1337 LXXIX.
2308 1283 2417 1347 Qui
2439 1289 2641 1340 autem
2672 1285 2735 1341 in
2790 1302 2935 1345 suas
2974 1304 3271 1347 novercas
3300 1293 3634 1365 insaniunt,

1974 1373 2113 1424 sunt
2148 1370 2346 1425 eidem
2401 1373 2621 1428 canoni
2675 1373 2951 1443 obnoxii,
3006 1378 3104 1433 cui
3158 1383 3216 1435 et
3254 1379 3314 1448 ii,
3347 1382 3453 1453 qui
3478 1383 3634 1441 insa-

1972 1458 2145 1513 niunt
2173 1461 2233 1514 in
2265 1475 2406 1515 suas
2438 1476 2693 1517 sorores.

2046 1549 2240 1603 LXXX.
2283 1550 2701 1621 Polygamiam
2762 1556 2962 1609 Patres
3015 1554 3249 1613 silentio
3302 1562 3631 1630 prsetermi-

1972 1638 2208 1704 misere,
2250 1644 2315 1694 ut
2349 1639 2704 1712 belluinam,
2753 1658 3128 1716 prorsusque
3178 1648 3255 1702 ab
3303 1648 3631 1707 hominum

254 1742 361 1784 τῶν
421 1732 723 1809 ἀνθρώπων.
780 1736 929 1808 Ἠμίν
987 1734 1047 1790 δὲ
1092 1744 1418 1812 παρίσταται
1457 1740 1607 1793 πλέον
1660 1760 1711 1793 τι
1738 1761 1864 1813 πορ-

1983 1741 2188 1795 genere
2204 1727 2485 1784 alienam.
2502 1732 2582 1784 Ea
2613 1734 2817 1787 autem
2845 1732 3022 1788 nobis
3048 1734 3285 1791 videtur
3312 1743 3630 1808 peccatum

252 1827 397 1884 νείας
455 1825 582 1876 εἰναι
638 1826 698 1876 τὸ
756 1824 1064 1899 ἁμάρτημα.
1108 1831 1194 1879 Διὸ
1226 1827 1429 1901 εὔλογον
1458 1834 1575 1889 τοὺς
1602 1833 1866 1891 τοιούτους

252 1911 644 1966 ὑποϐαλλεσθαι
699 1922 809 1974 τοῖς
862 1920 1075 1967 κανόσι*
1133 1913 1377 1975 δηλονότι
1423 1917 1654 1971 ἐνίαυτον
1696 1939 1864 1991 προσ-

251 2000 603 2068 κλοώσοιντας,
652 2007 742 2055 καὶ
788 2002 836 2055 ἐν
866 2009 1038 2076 τρισὶν
1083 2006 1454 2075 ὑποπεσόντας,
1481 2009 1616 2060 οὕτω
1648 2005 1865 2071 ὃεκτούς

252 2088 387 2143 εἶναι
410 2093 543 2161 (31).

338 2179 443 2231 HA'
472 2177 652 2232 Ἐπειὸ
658 2186 686 2238 η
724 2177 781 2233 δὲ
808 2181 986 2235 πολλοὶ
1025 2186 1073 2236 ἓν
1129 2193 1191 2256 τῇ
1247 2194 1347 2238 τῶν
1388 2185 1667 2260 βαρϐάρων
1695 2207 1862 2240 κατα-

257 2266 436 2341 ὃρομῇ
470 2268 776 2343 παρέϐησαν
825 2276 919 2329 τὴν
965 2272 1031 2333 εἰς
1071 2278 1199 2326 Θεὸν
1246 2278 1444 2341 πίστιν,
1499 2279 1685 2351 ὅρκους
1730 2277 1865 2329 ἐθνι-

256 2362 386 2418 κούς
456 2358 856 2428 ἐπιτελέσαντες,
939 2367 1029 2427 καὶ
1088 2362 1342 2435 ἀθεμίτων
1412 2374 1562 2416 τινῶν
1609 2368 1864 2438 γευσάμε-

256 2466 361 2517 νοι,
413 2454 514 2498 τῶν
566 2446 615 2498 ἐν
676 2454 787 2509 τοῖς
824 2446 1061 2511 εἰδώλοις
1110 2454 1220 2519 (32)
1267 2460 1375 2512 τοῖς
1430 2461 1672 2525 μαγικοίς
1700 2474 1864 2528 προσο

258 2538 573 2605 ενεχθέντων
625 2537 825 2601 αὐτοῖς,
875 2538 1020 2590 οὗτοι
1073 2543 1208 2591 κατὰ
1245 2545 1361 2602 τοὺς
1409 2538 1516 2599 ἤδη
1566 2546 1709 2615 παρὰ
1762 2551 1864 2593 τῶν

262 2633 503 2698 ιιατέρων
564 2627 713 2697 ἡμῶν
760 2629 872 2697 (33)
923 2627 1273 2699 ἐξενεχθέντας
1318 2634 1531 2691 κανόνας
1581 2632 1691 2701 (34)
1727 2632 1865 2683 οἱκο-

260 2717 641 2785 νομείσθωσαν.
686 2717 751 2767 Οἱ
784 2719 873 2787 μεν
920 2720 1021 2788 γὰρ
1073 2716 1301 2789 ἀνάγκην
1329 2718 1565 2790 χαλεπὴν
1594 2718 1649 2771 ἐκ
1683 2718 1863 2791 βασά-

260 2824 360 2855 νων
411 2806 798 2875 ὑπομείναντες,
874 2811 964 2856 καὶ
1028 2812 1099 2878 μὴ
1176 2812 1400 2882 φέροντες
1463 2811 1585 2867 τοὺς
1652 2812 1861 2876 πόνους,

258 2900 352 2945 καί
386 2892 715 2954 εἿ.κυσΘέντες
776 2896 907 2967 πρὸς
957 2900 1049 2953 τὴν
1094 2898 1334 2969 ἄρνησιν,
1388 2896 1437 2948 ἐν
1485 2902 1659 2969 τρισὶν
1696 2900 1862 2950 ἔτεσιν

260 2976 514 3042 αὸἐκτους
544 2978 696 3048 εἶναι,
722 2985 811 3033 καὶ
858 2982 907 3033 ἐν
952 2980 1109 3037 δυσὶν
1139 2984 1434 3056 ἀκροᾶσθαι
1464 3002 1476 3015 ⁸
1521 2990 1610 3038 καὶ
1650 2987 1699 3038 ἐν
1739 3000 1862 3061 τρι-

258 3075 347 3121 σὶν
402 3072 772 3138 ὑποπεσόντας,
850 3073 983 3123 οὕτω
1072 3070 1288 3135 δεκτοὺς
1346 3077 1588 3145 γενέσθαι
1643 3076 1710 3135 εἰς
1766 3081 1861 3133 τὴν

253 3164 559 3211 κοινωνίαν
595 3161 643 3211 οἱ
683 3156 743 3212 δὲ
799 3161 918 3212 ἄνευ
973 3160 1199 3233 ἀνάγκης
1268 3163 1502 3235 μεγάλης
1577 3160 1863 3238 προδόντες

255 3254 359 3305 τὴν
412 3249 479 3309 εἰς
519 3252 647 3301 Θεὸν
677 3253 877 3317 πίστιν,
915 3255 1004 3302 καὶ
1056 3251 1312 3324 ἁψάμενοι
1355 3260 1445 3312 τῆς
1469 3254 1733 3327 τραπέζης
1762 3262 1865 3305 τῶν

258 3334 572 3407 δαιμονίων,
658 3343 747 3390 καὶ
818 3338 1096 3410 ὀμόσαντες
1148 3341 1329 3414 ὅρκους
1378 3341 1722 3407 Ἑλληνικοὺς,
1786 3342 1867 3394 ὲκ·-

257 3425 549 3477 ϐάλλεσθαι
598 3430 687 3499 μὲν
730 3426 779 3479 ἐν
828 3427 874 3498 γ’
906 3432 1063 3496 ἔτεσι,
1115 3434 1205 3482 καὶ
1255 3429 1303 3481 ἐν
1355 3429 1402 3501 β’
1446 3429 1740 3504 ἀκροᾶσθαι
1770 3452 1781 3464 ·
1815 3430 1867 3483 ἐν

346 3552 459 3628 (30)
493 3558 613 3611 Ταῖς
656 3554 846 3628 ἑαυτῶν
901 3552 1169 3628 ἆὸέλφαῖς.
1236 3555 1433 3611 Prima
1489 3557 1689 3627 specie
1741 3572 1864 3611 non

264 3622 524 3704 omnino
545 3626 926 3704 perspicuum
942 3622 1254 3681 est'utrum
1268 3642 1503 3704 sorores
1523 3622 1597 3681 ex
1611 3632 1864 3704 utroque

256 3698 515 3766 parente
548 3697 853 3765 intelligat,
888 3712 964 3752 an
997 3704 1231 3753 tantum
1265 3714 1339 3752 ex
1366 3698 1670 3753 alterutro.
1714 3697 1864 3754 Nam

255 3781 405 3822 cum
444 3766 501 3820 in
548 3782 777 3841 canone
816 3773 884 3841 79
925 3784 1026 3823 eos
1046 3770 1150 3839 qui
1184 3785 1327 3823 suas
1352 3786 1541 3824 nurus
1563 3770 1866 3841 accipiunt

253 3850 387 3891 non
425 3839 692 3911 severius
735 3840 966 3910 puniat,
1008 3856 1191 3911 quam
1233 3841 1507 3911 cuiicum
1542 3839 1745 3896 sorore
1791 3857 1863 3895 ex

252 3913 454 3983 matre
482 3909 579 3963 vel
607 3925 680 3964 ex
703 3909 871 3982 patre
900 3909 1304 3983 rem'habent,
1335 3910 1479 3967 forte
1506 3912 1709 3983 videri
1728 3927 1863 3983 pos-

252 3984 351 4033 set
398 3979 561 4035 idem
615 3979 871 4037 statuere
927 3982 1002 4037 de
1042 3982 1113 4037 iis
1148 3982 1252 4038 qui
1292 3982 1351 4036 in
1378 3998 1671 4038 novercas
1699 3979 1863 4038 insa-

254 4050 458 4125 niunt.
487 4051 607 4106 Sed
630 4056 831 4125 tamen
855 4053 1046 4125 multo
1063 4050 1437 4125 probabilius
1466 4060 1554 4110 est
1579 4054 1864 4111 eamdem

254 4122 377 4177 illis
419 4138 665 4193 ptrnam
721 4124 973 4195 imponi,
1015 4122 1085 4196 ac
1132 4124 1203 4179 iis
1248 4124 1523 4196 quicum
1556 4141 1759 4180 sorore
1790 4140 1864 4180 ex

252 4199 519 4272 utroque
549 4195 1335 4272 parente‘contaminantur.
1384 4198 1512 4250 Non
1541 4196 1700 4250 enim
1736 4196 1862 4272 dis-

252 4266 548 4320 tinctione
580 4266 764 4320 utitur
791 4266 1041 4321 Basilius
1072 4268 1216 4321 utin
1245 4282 1478 4321 canone
1499 4272 1567 4321 75
1593 4284 1606 4333 ;
1631 4283 1740 4321 nec
1758 4266 1865 4321 mi-

249 4351 399 4391 rum
444 4336 495 4390 si
540 4341 855 4408 peccatum
904 4352 1042 4391 cum
1089 4352 1347 4391 noverca
1381 4337 1634 4408 gravius
1672 4353 1862 4408 quam

249 4422 404 4461 cum
436 4422 614 4471 nuru,
660 4406 740 4479 ob
774 4407 992 4462 factam
1026 4409 1179 4479 patri
1210 4407 1517 4479 iniuriam,
1547 4406 1861 4477 judicavit.

335 4481 471 4547 {30'}
512 4484 658 4558 Τὴν⁸
676 4476 734 4558 δίε
800 4476 1168 4558 πολυγαμίίαν..
1208 4476 1567 4558 Polygamiaé
1616 4479 1861 4558 nomine

249 4552 525 4621 Zonaras
542 4555 598 4604 et
625 4548 944 4604 Balsamon
968 4548 1087 4605 non
1104 4548 1441 4617 trigam'iam
1470 4550 1863 4621 interpretan-

250 4627 373 4687 tur,
394 4620 501 4674 sed
523 4621 937 4689 tetragamiam
951 4662 961 4675 .
976 4622 1338 4690 Trigamiam
1354 4620 1692 4676 canonibus
1711 4626 1764 4675 et
1785 4620 1862 4674 le-

248 4692 437 4760 gibus
452 4691 809 4763 permissam
825 4692 1221 4760 esse,vetitam
1236 4696 1435 4747 autem
1448 4692 1864 4763 tetragamiam

253 4762 753 4818 testantur.Unde
766 4763 910 4817 nihil
926 4764 982 4817 in
998 4764 1110 4818 hoc
1124 4778 1354 4818 canone
1369 4762 1576 4817 durius
1589 4762 1862 4831 autjusto

256 4838 537 4889 severius
552 4834 796 4889 animad
810 4839 1059 4889 vertunt.
1078 4834 1317 4889 Videtur
1341 4833 1499 4889 idem
1516 4834 1731 4888 sentire
1744 4832 1865 4886 Ari~

254 4910 493 4971 stenus,
508 4905 610 4975 qui
625 4904 1058 4976 polygamiam,
1074 4904 1146 4960 de
1160 4922 1282 4976 qua
1299 4904 1358 4959 in
1375 4904 1489 4976 hoc
1502 4918 1732 4976 canone
1747 4903 1865 4971 agi-

258 4982 378 5044 tur,
400 4974 607 5047 scelus
624 4974 906 5047 appellat.
932 4976 1111 5031 Valde
1134 4974 1279 5031 mihi
1301 4974 1521 5047 arridet
1541 4976 1669 5030 haec
1691 4974 1865 5047 inter-

258 5047 552 5119 pretatio;
578 5046 891 5117 demitigat
919 5047 1285 5119 enimhujus
1310 5046 1559 5119 canonis
1582 5046 1868 5119 asperitag

258 5116 405 5173 iem.
424 5116 539 5175 Sed
556 5123 757 5174 tamen
772 5116 1131 5187 magnisillis
1152 5116 1577 5189 interpretibus
1590 5116 1867 5189 assentiri

256 5204 387 5269 non
398 5190 1033 5269 possum.riamip_sam
1049 5187 1869 5269 trigamiampolygamizeno-

260 5258 424 5315 mine
438 5261 729 5315 notariait
743 5262 819 5313 Ba
831 5258 1064 5315 siliusin
1081 5258 1312 5316 canone
1324 5258 1640 5330 4,éamque
1654 5258 1866 5330 exlege

260 5331 800 5401 contrahinegatin
817 5347 1048 5387 canone
1075 5336 1158 5387 50.
1186 5334 1470 5386 Praeterea
1490 5329 1868 5401 animadver-

260 5403 518 5480 tendum
541 5400 850 5458 est’Basilii
874 5404 1277 5480 propositum.
1305 5405 1418 5480 Cur
1443 5403 1601 5480 enim
1614 5400 1868 5480 polyga-

259 5490 394 5529 mos
410 5474 470 5528 in
484 5473 600 5528 hoc
614 5489 847 5529 canone
868 5472 1491 5543 Octogesimosubjicit
1505 5472 1863 5543 canonibus,

258 5545 321 5602 id
347 5550 441 5617 est
468 5544 627 5601 inter
659 5545 868 5617 ﬂentes
894 5541 1307 5617 pmnitentiam
1339 5541 1514 5617 agere
1539 5543 1731 5617 jubet,
1752 5541 1867 5598 nisi

259 5616 407 5690 quia
439 5630 547 5676 eos
587 5615 846 5690 publicis
879 5614 1486 5676 condemnationibus
1508 5614 1724 5687 subjici
1742 5628 1870 5693 non

1972 1830 2101 1871 esse
2114 1816 2505 1873 fornicatione
2526 1819 2748 1889 majus.
2764 1822 3137 1894 Quapropter
3149 1831 3630 1883 consentaneum

1972 1910 2061 1960 est
2109 1920 2211 1961 eos
2260 1906 2477 1977 subjici
2527 1909 2887 1979 canonibus,
2937 1915 3004 1966 ut
3040 1912 3264 1970 scilicet
3299 1922 3628 1988 postquam

1972 2009 2134 2050 anno
2158 1992 2448 2063 ﬂeverint,
2472 2001 2529 2051 et
2558 1996 2751 2053 tribus
2772 1998 3059 2056 substrati
3082 2000 3320 2073 fuerint,
3334 2004 3418 2060 sic
3439 2004 3629 2061 susci-

1968 2083 2109 2153 pian
2120 2087 2231 2138 tur.

2044 2174 2269 2229 LXXXI.
2311 2174 2613 2238 Quoniam
2667 2181 2870 2232 autem
2905 2178 3078 2234 multi
3114 2181 3175 2235 in
3222 2180 3629 2240 barbarorum

1969 2261 2314 2317 incursione
2344 2262 2530 2319 ﬁdem
2567 2264 2631 2320 in
2678 2267 2868 2320 Deum
2894 2266 3217 2338 violarunt,
3250 2277 3633 2329 sacramenta.

1972 2350 2216 2421 gentilia
2244 2352 2541 2423 jurantes,
2574 2359 2631 2410 et
2660 2355 2926 2413 nefanda
2964 2359 3250 2428 quaedam
3295 2366 3627 2430 gustantes,

1970 2456 2107 2513 quae
2146 2440 2292 2512 ipsis
2330 2441 2391 2497 in
2437 2444 2689 2513 magicis
2735 2445 3041 2502 idolorum
3088 2448 3324 2520 templis
3354 2452 3633 2521 apposita

1971 2528 2156 2593 fuere,
2189 2530 2229 2586 ii
2259 2531 2597 2587 secundum
2630 2548 2894 2589 canones
2906 2534 3038 2605 jam
3060 2552 3096 2591 a
3116 2538 3391 2593 Patribus
3412 2542 3631 2596 nostris

1970 2619 2163 2675 editos
2192 2619 2638 2691 dispensentur.
2663 2624 2813 2677 Nam
2846 2624 2949 2695 qui
2970 2624 3093 2679 vim
3124 2641 3373 2695 gravem
3388 2643 3495 2699 per
3516 2634 3633 2686 tor-

1971 2713 2175 2763 menta
2214 2710 2573 2778 sustinuere,
2620 2726 2732 2765 nec
2762 2711 3019 2767 ferentes
3046 2714 3311 2783 labores,
3334 2716 3412 2771 ad
3437 2733 3629 2787 nega-

1970 2797 2197 2853 tionem
2226 2797 2398 2851 tracti
2442 2802 2600 2868 sunt,
2648 2798 2839 2855 tribus
2878 2800 3053 2856 annis
3081 2817 3207 2859 non
3239 2803 3624 2874 recipiantur,

1972 2889 2029 2941 et
2071 2885 2312 2941 duobus
2340 2886 2613 2949 audiant,
2664 2891 2722 2942 et
2763 2888 2867 2942 ubi
2896 2890 3073 2944 annis
3106 2891 3297 2946 tribus
3337 2892 3626 2949 substrati

1970 2975 2207 3043 fuerint,
2246 2976 2329 3032 sic
2376 2976 2457 3032 ad
2504 2977 3000 3033 communionem
3044 2979 3461 3036 admittantur.
3515 2982 3627 3047 Qui

1970 3082 2113 3123 vero
2161 3067 2286 3123 sine
2337 3082 2565 3137 magna
2583 3067 2642 3122 vi
2671 3066 2855 3123 ﬁdem
2896 3068 2958 3123 in
2990 3068 3174 3126 Deum
3205 3072 3624 3143 prodiderunt,

1972 3171 2373 3228 mensamque
2403 3157 2728 3227 attigerunt
2751 3157 3215 3231 daemoniorum,
3239 3166 3294 3216 et
3314 3162 3626 3231 gentilium

1972 3251 2355 3302 sacramenta
2378 3247 2681 3316 jurarunt,
2705 3247 3023 3317 ejiciantur
3036 3249 3284 3320 quidem
3314 3251 3503 3307 tribus
3525 3267 3630 3309 an-

1970 3334 2340 3400 nis,duobus
2363 3334 2617 3390 audiant
2642 3352 2656 3390 :
2684 3336 2791 3391 ubi
2810 3352 2951 3392 vero
2974 3338 3152 3393 annis
3181 3338 3372 3395 tribus
3391 3340 3453 3395 in
3478 3342 3629 3397 sub-

1973 3424 2260 3481 stratione
2303 3424 2628 3490 oraverint,
2674 3429 2731 3480 et
2780 3441 2889 3496 per
2929 3426 3108 3498 330
3154 3427 3303 3485 alios
3344 3434 3460 3485 tres
3488 3446 3630 3488 cum

1972 3549 2161 3604 solere
2182 3548 2414 3604 dixerat
2443 3548 2502 3603 in
2533 3556 2763 3604 canone
2789 3550 2900 3605 50?
2928 3555 2997 3605 At
3028 3566 3223 3607 canon
3247 3552 3342 3608 ille
3363 3553 3629 3610 SOdetri-

1973 3622 2169 3689 gamis
2192 3620 2550 3675 nominatim
2566 3620 2708 3687 agit.
2733 3620 2975 3676 Videtur
2990 3638 3135 3691 ergo
3164 3624 3242 3679 ad
3274 3625 3517 3679 eosdem
3536 3641 3630 3680 re-

1970 3691 2257 3747 ferendus
2302 3692 2731 3759 octogesimus.
2778 3694 2947 3749 Justo
3001 3710 3148 3749 sane
3197 3696 3459 3750 severior
3496 3697 3628 3751 hmc

1971 3763 2249 3818 doctrina
2286 3762 2621 3817 videbitur:
2654 3763 2759 3818 sed
2806 3764 2886 3818 ita
2931 3763 3006 3818 dc
3044 3766 3313 3834 trigamis
3345 3768 3627 3822 statuisse

1974 3834 2255 3907 Basilium
2287 3834 2531 3907 minime
2560 3834 2878 3907 mirabitur
2912 3835 3202 3907 quisquis
3244 3836 3457 3891 similia
3486 3838 3626 3907 plu-

1970 3906 2126 3960 rium
2158 3904 2580 3976 Patrumdicta
2595 3904 3202 3976 pensabit,imprimis
3234 3904 3626 3976 Gregorii—Na-

1971 3976 2228 4053 zianzeni
2258 3974 2423 4053 apud
2440 3976 2698 4053 quemin
2720 3981 2947 4053 orat._3_t
2980 3974 3165 4053 tertiae
3196 3974 3425 4053 nuptiae
3454 3999 3623 4053 παρα-

1972 4053 2149 4119 νομία,
2178 4048 2464 4119 iniquitas
2496 4046 2794 4119 dicuntur.
2828 4047 2972 4101 Vide
3000 4046 3312 4106 Addenda.

2043 4122 2154 4189 (31)
2196 4114 2344 4170 Θῦἕτω
2376 4114 2588 4177 dem-os;
2620 4116 2768 4173 εἶναι.
2818 4118 3016 4189 Recipi
3065 4134 3167 4173 eos
3204 4120 3266 4174 in
3294 4122 3624 4178 consisten-

1970 4190 2120 4245 tium
2168 4189 2368 4244 locum
2413 4189 2755 4243 existimant
2802 4188 3122 4244 Balsamon
3163 4196 3218 4245 et
3246 4193 3529 4253 Zonaras,
3564 4194 3627 4249 in

1970 4263 2171 4333 ipsam
2196 4259 2688 4333 communionem
2720 4260 3048 4322 Aristenus,
3079 4261 3182 4332 qui
3213 4269 3474 4332 quatuor
3500 4270 3631 4319 tan-

1971 4331 2099 4387 tum
2129 4346 2323 4386 annos
2349 4331 2823 4395 numerat,banc
2853 4338 3057 4386 tamen
3084 4331 3488 4388 Conditionem
3516 4336 3627 4390 ad-

1971 4404 2142 4468 dens,
2163 4409 2225 4457 ut
2256 4403 2705 4477 matrimonium
2729 4402 3110 4477 dissolvatur.
3128 4402 3498 4477 _Conﬁrmari
3522 4422 3627 4477 po-

1892 4463 1936 4515 D
1973 4480 2083 4529 test
2117 4463 2361 4527 Zonaras
2391 4480 2446 4527 et
2477 4472 2850 4527 Balsamonis
2891 4473 3181 4527 sententia
3214 4490 3287 4528 ex
3314 4463 3547 4531 canone
3569 4481 3623 4543 4,

1971 4545 2073 4599 ubi
2104 4544 2373 4615 quinque
2396 4544 2571 4615 annis
2618 4543 2897 4615 trigamis
2932 4544 3353 4599 decernuntur.
3403 4550 3478 4601 De
3510 4549 3625 4604 hac

1971 4614 2281 4670 severitate
2300 4629 2433 4688 non
2451 4614 2698 4688 videtur
2716 4614 3027 4688 detrahere
3048 4615 3144 4669 hic
3163 4631 3358 4671 canon
3389 4623 3627 4688 octoge-

1970 4688 2183 4765 simus,
2208 4685 2311 4755 qui
2341 4685 2419 4739 ad
2446 4685 2846 4765 intendendas
2879 4687 3077 4765 potius
3109 4702 3297 4765 quam
3324 4685 3625 4746 remitten-

1970 4758 2082 4812 das
2108 4758 2503 4827 trigamorum
2535 4772 2746 4827 poenas
2772 4756 3072 4812 institutus
3095 4756 3201 4812 est.

2066 4828 2154 4895 32)
2196 4824 2466 4887 Εἱὸώλοις.
2498 4824 2649 4894 Légo
2679 4842 2817 4881 cum
2846 4828 3201 4883 (Iombetisio
3232 4825 3529 4891 εἰδωλείοις.

2066 4830 2154 4895 32)
2196 4830 2466 4887 Είὸ“ώ).οις.
2498 4830 2649 4894 Lego
2679 4842 2817 4881 cum
2846 4830 3201 4883 (Iombetisio
3232 4830 3529 4891 εἰδωλείοις.

2042 4830 2158 4969 ἓ33)
2196 4901 2435 4967 Πατέρων
2463 4900 2630 4969 ἡμῷν.
2672 4900 3026 4969 Ancyranos
3071 4901 3270 4955 Patres
3322 4902 3619 4969 designat,

1972 4985 2233 5050 quorum
2261 4983 2485 5048 magna
2512 4968 2746 5050 videtur
2768 4968 3018 5050 fuissem
3033 4972 3414 5050 Cappadocia
3428 4968 3481 5027 et
3493 4973 3622 5050 tini-

1976 5039 2133 5096 timis
2160 5040 2480 5113 provinciis
2503 5039 2845 5113 auctoritas.
2884 5039 3244 5113 Quanquam
3274 5044 3332 5097 in
3358 5044 3470 5099 hoc
3494 5048 3622 5097 tan-

1974 5118 2103 5167 tum
2134 5110 2237 5184 eos
2265 5110 2551 5181 sequitur,
2575 5110 2741 5184 quod
2767 5125 2973 5166 eorum
2996 5110 3272 5184 exemplo
3299 5113 3622 5184 discrimen

2021 5183 2471 5247 onatintereos,
2495 5182 2597 5252 qui
2630 5184 2934 5237 tormentis
2956 5182 3283 5249 cesserunt,
3330 5193 3501 5239 eteos
3518 5183 3625 5252 qui

2001 5254 2207 5326 acilius
2229 5252 2493 5326 superati
2517 5257 2672 5326 sunt.
2708 5254 2861 5326 Nam
2884 5258 3183 5326 Ancyram
3222 5260 3417 5310 Patres
3434 5252 3623 5310 multo

1979 5330 2118 5403 sunt
2137 5324 2409 5403 leniores,
2430 5339 2497 5403 ac
2525 5324 2719 5403 iis-qui
2740 5325 2878 5403 solis
2897 5324 3303 5403 sup‘pliciiraut
3322 5326 3627 5403 bonorum

1976 5395 2327 5467 direptionis
2359 5400 2461 5449 aut
2491 5395 2651 5451 exilii
2677 5396 2855 5450 minis
2886 5395 3216 5465 cesserunt,
3251 5412 3373 5451 non
3393 5397 3628 5466 longio-

1976 5466 2419 5539 remisexennio
2450 5468 2861 5539 paenitentiam
2881 5466 3204 5539 imponunt
3228 5482 3363 5539 can.
3393 5472 3445 5524 6.

2048 5538 2159 5607 (34)
2203 5537 2468 5601 Κανόνας.⁷
2485 5538 2575 5595 Sic
2594 5538 2785 5596 nostri
2814 5537 3050 5595 codices
3072 5554 3222 5595 mss.
3264 5537 3415 5596 Edili
3435 5543 3625 5613 νόμους

1977 5630 2065 5664 και
2089 5628 2321 5675 κανονας,
