4100 6214
561 296 667 351 807
1876 284 1938 341 S.
1980 281 2229 341 BASILll
2268 282 2493 341 MAGNI

558 507 640 567 ad
666 505 815 566 boni
842 501 1363 562 communionem.

634 686 879 742 LXXXII.
922 684 1002 740 De
1039 681 1111 738 iis
1152 680 1333 738 etiam
1378 679 1485 753 qui
1525 679 1889 752 pejerarunt,
1925 674 2050 732 sivi
2076 673 2212 748 qui-

562 775 704 833 dem
735 778 916 847 atque
944 771 1299 829 necessitate
1305 770 1652 841 juramenta
1674 764 2029 839 transgressi
2052 767 2211 832 sunt,

564 863 763 938 prauis
793 861 1121 919 levioribus
1151 858 1571 931 subjiciuntur,
1606 857 1689 913 sic
1720 861 1782 914 ut
1807 860 1945 929 post
1971 870 2075 910 sex
2106 868 2213 910 an-

564 970 680 1011 nos
738 952 973 1026 possint
1013 950 1261 1022 suscipi.
1313 948 1414 1007 Sin
1468 952 1693 1015 autem,
1737 946 1799 1002 vi
1853 960 1978 1002 non
2023 942 2212 1013 illata,

564 1044 751 1101 ﬁdem
778 1058 952 1099 suam
971 1038 1387 1113 prodiderunt,
1426 1038 1529 1093 ubi
1559 1035 1801 1094 duobus
1832 1035 2009 1093 annis
2032 1033 2214 1089 ﬂeve-

565 1134 685 1191 rint
733 1136 790 1189 et
834 1129 1077 1187 duobus
1116 1128 1291 1184 annis
1343 1126 1662 1195 audierint,
1697 1131 1754 1182 et
1797 1140 1905 1198 per
1944 1124 2213 1197 quinque

564 1220 866 1281 oraverint
902 1220 964 1276 in
1000 1216 1425 1284 substratione,
1471 1220 1527 1272 et
1569 1230 1675 1287 per
1714 1214 1861 1271 alios
1894 1213 2048 1269 duos
2085 1212 2214 1268 sine

563 1310 868 1369 oblatione
909 1307 988 1364 ad
1030 1304 1396 1380 precationis
1447 1304 1943 1361 communionem
1994 1300 2215 1357 fuerint

565 1398 834 1461 admissi,
883 1397 969 1453 ita
1013 1394 1285 1463 demum,
1328 1393 1515 1464 digna
1560 1392 1825 1449 videlicet
1864 1390 2215 1463 painitentia

561 1495 827 1552 ostensa,
872 1485 936 1543 in
982 1483 1251 1557 corporis
1280 1481 1493 1542 Christi
1523 1479 2015 1539 communionem
2043 1480 2213 1536 resti-

561 1582 908 1722 ωἶῗίιλιὲιιι.
951 1662 1061 1730 Qui
1088 1666 1257 1719 vates
1286 1660 1624 1731 consulunt,
1661 1664 1715 1716 et
1743 1658 2211 1716 consuetudines

2319 494 2366 568 γ’
2397 499 2693 559 συστάντας
2748 505 2859 561 τοῖς
2895 505 3106 561 πιστοῖς
3162 498 3229 559 εἰς
3278 504 3368 559 τὴν
3401 497 3611 575 δέησιη,
3643 506 3765 558 οὕτω
3791 505 3873 562 δι.

2321 590 2477 649 κτούς
2499 586 2630 640 εἶναι
2660 596 2719 661 τῇ
2748 596 2837 641 τοῦ
2870 586 3071 660 ἀγαθοῦ
3101 594 3361 662 κοινωνίᾳ.

2394 675 2508 731 HB'.
2558 682 2658 731 Καὶ
2710 682 2829 751 περὶ
2873 686 2973 730 τῶν
3027 676 3469 754 έπιορκησάντων,
3501 680 3544 733 εἰ
3584 684 3667 754 μὶν
3696 682 3745 736 ὲκ
3771 684 3873 757 βίας

2320 769 2410 817 καὶ
2466 762 2697 838 ἀνάγκης
2772 765 3074 840 παρέϐησαν
3127 771 3249 829 τούς
3312 770 3519 841 ὅρκους,
3582 778 3873 847 κουφοτέροις

2320 854 2620 908 ὑπόκεινται
2650 854 2952 929 ἐπιτιμίοις,
3006 858 3140 909 ὥστε
3187 860 3318 930 μετά
3364 856 3411 922 ς’
3450 860 3535 918 in:
3568 857 3690 913 εἶναι
3720 862 3873 926 αύτούς

2323 940 2572 1008 δεκτούςο
2628 946 2671 999 εί
2702 942 2761 1000 δὲ
2792 947 2910 999 ἄνευ
2950 945 3180 1019 deniny
3236 944 3519 1020 προδόντες
3564 955 3655 1008 τήν
3716 951 3872 1006 ἑαυτῶν

2322 1038 2523 1101 πίστιν,
2582 1033 2631 1086 ἄν
2688 1031 2843 1088 δυσὶν
2878 1038 3017 1089 ἔτεσι
3053 1036 3534 1110 προσκλαύσαντες,
3564 1044 3650 1092 καὶ
3677 1038 3721 1091 ἑν
3747 1037 3874 1094 δυσὶν

2324 1120 2726 1197 ἀκροασάμενοι,
2788 1129 2878 1177 καὶ
2954 1123 3002 1177 έν
3083 1130 3231 1178 πέντε
3296 1128 3403 1199 (35)

2324 1211 2609 1285 εὐξάμενοι,
2670 1216 2760 1266 καὶ
2809 1212 2856 1266 ἐν
2907 1209 3063 1268 δυσὶν
3109 1214 3283 1277 ἄλλοις
3329 1217 3449 1269 ἄνευ
3506 1225 3789 1292 προσφορᾶς
3827 1220 3878 1281 εἰς

2322 1307 2416 1361 τὴν
2473 1308 2735 1356 κοινωνίαν
2796 1311 2887 1366 τῆς
2937 1312 3250 1380 προσευχῆς
3295 1302 3729 1381 παραδεχθέντες,
3771 1310 3878 1361 οὕτω

2321 1392 2610 1445 τελευταῖον
2672 1392 2959 1467 ἀξιόλογον,
3025 1392 3256 1464 δηλαδὴ,
3330 1401 3427 1455 τὴν
3476 1400 3737 1469 μετάνοιαν
3795 1398 3882 1451 im-

2324 1476 2637 1554 δειξάμενοι,
2709 1481 3240 1542 ἀποκαταστήσονται
3302 1485 3371 1546 εἰς
3414 1490 3504 1545 τὴν
3536 1492 3785 1539 κοινωνίαν
3807 1496 3879 1541 τοῦ

3495 1126 3543 1180 ἓν
3622 1129 3877 1184 ύποπτὼσει

2324 1577 2560 1643 σώματος
2590 1580 2681 1625 τοῦ
2714 1581 2969 1648 Χριστοῦ.

2394 1661 2510 1716 ΗΓ.
2580 1664 2645 1715 Οἱ
2700 1668 3224 1737 καταμαντευόμενοι,
3298 1669 3392 1718 καὶ
3457 1672 3571 1728 ταῖς
3625 1668 3882 1728 συνηθείαις

564 1756 833 1827 gentium
881 1757 1234 1826 sequuntur,
1268 1755 1373 1807 aut
1400 1750 1635 1822 aliquos
1664 1750 1726 1805 in
1755 1765 1895 1805 suas
1925 1748 2084 1805 cedes
2109 1749 2193 1803 in-

2320 1757 2420 1801 τῶν
2495 1749 2646 1804 ἐθνῶν
2722 1750 3139 1820 ἀκολουθοῦντες,
3197 1754 3225 1812 ἦ
3284 1755 3580 1827 εἰσάγοντές
3647 1775 3777 1816 τινας
3824 1756 3882 1816 εἰς

558 1844 883 1902 troducunt
914 1842 993 1900 ad
1012 1840 1421 1899 remediorum
1441 1838 1874 1904 inventionem,
1912 1842 1970 1893 et
2010 1836 2210 1909 expia-

560 1934 807 1999 tionem,
850 1933 913 1991 hi
955 1933 1015 1988 in
1069 1945 1369 1987 canonem
1426 1927 1649 1985 cadant
1705 1927 1992 1984 sexennii.
2042 1930 2208 1983 Post-

558 2038 749 2097 quam
785 2036 946 2081 anno
985 2020 1275 2089 ﬂeverint,
1334 2023 1393 2075 et
1420 2033 1581 2075 anno
1611 2016 1925 2087 audierint,
1949 2020 2006 2073 et
2034 2016 2208 2071 annis

558 2112 753 2171 tribus
783 2111 1004 2169 fuerint
1025 2107 1585 2178 substrati,etanno
1617 2123 1756 2163 cum
1786 2104 2065 2162 ﬁdelibus
2092 2109 2207 2162 ste-

555 2201 753 2270 terint,
785 2200 873 2257 sic
901 2199 1316 2257 admittantur.

630 2291 894 2347 LXXXIV.
937 2291 1073 2344 Haec
1104 2292 1305 2344 autem
1345 2285 1551 2343 omnia
1604 2284 1945 2353 scribimus,
1995 2288 2061 2341 ut
2090 2284 2207 2341 fru-

554 2383 687 2437 ctus
736 2377 1070 2451 probentur
1122 2375 1507 2449 paenitentiae.
1564 2377 1691 2431 Non
1749 2374 1909 2430 enim
1956 2374 2206 2432 omnino

554 2472 825 2541 tempore
848 2466 1257 2538 dijudicamus
1274 2480 1370 2522 res
1387 2464 1703 2537 ejusmodi,
1730 2464 1836 2520 sed
1853 2462 1931 2520 ad
1952 2466 2205 2521 modum

554 2556 918 2631 poenitentiae
948 2553 1334 2612 attendimus.
1364 2553 1536 2619 Quod
1568 2552 1617 2609 si
1647 2553 1752 2625 qui
1781 2551 2020 2609 difﬁcile
2049 2552 2205 2610 avel-

552 2645 754 2705 lantur
772 2660 809 2702 a
837 2644 1097 2719 propriis
1127 2642 1418 2713 moribus,
1455 2642 1774 2715 carnisque
1798 2641 2204 2714 voluptatibus

553 2733 772 2790 servire
802 2732 1014 2789 malint
1039 2747 1227 2805 quam
1258 2731 1532 2797 Domino,
1566 2736 1622 2786 et
1649 2733 1837 2786 vitam
1868 2730 2204 2787 secundum

554 2820 947 2896 Evangelium
977 2822 1284 2878 instituere
1314 2819 1525 2887 nolint,
1566 2820 1732 2875 nulla
1752 2826 1840 2875 est
1866 2818 2042 2875 nobis
2064 2836 2202 2875 cum

548 2910 663 2969 illis
693 2911 1035 2969 communis
1068 2910 1241 2967 ratio.
1274 2911 1391 2967 Nos
1420 2909 1580 2966 enim
1610 2910 1671 2964 in
1703 2907 1929 2981 populo
1970 2907 2205 2965 inobse-

548 3000 758 3073 quenti
784 3005 840 3057 et
869 2998 1300 3058 contradicenti
1321 2997 1517 3055 edocti
1546 3013 1756 3053 sumus
1785 2996 1993 3054 audire
2027 3014 2040 3053 ε
2072 2997 2192 3053 Ser-

546 3104 697 3147 vans
708 3104 883 3148 serva
894 3090 1159 3146 animam
1176 3095 1342 3144 tuam
1360 3090 1426 3142 η.
1442 3089 1520 3144 Ne
1534 3086 1715 3157 igitur
1727 3085 2198 3157 committamus,
2232 3121 2271 3176 ρ

546 3184 617 3236 ut
641 3196 781 3236 cum
803 3178 1021 3235 talibus
1041 3193 1362 3252 pereamus
1392 3196 1404 3237 :
1442 3176 1548 3231 sed
1569 3190 1750 3246 grave
1765 3175 2059 3247 judicium
2081 3175 2199 3232 for-

540 3267 861 3332 midantes,
907 3274 965 3325 et
1005 3266 1332 3325 terribilem
1353 3264 1760 3322 retributionis
1780 3265 2013 3321 Domini
2035 3264 2196 3322 diem

543 3355 623 3412 ob
652 3355 863 3414 oculos
891 3354 1207 3423 habentes;
1244 3370 1321 3411 ne
1352 3353 1610 3411 velimus
1653 3368 1779 3409 una
1821 3368 1960 3409 cum
1986 3353 2197 3409 alienis

538 3445 801 3518 peccatis
849 3446 1063 3519 perire.
1117 3446 1176 3502 Si
1212 3445 1374 3502 enim
1417 3460 1532 3501 nos
1562 3458 1688 3500 non
1714 3443 2194 3499 erudieruntter-

535 3536 734 3594 ribilia
783 3536 1040 3606 Domini,
1089 3551 1200 3593 nec
1248 3534 1396 3592 tales
1444 3534 1641 3607 plagte
1694 3533 2093 3602 adduxerunt,
2129 3539 2195 3591 ut

536 3639 650 3683 nos
678 3640 715 3682 a
747 3624 1000 3681 Domino
1031 3627 1276 3698 propter
1300 3627 1570 3680 nostram
1614 3622 1988 3694 iniquitatem
2026 3622 2192 3679 dere-

535 3714 729 3783 lictos,
760 3714 1287 3787 barbarorumque
1316 3714 1378 3770 in
1407 3728 1630 3770 manus
1661 3712 1912 3768 traditos
1944 3713 2189 3769 sentire-

536 3820 695 3875 mus,
724 3809 782 3862 et
809 3803 1106 3878 populum
1122 3803 1287 3876 apud
1302 3802 1503 3860 hostes
1529 3802 1833 3875 captivum
1856 3800 2188 3858 abductum

537 3909 687 3961 esse,
723 3909 794 3950 ac
824 3893 1183 3967 dispersioni
1221 3892 1529 3962 traditum,
1551 3891 1697 3964 quia
1727 3890 1851 3946 haec
1880 3890 2189 3947 audebant

534 3982 639 4054 qui
662 3982 872 4038 Christi
893 3997 1118 4039 nomen
1141 3982 1571 4038 circumferunt
1604 3999 1617 4037 :
1648 3981 1697 4035 si
1723 3996 1845 4037 non
1868 3984 2184 4050 noverunt,

534 4085 731 4142 neque
787 4070 1226 4137 intellexerunt,
1279 4075 1600 4142 propterea
1650 4070 1891 4125 venisse
1946 4070 2007 4125 in
2074 4085 2185 4125 nos

531 4157 685 4215 iram
709 4157 807 4214 Dei
834 4174 847 4225 ;
880 4174 1017 4231 quae
1058 4173 1152 4214 res
1178 4157 1355 4214 nobis
1388 4174 1526 4213 cum
1564 4157 1658 4213 his
1687 4158 2027 4213 communis
2056 4158 2185 4215 est?

532 4246 649 4305 Sed
687 4251 885 4305 tamen
907 4246 1195 4303 obtestari
1223 4262 1326 4303 eos
1351 4250 1407 4303 et
1430 4250 1612 4303 noctu
1634 4250 1689 4302 et
1708 4245 1984 4317 interdiu,
2001 4250 2057 4302 et
2076 4262 2183 4318 pu-

528 4335 684 4394 blice
746 4341 802 4394 et
861 4336 1142 4409 privatim
1194 4335 1515 4405 debemus;
1583 4350 1696 4391 nos
1752 4339 1955 4391 autem
2003 4334 2183 4391 simul

604 4429 649 4463 ¹²
689 4429 833 4485 Gen.
863 4443 983 4495 ιιι,
1020 4432 1105 4484 t7.

600 4518 713 4587 (35)
749 4518 833 4571 Ἐν
863 4522 1029 4587 πέντε.
1082 4516 1173 4573 Sic
1220 4514 1461 4572 codices
1511 4513 1774 4587 melioris
1815 4518 1991 4587 notia.
2030 4517 2181 4572 Non-

528 4586 678 4667 nulli
696 4586 931 4667 habent
987 4586 1034 4640 ἐν
1067 4592 1305 4667 πέμπτῳ,
1354 4588 1415 4643 ίη
1448 4588 1678 4667 quinto.
1715 4586 2180 4667 Sic.videtur_le-

526 4658 684 4784 gisse
722 4660 1033 4731 interpres.
1064 4657 1179 4715 Sed
1199 4657 1328 4713 haec
1359 4657 1656 4731 scriptura
1684 4657 1933 4715 minime
1937 4658 2182 4783 dproba-

573 4727 684 4784 ilis.
716 4730 819 4784 Vix
848 4734 1010 4784 enim
1041 4731 1285 4784 gravius
1314 4730 1626 4784 puniretur
1659 4729 1929 4784 iusiuran
1981 4746 2082 4784 um
2114 4729 2177 4784 li-

573 4727 684 4784 ilis.
716 4730 819 4785 Vix
848 4727 1010 4785 enim
1041 4731 1285 4799 gravius
1314 4727 1626 4801 puniretur
1653 4727 2082 4800 jusjurandum
2114 4729 2177 4785 li-

524 4799 669 4881 bere
694 4805 751 4881 et
769 4807 981 4874 sponte
1002 4799 1569 4881 infractum'._quam
1598 4800 1655 4881 vi
1687 4799 2174 4873 et’impressione

527 4869 820 4944 violatum
844 4890 857 4939 ;
891 4888 1002 4929 nec
1032 4872 1198 4929 aliud
1223 4876 1378 4927 esset
1400 4869 1558 4928 inter
1576 4869 1935 4944 utrumque,
1985 4888 2173 4944 quam

526 4941 705 5015 unius
735 4944 878 5015 anni
907 4944 1250 5015 discrimen.
1285 4944 1521 5014 Legitur
1568 4943 1618 4995 ἕν
1661 4941 1877 5015 πέμπτῳ
1926 4941 2172 5009 ωῬδΠ-

525 5012 735 5070 dectis.
772 5014 886 5071 Sed
924 5013 1249 5071 Balsamon
1306 5012 1391 5070 et'
1409 5016 1671 5070 Zonaras
1697 5012 2082 5071 e'tAr'istenus
2109 5016 2171 5071 in

523 5086 650 5141 suis
679 5085 1269 5158 interpretationibus
1282 5092 1618 5158 agnoscunt
1649 5086 1929 5158 undecim
1950 5100 2166 5158 annos.

522 5158 811 5214 Praeterea
835 5156 1057 5228 ‘decem
1083 5157 1233 5228 anni
1278 5157 1674 5228 imponuntur
1700 5157 1957 5228 perjuris
1980 5156 2046 5228 in
2078 5172 2173 5213 ca-

520 5230 802 5300 nonei6i,
833 5229 927 5285 cui
954 5226 1204 5300 quidem
1232 5226 1457 5300 canoni
1488 5226 1953 5300 aliqua'videtur
1974 5227 2170 5300 in_esse

520 5314 661 5356 cum
690 5299 807 5356 hoc
835 5297 1207 5371 octogesimo
1236 5297 1503 5371 secundo
1533 5297 1971 5371 discrepantia;
2020 5298 2169 5355 forte

518 5371 666 5453 quia
703 5371 764 5453 in
794 5368 1001 5453 priore
1035 5369 1204 5452 nulla
1248 5369 1530 5425 statuitur
1558 5368 1861 5425 distinctio
1893 5373 2080 5426 coacti
2114 5375 2172 5427 et

518 5441 837 5516 Voluntarii
860 5441 1126 5516 perjurii.

591 5514 706 5584 (36)
747 5510 1103 5587 Φαρμακειῶν.
1123 5515 1321 5584 Longe
1347 5510 1463 5568 alio
1494 5526 1675 5587 sensu
1700 5516 2026 5587 usurpatur
2054 5512 2169 5587 hoc

521 5581 658 5638 loco
674 5581 770 5656 ea
807 5581 928 5642 vox
957 5602 1027 5643 ac
1074 5586 1135 5642 in
1170 5581 1399 5641 canone
1427 5587 1515 5656 65,
1546 5583 1609 5639 in
1641 5598 1763 5656 quo
1792 5581 2066 5656 veneﬁca
2091 5584 2170 5656 ad

519 5652 844 5724 perniciem
858 5657 1106 5721 inventa
1115 5656 1394 5731 designat
1426 5671 1441 5717 :
1471 5655 1567 5714 hic
1583 5652 1786 5717 autem
1803 5655 2071 5717 remedia
2090 5654 2171 5715 ad

2317 1844 2433 1902 τούς
2494 1841 2687 1895 ἑαυτῶν
2735 1846 2905 1905 οἴκους
2966 1842 3051 1897 έπὶ
3102 1843 3367 1919 ἀνευρέσει
3422 1854 3740 1921 φαρμακειῶν
3766 1848 3880 1917 (36),

2317 1936 2406 1983 καὶ
2436 1933 2711 2007 καθάρσει,
2744 1934 2844 1985 ύπό
2874 1937 2960 1985 τὸν
2984 1937 3174 1985 κανόνα
3198 1938 3538 1987 πιπτέτωσαν
3560 1943 3651 1996 τῆς
3668 1936 3881 1997 ίξαετίας.

2322 2026 2570 2075 Ενιαυτόν
2618 2023 3099 2097 προσκλαύσαντες,
3126 2028 3216 2077 καὶ
3246 2022 3481 2077 ίνιουτὸν
3515 2024 3879 2100 ἀκροασάμενοι,

2314 2116 2405 2163 καὶ
2435 2109 2483 2163 έν
2511 2110 2555 2183 7'
2587 2114 2751 2165 ἔτεσιν
2790 2114 3179 2183 ὑποπίπτοντες,
3218 2118 3307 2167 καὶ
3358 2113 3591 2168 ἕνιαυτὸν
3631 2117 3879 2175 συστάντες

2315 2207 2426 2263 τοῖς
2462 2209 2687 2270 πιστοῖς,
2729 2203 2863 2254 οὕτω
2894 2199 3267 2275 δεχθήτωσαν.

2389 2290 2505 2349 ΠΔ’.
2548 2293 2724 2344 Πάντα
2780 2288 2839 2345 δι
2884 2300 3054 2345 ταῦτα
3106 2294 3399 2365 γράφομεν,
3443 2295 3576 2347 ὥστε
3625 2296 3736 2355 τούς
3779 2312 3881 2365 καρ-

2314 2382 2445 2442 πούς
2485 2377 2874 2453 δοκιμάζεσθαι
2912 2389 3010 2442 τῆς
3064 2386 3365 2453 μετανοίας.
3444 2383 3522 2435 Oti
3570 2384 3666 2457 γὰρ
3714 2384 3881 2439 πάντως

2312 2476 2385 2540 τῷ
2443 2473 2620 2544 χρόνῳ
2678 2475 2915 2545 κρίνομεν
2963 2473 3030 2523 τὰ
3080 2477 3318 2538 τοιαῦτα,
3353 2469 3485 2524 ἀ).λὰ
3514 2479 3585 2543 τῷ
3624 2472 3783 2545 τρόπῲ
3808 2477 3881 2530 τῆς

2312 2563 2586 2630 μετανοίας
2655 2564 3007 2634 προσέχομεν.
3104 2559 3219 2613 Ἐὰν
3306 2555 3374 2612 δε
3455 2557 3881 2618 δυσαποσπάστως

2313 2650 2482 2719 ἔχωσι
2535 2657 2635 2700 τῶν
2691 2644 2839 2701 ἰδίων
2895 2647 3041 2716 ἐθῶν,
3082 2652 3172 2701 καὶ
3202 2656 3318 2711 ταῖς
3353 2645 3574 2713 ἡδοναῖς
3604 2650 3879 2722 τῆςσαρκός

2312 2736 2501 2809 μᾶλλον
2554 2734 2814 2790 δουλεύειν
2886 2737 3099 2791 θέλωσιν
3176 2739 3206 2797 ἡ
3291 2745 3369 2810 τῷ
3428 2744 3623 2814 Κυρίῳ,
3678 2743 3759 2791 καὶ
3803 2740 3879 2794 τὴν

2311 2828 2447 2878 κατὰ
2489 2830 2549 2878 τὸ
2588 2826 2898 2898 Εύαγγελιον
2952 2826 3091 2887 ζωὴν
3129 2830 3199 2900 μὴ
3259 2824 3685 2901 καταδέχωνται,
3732 2822 3879 2886 οὐδεὶς

2311 2916 2435 2986 ἡμῖν
2468 2919 2599 2990 πρὸς
2638 2914 2827 2977 αύτούς
2873 2918 3038 2977 κοινός
3093 2914 3264 2988 λόγος.
3339 2917 3515 2990 Ἡμεῖς
3555 2920 3654 2992 γὰρ
3702 2915 3747 2968 όν
3790 2914 3877 2984 λαῷ

2310 3001 2511 3056 ἀστειθεί
2572 3008 2660 3056 καὶ
2715 3002 3029 3076 ἀντιλέγοντι
3097 3001 3475 3079 δεδιδάγμεθα
3552 3005 3760 3077 ἀκούειν,
3814 3006 3878 3056 ὅτι

2309 3095 2492 3153 Σώςων
2537 3092 2674 3153 σῶζε
2729 3097 2823 3151 τὴν
2884 3101 3102 3146 σεαυτοῦ
3167 3093 3383 3167 ψυχήν,
3428 3100 3514 3155 Μὴ
3547 3100 3710 3149 τοίνυν
3752 3111 3867 3146 κατα

2309 3178 2577 3254 δεξώμεθα
2634 3181 3061 3236 συναπόλλυσθαι
3113 3191 3221 3246 τοῖς
3269 3187 3561 3247 τοιούτοιςο
3593 3184 3711 3236 ἀλλὰ
3736 3182 3877 3257 φοϐη-

2310 3272 2476 3332 θέντες
2522 3274 2579 3323 τό
2631 3269 2770 3345 βαρύ
2827 3278 3011 3346 κρῖμα,
3055 3277 3143 3325 καὶ
3184 3278 3278 3331 τὴν
3340 3272 3563 3349 φοϐερὰν
3593 3276 3773 3347 ἡμέραν
3799 3278 3877 3332 τῆς

2304 3356 2699 3421 ἀνταποδόσεως
2736 3367 2828 3412 τοῦ
2881 3366 3073 3433 Κυρίου
3130 3364 3230 3436 πρὸ
3273 3370 3379 3413 τῶν
3442 3362 3701 3435 ὀφθαλυῶν
3726 3359 3877 3413 λαϐόν-

2300 3469 2403 3518 τες,
2458 3454 2529 3523 μὴ
2602 3450 2894 3523 θελήσωμεν
2954 3450 3233 3523 ἁμαρτίαις
3297 3448 3596 3525 ἀλλοτρίαις
3649 3450 3875 3503 συναπόλ-

2300 3537 2512 3594 λυσθαι.
2582 3540 2766 3614 Εὶγὰρ
2797 3544 2868 3611 μὴ
2903 3536 3212 3593 ἐπαίδευσεν
3270 3542 3413 3611 ἡμᾶς
3465 3544 3530 3594 τὰ
3589 3540 3769 3616 φοϐερὰ
3801 3544 3874 3590 τοῦ

2305 3634 2519 3703 Κυρίου,
2595 3625 2734 3701 μηδε
2788 3631 2841 3680 αἱ
2893 3628 3206 3686 τηλικαῦται
3258 3628 3466 3702 πληγαὶ
3532 3630 3597 3691 εἰς
3653 3631 3873 3687 αἴσθησιν

2300 3718 2439 3789 ἡμᾶς
2496 3722 2693 3789 ἤγαγον
2724 3718 2858 3789 (37),
2887 3720 2967 3769 ὅτι
2998 3714 3093 3769 διὰ
3120 3723 3206 3776 τὴν
3249 3716 3474 3792 ἀνομίαν
3526 3723 3668 3792 ἡμῶν
3696 3717 3874 3789 ὶγκατί·

2298 3806 2440 3858 λιπεν
2506 3808 2641 3878 ἡμᾶς
2695 3808 2720 3857 ό
2778 3810 2985 3881 Κύριος,
3044 3812 3135 3858 καὶ
3198 3806 3506 3882 παρέδωκεν
3583 3807 3651 3869 εἰς
3714 3813 3870 3879 χεῖρας

2299 3894 2597 3971 βαρϐάρων,
2652 3900 2742 3947 καὶ
2806 3895 3023 3967 ἀπήχθη
3072 3896 3415 3969 αἰχμάλωτος
3474 3898 3543 3958 εἰς
3588 3901 3703 3959 τούς
3748 3894 3870 3947 πολε-

2295 3989 2448 4057 μίους
2478 3986 2503 4036 ὁ
2532 3984 2676 4053 λαός,
2708 3990 2797 4037 καί
2828 3982 3096 4059 παρεδόθη
3144 3994 3205 4059 τῇ
3238 3982 3533 4061 διασπορᾷ,
3567 3983 3701 4040 διότι
3727 3991 3870 4037 ταῦτα

2296 4072 2518 4146 ἐτόλμων
2572 4076 2621 4126 οἱ
2662 4078 2721 4127 τὸ
2780 4078 2939 4147 ὄνομα
2962 4082 3055 4127 τοῦ
3104 4082 3343 4147 Χριστοῦ
3390 4080 3782 4151 περιφέροντες·
3833 4070 3868 4123 εἰ

2295 4167 2365 4234 μὴ
2402 4165 2631 4233 ἔγνωσαν
2662 4164 2799 4235 (38),
2832 4160 2972 4236 μηδὲ
3003 4171 3252 4233 συνῆκαν,
3309 4166 3390 4218 ὅτι
3422 4161 3519 4218 διὰ
3554 4172 3715 4217 ταῦτα
3742 4159 3867 4220 ἦλθεν

2295 4249 2367 4323 ἐφ’
2412 4254 2545 4324 ημᾶς
2612 4253 2640 4310 ἠ
2695 4252 2823 4327 ὀργὴ
2878 4260 2969 4304 τοῦ
3018 4261 3190 4307 Θεοῦ’
3250 4272 3328 4315 τις
3387 4256 3515 4327 ἡμῖν
3553 4257 3713 4313 κοινός
3757 4252 3867 4323 πρὸς

2291 4342 2506 4402 τούτους
2574 4339 2757 4413 λόγος
2824 4340 2981 4394 Ἀλλά
3036 4338 3497 4417 διαμαρτύρεσθαι
3558 4342 3729 4402 αύτοῑς
3794 4339 3865 4388 καὶ

2292 4517 2540 4574 morbos
2569 4516 2985 4590 pellendos,ut
3011 4517 3670 4590 observantBalsamon
3696 4520 3749 4573 et
3772 4514 3862 4590 Ζο-

2288 4605 2491 4645 naras.
2508 4586 2649 4670 _Hihc
2665 4589 2854 4646 multo
2864 4586 3125 4670 leniorin
3137 4590 3254 4670 hoc
3267 4606 3505 4670 canone
3518 4586 3860 4670 paenitentia,

2335 4677 2473 4735 uam
2504 4660 2565 4716 in
2602 4661 2982 4735 sexagesimo
3006 4661 3241 4735 quinto.
3288 4659 3673 4735 Distinctione
3703 4659 3863 4735 utitur

2287 4677 2473 4789 quam
2504 4677 2565 4716 in
2602 4677 2982 4730 sexagesmlo
3006 4677 3241 4733 qmmo.
3288 4677 3673 4718 msuncuone
3703 4677 3860 4735 untur

2332 4774 2344 4786 .
2380 4731 2700 4801 Gregorius
2717 4735 3024 4803 Nyssenus
3046 4733 3107 4787 in
3121 4733 3442 4788 statuenda
3456 4734 3637 4803 hujus
3656 4731 3860 4803 peccati

2284 4803 2653 4877 poenitentia.
2671 4803 3041 4877 sancitenim
3055 4819 3289 4858 canone
3312 4808 3341 4859 3
3367 4810 3429 4859 ut
3450 4806 3556 4877 qui
3574 4819 3633 4859 se
3646 4812 3861 4877 conver-

2284 4870 2417 4930 tunt
2437 4875 2513 4930 ad
2541 4874 3142 4946 prmstigiatores,aut
3158 4880 3346 4943 vates,
3370 4870 3491 4931 aut'
3504 4891 3607 4931 eos
3633 4874 3729 4945 qui
3754 4870 3859 4924 dir.-

2282 4945 2749 5017 monum'opera
2775 4945 3010 5017 piacula
3030 4946 3311 5017 quaedam
3330 4946 3693 5001 etmalorum
3713 4954 3858 5017 aver-

2283 5010 2815 5089 tendorum'artem
2846 5010 3221 5089 proﬁtentur,
3259 5017 3319 5072 hi
3341 5017 3389 5072 si
3421 5016 3559 5072 ﬁdei
3587 5010 3853 5089 negandi:

2279 5086 2529 5159 consilio
2547 5087 2607 5142 id
2622 5080 2889 5159 fecerint,
2904 5087 3333 5159 iisdcmpaenis
3349 5104 3419 5143 ac
3437 5080 3721 5159 apostatin
3734 5080 3856 5159 sub-

2275 5158 2589 5231 jiciantur;
2622 5157 2705 5213 sic
2736 5152 2940 5231 autem
2970 5152 3623 5231 gravissimoquodam
3667 5152 3851 5210 dolore

2281 5229 2340 5285 et
2361 5229 2589 5302 damno
2637 5230 2917 5302 perculsi,
2955 5229 3194 5302 eodem,
3219 5229 3407 5302 modo
3432 5229 3769 5302 puniantur,
3788 5236 3850 5278 ac

2279 5300 2384 5373 qui
2414 5300 2725 5373 tormentis
2751 5307 3021 5373 tempore
3051 5300 3451 5373 confessionis
3474 5300 3786 5373 cesserunt.

2350 5371 2759 5443 (37)_'H'/ayov.
2812 5370 2905 5429 Sic
2944 5388 3086 5427 mss.
3140 5372 3375 5443 codices
3407 5370 3665 5426 melioris
3689 5370 3844 5422 noue.

2280 5442 2434 5570 {iditi
2465 5440 2938 5515 £709.13andectte
2962 5459 3102 5499 cum
3123 5442 3430 5499 codicibus
3451 5458 3599 5497 mss.
3623 5448 3846 5495 consen-

2305 5529 2405 5569 1un
2440 5556 2452 5567 .

2305 5515 2452 5570 iunt.

2351 5588 2466 5669 (I18)
2502 5592 2565 5669 ξι
2612 5590 2683 5669 μή
2745 5588 2993 5669 frigidam.
3052 5586 3146 5669 Sic
3195 5581 3593 5669 antiquissimi
3626 5576 3845 5669 codicis

2280 5659 2339 5716 et
2381 5656 2713 5717 Pandec’tae.
2769 5656 3069 5719 Editiones
3102 5658 3296 5719 Basilii
3324 5656 3363 5711 εἳ
3399 5659 3471 5727 μὴ
3516 5656 3840 5724 συνέγνωσαν.

560 415 841 476 ﬁdelibus
867 413 946 471 ad
975 411 1307 470 orationem
1351 411 1639 479 steterint,
1689 409 1776 467 sic
1813 406 2193 468 admittantui

2324 408 2625 461 ύποπτὼσει
2682 404 2740 461 δε
2798 408 3105 482 εὐξαμένους
3156 410 3204 463 ἄν
3242 410 3288 482 γ’
3318 412 3468 475 ἔτεσι,
3519 417 3601 466 καὶ
3650 413 3693 467 ἐν
3730 418 3872 483 ἀλλοις

4006 4766 4015 5039 λ

4008 5386 4011 5545 1
