4054 6228
50 328 51 375 l
247 332 347 388 8t?

1220 322 1716 388 EPI‘2TOLARUM
1747 328 2022 390 CLASSIS
2063 332 2128 388 Η.
2156 330 2368 390 EPIST.
2403 332 2625 391 CCXXII

3500 333 3604 389 818

251 451 571 519 δοξάζοντας
626 468 690 524 με
748 450 980 522 δοξάσω,
1036 459 1146 518 πῶς
1202 453 1331 528 οὐχὶ
1398 458 1692 531 γνωρίμους
1753 460 1840 511 καὶ

1954 456 2267 530 quomodo
2315 471 2439 515 non
2487 456 2745 513 illustres
2793 469 2864 514 ac
2903 455 3189 514 omnibus
3238 455 3603 529 conspicuos

249 540 518 617 διαφανεῖς
570 548 681 607 τοῖς
747 548 879 596 πᾶσι
932 548 1276 610 καταστήσει,
1336 549 1447 607 ταῖς
1504 543 1685 599 ἀκτῖσι
1751 552 1844 598 τοῦ

245 631 393 692 ἡλίου
455 632 785 707 συνεφαπλῶν
842 633 953 705 (60)
1012 641 1103 696 τῆς
1149 632 1613 709 ἐξαστραπτούσης
1674 634 1842 688 αὐτῶν

248 720 580 797 λαμπηδόνος
623 726 682 777 τό
728 720 950 799 φαιδρὸν
981 740 995 792 ;
1036 728 1264 789 Μείζονα
1302 722 1362 779 δε
1402 723 1554 787 αὖθις
1591 727 1716 799 ἡμῖν
1754 728 1843 779 τόν

249 818 367 888 περὶ
416 814 549 887 ὑμᾶς
588 815 748 867 πόθον
805 814 1077 872 ἕνεθήκατε
1125 817 1448 891 γραμμάτων
1493 817 1635 889 ἡμᾶς
1686 815 1842 878 ἀξιώ-

252 920 452 970 σαντες,
506 906 596 954 καὶ
650 904 974 976 γραμμάτων
1019 906 1288 971 τοιούτων,
1330 903 1380 956 ἓν
1434 903 1513 967 οἷς
1556 907 1687 978 πρὸς
1732 911 1840 968 τοῖς

248 990 599 1065 προλαϐοῦσιν
637 992 767 1065 ὑπὲρ
830 999 925 1054 τῆς
975 992 1237 1056 εὐσεϐείας
1287 993 1625 1067 παλαίσμασι
1681 994 1841 1047 πλου-

251 1083 369 1132 σίου
400 1084 491 1132 καὶ
538 1078 887 1155 ἀκμαιοτέραν
931 1084 1024 1139 τὴν
1062 1081 1186 1157 ὑπερ
1224 1090 1317 1144 τῆς
1362 1079 1589 1145 ἀληθοῦς
1616 1086 1842 1144 πίστεως

243 1168 674 1244 καρτεροψυχίαν
720 1166 1206 1241 ἐπεδαψιλεύσασθε
1242 1170 1379 1243 (61).
1433 1171 1543 1245 Ἐφ’
1586 1172 1662 1234 οἷς
1713 1191 1841 1224 συν-

244 1254 484 1329 ηδόμεθα
507 1259 671 1331 Ιύμῖν,
730 1261 821 1312 καὶ
878 1261 1264 1333 συνευχόμεθα,
1320 1261 1454 1322 ὅπως
1503 1261 1531 1314 ό
1577 1267 1679 1313 τῶν
1716 1259 1842 1313 ὅλων

243 1350 392 1411 Θεὸς,
423 1346 485 1399 οὗ
530 1347 558 1399 ὁ
610 1344 768 1421 ἀγὼν,
828 1352 919 1400 καί
973 1348 1036 1401 οὗ
1073 1351 1133 1401 τό
1174 1351 1413 1423 σκάμμα,
1457 1353 1545 1403 καὶ
1584 1345 1659 1402 δι’
1702 1350 1762 1402 οὗ
1792 1351 1842 1402 οἱ

241 1441 509 1508 στέφανοι,
540 1437 838 1509 προθυμίαν
894 1435 1180 1511 ἐμποιήσῃ,
1225 1438 1388 1512 ῥῶσιν
1443 1439 1629 1511 ψυχῆς
1675 1442 1841 1511 παρά-

243 1543 385 1597 σχῃ,
412 1528 499 1578 καὶ
540 1525 612 1589 εἰς
637 1525 831 1579 τελείαν
857 1522 1203 1599 εὐδοκίμησιν
1256 1528 1368 1600 (62)
1410 1532 1502 1587 τὴν
1546 1529 1673 1602 παρ’
1700 1528 1841 1599 αύτῷ

238 1618 297 1668 τὸ
324 1617 473 1688 ἔργον
510 1616 653 1688 ὑμῶν
681 1616 879 1689 ἀγάγῃ.

786 1738 1122 1787 ΕΠΙΣΤΟΛΗ
1155 1734 1310 1791 ΣΚΒ’.

1949 545 2180 616 reddet,
2250 561 2374 603 una
2429 562 2567 603 cum
2624 546 2765 604 solis
2816 546 3001 604 radiis
3045 546 3351 620 explicans
3406 545 3605 616 fulgu-

1950 635 2138 693 rantis
2167 651 2378 693 eorum
2423 636 2627 707 gloriae
2676 635 3064 709 splendorem
3087 637 3114 693 ?
3161 638 3386 692 Rursus
3421 634 3601 692 nobis

1949 725 2130 782 vestri
2159 725 2527 783 desiderium
2569 726 2771 797 majus
2819 726 3102 781 attulistis
3133 725 3340 782 litteris
3373 725 3451 781 ad
3486 740 3599 781 nos

1953 814 2206 887 scriptis,
2264 817 2323 871 et
2376 814 2677 885 ejusmodi
2729 814 2956 884 litteris,
3016 814 3077 870 in
3124 814 3347 886 quibus
3388 818 3602 887 praeter

1954 904 2267 976 superiora
2292 919 2401 976 pro
2415 904 2631 977 pietate
2652 903 2984 959 certamina
3026 902 3269 959 divitem
3291 902 3600 958 etvividio-

1950 1007 2076 1049 rem
2109 1007 2219 1065 pro
2247 1007 2388 1049 vera
2410 992 2532 1049 ﬁde
2560 992 2752 1050 animi
2794 991 3195 1047 constantiam
3229 989 3598 1063 protudistis.

1950 1082 2032 1139 De
2069 1080 2293 1154 quibus
2338 1097 2463 1140 una
2506 1080 2827 1138 vobiscum
2886 1080 3247 1152 gaudemus,
3304 1078 3601 1151 simulque

1950 1185 2289 1245 precamur,
2348 1175 2415 1228 ut
2475 1171 2898 1228 universorum
2951 1170 3128 1239 Deus,
3182 1167 3355 1240 cujus
3413 1172 3600 1224 certa-

1951 1274 2114 1328 men,
2145 1261 2319 1331 cujus
2348 1274 2555 1333 pugna
2578 1265 2637 1317 et
2661 1275 2770 1333 per
2797 1274 2982 1333 quem
3016 1273 3262 1321 corona,
3292 1257 3603 1327 ingeneret

1952 1349 2139 1407 animi
2162 1348 2464 1418 ardorem,
2489 1349 2837 1406 corroboret
2868 1347 3160 1417 animam,
3192 1350 3250 1403 et
3280 1362 3435 1420 opus
3464 1360 3600 1401 ves-

1950 1443 2110 1496 trum
2140 1436 2218 1495 ad
2266 1437 2592 1511 perfectam
2628 1437 2795 1513 apud
2838 1436 3043 1513 ipsum
3090 1434 3599 1512 approbationem

1951 1526 2260 1601 perducat.

2485 1731 2829 1789 EPISTOLA
2854 1729 3102 1789 CCXXll'

250 1819 585 1895 Signiﬁcat
601 1821 872 1895 Basilius
883 1836 945 1879 se
964 1824 1128 1881 lectis
1148 1838 1351 1881 eorum
1381 1824 1598 1881 litteris
1614 1824 1941 1895 respirasse
1960 1836 2034 1880 ea:
2051 1822 2361 1891 aerumnis,
2385 1826 2442 1878 et
2472 1822 2714 1895 cognita
2734 1836 2940 1895 eorum
2958 1819 3247 1877 adversus
3269 1816 3596 1895 lim-elices,

308 1890 458 1964 quos
479 1893 679 1966 primi
698 1893 1078 1964 repulerunt,
1108 1897 1451 1952 constantia
1474 1910 1548 1952 ac
1574 1890 1723 1953 cleri
1744 1896 2068 1965 praeuntis
2085 1900 2141 1951 et
2155 1890 2375 1966 populi
2390 1890 2802 1966 subsequentis
2824 1907 3137 1960 consensu,
3158 1891 3451 1949 acn‘orem
3468 1890 3601 1961 fac-

312 1970 438 2023 tam
460 1979 583 2022 esse
599 1964 681 2022 ad
696 1977 957 2036 pugnas,
973 1981 1105 2039 qua?
1121 1966 1511 2037 Cappadocia
1530 1964 1861 2038 imminent,
1875 1964 2590 2023 sustinendas.Hortatur
2602 1965 2746 2020 utin
2770 1964 2880 2021 hoc
2898 1978 3187 2021 consensu
3196 1967 3599 2034 perseverent.

796 2101 933 2173 Πρός
961 2096 1282 2163 Χαλκιδέας.

305 2208 381 2260 Τό
436 2208 659 2279 γράμμα
699 2213 795 2269 τῆς
854 2205 1121 2268 εὐλαϐείας
1179 2208 1321 2279 ὑμῶν
1369 2214 1601 2261 τοιοῦτον
1640 2213 1844 2280 γέγονεν

228 2296 365 2365 ἡμῖν
428 2292 478 2346 ἐν
540 2302 704 2367 καιρῷ
784 2293 1003 2366 θλίψεως
1071 2295 1335 2368 ἐπιφανεν,
1399 2299 1577 2350 ὁποῖον
1646 2300 1849 2369 γίνεται

224 2383 489 2444 πολλάκις
546 2383 865 2456 ἀγωνισταῖς
924 2386 1124 2452 ἵπποις,
1167 2385 1218 2438 ἐν
1269 2385 1575 2460 μεσημϐρίᾳ
1615 2388 1847 2459 σταθερᾷ

224 2471 415 2547 λάϐρῳ
477 2480 551 2544 τῷ
607 2473 844 2546 ἄσθματι
898 2476 1039 2526 κόνιν
1113 2479 1402 2548 σπωμένοις
1463 2474 1512 2528 ὶν
1567 2480 1712 2549 μέσῳ
1772 2496 1845 2547 τῳ

235 2559 471 2633 σταδίῳ,
532 2557 676 2638 ὕδωρ
735 2569 841 2623 τοῖς
908 2567 1138 2636 στόμασι
1188 2566 1515 2637 προσχυθέν.
1581 2565 1847 2620 Ἀνεπνεύ-

234 2668 409 2723 σαμε-δ
457 2653 561 2723 γὰρ
620 2653 676 2702 ἐκ
742 2660 833 2712 τῆς
891 2658 1165 2724 σῦνεχείας
1222 2661 1322 2705 τῶν
1367 2660 1693 2728 πειρασμῶν,
1753 2658 1842 2707 καὶ

230 2742 375 2810 ὁμοῦ
428 2759 481 2794 τε
526 2747 630 2801 τοῖς
680 2742 916 2815 ῥήμασιν
973 2743 1115 2816 ὑμῶν
1167 2742 1586 2818 ἑπεῤῥώσθημεν,
1644 2741 1734 2795 καὶ
1784 2750 1845 2815 τῇ

225 2836 421 2902 μνήμῃ
485 2837 586 2882 τῶν
657 2829 776 2883 καθ’
835 2831 972 2903 ὑμᾶς
1054 2833 1437 2904 ἀγωνισμάτων
1513 2832 1852 2907 εύτονὼτεροι

223 2922 520 2991 γεγόναμεν
576 2922 705 2992 πρὸς
761 2922 820 2972 τὸ
880 2916 1163 2982 ἀνενδότως
1214 2921 1505 2993 ὑπενεγκεῖν
1574 2924 1661 2977 τόν
1726 2940 1853 2996 προ-

227 3013 473 3080 κείμενον
527 3009 650 3081 ύμῖν
727 3008 923 3080 ἀγῶνα.
995 3007 1055 3062 Ὀ
1119 3011 1222 3083 γὰρ
1295 3010 1629 3085 ἐμπρησμὸς,
1697 3014 1725 3065 ὸ
1785 3013 1853 3064 τά

227 3096 405 3150 πολλὰ
442 3104 539 3159 τῆς
579 3096 860 3161 Ἀνατολῆς
896 3096 1305 3172 ἐπινειμάμενος,
1340 3099 1557 3175 ύγέρπει
1601 3097 1709 3159 ἤδη
1759 3108 1848 3156 καὶ

228 3191 329 3244 τὴν
362 3188 620 3260 ἡμετέραν
658 3188 794 3259 (63),
845 3193 935 3240 καὶ
983 3189 1048 3241 τά
1086 3187 1256 3259 κύκλῳ
1286 3190 1462 3242 πάντα
1515 3188 1842 3263 περιφλίξας,

227 3276 501 3328 ἅπτεσθαι
560 3274 832 3348 φιλόνεικεί
886 3281 975 3329 καὶ
1034 3284 1134 3329 τῶν
1192 3278 1241 3330 ἐν
1310 3274 1672 3350 Καππαδοκίᾳ
1736 3280 1846 3333 Ἐκ’

226 3364 491 3432 ιλησιῶν,
540 3364 599 3425 ἀς
628 3368 754 3427 τίως
802 3363 955 3418 ἐκίνει
984 3368 1109 3440 πρὸς
1163 3362 1392 3440 δάκρυον
1421 3368 1448 3419 ὀ
1495 3365 1549 3419 ἐκ
1600 3371 1841 3439 γειτόνων

225 3458 455 3516 καπνός.
486 3453 776 3508 Ἀπτεσθαι
806 3450 857 3507 δ’
898 3452 985 3507 οὖν
1013 3454 1191 3508 λοιπὸν
1228 3459 1318 3508 καὶ
1365 3458 1511 3529 ἡμῶν
1556 3456 1834 3529 ἐπείγεται,

1954 3474 2065 3517 nos
2102 3461 2387 3533 properat
2434 3458 2725 3529 attingere
2770 3472 2784 3512 :

230 3549 289 3595 ὄν
333 3546 363 3595 ό
398 3545 590 3617 Κύριος
632 3544 975 3620 ἀποστρέψειε
1020 3552 1093 3618 τῷ
1139 3548 1395 3619 πνεύματι
1432 3551 1525 3599 τοῦ
1579 3551 1838 3619 στόματος

228 3632 435 3695 αὐτοῦ,
478 3637 565 3685 καὶ
596 3629 862 3705 διακόψειε
886 3639 981 3693 τὴν
1012 3634 1177 3709 φλόγα
1222 3642 1315 3689 τοῦ
1374 3644 1605 3711 πονηροῦ
1648 3640 1836 3690 τούτου

108 3720 119 3809 ἱ
233 3721 451 3795 πυρόςε
504 3728 594 3785 Τίς
638 3727 737 3795 γὰρ
782 3725 920 3777 οὕτω
971 3720 1144 3787 δειλός
1183 3728 1271 3777 καὶ
1317 3721 1592 3799 ἄνανδρος,
1637 3726 1667 3784 ἦ
1714 3730 1837 3801 πρός

235 3816 433 3873 πόνους
685 3812 1000 3875 ἀθλητικοὺς
1059 3812 1390 3885 ἀμελέτητος,
1448 3816 1515 3877 ὡς
1590 3820 1661 3887 μὴ
1728 3823 1838 3878 τοῖς

239 3901 503 3974 ὑμετέροις
593 3903 1005 3975 ύπογωνήμασιν
1084 3902 1469 3977 ἇπιρῥωσθῆναι
1541 3908 1673 3980 πρὸς
1751 3909 1839 3959 τόν

80 3990 149 4068 -ιὶπ
237 3990 437 4061 ἀγῶνα,
482 3996 573 4043 καὶ
621 3992 875 4062 εὔχεσθαι
894 3990 1011 4065 μεθ’
1057 3992 1199 4064 ὑμῶν
1257 3996 1563 4065 στεφανίτης
1617 3992 1840 4068 ἀναῤῥη-

242 4079 426 4146 θῆναις
459 4077 807 4153 Προλαϐόντες
860 4082 961 4154 γὰρ
1000 4077 1394 4134 ἓναπεδύσασθε
1443 4089 1517 4153 τῷ
1551 4090 1647 4145 τῆς
1693 4082 1838 4137 εύσε-

240 4165 379 4228 θείας
413 4166 637 4240 σταδίῳ,
693 4173 783 4222 καὶ
838 4168 1025 4231 πολλὰς
1063 4173 1154 4243 μιν
1212 4168 1608 4243 ἀπεκρούσασθε
1657 4176 1837 4244 πείρας

244 4260 516 4328 αἰρετικὼν
570 4257 975 4332 παλαισμάτων,
1010 4258 1171 4311 πολύν
1211 4255 1271 4312 δι
1307 4262 1396 4312 τὸν
1447 4262 1691 4313 καύσωνα
1736 4269 1836 4313 τῶν

170 4382 171 4389 η
245 4354 547 4420 πειρασμῶν
614 4348 958 4420 ύπηνὲγκατε,
1025 4350 1077 4401 οῖ
1140 4366 1194 4402 τε
1252 4354 1528 4422 κορυφαῖοι
1580 4356 1669 4410 τῆς
1727 4348 1838 4403 Ἐκο

242 4434 463 4496 ιλησίας
514 4437 681 4509 ύμεῖς,
746 4436 822 4500 οἷς
879 4438 910 4496 ἠ
975 4439 1222 4512 θεραπεία
1290 4444 1382 4490 τοῦ
1454 4439 1836 4514 θυσιαστηρίου

246 4530 602 4598 πεπίστευται,
653 4531 743 4580 καὶ
788 4530 838 4582 οἱ
880 4527 998 4581 καθ’
1051 4528 1137 4581 ἕνα
1165 4533 1258 4581 τοῦ
1301 4527 1451 4597 λαοῦ,
1496 4529 1545 4581 οἰ
1596 4524 1834 4582 δυνατὼ-

246 4631 373 4690 τεροε
403 4616 540 4688 (65).
578 4623 745 4671 Τοῦτο
772 4620 875 4691 γὰρ
922 4622 1011 4671 καὶ
1061 4618 1293 4692 μάλιστα
1347 4620 1651 4691 θαυμαστὸν
1690 4620 1833 4692 ὑμῶν

228 4704 326 4759 καί
374 4707 555 4768 πάσης
604 4702 885 4779 ἀποδοχῆς
933 4707 1098 4775 ἀξιον,
1146 4708 1225 4762 ότι
1262 4709 1446 4771 πάντες
1502 4709 1567 4769 εἷς
1615 4706 1730 4762 ἐστι
1782 4707 1831 4762 ἕν

80 3836 141 4107 ᾖ

116 4107 175 4459 ἱ

56 4459 183 4984 1

251 4924 265 4939 Ι
490 4848 842 4923 Συνεφαπλῶν.
891 4852 976 4909 1ὶᾶ
1026 4866 1174 4909 mss.
1221 4853 1379 4911 οοῐο.
1438 4849 1589 4908 Edili
1647 4870 1832 4925 συνεφ-

230 4939 440 4976 mm.

304 4989 1002 5066 (θηγίζπεδαψιλεύσασθε.
1054 4996 1217 5051 Hanc
1263 4993 1621 5066 scripturam
1669 4993 1829 5051 codi-

225 5079 374 5139 cum
404 5063 682 5121 Medionii
702 5072 760 5123 et
789 5064 965 5139 Coisl.
984 5066 1165 5139 primi
1190 5063 1832 5139 prtetulimuslectioni

229 5135 497 5209 aliorum
525 5140 789 5209 quatuor
806 5135 1108 5209 codicum,
1137 5135 1450 5209 inquibus
1475 5135 1692 5208 legitur
1722 5136 1833 5190 ἑπι-

231 5204 605 5276 διψιλεύεσθε.
647 5208 797 5265 Editi
827 5204 1278 5276 ἐπιδαψιλεύεσθξ.

300 5280 417 5349 (62)
445 5276 826 5351 Εύδοκίμησιν.
854 5276 1196 5351 ΔΜιξᾴίοιιειιιε.
1251 5278 1464 5348 codex,
1512 5277 1835 5337 Vaticanus

233 5352 297 5407 et
314 5348 479 5424 Reg.
509 5348 812 5408 secundus
840 5348 877 5404 ὃ
881 5348 996 5405 ιευδ
999 5356 1155 5424 οκίμη
1166 5370 1267 5424 σιν.

310 5420 688 5497 (δίἣζαὶ-τὴν
726 5424 1011 5497 ἡμετέραν,
1050 5420 1202 5497 Editi
1247 5426 1336 5475 καὶ
1372 5423 1517 5497 Δπρός
1567 5426 1661 5480 τὴν
1713 5424 1836 5497 ἡμε-

259 5492 413 5568 ζίρκνζ
464 5494 579 5568 Sed
600 5492 1245 5568 prmposit'iohdeestin
1280 5492 1587 5568 codicibus
1616 5492 1836 5568 nostris

264 5560 426 5639 Har-1.,
461 5560 631 5634 Med.)
652 5560 906 5639 utroque
928 5564 1125 5634 Coisl.,
1148 5567 1356 5639 {latet
1376 5567 1520 5639 Beg.
1536 5565 1833 5639 secundo.

306 5638 420 5709 (64)
474 5643 609 5713 Πρός
662 5635 872 5702 πόνοᾱς.
911 5640 999 5695 lta
1050 5635 1230 5703 Μαι-1.,
1262 5635 1436 5692 Coisl.
1485 5638 1732 5709 uterque
1780 5640 1839 5693 et

2489 2100 2588 2157 Ad
2626 2099 3071 2158 Chalcidenses.

2032 2210 2257 2267 Litterae
2309 2208 2547 2283 pietatis
2587 2209 2799 2266 vestras
2846 2206 2993 2265 tales
3042 2205 3222 2264 nobis
3267 2203 3608 2262 aﬂlictionis

1960 2300 2227 2372 tempore
2292 2298 2660 2370 acciderunt,
2727 2296 2928 2371 qualis
2998 2309 3160 2369 saepe
3214 2293 3611 2352 certatoribus

1959 2388 2150 2462 equis,
2179 2388 2616 2446 ferventissime
2642 2386 2894 2444 meridie
2926 2385 3238 2460 pulverem
3265 2383 3612 2441 vehementi

1962 2475 2229 2534 anhelitu
2252 2476 2317 2533 in
2345 2476 2548 2534 medio
2584 2475 2762 2533 stadii
2803 2473 3473 2547 attrahentibus,.aqua
3522 2470 3613 2528 ori

1958 2564 2180 2625 infusa.
2210 2564 2665 2639 Respiravimus
2695 2564 2861 2621 enim
2889 2578 2964 2621 ex
2994 2561 3296 2620 continuis
3331 2561 3613 2618 tentatio-

1960 2654 2164 2725 nibus,
2199 2653 2503 2728 simulque
2529 2652 2732 2710 verbis
2767 2653 2945 2725 335
2988 2652 3200 2709 vestris
3237 2648 3612 2708 corroborati

1962 2747 2260 2813 sumus,et
2282 2743 2679 2802 certaminum
2696 2748 3032 2800 vestrorum
3061 2741 3359 2798 memoria
3380 2739 3614 2797 ﬁrmio-

1962 2849 2057 2892 res
2086 2833 2246 2905 facti,
2268 2838 2335 2892 ut
2363 2833 2739 2908 propositum
2758 2830 2938 2889 nobis
2959 2833 3263 2888 certamen
3291 2828 3500 2885 nescio
3521 2843 3614 2885 ce-

1960 2923 2103 2981 dere
2122 2923 2327 2981 animo
2358 2922 2705 2980 subeamus.
2730 2920 3047 2979 Enimvero
3065 2917 3434 2985 incendium,
3446 2915 3613 2990 quod

1962 3012 2281 3087 plerasque
2308 3012 2563 3070 Orientis
2599 3013 2802 3084 partes
2847 3007 3213 3073 devastavit,
3258 3006 3445 3079 serpit
3478 3005 3612 3077 jam

1960 3106 2018 3160 et
2045 3102 2109 3160 in
2137 3106 2408 3160 nostram
2432 3101 2762 3173 regionem,
2796 3102 2978 3172 atque
3016 3096 3088 3154 iis
3117 3111 3256 3170 qua
3296 3094 3455 3152 circa
3496 3109 3610 3151 nos

1957 3195 2098 3248 sunt
2125 3190 2409 3260 incensis,
2438 3189 2516 3248 ad
2545 3189 2713 3262 ipsas
2749 3186 2932 3245 etiam
2971 3182 3373 3259 Cappadocia
3420 3182 3613 3245 Eccle-

1956 3281 2098 3349 sias,
2138 3296 2296 3355 quas
2325 3284 2504 3338 antea
2532 3278 2741 3337 fumus
2782 3293 2814 3334 e
2852 3275 3064 3334 vicinis
3102 3273 3252 3332 locis
3288 3273 3371 3331 ad
3418 3273 3609 3346 lacry-

1954 3384 2088 3426 mas
2118 3368 2564 3438 commovebat,
2578 3367 2918 3441 pertingere
2946 3364 3365 3423 conaturJam
3390 3377 3534 3434 ergo
3552 3366 3611 3421 et

2829 3453 2998 3530 quod
3048 3452 3341 3510 Dominus
3393 3451 3609 3525 spiritu

1951 3549 2072 3607 oris
2102 3549 2196 3606 sui
2225 3551 2478 3619 avertat,
2509 3552 2568 3605 et
2596 3543 2741 3604 mali
2770 3544 2929 3602 illius
2953 3542 3111 3615 ignis
3154 3543 3471 3599 ﬂammam
3520 3540 3607 3599 in-

1953 3638 2237 3696 tercidat!
2268 3637 2412 3705 Quis
2441 3636 2606 3694 enim
2643 3639 2771 3693 tam
2800 3633 3050 3692 timidus
3098 3636 3190 3689 est
3231 3635 3289 3688 et
3324 3631 3604 3701 ignavus.

1948 3731 2053 3786 aut
2080 3728 2144 3785 in
2185 3726 2499 3785 laboribus
2546 3724 2840 3783 athletieis
2889 3720 3330 3791 inexercitatus,
3376 3726 3443 3776 ut
3477 3734 3603 3775 non

1946 3816 2163 3874 vestris
2213 3814 2756 3873 acclamationibus
2795 3811 2876 3870 ad
2912 3814 3219 3868 certamen
3256 3808 3605 3865 corrobore-

1948 3909 2063 3976 tur,
2118 3909 2403 3979 optetque
2453 3904 2773 3962 vobiscum
2819 3901 3008 3958 victor
3058 3896 3436 3956 renuntiari?
3485 3898 3600 3953 Vos

1947 3996 2109 4053 enim
2133 3996 2366 4068 priores
2383 3993 2705 4068 pugnastis
2729 3992 2793 4049 in
2814 3989 3053 4065 pietatis
3075 3988 3291 4059 stadio,
3306 4002 3379 4043 ac
3408 3985 3601 4043 multa

1945 4082 2249 4157 repulistis
2292 4083 2624 4141 tentamina
2672 4080 3093 4138 beereticarum
3122 4091 3495 4151 pugnarum,
3541 4078 3599 4134 et

1946 4172 2250 4243 ingentem
2280 4172 2685 4230 tentationum
2708 4173 2927 4227 uastum
2956 4166 3312 4242 pertulistis,
3332 4169 3461 4224 tum
3489 4179 3597 4221 vos

1945 4260 2222 4319 Ecclesiae
2251 4261 2578 4335 coryphmi,
2605 4259 2830 4334 quibus
2854 4257 3058 4315 altaris
3075 4271 3222 4313 cura
3243 4254 3596 4324 commissa,

1946 4354 2077 4408 tum
2112 4351 2332 4424 singuli
2360 4367 2435 4408 ex
2476 4349 2653 4424 plebe
2703 4352 2760 4406 et
2786 4346 3156 4423 potentiores
3193 4344 3442 4417 quique.
3471 4345 3593 4400 Hoc

1944 4439 2105 4498 enim
2126 4440 2188 4497 in
2216 4439 2393 4498 vobis
2423 4443 2481 4498 et
2503 4438 2767 4497 maxime
2796 4434 3226 4494 admirandum
3248 4436 3362 4496 est,
3393 4434 3449 4488 et
3477 4446 3590 4503 ap-

1941 4529 2302 4603 probatione
2324 4528 2492 4587 omni
2518 4527 2796 4600 dignum,
2825 4524 2994 4598 quod
3021 4537 3236 4580 omnes
3266 4535 3425 4577 unus
3450 4520 3592 4576 estis

1941 4619 2002 4676 in
2042 4620 2318 4689 Domino,
2351 4618 2450 4677 alii
2478 4618 2727 4693 quidem
2756 4616 3093 4689 praeeuntes
3120 4611 3202 4669 ad
3218 4608 3589 4679 bonum,alii

1941 4724 2183 4767 summo
2231 4723 2537 4767 consensu
2568 4709 2910 4781 sequentes.
2957 4701 3123 4760 Unde
3155 4703 3214 4759 et
3249 4698 3588 4774 superiores

1939 4857 2192 4924 uterque
2213 4851 2446 4924 Regius.
2480 4849 2630 4907 Editi
2650 4852 2781 4924 πρὸς
2817 4851 3016 4924 τόνους.

2010 4868 2071 4909 er
2118 4868 2192 4908 ue
2216 4868 2446 4923 uegius.
2480 4868 2630 4907 nam
2654 4868 2781 4924 προς
2817 4868 3016 4911 τονους.

2010 4868 2126 4995 (6‘31)
2147 4926 2233 4998 ΔΟἱ.
2254 4918 2994 4998 δυνατωτεροιηιβεθρᾴιιω
3023 4918 3113 4969 καὶ
3134 4915 3197 4998 οἱ.
3211 4912 3581 4990 δυνατώτεροι.

1942 4988 2225 5077 Siccium
2250 4995 2313 5051 in
2341 4988 2647 5077 epist.'22Q
2682 4988 2893 5077 laudat
2943 4988 3299 5077 nonglsclum
3348 4988 3582 5077 ςρςᾴᾐν

1940 5068 2153 5140 quibus
2169 5060 2543 5140 commissum
2565 5070 2648 5121 est
2667 5063 2884 5140 altaris
2903 5060 3325 5140 ministerium,
3336 5073 3584 5140 accura-

1941 5130 2062 5195 t'am
2083 5138 2307 5209 agendi
2326 5138 2639 5202 rationem,
2670 5134 2780 5209 sed,
2800 5132 3016 5209 populi
3034 5132 3213 5188 etiam
3242 5130 3422 5209 totius
3447 5143 3585 5185 con-

1942 5201 2232 5277 cordiam,
2262 5214 2324 5291 et
2361 5223 2564 5265 eorum
2593 5201 2700 5291 qui
2724 5201 2960 5262 ciuitati
2981 5206 3275 5291 prwsynt,
3302 5201 3584 5291 ill-iusque

1943 5295 2035 5352 res
2056 5270 2295 5352 gerunt,
2322 5270 2739 5352 magnanimos
2767 5270 3297 5352 moresfPraatere‘a
3324 5270 3431 5352 his.
3448 5284 3581 5352 ver-

1941 5338 2082 5420 bis,"
2111 5338 2369 5422 singulis
2415 5338 2491 5427 ἔτι)
2546 5349 2736 5427 plebe,
2786 5347 3136 5427 designatur
3186 5338 3576 5427 totamplc‘bs;

1942 5414 2130 5550 quare
2158 5414 2526 5495 apponenda
2546 5414 2899 5492 conjunctio
2926 5414 3020 5474 his
3037 5430 3192 5498 quae
3223 5414 3578 5493 sequuntur.

1995 5509 2108 5549 anc
2128 5498 2331 5550 tamen
2355 5492 2523 5550 nolui
2554 5492 2617 5549 in
2655 5493 3002 5548 contextum
3034 5498 3316 5550 inserere,
3344 5495 3490 5550 quia
3518 5494 3578 5538 ιιι

1995 5509 2108 5549 ene
2128 5492 2331 5551 tam—en
2355 5492 2523 5551 nolui
2554 5492 2617 5549 in
2655 5493 3002 5548 contextum
3034 5492 3316 5550 inserere,
3344 5495 3490 5553 quia
3518 5492 3581 5538 ιιι

1942 5565 2112 5623 nullo
2136 5570 2332 5622 vetere
2358 5564 2513 5622 libro
2538 5562 2854 5623 reperitur.

2017 5639 2035 5659 '
2070 5635 2227 5693 Alias
2258 5636 2549 5694 CCXCVII.
2586 5631 2817 5707 Scripta
2840 5643 3002 5689 anno
3030 5631 3154 5685 375.
