4100 6214
585 317 692 377 82.3

3489 50 3526 76 -.-
3543 50 3626 80 ,ξιτ
3653 55 3676 90 ιτ
3689 50 3862 78 ..σφισι-*τε-

1958 321 2013 375 S.
2059 317 2309 377 BASILII
2350 319 2544 379 MAGN
2551 323 2571 379 Ι
3777 339 3857 393 8'25

582 443 853 511 rentem;
888 441 975 499 sic
1004 443 1070 499 ut
1111 442 1289 501 nobis
1329 457 1573 518 quoque
1612 444 1788 502 liceat
1824 443 2057 501 dicere:
2100 445 2234 501 Tor-

2345 445 2463 498 καθ’
2525 447 2670 519 ἡμων
2729 446 2945 522 ῥυείσης
3003 443 3351 520 ψευδολογίας
3379 449 3659 527 χείμαρρον.
3689 457 3795 510 ὧατι
3816 459 3863 511 ἄν

583 537 813 588 rentem
847 533 1253 602 pertransivit
1310 535 1517 591 anima
1573 535 1865 592 nostra”.
1931 536 1998 589 Et
2049 532 2234 589 illud:

583 621 720 680 Nisi
757 622 1048 678 Dominus
1085 623 1300 692 fuisset
1347 625 1410 679 in
1453 624 1644 696 nobis,
1691 640 1825 680 eum
1862 625 2236 694 insurgerent

585 709 853 769 homines
895 712 959 768 in
1007 727 1133 781 nos,
1175 714 1435 784 forsitan
1481 715 1644 771 vivos
1675 714 2064 788 deglutissent
2090 727 2240 783 nos;

582 800 844 871 fortasse
867 815 1028 874 aqua
1057 801 1454 861 absorbuisset
1485 819 1590 861 nos
1605 806 1678 864 ³⁸.

654 985 710 1038 2.
753 983 876 1054 Ego
905 996 1043 1040 cum
1073 982 1333 1041 multum
1361 984 1649 1058 temporis
1677 984 2108 1057 impendissem
2137 998 2240 1042 va-

582 1070 776 1139 nitati,
809 1074 1123 1146 totamque
1151 1072 1272 1131 fere
1299 1077 1678 1145 juventutem
1707 1089 1909 1132 meam
1946 1073 2242 1147 perdidis-

586 1175 719 1217 sem
742 1158 908 1217 inani
935 1159 1161 1230 labore,
1189 1176 1374 1235 quem
1402 1161 1464 1219 in
1511 1161 1818 1219 discendis
1859 1161 2167 1220 infatuataa
2204 1176 2241 1219 ει

584 1251 707 1306 Deo
736 1249 1044 1322 sapientiae
1068 1250 1405 1324 disciplinis
1434 1255 1770 1324 occupatus
1805 1251 2236 1326 suscipiebam,

585 1339 692 1396 ubi
722 1339 970 1398 tandem
1001 1340 1331 1415 aliquando
1350 1340 1514 1399 velut
1543 1357 1620 1399 ex
1650 1342 1772 1400 alto
1793 1357 2010 1400 somno
2031 1358 2238 1416 exper-

585 1429 881 1500 gefactus,
923 1430 1161 1504 respexi
1204 1430 1286 1488 ad
1331 1430 1538 1489 lumen
1580 1431 1935 1490 admirabile
1982 1432 2240 1490 veritatis

586 1519 912 1591 Evangelii,
957 1533 1030 1576 ac
1082 1519 1205 1576 vidi
1249 1519 1631 1578 inutilitatem
1675 1521 1983 1594 sapientia:
2027 1520 2242 1594 princi-

585 1621 736 1680 pum
784 1608 968 1680 hujus
1012 1607 1236 1680 stneuli,
1279 1609 1388 1682 qui
1413 1609 1901 1678 destruuntur";
1933 1609 2242 1667 miserabi~

584 1696 707 1754 lem
738 1711 930 1754 meam
950 1697 1140 1755 vitam
1168 1697 1500 1772 plurimum
1519 1698 1773 1769 deﬂens,
1794 1698 2086 1772 optabam
2113 1699 2244 1756 dari

2345 535 2502 588 εἰπεῖν
2568 541 2658 589 καὶ
2719 539 2856 609 ἡμᾶς
2919 539 3028 608 ὅτι,
3093 537 3383 614 Χείμαρρον
3449 537 3639 599 διῆλθεν
3686 546 3860 619 ἡψυχὴ

2345 626 2527 696 ἡμῶν·
2582 629 2671 679 καὶ
2726 629 2808 696 τὸ,
2877 627 2937 682 Εἰ
2989 631 3060 700 μὴ
3118 629 3308 702 Κύριος
3365 626 3424 687 ἦν
3480 628 3525 681 ἐν
3577 633 3702 702 ἡμῖν,
3741 632 3862 706 ἐντῷ

2345 713 2698 776 ἐπαναστῆναι
2773 715 3078 791 ἀνθρώπους
3166 716 3239 788 ἐφ’
3329 720 3484 790 ἡμᾶς,
3557 721 3651 792 ἄρα
3715 723 3864 787 ζῶντας

2342 803 2404 856 οἶν
2469 808 2714 859 κατέπιον
2778 807 2939 878 ἡμᾶς,
3005 805 3107 880 ἄρα
3144 807 3203 859 τὸ
3264 803 3404 882 ὕδωρ
3463 807 3521 860 ἂν
3573 814 3864 866 κατεπόντισεν

2347 893 2502 965 ἡμᾶς.

2414 987 2467 1038 2.
2509 982 2663 1055 Ἐγὼ,
2702 984 2860 1038 πολύν
2918 989 3110 1060 χρόνον
3164 991 3568 1060 προσαναλώσας
3611 996 3668 1060 τῇ
3703 993 3866 1060 ματαιό-

2343 1091 2484 1142 τητι,
2543 1077 2631 1126 καὶ
2689 1080 2865 1128 πᾶσαν
2924 1070 3126 1146 σχεδὸν
3183 1080 3271 1134 τὴν
3329 1074 3549 1148 ἐμαυτοῦ
3597 1082 3786 1136 νεότητα
3813 1080 3867 1132 ἓν·

2345 1166 2604 1232 αφανίσας
2627 1163 2738 1234 (80)
2753 1171 2816 1236 τῇ
2849 1169 3221 1236 ματαιοπονίᾳ,
3251 1166 3310 1223 ἣν
3343 1163 3485 1238 εἶχον
3513 1163 3869 1240 προσδιατρίϐων

2345 1258 2407 1322 τῇ
2469 1251 2722 1323 ἀναλήψει
2783 1261 2883 1305 τῶν
2946 1255 3264 1326 μαθημάτων
3326 1263 3418 1318 τῆς
3469 1257 3606 1328 ποιρά
3651 1263 3732 1309 τοῦ
3775 1265 3871 1310 Θεοῦ

2346 1344 2705 1415 μωρανθείσης
2762 1346 2971 1415 σοφίας,
3031 1341 3215 1402 ἐπειδη
3275 1363 3420 1413 ποτε,
3479 1345 3641 1418 ὥσπερ
3678 1344 3723 1408 ἐξ
3755 1348 3872 1398 ῦπνευ

2349 1427 2537 1500 βαθέος
2586 1427 2895 1502 διαναστὰς,
2943 1430 3206 1503 ἀπέϐλεψα
3252 1436 3345 1505 μὲν
3384 1435 3504 1508 πρὸς
3543 1437 3596 1486 τὸ
3635 1436 3875 1506 θαυμαστόν

2350 1527 2450 1590 φῶς
2507 1529 2601 1582 τῆς
2657 1521 2900 1583 ἀληθείας
2957 1528 3049 1574 τοῦ
3109 1521 3452 1594 Εὐαγγελίου,
3491 1520 3711 1576 κατεῖδον
3762 1520 3877 1577 δὲτὸ

2347 1610 2625 1681 ἄχρηστον
2657 1617 2717 1668 τῆ
2729 1631 2750 1672 ς
2781 1615 2965 1681 σοφίας
2995 1619 3092 1664 τῶν
3129 1610 3398 1684 ἀρχόντων
3428 1618 3517 1664 τοῦ
3548 1611 3712 1673 αἰῶνος
3738 1614 3878 1665 τούτου

2350 1705 2449 1751 τῶν
2515 1704 2965 1772 καταργουμένων,
3019 1699 3181 1753 πολλά
3240 1705 3331 1759 τὴν
3389 1699 3597 1758 ἐλεεινὴν
3658 1720 3744 1773 μου
3777 1701 3880 1762 ζωὴν

584 1786 735 1844 mihi
764 1785 1174 1861 disciplinam,
1217 1803 1355 1862 quas
1403 1804 1502 1845 me
1546 1788 1626 1845 ad
1679 1788 1916 1861 pietatis
1954 1788 2234 1859 dogmata

2352 1785 2708 1856 ἀποκλαύσας,
2753 1789 3000 1860 ηὐχόμην
3049 1785 3270 1847 δοθῆναί
3308 1808 3400 1861 μοι
3431 1795 3761 1862 χειραγωγίαν
3795 1788 3882 1860 (81)

584 1875 1009 1933 introduceret.
1060 1879 1142 1932 Ac
1180 1876 1326 1933 mihi
1363 1876 1612 1949 quidem
1649 1880 1786 1934 ante
1839 1876 2047 1933 omnia
2085 1891 2244 1934 curae

583 1967 732 2036 erat,
766 1966 834 2020 ut
868 1963 1355 2021 emendationem
1384 1963 1649 2037 aliquam
1683 1979 1922 2021 morum
1953 1963 2238 2036 facerem,

583 2069 741 2127 quos
770 2052 1056 2111 diuturna
1089 2068 1226 2110 eum
1276 2053 1572 2126 improbis
1607 2053 1982 2110 consuetudo
2007 2068 2242 2126 perver-

585 2145 755 2200 terat.
815 2145 1021 2216 ltaque
1077 2157 1218 2199 cum
1271 2141 1555 2213 legissem
1593 2142 1995 2213 Evangelium,
2033 2142 2240 2216 ibique

583 2231 1026 2304 perspexissem
1063 2229 1396 2303 plurimum
1434 2230 1514 2288 ad
1552 2231 1979 2303 perfectionem
2017 2230 2238 2298 valere,

580 2318 747 2376 bona
775 2334 888 2376 sua
914 2319 1260 2388 divendere,
1287 2322 1510 2376 etcum
1540 2320 1746 2390 egenis
1772 2319 2056 2378 fratribus
2078 2336 2239 2378 com-

581 2408 916 2478 municare,
949 2423 1021 2464 ac
1061 2407 1231 2466 nulla
1258 2424 1509 2481 prorsus
1550 2409 1734 2480 hujus
1777 2410 1912 2467 vita:
1953 2409 2236 2467 sollicitu-

580 2496 724 2554 dine
747 2497 1041 2568 distringi,
1068 2511 1180 2556 nec
1219 2498 1343 2557 ulla
1372 2498 1689 2557 affectione
1719 2499 1799 2556 ad
1839 2515 1936 2556 res
1971 2501 2236 2558 terrenas

579 2585 788 2644 animo
824 2587 1124 2657 converti;
1171 2587 1493 2662 cupiebam
1529 2587 1798 2646 invenire
1845 2587 2108 2662 aliquem
2163 2604 2236 2645 ex

577 2675 860 2734 fratribus
888 2677 995 2750 qui
1019 2676 1179 2735 hanc
1206 2678 1343 2734 vita;
1362 2678 1526 2736 viam
1553 2678 1929 2749 elegisset,ut
1953 2683 2078 2736 una
2100 2694 2231 2736 eum

575 2766 713 2840 ipso
761 2767 1011 2826 brevem
1067 2768 1250 2840 hujus
1295 2769 1429 2826 vitae
1484 2769 1734 2826 ﬂuctum
1771 2768 2113 2825 transirem.
2153 2772 2236 2825 Ac

575 2855 801 2913 multos
821 2856 1070 2930 quidem
1090 2856 1295 2914 inveni
1315 2857 1711 2927 Alexandriae,
1725 2857 1951 2916 multos
1972 2858 2154 2915 etiam
2176 2858 2235 2913 in

573 2945 810 3020 reliqua
833 2948 1116 3020 Egypto,
1145 2950 1202 3004 et
1229 2947 1292 3005 in
1323 2946 1646 3004 Palaestina
1665 2947 1815 3004 alios
1839 2951 1897 3004 et
1917 2947 2238 3020 Coalesyria

574 3049 648 3093 ac
685 3037 1118 3110 Mesopotamia
1151 3053 1164 3093 :
1198 3052 1462 3110 quorum
1499 3035 1770 3093 mirabar
1807 3037 2234 3094 abstinentiam

2350 1879 2477 1949 πρὸς
2527 1881 2619 1935 τὴν
2676 1876 2966 1949 εἰσαγωγὴν
3014 1886 3113 1929 τῶν
3177 1875 3460 1950 δογμάτων
3510 1887 3598 1940 τῆς
3655 1877 3880 1937 εὐσεϐείας.

2353 1970 2452 2018 Καὶ
2509 1969 2608 2039 πρό
2649 1986 2707 2037 γε
2754 1968 2957 2018 πάντων
3002 1965 3230 2038 ἐπιμελὲς
3275 1963 3340 2024 ἦν
3378 1987 3468 2039 μοι
3511 1964 3767 2041 διόρθωσίν
3797 1985 3884 2018 τινα

2349 2061 2441 2107 τοῦ
2499 2057 2659 2116 ἤθους
2709 2057 3058 2125 ποιήσασθαι,
3120 2055 3279 2108 πολύν
3349 2060 3538 2130 χρόνον
3591 2056 3640 2110 ἐκ
3676 2063 3757 2117 τῆς
3786 2059 3885 2128 πρὸς

2347 2149 2464 2206 τοὺς
2512 2144 2730 2217 φαύλους
2775 2144 2976 2218 ὁμιλίας
3024 2142 3058 2197 δ
3064 2149 3457 2219 ιαστραφέντος.
3491 2149 3590 2199 Καὶ
3616 2151 3765 2199 τοίνυν
3789 2145 3885 2196 ἀνα-

2346 2236 2499 2304 γνοὺς
2547 2237 2604 2287 τό
2654 2232 2985 2305 Εὐαγγέλιον,
3031 2237 3117 2286 καὶ
3179 2236 3494 2306 ϐιασάμενος
3542 2233 3639 2287 ἐκιί
3684 2237 3884 2307 μεγίστην

2347 2322 2586 2396 ἀφορμὴν
2649 2323 2720 2384 εἰς
2777 2323 3036 2375 τελείωσιν
3095 2326 3190 2380 τὴν
3262 2319 3556 2397 διάπρασιν
3617 2332 3707 2375 τῶν
3762 2323 3886 2394 ὑπαρ-

2344 2416 2567 2484 χόντων,
2636 2417 2721 2464 καὶ
2789 2417 2884 2470 τὴν
2943 2414 3069 2485 πρὸς
3130 2415 3247 2472 τοὺς
3312 2409 3497 2475 ἐνδεεῖς
3551 2421 3644 2466 τῶν
3705 2407 3887 2482 ἀδελφῶν

2343 2506 2632 2568 κοινωνίαν,
2663 2504 2752 2553 καὶ
2796 2499 2926 2560 ύλως
2968 2505 3024 2553 τὸ
3070 2501 3430 2574 ἀφροντίστως
3495 2504 3630 2575 ἔχειν
3669 2508 3749 2554 τοῦ
3797 2497 3888 2570 βίον

2344 2592 2552 2656 τούτου,
2593 2595 2682 2642 καὶ
2726 2591 2826 2642 ύπό
2868 2587 3135 2662 μηδεμιᾶς
3179 2593 3510 2662 συμπαθείας
3548 2595 3669 2664 πρὸς
3714 2591 3768 2642 τὰ
3813 2585 3889 2639 ὧδε

2343 2684 2434 2738 τὴν
2486 2680 2672 2751 ψυχὴν
2728 2678 3150 2752 ἐπιστρέφεσθαι,
3193 2679 3447 2754 ηὐχόμην
3491 2683 3644 2755 εὑρεῖν
3688 2699 3787 2731 τινα
3815 2684 3889 2728 τῶν

2345 2765 2576 2840 ἀδελφῶν
2623 2769 2818 2826 ταύτην
2878 2768 3108 2839 ἑλόμενον
3162 2773 3257 2827 τὴν
3307 2766 3436 2822 ὀδόν
3483 2777 3571 2822 τοῦ
3614 2768 3744 2842 βίον,
3789 2768 3889 2817 ὥστε

2345 2857 2484 2928 αὐτῷ
2553 2854 3099 2932 συνδιαπεραιωθῆναι
3153 2861 3242 2910 τὸν
3326 2858 3542 2932 βραχύν
3598 2858 3704 2929 (82)
3749 2862 3889 2908 τοῦτον

2343 2954 2435 2999 τοῦ
2481 2945 2604 3019 βίου
2647 2943 2908 3002 κλύδωνα.
2959 2951 3059 3000 Καὶ
3100 2943 3168 3005 δὴ
3213 2947 3435 3009 πολλοὺς
3478 2950 3567 3020 μεν
3611 2948 3741 3021 εὖρον
3787 2945 3889 2996 κατὰ

2342 3039 2436 3092 τήν
2503 3031 2914 3109 Ἀλεξάνδρειαν,
2980 3035 3194 3096 πολλοὺς
3270 3033 3334 3089 δὲ
3401 3040 3534 3090 κατὰ
3601 3041 3688 3094 τὴν
3745 3035 3888 3089 λοιπήν

573 3124 638 3182 in
666 3125 854 3196 victu,
898 3125 1169 3184 mirabar
1220 3125 1596 3184 tolerantiam
1636 3125 1699 3181 in
1734 3124 2071 3196 laboribus,
2113 3130 2233 3183 stu-

2343 3127 2626 3195 Λῖγυπτον,
2692 3129 2780 3175 καὶ
2844 3126 2925 3176 ἐπὶ
2991 3132 3086 3185 τῆς
3152 3124 3513 3188 Παλαιστίνης
3567 3125 3768 3198 ἐτέρους,
3821 3125 3886 3172 καὶ

574 3215 800 3288 pebam
825 3215 906 3272 ad
925 3215 1324 3274 constantiam
1340 3215 1401 3272 in
1426 3214 1730 3288 precibus,
1745 3214 2057 3288 quomodo
2077 3231 2234 3272 som-

571 3317 723 3360 num
755 3309 1127 3376 superarent,
1155 3304 1416 3363 naturali
1446 3303 1616 3362 nulla
1658 3304 2013 3361 necessitate
2054 3305 2234 3363 infra-

575 3391 653 3448 cti
708 3409 722 3448 :
771 3393 1085 3464 quomodo
1119 3393 1422 3452 excelsam
1460 3408 1701 3466 semper
1748 3398 1808 3449 et
1870 3392 2232 3451 indomitam

575 3481 764 3538 animi
821 3483 1176 3539 sententiam
1239 3488 1568 3546 servantes,
1638 3482 1701 3539 in
1765 3481 1926 3540 fame
1991 3487 2049 3541 et
2114 3485 2230 3555 siti,

575 3571 638 3628 in
696 3570 918 3642 frigore
975 3574 1033 3628 et
1096 3570 1368 3628 nuditate
1388 3572 1458 3641 ³⁸,
1524 3587 1833 3646 nusquam
1871 3572 1954 3628 ad
2012 3587 2232 3646 corpus

575 3659 873 3732 conversi,
928 3675 1041 3718 nec
1097 3659 1286 3718 ullam
1338 3661 1390 3718 ei
1443 3676 1651 3718 curam
1719 3661 2070 3734 impendere
2127 3679 2232 3721 vo-

573 3750 786 3822 lentes,
827 3750 937 3808 sed
975 3755 1270 3824 tanquam
1325 3749 1387 3808 in
1454 3750 1652 3809 aliena
1701 3766 1886 3808 carne
1940 3751 2229 3816 viventes,

573 3841 777 3914 reipsa
822 3841 1207 3898 ostenderent
1264 3839 1414 3914 quid
1453 3840 1526 3898 sit
1563 3840 1626 3897 in
1662 3841 1778 3898 hac
1814 3841 1940 3898 vita
1975 3843 2235 3914 peregri-

575 3932 710 3987 nari
729 3933 801 3998 ³ο,
845 3935 905 3988 et
948 3931 1098 4004 quid
1128 3931 1430 3988 civitatem
1460 3930 1523 3987 in
1564 3929 1715 3987 cmlo
1753 3931 1977 3987 habere
1994 3933 2063 3988 ³ο.
2095 3933 2233 3990 Hmc

578 4035 719 4075 cum
747 4020 1016 4089 mirarer,
1048 4035 1120 4077 ac
1143 4020 1382 4077 beatam
1415 4025 1694 4093 putarem
1722 4021 1994 4078 virorum
2023 4023 2232 4092 vitam,

578 4107 748 4181 quod
774 4106 946 4163 factis
984 4109 1369 4165 ostenderent
1412 4125 1476 4165 se
1521 4109 2047 4166 mortiﬁcationem
2089 4112 2235 4168 Jesu

579 4197 643 4254 in
673 4211 924 4268 corpore
948 4195 1328 4253 circumferre
1348 4197 1393 4232 ³¹
1419 4214 1432 4264 ;
1463 4197 1758 4268 optabam
1789 4203 1846 4256 et
1873 4199 2022 4270 ipse,
2045 4214 2237 4272 quan-

581 4291 711 4344 tum
735 4301 981 4361 possem
1011 4286 1318 4360 attingere,
1349 4286 1614 4344 imitator
1642 4301 1772 4344 esse
1820 4288 2136 4346 hominum
2167 4289 2234 4347 il-

582 4376 800 4435 lorum.

657 4665 837 4738 338
859 4669 910 4723 3.
929 4664 1335 4732 Quamobrem
1356 4677 1496 4720 cum
1515 4661 1805 4719 vidissem
1828 4662 2154 4719 nonnullos
2174 4663 2236 4721 in

581 4757 780 4830 patria
819 4754 1042 4812 imitari
1077 4753 1320 4811 illorum
1347 4753 1616 4810 instituta
1641 4754 1950 4819 conantes,
1984 4751 2129 4808 mihi
2160 4756 2238 4808 vi-

586 4861 694 4903 sus
726 4860 863 4902 sum
891 4843 1227 4917 adiumenti
1249 4844 1480 4918 aliquid
1499 4843 1789 4917 reperisse
1809 4841 1889 4899 ad
1915 4857 2115 4900 meam
2145 4859 2239 4900 sa-

654 4970 705 5007 “
739 4969 892 5028 Psal.
933 4982 1126 5040 cxxm,
1303 4969 1353 5004 ³⁸
1383 4967 1529 5025 ibid.
1562 4971 1670 5025 1-4.
1765 4969 1808 5004 ’⁷
1845 4971 1863 5024 l
1898 4969 2026 5026 Cor.
2055 4981 2116 5038 ιι,
2145 4973 2198 5026 6.

587 5043 629 5080 ³⁸
655 5041 702 5099 ll
733 5044 862 5099 Cor.
886 5058 964 5108 iv,
999 5044 1084 5100 ιο.

619 5207 776 5300 ⁹(80)
815 5206 1177 5277 Ἐναφανίσας.
1228 5203 1377 5260 Med.
1434 5207 1491 5260 et
1553 5203 1727 5260 Cois].

581 5298 770 5420 W798?)
808 5351 1189 5424 Χειραγωγίαν.
1207 5348 1327 5424 __l_ta
1350 5344 1522 5414 Med.,
1549 5345 1739 5424 Harl.,_
1765 5345 1945 5424 Coisl.
1977 5347 2228 5418 uterque

580 5424 637 5478 et
661 5416 801 5493 Reg.
834 5416 1111 5493 uterque.
1140 5417 1290 5474 Editi
1320 5421 1670 5492 χειραγωγὸν,
1698 5416 2025 5493 ductorem.

651 5487 778 5564 (82)w
797 5497 895 5546 Τόν
916 5487 1164 5568 βραχύν.
1210 5487 1906 5568 ,καινὸς-⁷νοηθεῑὶεεὶιηὶ
1960 5487 2220 5568 codices,

1806 5203 2038 5276 primus
2094 5203 2228 5274 ἀφα-

651 5491 771 5564 (82f
797 5497 895 5546 Τὸν
916 5491 1164 5618 Ῐβραχύν.
1219 5493 1304 5546 Ita
1357 5491 1473 5544 tres
1518 5491 1906 5544 vetustissimi
1960 5491 2220 5553 codices,

576 5577 840 5634 quorum
877 5580 911 5620 ο
935 5581 957 5618 )
996 5561 1348 5634 auctoritate
1383 5558 1557 5634 nolui
1585 5558 1913 5634 discedere,
1943 5560 2223 5634 quamvis
2271 5617 2278 5620 _

577 5629 703 5689 non
739 5634 1124 5690 incommode
1161 5633 1221 5688 in
1261 5630 1430 5688 editis
1466 5630 1699 5701 legatur
1737 5633 1819 5682 τὸν
1866 5629 2055 5702 βαθύν,
2084 5646 2220 5699 pro-

2294 4968 2341 5004 "
2375 4969 2419 5024 ll
2453 4969 2584 5024 Cor.
2615 4983 2690 5038 xx,
2723 4968 2811 5020 27.

2340 3220 2436 3273 τῆς
2489 3212 2663 3274 κοίλης
2707 3218 2896 3287 Συρίας
2942 3217 3030 3265 καὶ
3081 3221 3170 3274 τῆς
3212 3220 3643 3287 Μεσοποταμίαςο
3678 3214 3738 3277 alii
3771 3211 3888 3264 ἐθαύ-

2340 3306 2505 3374 μαζον
2534 3305 2624 3376 μὶν
2652 3305 2711 3356 τὸ
2740 3309 2859 3378 περὶ
2890 3299 3100 3355 δίαιταν
3137 3302 3401 3377 ἐγκρατὲς,
3449 3304 3727 3377 εθαύμαζον
3765 3299 3814 3354 δὲ
3845 3302 3887 3350 τὸ

2341 3396 2641 3466 καρτερικὸν
2686 3392 2734 3444 ἐν
2783 3398 2978 3462 πόνοις,
3035 3392 3319 3464 ἐξεπλάγην
3373 3399 3468 3454 τὴν
3516 3394 3563 3446 ἐν
3615 3394 3890 3468 προσευχαῖς

2341 3480 2590 3548 εὐτονίαν,
2650 3483 2790 3542 ὅπως
2847 3483 3008 3534 ὕπνου
3071 3484 3182 3551 (83)
3235 3487 3606 3557 κατεκράτουν,
3656 3482 3737 3534 ὑπ’
3769 3475 3889 3532 οὐδε·

2340 3577 2464 3643 μιᾶς
2510 3579 2736 3642 φυσικῆς
2781 3569 3012 3642 ἀνάγκης
3072 3576 3587 3645 κατακαμπτόμενοι,
3627 3569 3802 3642 ὑψηλὸν
3833 3565 3888 3616 ἀεὶ

2340 3664 2430 3712 καὶ
2474 3657 2769 3712 ἀδούλωτον
2811 3666 2906 3721 τῆς
2944 3659 3132 3730 ψυχῆς
3180 3662 3238 3711 τὸ
3283 3665 3527 3735 φρόνημα
3574 3657 3887 3720 διασώζοντες,

2341 3749 2388 3801 ἐν
2429 3748 2563 3822 λιμῷ
2600 3753 2689 3802 καὶ
2737 3745 2883 3820 δίψει
2928 3750 3063 3818 (84),
3109 3747 3157 3800 ἐν
3199 3749 3370 3820 ψύχει
3403 3755 3492 3803 καὶ
3521 3754 3802 3822 γυμνότητι,
3834 3748 3886 3815 μή

2341 3837 2757 3914 ἐπιστρεφόμειοι
2799 3841 2929 3912 πρὸς
2989 3840 3045 3890 τὸ
3101 3845 3274 3907 σῶμα,
3326 3836 3469 3911 μηδὲ
3533 3834 3889 3909 καταδεχόμενοι

2343 3929 2483 3997 αὐτῷ
2522 3926 2926 4001 προσαναλῶσαί
2964 3947 3082 3979 τινα
3125 3924 3398 4002 φροντίδα,
3443 3927 3550 3980 ἀλλ’
3593 3931 3658 3988 ὡς
3704 3924 3748 3976 ἐν
3779 3921 3888 3974 ἀλλο-

2342 4023 2464 4091 τρίᾳ
2497 4024 2558 4090 τῇ
2594 4021 2751 4089 σαρκὶ
2780 4014 3073 4088 διάγοντες,
3102 4019 3233 4090 ἔργῳ
3259 4013 3586 4085 ἐδείκνυσαν,
3624 4021 3673 4067 τί
3706 4017 3756 4065 τὸ
3781 4027 3888 4079 παρ·

2343 4113 2498 4160 οικεῖν
2551 4113 2655 4166 τοῖς
2708 4102 2829 4168 ὧδε,
2889 4112 2977 4158 καὶ
3035 4111 3085 4157 τί
3146 4109 3204 4158 τὸ
3255 4105 3544 4178 πολίτευμα
3581 4108 3710 4176 ἔχειν
3745 4100 3785 4153 ἐν
3817 4097 3890 4149 οὐ·

2343 4206 2506 4271 ρανῷ.
2570 4198 2767 4250 Ἐκεῖνα
2836 4199 3128 4280 ραυμάσας,
3182 4200 3271 4248 καὶ
3328 4203 3628 4272 μακαρίσας
3686 4201 3772 4247 τῶν
3825 4187 3889 4239 ἀν-

2346 4286 2484 4361 δρῶν
2532 4292 2626 4345 την
2675 4287 2837 4352 ζωὴν,
2881 4287 2962 4339 ὅτι
3019 4289 3152 4359 ἔργῳ
3206 4283 3508 4339 δεικνύουσι
3561 4290 3650 4344 τὴν
3685 4287 3886 4353 νέκρωσιν

2346 4385 2436 4430 τοῦ
2484 4376 2660 4433 Ἰησοῦ
2702 4375 2748 4427 ἐν
2792 4383 2864 4446 τῷ
2907 4380 3110 4448 σώματι
3158 4381 3533 4449 περιφέροντες,
3576 4373 3799 4445 ηὐχόμην
3821 4367 3885 4416 καὶ

2266 4499 2310 4554 D
2349 4467 2527 4536 αὐτὸς,
2565 4467 2789 4518 καθόσον
2824 4465 2932 4537 ἐμοὶ
2979 4464 3203 4537 ἐφικτὸν,
3255 4465 3492 4525 ζηλωτὴς
3540 4465 3660 4516 εἶναι
3707 4466 3792 4512 τῶν
3824 4455 3887 4505 ἀν-

2350 4553 2489 4630 δρῶν
2514 4555 2733 4610 ἐκείνων.

2421 4651 2471 4700 3.
2512 4648 2709 4697 Τούτου
2763 4650 2888 4716 γοῦν
2938 4645 3094 4696 ἕνεκεν
3152 4643 3466 4715 θεασάμενός
3533 4661 3667 4702 τινας
3714 4638 3787 4690 ἐπὶ
3820 4639 3889 4688 τῆς

2347 4731 2598 4809 πατρίδος
2657 4735 2842 4797 ξη).οῦν
2889 4735 2954 4784 τὰ
3010 4731 3209 4783 ἐκείνων
3266 4731 3675 4806 ἐπιχειροῦντας,
3717 4719 3890 4796 ἐνόμισά

2347 4843 2458 4877 τινα
2527 4823 2776 4896 βοήθειαν
2832 4823 3099 4894 εὑρηκέναι
3147 4825 3293 4902 ,πρὸς
3348 4826 3447 4879 τὴν
3499 4821 3712 4892 ἐμαυτοῦ
3759 4829 3890 4865 σωτη-

2906 4966 2953 5000 ”
2987 4964 3158 5022 Hebr.
3186 4979 3265 5031 XI,
3303 4965 3388 5020 13.
3488 4963 3534 4997 ³ο
3560 4959 3692 5018 Phil.
3721 4971 3790 5024 in,
3816 4953 3884 5006 20.

2336 5200 2618 5270 fundum.

2769 5271 2951 5355 ῖξττνουῙ
2984 5266 3295 5355 Εάὶῑὶιόπως
3327 5263 3601 5355 deﬁniam.
3641 5251 3877 5340 Nonnulli

2337 5331 2484 5399 mss.
2504 5331 2652 5404 ’ὅπως
2681 5361 2752 5395 τε.
2784 5343 2956 5396 Deest
2982 5337 3195 5394 vocula
3223 5339 3285 5394 in
3309 5331 3730 5404 vetustissimis.

2405 5415 2517 5483 (84)
2563 5403 2663 5466 Καὶ
2692 5411 2858 5483 δίψει.
2881 5415 2963 5483 Ita
2985 5415 3101 5483 tres
3121 5407 3495 5483 vetustissimi
3522 5403 3744 5483 codices
3762 5405 3874 5482 eum

2333 5470 2463 5542 aliis
2498 5470 2771 5541 ’duobus.’
2803 5482 2951 5538 Editi
3001 5477 3157 5550 δίψη.
3205 5483 3333 5536 Mox
3385 5477 3561 5550 iidem
3597 5470 3725 5529 editi
3767 5470 3872 5539 ἔργω

2331 5554 2552 5619 ἔδειξαν.
2580 5554 2759 5618 Harl,
2793 5552 2942 5611 Med.
2970 5556 3027 5610 et
3049 5544 3224 5609 Coisl.
3257 5551 3480 5623 primus
3506 5544 3801 5598 ἐδείκνυσαν.
