4100 6214
271 313 381 367 825

268 441 415 509 ρίαν,
478 435 566 487 καὶ
605 431 875 498 ἀπόδειξιν
928 434 1213 505 ἐποιούμην
1256 440 1356 486 τῶν
1400 432 1602 505 ἀφανῶν
1645 438 1709 486 τὰ
1750 434 1885 507 ὁρω-

269 543 425 596 μενα.
462 523 605 575 Ἐπεὶ
657 520 745 576 οὖν
794 520 971 582 ἄδηλα
1018 523 1239 577 ἑκάστου
1278 524 1423 594 ἡμῶν
1461 522 1576 593 (85)
1600 525 1665 574 τὰ
1714 521 1762 575 ἐν
1815 528 1886 593 τῷ

268 620 537 687 κρυπτῷ,
610 615 847 685 ἡγούμην
932 613 1167 685 αὐτάρκη
1253 614 1536 685 μηνύματα
1591 609 1719 665 εἶναι
1794 620 1889 675 τῆς

267 704 758 775 ταπεινοφροσύνης
822 706 880 755 τὸ
952 706 1190 756 ταπεινὸν
1247 709 1340 755 τοῦ
1407 698 1690 774 ἐνδύματος
1722 744 1739 772 ,
1798 707 1888 755 καὶ

280 793 437 863 ἤρκει
483 809 573 862 μοι
627 795 754 864 πρὸς
799 791 1153 865 πληροφορίαν
1208 793 1265 844 τό
1317 792 1470 862 παχύ
1526 792 1749 862 ἱμάτιον,
1798 794 1886 843 καὶ

274 880 309 936 ἡ
356 878 520 945 ζώνη,
553 882 643 931 καί
688 887 783 941 τῆς
833 876 1102 951 ἀδεψήτου
1165 878 1373 954 βύρσης
1428 881 1493 931 τὰ
1545 876 1881 951 ὑποδήματα.

275 972 385 1023 Καὶ
442 968 636 1022 πολλῶν
707 968 1011 1042 ἁπαγόντων
1062 989 1126 1043 με
1182 978 1279 1032 τῆς
1340 972 1471 1042 πρὸς
1525 969 1714 1031 αύτούς
1765 990 1883 1022 συνο

274 1057 483 1127 ηθείας,
516 1058 609 1111 οὐκ
662 1059 1133 1133 ἡνειχόμην,ὁρῶν
1176 1057 1367 1120 αὐτοὺς
1423 1064 1515 1111 τοῦ
1568 1057 1884 1112 ἀπολαυστι-

270 1153 373 1199 κοῦ
430 1145 556 1219 βίου
607 1150 694 1200 τὸν
746 1152 1051 1224 καρτερικὸν
1108 1155 1483 1221 προτιμῶντας
1535 1152 1625 1200 καὶ
1684 1145 1775 1201 διὰ
1828 1149 1886 1199 τό

266 1234 708 1308 παρηλλαγμένον
764 1246 859 1299 τῆς
919 1237 1177 1299 πολιτείας
1222 1236 1529 1298 ζηλοτύπως
1561 1234 1706 1308 εἶχον
1758 1240 1888 1310 πρὸς

266 1323 483 1388 αὐτούς.
519 1325 670 1379 Ὀθεν
701 1323 826 1380 οὐδὲ
883 1330 976 1388 τὰς
1028 1333 1147 1401 περὶ
1204 1335 1304 1381 τῶν
1332 1323 1606 1399 δογμάτων
1640 1323 1887 1387 διαϐολὰς

265 1418 591 1488 προσιέμηνο
634 1419 805 1468 καίτοι
856 1415 1054 1468 πολλῶν
1106 1413 1573 1488 δίαϐεϐαιουμὲνων
1599 1419 1671 1487 μὴ
1730 1414 1887 1491 ὀρθὰς

263 1505 417 1573 ἔχειν
449 1507 570 1579 περὶ
631 1512 766 1558 Θεοῦ
818 1507 912 1567 τὰς
966 1504 1275 1576 ὑπολήψεις,
1310 1504 1438 1558 ἀλλὰ
1488 1511 1558 1575 τῷ
1613 1507 1884 1579 προστάτῃ

261 1599 365 1654 τῆς
419 1600 508 1645 νῦν
564 1594 811 1668 αἱρέσεως
867 1596 1308 1666 μαθητευθέντας,
1364 1596 1428 1646 τὰ
1466 1593 1657 1647 ἐκείνου
1723 1594 1890 1666 λάθρα

264 1684 644 1756 κατασπείρειν
699 1678 1013 1755 διδάγματα
1079 1682 1208 1753 (86)·
1271 1684 1337 1735 ὧν
1385 1678 1565 1741 επὲιδὴ
1638 1678 1886 1736 οὐδέποτε

1210 307 1691 365 EPISTOLARUM
1731 307 2009 367 CLASSIS
2049 309 2115 365 ll.
2159 307 2373 367 EPIST.
2418 310 2690 368 CCXXIII.

1996 434 2207 503 lutem,
2230 440 2287 491 et
2315 435 2605 493 indicium
2642 436 2943 494 ducebam
2990 451 3202 495 eorum
3244 450 3382 513 quae
3410 453 3535 498 non
3562 442 3652 497 vi-

1998 523 2234 593 dentur,
2259 540 2333 581 ea
2359 540 2496 598 quae
2524 525 2826 583 videntur.
2857 526 3155 593 Quoniam
3183 527 3362 599 igitur
3390 528 3656 589 obscura

1998 618 2138 669 sunt
2162 614 2225 669 in
2253 630 2623 687 unoquoque
2661 620 2961 685 nostrum,
2990 634 3127 689 quae
3153 618 3215 674 in
3245 618 3491 675 latebris
3519 635 3651 677 ver-

1998 705 2227 771 santur,
2251 703 2591 761 arbitrabar
2647 705 2795 761 satis
2844 721 3069 776 magna
3123 722 3256 764 esse
3294 713 3652 778 argumenta

1996 791 2349 848 humilitatis
2386 793 2681 850 humilem
2720 797 2971 864 vestem,
3021 794 3290 867 mihique
3338 797 3481 853 satis
3527 801 3654 855 erat

1999 880 2078 936 ad
2112 882 2570 953 persuasionem
2615 883 3037 941 vestimentum
3067 900 3361 953 crassum,
3393 889 3451 941 et
3478 901 3650 955 zona,

1997 970 2264 1026 eterudi
2293 971 2454 1028 corio
2493 970 2922 1030 calceamenta.
2953 975 3187 1029 Etcum
3234 973 3408 1029 multi
3456 974 3652 1030 abdu-

1999 1062 2200 1116 cerent
2228 1075 2324 1116 me
2362 1058 2442 1117 ad
2490 1061 2763 1132 ipsorum
2790 1060 3317 1128 consuetudinem,
3348 1075 3471 1118 non
3506 1060 3655 1119 fere-

1996 1146 2390 1217 bam,videns
2421 1163 2524 1206 eos
2554 1148 2910 1221 voluptariae
2934 1150 3069 1206 vitae
3089 1148 3468 1207 laboriosam
3497 1164 3654 1222 prae-

1998 1236 2187 1304 ferre;
2220 1241 2279 1294 et
2320 1237 2401 1293 ob
2447 1237 2754 1294 insolitum
2808 1238 3045 1294 vivendi
3123 1253 3314 1308 genus
3374 1253 3655 1295 morosus

1998 1340 2163 1382 eram
2177 1324 2415 1383 illorum
2436 1326 2634 1382 laudis
2660 1325 2968 1383 defensor.
2983 1326 3149 1383 Unde
3170 1341 3283 1382 nec
3302 1325 3378 1383 de
3399 1325 3653 1399 dogma-

2000 1413 2159 1471 tibus
2210 1415 2628 1472 accusationes
2681 1414 3428 1493 admittebam;quamvis
3482 1415 3653 1473 multi

1997 1502 2368 1561 afﬁrmarent
2418 1518 2539 1561 non
2583 1506 2779 1560 rectas
2827 1503 2961 1560 illos
3008 1503 3232 1561 habere
3262 1504 3338 1559 de
3370 1506 3490 1561 Deo
3519 1519 3650 1561 sen-

1998 1593 2234 1663 tentias,
2252 1593 2357 1649 sed
2387 1608 2423 1649 a
2453 1592 2738 1664 signifero
2762 1593 3019 1665 vigentis
3049 1608 3211 1649 nunc
3238 1593 3487 1650 haeresis
3513 1593 3652 1651 edo-

1998 1686 2144 1750 ctos,
2175 1681 2331 1738 illius
2381 1683 2725 1739 clanculum
2770 1697 3054 1755 spargere
3103 1682 3438 1739 doctrinam
3469 1703 3482 1738 :
3514 1698 3651 1756 quae

261 1772 537 1833 αὐτήκοος
576 1770 843 1844 ἐγενόμην,
900 1774 1229 1845 συκοφάντας
1273 1774 1510 1843 ἠγούμην
1548 1776 1669 1833 τούς
1722 1770 1883 1844 ἀπαγ-

1998 1788 2137 1829 cum
2178 1773 2309 1845 ipse
2358 1788 2679 1845 nunquam
2727 1772 3055 1842 audissem,
3083 1771 3490 1845 sycophantas
3528 1774 3650 1830 exi-

263 1857 575 1930 γε’λλοντας.
677 1860 821 1914 Ἐπεὶ
889 1858 948 1914 δὲ
1014 1861 1195 1913 λοιπόν
1298 1860 1583 1933 ἐκλήθημεν
1647 1861 1716 1922 είς
1793 1867 1885 1919 τήν

262 1954 608 2023 προστασίαν
668 1957 760 2011 τῆς
811 1949 1145 2015 Ἐκκλησίας,
1191 1952 1310 2010 τούς
1366 1951 1455 2021 μὲν
1496 1946 1886 2024 παραδοθέντας

266 2039 407 2109 ἡμῖν
433 2038 663 2110 φύλακας
697 2045 788 2092 καὶ
845 2041 1133 2100 σκοπευτὰς
1180 2046 1271 2092 τοῦ
1322 2038 1443 2111 βίου
1498 2040 1549 2091 ἐν
1595 2046 1886 2113 προσποιή-

266 2145 357 2180 σει
410 2124 479 2187 δὴ
530 2126 776 2201 βοηθείας
832 2133 921 2181 καὶ
976 2132 1247 2191 κοινωνίας
1299 2128 1631 2199 ἀγαπητικῆς
1682 2136 1882 2195 σιωπῶ,

266 2220 362 2269 ἶνα
403 2220 475 2289 μὴ
518 2213 656 2280 δόξω
704 2217 733 2277 ἦ
780 2217 983 2271 ἄπιστα
1036 2217 1194 2289 λέγων
1243 2217 1465 2289 ἐμαυτόν
1513 2213 1880 2285 διαϐάλλειν,ἣ

264 2308 649 2379 πιστευόμενος
705 2308 1107 2381 μισανθρωπίας
1159 2305 1398 2381 ἀφορμὴν
1457 2312 1561 2367 τοῖς
1611 2309 1886 2359 πιστεύου-

267 2414 362 2449 σιν
408 2396 520 2467 (87)
566 2395 815 2467 ἐμποιεῖν.
869 2394 935 2448 Ὀ
984 2400 1074 2448 καὶ
1113 2395 1226 2468 ἐμοὶ
1264 2401 1455 2468 μικροῦ
1497 2394 1706 2459 συνέϐη,
1740 2398 1781 2448 εἰ
1811 2402 1879 2467 μή

261 2504 334 2557 με
363 2487 510 2557 ταχὺ
553 2484 997 2558 προκατελάϐοντο
1035 2487 1085 2538 οἱ
1132 2485 1389 2557 οἰκτιρμοί
1448 2491 1540 2537 τοῦ
1602 2480 1756 2537 Θεοῦ.
1790 2491 1885 2538 Μι-

273 2581 419 2651 κροῦ
472 2576 573 2649 γὰρ
627 2574 699 2636 εἰς
746 2578 841 2633 τὴν
886 2577 1019 2628 κατὰ
1086 2577 1289 2627 πάντων
1352 2574 1585 2637 ἐξέπεσον
1633 2573 1882 2644 ὑποψίαν,

267 2660 437 2718 οὐδὲν
486 2665 770 2736 ἡγούμενος
824 2664 953 2717 εἶναι
1010 2664 1137 2737 παρ’
1200 2659 1373 2717 ούδενὶ
1420 2666 1627 2728 πιστὸν,
1678 2662 1732 2714 ἐκ
1783 2669 1885 2713 τῶν

265 2750 499 2829 δολερῶν
564 2755 872 2827 τραυμάτων
916 2754 1029 2824 (88)
1089 2757 1183 2811 τὴν
1240 2752 1426 2823 ψυχὴν
1502 2751 1880 2824 πεπληγμένος.

266 2842 417 2896 Ἀλλ’
446 2842 586 2914 ὅμως
617 2839 787 2896 ἐδόκει
816 2846 937 2903 τέως
996 2840 1123 2895 εἷναί
1161 2862 1211 2894 τι
1258 2841 1382 2914 ἡμῖν
1416 2848 1609 2913 σχῆμα
1635 2848 1724 2901 τῆς
1754 2846 1884 2913 προς

266 2933 460 2993 αύτούς
518 2933 815 2993 συνηθείας.
851 2935 953 2985 Καὶ
1002 2929 1297 3005 προσϐολαὶ
1343 2932 1433 3002 μὲν
1488 2931 1604 3002 (89)
1659 2930 1881 3001 ἐγένοντο

265 3023 404 3094 ἡμῖν
427 3026 545 3095 περὶ
602 3017 874 3093 δογμάτων
926 3024 1018 3073 καὶ
1077 3020 1217 3083 ἁπαξ
1258 3025 1347 3071 καί
1380 3016 1483 3079 δίς⁸
1514 3023 1602 3071 καὶ
1632 3014 1881 3090 ἐδόξαμέν

268 3115 347 3183 μὴ
410 3106 774 3184 διακρίνεσθαι
836 3112 1298 3182 συμφωνήσαντες.
1366 3110 1452 3170 Ὠς
1512 3105 1571 3161 δὲ
1633 3110 1883 3181 ηὕρισκον
1924 3148 1963 3202 C

267 3204 368 3272 μὲν
420 3200 561 3272 ἡμᾶς
602 3201 698 3262 τὰς
740 3197 899 3259 αύτὰς
954 3197 1195 3270 ἀφιέντας
1250 3200 1415 3270 φωνὰς
1469 3215 1586 3272 περι
1648 3204 1742 3258 τῆς
1810 3202 1879 3258 εἱς

273 3292 408 3343 Θεὸν
436 3294 681 3359 πίστεως,
725 3288 786 3350 οἷς
831 3289 975 3359 παρὰ
1025 3290 1196 3340 πάντα
1225 3286 1335 3358 (90)
1368 3290 1456 3338 τὸν
1482 3291 1672 3359 χρόνον
1722 3290 1877 3343 ἧκον-

274 3397 377 3431 σαν
408 3378 530 3452 παρ’
561 3379 731 3451 ἡμῶν.
765 3376 823 3431 Εἰ
864 3379 967 3451 γὰρ
1011 3381 1101 3429 καὶ
1163 3375 1325 3428 τᾶλλα
1380 3378 1524 3447 ἡμῶν
1585 3384 1880 3447 στεναγμῶν

273 3464 547 3534 ἁξια,ἁλλ’
596 3467 684 3519 οὖν
734 3467 784 3519 ἓν
840 3485 897 3537 γε
945 3473 1097 3518 τοῦτο
1146 3464 1319 3537 τολμῶ
1360 3464 1672 3536 καυχᾶσθαι
1692 3465 1803 3534 (91)
1832 3463 1880 3516 ἐν

279 3560 463 3628 Κυρίῳ
494 3596 509 3621 ,
549 3556 625 3608 ὅτι
671 3551 923 3609 ούδέποτε
974 3553 1360 3626 πεπλανημένας
1418 3555 1579 3624 ἔσχον
1626 3554 1718 3615 τὰς
1765 3560 1878 3626 περὶ

279 3651 419 3698 Θεοῦ
469 3643 766 3715 ὑπολήψεις,
800 3647 828 3701 ἧ
897 3642 1081 3717 ἑτέρως
1130 3650 1324 3715 φρονῶν
1382 3643 1669 3713 μετέμαθον
1729 3642 1877 3694 ύστε-

270 3753 385 3807 ρον.
424 3732 557 3787 Ἀλλ’
616 3738 677 3791 ἣν
733 3733 788 3785 ἐκ
838 3729 1033 3794 παιδός
1100 3731 1279 3784 ἔλαϐον
1330 3734 1520 3783 ἔννοιαν
1576 3735 1694 3805 περὶ
1744 3738 1878 3784 Θεοῦ

271 3825 418 3898 παρὰ
480 3830 576 3895 τῇς
627 3825 890 3896 μακαρίας
963 3824 1158 3896 μητρός
1216 3841 1319 3893 μου
1360 3825 1449 3872 καὶ
1518 3828 1609 3879 τῆς
1659 3821 1879 3893 μάμμης

273 3918 564 3985 Μακρίνης,
616 3914 809 3971 ταύτην
867 3911 1183 3974 αύξηθείσαν
1231 3912 1393 3980 ἔσχον
1451 3909 1499 3961 ἐν
1558 3908 1785 3980 ἐμαυτῷ·
1819 3910 1879 3962 ού

272 4002 375 4075 γὰρ
404 4002 534 4055 ἄλλα
560 4003 612 4065 ἐξ
649 4001 815 4055 ἄλλων
868 3999 1143 4074 μετέλαϐον
1194 4000 1241 4054 ἐν
1294 4007 1356 4070 τῇ
1414 4004 1505 4051 τοῦ
1557 3999 1709 4070 λόγου
1749 4018 1880 4071 συμ-

272 4092 562 4165 πληρώσει,
615 4090 744 4144 me
793 4092 883 4151 τὰς
926 4085 1323 4165 παραδοθείσας
1374 4108 1463 4160 μοι
1528 4089 1650 4162 παρ’
1710 4088 1878 4141 αὐτῶν

273 4183 449 4255 ἀρχὰς
491 4181 779 4235 ἑτελείωσα.
806 4180 1006 4252 Ὠσπερ
1054 4182 1153 4251 γὰρ
1212 4182 1270 4230 τὸ
1326 4181 1531 4252 σπέρμα
1562 4178 1678 4248 {92)
1722 4179 1876 4241 αύξα-

272 4276 506 4343 νόμενον,
548 4271 728 4343 μεῖζον
764 4272 854 4342 μὲν
919 4269 1020 4322 ἀπὸ
1077 4275 1268 4342 μικροῦ
1319 4272 1515 4338 γίνεται
1560 4271 1744 4320 ταυτὸν
1820 4263 1879 4321 δέ

346 4416 459 4484 (85)
520 4414 769 4467 Ἐκάστου
848 4415 1014 4485 ᾒμῷν.
1072 4410 1220 4485 Editi
1290 4412 1354 4485 τὰ
1407 4411 1483 4485 ἐν,
1521 4417 1590 4480 τῷ
1665 4419 1877 4485 κρυπτῷ

1997 1861 2321 1918 stimabam
2352 1861 2456 1934 qui
2501 1861 2630 1917 haec
2663 1861 3047 1919 nuntiabant.
3080 1864 3404 1934 Postquam
3447 1864 3651 1919 autem

1997 1951 2281 2024 deinceps
2318 1951 2519 2008 vocati
2560 1966 2775 2007 sumus
2806 1950 2886 2008 ad
2907 1950 3321 2023 gubernacula
3351 1950 3648 2019 Ecclesiae,

1996 2038 2171 2096 datos
2232 2040 2382 2096 mihi
2451 2039 2731 2096 custodes
2792 2042 2851 2096 et
2917 2039 3329 2113 speculatores
3354 2039 3511 2107 vitae,
3535 2039 3650 2094 sub

1995 2128 2193 2201 specie
2248 2127 2452 2185 auxilii
2516 2131 2573 2185 et
2620 2127 2831 2185 amicae
2895 2127 3340 2185 communionis
3370 2131 3650 2199 ,praater-

1996 2217 2189 2287 mitto,
2220 2233 2296 2274 ne
2343 2217 2551 2274 videar
2609 2221 2713 2274 aut
2754 2216 3126 2274 incredibilia
3165 2216 3369 2273 dicens
3416 2215 3492 2273 de
3552 2231 3649 2271 me

1994 2309 2128 2381 ipso
2158 2307 2490 2376 detrahere,
2520 2310 2623 2364 aut
2660 2306 2844 2364 ﬁdem
2885 2306 3129 2376 faciens,
3151 2321 3395 2363 causam
3438 2306 3650 2361 atierre

1994 2395 2394 2464 credentibus,
2425 2411 2533 2452 cur
2579 2395 2918 2452 humanum
2949 2411 3141 2466 genus
3190 2393 3444 2451 oderint.
3476 2393 3648 2460 Quod

1994 2490 2053 2543 et
2079 2485 2225 2542 mihi
2246 2500 2401 2558 pene
2447 2484 2815 2556 contigisset,
2847 2485 2961 2541 nisi
2995 2499 3095 2541 me
3125 2486 3652 2557 praeoccupassent

1995 2575 2096 2631 Dei
2126 2574 2566 2631 miserationes.
2595 2576 2785 2647 Prope
2826 2574 2989 2631 enim
3034 2574 3262 2631 factum
3304 2577 3396 2629 est
3423 2576 3487 2629 ut
3516 2588 3647 2629 om-

1993 2678 2099 2720 nes
2124 2663 2269 2720 mihi
2299 2664 2359 2718 in
2392 2662 2801 2735 suspicionem
2819 2663 3113 2731 venirent,
3135 2678 3245 2719 nec
3267 2661 3451 2718 ﬁdem
3482 2661 3649 2736 apud

1992 2766 2368 2824 quemquam
2434 2766 2564 2807 esse
2631 2751 2957 2819 crederem,
3010 2750 3239 2807 dolosis
3301 2749 3646 2806 vulneribus

1992 2839 2197 2897 animo
2247 2838 2586 2913 perculsus.
2636 2839 2750 2897 Sed
2798 2844 3003 2897 tamen
3049 2838 3365 2895 videbatur
3406 2838 3644 2894 interim

1993 2929 2196 3001 aliqua
2224 2928 2399 2986 nobis
2430 2928 2624 2984 inesse
2674 2929 2904 3001 species
2934 2926 3385 2983 consuetudinis
3411 2942 3550 2983 cum
3574 2927 3641 2982 il-

1989 3016 2084 3087 lis,
2120 3022 2299 3092 atque
2352 3018 2531 3074 etiam
2581 3017 3021 3090 disputationes
3061 3015 3283 3072 habitae
3330 3016 3482 3071 inter
3527 3030 3643 3071 nos

1991 3106 2066 3163 de
2104 3106 2491 3177 dogmatibus
2540 3104 2727 3162 semel
2773 3110 2955 3177 atque
2999 3105 3260 3172 iterum;
3302 3118 3372 3160 ac
3412 3102 3523 3159 visi
3548 3120 3642 3160 su-

1992 3211 2130 3251 mus
2160 3196 2313 3251 inter
2332 3210 2444 3251 nos
2469 3209 2594 3251 non
2624 3208 2917 3267 pugnare,
2950 3193 3057 3249 sed
3086 3192 3443 3248 consentire.
3479 3195 3643 3249 Inve-

1990 3285 2211 3340 nerunt
2236 3287 2437 3340 autem
2460 3298 2574 3339 nos
2606 3282 2852 3339 easdem
2876 3280 2952 3337 de
2988 3280 3110 3337 ﬁde
3139 3282 3203 3337 in
3242 3279 3431 3337 Deum
3464 3295 3642 3337 voces

1988 3371 2275 3445 proferre,
2301 3386 2457 3444 quas
2486 3371 2654 3427 omni
2705 3374 2973 3442 tempore
2998 3384 3068 3425 ex
3098 3369 3274 3426 nobis
3304 3368 3641 3425 audierant.

1988 3461 2109 3518 Etsi
2134 3459 2295 3517 enim
2326 3459 2458 3516 aliae
2487 3474 2583 3516 res
2605 3474 2755 3515 meae
2779 3458 3102 3529 gemitibus
3131 3458 3330 3529 dignae
3364 3475 3376 3514 :
3409 3462 3470 3515 at
3486 3462 3641 3514 certe

1989 3550 2065 3607 de
2134 3549 2250 3606 hoc
2314 3564 2437 3606 uno
2494 3548 2735 3619 gloriari
2789 3547 2985 3604 audeo
3050 3547 3112 3603 in
3176 3548 3447 3619 Domino,
3475 3548 3641 3621 quod

1988 3655 2306 3713 nunquam
2333 3638 2516 3695 falsas
2556 3636 2874 3693 habuerim
2904 3637 2979 3692 de
3011 3637 3129 3693 Deo
3158 3636 3498 3708 opiniones,
3529 3650 3641 3691 nec

1988 3727 2157 3786 aliter
2188 3726 2452 3783 sentiens
2519 3730 2729 3799 postea
2788 3725 3201 3782 dedidicerim.
3236 3724 3349 3781 Sed
3377 3740 3562 3797 quam
3604 3741 3640 3781 a

1989 3831 2176 3889 puero
2213 3815 2419 3888 accepi
2455 3814 2763 3871 notionem
2792 3814 2867 3870 de
2898 3817 3019 3870 Deo
3065 3829 3101 3870 a
3132 3813 3313 3870 beata
3346 3828 3483 3869 mea
3514 3828 3640 3868 ma-

1987 3910 2073 3963 tre
2100 3910 2155 3961 et
2202 3904 2341 3960 avia
2394 3902 2672 3971 Macrina,
2701 3917 2837 3958 eam
2887 3904 3252 3957 crescentem
3300 3901 3359 3956 in
3406 3899 3637 3971 meipso

1987 3993 2405 4061 continebam;
2440 4007 2637 4064 neque
2680 3991 2841 4047 enim
2890 3990 3038 4048 alias
3086 4007 3156 4046 ex
3208 3989 3339 4045 aliis
3388 3990 3637 4057 mutavi,

1987 4098 2127 4139 cum
2175 4082 2437 4139 adolevit
2481 4081 2679 4147 ratio;
2714 4080 2819 4135 sed
2876 4079 3094 4136 tradita
3151 4079 3298 4135 mihi
3358 4077 3437 4134 ab
3487 4077 3637 4149 ipsis

1986 4173 2284 4246 principia
2347 4170 2587 4244 perfeci.
2660 4172 2731 4226 Ut
2791 4169 2951 4225 enim
3016 4183 3234 4235 semen,
3294 4166 3438 4223 dum
3511 4181 3638 4223 cre-

1989 4262 2118 4331 scit,
2169 4263 2368 4333 majus
2433 4259 2681 4334 quidem
2748 4275 2820 4315 ex
2887 4273 3076 4331 parvo
3132 4257 3216 4328 ﬁt,
3268 4256 3374 4312 sed
3436 4260 3637 4313 tamen

1986 4408 2130 4487 dam
2151 4407 2389 4487 codices
2408 4407 2466 4457 Ὠ
2483 4407 2614 4487 γάρ.
2642 4402 2791 4485 Illud
2812 4405 3106 4487 autemna’»;
3208 4399 3443 4487 neglegi
3458 4400 3530 4487 in
3546 4400 3637 4487 fin-

271 4469 497 4557 εκάὸ-τόυ
544 4487 709 4557 ἡμῶν,
754 4469 1225 4557 δοᾱθίθιεεαηιίοτ
1251 4482 1378 4557 Δςςὶεδ.
1402 4484 1491 4537 est
1514 4469 1877 4539 constructio
1911 4502 1954 4555 ι)
1986 4469 2539 4557 terpretando,quia
2555 4469 2805 4557 longior;
2816 4472 3190 4557 parenthesis
3211 4472 3637 4557 fuissetappo-

264 4559 331 4614 in
360 4556 555 4615 tribus
581 4553 1024 4629 antiquissimis
1062 4553 1403 4629 codicibus,
1426 4567 1611 4629 quos
1637 4559 1877 4610 secutus

268 4645 437 4687 sum.
466 4626 651 4684 Paulo
676 4623 820 4699 post
848 4625 1038 4699 H_arl.,_
1061 4624 1232 4699 med,
1269 4627 1419 4699 Vat,
1448 4623 1634 4699 ’Coisl.
1665 4640 1876 4699 secun-

265 4700 388 4757 dus
432 4704 491 4756 et
515 4701 659 4768 Reg.
678 4694 987 4754 secundus
1017 4695 1267 4768 betam;
1301 4694 1525 4768 βύρσης.
1554 4695 1875 4768 S_ic_et_iam

264 4776 526 4843 utraque
555 4765 916 4843 Basileensis
936 4765 1136 4825 editio.
1161 4765 1331 4823 Deest
1350 4765 1445 4822 hic
1474 4765 1707 4838 periodi
1736 4766 1875 4823 ﬁnis

269 4845 333 4899 in
366 4840 777 4913 Hagangoensi.

334 4903 829 4984 (ὃϐῗΔιδ-άγματα.
864 4912 947 4967 Ita
964 4925 1110 4984 mss.
1144 4922 1273 4984 sex.
1301 4906 1450 4984 Editi
1481 4903 1745 4984 δόγματα.
1774 4910 1875 4984 in:

266 4976 552 5058 {raediti
584 4976 1007 5058 ἐν’-προσποιήσει
1065 4976 1244 5039 δῆθεν.
1299 4980 1437 5035 Tres
1488 4976 1876 5035 vetustissimi

273 5054 518 5112 codices
538 5059 603 5111 ut
646 5054 708 5110 in'
738 5058 923 5109 textu.

343 5128 459 5197 (87)
504 5127 865 5180 Πιστεύουσιν.
895 5123 1071 5181 Coisl.
1101 5122 1335 5195 primus
1383 5125 1438 5176 et
1487 5119 1643 5177 Harl.
1667 5122 1876 5171 πιστιύο

276 5218 430 5253 σασα.

347 5270 461 5341 (88)
500 5270 842 5343 Τραυμάτᾼων.
877 5264 1172 5343 Ita__H_arl.,
1208 5263 1381 5343 Med,
1415 5261 1591 5319 Cois].
1624 5264 1875 5333 uterque

275 5347 330 5398 et
357 5336 506 5412 Reg.
537 5336 861 5412 secundus.
893 5336 1043 5412 Editi
1072 5337 1408 5412 rpaypdfmv.

347 5403 482 5486 (89)“
504 5410 801 5486 "pari—601a}
830 5412 939 5486 μέν.
962 5411 1045 5486 ita
1058 5403 1589 5486 tres'vctustissimi
1612 5403 1871 5486 codices.

281 5474 429 5556 Editi
444 5474 739 5556 ’προσϐολαὶ
767 5474 944 5556 ᾂέξῨΕΧ
963 5478 1073 5556 iisd
1082 5494 1182 5556 em
1194 5475 1661 5556 codicibusOc-onj
1674 5474 1875 5556 unctio

278 5546 499 5611 addito:
511 5559 649 5611 ante
666 5549 1022 5614 cinnipaulo
1054 5554 1189 5627 post
1215 5548 1398 5627 iidem
1428 5546 1585 5627 editi.
1602 5551 1876 5627 συμφωνηο

282 5645 469 5687 cura;
489 5630 697 5683 contra
714 5629 981 5679 veterum
998 5617 1271 5677 codicum
1290 5617 1729 5675 tidemJbidem
1748 5617 1876 5688 qui-

1985 4546 2207 4623 nenda,
2234 4546 2655 4623 quamtamen
2676 4546 2737 4601 in
2768 4547 2970 4623 Graeco
3001 4546 3285 4623 contextu
3325 4556 3636 4623 apponen-

1984 4620 2130 4677 dam
2158 4612 2323 4676 duii.
2356 4619 2447 4674 Sic
2495 4620 2655 4675 enim
2704 4616 2888 4672 series
2938 4613 3225 4671 orationis
3250 4612 3588 4683 colligenda
3620 4631 3632 4669 :

1988 4691 2158 4758 Quod
2177 4698 2374 4748 autem
2404 4690 2764 4746 invenerunt
2801 4702 2907 4743 nos
2935 4686 3165 4743 easdem
3202 4685 3275 4742 de
3302 4686 3422 4741 Deo
3470 4699 3637 4758 voces

1980 4756 2328 4832 proferre...
2347 4764 2811 4830 perscrutentur
2847 4773 3019 4815 suam
3054 4759 3321 4827 ipsorum
3341 4756 3636 4832 conscien-

1987 4827 2152 4888 tiam.
2179 4827 2815 4904 Smpe'Basilius,_cum
2864 4843 3124 4904 magnos
3156 4831 3382 4904 _motu_s
3418 4827 3635 4904 _animo

1984 4898 2302 4975 impr-esses
2333 4901 2621 4975 sequitur,
2634 4899 2871 4975 longas
2901 4898 3535 4975 ejusmodi_peri_odos,
3566 4912 3636 4952 ac

1983 4968 2219 5045 legibus
2242 4968 2529 5028 orationis
2559 4968 2903 5045 exiliorjbus
2929 4968 3158 5045 solutas
3190 4968 3472 5045 devolvit.

2057 5036 2168 5117 (90)
2200 5046 2587 5117 negandum,
2624 5045 2707 5097 Ita
2736 5040 2920 5110 Harl,
2943 5039 3118 5098 Coisl.
3145 5040 3379 5113 primus
3429 5041 3488 5094 et
3533 5036 3633 5093 alii

1986 5112 2207 5189 ρΙίιτοε.
2234 5112 2381 5170 Editi
2400 5114 2522 5189 παρ’
2550 5112 2770 5189 ἅπαντα.

2055 5186 2169 5257 (91)
2204 5180 2544 5257 Καυχᾶσθαι.
2589 5182 2865 5257 Harl'.__et
2932 5182 3103 5238 Coisl.
3140 5180 3477 5257 secundu§_
3509 5197 3632 5257 καυ;

1986 5248 2282 5331 χήσασθαι.
2306 5248 2497 5331 P'aulo
2525 5259 2664 5329 post
2708 5253 2849 5311 editi
2883 5257 3098 5326 μάμμης
3146 5272 3246 5324 μου
3286 5256 3358 5331 et.
3397 5248 3633 5331 οἱλλαςιέξ

1985 5324 2422 5385 ἆλ).ων.ςοάὶοθε
2452 5324 2596 5383 mss.
2644 5324 3209 5395 magno‘conscnsu
3240 5327 3303 5377 ut
3344 5324 3405 5376 in
3446 5324 3627 5375 textu.

1987 5400 2213 5477 Ibidem
2242 5398 2395 5477 Harl.
2425 5404 2487 5477 et
2511 5398 2657 5477 Med.
2682 5402 2804 5470 ἔχον
2833 5396 2954 5477 παρ’
2976 5395 3198 5477 ἐμαυτῷ.
3336 5476 3343 5477 7
3371 5475 3413 5477 Η
3530 5476 3563 5477 Π
3591 5461 3601 5471 ⁸

2055 5474 2165 5542 (9‘2)
2198 5476 2425 5545 Σπέρμςκτ
2448 5473 2623 5545 _Deest
2640 5464 2863 5545 ea'vox
2900 5464 2963 5545 in
3000 5464 3248 5545 duobus
3291 5464 3629 5545 recentiori-

1982 5532 2100 5599 bus
2148 5532 2569 5598 'mssi'lbidem
2626 5539 2809 5609 Cois].
2832 5538 3061 5609 primus
3122 5532 3626 5606 au‘iéymmi’aulo

1983 5616 2123 5686 post
2153 5613 2275 5669 duo
2308 5613 2469 5682 Regii
2494 5615 2678 5663 ταυτὸν
2707 5608 2766 5661 δέ
2794 5608 2928 5660 ἔστιν
2952 5608 3135 5675 ἐαυτῷ.

3547 321 3659 374 826
3720 353 3730 362 -
