4100 6214
486 284 594 339 827

1868 275 1924 331 S.
1962 271 2214 330 BASlLll
2248 271 2470 328 MAGNI

3712 283 3791 336 828

485 405 651 463 idem
706 405 795 462 est
853 403 916 459 in
973 401 1324 475 semetipso,
1380 415 1492 458 nec
1553 399 1890 458 secundum
1953 412 2144 470 genus

2253 400 2392 448 ἐστιν
2445 396 2493 448 ἐν
2524 398 2714 467 ἑαυτῷ,
2744 416 2802 450 ου
2862 399 2996 450 κατὰ
3042 402 3184 468 γένος
3233 397 3676 470 μεταϐαλλόμενον,
3703 402 3810 457 ἀλλὰ

488 497 757 550 mutatur
787 536 803 562 ,
871 489 978 547 sed
1043 489 1425 546 incrementis
1500 489 1803 561 perﬁcitur
1872 504 1885 542 :
1943 488 2026 544 ita
2089 489 2146 541 et

489 581 639 639 mihi
663 580 918 637 arbitror
941 579 1227 636 eamdam
1270 578 1608 635 doctrinam
1638 577 2010 650 proficiendo
2035 590 2142 632 au-

488 674 649 728 ctam
702 668 910 738 fuisse,
953 682 1347 740 nequaquam
1379 669 1582 723 autem
1632 667 1694 722 in
1731 666 1888 722 illius
1940 666 2143 722 locum

488 775 625 832 quae
655 759 733 816 ab
763 759 931 815 initio
983 757 1195 820 fuerat,
1224 773 1358 813 eam
1401 771 1536 828 quae
1564 771 1727 813 nunc
1775 761 1863 812 est
1913 772 2146 812 succes-

490 849 659 904 sisse.
694 849 872 920 339
912 849 1107 913 Quare
1160 861 1335 903 suam
1382 847 1651 919 ipsorum
1699 850 2146 918 perscrutentur

491 936 944 1006 conscientiam,
987 935 1192 991 animo
1234 935 1582 991 intueantur
1621 935 1832 991 Christi
1861 933 2140 1004 tribunal,

491 1041 571 1083 an
626 1023 956 1097 aliquando
999 1022 1229 1096 aliquid
1273 1022 1440 1079 aliud
1481 1039 1556 1080 ex
1601 1023 1781 1080 nobis
1825 1023 2141 1089 audierint,

489 1129 679 1187 quam
742 1113 912 1184 quod
957 1127 1119 1168 nunc
1165 1111 1468 1180 dicimus;
1526 1112 1633 1185 qui
1683 1127 1846 1169 nunc
1899 1112 2145 1169 nomine

488 1218 693 1275 pravae
730 1202 1016 1258 doctrinas
1045 1216 1160 1258 nos
1185 1200 1603 1269 decantarunt,
1646 1206 1701 1258 et
1729 1202 1979 1258 famosis
2019 1201 2144 1273 epi-

491 1291 685 1359 stolis,
713 1306 868 1362 quas
898 1293 1108 1346 contra
1145 1305 1260 1346 nos
1289 1289 1721 1362 conscripsere,
1743 1290 2017 1346 omnium
2044 1306 2146 1346 au-

490 1395 587 1436 res
606 1378 1012 1446 obtuderunt;
1043 1377 1205 1434 unde
1231 1382 1289 1434 et
1314 1377 1491 1435 nobis
1511 1379 1795 1452 imposita
1823 1379 2146 1435 necessitas

489 1468 674 1539 hujus
698 1467 1088 1525 defensionis.

560 1560 614 1613 li.
647 1560 1017 1613 Accusamur
1060 1558 1221 1614 enim
1261 1557 1657 1630 blasphemiae
1686 1560 1747 1615 in
1775 1563 1983 1623 Deum,
2007 1576 2144 1615 cum

490 1660 689 1717 neque
710 1661 782 1701 ex
809 1645 1034 1718 scripto
1060 1650 1239 1704 antea
1257 1646 1332 1703 de
1361 1646 1480 1702 fide
1509 1663 1546 1704 a
1574 1647 1750 1703 nobis
1789 1648 1947 1705 edito
1976 1648 2148 1717 argui

488 1733 814 1806 possimus,
845 1749 1042 1807 neque
1071 1751 1143 1790 ex
1169 1735 1242 1791 iis
1271 1751 1651 1808 quaecunque
1681 1738 1809 1792 sine
1837 1738 2056 1809 scripto
2085 1737 2146 1793 in

493 1821 764 1878 Ecclesiis
803 1823 903 1879 Dei
944 1824 1083 1881 viva
1127 1839 1273 1880 voce
1327 1824 1530 1898 palam
1571 1830 1628 1882 et
1657 1830 1860 1898 aperte
1911 1841 2149 1898 semper

491 1911 914 1967 disseruimus.
950 1913 1064 1970 Sed
1100 1929 1213 1969 nec
1261 1915 1423 1971 testis
1467 1915 1766 1979 inventus,
1800 1915 1900 1988 qui
1957 1931 2020 1971 se
2075 1931 2149 1971 ex

490 2000 666 2056 nobis
696 2015 919 2060 arcano
948 2002 1336 2074 loquentibus
1381 2003 1552 2076 impii
1603 2003 1942 2076 quidquam
1978 2004 2144 2060 audi-

491 2089 654 2145 visse
682 2088 928 2148 diceret.
981 2090 1146 2147 Unde
1195 2092 1375 2162 igitur
1429 2092 1933 2158 condemnamur,
1961 2093 2009 2148 si
2038 2109 2148 2149 nec

492 2177 814 2233 scribimus
843 2179 1048 2250 impie,
1076 2195 1187 2235 nec
1235 2180 1668 2237 concionamur
1698 2182 2013 2250 damnose,
2045 2198 2145 2238 ne-

491 2282 611 2339 que
637 2267 700 2322 in
737 2267 1088 2324 domesticis
1137 2267 1450 2342 colloquiis
1484 2285 1612 2338 eos,
1642 2271 1746 2343 qui
1787 2286 1900 2326 nos
1929 2286 2148 2326 conve-

490 2354 685 2425 niunt,
723 2356 1117 2427 pervertimus
1144 2360 1171 2411 ?
1202 2358 1246 2413 Ο
1273 2372 1498 2413 novum
1539 2359 1989 2414 commentum!
2025 2358 2145 2426 llle,

490 2443 704 2516 inquit,
725 2444 787 2500 in
819 2445 989 2517 Syria
1043 2445 1335 2502 nonnulla
1382 2447 1620 2519 scripsit
1669 2447 1836 2504 haud
1883 2448 2014 2519 pie:
2081 2453 2142 2503 tu

491 2548 634 2588 vero
661 2533 946 2606 scripsisti
969 2533 1019 2590 ei
1042 2539 1179 2591 ante
1217 2535 1428 2605 viginti
1454 2552 1648 2593 annos
1679 2541 1737 2593 et
1757 2537 2038 2609 amplius.
2065 2540 2149 2593 Tu

490 2621 670 2692 igitur
693 2623 1177 2680 communicator
1211 2638 1272 2678 es
1316 2624 1598 2697 hominis,
1628 2630 1686 2682 et
1709 2625 1866 2681 illius
1897 2627 2150 2684 crimina

493 2709 677 2766 etiam
723 2716 830 2767 tua
877 2713 1012 2768 sint.
1060 2716 1212 2780 At,o
1245 2713 1436 2769 amice
1494 2714 1757 2770 veritatis
1803 2714 2008 2782 homo,
2042 2715 2148 2787 qui

491 2798 878 2856 mendacium
926 2799 1113 2857 fetum
1161 2817 1290 2857 esse
1330 2801 1554 2859 diaboli
1585 2802 1838 2860 edoctus
1881 2819 1965 2873 es,
1994 2820 2148 2876 quo-

491 2887 678 2944 modo
707 2904 1066 2961 persuasum
1103 2889 1295 2946 habes
1338 2907 1541 2948 meam
1566 2907 1695 2948 esse
1739 2892 1904 2949 illam
1935 2895 2150 2965 episto-

491 2977 662 3034 lam?
691 2981 821 3034 Non
876 2978 1036 3034 enim
1094 2979 1332 3043 misisti,
1384 2995 1495 3036 nec
1542 2980 2078 3050 interrogasti,nec
2111 2999 2148 3038 a

492 3083 611 3133 me,
639 3068 744 3140 qui
774 3067 880 3124 tibi
903 3084 1112 3124 verum
1158 3068 1354 3126 dicere
1404 3075 1700 3142 poteram,
1721 3070 1999 3127 didicisti.
2033 3071 2148 3128 Sed

492 3156 726 3212 etiamsi
756 3172 906 3212 meae
944 3162 1146 3215 essent
1189 3157 1414 3223 litterae,
1449 3158 1610 3215 unde
1641 3163 2018 3232 compertum
2045 3160 2148 3216 tibi

494 3248 599 3313 est,
624 3243 909 3300 volumen
954 3245 1119 3314 illud,
1148 3247 1316 3318 quod
1347 3263 1508 3303 nunc
1546 3248 1607 3303 in
1637 3264 1856 3304 manus
1887 3251 2023 3304 tuas
2054 3249 2148 3304 in-

493 3330 653 3397 cidit,
689 3330 918 3402 aequale
946 3348 1082 3388 esse
1124 3333 1331 3390 litteris
1368 3335 1518 3391 meis
1537 3334 1566 3390 ?
1595 3336 1729 3407 quis
1757 3337 1857 3393 tibi
1891 3336 2041 3393 dixit
2067 3337 2149 3392 vi-

493 3419 640 3490 ginti
665 3434 798 3475 esse
844 3435 1142 3477 annorum
1170 3423 1231 3478 id
1258 3421 1542 3480 volumen
1564 3425 1592 3480 ‘?
1623 3425 1784 3480 unde
1840 3426 2022 3482 etiam
2051 3441 2149 3480 ex-

493 3508 796 3581 ploratum
822 3515 926 3572 est,
954 3510 1113 3567 illius
1141 3512 1330 3584 ipsius
1379 3514 1644 3570 hominis
1685 3530 1816 3571 esse
1871 3516 2148 3587 scriptio-

490 3613 655 3669 nem,
683 3597 763 3654 ad
783 3613 967 3672 quem
997 3603 1053 3656 et
1073 3614 1110 3656 a
1144 3616 1241 3656 me
1273 3601 1463 3658 missa
1491 3601 1744 3675 epistola
1765 3603 1792 3658 ‘?
1823 3605 1995 3669 Quod
2018 3603 2066 3659 si
2097 3608 2150 3660 et

491 3687 588 3744 ille
609 3687 861 3761 scriptor
886 3693 994 3754 est,
1019 3692 1076 3746 et
1097 3705 1208 3761 ego
1227 3690 1307 3747 ad
1335 3690 1504 3748 illum
1533 3693 1766 3765 scripsi,
1789 3699 1845 3750 et
1870 3710 2058 3750 unum
2081 3710 2151 3750 ac

489 3777 652 3833 idem
683 3782 922 3850 tempus
953 3795 1228 3835 mearum
1259 3779 1592 3838 litterarum
1623 3786 1682 3838 et
1708 3781 1891 3853 hujus
1922 3781 2146 3855 scripti,

493 3867 826 3940 suscepisse
855 3884 953 3924 me
979 3868 1128 3925 illud
1159 3869 1385 3939 animo,
1421 3872 1671 3944 ejusque
1697 3874 2056 3931 sententiam
2089 3873 2151 3930 in

492 3955 730 4026 meipso
749 3960 970 4024 tenere,
1001 3973 1124 4028 quo
1147 3957 1336 4031 liquet
1359 3965 1716 4029 argumento
1734 3963 1762 4017 ‘?

567 4226 616 4276 5.
668 4222 1020 4278 Percontare
1064 4227 1118 4278 te
1167 4221 1336 4294 ipse:
1370 4225 1605 4296 quoties
1647 4241 1743 4282 me
1790 4227 2045 4284 invisisti
2091 4229 2153 4285 in

491 4312 858 4370 monasterio
888 4312 968 4370 ad
1007 4313 1222 4371 lridem
1271 4314 1545 4385 ﬂuvium,
1570 4332 1709 4373 cum
1751 4334 1989 4375 mecum
2031 4335 2153 4377 una

491 4401 735 4459 adesset
785 4401 1272 4473 religiosissimus
1319 4404 1499 4460 frater
1530 4406 1867 4474 Gregorius,
1894 4406 2052 4462 idem
2083 4423 2152 4463 ac

490 4503 605 4558 ego
633 4490 769 4546 vitae
790 4491 1126 4548 institutum
1159 4507 1419 4565 sequens
1437 4492 1465 4546 ἱ)
1498 4495 1650 4550 Num
1680 4494 1828 4566 quid
1853 4495 2152 4566 ejusmodi

490 4577 820 4634 audivisti?
850 4595 998 4635 num
1030 4580 1534 4650 significationem
1587 4583 1867 4655 accepisti
1899 4600 2152 4656 parvam

490 4671 594 4722 aut
621 4681 911 4736 magnam
932 4667 958 4720 Ἰ
983 4670 1138 4734 Quot
1164 4675 1365 4726 autem
1398 4670 1526 4727 dies
1556 4672 1616 4726 in
1645 4671 1798 4743 vico,
1829 4673 1932 4744 qui
1958 4678 2048 4729 est
2074 4674 2152 4730 ad

491 4754 675 4813 aliam
724 4756 888 4812 ﬂuvii
909 4758 1128 4830 ripam,
1157 4760 1563 4830 transegimus
1594 4762 1760 4834 apud
1783 4779 1986 4819 meam
2017 4781 2153 4820 ma-

491 4848 664 4915 trem,
695 4845 798 4902 ubi
849 4846 1007 4904 velut
1043 4847 1219 4904 amici
1269 4848 1424 4906 inter
1472 4866 1584 4908 nos
1629 4851 2152 4922 degebamus,no-

712 5011 809 5060 Τὸν
859 5015 974 5085 νῦν,
1009 5012 1356 5085 ὑπάρχοντα.
1413 5015 1506 5069 Sic
1557 5029 1672 5085 ope
1720 5015 2006 5071 Harlseani
2059 5029 2151 5070 CO-

492 5079 642 5135 dicis
661 5079 1126 5137 emendavimus'
1152 5079 1318 5154 quod
1349 5091 1476 5141 erat
1500 5085 1560 5140 in
1583 5079 1758 5142 editis
1789 5091 1845 5138 τὸ
1872 5095 1960 5137 νῦν
1990 5088 2155 5158 ὑπειρ-

541 5170 614 5204 ον.

492 5172 807 5298 sisti?!»
862 5225 1107 5277 αὐτοὶ...
1143 5224 1592 5298 ῥημάτωνθμοᾶ
1647 5226 1996 5283 addidimus
2040 5227 2154 5282 hoc

490 5293 1067 5364 loco,'desumptum
1120 5293 1328 5349 estex
1380 5296 1585 5351 codice
1635 5298 1965 5355 llarlzeano.
2007 5299 2156 5354 Editi

493 5365 555 5425 ἧς
585 5365 1003 5438 προεϐαλλομεθα
1031 5370 1056 5423 ἦ
1095 5366 1194 5416 ὃσα
1227 5366 1487 5438 ἀγράφως.

565 5435 676 5506 (95)
722 5435 879 5509 Κατξ
923 5435 1081 5491 οἷκον.
1153 5435 1380 5493 Οοὶέὶᾘ
1421 5437 1652 5509 primus
1718 5446 1975 5499 κατοίκοις
2046 5443 2156 5508 ομι-

495 5505 723 5630 ὶὲαις...
764 5506 1222 5583 ἐνδιαστρέγομεν.
1265 5505 1503 5579 Legitur
1551 5510 1662 5560 κατ’
1725 5513 1882 5570 οἴκοις
1938 5513 1997 5566 in
2051 5505 2158 5568 Me-

547 5592 715 5630 lClEO.

547 5592 694 5632 101130
705 5619 715 5630 .

2251 485 2366 538 κατ’
2415 487 2636 549 αὔξησιν
2686 487 3049 559 τελειούμενον⁶
3097 488 3232 538 οὕτω
3277 487 3553 560 λογίζομαι
3605 496 3685 542 καὶ
3722 496 3811 563 ἐμοὶ

2250 578 2336 626 τὸν
2373 575 2527 627 αὐτὸν
2556 575 2705 646 λόγον
2739 574 2832 629 διὰ
2862 583 2952 636 τῆς
2982 583 3250 650 προκοπῆς
3316 577 3603 644 ηὐξῆσθαι,
3623 579 3739 651 αῦχὶ
3765 578 3814 634 δὲ

2252 661 2364 716 ἀντὶ
2391 671 2482 715 τοῦ
2513 663 2565 727 ἐξ
2591 664 2767 740 ἀρχῆς
2815 669 2958 726 ὄντος
2989 668 3076 717 τὸν
3107 673 3194 716 νῦν
3226 667 3533 738 ὑπάρχοντα
3559 670 3663 738 (93)
3696 689 3814 738 γεγε-

2250 753 2464 810 νῆσθαι.
2497 753 2652 806 Ὠστε
2712 753 3064 826 ἐρευνάτωσαν
3117 756 3206 826 μὲν
3235 757 3293 806 τὸ
3335 754 3529 806 ἑαυτῶν
3588 754 3812 822 συνειδὸς,

2251 841 2673 908 ἐνθυμείσθωσαν
2723 840 2782 896 δέ
2833 847 2892 896 τὸ
2933 844 3050 914 ζτοῡ
3102 850 3339 916 Χριστοῦ
3394 840 3743 919 δικαστήριον,
3784 852 3817 898 εἰ

2251 950 2373 983 ποτε
2428 930 2550 982 ἄλλο
2611 951 2663 983 τι
2737 932 2970 990 ἤκουσαν
3036 933 3157 1006 παρ’
3199 934 3366 1003 ἡμῶν,
3414 933 3538 1007 παρ’
3575 934 3600 985 ὃ
3633 941 3712 984 νῦν
3760 934 3819 986 λέ-

2249 1040 2426 1092 γομεν,
2468 1023 2516 1072 οἱ
2553 1028 2640 1072 νῦν
2696 1023 2835 1093 ἡμᾶς
2886 1018 3360 1096 διαθρυλλήσαντες
3413 1021 3494 1074 ἐπὶ
3547 1021 3817 1094 κακοδοξίᾳ,

2251 1116 2340 1162 καὶ
2399 1118 2513 1172 ταῖς
2575 1109 2991 1172 στηλιτευτικαῖς
3057 1109 3379 1177 ἐπιστολαῖς,
3418 1110 3477 1170 οἷς
3527 1112 3821 1185 συνέγραψαν

2252 1202 2368 1252 καθ’
2429 1201 2574 1271 ἡμῶν
2607 1241 2621 1266 ,
2683 1206 2858 1252 πᾶσαν
2922 1205 3407 1272 περιχτυπὴσαντες
3476 1199 3671 1256 ἀκοήν·
3732 1203 3821 1252 ὅθεν

2253 1294 2341 1341 καὶ
2390 1293 2541 1362 ἡμεῖς
2599 1293 2730 1364 πρὸς
2759 1293 2853 1348 τὴν
2895 1289 3125 1362 ἀνάγκην
3183 1287 3407 1361 ἤλθομεν
3446 1296 3541 1351 τῆς
3577 1287 3824 1360 ἀπολογίας

2253 1382 2464 1442 ταύτης.

2323 1561 2380 1616 4.
2423 1558 2806 1630 Ἐγκαλοῦμεθα
2873 1563 2971 1632 γὰρ
3037 1562 3131 1616 τὴν
3171 1558 3238 1618 εἰς
3295 1561 3422 1611 Θεὸν
3491 1557 3821 1630 βλασφημίαν,

2255 1651 2371 1699 οῦτε
2419 1646 2519 1699 ἀπὸ
2570 1655 2900 1718 συγγραφῆς,
2935 1647 2993 1704 ἢν
3033 1647 3182 1699 αὐτοὶ
3214 1649 3330 1718 (94)
3365 1645 3823 1719 προκατιϐαλόμεῡα

2181 1742 2374 1808 Βπερὶ
2436 1742 2674 1805 πίστεως,
2709 1734 3021 1808 ἐλεγχθῆναι
3080 1733 3385 1808 δυνάμενοι,
3422 1739 3540 1788 οὔτε
3599 1735 3693 1788 ἀπὸ
3749 1736 3828 1808 ῥη-

2256 1828 2452 1898 μάτων,
2487 1825 2585 1877 ὃσα
2651 1824 2891 1898 ἀγράφως
2955 1824 3054 1876 ἀπο
3122 1831 3382 1897 στὸματος
3429 1824 3507 1878 ἀεὶ
3571 1825 3620 1877 ἐν
3655 1833 3718 1892 τῷ
3753 1844 3828 1894 φα-

2257 1924 2382 1987 νερῷ
2437 1923 2550 1975 ταῖς
2579 1914 2917 1975 Ἐκκλησίαις
2983 1922 3075 1966 τοῦ
3137 1921 3271 1967 Θεοῦ
3331 1911 3827 1986 διελέχθημεν.Ἀλλ’

2257 2000 2380 2056 οῦδὲ
2443 2006 2638 2077 μάρτυς
2701 2003 2878 2078 εῦρέθη
2922 2005 2947 2054 6
2985 2003 3143 2074 λέγων
3209 2003 3337 2077 παρ’
3371 2005 3519 2075 ἡμῶν
3587 2001 3827 2059 ἀκηκοέναι

2257 2112 2308 2144 τι
2365 2101 2464 2144 τῶν
2516 2091 2713 2145 ἀσεϐῶν
2768 2092 2816 2144 ἐν
2868 2091 3193 2166 παραϐύστῳ
3241 2093 3643 2164 γθεγξαμένων.
3695 2091 3829 2141 Πόθεν

2257 2178 2344 2232 οὖν
2400 2184 2700 2254 κρινόμεθα,
2731 2182 2773 2233 εἰ
2829 2187 2961 2253 μήτε
3013 2182 3386 2255 συγ-γράφομεν
3457 2179 3670 2246 ἀσεϐῶς,
3720 2182 3829 2249 μήτε

2258 2265 2660 2344 δημηγοροῦμεν
2736 2269 3058 2336 ἐπιϐλαϐῶς,
3118 2275 3250 2342 μήτε
3319 2269 3370 2320 ἐν
3427 2276 3540 2329 ταῖς
3611 2267 3715 2319 κατ’
3763 2262 3829 2316 οἶ-

2256 2378 2343 2409 κον
2382 2361 2493 2428 (95)
2530 2359 2758 2431 ὁμιλίαις
2811 2363 2930 2419 τοὺς
2975 2357 3395 2429 ἐντυγχάνοντας
3436 2354 3827 2429 διαστρέφομεν;

2255 2447 2326 2499 ’Ὢ
2366 2455 2458 2499 τοῦ
2506 2455 2686 2500 καινοῦ
2745 2444 3045 2522 δράματοςὲ
3079 2447 3137 2498 Ὀ
3193 2443 3363 2516 δεῖνα,
3398 2451 3556 2519 φησὶν
3584 2486 3598 2511 ,
3630 2445 3704 2497 ἐπὶ
3753 2450 3829 2500 τῆς

2257 2541 2440 2608 Συρίας
2478 2537 2672 2608 ἔγραψέ
2716 2557 2834 2590 τινα
2872 2540 2938 2597 ὡς
2997 2535 3090 2588 οῦκ
3139 2535 3389 2598 εὐσεϐῶς·
3426 2541 3491 2588 σὺ
3534 2531 3593 2587 δὲ
3637 2533 3829 2586 ἐπέστει-

2256 2626 2348 2686 λας
2400 2626 2540 2696 αὐτῷ
2595 2630 2695 2699 πρὸ
2754 2629 2946 2678 εἴκοσιν
2995 2625 3118 2676 ἐτῶν
3174 2629 3264 2677 καὶ
3303 2625 3575 2678 πλειονων.
3611 2623 3829 2680 Κοινωνός

2257 2714 2360 2786 ἆρα
2416 2720 2480 2766 σῦ
2537 2721 2628 2766 τοῦ
2685 2717 2997 2787 ανθρώπου,
3057 2719 3146 2766 καὶ
3193 2715 3260 2766 τὰ
3318 2714 3519 2767 ἐκείνου
3583 2714 3832 2782 mar/opi-

2256 2824 2399 2876 ματα
2435 2809 2525 2855 καί
2583 2807 2653 2856 σὰ
2697 2805 2942 2874 γινέσθω.
2994 2801 3150 2872 Ἀλλ’,
3216 2798 3256 2853 ὦ
3308 2803 3425 2875 φίλε
3484 2811 3578 2863 τῆς
3621 2801 3829 2858 ἀληθείας

2257 2895 2511 2965 ἄνθρωπε,
2561 2895 2586 2944 ὁ
2634 2897 2691 2946 τὸ
2747 2889 2945 2963 ψεῦδος
2991 2897 3221 2965 γέννημα
3273 2889 3409 2944 εἶναι
3466 2899 3560 2945 τοῦ
3616 2887 3830 2943 διαϐόλου

2259 2979 2658 3053 δεδιδαγμένος,
2689 2991 2794 3042 πῶς
2852 2981 3098 3044 ἐπείσθης
3153 2980 3282 3052 ἐμὴν
3340 2981 3472 3034 εἶναι
3518 2986 3609 3039 τὴν
3646 2978 3831 3032 ἐπιστο-

2183 3071 2346 3152 cli,»
2411 3069 2637 3137 ἐκείνην;
2687 3071 2764 3122 Οῦ
2832 3072 2934 3141 γὰρ
3006 3068 3334 3136 ἀπέστειλας,
3395 3067 3512 3122 οὐδ’
3563 3069 3831 3142 ἠρώτησας,

2255 3155 2417 3225 οῦδὲ,
2476 3158 2598 3232 παρ’
2642 3159 2805 3230 ἐμοῦ,
2861 3166 2953 3209 τοῦ
3021 3154 3314 3229 δυναμένου
3378 3177 3463 3210 σοι
3520 3156 3725 3216 τάληθὲς
3769 3152 3833 3204 εἱ-

2255 3255 2366 3300 πεῖν
2413 3250 2550 3318 (96),
2601 3243 2919 3318 ἐδιδάχθης.
2977 3246 3036 3299 Εἰ
3073 3243 3131 3298 δὲ
3188 3253 3279 3299 καὶ
3332 3247 3454 3320 ἐμὸν
3507 3250 3565 3298 τὸ
3619 3248 3831 3317 γράμμα,

2255 3339 2407 3389 ποθεν
2468 3334 2647 3404 δῆλον,
2689 3337 2770 3388 ὅτι
2810 3343 2964 3387 τοῦτο
3019 3339 3077 3387 τὸ
3138 3343 3224 3387 νῦν
3282 3356 3372 3388 σοι
3422 3337 3638 3408 ἐμπεσὸν
3676 3336 3831 3386 σύντα-

2255 3447 2367 3497 γμα
2405 3427 2516 3495 (97)
2545 3429 2838 3499 σῦγχρονον
2890 3432 2997 3483 τοῖς
3055 3424 3192 3496 ἐμοῖς
3239 3441 3563 3499 γραμμασι;
3601 3429 3670 3483 τίς
3721 3421 3830 3472 σοιὸ

2259 3515 2432 3577 εἰπὼν,
2478 3517 2558 3567 ὅτι
2617 3518 2809 3565 εἰκοσίν
2868 3515 3007 3565 ἐστιν
3061 3514 3181 3565 ἐτῶν
3247 3516 3277 3571 ἡ
3342 3518 3617 3588 συγγραφὴ
3681 3512 3825 3570 οῦτη;

2257 3605 2410 3655 ποθεν
2458 3599 2515 3655 δὲ
2565 3599 2742 3670 δῆλον,
2799 3604 2878 3654 ὅτι
2932 3602 3123 3653 ἐκείνου
3169 3601 3280 3653 ἐστί
3341 3610 3436 3654 τοῦ
3491 3601 3747 3676 ἀνθρώπου
3783 3599 3827 3647 τὸ

2261 3695 2549 3763 σύνταγμα,
2591 3695 2720 3765 πρὸς
2769 3693 2821 3742 ὃν
2870 3696 2958 3741 καὶ
3007 3692 3035 3747 η
3096 3689 3216 3761 παρ’
3277 3689 3408 3762 ἐμοῦ
3465 3688 3699 3744 ἐπιστολή
3743 3681 3829 3736 διε·
3907 3695 3910 3698 ’

2257 3783 2505 3853 πέμφ6η;
2548 3781 2606 3832 Εἰ
2669 3777 2727 3832 δὲ
2774 3785 3005 3840 κακεῖνος
3046 3780 3073 3830 ὁ
3119 3784 3475 3852 συγγραφεὺς,
3506 3777 3644 3849 κάγὼ
3684 3775 3828 3839 ἐκιίνῳ

2258 3870 2543 3936 ἐπέστειλα,
2574 3875 2662 3921 καὶ
2728 3873 2914 3942 χρόνος
2974 3864 3039 3928 εἷς
3090 3876 3190 3918 τῶν
3246 3869 3293 3918 τ’
3355 3869 3489 3941 ἐμῶν
3545 3865 3829 3941 γραμμάτων

2258 3964 2347 4011 καὶ
2405 3965 2496 4010 τοῦ
2567 3959 3014 4030 συγγράμματος,
3064 3957 3144 4008 ὃτι
3200 3953 3568 4029 παρεδεξάμην
3617 3953 3730 4005 αὐτὸ
3775 3955 3825 4017 τῇ

2260 4045 2488 4118 διανοίᾳ,
2517 4052 2605 4099 καὶ
2641 4048 2750 4116 ἔχω
2806 4046 2854 4098 ἐν
2887 4046 3095 4117 ἐμαυτῷ
3153 4046 3314 4097 ἐκεῖνο
3367 4049 3426 4097 τὸ
3485 4049 3726 4117 φρόνημα,
3763 4041 3830 4093 τίς

2259 4142 2288 4196 η
2321 4134 2591 4200 ἀπόδειξις
2615 4153 2628 4202 ;

2334 4233 2383 4282 5.
2425 4228 2717 4300 Ἐρώτησον
2789 4229 3039 4278 σεαυτόν·
3091 4227 3316 4285 ποσάκις
3382 4227 3516 4297 ἡμᾶς
3593 4216 3828 4300 ἐπεσκέψω

2260 4319 2342 4370 ἐπὶ
2399 4325 2488 4376 τῆς
2537 4323 2694 4387 μονῆς
2752 4322 2845 4374 τῆς
2886 4316 2968 4365 ἐπὶ
3035 4321 3107 4383 τῷ
3167 4309 3332 4388 Ἴριδι
3392 4319 3626 4384 ποταμῷ,
3655 4309 3730 4362 ὅτε
3777 4299 3825 4354 δέ

2183 4442 2226 4496 D
2264 4415 2542 4480 συμπαρῆν
2595 4424 2684 4476 μοι
2739 4406 2763 4454 6
2818 4402 3203 4474 Θεοφιλέστατος
3280 4400 3500 4474 ἀδελφὸς
3554 4402 3825 4469 Γρητόριος,

2261 4501 2346 4548 τὸν
2395 4497 2548 4548 αὐτὸν
2595 4513 2683 4566 μοι
2737 4498 2826 4544 τοῦ
2873 4491 2994 4564 βίον
3039 4496 3232 4544 σκοπὸν
3287 4489 3549 4559 drawn-iv;
3583 4489 3637 4541 Εἰ
3686 4487 3822 4543 ἧκον·’

2264 4589 2355 4646 σάς
2388 4586 2500 4653 (98)
2561 4603 2611 4634 τι
2677 4590 2909 4634 τοιοῦτον
2944 4601 2956 4648 ;
2995 4585 3023 4638 ἦ
3079 4580 3251 4643 ἔλαϐες
3311 4584 3532 4652 ἔμφασιν
3595 4574 3819 4648 μνκράνῦ

2261 4676 2515 4747 μείζονα;
2559 4677 2729 4730 Πόσσις
2789 4666 2846 4721 δὲ
2913 4671 3104 4741 ἡμέρας
3163 4670 3245 4722 ἐπὶ
3301 4678 3393 4728 τῆς
3441 4667 3700 4737 ἀντιπέραν
3726 4659 3820 4746 (991

2261 4769 2462 4834 κώμης,
2500 4764 2642 4832 παρὰ
2693 4767 2753 4828 τῇ
2812 4763 2974 4829 μητρί
3023 4777 3145 4828 μου,
3177 4759 3296 4810 ἔνθα
3351 4760 3415 4818 ὡς
3467 4755 3597 4827 φίλοι
3634 4752 3702 4820 (1)
3729 4763 3805 4818 μετ

2262 4852 2488 4910 ἀλλήλων
2522 4848 2808 4922 διάγοντες,
2842 4855 2930 4900 καὶ
2962 4849 3008 4901 ἐν
3045 4854 3190 4901 νυκτὶ
3246 4853 3334 4900 καὶ
3382 4849 3430 4900 ἐν
3481 4848 3641 4918 ἡμέρᾳ
3684 4840 3819 4906 λόγων

2332 5012 2444 5082 (96)
2483 5011 2736 5071 Τάληθές.
2767 5008 2911 5082 Med.
2945 5010 3003 5082 et
3030 5009 3204 5082 cois].
3238 5010 3466 5082 primus
3491 5004 3697 5060 τάληθῆ.

2335 5079 2448 5159 (97)
2485 5086 2778 5159 Συνταγμα.
2815 5079 2986 5159 Coisl.
3018 5079 3730 5159 ρῐιίωιιέἐι-ὡγνριιιμιμσιι
3759 5136 3776 5148 ,

2334 5139 2448 5221 (98λ
2485 5155 2542 5207 Εἰ
2573 5139 2820 5212 ἤκᾶὑσας.
2864 5152 2948 5207 Ita
3001 5139 3105 5206 s'ex
3153 5139 3571 5207 codice'snm's's.
3602 5139 3732 5198 Editi
3759 5139 3814 5184 ἸΙ

2265 5245 2516 5286 ηκουσας.

2337 5301 2445 5366 (9ἷ)
2482 5283 2803 5366 ²Αντιπέραψ
2860 5292 3042 5361 Harl.,
3093 5294 3282 5350 Coisl.
3333 5294 3555 5365 primus
3592 5289 3642 5340 et
3692 5283 3809 5347 Βεε-

2266 5367 2824 5444 ρπίωιιεάξιτιττέρακ
2950 5440 2980 5444 _
3101 5436 3159 5444 _.
3363 5433 3393 5444 ..
3463 5439 3468 5444 _
3533 5429 3546 5444 .

2336 5440 2413 5506 (1)
2452 5439 2607 5491 Ἔνθα
2637 5429 2713 5498 ὡς’
2755 5437 2908 5508 φίλοι.
2950 5440 3057 5492 Pro
3101 5436 3196 5491 his
3247 5433 3488 5491 vocibus
3533 5429 3724 5508 legitur
3749 5431 3812 5508 fit}

2269 5491 2515 5588 Harl'._e_‘v
2569 5491 2864 5588 (θεῷἐνὲὶῃ,
2897 5509 3100 5588 chara:
3155 5510 3218 5563 in
3273 5509 3388 5588 Deo
3440 5491 3627 5588 m'atri'.
3661 5491 3812 5548 Paulo

2267 5587 2404 5654 post
2433 5580 2595 5637 idem
2623 5579 2814 5636 codex
2842 5596 2980 5636 cum
3013 5580 3131 5636 alio
3165 5579 3401 5650 συγγενὲς
3424 5579 3620 5625 τούτων.
