4054 6228
279 278 379 331 829

1220 278 1704 335 EPISTOLARUM
1733 273 2017 333 CLASSIS
2058 279 2122 332 II.
2166 280 2384 337 EPIST.
2426 282 2690 339 CCXXIII.

3530 294 3635 347 830

275 403 585 471 κινουμένων
615 402 739 474 ημῖν
773 417 785 466 ;
818 401 875 454 Εἰ
913 402 1187 474 εὑρέθημεν
1226 423 1275 454 τι
1322 408 1561 475 συγγενὲς
1587 405 1791 473 ἔχοντες
1824 401 1864 453 ἐν

1986 405 2207 476 ctuque
2238 410 2295 462 et
2316 404 2570 464 interdiu
2592 407 2894 481 colloquia
2908 410 3291 469 habebamus
3311 412 3464 471 inter
3482 416 3631 471 nos?

274 497 335 551 τῇ
358 485 597 559 διανοίᾳ;
625 487 749 541 Ὀτε
772 485 831 541 δὲ
853 493 940 540 τὸν
961 492 1217 563 μακάριον
1239 491 1511 543 Σιλουανὸν
1533 494 1667 543 κατά
1687 494 1872 543 ταυτὸν

274 577 713 649 ἐπεσκεπτὸμεθα,
746 577 851 649 οὐχ
882 580 911 635 η
946 575 1065 639 ὁδός
1093 582 1215 651 ἡμῖν
1246 585 1367 642 τοῦς
1395 585 1512 655 περὶ
1541 583 1731 632 τούτων
1761 577 1874 651 εἶχε

272 668 453 739 λόγους
478 687 491 735 ;
526 668 641 721 Ἐπὶ
674 664 731 720 δὲ
750 676 842 729 τῆς
866 669 1137 737 Εὐσινὸης,
1162 673 1239 723 ὅτε
1262 674 1391 742 μετά
1404 671 1642 723 πλειόνων
1666 669 1873 722 ἐπισκο-

271 777 380 809 πων
402 756 661 829 μέλλοντες
683 759 847 829 ὁρμᾲν
870 761 953 810 ἐπὶ
977 760 1288 831 Λάμψακον,
1313 760 1769 834 προσεκαλέσασθέ
1788 779 1870 832 με,

271 848 331 898 οῦ
354 853 472 919 περὶ
494 851 712 907 πίστεως
743 844 876 904 ἦσαν
904 850 952 900 οἱ
977 848 1121 919 λόγοι
1145 866 1158 916 ;
1194 851 1337 921 Οὐχὶ
1361 848 1419 902 δὲ
1440 854 1606 902 πάντα
1633 854 1719 901 τὸν
1744 856 1874 921 χρο-

269 956 353 988 νον
380 938 429 988 οἱ
464 942 547 989 σοὶ
574 939 911 1009 ταχυγρείφοι
960 948 1203 1012 παρῆσαν
1251 939 1365 1012 ἐμοὶ
1404 942 1779 1013 ὑπαγορεύοντι
1809 943 1874 991 τὰ

266 1030 401 1098 πρὸς
427 1031 523 1083 την
546 1028 747 1099 αἰρεσιν
773 1044 785 1092 ;
822 1027 882 1079 οῦ
913 1035 1012 1079 τῶν
1045 1036 1147 1080 σῶν
1171 1031 1416 1099 μαθητῶν
1444 1032 1491 1081 οἱ
1518 1035 1873 1100 γνησιώτατοι

267 1117 440 1167 πάντα
468 1134 558 1186 μοι
588 1120 674 1167 τὸν
713 1120 902 1189 χρόνον
940 1125 1186 1189 παρῆσαν
1216 1122 1295 1189 (2)
1330 1136 1344 1186 ;
1394 1118 1470 1170 Οὐ
1513 1121 1601 1178 τὰς
1651 1115 1871 1189 ἀδελφό-

267 1222 433 1265 τητας
462 1203 924 1277 ἐπισκεπτόμενος,
957 1210 1048 1259 καὶ
1080 1203 1585 1279 συνδιανυκτερεύων
1616 1207 1795 1267 αὐταῖς
1823 1206 1870 1258 ἐν

265 1300 387 1353 ταῖς
410 1301 762 1364 προσευχαῖς,
799 1293 956 1366 λέγων
996 1300 1085 1347 καὶ
1132 1294 1332 1348 ἀκούων
1380 1296 1458 1349 ἀεὶ
1488 1300 1551 1348 τὰ
1588 1302 1707 1370 περὶ
1738 1304 1871 1349 Θεοῦ

266 1380 624 1451 ἀφιλονείκως,
654 1381 749 1434 οὐκ
775 1380 1004 1456 ἀκριϐεῖς
1043 1392 1299 1459 παρεῖχον
1347 1395 1440 1447 τῆς
1480 1385 1670 1447 ἐννοίας
1707 1385 1869 1456 ἐμαυ-

264 1478 360 1521 τοῦ
384 1473 480 1532 τὰς
510 1467 801 1534 ἀποδείξεις
826 1488 839 1537 ;
875 1479 990 1533 Πῶς
1020 1470 1108 1525 οὖν
1130 1476 1159 1531 ἡ
1194 1473 1241 1526 ἐν
1263 1477 1496 1544 τοσούτῳ
1524 1476 1699 1547 χρόνῳ
1718 1482 1871 1548 πεῖρα

264 1558 489 1611 ἐλάττων
528 1562 685 1631 ἐφάνη
728 1568 821 1621 τῆς
874 1561 1008 1612 οῦτώ
1059 1564 1259 1635 σαθρᾶς
1308 1568 1395 1615 καὶ
1434 1559 1689 1634 ἀδρανοῦς
1736 1565 1869 1615 υπο-

262 1652 449 1712 νοίας;
483 1653 612 1700 Τίνα
642 1645 701 1701 δε
727 1645 835 1700 ἔδει
862 1653 964 1722 πρὸ
1009 1658 1103 1701 σοῦ
1150 1654 1390 1723 μάρτυρα
1433 1648 1560 1703 εἶναι
1608 1659 1702 1711 τῆς
1748 1650 1871 1722 ἐμῆς

1985 494 2138 548 Num
2160 494 2478 567 quidpiam
2494 496 2673 554 afﬁne
2705 498 2767 554 in
2788 499 2994 556 animo
3024 499 3247 558 habere
3276 501 3632 575 deprehensi

1986 584 2234 639 sumus?
2252 586 2505 650 Quando
2525 602 2669 644 vero
2690 588 2937 645 beatum
2965 590 3265 648 Silvanum
3298 591 3478 650 simul
3498 594 3635 651 visi-

1983 671 2288 743 tabamus,
2311 690 2514 733 nonne
2544 676 2653 732 iter
2677 677 2855 733 nobis
2884 678 2959 734 de
2986 679 3079 734 his
3108 680 3291 737 rebus
3322 698 3635 739 sermones

1982 760 2232 818 habuit?
2255 764 2507 820 Eusinoe
2523 763 2753 835 itidem,
2778 766 3027 838 quando
3048 784 3173 825 una
3193 786 3333 826 cum
3358 772 3635 843 pluribus

1983 850 2282 922 episcopis
2305 854 2709 924 Lampsacum
2731 855 3073 926 profecturi,
3096 873 3193 913 me
3211 862 3633 927 accersivistis,

1982 954 2186 996 nonne
2211 942 2286 996 de
2315 942 2435 997 ﬁde
2472 948 2644 999 erant
2673 959 2981 1001 sermones
2999 948 3027 1001 ?
3056 949 3263 1003 Nonne
3290 950 3456 1005 omni
3487 956 3637 1006 tem-

1981 1045 2128 1100 pore
2158 1031 2371 1086 notarii
2401 1032 2484 1087 tui
2540 1033 2689 1088 mihi
2736 1033 2991 1091 aderant
3032 1034 3326 1091 adversus
3358 1038 3635 1095 haaresim

1981 1117 2277 1174 dictanti?
2304 1134 2508 1176 nonne
2540 1121 2879 1178 charissimi
2935 1123 3022 1179 tui
3073 1122 3353 1197 discipuli
3392 1142 3633 1183 mecum

1981 1207 2147 1263 omni
2180 1213 2449 1280 tempore
2495 1210 2785 1268 fuerunt?
2820 1210 2995 1280 Quid,
3048 1227 3188 1268 cum
3232 1213 3638 1271 fraternitates

1979 1295 2323 1366 inviserem,
2347 1298 2524 1369 340
2547 1315 2788 1370 unaque
2811 1316 2949 1355 cum
2973 1300 3087 1356 illis
3104 1302 3165 1357 in
3181 1304 3637 1375 precationibus

1980 1391 2422 1453 pernoctarem,
2442 1387 2743 1445 disserens
2775 1392 2833 1444 et
2859 1389 3114 1445 audiens
3147 1407 3388 1463 semper
3409 1392 3483 1449 de
3515 1394 3632 1449 Deo

1981 1473 2109 1527 sine
2140 1475 2538 1543 contentione,
2563 1491 2640 1531 an
2672 1491 2796 1532 non
2816 1481 3101 1535 accurata
3126 1480 3370 1536 exhibui
3399 1485 3633 1537 senten-

1981 1561 2074 1616 tiae
2109 1578 2258 1617 meae
2282 1569 2641 1631 argumenta
2662 1572 2688 1619 (ἱ
2716 1565 3034 1630 Quomodo
3065 1582 3206 1637 ergo
3238 1569 3383 1625 tanti
3400 1572 3633 1641 tempo-

1979 1652 2060 1705 ris
2085 1652 2451 1724 experientia
2480 1654 2677 1709 minor
2698 1670 2827 1710 esse
2847 1655 2978 1712 visa
3008 1662 3097 1714 est
3118 1658 3359 1729 putrida
3388 1659 3539 1717 adeo
3561 1675 3631 1716 ac

264 1733 589 1803 διαθέσεως
622 1740 697 1789 Td:
722 1736 806 1789 ἐπὶ
834 1736 1166 1800 Χαλκηδόνος
1188 1742 1263 1800 (3)
1283 1739 1563 1797 λαληθέντα
1598 1742 1722 1811 ἡμῖν
1751 1744 1864 1811 περὶ

1980 1740 2221 1797 inﬁrma
2249 1741 2630 1812 suspicione?
2659 1745 2847 1808 Quem
2895 1749 3098 1802 autem
3130 1746 3207 1802 de
3255 1748 3518 1819 priorem
3561 1765 3632 1805 ac

264 1828 513 1891 πίστεως,
535 1828 597 1877 τα
626 1824 674 1877 ἐν
705 1823 976 1899 Ἡρακλείᾳ
1006 1827 1266 1897 πολλάκις,
1300 1831 1365 1880 τὰ
1397 1832 1641 1901 πρότερον
1671 1828 1753 1881 ἐπὶ
1775 1838 1869 1889 τῆς

264 1919 589 1987 Καισαρείας
646 1914 696 1966 ἐν
734 1923 804 1984 τῷ
852 1923 1172 1988 προαστείῳ,
1223 1918 1265 1969 εἰ
1309 1922 1378 1989 μὴ
1420 1922 1589 1971 πάντα
1619 1922 1870 1990 σύμφωνα

259 2003 394 2075 παρ’
423 2005 568 2073 ἡμῶν
596 2021 608 2067 ;
642 2003 685 2055 εἰ
715 2010 785 2076 μὴ
818 2006 989 2057 πάντα
1014 2004 1252 2069 ἀλληλοις
1294 2006 1682 2079 συμϐαίνοντα;
1724 2012 1870 2070 ἐκτὸς

258 2100 378 2161 τοῦ,
434 2094 557 2164 ὅπερ
605 2090 766 2163 εἷπον,
818 2093 873 2146 ἐκ
922 2104 1190 2167 προκοπῆς
1238 2116 1353 2148 τινα
1396 2098 1617 2159 αὔξησιν
1658 2098 1866 2151 ἐπιθεω-

257 2183 472 2254 ρείσθαι
500 2189 604 2243 τοῖς
650 2181 958 2254 λεγομένοις,
998 2186 1120 2258 ὅπερ
1163 2185 1289 2256 οῦχὶ
1337 2186 1593 2257 μεταϐολή
1642 2186 1868 2240 ἐστινέκ

257 2278 348 2322 τοῦ
404 2274 638 2344 χείρονος
666 2274 795 2343 πρὸς
850 2275 909 2324 τὸ
946 2271 1171 2345 βέλτιον,
1215 2274 1342 2327 ἀλλά
1374 2275 1751 2350 συμπλήρωσις
1779 2286 1869 2330 τοῦ

258 2359 527 2421 λείποντος
570 2363 705 2413 κατὰ
745 2366 841 2419 την
880 2366 1183 2435 προσθήκην
1226 2372 1319 2426 τῆς
1359 2372 1615 2435 γνώσεως.
1666 2374 1778 2427 [[ῶς
1811 2365 1869 2420 δὲ

258 2451 470 2501 κάκεῖνο
502 2449 598 2501 οῦκ
640 2449 860 2522 ἐνθυμῇ,
912 2454 992 2503 ὅτι
1024 2458 1195 2525 πατὴρ
1245 2453 1303 2505 ου
1358 2454 1571 2525 λήψεται
1610 2456 1868 2530 ἁμαρτίαν

260 2536 476 2607 παιδος,
518 2536 642 2592 οὐδὲ
682 2542 795 2602 υἰος
832 2539 1051 2611 λήψεται
1100 2542 1356 2615 ἁμαρτίαν
1400 2548 1616 2615 πατρὸς,
1649 2548 1866 2607 ἕκαστος

264 2624 317 2679 δὲ
368 2627 421 2678 ἐν
468 2635 529 2699 τῇ
582 2624 695 2699 ἰδίᾳ
734 2627 964 2701 ἁμαρτία
1008 2629 1341 2683 ἀποθανεῖται
1382 2648 1396 2697 ;
1457 2632 1601 2703 Ἐμοὶ
1650 2630 1708 2685 δὲ
1752 2638 1867 2687 οὔτε

260 2720 435 2788 πατὴρ
466 2716 494 2768 ὁ
523 2718 667 2791 παρά
698 2721 781 2769 σοὶ
814 2713 1239 2791 διαϐαλλόμενος,
1273 2720 1383 2773 οὗθ’
1415 2721 1541 2781 υἱός.
1593 2725 1725 2773 Οὔτε
1766 2725 1864 2794 γὰρ

264 2802 597 2867 διδάσκαλός
625 2826 725 2877 μου
755 2811 979 2878 γέγονεν,
1021 2812 1137 2861 οὔτε
1175 2811 1435 2881 μαθητής.
1490 2810 1549 2863 Εἰ
1584 2806 1643 2863 δὲ
1673 2808 1757 2863 δεῖ
1777 2814 1866 2871 τὰς

264 2902 354 2945 τῶν
386 2897 750 2964 γεννησάντων
781 2896 1035 2971 ἁμαρτίας
1064 2897 1362 2971 ἐγκλήματα
1391 2907 1493 2961 τοῖς
1540 2906 1735 2963 τέκνοις
1777 2907 1864 2972 γί-

262 2984 464 3051 νεσθαι,
500 2984 630 3036 πολὺ
662 2980 991 3060 δικαιότερον
1020 2989 1085 3039 τὰ
1113 2988 1314 3061 Ἀρείου
1346 2991 1479 3040 κατά
1508 2998 1605 3041 τῶν
1649 2990 1727 3060 (4)
1759 3011 1865 3062 μα-

1978 1830 2272 1901 potiorem
2304 1830 2492 1886 animi
2516 1832 2633 1887 mei
2669 1836 2877 1889 testem
2904 1849 3037 1890 esse
3090 1836 3455 1907 oportebat?
3487 1839 3629 1904 Quae

1979 1918 2356 1974 Chalcedone
2387 1919 2461 1975 de
2488 1920 2605 1977 ﬁde
2626 1937 2663 1977 a
2684 1921 2861 1978 nobis
2900 1922 3061 1981 dicta
3088 1928 3248 1991 sunt,
3281 1941 3418 1998 quae
3448 1941 3634 1998 saepe-

1977 2023 2233 2064 numero
2262 2008 2576 2080 Heracleae,
2601 2026 2739 2082 quae
2770 2011 2938 2083 prius
2974 2013 3037 2069 in
3082 2015 3365 2071 Caesareae
3420 2016 3632 2073 subur-

1976 2096 2099 2165 bio,
2132 2113 2211 2152 an
2240 2113 2364 2153 non
2394 2114 2466 2154 ex
2493 2104 2702 2156 nostra
2725 2105 2894 2171 parte
2920 2118 3191 2159 consona
3218 2108 3357 2161 sunt
3378 2105 3585 2161 omnia
3604 2106 3632 2159 ?

1978 2201 2055 2242 an
2080 2202 2204 2242 non
2235 2187 2442 2244 omnia
2470 2187 2622 2243 inter
2651 2203 2713 2245 se
2744 2192 3174 2247 consentiunt?
3199 2192 3318 2248 nisi
3345 2194 3514 2266 quod
3542 2194 3627 2249 in-

1978 2275 2286 2344 crementi,
2318 2280 2382 2331 ut
2402 2276 2545 2347 dixi,
2571 2275 2799 2349 aliquid
2830 2294 2903 2334 ex
2957 2280 3228 2352 profectu
3266 2281 3633 2354 conspicitur

1977 2365 2041 2419 in
2071 2364 2487 2421 sermonibus:
2515 2366 2685 2437 quod
2722 2366 3061 2425 immutatio
3086 2384 3211 2425 non
3240 2374 3328 2427 est
3356 2386 3427 2425 ex
3464 2369 3629 2427 dete-

1976 2453 2131 2509 riore
2159 2454 2219 2508 in
2259 2454 2494 2520 melius,
2525 2454 2631 2510 sed
2659 2471 2869 2512 eorum
2904 2472 3042 2530 quae
3071 2458 3321 2515 deerant
3356 2458 3626 2531 comple-

1977 2547 2249 2598 mentum
2275 2559 2346 2598 ex
2376 2544 2637 2599 scientiae
2668 2545 3015 2602 accessione
3062 2548 3131 2601 3’.
3180 2548 3495 2612 Quomodo
3523 2563 3624 2604 au—

1977 2634 2097 2687 tem
2129 2631 2274 2687 illud
2296 2633 2477 2688 etiam
2500 2648 2621 2688 non
2650 2634 2900 2703 cogitas,
2928 2639 3163 2706 patrem
3195 2652 3319 2693 non
3343 2642 3626 2710 acceptu-

1975 2736 2110 2776 rum
2139 2725 2454 2792 peccatum
2484 2720 2608 2788 ﬁlii,
2635 2736 2833 2794 neque
2863 2722 3054 2779 ﬁlium
3096 2730 3411 2797 peccatum
3441 2726 3627 2798 patris

1975 2814 2368 2881 accepturum
2394 2826 2409 2875 ;
2441 2809 2547 2865 sed
2568 2810 2629 2865 in
2655 2826 2764 2867 suo
2793 2826 3099 2884 quemque
3111 2817 3359 2885 peccato
3384 2816 3629 2871 moritu-

1975 2913 2108 2953 rum
2131 2899 2160 2953 ?
2188 2899 2323 2955 Mihi
2370 2903 2571 2955 autem
2602 2915 2799 2971 neque
2843 2906 3015 2973 pater
3034 2905 3123 2957 est
3165 2902 3216 2957 is
3242 2903 3347 2974 qui
3377 2902 3542 2974 apud
3572 2909 3628 2959 te

1974 2985 2132 3043 male
2172 2987 2364 3051 audit,
2406 3003 2605 3060 neque
2652 2986 2829 3044 ﬁlius.
2888 2992 3087 3062 Neque
3146 2990 3304 3046 enim
3345 2991 3629 3061 magister

267 3073 433 3128 θητῶν
462 3071 624 3125 αὐτοῦ
649 3075 887 3144 γίνεσθαι
918 3094 929 3105 ·
963 3080 1051 3127 καὶ
1090 3078 1136 3127 εἷ
1172 3096 1247 3136 τις
1280 3076 1471 3129 Ἀέτιον
1511 3076 1747 3149 ἐγέννησε
1775 3082 1861 3131 τὸν

1979 3092 2146 3133 meus
2175 3076 2303 3144 fuit,
2335 3092 2531 3149 neque
2558 3077 2914 3150 discipulus.
2963 3078 3136 3145 Quod
3168 3079 3217 3135 si
3264 3083 3498 3151 oportet
3525 3094 3628 3152 pa-

266 3164 544 3233 αἱρετικὸν,
577 3161 662 3215 ἐπὶ
690 3167 785 3221 την
814 3163 1037 3234 κεφαλὴν
1067 3172 1159 3216 τοῦ
1209 3170 1406 3239 πατρὸς
1452 3166 1742 3220 ἀναϐαίνειν
1770 3175 1862 3221 τοῦ

266 3246 457 3311 παιδὸς
507 3253 572 3301 τὰ
626 3249 947 3323 ἐγκλήματα.
1008 3253 1067 3305 Εἰ
1118 3250 1168 3304 δ’
1200 3254 1257 3306 ou’
1309 3251 1513 3307 δίκαιον
1545 3256 1623 3308 ἐπ’
1654 3256 1865 3316 ἐκείνοις

269 3338 600 3408 ἐγκαλεῖσθαί
630 3360 765 3409 τινα,
806 3340 975 3412 πολλῷ
1006 3339 1179 3400 δήπου
1221 3341 1546 3417 δικαιότερον
1595 3348 1731 3417 ἡμᾶς
1781 3346 1863 3398 ἐπὶ

269 3436 375 3489 ⁴ὀῖς
403 3425 571 3500 μηδὲν
601 3430 725 3499 ἡμῖν
756 3436 1088 3504 προσήκουσι
1136 3436 1207 3503 μὴ
1259 3434 1471 3505 ὑπέχειν
1516 3434 1728 3497 εὐθύνας
1763 3439 1861 3502 (5),

276 3519 402 3585 εἴγε
430 3524 519 3569 καὶ
543 3521 774 3590 ἥμαρτον
823 3519 968 3587 ὅλως,
1018 3524 1060 3572 εἶ
1111 3540 1163 3572 τι
1212 3526 1303 3573 καὶ
1340 3526 1634 3595 γέγραπται
1687 3524 1864 3585 αὐτοῖς

281 3603 418 3664 ἄξιον
447 3612 817 3681 κατακρίσεως,
850 3615 1135 3680 Συγγνώμη
1166 3612 1268 3682 γάρ
1300 3631 1387 3682 μοι
1421 3610 1726 3664 ἀπιστοῦντι
1756 3620 1865 3676 τοῖς

276 3692 390 3743 κατ’
413 3693 572 3745 αὐτῶν
626 3696 946 3768 λεγομένοις,
998 3694 1177 3754 ἐπειδὴ
1228 3701 1256 3756 ἡ
1310 3699 1421 3751 κατ’
1469 3700 1592 3772 ἐμοῦ
1631 3709 1783 3775 πεῖρα
1807 3708 1862 3755 το

270 3786 397 3853 προς
452 3791 794 3856 συκοφαντίαν
841 3785 1044 3839 εὔκολον
1102 3795 1201 3839 τῶν
1271 3795 1698 3865 κατηγορούντων
1763 3812 1862 3844 συ-

268 3878 498 3931 νὶστησι.

332 4213 383 4265 6.
450 4215 549 4263 Καὶ
603 4212 701 4284 γὰρ
755 4210 798 4264 εἰ
853 4215 943 4283 μὲν
1001 4210 1369 4282 ἀπατηθέντες,
1416 4219 1503 4266 καὶ
1558 4219 1860 4287 νομίσαντες

265 4297 345 4368 ἐμὲ
402 4302 647 4351 κοινωνὸν
703 4298 831 4353 εἶναι
885 4309 979 4362 τῆς
1034 4307 1241 4373 γνώμης
1297 4311 1396 4354 τῶν
1442 4302 1859 4376 συγγραψάντων

1972 3170 2211 3222 rentum
2243 3170 2495 3239 peccata
2529 3166 2667 3222 ﬁliis
2706 3166 2960 3224 crimina
2984 3166 3134 3235 ﬁeri,
3162 3168 3350 3224 multo
3393 3168 3626 3240 tequius

1974 3259 2037 3310 ut
2062 3270 2197 3326 quae
2225 3260 2365 3310 sunt
2398 3254 2537 3321 Arii,
2571 3254 2631 3309 in
2690 3254 2820 3325 ejus
2852 3256 3182 3328 discipulos
3211 3261 3539 3326 vertantur,
3570 3265 3629 3314 et

1975 3342 2023 3397 si
2055 3342 2191 3414 quis
2211 3342 2443 3398 Aetium
2474 3343 2679 3412 genuit
2707 3343 3076 3414 haereticum,
3107 3344 3169 3399 in
3198 3349 3380 3416 caput
3408 3361 3627 3418 paren-

1973 3433 2046 3489 tis
2069 3431 2332 3488 resiliant
2360 3431 2464 3487 ﬁlii
2486 3432 2957 3489 criminationes.
2977 3434 3075 3490 Sin
3106 3439 3310 3490 autem
3330 3434 3625 3506 injustum

1974 3526 2065 3578 est
2093 3526 2339 3594 propter
2368 3521 2467 3578 illa
2489 3522 2843 3594 quempiam
2860 3522 3111 3595 culpari,
3140 3524 3329 3580 multo
3354 3524 3624 3596 profecto

1967 3613 2187 3683 justius
2212 3617 2321 3682 est,
2352 3616 2417 3668 ut
2462 3612 2542 3667 ob
2581 3628 2684 3668 eos
2725 3613 2831 3683 qui
2859 3613 2939 3669 ad
2992 3630 3105 3670 nos
3149 3630 3271 3670 non
3306 3613 3620 3685 pertinent,

1971 3703 2032 3757 in
2055 3701 2351 3772 judicium
2377 3717 2501 3757 non
2524 3717 2831 3769 vocemur,
2868 3702 2915 3757 si
2972 3707 3175 3759 tamen
3224 3708 3625 3775 peccaverunt

1972 3790 2244 3857 omnino,
2270 3789 2319 3845 si
2343 3789 2493 3862 quid
2514 3787 2592 3845 ab
2622 3789 2768 3861 ipsis
2795 3792 3082 3862 scriptum
3114 3795 3203 3846 est
3254 3791 3622 3847 condemna-

1972 3878 2131 3933 tione
2164 3877 2435 3949 dignum.
2472 3878 2661 3933 Venia
2700 3878 2863 3933 enim
2909 3878 3056 3933 mihi
3086 3878 3292 3934 danda
3338 3892 3461 3933 non
3504 3892 3625 3932 cre-

1971 3965 2133 4022 denti
2158 3981 2295 4037 qute
2322 3956 2771 4022 adversus‘illos
2797 3966 3077 4022 dicuntur
3102 3986 3114 4036 ;
3148 3966 3448 4038 siquidem
3487 3980 3625 4021 mea

1969 4055 2163 4127 ipsius
2188 4054 2556 4126 experientia
2580 4059 2809 4126 quanta
2853 4055 2927 4111 sit
2971 4055 3050 4112 ad
3087 4054 3459 4111 calumniam
3488 4070 3624 4127 pro-

1972 4142 2202 4200 clivitas
2228 4148 2651 4201 accusatorum
2679 4144 2968 4202 declarat.

2041 4238 2093 4288 6.
2136 4236 2283 4290 Nam
2338 4232 2573 4290 etiamsi
2631 4232 2886 4307 decepti,
2941 4250 3161 4305 meque
3216 4234 3626 4290 existimantes

1971 4328 2313 4378 consortem
2343 4337 2473 4378 esse
2502 4322 2807 4379 sententiae
2838 4338 3071 4391 eorum,
3116 4323 3221 4395 qui
3251 4322 3624 4394 conscripse-

263 4386 431 4440 ἐκεῖνοι
482 4390 551 4440 τὰ
590 4387 860 4441 Σαϐελλίου
898 4390 1132 4463 ῥήματα,
1182 4392 1310 4465 οἷπερ
1358 4391 1506 4445 αὐτοὶ
1556 4397 1857 4466 περιφέρου-

1979 4417 2108 4467 runt
2139 4411 2239 4467 illa
2271 4410 2507 4469 Sabellii
2538 4411 2885 4483 verba,qua3
2915 4411 2995 4467 ab
3025 4386 3171 4483 ipsis
3192 4386 3620 4466 circumferun-

267 4494 362 4545 σιν,
410 4478 491 4530 ἐπὶ
544 4482 641 4537 τὴν
696 4479 809 4529 κατ’
865 4480 987 4551 ἐμοῦ
1044 4477 1294 4538 διαϐολὴν
1353 4478 1528 4551 ἦλθον,
1569 4478 1685 4534 οὐδ’
1723 4482 1858 4533 οὕτω

260 4570 345 4635 μεν
384 4564 522 4625 ἦσαν
562 4572 880 4640 συγγνώμης
942 4569 1099 4637 οῖξιοι,
1141 4572 1240 4643 πρὸ
1281 4569 1504 4642 ἐναργῶν
1546 4567 1857 4632 ἀποδείξεων

259 4655 404 4716 εὐθὺς
443 4664 559 4718 ταῖς
600 4655 959 4728 βλασφημίαις
1010 4657 1283 4729 βάλλοντες
1339 4664 1427 4712 καὶ
1483 4666 1857 4732 τιτρώσκοντες

326 4762 370 4796 ³²
400 4762 609 4819 Ezech.
638 4779 795 4833 xvni,
825 4767 912 4821 20.

325 4874 403 4939 (2)
441 4876 711 4939 Παρῆσαν.
737 4873 821 4927 Ita
852 4876 967 4927 tres
988 4872 1242 4928 codices.
1278 4874 1424 4929 Editi
1457 4882 1709 4932 συνῆσαν.
1740 4874 1854 4931 Ibi-

258 4926 397 4996 deh‘i
430 4926 622 4998 codex
652 4926 1009 5017 Harltballtts
1168 4926 1529 5014 ελςροτητας
1561 4945 1857 5017 ἐπιπορευό-

260 5030 428 5084 μενος,
458 5028 590 5069 cum
638 5014 1057 5083 fratemilates
1083 5031 1519 5084 percurrerem.
1553 5014 1854 5072 Interdum

260 5083 371 5158 hac
390 5099 543 5158 _voce
570 5084 927 5158 deeignatur
954 5086 1248 5148 Ecclesiae,
1267 5086 1431 5142 velut
1450 5088 1509 5141 in
1533 5088 1707 5158 epist.
1728 5092 1855 5156 226,

261 5152 358 5207 ubi
388 5152 735 5211 Eustathius
763 5156 981 5211 dicitur
1005 5171 1149 5213 suas
1196 5158 1487 5213 adversus
1520 5152 1857 5215 Eudoxium

262 5222 481 5280 litteras
511 5228 589 5282 ad
611 5243 823 5282 omnes
848 5226 1247 5283 fraternitates
1270 5229 1527 5283 misisse.
1554 5230 1857 5286 Interdum

264 5296 442 5367 etiam
489 5298 921 5355 monasterium
968 5304 1217 5354 vocatur
1264 5300 1625 5367 fraternitas,
1683 5306 1748 5355 ut
1796 5302 1856 5355 in

264 5366 434 5441 epist.
474 5374 597 5441 257.
649 5369 1023 5441 Monasteria,
1073 5371 1296 5440 quibus
1347 5377 1601 5441 praeerat
1642 5374 1855 5427 Eusta-

266 5437 451 5509 thius.
470 5440 559 5495 vel
592 5440 804 5495 saltem
834 5437 1194 5509 quibuscum
1222 5437 1855 5507 amicitiaconjunctus

266 5513 411 5584 erat,
444 5508 551 5565 hoc
580 5510 715 5566 loco
741 5508 1397 5584 indicari_crediderim.
1443 5513 1503 5567 Id
1536 5530 1695 5568 enim
1722 5529 1856 5584 pro-

266 5575 414 5653 bant
443 5586 497 5635 et
524 5587 730 5637 noctes
759 5583 818 5637 in
842 5582 1123 5653 precibus
1148 5583 1436 5639 traducite
1463 5590 1519 5639 et
1543 5575 1750 5640 mutua
1780 5584 1854 5639 de

267 5648 449 5704 rebus
474 5653 688 5709 divinis
705 5648 1025 5727 colloquia.
1049 5656 1177 5710 Non
1199 5654 1341 5710 dicit
1370 5655 1621 5713 Basilius
1650 5671 1713 5711 se
1734 5671 1855 5711 una

1968 4504 2085 4571 tur,
2118 4500 2195 4558 ad
2226 4500 2641 4557 accusandum
2674 4515 2770 4555 me
2799 4500 3134 4565 venissent;
3166 4515 3243 4555 ne
3270 4499 3352 4555 sic
3373 4498 3620 4571 quidem

1965 4591 2143 4646 venia
2162 4590 2329 4661 digni
2361 4595 2579 4657 essent,
2602 4588 2769 4660 quod
2819 4592 2957 4645 ante
3004 4588 3326 4645 manifesta
3371 4587 3619 4645 indicia,

1966 4679 2240 4750 protinus
2306 4677 2639 4734 maledictis
2678 4678 2866 4747 ﬁgant
2930 4692 3001 4733 ac
3060 4676 3375 4735 vulnerent
3423 4678 3620 4735 homi-

1965 4889 2106 4930 cum
2162 4872 2466 4928 Eustathio
2520 4873 2651 4928 haec
2700 4873 3069 4929 monasteria
3136 4873 3463 4941 invisisse;
3511 4874 3617 4930 sed

1966 4946 2150 5001 fidem
2171 4959 2355 5017 suam
2378 4959 2447 4998 ex
2470 4943 2582 5017 _hi_s,
2615 4959 2751 5017 quae
2776 4943 2893 4999 illic
2922 4943 3221 5017 disseruit,
3243 4946 3614 5017 exploratam

1968 5013 2282 5086 Eustathio
2301 5029 2429 5069 esse
2449 5013 2767 5086 debuisse:
2801 5014 2967 5086 quod
2993 5013 3351 5086 argumento
3370 5022 3458 5071 est
3487 5031 3613 5071 mo-

1966 5086 2196 5143 nachos
2228 5084 2361 5157 illos
2401 5085 2705 5157 Eustathio
2753 5084 3322 5157 subjectos'fuisse;
3358 5086 3454 5144 vel
3501 5086 3615 5142 sal-

1967 5164 2084 5215 tem
2117 5155 2346 5211 amicos
2372 5161 2429 5212 et
2452 5156 2795 5212 familiares.

2037 5233 2113 5293 (3i
2148 5224 2499 5287 Χαλκηδόνος.
2531 5227 2708 5283 Cois].
2730 5228 3030 5285 secundus
3054 5234 3111 5284 et
3142 5232 3281 5295 Reg.
3314 5225 3615 5283 secundus

1970 5296 2333 5369 Καλχηδόνος.
2368 5301 2496 5353 Mox
2530 5299 2876 5355 Harlazanus
2904 5303 2967 5351 τὰ
2990 5303 3364 5373 ξτιῗπροτερον.

2036 5366 2116 5437 (lii
2142 5373 2285 5421 Κατὰ
2316 5378 2432 5425 τῶν,
2472 5374 2553 5425 Ita
2582 5387 2683 5425 sex
2730 5388 2876 5427 mss.
2935 5370 3084 5426 Editi
3134 5366 3195 5421 τὰ
3244 5366 3361 5422 τών.
3420 5366 3615 5423 Codex

1966 5442 2312 5497 IIarlaeauus
2340 5446 2474 5493 κατά
2500 5451 2617 5495 τών.

2033 5517 2113 5579 (5)
2140 5512 2373 5582 ’Υπέχειν
2398 5514 2629 5591 εὐθύνας.
2660 5513 3007 5591 Ηίιιξιωειρυε
3039 5511 3228 5591 code);
3254 5510 3411 5591 hanc
3440 5510 3616 5591 nobis

1965 5581 2370 5654 suppeditavit
2398 5584 2736 5639 lectionem.
2765 5583 2997 5650 Legitur
3019 5581 3177 5654 enim
3210 5581 3269 5636 in
3296 5581 3423 5638 aliis
3456 5582 3615 5639 codi-

1965 5651 2137 5710 cibus
2159 5670 2313 5710 mss.
2345 5660 2398 5710 et
2426 5654 2599 5709 editis
2624 5653 2785 5722 λόγων
2815 5656 2953 5723 ἔχειν
2987 5651 3220 5715 εὐθύνας.
