4054 6228
243 253 345 305 837
1200 250 1679 307 EPISTOLARUM
1718 246 1998 303 CLASSIS
2038 251 2103 303 ll.
2149 250 2365 309 EPIST.
2413 251 2684 308 CCXXIV.
3504 257 3608 312 838

240 372 373 443 ἐμέ·
427 372 455 431 ἦ
514 380 613 423 τῶν
664 372 920 446 χληρικῶν
951 375 1040 433 τὰς
1083 378 1212 449 πρὸς
1244 378 1382 446 ημᾶς
1411 374 1693 447 ἐπιμιξίας,
1739 374 1768 430 ἦ
1813 383 1841 427 ε]

2008 387 2173 429 orum
2204 375 2523 433 nobiscum
2573 374 2955 444 commercia,
2990 379 3094 433 aut
3127 378 3483 451 quempiam
3515 394 3609 437 eo-

240 482 359 514 τινα
406 461 520 529 (28)
547 461 716 513 αὐτῶν
762 462 834 521 εἰς
884 469 1151 515 κοινωνίαν
1181 466 1343 535 εὐχῆς
1382 460 1670 535 ἐδεξάμεθα
1698 482 1841 515 ποτε·

2012 476 2097 517 1m
2125 463 2204 519 ad
2233 478 2482 535 precum
2510 462 3005 520 communionem
3022 479 3101 519 an
3128 479 3400 537 unquam
3421 465 3613 523 admi-

238 551 298 605 Εἰ
327 547 387 602 δὲ
417 549 697 608 ἐπιστολὴν
746 555 1064 623 προφέρουσι
1114 558 1205 610 τὴν
1258 553 1435 605 λοιπὸν
1485 557 1581 625 πρὸ
1624 552 1688 606 κε’
1728 552 1839 604 ἐτῶν

2009 550 2159 605 :rim.
2185 552 2356 616 Quod
2383 554 2433 608 si
2459 550 2779 624 epistolam
2810 550 3141 622 proferunt,
3167 558 3450 610 czeterum
3473 559 3610 610 ante

240 645 533 711 γραφεῖσαν
591 638 753 709 αὐτῷ,
808 643 952 713 παρὰ
1024 641 1205 693 hion
1272 646 1395 716 πρὸς
1452 642 1627 695 λαίκὸν
1668 659 1681 671 ‘
1760 646 1841 694 καὶ

2009 657 2152 697 unos
2181 642 2392 712 viginti
2412 643 2682 715 quinque
2708 643 2787 699 ad
2812 643 3013 715 ipsum
3044 644 3353 716 scriptam,
3382 662 3419 702 a
3456 645 3610 703 laico

237 722 370 778 οὐδὲ
418 729 611 784 ταύτην
670 730 740 789 ὡς
793 732 1089 802 γέγραπται
1140 732 1265 803 παρ’
1322 731 1466 802 ἐμοῦ,
1528 730 1655 783 ἀλλά
1689 750 1838 803 μετα-

2005 731 2038 786 d
2066 731 2377 801 laicum,et
2402 748 2477 787 ne
2501 732 2662 788 hanc
2685 732 2936 804 quidem
2970 736 3095 789 uta
3125 749 3222 789 me
3250 735 3471 807 scripta
3500 740 3606 807 est,

237 816 577 881 ποιηθεῖσαν,
627 817 727 868 ὑπὸ
785 821 934 868 τίνων
984 815 1063 884 δὲ,
1116 820 1141 869 ὁ
1183 824 1314 881 Θεὸς
1366 817 1478 871 οἶδε
1507 842 1520 854 ·
1561 826 1838 894 γνωρίσατε

2009 820 2064 876 id
2096 821 2516 890 adulteratam;
2544 838 2581 878 a
2609 821 2833 893 quibus
2863 824 3088 891 autem,
3122 824 3279 878 Deus
3305 826 3442 891 scit;
3467 824 3610 879 hinc

238 903 458 956 αὐτόθεν
533 905 627 962 τὴν
704 902 939 973 ἀδικίαν,
996 908 1074 959 ὅτι
1129 905 1303 968 οὐδεὶς
1356 913 1404 961 ἐν
1464 909 1723 981 ἐπισκοπῇ
1781 912 1839 961 ὢν

2010 909 2273 965 ιεωὶἱοειθ
2290 910 2576 981 injuriam
2602 909 2929 980 agnoscite,
2955 909 3122 981 quod
3144 910 3463 983 episcopus
3484 913 3611 968 nul-

237 991 556 1062 ἐγκαλεῖται,
590 997 635 1045 εῖ
664 1014 715 1046 τι
774 998 913 1047 κατὰ
969 993 1284 1071 ἀδιαφορίαν
1327 999 1378 1050 ἐν
1431 1007 1503 1069 τῷ
1534 1000 1696 1069 λαῐκῷ
1746 998 1838 1071 βίᾳ

2011 1016 2050 1053 ιε
2074 1004 2415 1069 accusatur,
2458 999 2505 1055 si
2534 998 2683 1071 quid
2706 997 2897 1055 laicus
2928 998 2987 1053 in
3013 1013 3076 1054 re
3102 998 3464 1056 indiﬂ‘erenti
3504 1000 3612 1056 mi-

238 1082 662 1157 ἀπαρατηρήτως
717 1084 955 1158 ἔγραψε·
1028 1092 1115 1139 καὶ
1170 1096 1318 1140 τοῦτο
1381 1086 1518 1160 μηδὲ
1588 1096 1701 1165 περὶ
1758 1096 1839 1141 πί-

2012 1104 2071 1143 us
2098 1088 2471 1145 considerate
2496 1086 2819 1160 scripserit:
2846 1086 3030 1159 idque
3049 1101 3174 1143 non
3195 1087 3268 1142 de
3299 1087 3419 1159 ﬁde
3440 1089 3613 1161 quid-

239 1191 430 1241 στεως,
488 1172 616 1224 ἀλλά
675 1172 828 1244 ψιλὸν
886 1178 1105 1250 γράμμα
1158 1177 1363 1249 φιλικην
1403 1181 1525 1249 ἔχον
1580 1199 1840 1253 προσηγο-

2009 1194 2144 1235 uam
2173 1196 2185 1233 :
2222 1180 2328 1234 sed
2360 1178 2610 1251 simplex
2640 1178 2935 1250 scriptum
2959 1178 3221 1234 amicam
3241 1177 3478 1235 habens
3519 1196 3610 1236 sa-

235 1266 382 1333 ρίαν.
420 1264 579 1332 Τάχα
644 1259 704 1314 δὲ
754 1263 983 1317 κάκεῖνοι
1030 1270 1297 1337 φαίνονται
1344 1274 1433 1320 καὶ
1479 1267 1694 1325 Ἐλλησι
1760 1274 1836 1321 καῖ

2009 1269 2507 1326 [tationemForte
2533 1271 2734 1324 autem
2756 1271 2813 1323 et
2833 1267 2950 1339 ipsi
2966 1268 3419 1339 comperiuntur
3449 1273 3507 1325 et
3532 1269 3610 1326 ad

238 1348 525 1411 Ἰουδαίοις
580 1352 892 1424 γράψαντες,
931 1358 1021 1406 καὶ
1071 1360 1142 1427 μὴ
1189 1360 1397 1427 ἔχοντες
1443 1358 1699 1430 ἔγκλημα.
1740 1363 1839 1412 Μέ-

2017 1357 2205 1413 :ntiles
2234 1362 2291 1414 et
2321 1357 2401 1413 ad
2434 1356 2676 1412 Judaeos
2707 1356 3042 1427 scripsisse,
3064 1371 3175 1412 nec
3205 1356 3433 1413 crimen
3482 1373 3618 1413 sus-

236 1460 340 1511 χρι
400 1442 501 1515 γὰρ
563 1445 787 1517 σήμερον
842 1440 1016 1505 οὐδεὶς
1072 1443 1250 1517 ἐκρίθη
1309 1446 1394 1498 ἐπὶ
1451 1451 1671 1519 τοιούτῳ
1709 1451 1837 1520 πρά-

2013 1461 2166 1503 nere.
2210 1451 2358 1503 Nam
2406 1446 2486 1503 ad
2523 1446 2687 1502 hunc
2734 1460 2929 1517 usque
2980 1444 3143 1501 diem
3185 1460 3368 1502 nemo
3423 1446 3500 1503 de
3550 1462 3614 1502 re

235 1549 429 1600 γματι,
483 1528 561 1600 ἐφ’
687 1533 833 1603 ἡμεῖς
889 1530 1355 1605 καταδικαζόμεθα
1405 1539 1547 1610 παρὰ
1602 1546 1702 1589 τῶν
1760 1534 1836 1589 δι-

2021 1537 2258 1593 usmodi
2278 1537 2338 1592 in
2362 1536 2664 1607 judicium
2684 1537 2937 1591 vocatus
2966 1538 3076 1601 est,
3108 1534 3186 1590 de
3230 1550 3356 1607 qua
3383 1549 3496 1590 nos
3534 1535 3612 1591 ab

237 1617 527 1677 νλιζόντων
557 1623 675 1681 τοὺς
723 1626 992 1681 κώνωπας.
1018 1621 1139 1674 Ὀτι
1177 1628 1266 1694 μὲν
1296 1621 1384 1676 οὖν
1416 1624 1527 1695 (29)
1555 1629 1672 1677 οὔτε
1702 1625 1838 1700 ἐγρά

2013 1644 2030 1682 ι
2060 1627 2163 1697 qui
2194 1626 2415 1681 culices
2456 1625 2769 1697 percolant
2796 1624 2863 1693 ³³,
2900 1622 3402 1679 condemnamur.
3444 1624 3614 1689 Quod

234 1706 415 1778 φαμεν
478 1706 663 1773 ἐκεῖνα,
723 1713 842 1761 οὔτε
895 1712 1263 1783 συντεθείμεθα
1326 1713 1520 1781 αὐτοῖς,
1582 1714 1711 1766 ἀλλὰ
1764 1736 1830 1767 κα

2012 1716 2137 1782 :itur
2165 1729 2364 1786 neque
2389 1714 2520 1769 haec
2552 1712 2929 1785 scripsimus,
2956 1726 3154 1783 neque
3192 1711 3613 1783 probavimus,

233 1794 689 1868 ἀναθεματίζομεν
762 1802 879 1861 τοὺς
956 1802 1171 1871 ἔχοντας
1246 1803 1405 1854 ἐκεῖνο
1490 1807 1548 1854 τὸ
1628 1808 1834 1877 πονηρὸπ

2011 1804 2070 1859 ad
2100 1808 2157 1859 et
2184 1802 2772 1859 anathematizamus
2797 1800 3033 1873 eos,qui
3062 1816 3314 1872 pravam
3343 1801 3503 1856 hanc
3530 1804 3612 1856 te-

197 1889 507 1983 (φρὸνημα,
537 1890 595 1937 τὸ
648 1894 742 1948 τῆς
793 1891 1108 1959 συγχύσεως
1160 1899 1260 1941 τῶν
1300 1892 1658 1958 ὑποστάσεων,
1709 1893 1757 1945 ἐν

2012 1897 2103 1949 ent
2156 1891 2536 1959 sententiam,
2587 1890 3002 1962 hypostaseon
3055 1888 3499 1953 confusionem,
3550 1889 3613 1944 in

232 1976 261 2030 ἡ
294 1972 633 2031 ἀσεϐεστάτη
666 1978 864 2047 αἵρεσις
894 1985 985 2028 τοῦ
1037 1978 1309 2030 Σαϐελλίον
1363 1979 1610 2039 ἀνενεώθη
1644 1998 1655 2011 ⁸
1700 1990 1833 2035 τοῦτι

2009 1998 2082 2037 ua
2111 1980 2378 2037 maxime
2398 1979 2589 2051 impia
2617 1977 2859 2034 haeresis
2889 1976 3131 2033 Sabellii
3169 1980 3461 2034 renovata
3488 1981 3610 2039 est;

232 2065 326 2135 μὲν
363 2059 459 2114 οὖν
490 2067 747 2135 γνώριμον
794 2072 867 2135 τῷ
900 2073 1036 2136 Θεῷ,
1078 2076 1148 2138 τῷ
1176 2071 1263 2128 τὰς
1311 2066 1535 2141 καρδίας
1563 2077 1833 2141 γινώσκον-

2012 2072 2021 2125 t
2060 2069 2309 2142 quidem
2338 2071 2551 2124 notum
2598 2071 2688 2122 est
2735 2068 2878 2133 Deo,
2906 2066 3012 2137 qui
3054 2066 3240 2122 corda
3268 2065 3613 2135 cognoscit;

231 2156 281 2203 τί
317 2168 332 2179 ⁸
371 2157 636 2224 γνώριμον
663 2149 721 2204 δὲ
740 2159 831 2205 καὶ
862 2157 1008 2226 πάσῃ
1050 2163 1112 2226 τῇ
1146 2153 1481 2228 ἀδελφότητι,
1514 2167 1575 2231 τῇ
1638 2161 1703 2220 εἰς
1735 2169 1832 2213 πεῖ-

2010 2164 2171 2216 otum
2200 2162 2257 2215 et
2284 2156 2637 2215 fraternitati
2674 2156 2862 2224 omni,
2908 2170 3043 2226 quae
3076 2169 3226 2210 meae
3256 2153 3611 2210 humilitatis

231 2260 327 2314 ραν
365 2238 594 2312 ἐλθούσῃ
622 2249 719 2302 τῆς
751 2244 1003 2317 ἡμετέρας
1030 2252 1411 2306 ταπεινώσεως.
1456 2253 1554 2299 Καὶ
1605 2249 1753 2301 αὐτοὶ
1794 2247 1832 2301 δ

2014 2247 2294 2305 ericulum
2320 2246 2476 2303 fecit.
2519 2248 2643 2301 lmo
2674 2244 2856 2300 etiam
2885 2242 2969 2299 illi
2996 2243 3133 2315 ipsi.
3161 2242 3266 2315 qui
3306 2258 3402 2298 me
3452 2258 3615 2298 nunc

232 2329 450 2396 ἐκεῖνοι,
471 2331 520 2380 οἱ
548 2336 635 2380 νῦν
660 2327 882 2403 σφοδροὶ
912 2337 1199 2405 κατήγοροι
1228 2336 1393 2405 ἡμῶν,
1427 2334 1833 2408 ἐρευνησάτωσοο

2015 2338 2345 2394 ahementer
2369 2336 2668 2401 incusant,
2690 2348 2865 2389 suam
2889 2333 3165 2405 ipsorum
3185 2331 3616 2388 conscientiam

232 2422 285 2469 τὸ
315 2414 470 2469 ῑὸ³ιον
496 2414 749 2486 συνειδὸς,
778 2424 869 2471 καὶ
892 2426 1198 2491 γνώσονται,
1228 2424 1307 2474 ὅτι
1345 2424 1399 2474 ἐκ
1425 2421 1621 2484 παιδὸς
1650 2432 1833 2501 μακρὰ⁴

2015 2429 2425 2495 erscrutentur,
2467 2439 2539 2480 ac
2580 2426 2833 2479 noscent
2879 2436 2977 2477 me
3029 2436 3067 2478 a
3103 2436 3292 2493 puero
3329 2420 3508 2491 longe
3538 2421 3616 2478 ab

232 2506 523 2578 ἐγενόμεθα
552 2514 650 2557 τῶν
675 2510 921 2560 τοιούτων
950 2506 1247 2581 δογμάτων.

1962 2514 2263 2587 ejusmodi
2286 2511 2677 2583 dogmatibus
2696 2515 2999 2567 remotum
3026 2509 3234 2566 fuisse.

299 2597 365 2652 3.
428 2601 493 2647 Τί
545 2592 605 2648 δὲ
652 2596 761 2649 ἐστι
814 2602 873 2649 τὸ
924 2600 1169 2673 ἡμέτερον
1224 2604 1481 2675 φρόνημα,
1523 2608 1568 2656 εἷ
1606 2626 1685 2668 τις
1737 2606 1851 2659 ἐπι-

2034 2609 2084 2659 3.
2129 2602 2281 2667 Quid
2322 2604 2525 2657 autem
2548 2598 2827 2667 sentiam,
2855 2598 2905 2653 si
2926 2597 3063 2670 quis
3087 2598 3374 2670 requirat,
3398 2597 3460 2654 id
3483 2613 3614 2670 per-

237 2687 418 2751 ςητεῖ,
473 2690 733 2755 γνώσεται
767 2687 857 2738 ἀπ’
889 2688 1049 2741 αὐτοῦ
1097 2696 1188 2741 τοῦ
1244 2698 1578 2763 γραμματίου
1633 2696 1762 2767 (30),
1806 2698 1838 2749 ἐπ

2016 2691 2170 2748 )iciet
2190 2707 2263 2747 ex
2288 2689 2390 2746 illo
2416 2688 2661 2760 scripto,
2694 2687 2790 2743 cui
2821 2686 3103 2759 apposita
3130 2690 3220 2743 est
3238 2701 3448 2742 eorum
3477 2702 3617 2758 pro-

236 2796 274 2843 ῳ
304 2777 333 2831 ἡ
401 2775 679 2848 ὑπογραφὴ
713 2775 875 2828 αὐτοῦ
906 2777 1015 2845 (31)
1074 2776 1213 2829 ἐστιν
1273 2777 1580 2854 ἰδιοχειρος,
1611 2786 1670 2841 ἣν
1720 2784 1837 2836 ἐκεῖ·

2015 2781 2094 2837 ria
2141 2795 2327 2836 manu
2350 2776 2734 2849 subscriptio,
2762 2790 2949 2848 quam
2975 2774 3124 2831 dum
3148 2774 3359 2831 volunt
3396 2774 3616 2841 delere,

232 2883 310 2915 νοι
392 2861 703 2936 βουλόμενοι
774 2863 1050 2933 ἀθετῆσαι,
1128 2872 1222 2925 τὴν
1299 2868 1491 2922 ἑαυτῶν
1570 2873 1833 2943 μεταϐολὴ

2018 2869 2279 2927 ιιιῐειιὶοηὶ
2307 2883 2432 2923 sua:
2469 2866 2738 2923 latebras
2768 2865 2829 2920 in
2862 2863 3179 2920 calumniis
3199 2863 3419 2919 nostris
3457 2879 3619 2935 quas-

237 2956 571 3027 κρύπτονσιν
647 2954 695 3004 ἐν
770 2960 832 3024 τῇ
914 2956 1137 3027 ἡμετέρᾳ
1213 2964 1553 3031 συκοφαντίᾳ.
1606 2962 1681 3013 Οὐ
1755 2966 1838 3038 γὰε

2015 2964 2123 3016 int.
2151 2962 2281 3015 Non
2303 2956 2465 3013 enim
2494 2955 2757 3011 fatentur
2785 2968 2849 3009 se
2876 2952 3187 3025 pcenitere,
3210 2950 3376 3024 quod
3397 2952 3616 3009 tradito

188 3024 233 3049 ὀ
258 3042 609 3113 μολογοῦσιν,
651 3043 731 3093 ὅτι
780 3043 1199 3115 μετεμελήθησαν
1256 3054 1325 3116 τῷ
1387 3050 1509 3121 παρ’
1544 3052 1687 3121 ἡμῶν
1742 3053 1789 3104 επ

2017 3050 2111 3105 ιεὶε
2139 3064 2176 3105 a
2196 3062 2293 3104 me
2317 3044 2519 3102 libello
2541 3024 3034 3115 subscripserint:
3068 3040 3176 3097 sed
3191 3040 3338 3097 mihi
3354 3039 3618 3097 inferunt

241 3127 454 3183 δοθέντι
508 3129 688 3192 αὐτοῖς
720 3129 910 3203 βιϐλίῳ
940 3134 1360 3208 ὑπογράφοντες·
1405 3136 1514 3188 ἀλλ’
1558 3144 1682 3211 ἡμῖν
1741 3142 1842 3193 έπι.

2017 3138 2220 3194 rimina
2238 3132 2695 3208 impietatis,rati
2719 3131 3025 3187 neminem
3038 3129 3618 3202 videre,prmtextum

238 3224 496 3290 φέρουσιν
580 3219 884 3291 ἐγκλήματα
962 3220 1223 3285 ἀσεϐείας,
1298 3226 1587 3296 νομίζοντες
1667 3228 1839 3301 ἀγνοεῖ

2019 3243 2096 3283 ise
2123 3228 2393 3299 ipsorum
2414 3238 2451 3280 a
2480 3238 2579 3278 me
2603 3220 2713 3292 disj
2724 3221 3069 3277 unctionem
3090 3236 3104 3285 ;
3137 3222 3198 3274 at
3224 3234 3434 3275 revera
3458 3233 3561 3274 eos
3582 3233 3620 3275 a

242 3312 393 3377 σθαι,
455 3311 541 3361 ὅτι
588 3313 888 3382 πρόσχημα
940 3314 1030 3383 μὲν
1075 3312 1253 3374 αὐτοῖς
1312 3314 1450 3367 ἐστιν
1508 3318 1537 3373 ἡ
1590 3317 1675 3389 ἀφ’
1716 3322 1843 3391 ημῶτ

2017 3318 2085 3374 de
2116 3315 2425 3384 defecisse,
2472 3327 2661 3385 quam
2706 3324 2864 3383 saepe
2901 3324 3109 3366 coram
3163 3307 3367 3365 multis
3398 3307 3618 3380 scripto

241 3398 595 3470 ἀναχώρησις
624 3415 637 3426 ·
679 3406 741 3469 τῇ
805 3394 864 3451 δὲ
908 3398 1126 3473 ἀληθείᾳ
1181 3412 1271 3462 τῆς
1318 3409 1535 3465 πίστεως
1586 3405 1842 3480 ἀνακεχω-

2019 3405 2245 3472 rot'essi,
2270 3402 2519 3459 tandem
2549 3404 2606 3457 et
2625 3416 2663 3458 a
2687 3415 2784 3456 me
2805 3397 3087 3456 traditam
3110 3401 3524 3469 susceperunt,
3549 3412 3620 3453 ac

240 3506 497 3558 ρηκασιν,
559 3486 619 3543 ἣν
692 3487 939 3550 πολλάκις
1007 3489 1091 3541 ἐπὶ
1144 3491 1341 3543 πολλῶν
1408 3493 1676 3567 ἐγγράφως
1732 3500 1841 3569 ὁμο·

2018 3514 2037 3550 s
2068 3493 2715 3564 subscripseruntquee
2747 3487 3032 3544 omnibus
3052 3487 3250 3558 legere
3278 3486 3433 3554 licet,
3457 3488 3514 3542 et
3540 3485 3619 3543 ab

242 3574 590 3645 λογήσαντες,
629 3578 686 3627 τὸ
743 3577 1033 3630 τελευταῖον
1088 3584 1179 3631 καὶ
1224 3582 1350 3655 παρ’
1402 3584 1546 3653 ἡμῶν
1593 3582 1843 3639 ἐπιδοθεῖ-

2019 3586 2115 3640 μείς
2147 3582 2381 3654 scriptis
2401 3578 2640 3636 edoceri
2662 3575 3386 3634 veritatem.Manifestum
3418 3576 3620 3631 autem

250 3681 360 3713 σαν
408 3659 658 3733 ἐδέξαντο,
719 3670 809 3717 καὶ
851 3666 1179 3740 ὑπέγραψαν,
1230 3669 1265 3719 ἃ
1311 3676 1471 3722 πᾶσιν
1508 3672 1621 3742 (32)
1662 3674 1851 3736 ἔξεστιν

2020 3675 2205 3730 lorum
2234 3671 2340 3727 erit
2370 3668 2772 3742 propositum,
2805 3666 2855 3721 si
2892 3665 3029 3738 quis
3058 3669 3196 3736 post
3236 3662 3621 3734 subscriptio-

242 3752 649 3823 ἀναγινώσκειν,
698 3759 791 3806 καὶ
849 3755 971 3829 παρ’
1012 3756 1180 3808 αὐτῶν
1246 3767 1345 3809 τῶν
1400 3764 1723 3835 γραμμάτων
1777 3761 1843 3817 δι-

2020 3776 2322 3834 em,quam
2338 3757 2514 3815 nobis
2529 3755 2708 3828 344
2719 3753 3202 3823 dederunt,legat
3221 3752 3407 3808 fidem
3431 3766 3621 3824 quam

239 3838 555 3894 ὅάσκεσθαι
603 3846 691 3900 τὴν
737 3841 996 3901 ἀληθειαν.
1032 3850 1269 3918 Γνωρίμη
1313 3842 1372 3899 δὲ
1413 3849 1580 3901 αὐτῶν
1618 3854 1766 3905 ἔσται
1823 3857 1840 3905 ὑ

2020 3850 2196 3908 elasio
2225 3846 2544 3913 tradidere,
2578 3849 2637 3901 et
2676 3841 3123 3900 animadvertat
3154 3844 3455 3913 quantum
3490 3838 3621 3896 haec

237 3934 580 4003 προαίρεσις,
637 3931 720 3983 ἐάν
766 3951 847 3992 τις
908 3936 1036 4005 μετὰ
1090 3938 1181 3991 τὴν
1246 3937 1574 4011 ὑπογραφὴν,
1629 3940 1688 3997 ἣν
1731 3944 1838 4013 ἠμίπ

2021 3960 2045 3998 3
2070 3940 2172 3997 illa
2200 3935 2500 3994 confessio
2530 3932 2787 3989 differat.
2841 3929 3131 3997 Quocirca
3159 3928 3265 4002 qui
3291 3932 3417 3984 tam
3449 3926 3622 3984 facile

236 4016 519 4072 ἐπέδωκαν
580 4020 719 4088 (33),
784 4018 988 4092 ἀλαγνῷ
1062 4027 1154 4081 τὴν
1218 4030 1421 4094 πίστιν,
1490 4027 1551 4084 ἣν
1632 4029 1837 4102 Γελασίο

2022 4080 2025 4087 .
2055 4025 2356 4086 contraria
2381 4024 2791 4087 vertuntur,ne
2812 4020 3152 4075 scrutentur
3180 4016 3408 4074 alienas
3433 4015 3623 4073 festu-

234 4105 541 4175 ἐπέὸωκαν,
592 4112 682 4159 καὶ
734 4117 838 4179 γνῷ
874 4114 1039 4162 πόσον
1104 4115 1161 4163 τὸ
1219 4109 1468 4189 διάφορον
1521 4116 1714 4180 ἐκείνης
1768 4128 1829 4179 τῆ

2023 4136 2072 4175 LS
2108 4137 2121 4169 :
2150 4116 2259 4172 sed
2305 4113 2539 4170 trabem
2565 4111 2627 4167 in
2658 4125 2771 4165 suo
2791 4108 3064 4181 ipsorum
3092 4105 3269 4163 oculo
3296 4105 3624 4162 haerentem

234 4197 528 4267 ὁμολογίας
573 4200 707 4271 πρὸς
750 4200 970 4256 ταύτην.
1047 4202 1112 4251 Oi
1181 4206 1352 4253 τοίνυν
1408 4205 1568 4266 οὕτως
1641 4208 1830 4260 εὐκὸλω

2028 4208 2208 4263 iciant
2228 4206 2297 4261 3".
2313 4206 2606 4260 Caeterum
2635 4197 2873 4270 plenius
2894 4196 2954 4251 in
2976 4196 3096 4251 alia
3115 4194 3371 4268 epistola
3394 4193 3470 4250 de
3500 4209 3625 4251 om-

232 4290 375 4359 πρὸς
440 4288 507 4337 τὰ
580 4285 785 4338 ἐναντία
837 4292 1271 4361 μετατρεπόμενοι
1337 4296 1408 4362 μὴ
1477 4296 1543 4345 τὰ
1618 4294 1833 4369 ἀλλότριι

2025 4296 2147 4352 .bus
2170 4288 2609 4363 respondemus
2625 4289 2682 4342 et
2695 4286 3004 4342 docemus:
3025 4298 3162 4357 quas
3184 4282 3431 4356 quidem
3450 4282 3626 4354 plura

233 4377 426 4447 κάρφη
481 4371 895 4447 διερεννάτωσαν
937 4392 950 4405 ⁸
1002 4375 1132 4429 ἀλλὰ
1187 4384 1280 4437 τὴν
1335 4376 1490 4434 δοκὸν
1544 4387 1637 4442 τὴν
1686 4385 1735 4437 ἐν
1789 4397 1834 4456 τι

2025 4378 2453 4441 asiderantibus
2484 4373 2949 4433 satisfaciet.Vos
2981 4375 3184 4427 autem
3211 4372 3275 4426 in
3303 4370 3626 4441 prtesentia

228 4466 425 4535 οἰκείῳ
484 4463 735 4536 ὀφθαλμῷ
789 4464 1196 4523 ἑκϐαλλέτωσαν.
1242 4467 1619 4546 Ἐντελέστερον
1672 4469 1732 4527 δὲ
1787 4474 1829 4527 δη

2023 4472 2234 4545 coeptis
2264 4469 2358 4525 his
2387 4465 2539 4523 meis
2567 4463 2798 4532 litteris,
2827 4460 3127 4517 tristitiam
3164 4474 3410 4515 omnem
3433 4458 3624 4530 depo-

229 4553 409 4614 ιῦλης
452 4552 730 4614 ἐπιστολῆς
778 4558 894 4627 περὶ
938 4557 1140 4606 πάντων
1190 4562 1279 4608 καὶ
1339 4556 1732 4633 ἀπολογούμεθα
1771 4585 1830 4615 κα

2024 4564 2176 4629 ite,et
2202 4556 2553 4614 charitatem
2576 4567 2721 4621 erga
2747 4565 2862 4606 nos
2883 4548 3235 4605 conﬁrmata
3250 4547 3321 4614 ³⁵,
3336 4546 3415 4603 ob
3438 4561 3625 4619 quam

230 4640 605 4713 διδάσκομεν,
670 4645 780 4702 ἣτις
828 4642 1212 4718 πληροφορήσει
1274 4651 1395 4707 τοὺς
1442 4653 1497 4699 τὸ
1547 4649 1696 4703 πλέον
1753 4654 1831 4707 ἐπι

2025 4653 2145 4708 )bis
2176 4644 2464 4717 conjungi
2501 4642 2887 4699 vehementer
2934 4636 3161 4695 ambio.
3187 4638 3398 4694 Maeror
3425 4639 3626 4694 autem

234 4736 568 4793 ζητοῦντας.
624 4731 790 4801 ’Υμεῖ5
860 4729 919 4784 δὲ
972 4732 1019 4784 ἐν
1070 4742 1141 4804 τῷ
1206 4739 1425 4806 παρόντι
1490 4746 1658 4791 ταῦτα
1715 4745 1835 4813 ημώε

2025 4740 2119 4798 ιὼὶ
2160 4736 2465 4795 maximus
2490 4735 2548 4789 et
2572 4729 2745 4787 dolor
2776 4727 2982 4785 animo
3013 4725 3372 4795 insolubilis,
3404 4726 3454 4782 si
3491 4729 3626 4783 tan-

307 4896 364 4929 ³³
396 4892 610 4951 Matth.
637 4890 800 4959 xxtii,
832 4896 921 4949 24.
1002 4896 1051 4930 ⁸⁸
1078 4896 1276 4955 Matth.
1302 4914 1398 4965 vn,
1432 4903 1484 4954 4.
1556 4901 1601 4935 ³³
1635 4904 1680 4958 ΙΙ
1713 4906 1842 4962 Cor.
1875 4924 1931 4977 Il,
1956 4910 2008 4963 8.

312 5043 547 5127 (28)}!
581 5044 1105 5127 sinuatoqulam
1156 5048 1197 5099 εὶ
1251 5048 1567 5127 addidi_ex_
1612 5052 1775 5110 Harl.
1818 5060 1874 5111 et

893 5044 1105 5127 “mia”?
1156 5048 1197 5099 εί
1251 5048 1567 5127 addidiex
1612 5052 1775 5110 Harl.
1818 5060 1874 5111 et
1984 5056 2099 5111 dus
2119 5048 2494 5127 γραμματείου..

231 5106 643 5195 ue‘d.'rauio
671 5118 812 5195 post
859 5117 1001 5195 editi
1056 5119 1427 5195 εἰς-κοινωνίαν
1457 5106 1832 5195 mmihi

2036 5106 2165 5195 ’(éii
2196 5106 2492 5194 ’Ϋπογραφὴ
2536 5115 2715 5195 namq.
2757 5116 2844 5173 Ita
2882 5116 3000 5173 tres
3040 5109 3427 5171 vetustissimi
3459 5106 3626 5165 codi-

234 5205 407 5268 mss.
464 5186 531 5247 εἰς
574 5182 844 5270 κοιῧωγίαξ
902 5189 1085 5270 εῷχήν.
1138 5191 1339 5270 Melius
1387 5194 1543 5250 Harl.
1578 5182 1651 5251 ’ἐι
1689 5198 1835 5253 Cois]

1840 5240 1866 5253 ..
1988 5182 2109 5254 ces.
2143 5182 2293 5251 Editi
2324 5182 2599 5270 ὖὲτοᾶρᾳφὴ
2634 5188 2823 5243 αὐτῶν·
2886 5259 2898 5270 ,
3120 5258 3160 5270 ,,
3304 5253 3321 5269 η
3421 5256 3441 5266 -

232 5260 533 5339 primus,
555 5274 713 5339 quos
734 5260 801 5339 ἰπὶ
822 5255 999 5339 testu:
1019 5264 1205 5317 secuti
1233 5280 1501 5339 sumus.__

2062 5269 2175 5339 (32)
2207 5272 2262 5317 *Α
2295 5255 2475 5339 «go-sz
2506 5255 2769 5339 namss.
2798 5259 3087 5339 quinque.
3120 5255 3272 5339 Editi
3292 5255 3600 5339 {magna

312 5330 466 5410 ("2:91
481 5321 596 5410 ’ρτῐ
622 5333 712 5410 μὲν
745 5325 867 5410 οὖν...
888 5331 1104 5410 Ultima
1124 5334 1337 5410 vocula
1362 5335 1569 5392 addita
1613 5354 1685 5395 ex
1718 5340 1871 5396 Harl.

2061 5321 2176 5410 (ὀξύ
2214 5331 2532 5410 Ἐπέδωκανε
2563 5332 2719 5410 Harl.
2754 5321 2952 5410 prima
2968 5321 3167 5410 manu
3212 5321 3482 5410 et‘goi's‘l.‘
3512 5321 3628 5410 pri-

312 5346 453 5401 (κν)
504 5346 596 5380 υτι
622 5350 712 5402 μεν
745 5350 855 5384 ουν.
893 5346 1104 5387 Uluma
1124 5346 1337 5390 vocula
1362 5346 1569 5392 addita
1613 5354 1685 5395 ex
1718 5346 1839 5396 Har;

238 5405 301 5480 e_t
347 5400 1057 5480 Coisl:_primo..lb_idem
1101 5404 1245 5461 editi
1293 5410 1654 5480 συντιθέμεθα.
1690 5412 1839 5468 Iider

2061 5346 2176 5408 (33)
2218 5346 2530 5390 Ἐπέσωκαν.
2564 5346 2719 5389 Harl.
2796 5347 2952 5387 rima
2978 5346 3167 5408 manu
3212 5346 3267 5379 et
3298 5346 3469 5404 9.0151.
3514 5346 3628 5392 pu-

2027 5427 2126 5480 Jus
2157 5406 2452 5461 ἀπέδωκαν.
2484 5406 2615 5462 Mox
2659 5346 2807 5461 Meg.
2841 5417 2982 5459 cum
3028 5398 3217 5456 tribus
3242 5393 3372 5452 aliis
3400 5392 3628 5445 Γιλασίω

242 5473 387 5529 dno
430 5471 672 5528 codices
700 5475 767 5528 ut
796 5472 857 5527 in
888 5475 1073 5530 textu.
1504 5471 1513 5480 '

613 5488 672 5527 es
700 5475 767 5528 ut
796 5472 857 5527 in
888 5475 1073 5530 textu.
1504 5471 1513 5480 ’
1988 5479 2214 5539 ἔδωκαν.

322 5544 466 5618 (30)
505 5547 855 5616 Γραμματίον.
893 5544 1066 5604 Cois].
1098 5549 1369 5622 uterque,
1398 5551 1615 5623 Regius
1670 5569 1881 5612 secun-
