4100 6214
591 285 693 342 847

2484 50 2497 119 2

2006 270 2256 333 BASILII
2291 268 2511 334 nam
3734 290 3811 352 με

591 410 847 465 venisse.
880 406 954 463 At
980 404 1242 463 dormire
1270 419 1369 462 me
1414 421 1555 465 cum
1592 404 1884 474 audisset,
1924 400 2093 469 abiit,
2124 415 2229 457 nec

2348 421 2477 475 ματι
2502 404 2671 475 ἡμῶν.
2705 404 2963 468 Ἀκούσας
2993 400 3072 475 δί,
3118 404 3198 459 ὅτι
3250 403 3486 478 καθεύδω,
3526 406 3729 484 ἀπελθὼν,
3756 416 3820 468 ού-

586 498 717 570 jam
742 493 1031 570 postridie
1047 494 1128 552 ad
1153 511 1249 553 me
1274 496 1554 553 accessit:
1579 495 1688 553 sed
1707 493 1964 553 adhunc
1984 489 2238 548 modum

592 603 702 643 suo
740 602 883 655 erga
911 601 1024 642 nos
1052 585 1251 643 ofﬁcio
1299 586 1701 660 perfunctorie
1738 583 1996 657 expleto,
2044 581 2238 638 rediit.

591 682 784 749 Atque
811 675 928 731 hoc
956 678 1049 731 est
1085 675 1333 746 crimen,
1364 675 1533 748 quod
1557 690 1670 731 nos
1717 672 2155 738 commisimus,
2183 673 2242 727 et

590 766 885 839 patientes
937 764 1020 820 illi
1065 764 1343 821 homines
1402 763 1687 821 delictum
1733 762 1880 819 illud
1936 759 2241 834 prmterita

593 859 801 912 nostra
831 853 1131 921 servitute,
1164 869 1352 926 quam
1380 853 1531 926 ipsis
1558 853 1621 909 in
1651 852 1967 909 dilectione
2005 847 2241 905 servivi-

591 961 753 1012 mus,
792 958 917 999 non
945 947 1441 1015 compensarunt:
1476 941 1583 999 sed
1611 942 1765 998 iram
1793 941 1855 997 in
1902 955 2014 996 nos
2065 953 2240 994 suam

592 1048 787 1103 usque
818 1030 971 1087 adeo
1002 1030 1397 1087 incenderunt
1435 1030 1515 1087 ob
1560 1031 1676 1087 hoc
1714 1034 1996 1096 erratum,
2040 1032 2102 1082 ut
2130 1042 2243 1081 nos

595 1121 672 1177 ab
695 1119 980 1176 omnibus
1012 1118 1174 1175 orbis
1194 1124 1488 1177 terrarum
1516 1118 1806 1185 Ecclesiis,
1822 1117 2029 1173 saltem
2052 1130 2242 1188 quan-

592 1214 721 1267 tum
751 1208 811 1264 in
837 1209 983 1280 ipsis
1021 1208 1151 1278 fuit,
1184 1208 1695 1266 excommunicari
1714 1208 1983 1264 fecerint.

663 1303 715 1354 3.
748 1302 818 1354 At
847 1313 1055 1353 revera
1076 1312 1199 1354 non
1225 1313 1297 1354 ea
1325 1302 1416 1354 est
1440 1296 1670 1354 dissidii
1713 1312 1897 1353 causa
1921 1313 1933 1351 :
1969 1293 2074 1350 sed
2097 1292 2243 1365 quia

594 1387 1009 1443 existimarunt
1036 1390 1163 1442 tum
1189 1387 1438 1443 demum
1466 1403 1529 1444 se
1555 1386 1769 1443 Euzoio
1799 1384 2123 1458 probatum
2145 1382 2238 1451 iri,

592 1477 640 1532 si
669 1476 782 1548 ipsi
802 1491 862 1531 se
877 1491 913 1531 a
932 1474 1111 1531 nobis
1134 1475 1701 1543 abalienarent,illas
1723 1474 1836 1530 sibi
1854 1473 1998 1546 ipsis
2017 1487 2238 1529 causas

590 1563 1102 1634 excogitaverunt,
1132 1568 1198 1620 ut
1224 1564 1493 1637 aliquam
1515 1564 1679 1637 apud
1699 1563 1832 1619 illos
1850 1558 2236 1618 commenda-

589 1655 816 1711 tionem
848 1669 921 1709 ex
950 1652 1107 1709 bello
1133 1653 1311 1710 nobis
1349 1654 1572 1709 indicto
1596 1652 1945 1725 reperirent.
1979 1650 2043 1707 Hi
2073 1663 2238 1705 nunc

590 1749 646 1801 et
669 1744 743 1799 de
766 1743 1005 1799 Nicazna
1031 1742 1353 1799 detrahunt
1376 1741 1556 1815 348
1586 1742 1726 1811 ﬁde,
1771 1756 2002 1814 nosque
2022 1741 2238 1795 vocant
2266 1755 2306 1810 Β

592 1832 1237 1905 homoousz’astas,quia
1262 1832 1325 1887 in
1349 1832 1451 1890 illa
1478 1832 1597 1888 ﬁde
1628 1830 2003 1901 unigenitum
2027 1828 2233 1885 Filium

590 1926 708 1979 Deo
737 1928 795 1979 et
821 1921 975 1979 Patri
1030 1921 1416 1979 homoousion
1469 1920 1843 1991 conﬁtemur,
1903 1934 2027 1975 non
2068 1916 2235 1991 quod

587 2028 710 2070 una
740 2010 999 2068 essentia
1024 2010 1087 2066 in
1114 2009 1238 2066 duo
1263 2010 1527 2068 fraterna
1556 2009 1629 2066 sit
1653 2009 1866 2075 divisa,
1881 2007 2077 2064 absit!
2110 2020 2234 2062 non

586 2101 746 2158 enim
776 2100 838 2157 id
868 2099 1145 2171 cogitavit
1170 2104 1379 2156 sancta
1406 2098 1507 2155 illa
1536 2114 1608 2156 ac
1658 2099 1779 2155 Deo
1804 2097 2020 2153 dilecta
2050 2111 2233 2168 syno-

580 2192 718 2261 dus,
734 2189 843 2247 sed
863 2189 1008 2262 quia
1026 2188 1195 2262 quod
1219 2192 1312 2245 est
1337 2192 1506 2245 Pater
1527 2188 1865 2245 secundum
1887 2186 2234 2257 essentiam,

578 2280 696 2337 hoc
738 2284 795 2336 et
825 2278 1002 2337 Filius
1058 2277 1305 2348 intelligi
1355 2276 1551 2335 debet.
1606 2277 1699 2335 Sic
1752 2276 1911 2332 enim
1941 2275 2118 2331 nobis
2149 2275 2231 2332 illi

580 2371 1013 2442 exposuerunt,
1036 2383 1176 2423 cum
1196 2366 1501 2423 dixerunt:
1524 2367 1752 2423 Lumen
1774 2365 1846 2422 de
1870 2365 2113 2422 lumine.
2136 2367 2233 2422 Est

578 2462 781 2515 autem
810 2456 1049 2513 Nicazna
1076 2454 1250 2525 ﬁdes,
1278 2456 1459 2513 allata
1494 2455 1573 2513 ab
1609 2454 1759 2528 ipsis
1791 2470 1862 2511 ex
1912 2453 2229 2511 Occidente

576 2546 1054 2620 formula,quam
1074 2545 1370 2619 Tyanensi
1392 2544 1628 2618 synodo
1646 2543 2085 2610 tradiderunt,a
2105 2558 2229 2615 qua

578 2641 635 2693 et
658 2635 919 2709 suscepti
948 2639 1108 2693 sunt.
1126 2635 1239 2693 Sed
1267 2634 1496 2691 habent
1527 2634 1859 2707 sapientem
1890 2631 2227 2706 quamdam

575 2724 846 2797 regulam
874 2724 955 2782 ad
1001 2740 1142 2781 suas
1194 2723 1497 2795 ejusmodi
1540 2722 1928 2790 mutationes,
1976 2725 2043 2777 ut
2085 2720 2228 2776 fidei

574 2814 792 2883 verbis,
813 2830 937 2871 non
967 2827 1141 2871 secus
1168 2829 1239 2870 ac
1262 2812 1501 2882 medici,
1524 2816 1770 2869 utantur
1793 2826 1904 2885 pro
1934 2815 2223 2883 tempore,

576 2903 744 2961 aliter
764 2902 913 2961 alias
940 2918 1067 2960 sese
1098 2902 1177 2959 ad
1204 2901 1548 2975 propositos
1576 2900 1826 2957 morbos
1875 2914 2225 2957 accommo-

573 2993 807 3051 dantes.
832 2994 1016 3063 Cujus
1047 2991 1435 3064 sophismatis
1480 2990 1951 3047 imbecillitatem
1979 3004 2102 3045 non
2128 3003 2225 3045 me

2347 495 2458 543 κέτι
2485 500 2548 566 τῇ
2591 495 2845 569 ὑστεραίᾳ
2868 496 2993 567 ἡμῖν
3032 497 3400 569 προσήγγισεν,
3440 494 3534 549 ἀλλ’
3567 499 3698 563 οὕτως
3736 502 3824 576 ἆγε.

2352 584 2673 655 σιωσοίμενος
2701 587 2758 637 τό
2787 583 2903 637 καθ’
2935 586 3095 656 ἡμᾶς,
3129 584 3384 643 ἐπανῆλθε.
3418 590 3507 639 Καὶ
3528 595 3655 641 τοῦτο
3678 590 3759 643 ἔστι
3784 596 3826 645 τὸ

2350 672 2605 746 ἔγκλημα,
2637 674 2663 725 ὃ
2695 671 3026 747 ἠδικήσαμεν
3056 676 3221 747 ἡμεῖς,
3250 680 3337 728 καὶ
3387 678 3433 729 οί
3473 681 3745 752 μακρόθυμοι
3765 682 3831 734 οὐκ

2352 758 2787 834 ἀντεστοίθμησαν
2832 764 2945 835 (60)
2993 768 3088 822 τὴν
3139 768 3239 839 πρὸ
3277 766 3451 817 τούτου
3486 762 3687 819 δουλείαν
3712 771 3832 841 ἡμῶν,

2353 850 2414 908 ἣν
2445 846 2821 923 ἐδουλεύσαμεν
2847 852 3020 916 αὐτοῖς
3052 853 3099 907 ἐν
3132 852 3328 927 ἀγάπῃ,
3359 860 3427 924 τῷ
3466 859 3719 928 πταίσματι
3760 862 3840 909 τού·

2351 959 2423 1011 τῳ
2462 962 2475 974 ·
2510 940 2637 994 ἀ).λά
2664 950 2915 995 τοσοῦτον
2948 941 3199 1017 ἐϐάρυναν
3228 948 3317 1002 τὴν
3345 941 3453 996 καθ’
3477 945 3606 1016 ἡμῶν
3639 944 3766 1017 ὀργὴν
3786 946 3842 998 ἐπὶ

2350 1032 2515 1103 ταύτῃ
2548 1039 2609 1103 τῇ
2646 1030 2894 1103 ἁμαρτίᾳ,
2939 1032 3074 1085 ὥστε
3102 1034 3295 1093 πάσαις
3322 1039 3430 1094 ταῖς
3456 1035 3579 1085 κατὰ
3613 1037 3693 1091 τὴν
3718 1034 3846 1086 οἰκου-

2351 1122 2506 1191 μένην
2535 1120 2891 1188 Ἐκκλησίαις,
2922 1126 2980 1173 τό
3010 1140 3071 1193 γε
3092 1120 3163 1183 εἰς
3201 1121 3382 1182 αὐτούς
3410 1122 3545 1188 ἧκον,
3573 1120 3848 1197 ἐκκηρύκτους

2351 1210 2489 1281 ἡμᾶς
2515 1212 2761 1268 ποιῆσαι.

2421 1302 2473 1354 3.
2506 1299 2581 1351 Οὐ
2612 1304 2715 1371 μὴν
2740 1300 2872 1357 αὕτη
2899 1302 2960 1371 γε
2990 1298 3102 1353 ἐστι
3132 1301 3267 1352 κατά
3293 1299 3521 1360 ἀλήθειαν
3546 1301 3645 1370 (61)
3672 1308 3746 1360 τῆς
3770 1296 3851 1352 δια-

2352 1390 2587 1450 στάσεως
2612 1390 2640 1446 ἠ
2674 1388 2817 1440 αἰτία
2850 1409 2863 1422 ·
2897 1387 3002 1439 ἀλλ’
3052 1385 3233 1448 ἐπειδὴ
3286 1386 3515 1462 ίνόμισαν
3557 1384 3852 1460 εὐδοκιμήσειν

2348 1481 2462 1530 τότε
2486 1481 2629 1553 παρὰ
2656 1486 2728 1549 τῷ
2759 1478 2993 1550 Εύζωίῳ,
3028 1478 3071 1532 εἰ
3099 1480 3129 1536 ἡ
3137 1487 3245 1551 μῶν
3286 1478 3490 1539 ἑαυτοὺς
3513 1477 3852 1551 ἀλλοτριώσιιαν,

2348 1566 2540 1629 ἐκείνας
2571 1566 2773 1629 ἑαυτοῖς
2812 1566 3093 1625 ἐπενόησαν
3131 1569 3227 1631 τὰς
3276 1569 3565 1640 προφάσεις,
3602 1568 3677 1619 ἱνα
3713 1560 3855 1637 εύρωσί

2348 1674 2464 1708 τινα
2493 1659 2751 1709 σύστασιν
2780 1656 2904 1731 παρ’
2935 1656 3108 1718 αὐτοῖς
3138 1653 3232 1710 διὰ
3256 1664 3348 1710 τοῦ
3372 1660 3492 1732 πρὸς
3527 1653 3647 1729 ἡμᾶς
3668 1655 3854 1725 πολέμου.

2347 1745 2505 1798 Οὗτοι
2576 1752 2663 1798 νῦν
2737 1746 2851 1818 (62)
2915 1751 3005 1799 καὶ
3065 1750 3159 1805 τὴν
3225 1745 3276 1799 ἐν
3349 1751 3533 1817 Νικαίᾳ
3584 1742 3858 1797 διαϐαλλονσι

2344 1840 2564 1899 πίστιν,
2622 1839 2712 1887 καὶ
2766 1836 3149 1908 όμοουσιαστὰς
3206 1837 3350 1908 ἡμᾶς
3413 1833 3709 1888 ἀποκαλοῦσι
3750 1873 3762 1887 .
3794 1827 3863 1884 διὰ

2343 1925 2402 1975 τὸ
2472 1921 2520 1974 ἐν
2586 1922 2747 1997 ἐκείνῃ
2956 1929 3129 1977 πίστει
3201 1928 3292 1977 τόν
3356 1931 3586 1997 μονογενῆ
3654 1922 3753 1975 Υἱὸν
3810 1926 3862 1989 τῷ

2344 2020 2457 2084 Θεῷ
2507 2018 2597 2066 καὶ
2654 2016 2819 2087 Πατρὶ
2874 2013 3154 2085 όμοούσιον
3222 2013 3584 2087 ὁμολογεῖσθαι
3620 2028 3633 2041 '
3682 2010 3769 2081 οὐχ
3819 2008 3866 2067 ὡς

2343 2102 2444 2155 ἀπὸ
2482 2109 2602 2176 μιᾶς
2643 2105 2753 2175 (63)
2807 2103 3377 2181 ούσίαωμσθείπς
3432 2104 3496 2165 εἰς
3552 2098 3641 2155 δύο
3697 2096 3865 2170 ἀδελφὰ,

2341 2196 2411 2263 μὴ
2470 2196 2669 2264 γίνοιτο
2711 2213 2725 2226 σ
2785 2192 2844 2245 ού
2890 2195 2993 2267 γὰρ
3050 2200 3206 2246 τοῦτο
3272 2192 3477 2251 ἐνόησεν
3531 2193 3559 2250 ἠ
3601 2189 3712 2262 ἁγία
3743 2188 3866 2242 ἐκείνη

2340 2285 2431 2332 καί
2474 2282 2706 2354 θεοφιλὴς
2747 2278 2987 2349 σύνοδος,
3029 2279 3141 2334 ἀλλ’
3203 2285 3296 2349 ὡς,
3348 2284 3469 2357 ὅπερ
3526 2280 3629 2333 ἐστι
3662 2279 3776 2330 κατὰ
3803 2280 3870 2333 τήν

2340 2368 2523 2422 ούσίαν
2563 2372 2589 2422 ό
2629 2375 2834 2445 Πατὴρ,
2885 2379 3039 2423 τοῦτο
3094 2370 3385 2444 ὑφείλοντος
3438 2371 3656 2422 νοεῖσθαι
3702 2369 3870 2418 καὶτοῦ

2336 2461 2483 2516 Υἰοῦ.
2526 2460 2677 2512 Ούτω
2715 2462 2816 2533 γὰρ
2857 2460 2973 2530 (64)
3032 2461 3156 2532 ἡμῖν
3196 2464 3384 2513 ἐκεῖνοι
3422 2458 3566 2512 αὐτοὶ
3600 2460 3872 2529 ἡρμήνενσαν

2337 2547 2578 2617 εἰπόντες,
2646 2552 2753 2608 Φῶς
2817 2546 2872 2599 ἐκ
2937 2551 3123 2620 φωτός.
3191 2547 3352 2601 Ἐστι
3418 2544 3476 2601 δί
3542 2548 3571 2605 ἡ
3626 2544 3670 2597 ἕν
3721 2543 3873 2610 Nomia

2334 2641 2530 2704 πίστις,
2574 2638 2603 2695 ἡ
2645 2635 2768 2710 παρ’
2805 2636 2973 2688 αύτῶν
3033 2635 3134 2689 ἀπὸ
3185 2644 3250 2693 τῆ
3266 2658 3290 2700 ς
3349 2634 3545 2697 δύσεως
3596 2633 3872 2706 κομισθεῖσα,

2338 2724 2397 2783 ἣν
2454 2721 2720 2777 ἐπέδωκαν
2784 2732 2846 2797 τῇ
2919 2721 3126 2797 συνόδῳ
3181 2734 3245 2799 τῇ
3320 2724 3370 2779 ἓν
3433 2725 3656 2787 Τυοίνοις,
3715 2719 3788 2792 ὑφ’
3830 2718 3875 2776 ἧς

2334 2817 2425 2866 καὶ
2461 2809 2895 2886 παρεδέχθησαν.
2953 2812 3087 2866 Ἀλλ’
3129 2816 3329 2886 ἔχουσί
3365 2833 3420 2866 τι
3460 2815 3610 2885 σοφόν
3645 2806 3799 2881 δόγμα
3826 2804 3877 2865 ιὶς

2331 2904 2429 2965 τὰς
2464 2904 2711 2962 τοιαύτας
2750 2901 2943 2955 ἑαυτῶν
2982 2901 3277 2975 μεταϐολάς
3310 2924 3323 2938 ο
3357 2904 3438 2956 ὅτι
3476 2908 3577 2963 τοῖς
3609 2900 3788 2975 ῥήμασι
3812 2901 3879 2953 τῆς

2334 2994 2563 3051 πίστεως
2620 2992 2690 3051 ὡς
2758 2989 2928 3064 ἰατροὶ
2986 2995 3284 3063 κέχρηνται
3339 2993 3477 3045 κατὰ
3522 2991 3709 3065 καιρὸν,
3746 2984 3881 3039 ἄλλοτε

575 3081 965 3152 arguere,sed
983 3097 1095 3136 vos
1118 3079 1287 3137 decet
1302 3078 1649 3150 intelligere.
1675 3078 1849 3135 Dabit
1868 3078 2026 3133 enim
2053 3076 2224 3133 vobis

2334 3079 2499 3141 ἄλλως
2564 3083 2692 3153 πρὸς
2759 3080 2825 3131 τὰ
2890 3080 3202 3152 ὑποκείμενα
3259 3082 3407 3139 πάθη
3461 3077 3874 3154 μεθαρμοζόμενοι.

575 3170 864 3226 Dominus
878 3168 1330 3241 intelligentiam
1343 3168 1410 3239 ⁸⁷,
1426 3171 1490 3223 ut
1510 3167 1893 3239 cognoscatis
1912 3182 2047 3239 quae
2063 3170 2227 3223 recta.

579 3257 963 3327 sitdoctrina,
995 3261 1052 3313 et
1079 3273 1216 3330 quas
1246 3256 1495 3329 obliqua
1523 3271 1593 3312 ac
1623 3270 1921 3328 perversa.
1966 3253 2024 3311 Si
2062 3254 2225 3310 enim

573 3344 769 3407 aliam
787 3345 935 3402 alias
958 3346 1097 3401 ﬁdei
1122 3345 1448 3402 formulam
1478 3344 1738 3401 scribere
1772 3343 1962 3407 decet,
2003 3346 2224 3400 etcum

574 3440 846 3507 tempore
904 3434 1232 3501 immutari,
1270 3434 1425 3491 falsa
1463 3439 1552 3491 est
1589 3433 1884 3490 sententia
1922 3432 2173 3489 dicentis
2206 3448 2220 3489 :

583 3524 745 3582 Unus
772 3525 1081 3593 Dominus,
1106 3539 1228 3579 una
1273 3524 1439 3595 ﬁdes,
1471 3540 1658 3580 unum
1693 3523 1989 3593 baptisma
2025 3523 2093 3577 ³⁸.
2124 3521 2224 3578 Sin

574 3614 703 3671 haec
732 3630 875 3671 vera
906 3617 1063 3681 sunt,
1095 3628 1275 3669 nemo
1323 3629 1432 3669 vos
1497 3612 1757 3684 decipiat
1805 3610 2088 3667 inanibus
2133 3611 2224 3665 his

574 3705 774 3763 verbis
806 3706 873 3761 39.
908 3708 1025 3760 Nos
1047 3704 1205 3759 enim
1233 3702 1697 3773 calumniantur,
1728 3702 1903 3774 quasi
1933 3700 2074 3757 novi
2124 3698 2225 3756 ali-

575 3794 723 3865 quid
750 3793 1062 3849 tradamus
1091 3792 1166 3849 de
1209 3791 1425 3863 Spiritu
1480 3795 1713 3847 sancto.
1775 3793 1998 3860 Rogate
2047 3789 2227 3858 igitur

575 3896 857 3951 quaenam
884 3881 985 3936 illa
1009 3879 1266 3936 novitas.
1296 3879 1664 3935 Conﬁtemur
1694 3879 1856 3934 enim
1896 3893 2029 3947 nos,
2058 3875 2228 3949 quod

577 3974 634 4022 et
655 3969 1024 4038 accepimus;
1046 3985 1185 4024 cum
1216 3972 1383 4023 Patre
1405 3972 1460 4022 et
1488 3967 1633 4023 Filio
1671 3968 2063 4039 conjunctum
2094 3982 2228 4023 esse

576 4056 970 4125 Paracletum,
998 4072 1110 4113 nec
1136 4072 1275 4111 cum
1319 4061 1594 4113 creatura
1630 4056 1957 4112 numerari.
1988 4059 2136 4113 Nam
2165 4055 2227 4112 in

648 4288 692 4325 ⁸⁷
726 4288 774 4345 ΙΙ
798 4288 946 4346 Tim.
980 4304 1039 4361 ιι,
1068 4293 1124 4347 7.
1164 4286 1211 4324 ³⁸
1242 4288 1453 4363 Ephes.
1486 4303 1563 4360 1v,
1598 4293 1649 4345 5.
1690 4291 1738 4327 '9
1761 4289 1980 4363 Ephes.
2012 4307 2069 4361 ν,
2100 4294 2155 4349 6.

649 4522 765 4598 (60),
790 4521 1270 4597 Ἀντεστάθμησαν.
1305 4520 1475 4598 Coisl.
1508 4520 1738 4598 primus
1762 4526 1818 4581 et
1847 4522 2070 4598 Regius
2106 4526 2227 4598 pri-

578 4591 715 4672 mus
744 4591 1376 4672 eufsdwﬂyzc'mml’aulo
1398 4591 1535 4672 post
1554 4596 1733 4651 editio
1766 4591 1952 4652 Paris:
1972 4593 2019 4648 ἐν
2050 4591 2223 4672 ἀγάπῃ

578 4667 761 4749 πολλῇ.
799 4671 968 4749 Qeest
1000 4666 1323 4749 postrema
1352 4666 1469 4724 vo:
1494 4666 1555 4723 in
1600 4672 1828 4740 septem
1876 4684 2021 4724 mss.
2051 4666 2106 4725 et
2136 4666 2227 4725 vel

580 4738 935 4795 tustioribus
969 4738 1365 4805 editionibus.

652 4813 765 4881 (6i)
802 4812 946 4862 Κατὰ
969 4880 979 4881 7
1002 4807 1263 4868 ἀλήθειαν.
1308 4809 1457 4865 Editi
1486 4810 1515 4869 ἡ
1564 4812 1697 4863 κατὰ
1748 4808 1989 4881 ἀλήθειαν
2019 4815 2227 4869 contra

576 4880 1159 4957 veterumcodicum
1180 4881 1365 4957 ﬁlem.
1397 4882 1578 4938 Paulo
1608 4887 1743 4957 post
1776 4881 1923 4957 editi
1951 4880 2227 4957 αλλοτριῴ-

582 4968 708 5032 σειν..
743 4951 897 5032 Harl.
926 4958 983 5032 et
1008 4952 1455 5032 Coisl._prim_us
1481 4951 1624 5032 cum
1646 4951 2136 5032 duobus_aliis_ut
2157 4954 2225 5032 _in

578 5024 881 5149 textu.dSic
911 5024 1091 5080 etiam
1118 5024 1289 5081 vetus
1318 5025 1497 5081 editio
1522 5025 1936 5096 Haganoensis
1966 5031 2023 5082 et
2042 5025 2223 5082 Paris.

578 5109 757 5149 secun
810 5111 866 5149 a.

577 5109 866 5153 secunda.

651 5166 946 5238 (62)Οὖτοι
979 5174 1092 5221 νῦν.
1131 5170 1217 5223 Ita
1254 5165 1410 5238 Harl.
1453 5170 1511 5223 et
1560 5166 1775 5236 Regius
1796 5167 2045 5238 primus.
2076 5167 2226 5225 Editi

576 5235 769 5295 τοίνυν.
804 5237 977 5311 Cois]:
1017 5235 1437 5311 primllsatiro‘t
1461 5235 1666 5311 τοίνυν(
1699 5235 1844 5311 Mod.
1895 5239 2053 5291 Αὐτοὶ
2100 5247 2214 5296 νῦν.

577 5312 718 5378 Heg.
753 5308 1055 5365 secundus
1086 5313 1142 5365 et
1171 5308 1343 5365 Coisl.
1378 5309 1679 5364 secundus
1711 5308 1871 5361 Οὗτοι
1902 5315 2090 5366 τοίνυν.

648 5386 763 5451 (63)
813 5381 939 5435 Ἀπὸ
984 5386 1125 5452 μιᾶς.
1186 5380 1527 5449 Praepositio
1588 5379 1803 5452 addita
1873 5398 1945 5436 ex
1990 5386 2221 5452 septem

578 5450 727 5507 mss.
760 5456 817 5506 et
847 5450 1106 5507 editione
1136 5453 1358 5519 Hagan.
1394 5455 1449 5505 et
1476 5450 1722 5506 Froben.
1770 5456 1816 5506 i.
1873 5455 2003 5508 Mox
2042 5450 2220 5509 editio

579 5524 830 5594 Froben.
879 5528 911 5577 2
962 5529 1023 5594 pl
1080 5518 1265 5594 Paris.
1313 5521 1384 5582 εἰς
1438 5518 1554 5584 δύο,
1603 5518 1833 5594 ἀδελφοί.
1887 5526 2113 5591 Hagan.
2164 5529 2221 5581 et

544 5598 551 5603 ‘
580 5592 756 5654 Frob.
791 5598 813 5649 1
842 5594 911 5658 εἰς
948 5591 1045 5648 δύο
1071 5591 1293 5668 ἀδελφώ.
1329 5596 1442 5653 Sex
1470 5610 1614 5651 mss.
1662 5591 1743 5655 ut'
1774 5594 1837 5652 in
1883 5599 2064 5655 textu.
2107 5598 2217 5653 0c-

2331 3172 2531 3222 Τούτου
2576 3164 2635 3221 δε
2673 3176 2765 3220 τοῦ
2807 3173 3126 3241 σοφίσματος
3165 3172 3222 3221 τό
3268 3171 3467 3245 σαθρόν
3523 3167 3615 3222 ούκ
3671 3164 3747 3239 ἑμὶ
3778 3161 3883 3231 ἐλέγ-

2334 3276 2451 3329 χειν
2488 3265 2773 3331 προσῆκεν,
2815 3256 2925 3309 ἀλλ’
2980 3259 3117 3330 ὑμᾶς
3171 3266 3331 3313 νοεῖν.
3395 3264 3557 3313 Δώσει
3610 3258 3706 3330 γὰρ
3739 3248 3883 3325 ύμὶνό

2334 3350 2522 3422 Κύριος
2563 3350 2770 3400 σύνεσιν
2808 3350 2939 3420 πρὸς
2978 3350 3035 3399 τό
3074 3349 3381 3422 γνωρίζειν,
3419 3352 3499 3411 τίς
3549 3348 3635 3421 μὲν
3694 3345 3718 3396 ὁ
3768 3339 3883 3397 tibi;

2331 3436 2482 3508 λόγος
2522 3437 2659 3507 (65),
2697 3442 2771 3497 τίς
2810 3433 2869 3489 δὲ
2929 3438 2954 3489 ὁ
3014 3436 3219 3499 σκολιὸς
3261 3444 3353 3491 καὶ
3394 3435 3797 3509 διεστραμμένοςο
3842 3425 3884 3479 Ei

2332 3527 2433 3598 γὰρ
2475 3523 2651 3576 ἄλλοτε
2693 3524 2842 3585 ἄλλας
2883 3521 2969 3577 δεῖ
3023 3529 3223 3586 πίστεις
3268 3528 3611 3601 συγγράφειν,
3665 3524 3746 3575 καὶ
3789 3514 3884 3591 μετὰ

2333 3622 2432 3665 τῶν
2500 3623 2692 3687 καιρῶν
2760 3613 3122 3676 ἀλλοιοῦσθαι,
3184 3613 3401 3685 ψευδὴς
3464 3617 3494 3674 ἠ
3538 3614 3775 3684 ἀπόφασις
3819 3609 3885 3657 τοῦ

2685 3704 2767 3764 Εἷς
2840 3706 3050 3777 Κύριος,
3114 3708 3212 3775 μία
3268 3711 3471 3771 πίστις,
3530 3703 3577 3756 ἓν
3635 3700 3882 3775 βάπτισμα.

2335 3790 2396 3843 Εἰ
2436 3787 2495 3844 δὲ
2556 3790 2723 3845 ἐκεῖνα
2778 3790 2968 3860 ἀληθῆ,
3028 3788 3219 3865 μηδεὶς
3288 3795 3427 3866 ὑμᾶς
3492 3791 3777 3855 ἐξαπατάτω
3808 3787 3887 3840 τοῖς

2335 3887 2497 3943 κενοῖς
2556 3883 2670 3954 (66)
2730 3884 2930 3942 τούτοις
2993 3881 3189 3953 λόγοιςο
3260 3882 3614 3936 Διαϐοίλλουσι
3662 3878 3759 3951 (67)
3812 3874 3886 3944 γὰρ

2337 3970 2476 4041 ἡμᾶς
2541 3972 2607 4031 ὡς
2670 3977 3101 4043 καινοτομοῦντας
3136 3972 3278 4045 ζμερὶ
3342 3978 3437 4025 τοῦ
3502 3973 3779 4042 Πνεύματος
3824 3965 3891 4013 τοῦ

2337 4056 2512 4129 ἁγίου.
2582 4057 2909 4133 Ἐρωτήσατε
2970 4056 3057 4111 οὖν
3119 4063 3202 4122 τίς
3270 4061 3302 4119 ἡ
3374 4062 3697 4133 καινοτομία.
3755 4052 3892 4122 Ἡμεῖς

2335 3702 2565 3763 εἰπόντος
2608 3726 2617 3735 ·

2337 4524 2518 4600 currit
2542 4525 2790 4582 Basilius
2819 4540 3030 4600 eorum
3059 4524 3442 4600 cavillationi
3484 4525 3703 4600 qui,_ut
3752 4518 3820 4600 ait
3850 4512 3896 4570 in

2337 4599 2507 4671 epist.
2540 4603 2626 4667 5t,
2657 4597 3188 4654 consubstantialis
3219 4615 3392 4669 voce,
3438 4596 3896 4671 et'rsubstantiai‘n

2336 4662 2761 4741 communem,
2781 4674 2837 4741 et
2860 4685 2931 4724 ea
2961 4686 3096 4741 quae
3120 4686 3195 4741 ex
3227 4662 3581 4726 substantia
3608 4670 3732 4723 orta
3768 4662 3893 4741 sunt2

2334 4740 2639 4814 designari
2671 4731 3168 4814 volebaut.‘Unde
3217 4748 3578 4814 sequeretur
3625 4741 3834 4814 Patrem
3858 4731 3899 4783 el

2336 4806 2543 4869 Filium
2568 4812 2893 4884 fraternam
2915 4812 3073 4884 inter
3104 4828 3168 4867 se
3213 4806 3647 4884 cognationem
3678 4806 3896 4884 habere;

2333 4885 2498 4956 quia,
2530 4887 2593 4939 ut
2620 4882 2841 4938 ibidem
2871 4883 2968 4956 ait,
2997 4885 3280 4956 fraterna
3301 4881 3482 4956 sunt
3530 4884 3688 4956 inter
3724 4881 3898 4956 89:0,"?

2334 4948 2410 5039 ξπ
2430 4970 2549 5039 uno
2575 4960 2707 5011 orta
2738 4961 2898 5025 sunt,
2934 4948 3160 5028 ’Ἀδελφὰ
3200 4958 3304 5029 γὰρ
3348 4954 3588 5017 ἀλλήλοις
3638 4954 3701 5005 τὰ
3744 4948 3791 5011 ἐξ
3816 4948 3902 5001 ἐνὸς

2334 5044 2623 5080 υωεστωτα,

2712 5099 2860 5173 ’χάρη
2886 5098 3014 5154 Vat.
3020 5138 3039 5170 ,
3069 5100 3322 5171 uterque
3364 5101 3510 5171 Reg.
3539 5100 3597 5155 et
3651 5088 3810 5152 Coisl.
3835 5098 3903 5142 se-

2334 5168 2570 5242 cundus
2598 5168 2763 5242 Τοῦτο
2784 5168 2914 5242 γάρ.

2406 5237 2598 5321 (6⁵θό
2630 5225 2989 5321 “Facilius.
3014 5244 3103 5321 ηε
3126 5240 3311 5321 βψ..
3364 5239 3546 5301 ϐοίειο
3580 5240 3817 5307 uterque
3858 5225 3902 5280 ει

2332 5310 2431 5385 alii
2464 5311 2761 5367 nonnulli.
2793 5310 2993 5385 Editio
3024 5312 3175 5385 εύθύς
3202 5312 3369 5385 λόγος.
3852 5376 3868 5385 ,

2404 5384 2519 5451 (66)
2560 5389 2680 5443 Τοῖς
2727 5391 2909 5445 κενοῖς.
2946 5384 3145 5440 Codex
3194 5384 3517 5439 Medicaeus
3555 5387 3663 5441 τοῖς
3716 5384 3899 5433 καινοῖς,

2330 5455 2503 5509 novis
2532 5455 2919 5512 sermonibus.

2408 5530 2520 5599 (ti?)
2548 5511 2916 5599 Διαϐάλλγουσι,
2951 5528 3261 5599 γᾲρῌήμᾶς.
3316 5525 3541 5594 Regius
3583 5527 3821 5593 uterque
3860 5511 3905 5566 εί

2337 5596 2517 5656 Coisl.
2553 5598 2856 5655 secundus
2888 5594 3261 5653 διαϐάλλουσιν
3292 5599 3459 5669 ἡμᾶς.
