4054 6228
270 272 377 327 849
1222 270 1705 330 EPISTOLARUM
1743 267 2021 326 CLASSIS
2063 268 2127 322 Il.
2170 269 2383 329 EPIST.
2425 270 2692 328 CCXXVI,
3538 274 3643 329 850

268 397 371 469 γὰρ
400 394 748 468 ὁμολογοῦμεν
796 393 822 446 6
860 398 950 447 καὶ
978 393 1353 468 παρελάϐομεν,
1392 398 1523 469 μετὰ
1553 397 1758 470 Πατρός
1786 397 1869 446 καὶ

2039 395 2223 448 atrem
2254 396 2310 450 et
2354 394 2565 453 Filium
2608 399 2663 452 et
2695 394 2978 466 Spiritum
3009 395 3287 449 sanctum
3317 394 3640 463 credimus,

266 488 397 538 Υίοῦ
423 486 680 555 τετάχθαι
710 487 797 536 τόν
834 483 1193 555 Παρείκλητον,
1226 484 1285 537 ού
1330 487 1462 558 μετὰ
1511 492 1607 548 τῆς
1658 488 1867 545 κτίσεως

2041 495 2168 553 :que
2197 483 2257 538 in
2288 484 2534 539 nomine
2564 484 2749 541 Patris
2781 488 2837 539 et
2868 483 2991 539 Filii
3044 487 3102 539 et
3142 482 3395 555 Spiritus
3452 485 3642 540 sancti

266 571 631 649 ἀριθμεῖσθαι.
666 572 753 634 Εἰς
776 575 876 646 γὰρ
918 578 1123 646 Πατέρα
1152 577 1241 626 καὶ
1271 576 1389 627 Υἰόν
1427 579 1516 626 καὶ
1542 574 1687 645 ἅγιον
1720 578 1867 625 Πνεῦ-

2040 570 2385 642 aptizamur.
2428 573 2803 644 Quapropter
2820 587 3134 644 nunquam
3160 571 3532 627 Paracletum
3563 572 3641 628 ab

262 683 346 735 μα
375 665 789 735 πεπιστεύκαμεν
819 678 832 692 ⁸
872 666 961 715 καὶ
1000 661 1369 736 βαπιζόμεθα
1398 662 1465 724 εἰς
1496 666 1552 715 τό
1595 667 1755 733 ὄνομα
1783 668 1863 714 τοῦ

2036 660 2143 715 lius
2190 676 2331 716 cum
2363 664 2527 716 Patre
2559 667 2617 717 et
2650 661 2789 716 Filio
2830 661 3250 731 conjunctione
3302 662 3637 716 avellimus.

264 756 476 827 Πατρός
522 757 733 805 καὶτοῦ
764 753 887 806 Υἱοῦ
926 755 1015 804 καὶ
1056 760 1150 804 τοῦ
1202 752 1354 824 ἁγίου
1406 754 1721 824 Πνεύματος.
1778 752 1865 804 Διά

2032 765 2144 804 ens
2174 749 2334 804 enim
2366 754 2570 805 nostra
2618 764 2654 804 a
2708 748 2925 821 Spiritu
2975 748 3264 805 illustrata
3298 750 3376 805 ad
3427 751 3633 806 Filium

258 849 419 895 τοῦτο
440 838 689 894 ούδίποτε
718 848 813 903 τῆς
843 844 972 914 πρὸς
997 843 1084 893 τόν
1106 846 1313 915 Πατέρα
1340 846 1431 894 καὶ⁵
1450 844 1569 895 Υἰόν
1594 844 1859 912 συναφείας

2033 838 2245 911 aspicit,
2273 843 2329 893 et
2359 838 2418 892 in
2466 837 2565 893 illo
2606 838 2767 893 velut
2792 839 2851 892 in
2877 837 3139 906 imagine
3185 841 3414 893 Patrem
3452 839 3634 894 videt.

255 934 353 983 τὸν
384 929 723 1003 Παρείκλητον
755 928 1088 1003 ἀποσπῶμεν.
1120 929 1179 983 Ὀ
1203 932 1304 1003 γὰρ
1336 938 1455 993 νοῦς
1484 932 1628 1002 ἡμῶν
1656 928 1856 1001 φωτιζό

2034 943 2186 999 eque
2208 927 2388 998 igitur
2400 926 2647 982 nomina
2666 943 2736 981 ex
2750 926 2926 981 nobis
2940 926 3084 997 ipsis
3100 926 3631 994 comminiscimur,

257 1038 414 1092 μενος
434 1020 535 1071 ύπό
568 1022 861 1091 Πνεύματος
887 1021 1013 1091 πρὸς
1043 1021 1162 1071 Υὶόν
1194 1017 1483 1085 ἀναϐλέπει,
1520 1023 1610 1071 καὶ
1648 1016 1695 1070 ἐν
1723 1016 1858 1087 αύτῷ

2031 1016 2089 1072 ad
2138 1017 2424 1089 Spiritum
2476 1021 2756 1072 sanctum
2813 1015 3187 1071 Paracletum
3228 1015 3632 1081 nominamus,

256 1110 336 1169 ὡς
358 1108 404 1160 ἐν
435 1107 592 1160 εἰκόνι
625 1110 803 1182 θεωρεῖ
828 1112 915 1160 τόν
944 1112 1169 1182 Πατέρα.
1204 1112 1339 1160 Οὔτε
1367 1105 1454 1160 οὖν
1482 1106 1711 1180 ὀνόματα
1738 1106 1857 1181 παρ¹

2034 1121 2177 1177 eque
2200 1104 2468 1160 debitam
2499 1105 2551 1161 ei
2582 1104 2836 1173 gloriam
2858 1103 3162 1159 destruere
3182 1102 3635 1159 volumus.Vere

255 1197 457 1250 ἑαυτῶν
497 1195 817 1270 ἐπινοοῦμεν,
850 1195 979 1249 ἀλλὰ
1010 1204 1218 1270 Πνεῦμα
1245 1196 1393 1269 α’γιον
1447 1200 1536 1250 καὶ
1588 1195 1856 1269 Παράκλη·

2032 1193 2230 1250 mnino
2264 1193 2392 1249 haec
2422 1196 2628 1249 nostra
2651 1196 2806 1247 sunt.
2841 1192 3067 1247 Horum
3097 1191 3286 1261 gratia
3315 1191 3421 1263 qui
3461 1207 3633 1248 accu-

254 1307 353 1340 τον
379 1286 722 1360 ὀνομάζομεν,
752 1289 868 1339 οὔτε
892 1290 986 1345 τήν
1035 1285 1362 1359 ὀφειλομένην
1391 1288 1530 1356 αύτῷ
1564 1282 1721 1348 δόξαν
1756 1283 1855 1337 aer.

2028 1288 2094 1353 εἰ,
2137 1286 2383 1339 accuset
2415 1298 2427 1338 :
2470 1282 2574 1356 qui
2604 1298 2716 1338 nos
2758 1282 3154 1354 persequitur,
3187 1286 3585 1354 persequatur
3617 1296 3629 1334 :

257 1384 372 1428 τεῖν
408 1371 835 1447 καταδεχόμεθα.
876 1377 1053 1428 Ταῦτά
1092 1373 1205 1427 ἔστι
1235 1377 1298 1427 τὰ
1327 1377 1552 1448 ἡμέτερα
1581 1376 1714 1446 μετὰ
1762 1375 1858 1425 ποί-

2031 1372 2084 1427 ui
2100 1371 2284 1427 ﬁdem
2304 1371 2486 1426 habet
2502 1370 2825 1426 calumniis
2849 1368 3071 1441 quibus
3087 1368 3632 1441 impetimur,para-

262 1484 369 1527 σης
400 1463 663 1526 ἀληθείας.
699 1464 813 1517 ἐπὶ
844 1466 1044 1527 τούτοις
1084 1465 1109 1516 ὁ
1135 1472 1439 1537 κατηγορῶν
1468 1466 1824 1535 κατηγορείτω
1851 1478 1863 1493 ·

2031 1478 2075 1515 IS
2109 1460 2184 1515 sit
2211 1460 2285 1516 ad
2311 1459 2628 1530 judicium.
2664 1457 2952 1518 Dominus
2981 1472 3170 1533 prope
3204 1461 3309 1530 est,
3343 1457 3488 1513 nihil
3518 1457 3632 1515 sol-

258 1557 290 1607 ὁ
329 1551 532 1608 διώκων
563 1557 703 1627 ἡμᾶς
732 1551 965 1607 διωκίτω
998 1570 1010 1584 ⁶
1054 1555 1078 1608 ὁ
1108 1558 1368 1608 πιστεύων
1414 1562 1524 1615 ταῖς
1560 1555 1676 1606 καθ’
1723 1555 1859 1626 ἡμῶν

842 1559 965 1607 κίτω
998 1570 1010 1584 ⁶
1054 1555 1368 1608 ὁπιστεύων
1414 1562 1524 1615 ταῖς
1560 1555 1676 1606 καθ’
1723 1555 1871 1626 ἡμῶν
1975 1540 2117 1606 Ιὶὸὶῐὶ
2147 1563 2358 1607 sumus
2377 1548 2443 1606 ⁵⁰σ

258 1641 541 1704 διαϐολαῖς
578 1645 935 1715 ἓτοιμαζέσθω
962 1646 1094 1717 πρὸς
1122 1647 1215 1702 τὴν
1260 1639 1628 1700 διαδικασίαν.
1656 1642 1715 1696 Ὀ
1771 1643 1869 1696 Κύ-

248 1752 375 1805 ριος
403 1731 562 1804 ἐγγύς
591 1748 604 1761 ⁶
637 1728 773 1804 μὶδη
809 1740 1158 1805 μεριμνῶμεν.
1614 1816 1629 1821 Α
1900 1766 1940 1821 Β

337 1825 387 1877 4.
442 1824 505 1873 Εἴ
551 1841 629 1881 τις
675 1820 723 1872 ἒν
780 1826 937 1893 Συρίᾳ
995 1822 1304 1896 συγγράφει,
1343 1828 1498 1874 τοῦτο
1537 1816 1688 1874 ούδεν
1746 1823 1871 1896 πρὸς
1902 1816 1934 1821 ’

2048 1820 2100 1874 4.
2137 1816 2194 1875 Si
2231 1818 2367 1891 quis
2394 1818 2454 1874 in
2487 1817 2656 1890 Syria
2686 1816 2906 1880 scribit,
2929 1817 3045 1873 hoc
3073 1816 3221 1873 nihil
3250 1816 3328 1873 ad
3357 1832 3491 1875 nos.
3530 1818 3627 1874 Ex

250 1911 419 1983 ἡμᾶς.
462 1909 550 1964 Ἐκ
600 1912 701 1985 γὰρ
769 1918 868 1962 τῶν
922 1910 1084 1982 λόγων
1142 1929 1237 1962 σου
1290 1906 1643 1983 δικαιωθήσῃ,
1716 1916 1845 1982 φησί

2025 1910 2096 1963 ιιέ
2126 1909 2302 1975 enim,
2326 1908 2538 1981 inquit,
2564 1908 2752 1965 verbis
2771 1907 3223 1978 justiﬁcaberis,
3256 1912 3311 1963 et
3332 1921 3407 1963 ex
3434 1909 3626 1964 verbis

248 2018 350 2050 και
441 1996 495 2049 ἐκ
582 2005 684 2051 τῶν
776 1997 941 2069 λόγων
1028 2017 1123 2051 σου
1197 1994 1643 2072 καταδικασθήσῃ
1725 2000 1849 2071 (68),

2025 1998 2097 2053 u‘s
2127 1998 2690 2054 condemnaberis“.
2710 1999 2832 2053 Mea
2850 2012 2944 2051 me
2972 1995 3158 2052 verba
3172 1994 3463 2067 judicent;
3486 2012 3626 2068 pro-

249 2089 329 2140 Oi
383 2085 497 2159 ἐμοὶ
542 2086 688 2159 λόγοι
740 2085 827 2160 ἐμὲ
888 2090 1204 2162 κρινέτωσαν
1240 2103 1253 2116 ·
1313 2088 1439 2162 ὑπὲρ
1494 2084 1551 2139 δε
1591 2087 1850 2163 ἀλλοτρίω-

2026 2091 2111 2143 ter
2141 2087 2369 2143 alienos
2401 2102 2541 2143 vero
2580 2101 2812 2142 errores
2862 2101 3043 2141 nemo
3076 2101 3188 2141 nos
3242 2085 3623 2154 condemnet,

247 2178 394 2249 ἡμᾶς
450 2176 762 2249 σφαλμάτων
817 2172 1007 2248 μηδεὶς
1074 2172 1497 2245 καταδικαζέτω,
1571 2174 1710 2249 μηδὲ
1776 2179 1841 2228 τὰ

2026 2192 2175 2248 eque
2202 2180 2339 2232 ante
2362 2175 2571 2246 viginti
2594 2190 2787 2231 annos
2808 2175 3059 2246 scriptas
3089 2189 3125 2229 a
3154 2173 3328 2229 nobis
3345 2174 3627 2246 epistolas

248 2269 361 2337 πρὸ
426 2268 620 2317 εῖκοσιν
680 2264 804 2317 ἐτῶν
867 2269 1149 2338 γραφείσας
1207 2265 1332 2340 παρ’
1389 2266 1534 2337 ἡμῶν
1592 2264 1839 2317 ἐπιστολά

2025 2266 2333 2334 roferat,ut
2359 2265 2731 2321 demonstret
2758 2279 2920 2319 nunc
2944 2263 3486 2319 communicatores
3514 2280 3626 2319 nos

252 2353 336 2416 εἰς
372 2350 639 2417 ἀπόδειξιν
681 2352 1051 2428 προϐαλλέσθω
1098 2361 1191 2406 τοῦ
1216 2361 1303 2406 νῦν
1348 2358 1679 2416 κοινωνικούς
1731 2356 1853 2427 ἠμᾶο

2024 2370 2109 2410 sse
2139 2370 2349 2411 eorum
2375 2357 2479 2427 qui
2508 2354 2622 2410 ista
2653 2354 3042 2426 scripserunt.
3084 2354 3201 2408 Nos
3241 2352 3421 2421 enim,
3462 2358 3625 2409 ante-

252 2439 391 2494 εἶναι
448 2449 552 2503 τοῖς
608 2445 776 2496 ἐκεῖνα
830 2442 1227 2517 συγγράψασιν,
1264 2443 1442 2515 Ἡμεῖς
1491 2445 1592 2515 γὰρ
1631 2447 1732 2516 πρὸ
1770 2450 1853 2495 τῶἻ

2029 2459 2169 2499 nam
2198 2444 2327 2499 haec
2377 2443 2729 2513 scriberent,
2758 2441 2891 2498 laici
2930 2442 3008 2497 ad
3032 2441 3219 2497 laicos
3252 2441 3627 2514 scripsimus,

254 2532 709 2606 συγγραμμάτων,
771 2530 943 2584 λαῖκοὶ
997 2536 1131 2593 ὄντες
1192 2534 1317 2605 πρὸς
1372 2531 1584 2593 λαῑκοὺς
1634 2530 1855 2586 ἐπιστέλ-

2027 2536 2308 2604 ntequam
2330 2531 2425 2587 vel
2450 2530 2856 2603 suspicionem
2887 2529 3189 2600 ejusmodi
3209 2529 3537 2602 quisquam
3566 2530 3628 2585 in

248 2620 408 2693 λομεν
439 2623 568 2691 (69),
632 2623 731 2693 πρὸ
782 2627 874 2673 τοῦ
916 2623 1033 2673 τινὰ
1069 2625 1161 2672 καὶ
1189 2621 1434 2673 ὑπόνοιαν
1468 2622 1717 2678 τοιαύτην
1754 2641 1849 2675 κατ

2028 2620 2110 2676 los
2158 2625 2463 2688 moveret;
2495 2635 2607 2674 nec
2637 2619 2711 2675 de
2757 2619 2877 2674 fide
2906 2619 3243 2691 quidquam
3275 2619 3629 2691 scripsimus

248 2709 429 2761 αὐτῶν
484 2711 744 2762 κινεῖσθαι
778 2726 791 2739 '
843 2714 931 2763 καὶ
986 2707 1347 2781 ὶπεστελλομεν
1412 2705 1563 2762 οὐδὲν
1618 2715 1737 2784 περὶ
1783 2714 1849 2763 πίη

2024 2724 2089 2764 ec
2135 2708 2339 2781 qualia
2366 2706 2445 2763 illi
2479 2723 2639 2763 nunc
2669 2706 2749 2762 ad
2778 2706 3069 2762 invidiam
3094 2706 3271 2762 nobis
3296 2707 3625 2763 creandum

249 2816 437 2868 στεως,
470 2794 588 2850 οὐδ’
621 2799 705 2849 οἷα
733 2804 821 2849 νῦν
869 2796 953 2851 ἐπὶ
1099 2798 1219 2851 καθ’
1248 2799 1395 2870 ἡμῶν
1449 2794 1668 2871 διαϐολῇ
1727 2818 1850 2873 περι·

2032 2795 2535 2867 rcumferunt,sed
2566 2795 2954 2852 salutationes
2978 2794 3337 2866 nudas,quae
3368 2796 3626 2851 amicam

245 2891 497 2958 φέρουσιν
562 2885 727 2954 οὗτοι,
776 2884 905 2937 ἀλλά
959 2885 1114 2957 ψιλὰς
1164 2890 1549 2961 προσηγορίας,
1609 2885 1843 2959 ἁγαπητι

2023 2885 2500 2958 )mpellationem
2530 2883 2974 2957 persolvebant.
2992 2882 3170 2955 394.
3202 2886 3316 2938 Nos
3338 2884 3496 2939 enim
3520 2899 3624 2956 pa-

242 2978 348 3031 κὴν
397 2980 771 3046 προσφώνησιν
808 2973 1234 3050 ἁποπληρούσας.
1284 2974 1459 3047 Ἠμεῖς
1514 2976 1617 3049 γὰρ
1671 2976 1836 3048 ὁμοίω

2029 2980 2113 3030 ter
2141 2979 2199 3030 et
2218 2990 2320 3030 eos
2345 2973 2449 3047 qui
2472 2972 2712 3029 Sabellii
2739 2971 2955 3027 morbo
2984 2971 3282 3033 laborant,
3314 2976 3488 3027 eteos
3522 2972 3626 3043 qui

243 3066 340 3114 καὶ
376 3067 500 3124 τούς
530 3065 595 3115 τα
624 3062 892 3116 Σαϐελλίου
922 3070 1224 3130 νοσοῦντας,
1257 3068 1346 3116 καὶ
1398 3067 1521 3125 τοὺς
1548 3066 1615 3117 τὰ
1653 3064 1844 3138 Ἀρείοι

2025 3063 2095 3120 rii
2120 3064 2409 3134 dogmata
2446 3066 2709 3132 tuentur,
2742 3065 2806 3117 ut
2834 3061 3057 3133 impios
3106 3060 3373 3131 fugimus
3402 3064 3457 3117 et
3477 3076 3626 3117 ana-

486 3120 497 3124 -
1190 3120 1223 3130 -.
1507 3120 1520 3125 -
1716 3120 1726 3138 .

254 3147 500 3224 δόγματα
556 3148 912 3220 ἕκδικοῦντας,
974 3153 1046 3215 ὠς
1105 3151 1729 3227 ἀσεϐεῖςλὰποφεύγομεν
1776 3158 1855 3206 καῖ

2026 3154 2450 3210 tematizamus.
2490 3152 2547 3209 Si
2593 3151 2728 3225 quis
2777 3149 3060 3206 eumdem
3108 3152 3341 3205 Patrem
3380 3149 3521 3206 dicit
3556 3166 3627 3206 ac

248 3240 721 3313 ἁναθεματίζομεν.
749 3244 813 3293 Εἴ
867 3261 948 3305 τις
984 3244 1073 3296 τὸν
1119 3242 1275 3295 αὐτὸν
1334 3246 1542 3317 Πατέρα
1584 3242 1720 3314 λέγει
1776 3262 1845 3296 κα

2025 3242 2188 3298 ilium
2211 3245 2271 3298 et
2309 3241 2594 3313 Spiritum
2624 3244 2924 3305 sanctum,
2950 3254 3019 3294 ac
3043 3253 3171 3294 rem
3210 3254 3398 3294 unam
3426 3238 3626 3295 multis

261 3332 386 3383 Υὶὸν
416 3333 503 3381 καὶ
560 3330 710 3401 ἅγιον
752 3336 979 3403 Πνεῦμα,
1032 3335 1123 3383 καὶ
1170 3330 1220 3384 ἓν
1274 3338 1496 3406 πρᾶγμα
1531 3330 1862 3404 πολυώνυμον

2025 3330 2324 3386 ominibus
2351 3329 2731 3400 designatam
2759 3343 2895 3383 esse
2917 3328 3141 3397 statuit,
3180 3343 3490 3400 unamque
3510 3330 3626 3400 hy-

247 3420 574 3486 ύποτίθεται,
636 3424 728 3473 καὶ
795 3426 918 3493 μίαν
984 3422 1287 3475 ύπόστασὶν
1340 3422 1440 3474 ὑπὸ
1494 3430 1649 3497 τριῶν
1702 3441 1848 3497 προσ

2023 3419 2264 3475 ostasim
2296 3418 2485 3475 tribus
2514 3415 3015 3490 appellationibus
3048 3430 3424 3487 expressam;
3445 3416 3624 3473 talem

252 3517 484 3579 ηγοριῶν
538 3508 941 3582 ὶκφωνουμένην,
1007 3513 1093 3563 τὸν
1153 3518 1387 3564 τοιοῦτον
1453 3513 1603 3583 ἡμεῖς
1678 3509 1727 3563 ἐν
1792 3518 1853 3583 τῇ

2023 3524 2082 3563 os
2110 3507 2171 3564 in
2196 3506 2547 3562 Judaeorum
2572 3510 2739 3578 parte
2768 3520 3187 3561 numeramus.
3210 3504 3301 3560 Sic
3331 3504 3535 3570 etiam,
3576 3503 3624 3558 si

252 3592 443 3671 μερίδι
488 3604 583 3648 τῶν
639 3595 908 3651 Ἰουδαίων
952 3601 1238 3672 τάσσομεν.
1268 3598 1491 3672 Ὁμοίως
1541 3605 1631 3652 καὶ
1680 3602 1724 3652 εἶ
1778 3618 1853 3662 τις

2022 3599 2107 3652 uis
2139 3596 2345 3653 Filium
2369 3595 2524 3651 Patri
2554 3594 2891 3651 secundum
2920 3593 3244 3649 essentiam
3266 3592 3623 3648 dissimilem

249 3684 495 3757 ἀνόμοιον
532 3684 665 3757 λέγει
704 3689 840 3740 κατὰ
896 3691 991 3745 τήν
1030 3687 1215 3740 οὐσίαν
1268 3691 1354 3740 τὸν
1402 3691 1520 3741 Υίόν
1550 3696 1622 3759 τῷ
1663 3692 1850 3763 Πατρὶ,

2019 3686 2241 3757 icit,aut
2263 3685 2341 3741 ad
2370 3688 2707 3741 creaturam
2722 3682 2982 3739 detrahit
3002 3682 3288 3754 Spiritum
3321 3688 3620 3748 sanctum,

246 3775 274 3833 ἦ
328 3774 403 3835 εὶς
435 3779 636 3847 κτίσμα
678 3778 894 3847 κατάγει
941 3779 999 3828 τό
1040 3782 1249 3849 Πνεῦμα
1291 3780 1349 3829 τὸ
1381 3776 1554 3849 ἅγιον,
1603 3775 1847 3850 ἀναθεμα-

2020 3775 2635 3841 1athematizamus,et
2663 3788 2699 3827 a
2728 3771 3037 3843 gentilium
3066 3785 3264 3826 errore
3292 3784 3415 3825 non
3443 3768 3621 3837 longe

240 3864 476 3935 τίζομεν,
537 3868 628 3915 καὶ
690 3864 850 3936 ἐγγύς
902 3865 1035 3918 εἶναι
1097 3872 1190 3926 τῆς
1244 3864 1541 3927 Ἑλληνικῆς
1609 3867 1841 3938 τιθέμεθα

2019 3880 2180 3921 nesse
2209 3864 2509 3919 ducimus.
2546 3861 2661 3918 Sed
2688 3876 2797 3916 ora
2826 3862 3247 3916 accusatorum
3274 3862 3620 3914 nostrorum

238 3952 459 4013 πλάνης.
496 3951 652 4005 Ἀλλὰ
710 3956 775 4005 τα
825 3956 917 4027 μὲν
976 3957 1215 4026 στόματα
1263 3962 1363 4006 τῶν
1418 3958 1839 4029 κακηγορούντωπ

2014 3952 2285 4025 )mprimi
2315 3950 2523 4007 litteris
2551 3949 2772 4006 nostris
2801 3964 2925 4005 non
2956 3951 3212 4020 possunt
3236 3964 3249 4016 ;
3272 3947 3395 4002 imo
3417 3946 3615 4002 verisi-

237 4043 381 4113 ἡμᾶς
440 4040 793 4113 ἐπισχεθῆναι
869 4039 965 4094 διὰ
1036 4050 1138 4094 τῶν
1204 4044 1467 4117 ἡμετέρων
1527 4045 1838 4116 γράμμοίτωτ

2012 4041 2105 4097 iile
2131 4040 2375 4104 est,illos
2409 4039 2590 4095 etiam
2636 4036 3088 4095 defensionibus
3114 4036 3336 4092 nostris
3381 4035 3613 4107 irritari,

235 4129 521 4203 ἀμήχανον
554 4151 567 4164 ο
633 4131 823 4202 μᾶλλον
875 4134 965 4203 μὲν
1020 4128 1108 4182 οὖν
1174 4131 1309 4192 εἰκός
1373 4136 1464 4184 καὶ
1522 4132 1831 4206 ἐρεθίζεσθα

2014 4146 2021 4184 ;
2046 4129 2283 4199 majora
2311 4143 2382 4183 ac
2408 4126 2688 4197 graviora
2710 4126 2771 4181 in
2800 4141 2912 4181 nos
2940 4123 3295 4180 machinari.
3328 4126 3615 4179 Caeterum

234 4219 433 4281 αὐτούς
472 4218 557 4271 ἐπὶ
613 4228 725 4281 ταῖς
783 4219 1093 4292 ἀπολογίαις
1152 4222 1318 4293 ἡμῶν,
1382 4225 1472 4272 καὶ
1509 4222 1727 4294 μείζονα
1762 4242 1835 4275 κα

2014 4233 2137 4273 ures
2166 4220 2393 4272 vestras
2435 4213 2725 4272 custodiri
2774 4230 2899 4269 non
2928 4212 3185 4269 difficile.
3220 4214 3414 4278 Quare
3451 4212 3615 4285 quod

231 4308 585 4383 χαλεπώτερα
644 4309 760 4361 καθ’
820 4310 967 4381 ἡμῶν
1023 4309 1435 4370 κατασκευάζειν
1469 4330 1482 4343 ·
1546 4313 1638 4372 τὰς
1678 4314 1829 4383 μέντο

2016 4327 2025 4362 ι
2070 4306 2242 4362 vobis
2275 4305 2462 4361 situm
2490 4308 2597 4371 est,
2628 4306 2929 4376 praestate.
2972 4301 3278 4358 Sincerum
3329 4300 3508 4356 nobis
3560 4306 3617 4356 et

232 4399 493 4470 ὑμετέρας
545 4395 707 4459 ἀκοὰς
756 4396 1091 4470 φυλαχθῆναι
1150 4397 1211 4449 ού
1268 4398 1519 4469 χαλεπὸν.
1575 4398 1757 4467 Ὦστε,
1824 4406 1833 4452 ἀ

2012 4395 2210 4452 ιὶηἱωθ
2237 4396 2725 4467 praeoccupatum
2748 4389 3063 4447 calumniis
3078 4406 3181 4445 cor
3199 4393 3463 4444 vestrum
3496 4404 3613 4444 ser-

232 4484 383 4537 ἔστιν
427 4484 503 4558 ἄγ’
555 4487 699 4559 ὑμῖν,
739 4493 893 4538 τοῦτο
940 4492 1217 4545 ποιήσατε.
1264 4486 1536 4560 Ἀκεραίαν
1576 4490 1701 4559 ἡμῖν
1761 4492 1833 4540 καῖ

2007 4487 2093 4540 ate
2117 4501 2131 4539 :
2164 4487 2344 4555 atque
2374 4481 2748 4552 objectorum
2769 4478 2946 4535 nobis
2967 4477 3287 4533 criminum
3315 4480 3608 4532 rationem

232 4571 574 4645 ἀπρόληπτον
602 4580 721 4635 ταῖς
768 4570 1043 4637 διαϐολαῖς
1082 4579 1177 4633 τὴν
1225 4570 1453 4643 καρδίαν
1502 4575 1643 4647 ὑμῶν
1694 4574 1826 4648 φυλοί

2010 4571 2186 4628 nobis
2213 4569 2620 4644 postulate.Ac
2639 4568 2950 4623 veritatem
2977 4564 3223 4638 quidem
3245 4564 3295 4621 si
3316 4566 3479 4638 apud
3500 4581 3611 4622 nos

232 4662 401 4724 ξατεο
460 4667 552 4715 καὶ
596 4666 727 4735 πρὸς
780 4665 849 4715 τὰ
894 4662 1287 4737 προϐαλλόμενα
1344 4661 1647 4736 ἐγκλήματα
1694 4662 1833 4716 ἀπαι-

2008 4660 2320 4728 iveneritis,
2351 4675 2425 4715 ne
2456 4658 2607 4714 detis
2649 4656 2852 4714 locum
2900 4655 3240 4713 mendacio.
3276 4655 3375 4712 Sin
3407 4660 3609 4712 autem

227 4756 374 4802 τεῖτε
400 4752 537 4822 ἡμᾶς
567 4754 656 4811 τὰς
695 4750 931 4813 εὐθύνας.
981 4755 1081 4805 Καὶ
1124 4750 1167 4803 εἰ
1204 4754 1295 4824 μεν
1335 4750 1518 4825 εὕρητε
1564 4752 1689 4828 παρ’
1720 4754 1828 4825 ἡμῖτ

2005 4765 2067 4806 os
2105 4750 2182 4806 ad
2208 4747 2620 4804 defensionem
2656 4744 2929 4802 inﬁrmos
2958 4744 3283 4810 senseritis,
3318 4749 3459 4800 tunc
3488 4760 3606 4801 cre-

226 4842 339 4895 τήν
382 4837 648 4904 ἀλήθειαν,
696 4843 767 4912 μὴ
828 4835 964 4892 δῶτε
1018 4845 1203 4913 χώραν
1251 4846 1325 4911 τῷ
1378 4837 1565 4911 ψεύδει
1600 4857 1613 4871 ·
1676 4838 1759 4893 ἰὰν
1786 4838 1827 4893 δί

2000 4839 2075 4894 ite
2131 4835 2584 4894 accusatoribus
2622 4834 2865 4901 nostris,
2913 4837 2983 4889 ut
3033 4849 3178 4890 vera
3230 4833 3597 4890 dicentibus.

228 4926 552 4981 ἁτονούντων
592 4929 737 5000 ἡμῶν
768 4931 895 5002 πρὸς
944 4932 1038 4987 τὴν
1092 4927 1373 5000 ἀπολογίαν
1409 4931 1689 5000 αῖσθησθε,
1728 4933 1829 4983 τότε

2003 4924 2336 4998 igilantilli,
2390 4921 2568 4979 nobis
2604 4927 2670 4978 ut
2698 4926 2958 4978 noceant
2990 4940 3003 4975 :
3040 4922 3156 4978 hoc
3186 4938 3222 4978 a
3258 4923 3430 4979 vobis
3482 4939 3604 4979 non

226 5020 554 5069 πιστώσατε
614 5023 720 5077 τοῖς
786 5021 1104 5091 κατηγόροις
1154 5018 1300 5090 ἡμῶν
1349 5018 1419 5079 ὡς
1476 5016 1827 5075 ἀληθεύουσιν.

2002 5012 2359 5087 (poscimus.
2391 5014 2435 5068 Ν
2444 5010 2822 5066 undinariam
2844 5010 3029 5066 vitam
3050 5015 3603 5081 agentes,structani

228 5104 620 5177 ’Δγρυπνοῦσιν
652 5108 986 5179 εκεῖνοιπρός
1012 5107 1070 5157 τὸ
1104 5107 1244 5178 ἡμᾶς
1281 5113 1657 5164 κακοποιῆσαι·
1690 5114 1829 5159 τοῦτι

1999 5104 2129 5160 obis
2149 5100 2521 5158 calumniam
2538 5098 2775 5156 adlucri
2793 5100 3200 5156 accessionem
3222 5103 3600 5157 convertunt:

226 5194 361 5265 παρ’
384 5195 525 5267 ὑμῶν
554 5195 650 5247 ούκ
692 5191 1056 5267 ἐπιζητοῦμεν.
1088 5192 1397 5270 Ἐμπορικόν
1438 5192 1555 5267 βίον
1598 5213 1827 5267 μεταχει-

1999 5209 2060 5250 os
2098 5195 2302 5250 autem
2350 5190 2766 5261 adhortamur,
2822 5192 2889 5246 ut
2936 5190 3232 5247 maneatis
3285 5187 3471 5257 domi,
3532 5202 3600 5243 ac

319 5362 364 5395 ⁴⁰
436 5362 796 5438 Philippm,
838 5366 891 5433 5,
923 5366 976 5419 6.
1054 5363 1098 5399 “
1135 5363 1336 5422 Matth.
1368 5377 1458 5436 xu,
1489 5367 1583 5421 37.

233 5504 936 5655 ιιΡςῗὲὶᾷαταὸδικασεινθήστι.
969 5510 1055 5567 Ita
1082 5525 1236 5567 mss.
1303 5525 1433 5570 sex.
1487 5510 1639 5569 Editi
1677 5530 1834 5566 κατα-

2024 5514 2135 5584 (69)
2164 5510 2578 5583 Ἐπεστελλομεν.
2622 5509 2803 5567 Coisl.
2850 5507 3081 5582 primus
3116 5510 3173 5566 et
3200 5506 3345 5565 Med.
3380 5505 3603 5560 ἐπεστεί-

2002 5603 2127 5657 ῑμεν.
