4100 6214
315 237 421 295 853

1234 230 1718 291 EPISTOLARUM
1755 223 2045 282 CLASSIS
2085 228 2161 286 II.
2204 229 2431 299 EPIST.‘
2466 231 2757 290 CCXXVII.
2826 198 2827 201 Ἴ

3577 236 3688 296 ΒΞΕ⁵

311 366 447 417 Θεοῦ
478 362 548 413 τὰ
584 364 701 421 ταῖς
746 356 1084 420 Ἐκκλησίαις
1129 355 1521 431 διατυπούμενα
1564 362 1627 429 τῇ
1669 357 1762 407 τοῦ
1793 357 1926 406 Θεοῦ

2039 366 2149 425 pro
2175 358 2359 424 certo,
2392 373 2499 415 eos
2537 358 2643 430 qui
2692 372 2788 412 res
2831 356 2896 413 in
2936 355 3211 414 Ecclesiis
3253 372 3291 415 a
3339 358 3441 416 Dei
3488 360 3690 418 electis

311 448 551 523 διαταγῇ
612 448 991 506 ἀνθίστανται.
1051 452 1135 506 Μὴ
1198 446 1615 518 δικαιολογεῖσθε
1673 446 1804 518 πρὸς
1831 445 1927 499 τὴν

308 545 519 614 μητέρα
565 540 706 605 υμῶν
764 541 859 595 τὴν
920 536 1202 590 Νικοπόλει
1265 536 1615 594 Ἐκκλησίαν.
1665 537 1752 590 Μὴ
1804 550 1927 603 τραη

306 630 541 700 χύνεσθε
596 630 729 701 πρὸς
787 629 908 687 τοὺς
960 633 1061 677 τῶν
1113 626 1304 696 ψυχῶν
1362 627 1503 697 ὑμῶν
1562 617 1921 692 ἀναδεδεγμέ-

304 738 429 779 νους
459 718 571 788 (79)
598 720 693 773 τήν
741 718 1015 789 μέριμναν.
1061 714 1140 768 Ἐν
1190 718 1292 787 γὰρ
1345 722 1419 785 τῷ
1460 715 1524 766 τὰ
1562 720 1653 773 τῆς
1699 712 1922 763 Νικοπό-

305 806 438 869 λεως
498 806 813 857 συνεστάναι
852 806 1142 878 πράγματα
1189 808 1281 855 χαὶ
1331 807 1390 855 τὸ
1438 803 1557 855 καθ’
1596 803 1727 873 ὑμᾶς
1774 803 1922 872 μέρος

308 893 820 952 συνδιασωθησεται
869 894 982 964 (80)
1020 914 1033 925 ·
1088 892 1173 945 ἐὰν
1228 889 1288 945 δὲ
1342 891 1539 954 ἐκείνης
1589 890 1792 960 άψηταί
1843 907 1921 949 τις

307 983 474 1045 σάλος
529 984 625 1034 κοῖν
676 986 895 1057 μυρίους
947 981 1108 1053 ἓχητε
1163 985 1281 1043 τοὺς
1335 981 1693 1053 φυλάσσοντας
1751 979 1916 1048 ὑμᾶς,

308 1071 932 1147 συμπαραναλωθήσετὰι
987 1078 1058 1141 τῷ
1123 1071 1384 1143 κιφαλαιῳ
1447 1075 1545 1122 καὶ
1610 1071 1669 1120 τό
1734 1072 1918 1138 μέρος.

302 1161 399 1224 Ὠς
459 1159 548 1215 οὖν
609 1163 660 1214 οἱ
720 1168 826 1221 τοῖς
890 1166 1148 1232 ποταμοῖς
1211 1166 1652 1234 πααροικοῦντες,
1709 1151 1919 1208 ἐπειδὰν

306 1248 481 1303 ἴδωσι
546 1270 686 1311 τινας
768 1248 1032 1323 πόρρωθεν
1115 1249 1442 1324 ὀχυρώματα
1522 1245 1920 1316 καταϐαλλομέ-

307 1359 437 1402 νους
463 1340 576 1407 (81)
605 1345 715 1401 τοῖς
762 1340 1045 1413 ῥεύμασιν,
1098 1340 1296 1408 ῖσασιν,
1343 1343 1425 1389 ὅτι
1464 1336 1641 1397 αὐτοῖς
1680 1330 1919 1408 προδιοι-

313 1437 534 1481 κοῦνται
585 1433 674 1486 τὴν
727 1427 1030 1500 ἀσφάλειαν,
1066 1430 1153 1488 τὰς
1194 1424 1488 1499 ἐπιδρομὰς
1524 1434 1625 1477 τῶν
1648 1424 1915 1499 ῥευμάτων

307 1520 749 1593 ἀποκρουόμενον
792 1518 927 1569 οὕτω
960 1522 1051 1568 καὶ
1095 1519 1144 1570 οἱ
1181 1524 1270 1568 νῦν
1308 1520 1368 1568 τό
1406 1514 1570 1589 βάρος
1615 1522 1709 1575 τῆς
1758 1531 1915 1585 φρον-

300 1603 459 1668 τίδος
514 1615 613 1659 τῶν
654 1605 973 1663 Ἐκκλησιῶν
1009 1606 1125 1673 (82)
1174 1600 1545 1677 ἀναδεξάμενοι
1597 1601 1645 1654 ἓν
1700 1609 1762 1673 τῇ
1814 1608 1914 1652 τῶν

303 1695 477 1747 ἄλλων
534 1695 734 1767 φυλακη
800 1700 893 1752 τὴν
947 1694 1065 1745 καθ’
1121 1695 1258 1766 ὑμᾶς
1314 1690 1495 1745 ἄδειαν
1552 1689 1910 1744 διοικοῦνται·
1944 1715 1984 1769 Β

300 1789 398 1836 καὶ
466 1784 517 1835 ἐν
576 1787 740 1856 σκέπη
824 1784 1106 1855 γενήσεσθε
1160 1784 1340 1843 πάσης
1393 1790 1673 1857 ταραχῇς,
1733 1779 1914 1853 ἑτέρων

300 1869 715 1945 ὑποδεχομένων
762 1879 856 1924 τοῦ
903 1871 1129 1943 πολέμου
1176 1874 1268 1933 τὰς
1317 1870 1630 1947 προσϐολάς.
1674 1872 1811 1944 Πρὸς
1854 1865 1914 1920 δὲ

300 1961 514 2013 κακεῖνο
557 1961 668 2033 (83)
729 1959 1065 2034 ἐνθυμεῖσθαι
1124 1961 1261 2033 ὑμᾶς
1319 1968 1616 2035 προσῆκεν,
1665 1958 1748 2012 ὃτι
1806 1957 1912 2028 οὐχ

302 2054 446 2124 ὑμᾶς
492 2049 763 2119 ἀπέϐαλεν,
814 2048 918 2102 ἀλλ’
984 2050 1182 2123 ἐτέρους
1234 2048 1569 2125 προσέλαϐεν.
1623 2048 1699 2101 Οὐ
1744 2044 1911 2106 δήπου

301 2142 412 2217 γὰρ
455 2138 717 2213 βάσκανοι
769 2143 898 2201 τινές
954 2137 1106 2211 ἔσμεν
1157 2141 1328 2212 ἡμεῖς,
1373 2138 1507 2192 ὥστε
1550 2141 1642 2190 τοὺ
1692 2134 1913 2209 δυνάμε-

309 2249 398 2281 νον
451 2234 540 2281 καὶ
578 2228 747 2291 ἄλλοις
786 2237 883 2281 τῶν
934 2232 1116 2281 ἔαυτοῦ
1171 2231 1521 2303 χαρισμάτων
1567 2222 1912 2300 μεταδιδόναι

300 2318 624 2389 ἀναγκάζειν
673 2320 793 2392 ὑμῖν
823 2317 937 2390 (84)
970 2317 1309 2372 ἐναποκλείειν
1343 2322 1437 2375 τὴν
1483 2318 1666 2391 χάριν,
1708 2319 1799 2367 καὶ
1852 2319 1909 2367 τὸ

299 2406 425 2459 καθ’
454 2409 586 2480 ὑμᾶς
645 2410 785 2479 μόνῳ
837 2411 1021 2483 χωρίῳ
1087 2413 1471 2482 πενοχωρείν,
1534 2408 1668 2457 Οὔτε
1718 2407 1820 2478 γάρ
1884 2404 1911 2455 ό

300 2502 482 2569 πηγὴν
526 2500 933 2575 περιφράσσων,
981 2501 1070 2549 καὶ
1124 2493 1321 2557 ὕδατος
1370 2492 1547 2559 ἔξοδον
1605 2494 1912 2567 λυμαινόμε-

300 2606 407 2652 νος,
457 2589 575 2639 οὗτε
632 2588 658 2638 ὁ
712 2583 1068 2639 διδασκαλίαν
1117 2582 1310 2658 διαρκῆ
1366 2584 1573 2637 κωλύων
1614 2583 1697 2636 ἐπὶ
1742 2583 1911 2637 πλεῖον

318 2682 521 2749 χωρεῖν
563 2675 657 2738 ἔξω
698 2682 790 2728 τοῦ
830 2676 1031 2736 πάθους
1066 2682 1156 2735 τῆς
1187 2673 1483 2748 βασκανίας
1512 2672 1674 2725 ἐστίν.
1713 2672 1913 2743 Ἐχέτω

296 2770 477 2816 τοίνυν
533 2769 623 2815 καὶ
666 2768 760 2821 τήν
810 2762 1141 2825 Νικοπόλεως
1179 2767 1451 2836 μέριμναν,
1501 2766 1591 2815 καὶ
1635 2764 1693 2813 τὸ
1739 2762 1915 2833 ὑμέτε-

294 2873 393 2929 ρον
442 2855 722 2926 προσθήκη
776 2855 911 2905 ἔστω
952 2861 1051 2904 τῶν
1101 2851 1205 2905 ἐκεῖ
1252 2853 1676 2925 φρουτισμάτων.
1708 2857 1793 2922 Τῷ
1823 2852 1913 2923 μεν

294 2946 401 3017 γὰρ
458 2939 613 3014 ἀνδρὶ
662 2941 846 2995 πλείων
894 2940 1183 3015 προσῆλθεν
1227 2941 1336 3011 (85)
1392 2942 1417 2991 ό
1474 2944 1655 3010 κόπος,
1694 2942 1794 2993 ὑῶν
1854 2937 1915 2992 δὲ

294 3028 455 3084 οὐδὲν
505 3029 811 3083 ἐλαττοῦται
862 3031 891 3087 ἡ
950 3028 1232 3101 ἐπιμελεια.
1281 3028 1475 3081 Ἐκεῖνο
1548 3026 1607 3082 δέ
1662 3049 1726 3101 με
1779 3031 1913 3081 πάνυ
1946 3059 1987 3115 C

300 3120 555 3188 ἐλύπησε,
604 3124 693 3170 καὶ
753 3118 847 3180 ἔξω
913 3118 1067 3191 ἐφάνη
1113 3126 1205 3171 τοῦ
1262 3122 1477 3195 μέτρου,
1526 3120 1585 3170 τὸ
1647 3121 1913 3199 ειρῆσθαι,

294 3213 403 3275 ὅτι,
463 3206 816 3277 ἀποτυχόντες
862 3215 961 3259 τῶν
1018 3205 1476 3278 ἐπιζητουμένων,
1532 3209 1599 3259 τὰ
1658 3203 1918 3265 δικαστη-

296 3316 398 3371 ρια
439 3295 898 3368 καταληψόνμεθα,
938 3300 1027 3349 καὶ
1070 3293 1422 3367 ἐπιστήσομεν
1454 3294 1572 3367 (86)
1611 3296 1917 3369 ἀνθρώπους

296 3394 415 3447 τοῖς
462 3388 789 3459 πράγμασιν,
846 3381 921 3447 οἷς
982 3388 1011 3443 ἡ
1073 3388 1409 3458 καταστρορὴ
1438 3391 1536 3436 τῶν
1594 3383 1914 3442 Ἐκιιλησιῶν

301 3474 475 3544 εὐχῆς
511 3474 621 3527 ἐστι
660 3478 719 3527 τὸ
772 3474 1066 3547 κεφάλαιον,
1102 3478 1186 3531 Μή
1250 3491 1375 3525 ποτε
1429 3469 1517 3524 οὖν
1576 3474 1763 3545 ἄφρονι
1820 3476 1915 3527 θυ-

304 3570 394 3636 μῷ
447 3567 699 3636 φερόμενοί
730 3563 845 3635 (87)
894 3581 1035 3623 τινες
1084 3565 1485 3636 παραπείσωσιν
1522 3563 1655 3633 ὑμᾶς
1697 3562 1913 3635 φθέγξα-

376 3724 486 3792 (79)
526 3719 1013 3795 Ἀναὸεὸεγμένους.
1059 3721 1258 3795 _C0isl.
1332 3721 1566 3795 primus
1641 3718 1911 3774 ἀναδεδει-

294 3798 537 3865 γμένους.
570 3795 751 3850 Paulo
772 3792 910 3867 post
950 3793 1267 3850 Mediczeus
1314 3792 1505 3849 codex
1538 3792 1751 3845 ἑστάναι
1780 3795 1911 3867 πρά-

293 3886 331 3920 Ἷ
341 3885 499 3920 αατα.

302 3889 315 3899 ’“
341 3889 499 3920 κατα.

302 3889 483 4006 κ’(δο)
523 3934 1037 3994 Συνὸιασωθήσεται.
1089 3933 1262 3991 Coisl.
1320 3934 1554 4006 primus
1612 3933 1911 3989 συνδιασώ-

297 4010 465 4069 (erat.
502 4008 662 4063 lnfra
682 4010 832 4074 Vat.,
854 4010 991 4075 Reg.
1009 4006 1336 4074 secundus,
1367 4006 1543 4060 Coisl.
1578 4007 1906 4073 secundus,

294 4080 485 4145 Paris,
516 4084 572 4133 et
600 4079 680 4134 ad
708 4079 1058 4151 marginem
1111 4076 1367 4134 Clarom.
1400 4075 1473 4149 τῷ
1521 4078 1780 4151 κεφαλαίῳ
1819 4084 1909 4130 καὶ

302 4156 364 4202 τό
398 4151 667 4223 ὑμέτερον.
704 4149 928 4223 ξΩΔς-οῦν.

2038 444 2397 502 constitutas
2425 463 2548 504 non
2578 446 2926 515 admittunt,
2957 446 3059 501 Dei
3098 446 3468 505 ordinationi
3508 451 3691 506 resis-

2036 533 2175 588 tere.
2227 535 2443 592 Cavete
2492 536 2738 607 litigetis
2782 551 2923 591 cum
2966 538 3167 591 vestra
3206 540 3397 594 matre
3428 538 3692 596 Ecclesia

2032 621 2481 696 Nicopolitana;
2518 641 2629 682 nec
2659 626 2936 682 animum
2965 624 3027 680 in
3056 639 3179 691 eos,
3207 626 3313 698 qui
3349 631 3691 685 vestrarum

2032 713 2377 771 animarum
2423 732 2635 772 curam
2699 729 3051 787 suscepere,
3111 722 3486 789 exasperate.
3531 720 3690 776 Dum

2030 804 2192 859 enim
2230 821 2327 861 res
2380 805 2812 878 Nicopolitanaa
2856 804 3218 873 consistent,
3258 811 3461 864 vestra
3502 810 3690 866 etiam

2029 908 2175 965 pars
2206 894 2386 951 simul
2416 896 2755 953 servabitur
2780 912 2792 963 ;
2823 895 2930 951 sed
2954 893 3004 949 si
3026 894 3194 950 illam
3222 896 3427 968 aliqua
3455 902 3689 970 tempe-

2030 987 2157 1039 stas
2184 984 2462 1055 attigerit,
2491 985 2729 1042 etiamsi
2758 984 2961 1039 adsint
2982 982 3156 1039 vobis
3185 984 3468 1041 custodes
3504 986 3691 1044 innu-

2028 1072 2200 1140 meri,
2248 1088 2391 1145 pars
2429 1090 2675 1147 quoque
2714 1089 2839 1129 una
2877 1087 3019 1128 cum
3063 1072 3257 1143 capite
3307 1073 3686 1132 absumetur.

2028 1161 2556 1225 Quemadmodum
2590 1162 2771 1233 igitur
2807 1161 2914 1234 qui
2942 1160 3021 1216 ad
3061 1160 3278 1217 ﬂuvios
3308 1161 3607 1229 habitant,
3636 1164 3690 1220 si

2025 1264 2182 1320 quos
2222 1251 2433 1322 procul
2471 1251 2719 1307 videant
2755 1250 2960 1306 valida
2993 1248 3280 1321 praesidia
3318 1249 3494 1323 aquis
3536 1251 3687 1322 obji-

2025 1354 2178 1408 cere,
2204 1339 2543 1409 intelligunt
2571 1339 2877 1395 securitati
2915 1354 3041 1393 suae
3076 1337 3399 1410 provideri,
3426 1339 3574 1395 dum
3599 1340 3689 1396 in-

2024 1443 2234 1484 cursus
2265 1445 2562 1501 aquarum
2588 1428 2962 1500 repelluntur
2989 1444 3003 1487 :
3043 1427 3127 1483 ita
3153 1428 3334 1483 etiam
3370 1429 3479 1501 qui
3519 1444 3685 1485 nunc

2022 1517 2265 1590 pondus
2304 1517 2719 1575 sollicitudinis
2764 1516 3166 1574 Ecclesiarum
3218 1518 3560 1589 sustinent,
3617 1520 3681 1577 in

2022 1606 2277 1662 aliorum
2306 1607 2582 1663 custodia
2603 1605 2905 1663 securitati
2925 1609 3138 1663 vestrae
3164 1606 3505 1679 provident,
3538 1610 3680 1663 tuti-

2022 1710 2139 1769 que
2178 1695 2337 1751 eritis
2372 1695 2451 1753 ab
2496 1696 2662 1751 omni
2696 1694 2975 1765 tumultu,
3027 1695 3160 1750 aliis
3206 1694 3349 1750 belli
3376 1694 3676 1768 impetum

2022 1784 2472 1840 sustinentibus.
2509 1783 2599 1840 Ad
2627 1784 2759 1839 haec
2808 1783 2955 1839 illud
2988 1783 3170 1840 etiam
3200 1783 3373 1840 vobis
3404 1784 3677 1841 conside-

2020 1872 2283 1928 randum
2312 1877 2421 1940 est,
2447 1887 2573 1928 non
2611 1889 2721 1929 vos
2752 1872 2831 1928 ab
2875 1888 2946 1928 eo
2975 1872 3345 1943 repudiatos,
3378 1873 3485 1929 sed
3524 1874 3674 1930 alios

2020 1964 2389 2034 assumptos.
2426 1964 2556 2018 Non
2594 1962 2757 2017 enim
2802 1960 2991 2017 invidi
3028 1960 3282 2034 quidam
3322 1977 3568 2030 sumus,
3606 1966 3674 2019 ut

2019 2050 2126 2125 qui
2157 2066 2270 2108 sua
2298 2051 2461 2111 dona
2488 2052 2670 2108 etiam
2713 2067 2853 2108 cum
2893 2050 3025 2107 aliis
3061 2051 3506 2108 communicare
3536 2068 3673 2126 pos-

2022 2140 2118 2209 sit,
2148 2156 2288 2197 eum
2316 2156 2613 2211 cogamus
2661 2140 2919 2211 gratiam
2954 2140 3110 2196 inter
3140 2156 3243 2195 vos
3290 2140 3669 2209 concludere,

2020 2232 2078 2286 et
2118 2229 2259 2285 solis
2308 2229 2423 2286 loci
2453 2230 2638 2287 vestri
2666 2230 2892 2287 ﬁnibus
2930 2244 3336 2286 coerceamus.
3379 2232 3530 2286 Nam
3558 2246 3671 2287 nec

2019 2319 2122 2394 qui
2148 2318 2373 2376 fontem
2403 2319 2809 2394 circumsepit,
2842 2322 2899 2375 et
2931 2333 3231 2392 aquarum
3262 2318 3487 2375 exitum
3512 2317 3674 2375 labe-

2019 2408 2221 2475 factat,
2243 2423 2355 2464 nec
2382 2409 2489 2482 qui
2522 2408 2863 2466 doctrinam
2898 2407 3151 2465 uberem
3187 2407 3467 2480 prohibet
3492 2408 3674 2465 latius

2017 2496 2225 2563 ﬂuere,
2269 2502 2438 2553 extra
2467 2498 2708 2555 invidias
2737 2498 2968 2555 crimen
2998 2500 3107 2555 est.
3134 2496 3433 2571 Suscipiat
3468 2498 3671 2570 itaque

2021 2589 2076 2642 et
2114 2586 2412 2658 Nicopolis
2441 2602 2669 2657 curam,
2696 2591 2753 2642 et
2781 2586 2860 2642 ad
2897 2585 3133 2642 futuras
3171 2585 3288 2642 illic
3318 2586 3674 2643 sollicitudi—

2020 2687 2129 2730 nes
2162 2675 2342 2730 vestri
2393 2690 2539 2732 cura
2594 2674 2862 2732 accedat.
2904 2672 2989 2730 llli
3039 2673 3201 2730 enim
3238 2672 3375 2745 plus
3426 2676 3677 2733 accessit

2025 2763 2195 2835 351
2227 2762 2473 2831 laboris,
2515 2764 2622 2820 sed
2666 2763 2741 2819 de
2786 2762 2972 2819 vestri
3011 2778 3161 2819 cura
3198 2762 3349 2819 nihil
3394 2764 3669 2821 decessit.

2023 2855 2143 2909 Hoc
2166 2856 2367 2908 autem
2397 2852 2545 2908 mihi
2570 2856 2627 2909 et
2648 2852 2912 2908 maxime
2933 2850 3144 2918 doluit,
3165 2853 3224 2906 et
3250 2850 3505 2907 modum
3526 2852 3676 2909 mihi

2020 2942 2219 2997 visum
2248 2946 2336 2998 est
2365 2941 2674 3008 excedere,
2698 2940 2866 3014 quod
2894 2938 3172 2995 videlicet
3196 2937 3430 2995 dixistis
3455 2956 3469 2995 :
3503 2944 3675 2997 voto-

2020 3046 2154 3087 rum
2186 3035 2495 3102 compotes
2525 3030 2719 3086 sinon
2747 3044 2983 3093 sumus,
3014 3026 3093 3083 ad
3112 3026 3391 3098 judicum
3412 3026 3678 3087 tribuna-

2020 3119 2103 3176 lia
2142 3119 2492 3186 abibimus,
2536 3135 2609 3177 ac
2656 3136 2753 3178 res
2795 3116 3147 3175 hominibus
3196 3116 3673 3193 committemus,

2020 3208 2245 3282 quibus
2288 3208 2691 3265 Ecclesiarum
2740 3206 2967 3264 eversio
3015 3209 3196 3278 caput
3239 3209 3329 3262 est
3373 3210 3676 3267 votorum.

2023 3299 2230 3355 Cavete
2267 3294 2447 3368 igitur
2497 3313 2575 3355 ne
2617 3297 2726 3370 qui
2771 3310 3046 3368 unquam
3083 3293 3302 3351 insano
3327 3294 3528 3353 furore
3557 3298 3678 3355 acti

2020 3386 2188 3443 vobis
2200 3386 2626 3459 persuadeant,
2650 3390 2714 3442 ut
2730 3384 3069 3459 quidquam
3082 3383 3249 3456 apud
3267 3383 3513 3458 publica.
3532 3385 3677 3443 sub-

2021 3475 2186 3531 sellia
2205 3474 2549 3548 proferatis,
2574 3480 2754 3548 atque
2777 3472 2916 3530 inde
2939 3472 3144 3544 aliqua
3171 3473 3403 3530 accidat
3423 3475 3674 3544 eversio,

2018 3566 2192 3635 cujus
2206 3564 2518 3638 pondusin
2539 3580 2751 3621 eorum
2770 3563 2988 3637 capita,
3005 3563 3111 3635 qui
3123 3578 3377 3620 causam
3396 3563 3675 3636 praebue-

2016 3724 2327 3781 niensibus
2353 3724 2598 3796 proprie
2626 3726 2918 3796 servatur.
2950 3722 3219 3796 indicant
3245 3737 3379 3794 quae
3401 3736 3672 3796 sequun-

2016 3801 2143 3852 tur:
2173 3797 2272 3851 Ad
2297 3794 2418 3851 haec
2438 3794 2599 3851 illud
2622 3797 2799 3852 etiam
2823 3795 2982 3851 vobis
3014 3794 3518 3849 considerandum
3558 3801 3665 3862 est,

2016 3883 2135 3923 non
2167 3884 2270 3923 vos
2295 3867 2371 3922 ab
2399 3882 2463 3922 eo
2492 3867 2853 3935 repudiatos,
2894 3866 2999 3921 sed
3034 3866 3188 3921 alios
3231 3870 3658 3933 assumptos....

2015 3940 2312 4005 Suscz‘piat
2338 3940 2541 4009 itaque
2565 3945 2618 3994 et
2643 3939 2948 4007 Nicopolis
2976 3951 3208 4009 curam,
3236 3941 3289 3992 et
3317 3936 3399 3993 ad
3422 3936 3665 4009 [murus

2016 4011 2147 4066 illic
2174 4006 2607 4065 sollicitudines
2626 4011 2807 4065 vestri
2830 4024 2978 4065 cura
3008 4007 3276 4073 accedat,
3300 4011 3409 4062 etc.
3430 4006 3665 4066 Similia

2014 4080 2294 4161 leguntur
2308 4082 2368 4137 in
2399 4079 2649 4161 epistola
2668 4080 2961 4161 sequenti,
2974 4080 3054 4161 ‘in
3083 4094 3209 4161 qua
3229 4077 3483 4159 Basilius
3501 4078 3664 4135 Colo-

2015 4153 2254 4207 nienses
2272 4150 2661 4217 magistratus
2680 4150 2875 4220 rogat,
2890 4156 2955 4207 ut
2974 4150 3289 4206 bonivasis
3307 4166 3486 4205 usum
3502 4165 3664 4207 com-

546 4206 1064 4293 karaGaDopévouc.
1131 4219 1257 4276 Med
1284 4262 1297 4274 .
1367 4220 1560 4276 codex
1637 4240 1907 4295 προκατα-

2023 4206 2262 4280 munem
2274 4206 2514 4279 habere
2542 4206 2682 4295 cum
2710 4206 2923 4279 vicinis
2936 4206 3083 4295 ignon
3111 4225 3387 4277 recusent
3411 4239 3425 4287 ;
3453 4236 3525 4278 ac
3553 4206 3663 4280 Eu-

296 4291 664 4363 ϐαλλομένους.

369 4361 483 4432 (82)
519 4370 629 4416 Τῶν
676 4361 992 4435 ἐκκλησιῶν,
1020 4366 1129 4435 lta
1174 4362 1358 4435 Coisl.
1407 4366 1687 4435 uterque,
1731 4364 1903 4428 Med.,

295 4437 441 4499 Reg.
480 4433 787 4503 secundus
819 4439 875 4489 et
905 4434 1083 4489 Paris.
1124 4433 1275 4489 Editi
1307 4442 1406 4503 τῷν
1435 4432 1901 4491 ἐκκλησιαστικῶν.

370 4507 481 4579 (85)
521 4510 654 4579 Τρὸς
702 4502 761 4557 δὲ
812 4504 1036 4579 κάκεῖνο,
1095 4508 1216 4579 etc__.
1278 4502 1635 4579 Dubitarunt
1668 4506 1905 4579 eruditi

296 4576 433 4639 viri,
464 4575 662 4631 utrum
688 4576 1089 4644 Euphronius,
1110 4575 1315 4631 relicta
1345 4576 1681 4631 Coloniensi
1711 4576 1904 4631 Eccle-

298 4648 411 4711 sia,
435 4647 513 4704 ad
542 4645 1019 4718 Nicopolitanam
1036 4647 1361 4703 translatus
1382 4645 1663 4714 fuerit,an
1681 4652 1903 4703 utram-

296 4734 419 4791 que
438 4720 618 4791 simul
637 4717 963 4791 regendam
985 4718 1327 4791 susceperit.
1354 4717 1652 4791 Utrumvis
1675 4720 1903 4774 factum

296 4787 495 4856 fuerit,
512 4807 651 4845 cum
672 4789 747 4845 ad
766 4805 1067 4844 summam
1084 4787 1353 4844 Ecclesiae
1374 4787 1681 4843 utilitatem
1699 4804 1901 4843 neces-

297 4862 460 4932 sario
488 4867 757 4932 tempore
787 4860 1007 4915 factum
1031 4861 1125 4929 sit,
1148 4862 1426 4932 maxima;
1445 4858 1624 4932 laude
1645 4860 1898 4932 dignum

296 4931 510 4995 videri,
539 4937 595 4987 et
614 4930 865 5003 Spiritui
887 4936 1094 5003 sancto
1123 4931 1365 4986 attribui
1394 4930 1592 4986 debet.
1628 4931 1740 5003 Sed
1762 4945 1897 5001 per-

297 5005 527 5062 spicere
550 5001 694 5059 mihi
726 5003 952 5062 videor.
980 5002 1061 5057 ita
1078 5018 1203 5058 rem
1228 5004 1617 5057 constitutam
1632 5001 1817 5057 fuisse
1835 5006 1899 5059 ut

297 5021 325 5057 s
377 5020 527 5058 Icere
550 5020 694 5059 mini
726 5020 952 5062 vmeor.
980 5020 1061 5057 ua
1078 5020 1203 5058 rem
1228 5020 1817 5057 consururamxuisse
1835 5020 1899 5059 ut

296 5020 453 5131 aﬁus
499 5074 780 5138 Coloniae,
827 5080 1041 5144 praeter
1094 5074 1532 5144 Euphronium,
1581 5074 1899 5144 episcopus

296 5162 422 5201 non
436 5143 993 5201 dareturPromittit
1007 5144 1163 5199 enim
1181 5143 1634 5199 Coloniensibus
1649 5143 1899 5200 Basilius

296 5233 403 5271 eos
436 5222 491 5273 et
522 5232 910 5273 communem
932 5231 1068 5271 cum
1108 5215 1236 5270 aliis
1270 5215 1595 5287 provincia:
1625 5216 1898 5271 Ecclesiis

299 5286 611 5343 utilitatem
630 5292 1038 5358 percepturos,
1054 5292 1108 5340 et
1124 5286 1526 5357 Euphronium
1544 5286 1744 5341 abillis
1768 5303 1903 5358 pro-

300 5360 427 5431 prie
456 5357 735 5414 regendis
753 5374 872 5431 non
896 5357 1331 5412 discessurum.
1352 5360 1421 5431 In
1442 5360 1902 5413 aliorumcusto-

298 5429 423 5497 dia,
439 5429 974 5502 ἱῐιειυὶῐ,.ςεσιι7’ῖ’ΐ(ιεί
990 5436 1196 5502 uestrze
1206 5429 1538 5502 provident,
1550 5431 1899 5500 (utiqueeri-

300 5506 375 5557 tis
388 5500 934 5566 aboinm'tumullu,
949 5500 1085 5555 aliis
1109 5500 1251 5554 belli
1264 5502 1543 5569 impetum
1561 5503 1901 5556 sustinenti-

305 5574 430 5628 bus.
475 5576 608 5629 Haec
645 5571 996 5629 communia
1033 5570 1484 5625 Coloniensibus
1505 5577 1673 5626 erant
1704 5571 1905 5627 futura

302 5659 443 5700 cum
470 5644 603 5701 aliis
644 5643 968 5716 provinciae
999 5640 1291 5696 Ecclesiis.
1322 5639 1473 5705 Quid
1504 5646 1705 5697 autem
1737 5642 1906 5700 Colo-

2058 4295 2338 4351 hronium
2356 4294 2616 4352 Coloniae
2634 4299 2689 4349 et
2702 4293 3002 4365 Nicopolis
3020 4307 3405 4350 communem
3467 4296 3659 4348 atrem

2012 4311 2283 4421 Futurum
2312 4365 2642 4421 pollicetur.
2667 4365 2937 4421 Ridicula
2966 4379 3111 4420 sane
3132 4367 3191 4419 et
3226 4308 3493 4418 absurga
3517 4378 3659 4421 pro-

2039 4372 2283 4423 uturum
2312 4365 2642 4438 pollicetur.
2667 4362 3111 4438 Ridicula‘sane
3132 4367 3191 4419 et
3226 4362 3493 4438 absurda
3517 4378 3661 4438 pro-

2014 4438 2216 4506 missa,
2247 4438 2296 4493 si
2315 4433 2733 4509 Euphronium
2761 4435 3005 4509 Colonia
3041 4450 3165 4509 non
3189 4449 3329 4509 cum
3367 4433 3656 4509 Nicopoli,

2011 4509 2115 4581 sed
2133 4504 2277 4581 cum
2307 4504 2437 4564 aliis
2464 4507 2735 4563 Ecclesiis
2757 4505 3203 4581 episcopalibus
3220 4504 3488 4577 Nicopoli
3509 4504 3655 4563 sub-

2005 4580 2175 4649 jectis
2200 4595 2589 4635 communem
2620 4576 2853 4649 patrem
2884 4576 3013 4633 erat
3038 4576 3340 4633 habitura.

2081 4651 2193 4721 (84)
2231 4650 2396 4721 Ὑμῖν.
2440 4654 2521 4706 Ita
2566 4666 2708 4705 mss.
2758 4664 3002 4721 summo
3041 4662 3359 4715 consensu,
3389 4652 3447 4705 et
3468 4650 3654 4721 paulo

2007 4725 2145 4793 post
2176 4719 2179 4721 “
2208 4719 2295 4791 τῷ
2341 4722 2455 4793 καθ’
2521 4722 2672 4792 ὑμᾶς.
2729 4719 2879 4775 Editi
2919 4722 3042 4791 ἡμῖν
3093 4724 3153 4776 et
3194 4727 3293 4793 rga
3325 4721 3442 4772 καθ’
3473 4719 3652 4793 τομᾶς.

2006 4789 2187 4845 Paulo
2243 4789 2378 4863 post
2432 4789 2797 4863 λυμαινόμενος
2853 4789 3146 4863 ἱτταινετόςῘΔ
3184 4789 3299 4863 _S_ed
3349 4789 3657 4863 postrema

2005 4878 2123 4916 vox
2175 4860 2365 4917 multo
2410 4860 2625 4916 melius
2654 4860 2855 4915 'deest
2899 4861 2961 4917 in
3016 4860 3536 4922 codicibus'Med.
3597 4867 3658 4919 et

2006 4932 2176 5055 c3131.
2200 4932 2417 5004 primo.
2461 4931 2686 4986 ibidem
2715 4931 2891 4987 Coisl.
2924 4932 3158 5004 primus
3203 4931 3413 4984 κωλύων
3453 4940 3524 5005 μὴ
3567 4934 3653 4985 ἐπὶ

2006 5024 2041 5055 π
2075 5023 2193 5055 ειον.

2002 5023 2193 5058 πλειον.

2074 5075 2183 5143 (85)
2230 5073 2431 5147 ᾈΠλείων
2484 5073 2801 5147 προσῆλθεν.
2846 5074 3032 5147 Coisl.
3092 5074 3327 5147 primus
3376 5074 3650 5147 προῆλθεν.

2005 5146 2151 5202 Med.
2190 5145 2360 5197 πλεῖον
2398 5144 2677 5219 προῆλθεν.
2724 5145 2903 5201 Paulo
2933 5150 3073 5219 post
3094 5144 3276 5219 'deest
3304 5146 3361 5196 τὸ
3380 5144 3453 5219 in
3478 5145 3654 5219 quin-

2005 5232 2124 5291 que
2154 5233 2298 5271 mss.
2322 5214 2469 5291 ante
2502 5217 2764 5291 εἰρῆσθαι,
2797 5214 3154 5274 non'tamen
3184 5216 3351 5271 deest
3377 5214 3438 5269 in
3478 5214 3650 5270 Coisl.

2006 5287 2202 5361 primo
2234 5292 2289 5343 et
2320 5287 2473 5344 Med.

2079 5362 2191 5429 (86)
2253 5360 2658 5433 Ἐπιστήσομεν,
2719 5360 2908 5433 Coisl.
2968 5360 3203 5431 primus
3267 5356 3652 5433 ἐπεισείσομεν.

2010 5432 2153 5499 Vat.,
2174 5426 2394 5500 'Paris.,
2427 5426 2600 5489 Coisl.
2632 5432 2933 5489 secundus
2963 5426 3020 5486 et
3048 5433 3188 5501 Reg.
3213 5426 3659 5483 sccundus’im-

2011 5520 2268 5556 σεισομεν.

2082 5523 2608 5647 (ἒῗῖὟΛΦερόμενοιη
2664 5572 2855 5647 Coisl.
2931 5571 3163 5647 primus
3240 5574 3667 5647 περιφερόμενοι.

2017 5624 2198 5700 Ρέὰἱὸ
2221 5624 2358 5716 post
2382 5624 2655 5702 agar-in
2673 5624 2901 5699 eaeam
2931 5624 3155 5700 abavo;
3194 5648 3248 5700 et
3286 5624 3666 5702 i‘n'ueaiced
