4054 6228
1197 337 1684 397 EPISTOLARUM
1719 334 2000 394 CLASSlS
2038 343 2102 396 ll.
2143 344 2354 403 EPIST.
2391 349 2651 406 CCXXIX.
3495 360 3599 414 858

239 469 416 521 κοινὴν
447 465 588 534 ἴχειν
618 465 750 537 πρὸς
775 467 892 524 τούς
925 466 1154 536 γείτονας
1201 465 1342 537 ὑμῶν
1391 461 1798 536 καταδεξάμενοι
1825 481 1839 496 ο

1957 467 2246 526 Dominus
2275 471 2504 530 dederit
2543 479 2610 530 ut
2650 475 2728 532 ad
2759 492 2863 532 vos
2893 477 3156 548 veniam,
3190 479 3388 552 majus
3420 481 3601 539 etiam

239 559 426 626 μικρόν
457 550 518 605 δὲ
547 552 780 625 ὕστερον,
800 551 860 604 ἂν
889 549 966 624 δῷ
994 555 1020 606 ὁ
1045 557 1232 628 Κύριος
1249 559 1340 614 τὴν
1361 551 1648 627 ἐπιδημίαν
1667 555 1835 626 ἡμῶν,

1955 569 2154 612 eorum
2183 574 2318 630 quae
2343 561 2502 619 facta
2529 569 2664 618 sunt
2693 563 2974 620 solatium
2997 549 3320 641 accipietis,
3345 569 3394 625 si
3417 571 3598 630 modo

1948 643 2012 700 id
2041 645 2214 702 vobis
2245 651 2658 708 necessarium
2687 653 3000 710 videbitur.

241 340 342 394 857

237 647 324 694 καὶ
337 641 640 716 τελεωτέραν
657 644 994 717 παραμυθίαν
1011 653 1110 694 τῶν
1121 647 1400 716 γενομένων
1419 640 1686 707 ἑκδέξεσθε
1700 645 1834 708 (94),

236 730 322 784 ίαν
351 739 506 785 τοῦτο
531 733 651 804 ύμῖν
683 730 965 804 ἀναγκαῖον
993 741 1286 805 καταφαιῇ,

757 828 1044 876 ΕΠΙΣΤΟΛ
1054 829 1094 875 Η
1135 821 1297 877 ΣΚΘ’.

2431 825 2764 888 EPISTOLA
2815 833 3103 889 CCXXIX‘.

231 919 500 1004 Spiritus
523 921 720 1004 sancti
755 920 1264 1004 consilio/actum
1296 935 1562 1004 esse‘nop
1585 919 1842 1004 ιζιιρίτςζι,
1875 920 2213 1004 ᾳιιοιέταρζιίί
2234 939 2328 980 eos
2352 926 2586 1004 factum
2611 928 2837 1004 fuerat.
2861 930 3109 1004 Laudat
3135 931 3428 988 Pcemem'i
3441 937 3602 1004 'pr-u"

303 989 573 1046 dentiam
599 997 654 1048 et
684 991 744 1047 in
775 1007 842 1048 re
881 993 1084 1049 statim
1110 991 1478 1062 perﬁcienda
1505 991 1831 1062 fortitudz’n

303 1064 386 1119 ad
415 1077 508 1118 eos
537 1068 878 1119 venturum.

1991 989 2298 1052 Hortatur
2335 989 2409 1054 ile
2441 989 2815 1057 Coloriienses
2845 1002 3088 1058 irritent
3112 1021 3133 1057 .-
3155 1019 3314 1073 spem
3341 989 3510 1076 σιγῶ-ί
3539 989 3601 1064 se

643 1187 762 1242 Τοῖς
791 1180 1054 1255 κληρικοῖς
1079 1181 1419 1242 Νικοπόλεως.

311 1292 363 1345 1.
406 1291 508 1341 Καὶ
555 1287 680 1362 παρ’
731 1287 838 1350 ἑνὸς
891 1288 1130 1350 εύλαεοῡς
1180 1293 1270 1342 καὶ
1323 1286 1567 1362 δευτέρου
1621 1292 1835 1361 γενόμε-

229 1397 320 1430 νον
360 1380 508 1452 ἔργον
547 1377 862 1453 πληροφορεῖ
900 1380 1038 1450 ἡμᾶς
1076 1387 1137 1450 τῇ
1191 1377 1485 1452 συμϐουλία
1531 1385 1622 1430 τοῦ
1667 1380 1833 1430 ΙἸνεύ-

230 1486 404 1540 ματος
451 1468 742 1538 γίγνεσθαι.
807 1465 969 1520 Ὀταν
1033 1471 1134 1542 γὰρ
1194 1465 1360 1540 μηδὲν
1519 1467 1836 1542 ἀνθρώπινον

227 1558 340 1630 πρὸ
395 1555 670 1628 ὀφθαλμῶν
721 1561 970 1628 κείμενον,
1029 1554 1168 1628 puri“:
1226 1567 1403 1628 σκοπῷ
1457 1558 1648 1620 οἰκείας
1703 1561 1837 1608 ἁπο-

225 1645 468 1706 λαύσεως
523 1648 654 1718 πρὸς
694 1647 785 1708 τὰς
843 1647 1096 1721 ἐνεργείας
1151 1648 1382 1720 ὁρμῶσιν
1451 1649 1500 1699 οἱ
1537 1649 1676 1699 ὅσιοι
1701 1647 1836 1716 (95),

2397 1185 2650 1244 Clericis
2676 1189 3142 1260 Nicopolitanis.

2019 1293 2067 1343 1.
2110 1291 2280 1350 Quod
2308 1291 2402 1348 vel
2431 1293 2509 1349 ab
2540 1311 2662 1352 uno
2693 1299 2796 1352 aut
2827 1296 3012 1352 altero
3053 1297 3298 1354 homine
3343 1297 3444 1370 pio
3485 1299 3602 1355 fae-

1947 1381 2076 1433 tum
2121 1383 2228 1448 est,
2281 1379 2344 1435 id
2391 1382 2568 1438 nobis
2607 1389 2766 1440 certo
2817 1385 3163 1457 persuadet,
3195 1403 3322 1442 rem
3349 1387 3600 1446 consilio

1947 1467 2198 1538 Spiritus
2227 1467 2378 1524 fieri.
2419 1471 2646 1528 Etenim
2675 1473 2782 1528 ubi
2811 1474 2957 1530 nihil
2987 1473 3240 1530 humani
3269 1475 3348 1532 ob
3393 1477 3600 1532 oculos

1947 1556 2228 1628 positum,
2261 1574 2456 1632 neque
2487 1561 2683 1617 studio
2723 1563 2950 1634 proprii
2976 1564 3283 1620 commodi
3313 1564 3388 1620 ad
3421 1581 3600 1636 agen-

1947 1643 2092 1700 dum
2127 1648 2317 1703 sancti
2364 1647 2654 1720 feruntur,
2699 1652 2806 1706 sed
2853 1651 3020 1724 quod
3069 1655 3188 1708 Deo
3218 1657 3456 1723 gratum
3488 1658 3596 1720 est,

229 1733 350 1786 ἀλλ’
399 1737 424 1786 ὅ
479 1753 529 1786 τι
581 1734 852 1808 εὐάρεστον
894 1743 967 1806 τῷ
1017 1743 1130 1807 Θεῷ
1169 1738 1492 1812 προθέμενοι,
1543 1733 1720 1802 δῆλον,
1758 1737 1837 1788 ὅτι

1955 1733 2062 1788 sibi
2095 1741 2472 1808 pr0ponunt;
2505 1737 2690 1812 liquet
2718 1741 3034 1798 Dominum
3069 1757 3220 1806 esse,
3251 1742 3356 1815 qui
3387 1758 3598 1798 eorum

225 1827 430 1898 Κύριός
505 1821 644 1876 ἔστιν
712 1825 738 1876 ὁ
799 1825 888 1886 τὰς
937 1822 1164 1898 καρδίας
1243 1825 1410 1878 αὐτῶν
1491 1827 1832 1880 κατευθύνων.

1955 1824 2131 1880 corda
2181 1824 2399 1894 dirigit.
2444 1829 2588 1882 Cum
2639 1833 2838 1884 autem
2875 1830 3212 1903 spirituales
3259 1831 3366 1887 viri
3405 1831 3600 1888 consi-

1942 1911 2161 1970 liorum
2205 1919 2480 1971 auctores
2513 1922 2670 1982 sunt,
2701 1935 2926 1991 eosque
2959 1921 3230 1992 sequitur
3273 1921 3442 1994 plebs
3491 1925 3601 1978 Do-

1945 2004 2093 2058 mini
2119 2005 2400 2060 concordi
2433 2009 2744 2078 sententia,
2764 2009 2898 2082 quis
2920 2009 3238 2081 dubitabit,
3269 2011 3416 2084 quin
3439 2027 3602 2067 com-

1491 1827 1832 1880 κατευθύνων.

217 1913 412 1966 Ὀπου
479 1909 538 1966 δε
598 1910 783 1986 ἄνδρες
864 1919 1205 1987 πνευματικοὶ
1289 1924 1390 1968 τῶν
1468 1915 1834 1988 βουλευμάτων

222 2005 626 2076 κατάρχουσιν,
667 2004 844 2055 ἕπεται
883 1999 942 2056 δε
979 2007 1178 2066 τούτοις
1205 2005 1324 2066 λαός
1367 2011 1560 2081 Κυρίου
1603 2004 1652 2058 ἐν
1701 2025 1836 2078 συμο

223 2097 404 2165 φωνίᾳ
443 2099 539 2154 τῆς
592 2095 822 2165 γνώμης,
871 2097 950 2155 τίς
1005 2093 1284 2166 ἀμφιϐαλεῖ
1335 2099 1406 2168 μὴ
1457 2095 1584 2167 οὐχὶ
1619 2103 1680 2168 τῇ
1723 2115 1838 2148 κοι-

223 2185 393 2254 νωνίᾳ
423 2189 514 2234 τοῦ
565 2187 758 2256 Κυρίου
801 2183 944 2255 ἡμῶν
981 2183 1154 2241 Ἰησοῦ
1213 2192 1468 2259 Χριστοῦ,
1499 2193 1589 2237 τού
1620 2189 1676 2237 τὸ
1707 2187 1838 2256 αἷμα

226 2272 400 2326 αὐτοῦ
457 2273 582 2347 ὑπὲρ
649 2281 748 2323 τῶν
811 2272 1130 2331 Ἐκκλησιῶν
1208 2273 1484 2346 ἐκχέαντος
1549 2278 1681 2344 (96),
1745 2279 1838 2334 τὴν

229 2362 438 2437 βουλήν
467 2365 822 2433 γεγενῆσθαι;
881 2363 1032 2416 Ὀθεν
1081 2369 1169 2417 καὶ
1213 2365 1360 2418 αὐτοὶ
1397 2365 1560 2426 καλῶς
1599 2365 1840 2420 εἰκάσατε

225 2453 324 2502 τὸν
375 2451 766 2523 θεοφιλέστατον
825 2449 1045 2525 ἀδελφὸν
1097 2455 1242 2526 ἡμῶν
1299 2459 1388 2506 καὶ
1447 2455 1840 2530 συλλειτουργόν

231 2543 516 2613 Ποιμένιον
561 2539 668 2610 (97)
711 2543 848 2592 κατὰ
887 2545 1014 2594 Θεὸν
1053 2545 1380 2610 κεκινῆσθαι,
1427 2545 1482 2605 ὃς
1519 2549 1610 2594 καὶ
1651 2543 1837 2602 ἐπέστη

233 2633 358 2704 ὑμῖν
397 2629 444 2682 ἐν
485 2637 674 2704 καιρῷ,
723 2635 813 2682 καὶ
851 2627 998 2702 ξλθεν
1039 2631 1122 2684 ἐπὶ
1164 2635 1250 2685 τὸν
1297 2638 1484 2708 τρόπον
1529 2641 1709 2686 τοῦτον
1750 2641 1840 2694 τῆς

233 2721 596 2794 παραμυθίας.
645 2720 720 2772 Οὖ
788 2719 888 2792 ἐγὼ
955 2721 1082 2792 οὐχὶ
1138 2725 1231 2779 τὴν
1290 2723 1487 2794 εὕρεσιν
1547 2727 1698 2794 μόνον
1749 2742 1840 2775 του

237 2813 594 2882 συμφέροντος
647 2808 858 2880 ἐπαινῶ,
911 2808 1036 2862 ἀλλὰ
1081 2815 1170 2862 καὶ
1217 2815 1275 2864 τό
1321 2821 1416 2874 τῆς
1463 2817 1669 2884 γνώμης
1727 2832 1838 2883 γεν-

232 2907 377 2951 ναῖον
421 2899 696 2970 θαυμάζω,
751 2901 848 2966 ὅτι,
912 2903 982 2972 μὴ
1053 2899 1124 2960 εἰς
1183 2901 1484 2972 ὑπερθέσεις
1535 2900 1743 2972 ἀγαγὼν
1783 2905 1840 2953 τὸ

233 2995 476 3063 πρᾶγμα,
523 2987 726 3050 ἐξέλυσε
788 2991 878 3060 μὶν
943 2994 1032 3048 τὴν
1091 2987 1334 3048 σπουδὴν
1392 2999 1492 3043 τῶν
1531 2990 1840 3052 ἐπιζητούν-

233 3096 354 3148 των,
409 3073 574 3130 ἔδωκε
617 3073 678 3128 δὲ
714 3079 894 3150 καιρὸν
952 3076 1184 3150 φυλακῆς
1227 3086 1336 3141 τοῖς
1373 3081 1836 3152 ἀντιποιουμένοις,

233 3165 478 3240 ἐπήγειρε
546 3163 606 3220 δὲ
665 3167 758 3227 τὰς
824 3165 1094 3228 ἐπιϐουλὰς
1145 3176 1244 3219 τῶν
1297 3165 1690 3242 ἐφεδρευόντων,
1732 3167 1838 3221 ἀλλ’

229 3258 388 3320 εὐθὺς
454 3264 528 3326 τῷ
595 3254 736 3326 καλῷ
804 3255 1124 3329 βουλεύματι
1188 3261 1248 3310 τό
1327 3258 1468 3321 τελος
1556 3263 1836 3330 ἐπήγαγεν.

229 3345 328 3398 ’ον
379 3351 656 3398 πανέστιον
713 3347 826 3417 (98)
892 3345 1153 3417 φυλάξειεν
1211 3349 1236 3398 ό
1287 3350 1471 3422 Κύριος
1525 3357 1587 3420 τῇ
1653 3347 1836 3400 ἑαυτοῦ

231 3438 427 3510 χάριτι
455 3437 592 3506 (99),
643 3437 778 3487 ὥστε
811 3440 906 3494 τὴν
951 3435 1256 3494 Ἐκκλησίαν
1292 3439 1473 3509 ὁμοίαν
1513 3437 1668 3510 ἑαυτῇ
1712 3433 1836 3489 δια-

233 3533 416 3598 μεῖναι
455 3523 500 3576 ἰν
535 3533 594 3596 τῇ
641 3526 874 3596 ὁμοτίμῳ
921 3533 1012 3578 τοῦ
1061 3525 1406 3602 προλαϐόντος
1452 3523 1718 3599 διαδοχῇ,
1748 3531 1837 3580 καὶ

237 3618 318 3685 μή
383 3609 560 3664 δοῦναι
603 3619 782 3688 χώραν
843 3623 914 3684 τῷ
969 3623 1198 3688 πονηρῷ,
1259 3617 1314 3676 ὃς
1351 3623 1456 3682 νῦν,
1513 3617 1650 3688 εἰπερ
1691 3619 1834 3684 ποτε,

233 3702 308 3774 τῇ
341 3701 654 3754 καταστάσει
683 3711 784 3754 τῶν
816 3703 1134 3761 Ἐκκλησιῶν
1165 3701 1526 3780 δυσχεραίνει.

307 3795 365 3848 2.
405 3795 532 3851 Τοὺς
585 3787 644 3843 δε
701 3791 750 3842 ἐν
811 3791 1062 3864 Κολωνεία
1102 3789 1354 3866 ἀδελφοὺς
1399 3793 1564 3846 πολλὰ
1617 3797 1706 3867 μεν
1751 3798 1840 3845 καὶ

227 3881 384 3952 ἡμεῖς
445 3879 866 3952 παρεκαλέσαμεν
947 3877 1040 3933 διὰ
1098 3885 1440 3955 γραμμάτων·
1517 3888 1606 3936 καὶ
1696 3885 1844 3956 ὑμεῖς

228 3965 292 4022 δὲ
337 3965 709 4040 ἀποδέχεσθαι
747 3969 915 4022 αὐτῶν
959 3969 1180 4042 ὀφείλετε
1215 3976 1307 4030 τὴν
1361 3967 1596 4024 διάθεσιν
1652 3972 1842 4044 μᾶλλον

225 4069 256 4118 ἦ
293 4059 608 4133 παροξύνειν
659 4059 862 4126 αὐτούς,
913 4061 976 4119 ὡς
1031 4057 1124 4112 διὰ
1177 4065 1508 4134 σμικρότητα
1563 4063 1846 4136 παροφθέν-

221 4167 350 4215 tu"
405 4144 546 4218 μηδὲ
593 4155 654 4219 τῇ
701 4154 1085 4220 καταφρονήσει
1137 4152 1382 4224 προάγειν
1434 4149 1624 4212 αὐτοὺς
1661 4151 1728 4212 εἰς
1755 4171 1842 4224 φι-

217 4237 520 4292 λονεικίαν.
575 4241 716 4290 Διότι
785 4240 1049 4309 πεφύκασί
1131 4257 1235 4298 πως
1318 4241 1364 4290 οἱ
1447 4239 1842 4311 φιλονεικοῦντες

221 4324 566 4394 ἀϐουλότεροι
598 4327 855 4396 γίνεσθαι,
887 4330 978 4376 καὶ
1011 4325 1170 4378 πολλα
1201 4335 1298 4379 τῶν
1349 4323 1497 4378 ἰδίων
1528 4337 1699 4390 κακῶς
1721 4325 1840 4380 δια-

215 4415 482 4468 τίθεσϐαι
523 4416 648 4488 ὑπὲρ
695 4421 786 4466 τοῦ
830 4414 1065 4473 λυπῆσαι
1111 4419 1233 4476 τοὺς
1272 4415 1707 4488 ἐναντιουμένους.
1739 4417 1842 4468 0:}-

1947 2093 2354 2150 municatione
2387 2096 2620 2152 Domini
2649 2099 2838 2154 nostri
2877 2101 3012 2154 Jesu
3041 2099 3266 2172 Christi,
3287 2101 3392 2173 qui
3419 2115 3600 2158 suum

1948 2183 2307 2250 sanguinem
2331 2199 2440 2255 pro
2473 2185 2740 2242 Ecclesiis
2759 2186 3323 2250 effudit,consilium
3353 2193 3600 2260 captum

1950 2270 2064 2326 sit?
2097 2271 2260 2327 Unde
2282 2277 2338 2328 et
2355 2273 2472 2344 ipsi
2493 2281 2650 2331 recte
2674 2276 3057 2332 existimastis
3083 2277 3598 2348 religiosissimum

1946 2360 2191 2418 fratrem
2249 2368 2522 2418 nostrum
2579 2367 2636 2420 et
2691 2365 3168 2422 comministrum
3230 2367 3600 2424 Pmmenium

1949 2449 2232 2506 divinitus
2281 2451 2464 2508 fuisse
2507 2459 2898 2525 permotum:
2945 2455 3048 2526 qui
3097 2459 3154 2510 et
3199 2455 3389 2512 adfuit
3425 2456 3599 2512 vobis

1950 2545 2308 2612 Opportune,
2341 2547 2396 2596 et
2425 2541 2582 2598 hanc
2614 2544 2970 2600 consolandi
3016 2545 3312 2602 rationem
3349 2545 3593 2602 invenit.

1951 2630 2138 2694 Quem
2169 2629 2418 2701 quidem
2441 2647 2551 2701 ego
2575 2649 2696 2688 non
2725 2633 2924 2690 solum
2951 2633 3028 2689 ob
3055 2650 3180 2690 rem
3205 2635 3408 2690 utilem
3431 2649 3602 2690 exco-

1951 2718 2200 2788 gitatam
2231 2719 2434 2786 laudo,
2469 2722 2572 2778 sed
2619 2722 2806 2778 animi
2837 2723 3016 2778 etiam
3047 2723 3462 2780 fortitudinem
3488 2723 3600 2779 ad-

1950 2807 2166 2878 miror;
2199 2809 2364 2880 quod
2395 2826 2786 2884 nequaquam
2809 2811 3198 2868 dilationibus
3225 2829 3350 2868 rem
3372 2817 3602 2884 protra-

1949 2897 2122 2964 hens,
2153 2897 2552 2955 debilitaverit
2582 2899 3040 2970 eiﬂagitanlium
3089 2901 3380 2964 studium,
3419 2901 3601 2956 dede-

1949 2986 2144 3059 ritque
2201 2991 2438 3060 tempus
2497 2987 2858 3044 adversariis
2913 2989 3024 3044 sibi
3088 2989 3468 3060 providendi,
3531 3003 3602 3044 ac

1947 3075 2368 3132 insidiatorum
2389 3077 2638 3134 insidias
2660 3077 3128 3148 exsuscitaverit,
3161 3077 3266 3133 sed
3288 3075 3600 3132 confestim

1949 3163 2302 3236 praeclarum
2334 3165 2651 3222 consilium
2679 3166 2758 3222 ad
2778 3166 3002 3222 exitum
3023 3165 3386 3238 perduxerit.
3411 3167 3600 3230 Quem

1946 3253 2194 3325 quidem
2259 3269 2394 3309 cum
2457 3254 2622 3310 omni
2659 3255 2888 3312 familia
2952 3255 3248 3312 custodiat
3311 3254 3600 3310 Dominus

1947 3343 2138 3412 gratia
2169 3359 2298 3412 sua,
2335 3347 2396 3400 ut
2443 3343 2710 3400 Ecclesia
2750 3345 2842 3400 sui
2881 3345 3090 3401 similis
3149 3349 3502 3417 permaneat
3536 3344 3596 3400 in

1947 3432 2330 3488 successione
2383 3449 2508 3489 non
2563 3434 2858 3504 degenere
2911 3435 2989 3491 ab
3045 3433 3595 3504 antecesserisvir-

1944 3525 2088 3590 tute,
2145 3537 2258 3578 nec
2309 3521 2486 3578 detur
2545 3523 2716 3578 locus
2777 3523 3065 3593 maligno,
3129 3524 3230 3596 qui
3296 3539 3480 3590 nunc,
3548 3521 3596 3578 si

1945 3626 2218 3682 unquam
2259 3609 2428 3677 alias,
2455 3627 2612 3681 aegre
2651 3611 2760 3668 fert
2790 3611 3148 3684 praeclarum
3201 3611 3595 3668 Eeclesiarum

1945 3705 2192 3756 statum.

2019 3794 2072 3842 2.
2115 3791 2343 3845 Fratres
2373 3793 2574 3844 autem
2605 3789 2708 3862 qui
2750 3789 2810 3844 in
2844 3789 3090 3846 Colonia
3125 3794 3283 3861 sunt,
3319 3788 3594 3862 pluribus

1949 3877 2193 3950 quidem
2231 3883 2287 3934 et
2316 3895 2428 3934 nos
2458 3877 2758 3934 adhortati
2792 3896 3003 3935 sumus
3047 3895 3153 3952 per
3189 3879 3411 3935 litteras
3443 3895 3456 3934 :
3489 3877 3597 3934 sed

1951 3973 2006 4023 et
2044 3984 2148 4022 vos
2201 3967 2429 4022 debetis
2469 3983 2676 4022 eorum
2737 3968 3006 4023 studium
3062 3968 3319 4040 probare
3374 3967 3596 4038 magis.

1950 4073 2134 4128 quam
2159 4057 2328 4127 quasi
2353 4057 2432 4112 ob
2453 4057 2804 4112 tenuitatem
2830 4063 3206 4128 contemptos
3225 4057 3474 4115 irritare.
3497 4059 3602 4112 aut

1950 4151 2300 4216 contemptu
2355 4145 2435 4200 ad
2491 4147 2936 4201 contentionem
2999 4161 3356 4218 provocare.
3402 4145 3602 4202 Solent

1949 4233 2110 4289 enim
2151 4234 2254 4305 qui
2295 4233 2685 4296 contendunt.
2727 4234 3122 4289 inconsultius
3178 4250 3240 4289 se
3279 4249 3503 4303 gerere,
3545 4237 3601 4288 et

1949 4322 2150 4378 multis
2199 4321 2378 4377 rebus
2419 4323 2542 4376 suis
2589 4322 2743 4377 male
2784 4321 3113 4386 consulere,
3155 4327 3218 4376 ut
3261 4321 3600 4376 molestiam

1948 4412 2272 4468 exhibeant
2315 4411 2702 4467 adversariis.
2754 4413 2937 4468 Nemo
2968 4415 3168 4467 autem
3195 4411 3348 4466 adeo
3379 4425 3598 4480 parvus

221 4500 342 4564 δεὶς
381 4499 446 4554 δὲ
475 4503 608 4554 οὕτω
633 4507 822 4577 μικρός
851 4505 914 4564 ὡς
945 4507 1014 4576 μὴ
1052 4501 1312 4556 δύνασθαι
1355 4513 1442 4556 νῦν
1471 4514 1644 4556 κακῶν
1673 4509 1839 4578 μεγα-

1955 4507 2057 4566 est.
2112 4501 2216 4573 qui
2273 4516 2434 4556 nunc
2489 4517 2610 4555 non
2665 4500 2856 4571 possit
2895 4515 3256 4570 magnorum
3297 4497 3596 4554 malorum

217 4591 324 4644 λων
363 4591 606 4666 ἀφορμὴν
653 4601 952 4666 παρασχεῖν
1001 4601 1108 4655 τοῖς
1159 4591 1418 4674 ἑθέξουσιν
1450 4593 1705 4669 ἀφορμήν.
1741 4601 1842 4648 Καὶ

217 4691 390 4735 τοῦτο
455 4681 512 4733 ού
565 4682 949 4754 στοχαζόμενοι
1004 4681 1232 4755 λέγομεν,
1293 4681 1420 4735 ἀλλὰ
1469 4690 1619 4756 πείρᾳ
1669 4693 1840 4737 κακῶν

213 4772 444 4826 οἰκείων
489 4767 884 4843 δεδιδαγμένοι,
917 4771 952 4822 οἱ
979 4775 1278 4846 παραγαγοι
1309 4773 1333 4824 ὁ
1371 4775 1498 4834 Θεὸς
1529 4781 1640 4833 ταῖς
1669 4775 1843 4845 υμετέ-

209 4881 338 4938 Ραίς
373 4867 711 4932 προσευχαῖς
870 4861 1188 4923 Συνεύξασθε
1217 4857 1273 4913 :5":
1311 4865 1400 4913 καὶ
1447 4864 1570 4934 ἡμῖν
1625 4865 1716 4920 τὴν
1765 4863 1842 4914 ετ)-

289 5004 426 5083 (pi)
489 5007 604 5083 Τῶν
642 5005 942 5083 γενομένων.
977 5005 1114 5083 Haec
1145 5002 1508 5083 addidimus
1567 5019 1639 5083 ex
1689 5019 1838 5083 mss.

211 5071 531 5146 quinque.
567 5071 738 5128 Coisl.
762 5071 1001 5146 primus
1037 5073 1282 5146 ibidem.
1318 5071 1544 5136 δεξεσοε.
1575 5077 1844 5139 Quatuor

209 5141 318 5200 alii
371 5141 682 5206 ἐκδέξασθε.
729 5141 1044 5198 Medicmus
1095 5141 1336 5207 δέξασθε.
1390 5145 1592 5201 Solatii
1641 5150 1842 5200 autem

207 5217 486 5272 nomine
523 5215 617 5270 his
648 5215 708 5270 in
738 5215 884 5270 locis
914 5215 1259 5284 intelligitur
1287 5216 1621 5288 remedium
1653 5215 1844 5288 quod-

205 5289 376 5358 dam
411 5293 466 5341 et
489 5291 1054 5358 temperamentum,
1089 5293 1150 5342 ut
1175 5286 1608 5358 indifﬁcilibus
1639 5286 1694 5342 et
1717 5303 1843 5342 mo-

203 5357 402 5416 lestis
439 5356 637 5412 rebus.
673 5356 813 5412 Vide
843 5361 1020 5412 Notas
1052 5358 1130 5412 ad
1161 5357 1333 5429 epist.
1367 5361 1483 5413 126.

285 5431 432 5498 (95)
471 5431 534 5480 Oi
586 5431 745 5484 ὅσιοι.
776 5431 873 5498 Ita
923 5445 1066 5484 mss.
1101 5445 1331 5494 omnes,
1363 5445 1486 5484 uno
1531 5429 1841 5498 Bigotiano

205 5497 514 5570 excepto,
561 5501 671 5572 qui
713 5497 792 5572 ad
840 5500 1409 5572 marginermihabet
1435 5501 1482 5552 oi
1513 5502 1668 5562 ὅσιοι,
1699 5501 1842 5556 etin

201 5575 540 5642 textu,__ut
582 5571 723 5626 editi
766 5573 813 5623 οὶ
861 5571 1029 5642 ἅγιοι.
1085 5571 1310 5627 Ibidem
1348 5571 1756 5642 iParis..Bigot
1785 5577 1844 5626 et

201 5647 351 5702 Vat.
395 5639 564 5702 ἀλλ’ἢ
598 5651 690 5697 τοῦ
711 5639 1083 5716 εὐαρεστεύειν.
1131 5645 1259 5700 Duo
1307 5641 1408 5702 alii
1448 5641 1554 5696 ἀλλ’
1585 5643 1614 5704 ἦ
1662 5639 1720 5698 τὸ
1751 5641 1838 5696 εύ-

1948 4591 2330 4648 occasionem
2397 4589 2854 4645 subministrare
2910 4589 3001 4656 iis,
3057 4589 3162 4660 qui
3214 4588 3596 4644 occasionem

1949 4683 2250 4751 quaerunt.
2283 4681 2484 4750 Neque
2537 4678 2592 4732 id
2647 4694 2717 4734 ex
2767 4677 3124 4748 conjecturis
3172 4676 3456 4744 dicimus,
3489 4677 3592 4732 sed

1947 4767 2313 4838 experientia
2381 4767 2761 4838 propriorum
2827 4765 3126 4822 malorum
3191 4766 3404 4834 edocti,
3461 4781 3597 4838 quae

1952 4857 2127 4928 353
2167 4859 2316 4911 Deus
2345 4855 2626 4927 precibus
2655 4855 2866 4910 vestris
2901 4859 3152 4913 avertat.
3181 4854 3370 4912 Simul
3399 4861 3598 4910 autem

1951 5003 2264 5076 αρέστεύειν.
2293 4998 2599 5076 consentit
2625 5013 2760 5053 eum
2789 4997 2962 5054 editis
2991 4999 3172 5058 Coisl.
3197 4999 3455 5076 primus.

2025 5074 2138 5144 (96)
2177 5071 2506 5142 Ἐκχέαντος.
2553 5069 2640 5126 Ita
2689 5085 2836 5124 mss.
2882 5077 3133 5142 septem.
3195 5069 3346 5126 Edit.
3393 5071 3600 5142 ἐκχέον-

1959 5163 2134 5286 both?)
2177 5215 2466 5284 Ποιμένιον.
2518 5210 2877 5267 Addidimus
2923 5211 3040 5268 hoc
3096 5227 3318 5269 nomen
3360 5227 3427 5267 ex
3468 5213 3602 5266 octo

1953 5303 2134 5426 ωῗδὲ)
2177 5359 2480 5409 Πανέστιον.
2511 5354 2656 5410 Male
2683 5353 2974 5426 interpres
3001 5355 3370 5409 Penestiam.

2023 5421 2138 5496 (99')
2183 5431 2388 5502 Χάριτι.
2443 5426 2616 5482 Coisl.
2669 5421 2992 5493 secundus,
3041 5427 3177 5496 Reg.
3213 5421 3516 5478 secundus
3547 5427 3604 5480 et

1953 5501 2138 5568 Bigot.
2169 5505 2524 5572 χρηστότητι.

2022 5563 2098 5638 (tl
2131 5563 2497 5644 -Προσευχαῖτμ
2530 5567 2703 5644 ῼΟἰβΙ.
2737 5567 3064 5644 primuset
3087 5563 3232 5622 Med.
3267 5564 3472 5636 εὐχαῖς.

2023 5645 2042 5664 ⁶
2083 5640 2244 5698 Alias
2271 5640 2493 5698 CXCIII.
2524 5640 2754 5711 Scripta
2777 5653 2938 5696 anno
2965 5641 3087 5694 375.
