4054 6228
248 364 344 420 861
1209 354 1695 412 EPISTOLARUM
1725 350 2013 410 CLASSIS
2035 355 2104 412 ῐῐ.
2132 356 2246 414 EPI
2254 361 2352 418 ST.
2381 364 2645 421 CCXXXI.

783 485 1114 534 ΕΠΙΣΤΟΑΗ
1145 477 1310 537 ΣΛΑ’.

3501 371 3607 428 862

2352 488 2532 563 354
2563 492 2898 550 EPISTOLA
2928 492 3210 549 CCXXXI'.

248 610 514 668 Basilius
542 604 965 682 Amphilo_chto
992 603 1364 682 commendat
1401 603 1734 682 Elpidiuln,
1766 601 2018 682 nuntiat
2043 604 2115 661 de
2137 607 2355 682 fratris
2381 613 2552 682 fuga,
2577 614 2651 670 de
2678 615 2916 671 insidiis
2953 616 3334 672 inimicorum
3360 631 3606 673 suorum

316 689 371 758 e_t
398 683 768 758 deADoarum
799 677 1079 758 Ecclesiae
1115 677 1588 758 per_tur_bqtione.
1622 676 1926 730 Hortatur
1953 679 2020 729 ut
2044 691 2103 732 se
2125 680 2368 753 invisat,
2381 676 2691 753 'pfomz’ttit
2737 701 2798 743 se
2825 687 2990 742 brevi
3015 689 3339 746 missurum
3369 704 3516 758 opus
3536 689 3608 744 de

315 755 553 824 Spiritu
579 756 808 810 sancto,
832 749 992 818 quod
1017 754 1146 805 erat
1169 748 1528 804 absolutum.

586 873 936 948 Ἀμφιλοχίῳ,
970 872 1239 944 ἔπισκόπῳ
1271 871 1507 926 Ἰκονίου.

317 969 528 1038 Ὀλίγας
580 966 805 1039 εὑρίσκω
860 970 952 1014 τοῦ
1008 964 1223 1035 γράφειν
1276 965 1405 1036 πρὸς
1432 965 1524 1019 τὴν
1559 958 1847 1013 θεοσέϐειαν

247 1079 342 1114 σου
381 1061 476 1119 τὰς
509 1054 766 1129 ἀφορμὰς,
799 1057 889 1105 καὶ
945 1052 1097 1105 λυπεί
1161 1071 1225 1124 με
1290 1059 1446 1104 τοῦτο
1501 1050 1559 1102 ού
1593 1059 1845 1125 σμικρῶς.

244 1148 464 1220 Ὀμοιον
515 1147 642 1218 γὰρ,
701 1145 874 1216 ὥσπερ
908 1139 968 1194 ἂν
1034 1141 1079 1192 εἰ
1143 1146 1234 1194 καὶ
1293 1139 1402 1203 ἐξὸν
1451 1138 1696 1201 πολλάκις
1726 1141 1848 1214 ὁρᾷν

252 1256 310 1290 σε
365 1235 457 1288 καί
494 1232 771 1288 ἀπολαύειν
831 1250 949 1296 σου,
978 1229 1213 1301 ὀλιγάκις
1254 1227 1458 1281 ἐποίουν
1497 1235 1668 1285 τοῦτο.
1713 1228 1849 1282 Ἀλλ’

247 1325 345 1384 ούκ
397 1324 567 1388 ἔξεστί
618 1341 709 1394 μοι
754 1321 969 1392 γράφειν
1027 1314 1102 1372 δι’

249 1415 352 1487 πρὸ
364 1433 385 1474 ς
473 1414 609 1484 ὑμᾶς
700 1408 1104 1482 ἀφικνουμένων·

252 1505 406 1554 οἱονεὶ
458 1495 750 1574 ἐφημερίδα
818 1504 908 1550 τού
960 1495 1085 1568 ἐμοῦ
1119 1494 1240 1570 βίου
1297 1497 1362 1548 τὰ
1387 1499 1672 1569 γράμματα
1700 1492 1851 1548 εἶναι.

249 1593 317 1642 τὰ
395 1590 513 1642 καθ’
601 1589 826 1644 ἑκάστην
891 1587 1102 1660 ,ἡμέραν
1177 1589 1546 1656 συμπίπτοντα
1614 1581 1856 1657 διαγγέλ-

248 1680 355 1732 λειν
385 1679 494 1748 (14)
555 1696 649 1730 σου
718 1684 780 1747 τῇ
842 1674 1044 1746 ἀγάπῃ.
1106 1673 1252 1746 Ἐμοί
1307 1693 1362 1727 τε
1403 1677 1504 1748 γὰρ
1563 1677 1852 1747 κουφισμὸν

249 1773 395 1840 φέρει
423 1771 481 1820 τὸ
538 1765 940 1820 ἀνακοινοῦσθαί
995 1781 1078 1824 σοι
1120 1765 1185 1815 τὰ
1212 1762 1328 1815 καθ’
1370 1783 1525 1834 ημας,
1555 1767 1613 1816 σέ
1651 1781 1703 1816 τε
1732 1758 1857 1815 οἶδα

246 1852 406 1910 οὐδὲν
443 1855 578 1908 ούτω
637 1860 982 1926 μεριμνῶντα,
1043 1853 1204 1911 ὡςτά
1242 1853 1488 1925 ἡμέτερα.
1551 1850 1703 1904 Ἀλλὰ
1767 1857 1855 1902 νῦν

243 1939 542 2013 Ἐλπίδιος,
611 1945 736 2015 πρὸς
800 1943 888 1993 τὸν
945 1939 1132 1992 ἑαυτοῦ
1199 1935 1463 1997 δεσπότην
1511 1937 1854 2012 ἐπειγόμενος.

242 2042 344 2088 τού
414 2029 795 2089 ἀποδύσασθαι
857 2031 950 2092 τὰς
1022 2026 1270 2100 διαϐολὰς
1327 2031 1416 2092 τὰς
1479 2025 1688 2100 ψευδῶς
1715 2029 1856 2100 αὐτῷ

243 2125 400 2196 παρά
453 2141 603 2174 τινων
659 2119 864 2192 ἐχθρῶν
922 2119 1458 2183 κατασκευασθείσας,
1501 2121 1694 2190 ᾔτησεν
1723 2120 1859 2190 ἡμᾶς

1191 1316 1400 1394 ἐπορίαν
1451 1327 1550 1370 τῶν
1629 1317 1850 1370 ἐντεῦθεν

1194 1406 1302 1459 ἐπεὶ
1394 1403 1545 1459 οὐδὲν
1613 1406 1848 1475 ἐκώλυεν,

2281 878 2731 950 Amphilochia,
2773 881 2965 938 Iconiz‘
2996 883 3286 953 episcopo.

2030 963 2254 1020 Paucas
2275 966 2518 1030 invenio
2541 969 2846 1025 scribendi
2867 971 3067 1042 pietati
3090 977 3208 1027 tua;
3235 972 3606 1038 occasiones,

1958 1047 2142 1123 idque
2177 1070 2272 1110 me
2305 1057 2467 1125 angit
2513 1073 2636 1114 non
2669 1058 2895 1114 leviter.
2930 1059 3181 1114 Perinde
3203 1059 3365 1116 enim
3398 1065 3510 1129 est,
3537 1075 3610 1116 ac

1961 1139 2012 1194 si
2041 1140 2243 1199 videre
2301 1149 2355 1201 te
2413 1163 2571 1220 saepe
2621 1163 2761 1204 cum
2825 1164 3091 1220 possem,
3113 1153 3289 1222 teque
3319 1148 3610 1216 frui,raro

1957 1228 2074 1285 hoc
2104 1230 2383 1290 facerem.
2411 1237 2524 1292 Sed
2555 1237 2813 1294 scribere
2837 1238 2982 1293 mihi
3011 1253 3133 1294 non
3159 1238 3314 1307 licet,
3342 1254 3413 1294 eo
3442 1238 3612 1312 quod

1959 1317 2171 1391 desint,
2199 1324 2305 1396 qui
2331 1324 2470 1380 hinc
2500 1325 2580 1381 ad
2624 1342 2729 1381 vos
2778 1327 3235 1397 proﬁciscantur
3268 1343 3281 1392 ;
3311 1327 3611 1402 siquidem

1958 1407 2107 1466 nihil
2152 1410 2488 1484 impediret,
2542 1415 2872 1487 quominus
2927 1414 3113 1471 veluti
3151 1416 3438 1487 qutedam
3472 1415 3611 1472 vitae

1961 1513 2111 1554 meae
2140 1501 2478 1572 ephemeris
2501 1510 2700 1559 essent
2727 1504 2957 1571 litteras,
2980 1521 3118 1578 quas
3171 1505 3441 1576 quotidie
3473 1521 3611 1563 con-

1957 1586 2198 1660 tingunt
2225 1593 2568 1649 nuntiantes
2600 1592 2907 1649 dilectioni
2954 1598 3091 1649 tuae.
3149 1597 3300 1649 Nam
3358 1598 3414 1650 et
3463 1593 3612 1652 mihi

1963 1677 2243 1734 solatium
2275 1679 2449 1736 affert
2476 1681 2551 1737 de
2579 1681 2762 1738 rebus
2798 1681 2946 1737 meis
2973 1686 3171 1740 tecum
3204 1683 3613 1739 communica-

1961 1780 2024 1827 re
2055 1785 2068 1835 ;
2101 1772 2279 1841 teque
2307 1770 2450 1826 novi
2475 1769 2623 1826 nihil
2657 1771 2856 1840 magis
2896 1780 3229 1835 curantem,
3280 1786 3469 1844 quam
3515 1787 3612 1827 res

1963 1871 2150 1912 meas.
2186 1860 2351 1915 Nunc
2373 1864 2575 1915 autem
2613 1858 2880 1931 Elpidius
2925 1860 3004 1916 ad
3048 1875 3226 1915 suum
3259 1859 3474 1917 herum
3504 1859 3616 1915 fes-

1965 1944 2188 2013 tinans,
2225 1951 2289 2000 ut
2333 1947 2643 2019 propulset
2683 1946 3020 2003 calumnias
3077 1947 3194 2003 sibi
3237 1947 3314 2002 ab
3355 1946 3615 2004 inimicis

1965 2033 2270 2090 nonnullis
2318 2039 2596 2103 structas,
2652 2035 2821 2108 petiit
2861 2051 2898 2092 a
2945 2051 3043 2092 me
3103 2035 3442 2108 epistolam.
3508 2039 3617 2094 Per

1965 2137 2149 2194 quem
2192 2127 2250 2178 et
2304 2128 2468 2180 tuam
2517 2122 2715 2180 saluto
2767 2123 3051 2196 pietatem
3077 2140 3148 2180 ac
3171 2123 3276 2180 tibi
3302 2123 3615 2181 hominem

245 2217 348 2270 τήν
407 2208 703 2270 ἐπιστολήν.
767 2208 837 2262 Δι’
893 2209 952 2260 ού
984 2212 1074 2262 καὶ
1132 2208 1601 2281 προσφθηγόμεθοί
1635 2226 1730 2259 σου
1759 2212 1854 2265 τὴν

1975 2212 2352 2280 commendo,
2381 2229 2518 2270 cum
2539 2229 2650 2269 suo
2674 2214 2807 2284 jure
2829 2213 3163 2286 patrocinio
3194 2216 3297 2269 tuo
3337 2213 3614 2282 dignum,

247 2298 539 2369 εὐλάϐειαν,
592 2303 683 2350 καὶ
747 2301 1069 2368 συνιστῶμέν
1129 2315 1214 2348 σοι
1269 2298 1356 2347 τὸν
1387 2292 1558 2370 ἄνδρα
1587 2292 1679 2355 διά
1709 2314 1761 2348 τε
1799 2298 1856 2348 τὸ

249 2386 466 2448 δίκαιον
505 2387 647 2450 ἄξιον
674 2391 797 2438 ὄντα
820 2394 912 2447 τῆς
941 2386 1086 2460 παρά
1114 2391 1209 2437 σοῦ
1268 2389 1617 2460 προστασίας,
1658 2389 1747 2435 καὶ
1781 2381 1856 2441 δι’

250 2482 420 2550 ἡμᾶς’
444 2477 492 2529 οἱ
524 2496 567 2532 ει
588 2480 676 2529 καὶ
699 2476 814 2546 (15)
838 2471 1004 2547 μηδὲν
1017 2473 1140 2526 ἄλλο
1171 2476 1359 2546 ἔχομεν
1386 2473 1526 2543 αύτῷ
1557 2479 1856 2546 μαρτυρεῖν,

252 2566 368 2619 ἀλλ’
419 2567 499 2620 ὅτι
550 2570 668 2638 περὶ
729 2563 918 2617 πολλοῦ
961 2563 1250 2625 ἐποιήσατο
1301 2565 1623 2634 γραμμάτων
1681 2563 1860 2633 ἡμετέ-

251 2675 363 2732 ρων
400 2656 638 2726 γενέσθαι
684 2650 943 2719 διάκονος,
992 2655 1174 2708 τοῦτόν
1195 2669 1249 2703 τε
1275 2653 1365 2721 ἔχε
1397 2649 1444 2701 ἐν
1496 2657 1604 2712 τοῖς
1631 2649 1858 2717 οἰκείοις,

254 2749 350 2796 καὶ
384 2744 529 2815 ἡμῶν
586 2746 844 2817 μέμνησο,
895 2745 984 2792 καὶ
1049 2741 1176 2815 ὑπὲρ
1226 2738 1650 2802 τῆςἘκκλησίας
1675 2741 1860 2810 εὔχου.

254 2839 490 2886 Γίνωσκι
558 2828 638 2896 3‘s,
700 2832 780 2882 ὅτι
833 2830 858 2881 ὁ
895 2831 987 2904 μὲν
1038 2827 1429 2901 θεοφιλέστατος
1479 2823 1695 2900 ἀδελφὸς
1716 2829 1860 2898 ἡμῶν

255 2924 534 2997 ύπερὸριὸς
584 2919 720 2984 ἐστι,
779 2921 869 2979 τὰς
921 2915 1172 2988 ὀχλήσεις
1224 2920 1295 2989 μὴ
1355 2921 1515 2991 φέρων
1573 2923 1672 2967 τῶν
1705 2913 1864 2984 ιάναι-

258 3014 532 3083 σχύντων.
573 3013 746 3080 Δὸαρα
800 3004 859 3059 δὲ
909 3005 1250 3080 χειμάζεται,
1292 3012 1384 3056 τοῦ
1421 3009 1615 3066 κήτους
1642 3011 1734 3055 τοῦ
1772 3022 1861 3055 πο-

253 3100 524 3173 λυσάρκου
558 3117 626 3149 τα
675 3095 781 3148 ἐκεῖ
829 3096 1299 3169 συνταράσσοντος.
1332 3092 1482 3164 Ἡμῖν
1515 3089 1573 3144 δὲ
1603 3095 1652 3144 οἱ
1678 3095 1863 3166 ἐχθροὶ

255 3192 346 3248 τας
412 3185 691 3247 ἐπιϐουλὰς
741 3184 825 3237 ἐπὶ
861 3191 954 3236 τοῦ
1027 3179 1390 3255 στρατοπεδου
1429 3184 1756 3255 τυρεύουσιν,
1799 3182 1864 3240 ὡς

257 3282 285 3329 ὁ
333 3285 433 3328 τῶν
484 3273 701 3328 εἰδότων
752 3273 922 3344 λόγος·
973 3274 1001 3330 ἡ
1038 3269 1097 3323 δὲ
1163 3275 1284 3344 χεὶρ
1339 3278 1430 3322 τοῦ
1500 3275 1693 3341 Κυρίου
1740 3273 1865 3330 τέως

259 3366 377 3418 ἐστὶ
451 3365 564 3438 μεθ’
616 3366 782 3436 ἡμῶν.
830 3366 1000 3415 Μόνον
1066 3364 1228 3431 εὔχου
1294 3363 1365 3431 μὴ
1399 3358 1864 3431 ἐγκαταλειφθῆναι

262 3459 409 3527 ἡμᾶς
463 3454 530 3515 εἰς
576 3451 738 3514 τέλος.
798 3456 900 3503 Καὶ
927 3454 1025 3524 γάρ
1076 3454 1165 3500 καὶ
1227 3449 1253 3500 ὁ
1286 3445 1507 3517 ἀδελ-ρος
1546 3443 1720 3519 διάγει
1749 3448 1865 3500 ἆνε-

1965 2303 2094 2356 tum
2126 2306 2333 2357 nostra
2363 2318 2549 2359 causa
2582 2319 2594 2356 :
2624 2302 2720 2358 cui
2751 2301 2985 2357 etiamsi
3011 2301 3245 2358 nullum
3268 2300 3431 2357 aliud
3461 2302 3618 2357 testi-

1966 2391 2240 2447 monium
2254 2391 2398 2448 dare
2413 2407 2753 2463 possemus,
2773 2391 3109 2463 atprofecto
3130 2390 3276 2464 quia
3299 2390 3618 2462 permagni

1968 2475 2123 2544 fecit,
2154 2484 2218 2534 ut
2246 2495 2416 2536 meas
2440 2479 2516 2534 ad
2546 2485 2598 2534 te
2624 2478 2853 2534 litteras
2891 2477 3200 2550 perferret,
3256 2477 3420 2532 hunc
3467 2477 3620 2534 inter

1967 2566 2292 2624 familiares
2317 2583 2578 2636 recense,
2596 2568 2833 2640 meique
2860 2567 2942 2622 sis
2971 2573 3406 2641 memor,etpro
3419 2568 3618 2624 Eccle-

1971 2657 2061 2712 sia
2089 2673 2357 2730 precare.
2389 2659 2608 2714 Notum
2641 2663 2842 2713 autem
2867 2656 2971 2713 tibi
3002 2657 3076 2713 sit
3099 2657 3619 2728 religiosissimum

1970 2745 2212 2812 fratrem
2242 2761 2446 2804 meum
2487 2745 2782 2812 exsulare,
2832 2761 2972 2800 cum
3028 2744 3335 2801 molestias
3393 2743 3508 2799 sibi
3540 2745 3620 2800 ab

1971 2835 2317 2892 hominibus
2346 2835 2803 2908 impudentibus
2848 2834 3148 2891 exhibitas
3202 2835 3364 2890 haud
3419 2833 3614 2890 ferret.

1973 2926 2167 2980 Doara
2181 2930 2384 2980 autem
2414 2923 2588 2978 valde
2615 2924 3023 2991 exagitantur,
3039 2927 3168 2978 ceto
3183 2922 3372 2978 obeso
3393 2937 3487 2976 res
3507 2921 3617 2977 hu-

1966 3013 2066 3084 jus
2095 3012 2211 3068 loci
2239 3012 2618 3086 pertubante.
2646 3011 2828 3068 Nobis
2863 3015 3066 3075 autem
3113 3010 3340 3067 inimici
3367 3009 3621 3066 insidias

1970 3101 2032 3156 in
2058 3100 2197 3156 aula
2223 3105 2480 3169 struunt,
2513 3105 2578 3155 ut
2623 3115 2824 3156 rerum
2855 3099 3026 3170 gnari
3063 3098 3360 3154 referunt:
3397 3114 3618 3154 manus

1971 3195 2174 3245 autem
2199 3189 2434 3244 Domini
2447 3189 2737 3244 hactenus
2751 3187 3071 3244 nobiscum
3097 3193 3204 3244 est.
3224 3190 3478 3244 Tantum
3492 3201 3622 3258 pre-

1973 3296 2130 3345 care,
2179 3284 2243 3334 ut
2271 3295 2346 3335 ne
2396 3285 2689 3351 perpetuo
2744 3279 3118 3333 desetamur.
3151 3280 3300 3333 Nam
3353 3281 3411 3333 et
3440 3276 3622 3332 frater

1974 3367 2294 3441 tranquillo
2329 3371 2418 3424 est
2441 3368 2648 3423 animo
2681 3385 2694 3435 ;
2723 3373 2780 3422 et
2817 3369 3009 3423 Doara
3037 3367 3357 3438 antiquum
3383 3380 3623 3437 recepe-

1972 3463 2111 3513 runt
2133 3455 2457 3512 mulionem
2493 3473 2505 3522 ;
2538 3454 2686 3510 nihil
2718 3460 2916 3510 autem
2948 3454 3176 3511 habent
3205 3453 3470 3526 amplius
3508 3471 3520 3508 :
3549 3467 3623 3510 ac

263 3563 380 3604 τοςο
443 3547 555 3593 «καὶ
627 3546 798 3615 Δόαρα
864 3543 950 3591 τὸν
1013 3537 1234 3590 παλαιὸν
1304 3535 1525 3588 ἀπέλαϐε
1579 3535 1862 3608 μουλίωναο

1975 3545 2220 3601 consilia
2232 3545 2611 3600 inimicorum
2623 3548 2965 3599 nostrorum
2979 3542 3294 3616 dissipabit
3309 3543 3618 3598 Dominus.

269 3633 429 3684 πλέον
487 3627 543 3682 δε
603 3633 711 3702 ἔχει
763 3625 935 3682 οὐδέν·
993 3632 1083 3680 καὶ
1137 3629 1230 3686 τὰς
1284 3625 1476 3698 βουλὰς
1522 3633 1621 3677 τῶν
1660 3627 1866 3699 ἐχθρῶν

266 3725 424 3792 ἡμῶν
457 3716 804 3780 διααεδάσει
835 3718 950 3789 (16)
973 3719 1180 3790 Κύριος.
1217 3718 1426 3770 Πάντων
1457 3719 1630 3786 μέντοι
1655 3720 1744 3767 καὶ
1771 3723 1870 3765 τῶν

259 3814 532 3884 παρόντων
596 3814 684 3862 καὶ
743 3816 844 3859 τῶν
893 3802 1339 3878 προσδοκωμένων
1397 3804 1656 3877 ,λυπῆρῶν
1719 3803 1870 3866 λύσις

255 3904 391 3970 ἡμῖν
457 3902 516 3951 τὸ
573 3900 630 3951 σε
696 3897 1007 3950 θεάσασθαι.
1057 3894 1237 3961 Ὥστε,
1270 3895 1355 3944 ἐὰν
1395 3897 1610 3963 γένηταί
1641 3896 1726 3944 σοί
1748 3913 1870 3946 ποτε

251 3986 509 4052 δυνατὸν,
570 3988 666 4047 ἓως
705 3989 775 4040 ἔτι
822 3985 973 4057 ἐσμεν
1013 3985 1141 4056 ὑπὲρ
1192 3991 1314 4053 γῆς,
1356 3982 1682 4043 καταξίωσον
1735 3983 1869 4053 ἡμᾶς

252 4075 420 4130 ἰδεῖν.
475 4081 547 4132 Τὸ
596 4081 713 4149 περὶ
755 4082 845 4127 τοῦ
888 4076 1185 4144 ΙΙνεύματος
1211 4071 1325 4142 (17)
1358 4068 1552 4122 ϐιϐλίον
1577 4073 1870 4144 γέγραπται

247 4172 353 4240 μὲν
377 4170 504 4238 ἡμῖν
562 4170 653 4216 καὶ
699 4163 1052 4236 ἐξείργασται,
1085 4164 1154 4222 ὡς
1184 4159 1341 4220 αὐτὸς
1364 4155 1532 4219 οἶδας·
1565 4159 1871 4211 ἀποστεῖλαι

245 4255 317 4311 δὲ
381 4257 433 4309 ἐν
491 4257 666 4328 χάρτῃ
716 4256 1072 4325 γεγραμμένον
1113 4249 1378 4302 ἐκώλυσάν
1409 4267 1471 4322 με
1509 4250 1556 4300 οἱ
1595 4249 1706 4320 μετ’
1744 4247 1870 4319 ἐμοῦ

242 4345 504 4418 ἀδελφοὶ,
556 4344 777 4402 εἰπόντες
833 4344 978 4415 παρά
1031 4347 1129 4400 τῆς
1189 4338 1448 4410 εὐγενείας
1515 4355 1610 4388 σου
1673 4335 1871 4398 ἐντολὰς

244 4441 410 4507 ἔχειν
454 4432 500 4484 ἐν
555 4437 802 4504 σωματίῳ
841 4428 1062 4503 γράψαι.
1125 4427 1213 4480 Ἰν’
1264 4423 1351 4478 οὖν
1415 4430 1486 4497 μή
1545 4445 1594 4477 τι
1639 4421 1870 4496 δόξωμεν

244 4526 573 4577 ὑπεναντίον
619 4527 783 4574 ποιεῖν
848 4526 920 4588 τῷ
964 4514 1336 4594 προστάγματῖ
1387 4534 1503 4588 σου,
1579 4513 1870 4586 ἐπέσχομεν

241 4623 375 4681 νῦν,
452 4610 826 4682 ἀποστελοῡμεν
900 4604 961 4660 δὲ
1017 4611 1202 4681 μικρὸν
1270 4606 1506 4676 ὕστερον,
1574 4608 1726 4676 μόνον
1785 4603 1870 4656 ἐάν

239 4723 403 4762 τινος
443 4697 742 4757 ἐπιτηδείου
783 4705 874 4750 τοῦ
931 4694 1336 4768 διακομίζοντος
1372 4693 1722 4764 ἐπιτύχωμεν.
1751 4692 1867 4766 Ἐῤ-

231 4797 498 4870 ρωμένος
535 4794 625 4841 καὶ
681 4790 904 4862 εὔθυμος
960 4786 1236 4858 εὐχόμενος
1288 4785 1401 4847 (18)
1430 4790 1502 4852 τῷ
1536 4787 1710 4856 Κυρίῳ
1741 4783 1867 4860 ὑπὲρ

235 4887 415 4957 ἡμῶν
470 4880 782 4954 χαρισθείης
819 4896 910 4948 μοι
953 4880 1041 4927 καὶ
1093 4882 1154 4946 τῇ
1213 4880 1302 4924 τοῦ
1333 4877 1465 4924 Θεοῦ
1498 4870 1780 4941 Ἐκκλησιᾳ
1807 4878 1866 4943 τῇ
1906 4915 1950 4966 D

234 4981 348 5026 τοῦ
400 4972 558 5040 ἁγίου
598 4969 981 5041 φιλανθρωπίᾳ.

319 5057 818 5129 (14)Διαγγέλλειν.
861 5055 961 5129 Vel
1011 5051 1336 5129 legendum
1386 5047 1774 5129 διαγγέλλοντος,
1807 5053 1872 5129 lit

233 5123 540 5187 seelinda
566 5121 753 5184 manu
785 5128 1074 5196 scriptum
1094 5125 1390 5196 invenitur
1408 5125 1470 5196 in
1497 5121 1700 5196 codice
1727 5121 1868 5196 insi-

228 5204 404 5267 gnis
445 5199 718 5256 Ecclesiae
757 5189 1102 5267 Parisiensis
1129 5213 1142 5260 ;
1171 5194 1264 5250 vel
1303 5193 1554 5267 verbum
1607 5189 1872 5267 sintde-

225 5259 543 5331 lendum.
577 5271 740 5327 Idem
765 5267 954 5324 codex
997 5266 1208 5322 habuit
1258 5266 1467 5336 prima;
1495 5279 1677 5318 manu
1715 5259 1868 5333 διαγ-

227 5346 482 5419 γέλλων.
513 5343 814 5419 itidemrut
830 5339 1087 5419 Clarum.
1112 5343 1169 5392 et
1199 5334 1582 5419 Bigotl‘a‘l‘ter.

315 5421 376 5487 (1
397 5418 461 5487 ἓξ)
493 5415 556 5466 Οἱ
584 5414 627 5487 εἰ
662 5418 773 5487 καί.
799 5416 884 5487 Ita
922 5415 1147 5487 septem
1195 5424 1343 5487 mss.
1373 5406 1519 5487 Editi
1547 5405 1870 5487 si‘xa‘t._Sed

226 5476 547 5559 ut‘plena
564 5485 636 5559 sit
662 5485 842 5553 hujus
869 5476 1374 5559 locilemendatio,
1393 5476 1712 5559 legendum
1729 5479 1870 5557 ἔχοι-

229 5549 370 5637 μενξ
423 5563 488 5636 ut
525 5549 1684 5637 ininter'pretandoexpressimus:[lich
1707 5549 1869 5603 enim

221 5615 584 5687 hominem
600 5615 852 5682 Basilius
863 5615 1261 5695 Amphilochii
1274 5619 1606 5693 patrocinio
1615 5617 1866 5690 dignum

1978 3637 2158 3690 Porro
2207 3634 2477 3688 omnium
2524 3637 2581 3688 et
2617 3632 3113 3704 praesentium,et
3141 3630 3622 3703 impendentium

1979 3723 2392 3780 molestiarum
2445 3720 2660 3777 solutio
2704 3721 2766 3777 in
2823 3737 2894 3777 eo
2932 3722 3152 3793 posita,
3190 3725 3254 3776 ut
3283 3725 3337 3776 te
3358 3719 3618 3775 videam.

1979 3815 2174 3878 Quare
2197 3811 2496 3883 siquando
2523 3810 2627 3866 tibi
2658 3809 2918 3882 liquerit,
2936 3809 3082 3865 dum
3136 3809 3334 3865 adhuc
3384 3808 3444 3863 in
3465 3811 3625 3863 terra

1979 3917 2310 3968 versamur,
2349 3916 2424 3956 ne
2476 3901 2742 3970 graveris
2789 3915 2904 3954 nos
2959 3898 3236 3956 invisere.
3271 3901 3350 3953 De
3403 3895 3623 3969 Spiritu

1977 3993 2130 4050 liber
2155 3990 2414 4062 scriptus
2440 3987 2687 4061 quidem
2715 4004 2750 4044 a
2779 3987 2957 4044 nobis
2988 3991 3077 4042 est
3113 3991 3170 4043 et
3198 3985 3536 4051 absolutus,
3559 3985 3626 4040 ut

1978 4084 2106 4154 ipse
2153 4079 2338 4137 nosti.
2381 4077 2714 4143 Quominus
2767 4081 2968 4132 autem
3001 4076 3297 4136 mitterem
3328 4073 3388 4128 in
3419 4073 3627 4128 charta

1979 4169 2372 4240 descriptum,
2403 4165 2768 4238 prohibuere
2797 4165 2901 4237 qui
2940 4179 3183 4219 mecum
3226 4167 3363 4218 sunt
3392 4161 3622 4232 fratres,

1980 4275 2120 4315 cum
2146 4273 2209 4312 se
2232 4272 2268 4310 a
2306 4261 2360 4310 te
2395 4253 2682 4309 mandata
2706 4252 3224 4317 haberedicerent,
3255 4255 3322 4305 ut
3347 4250 3409 4306 in
3437 4264 3626 4305 mem-

1980 4344 2188 4402 branis
2223 4341 2594 4398 describant.
2649 4344 2729 4396 Ne
2769 4340 2916 4412 quid
2958 4340 3136 4410 igitur
3165 4341 3374 4394 contra
3401 4351 3626 4407 praece-

1981 4442 2149 4508 ptum
2179 4437 2348 4488 tuum
2404 4431 2600 4487 facere
2641 4429 2978 4495 videamur,
3010 4442 3172 4482 nunc
3225 4423 3628 4499 procrastina-

1981 4525 2201 4590 vimus,
2231 4521 2336 4576 sed
2360 4518 2542 4592 paulo
2563 4523 2698 4590 post
2717 4517 3043 4584 mittemus,
3066 4515 3110 4570 si
3135 4530 3316 4588 quem
3340 4512 3624 4568 idoneum

1981 4613 2058 4669 ad
2089 4608 2514 4683 perferendum
2567 4605 3013 4661 nanciscamur.
3071 4602 3285 4658 Valens
3333 4601 3629 4672 laetusque

1982 4707 2036 4756 et
2068 4715 2177 4772 pro
2201 4713 2295 4753 me
2329 4696 2492 4766 apud
2524 4694 2845 4750 Dominum
2880 4693 3236 4765 deprecator
3265 4688 3628 4746 donerismi-

1979 4789 2042 4846 hi
2080 4794 2137 4845 et
2158 4789 2256 4842 Dei
2288 4783 2583 4850 Ecclesia,
2604 4799 2712 4855 per
2741 4782 2929 4838 sancti
2957 4781 3414 4853 benignitatem.

1981 5057 2113 5098 esse
2145 5040 2465 5102 asseverat;
2498 5034 2722 5091 nedum
2751 5039 2807 5090 et
2837 5033 3069 5088 nullum
3091 5031 3498 5102 testimonium
3525 5029 3626 5102 tri-

1982 5113 2166 5168 buere
2197 5109 2410 5182 possit;
2446 5100 2509 5162 nt
2537 5105 2808 5182 omittam
2823 5105 2874 5182 ej
2888 5105 3126 5182 usmodi
3148 5100 3625 5159 commendatio-

1981 5201 2120 5240 nem
2155 5176 2330 5245 longe
2363 5196 2397 5234 a
2431 5178 2618 5233 Basilii
2646 5177 2978 5245 urbanitate
3004 5176 3246 5245 distare.

2048 5257 2158 5326 (l6)
2189 5243 2538 5306 Διασκεδάσει
2569 5253 2692 5326 Duo
2717 5243 3239 5326 .ms.-d:tar.a'itsda'o'o¢.

2051 5313 2160 5390 ll?)
2203 5327 2518 5394 Πνεύματος.
2581 5320 2728 5376 Editi
2785 5319 3017 5374 addunt
3070 5318 3242 5389 ἁγίου.
3279 5313 3389 5370 Sed
3413 5327 3484 5368 ea
3511 5325 3628 5367 vox

1981 5398 2146 5456 nullo
2179 5399 2237 5451 in
2260 5395 2464 5451 codice
2492 5409 2634 5449 mss.
2669 5397 2923 5464 reperta.
3154 5456 3207 5464 μ

2049 5452 2502 5538 (18)Εύχομενοε.
2532 5452 2776 5538 Regius
2834 5466 3105 5531 uterque,
3154 5456 3338 5526 Bigot.
3388 5452 3544 5510 Alter
3571 5455 3629 5508 et

1980 5537 2950 5624 Οοὶει..βεδιὶϊὲιέρὶύπερευχόιμενος.

2051 5617 2069 5634 ¹
2109 5611 2267 5668 Alias
2293 5609 2570 5666 CCCXCV.
2599 5603 2831 5675 Scripta
2851 5616 3012 5659 anno
3035 5603 3158 5658 375.
