4054 6228
55 33 520 179 η

276 300 381 370 865

1191 294 1679 370 Episromaun
1718 280 1998 367 cusSrs
2036 307 2105 366 ιι.
2143 277 2358 366 EPiS‘I‘.
2399 308 2711 366 ccxxxm.

3528 278 3634 369 eos

279 455 363 499 κις
535 439 915 509 φαντασιοΰται
970 438 1088 509 περὶ
1115 442 1216 488 τῶν
1245 435 1340 489 ούκ
1387 439 1543 488 ὄντων
1595 434 1660 494 ὡς
1698 434 1872 502 ὄντων,
1903 480 1905 487 ι

2002 446 2121 488 sum
2186 431 2248 489 in
2294 436 2586 505 perpetuo
2649 433 2820 487 motu
2882 432 3171 500 versetur,
3236 445 3393 504 saepe
3440 447 3636 491 vanas

281 526 532 588 πολλάκις
562 522 621 579 δε
646 523 934 584 εύθυϐὀλως
963 522 1046 577 ἕπὶ
1071 529 1165 583 τὴν
1205 523 1449 583 ἀλὰθειαν
1480 528 1703 597 φέρεται.
1736 520 1874 575 Ἀλλ’

282 609 462 671 ἐπειδὴ
486 615 653 684 τούτῳ
675 608 709 665 δ
715 631 851 666 ιτται
883 608 1133 685 δυνάμεις
1152 616 1559 687 παραπεφύκασι
1590 613 1719 683 (24),
1741 611 1879 663 κατά

278 706 373 761 τὴν
408 704 659 775 ἡμετέραν
693 710 793 755 τῶν
819 701 891 764 εἰς
920 704 1050 756 Θεὸν
1080 708 1500 756 πεπιστευκότων
1532 700 1815 771 ὑπόληψιν,
1846 699 1871 757 ὁ

274 794 367 863 μεν
395 794 620 865 πονηρὰ,
652 793 681 850 ἠ
709 799 810 843 τῶν
844 787 1130 863 δαιμόνων,
1169 796 1300 866 πρὸς
1327 796 1420 850 τὴν
1453 787 1595 844 ἰδίαν
1640 789 1877 842 ἀποστα-

276 885 393 933 σίαν
448 882 585 953 ἡμᾶς
641 879 1071 954 συνεφελκομένη,
1118 881 1147 939 ἠ
1211 878 1269 934 δε
1327 883 1555 954 Θειοτέρα
1592 884 1683 931 καὶ
1710 878 1878 950 ἀγαθή

270 974 404 1045 πρὸς
424 973 519 1029 τὴν
548 976 642 1022 τοῦ
675 976 808 1023 Θεοῦ
857 971 1107 1042 ὁμοίωσιν
1147 970 1288 1042 ἡμᾶς
1317 969 1586 1042 ἀνάγουσα
1610 986 1620 996 ·
1647 969 1763 1022 ὅταν
1788 969 1877 1040 μὲν

269 1056 345 1131 ἔφ’
373 1058 560 1112 ἑαυτοῦ
580 1063 704 1132 μένῃ
733 1059 758 1110 ὀ
789 1066 927 1122 νοῦς,
952 1062 1115 1132 μικρά
1144 1061 1345 1133 καθορᾷ
1373 1064 1461 1111 καὶ
1493 1062 1557 1111 τά
1582 1058 1747 1128 ἐαυτῷ
1766 1050 1878 1127 (25)

272 1150 552 1223 σύμμετρα
572 1165 584 1177 ·
620 1150 742 1201 ὅταν
775 1143 834 1200 δὲ
856 1154 963 1209 τοῖς
990 1147 1260 1201 ἀπατῶσιν
1289 1148 1468 1201 ἑαυτὸν
1491 1143 1677 1219 ἐπιδῷ,
1702 1145 1881 1218 ἀφανί-

274 1256 373 1299 σας
403 1239 461 1288 τὸ
508 1237 693 1289 οἰκεῖον
722 1242 1013 1310 κριτήριον,
1047 1242 1353 1309 φαντασίαις
1395 1239 1632 1288 σύνεστιν
1664 1233 1880 1287 ἀλλοκό-

272 1345 400 1385 τοις.
432 1330 563 1379 Τότε
591 1329 681 1377 καὶ
709 1328 767 1377 τὸ
809 1324 957 1388 ξύλον
1000 1324 1127 1397 οὐχὶ
1168 1325 1314 1388 ξύλον
1347 1322 1476 1378 εἶναι
1504 1325 1725 1397 νομίζει,
1755 1322 1883 1375 ἀλλά

280 1418 412 1469 Θεὸν
437 1434 451 1448 ·
510 1418 601 1466 καὶ
656 1415 863 1488 χρυσὸν
920 1413 1047 1487 ούχὶ
1086 1418 1345 1489 χρήματα
1389 1411 1517 1466 εἶναι
1546 1418 1728 1486 κρίνει,
1754 1411 1883 1464 ἀλλά

282 1502 614 1576 σεϐάσματα.
674 1503 790 1556 Ἐὰν
850 1499 909 1555 δι
960 1505 1091 1577 πρὸς
1154 1508 1251 1562 τήν
1311 1505 1569 1575 θειοτέραν
1620 1499 1878 1575 ἀπονεύσῃ

279 1588 496 1667 μερίδα,
524 1595 613 1644 καὶ
643 1594 737 1652 τὰς
783 1598 875 1645 τοῦ
925 1594 1218 1664 Πνεύματος
1269 1587 1585 1654 ύποδέξηται
1630 1593 1881 1664 χάριτας,

282 1688 400 1735 τότε
427 1688 626 1754 γίνεται
678 1690 777 1734 τῶν
821 1683 1085 1755 θειοτέρων
1134 1682 1544 1751 καταληπτικός,
1577 1682 1696 1733 ὅσον
1724 1681 1883 1732 αὑτοῦ

1984 521 2213 593 species
2244 521 2361 578 sibi
2391 521 2623 592 efﬁngit
2674 520 2750 576 de
2806 519 2877 575 iis
2907 535 3044 592 quae
3092 535 3214 576 non
3259 524 3418 591 sunt,
3461 521 3637 595 quasi

1984 612 2128 679 sint;
2164 619 2334 685 saepe
2367 612 2551 668 etiam
2591 614 2755 667 recta
2799 609 2879 665 ad
2924 610 3234 667 veritatem
3282 610 3486 668 fertur.
3521 610 3638 670 Sed

1984 700 2127 771 quia
2157 699 2293 756 duae
2324 698 2405 756 illi
2435 699 2657 755 adsunt
2682 697 2950 767 virtutes,
2974 698 3309 755 secundum
3338 705 3634 770 nostram,

1984 790 2091 861 qui
2122 789 2300 861 356
2330 788 2390 844 in
2443 789 2631 845 Deum
2681 787 3005 856 credimus,
3046 788 3423 858 sententiam,
3449 806 3642 863 prava

1986 894 2127 948 una,
2153 894 2287 950 quae
2310 878 2662 933 daemonum
2684 876 2884 944 est,ad
2908 876 3216 948 propriam
3242 877 3639 935 defectionem

1986 982 2098 1022 nos
2130 966 2476 1032 attrahens;
2532 966 2791 1021 divinior
2839 964 3024 1020 altera
3053 968 3109 1020 et
3158 965 3344 1034 bona,
3369 984 3503 1039 qua:
3524 984 3638 1023 nos

1988 1055 2067 1111 ad
2099 1056 2199 1111 Dei
2228 1054 2685 1111 similitudinem
2712 1053 2990 1119 deducit;
3036 1069 3207 1108 mens
3236 1054 3393 1111 intra
3414 1072 3475 1111 se
3500 1071 3639 1111 cum

1988 1143 2298 1207 manserit,
2336 1158 2527 1215 parva
2555 1142 2819 1198 intuetur
2844 1158 2913 1197 ac
2934 1157 3043 1196 suo
3071 1141 3320 1197 modulo
3336 1144 3595 1214 aequalia
3624 1160 3638 1199 :

1990 1249 2129 1288 cum
2160 1248 2300 1288 vero
2353 1231 2794 1303 decipientibus
2856 1247 2919 1286 se
2970 1230 3296 1297 tradiderit,
3329 1233 3642 1304 proprium

1986 1322 2284 1394 judicium
2332 1322 2704 1389 oblitterans,
2748 1321 2809 1376 in
2860 1321 3003 1376 visis
3042 1325 3314 1377 versatur
3342 1321 3642 1378 absurdis.

1990 1413 2153 1467 Tunc
2204 1410 2433 1481 lignum
2500 1425 2623 1465 non
2672 1409 2904 1479 lignum
2964 1425 3099 1465 esse
3157 1409 3475 1476 existimat,
3539 1410 3645 1468 sed

1991 1501 2179 1555 Deum
2214 1516 2226 1554 :
2262 1504 2319 1555 et
2350 1515 2568 1555 aurum
2591 1514 2709 1554 non
2746 1497 3069 1569 pecuniam
3099 1513 3231 1554 esse
3255 1499 3506 1569 judicat,
3538 1500 3646 1556 sed

1991 1604 2238 1644 numen.
2295 1588 2353 1644 Si
2408 1602 2551 1643 vero
2583 1586 2660 1642 ad
2704 1586 3063 1642 diviniorcm
3113 1602 3242 1643 sese
3295 1589 3648 1645 converterit

1992 1682 2250 1748 partem,
2280 1693 2350 1733 ac
2376 1676 2626 1748 Spiritus
2658 1675 2991 1748 susceperit
3019 1676 3262 1746 gratias,
3291 1680 3434 1733 tunc
3462 1676 3649 1749 perci-

283 1780 345 1844 τῇ
419 1774 573 1843 φύσει
630 1773 953 1845 σύμμετρον.
1022 1778 1175 1843 Τρεῖς
1229 1768 1316 1823 οὖν
1376 1770 1505 1824 εἰσιν
1554 1771 1704 1823 οἱονεὶ
1753 1768 1883 1841 βίων

2002 1768 2080 1840 pit
2109 1768 2425 1836 diviniora,
2458 1770 2754 1839 quantum
2780 1766 2973 1839 ipsius
3003 1771 3221 1823 natura
3257 1768 3647 1839 potestattin-

282 1860 639 1921 καταστάσεις
666 1880 678 1893 ο
736 1864 826 1912 καὶ
882 1859 1156 1935 ἰσάριθμοι
1184 1862 1390 1921 τούτοις
1420 1860 1474 1911 αἱ
1502 1866 1594 1911 τοῦ
1624 1866 1712 1910 νοῦ
1741 1859 1884 1931 ἡμῶν

282 1948 553 2024 ἇνέργειαι.
582 1948 647 2002 Ἦ
681 1952 782 2024 γὰρ
828 1951 1031 2022 πονηρὰ
1083 1952 1223 2022 ἡμῶν
1262 1952 1327 2001 τά
1357 1945 1769 2019 ἐπιτηδεύματα,
1797 1950 1886 1999 καὶ

281 2042 490 2112 πονηρά
540 2041 684 2111 ἡμῶν
739 2034 979 2097 δηλονότι
1035 2041 1100 2091 τά
1154 2045 1246 2091 τοῦ
1288 2046 1377 2090 νοῦ
1427 2042 1727 2109 κινήματα·
1782 2038 1885 2089 οἷον

282 2135 547 2201 μοιχεῖαι,
578 2127 788 2196 κλοπαὶ,
822 2124 1263 2203 εἰδωλολατρείαι,
1298 2130 1660 2199 συκοφαντίαι,
1694 2122 1884 2201 ἔριδες,

286 2218 466 2289 θυμοὶ,
492 2214 727 2290 ἐριθείαι,
763 2221 1069 2288 φυσιώσεις,
1118 2220 1209 2268 καὶ
1259 2216 1360 2268 ὅσα
1389 2214 1437 2267 ἐν
1466 2223 1575 2277 τοίς
1603 2217 1770 2289 ἔργοις
1796 2220 1887 2274 τῆς

287 2308 481 2380 σαρκὸς
502 2306 527 2356 ὁ
555 2302 847 2367 ἀπόστολος
877 2304 1077 2365 Παῦλος
1098 2303 1203 2362 ἀπη
1210 2324 1237 2379 ρ
1250 2306 1371 2376 ιθμὴ
1382 2323 1509 2357 σατο
1534 2320 1547 2334 ⁶
1573 2304 1602 2363 ἦ
1636 2309 1770 2377 μέση
1804 2308 1888 2365 τίς

286 2394 403 2449 ὶστι
457 2403 547 2455 τῆς
596 2393 786 2465 ψυχῆς
838 2396 867 2453 ἠ
926 2393 1173 2470 ἐνέργεια,
1224 2397 1341 2446 οὔτε
1369 2397 1784 2467 κατεγνωσμένον
1836 2414 1888 2447 τι

286 2487 516 2556 ἔχουσα,
545 2485 660 2535 οὔτε
685 2481 967 2536 ἐπαινετόνο
996 2485 1062 2545 ὡς
1086 2484 1115 2541 ἡ
1141 2491 1239 2535 τῶν
1265 2481 1542 2555 βαναύσων
1562 2485 1755 2535 τούτων
1775 2483 1886 2555 (26)

285 2581 489 2646 τεχνῶν
519 2572 797 2644 ἀνάληψις,
848 2572 910 2636 ἃς
959 2570 1026 2632 δὴ
1073 2578 1163 2625 καὶ
1210 2577 1376 2647 μέσας
1415 2576 1886 2648 προσαγορεύομεν,

288 2659 444 2715 οὐδὲν
471 2669 543 2733 τῷ
573 2662 769 2715 ἑαυτῶν
816 2661 955 2734 λόγῳ
997 2665 1123 2736 πρὸς
1166 2661 1352 2736 ἀρετὴν
1388 2664 1417 2722 ἣ
1464 2667 1649 2714 κακίαν
1682 2660 1892 2715 ἀποκλι-

290 2755 504 2813 νούσας.
540 2755 675 2804 Ποία
701 2753 803 2825 γὰρ
836 2756 998 2804 κακία
1024 2750 1395 2825 κυϐερνητικῆς
1432 2753 1462 2811 ἢ
1499 2751 1767 2824 ἰατρικῆς;
1815 2751 1890 2804 Ού

291 2844 528 2913 μέντοιγε
574 2836 699 2893 οὐδε
748 2839 930 2915 ἀρεταὶ
980 2840 1137 2894 αὐταὶ
1184 2840 1301 2894 καθ’
1333 2841 1536 2908 ἑαυτὰς,
1565 2839 1671 2892 ἀλλ’
1700 2842 1755 2895 ἐκ
1797 2848 1891 2904 τῆς

289 2936 393 2982 τῶν
420 2933 758 3002 κεχρημένων
778 2931 891 2999 (27)
918 2934 1269 3005 προαιρέσεως
1297 2934 1427 3004 πρὸς
1455 2934 1547 2989 την
1585 2936 1676 2983 τοῦ
1719 2930 1891 3005 ἐτέρου

288 3027 391 3071 τῶν
438 3017 797 3091 ἀντικειμένων
848 3016 1191 3073 ἀποκλίνουσι
1239 3026 1452 3093 μοῖραν.
1504 3018 1563 3071 Ὀ
1616 3023 1791 3091 μέντοι
1827 3026 1889 3092 τῇ

294 3110 503 3165 θεότητι
528 3115 620 3161 τοῦ
647 3109 940 3180 Πνεύματος
970 3106 1274 3182 ἀνακραθεὶς
1302 3115 1440 3174 νοῦς,
1474 3104 1622 3171 οὗτος
1653 3104 1759 3167 ἤδη
1791 3116 1891 3160 τῶν

290 3195 529 3268 μεγάλων
575 3193 689 3248 ἐστὶ
741 3196 1085 3269 θεωρημάτων
1134 3194 1429 3260 έποπτικὸς,
1460 3200 1549 3247 καὶ
1604 3198 1895 3269 καθορᾷτά

290 3287 405 3339 θεῖα
470 3283 657 3353 κάλλη,
721 3291 969 3337 τοσοῦτον
1034 3287 1228 3357 μέντοι,
1288 3285 1409 3337 ὅσον
1442 3286 1495 3345 ,εὴ
1560 3286 1720 3357 χάρις
1759 3281 1894 3337 ἐνδί-

289 3371 434 3428 δωσι
459 3374 594 3443 (28),
624 3377 714 3425 καὶ
740 3375 769 3431 ἡ
798 3377 1094 3432 κατασκευὴ
1128 3373 1288 3426 αὐτοῦ
1318 3370 1662 3446 ὑποδέχεται.

363 3468 420 3518 2.
459 3461 640 3531 Ὠστε,
692 3462 899 3535 ἀφέντες
942 3462 1140 3524 ἐκείνας
1184 3464 1273 3523 τὰς
1330 3460 1663 3525 διαλεκτικὰς
1705 3462 1895 3537 ἐρωτή-

296 3571 433 3618 σεις,
465 3558 532 3622 μή
571 3560 943 3625 κακεντρεχῶς,
977 3549 1084 3602 ἀλλ’
1124 3550 1345 3611 εὐλαϐῶς
1396 3551 1777 3614 ἐξεταζέτωσαν
1801 3556 1895 3609 τὴν

304 3639 573 3697 ἀληθειαν.
605 3637 819 3693 Δίδοται
848 3642 973 3713 ἡμῖν
1026 3642 1085 3691 τὸ
1127 3647 1216 3693 τού
1264 3648 1353 3692 νού
1404 3646 1669 3713 κριτήριον
1708 3640 1779 3701 εἰς
1804 3646 1895 3698 τὴν

295 3738 399 3789 τῆς
446 3726 679 3791 ἀληθείας
731 3732 959 3784 σύνεσιν,
992 3728 1145 3781 Ἐστι
1178 3725 1236 3781 δε
1274 3730 1303 3787 ἠ
1339 3728 1681 3786 αύτοαλὴθεια
1716 3732 1741 3781 ὁ
1769 3732 1897 3791 Θεὸς

291 3820 468 3890 ἡμῶν.
502 3816 659 3870 Ὠστε
681 3821 1068 3892 προηγούμενον
1110 3817 1250 3871 ἐστιν
1280 3827 1352 3889 τῷ
1381 3827 1449 3889 νῷ
1478 3822 1565 3870 τὸν
1598 3822 1725 3872 Θεὸν
1749 3820 1897 3890 ἡμῶν

290 3906 661 3978 ἐπιγινώσκειν
687 3928 699 3941 ·
733 3906 1095 3980 ἐπιγινώσκειν
1134 3904 1193 3960 δὲ
1218 3907 1375 3968 οὕτως
1418 3910 1487 3968 ὡς
1518 3903 1739 3962 δυνατὸν
1768 3928 1898 3979 γνω-

363 4139 412 4173 “
444 4136 635 4195 Galat.
660 4154 715 4207 v,
744 4141 829 4197 t9.

360 4335 954 4408 (24)]ἶᾳραπεφύκασι.
983 4334 1069 4390 Ita
1116 4336 1251 4391 octo
1298 4350 1447 4408 mss.
1485 4334 1635 4391 Editi
1675 4337 1899 4408 πεφύκα-

291 4427 400 4460 σιν.
446 4406 825 4481 ΙιΙιιάᾶυἳθω
864 4407 1269 4481 παραπεφύκ-ασι
1304 4406 1462 4481 idem
1497 4412 1673 4481 sonat
1696 4406 1765 4462 at:
1796 4408 1899 4481 ad-

1995 1873 2151 1928 gere.
2186 1858 2323 1912 Tres
2387 1856 2565 1926 igitur
2618 1860 2758 1911 sunt
2812 1855 2997 1911 veluti
3054 1856 3189 1911 vitae
3253 1857 3646 1925 conditiones,

1994 1945 2368 2017 totidemque
2406 1944 2624 2000 mentis
2672 1948 2890 2000 nostrae
2922 1946 3318 2016 operationes.
3356 1946 3453 2001 Vel
3486 1945 3647 2002 enim

1993 2050 2185 2109 prava
2212 2039 2351 2090 sunt
2380 2033 2581 2089 studia
2609 2037 2917 2101 nostra,ac
2940 2035 3111 2105 pravi
3133 2040 3352 2089 nostrae
3371 2035 3648 2091 videlicet

1995 2122 2211 2178 mentis
2237 2127 2437 2177 motus
2459 2138 2472 2188 ;
2491 2126 2571 2197 .ut
2611 2120 2922 2190 adulteria,
2952 2120 3130 2191 furta,
3170 2121 3530 2188 idololatria,
3554 2137 3651 2178 ca-

1993 2210 2262 2279 lumniae,
2294 2210 2461 2279 rixae,
2490 2210 2613 2277 irae,
2653 2209 3084 2275 contentiones,
3117 2210 3305 2265 animi
3344 2214 3562 2279 tumor,
3595 2214 3653 2268 et

1995 2316 2377 2375 quacunque
2408 2301 2560 2355 inter
2596 2314 2783 2371 opera
2830 2301 3029 2355 carnis
3085 2299 3394 2371 apostolus
3430 2300 3649 2357 Paulus

1995 2389 2372 2447 recensuit“.
2406 2388 2503 2444 Vel
2534 2387 2737 2443 media
2764 2387 3050 2461 quaedam
3082 2393 3169 2444 est
3196 2388 3414 2445 mentis
3442 2404 3652 2461 opera-

1999 2480 2103 2552 tio,
2136 2494 2245 2534 nec
2275 2477 2699 2533 damnandum
2748 2476 3083 2549 quidquam
3110 2476 3345 2533 habens
3376 2493 3485 2534 nec
3522 2477 3651 2534 lau-

1999 2564 2223 2630 dabile,
2269 2565 2431 2621 velut
2474 2566 2693 2621 artium
2739 2565 3001 2635 cognitio
3048 2571 3105 2622 et
3145 2567 3466 2639 perceptio,
3495 2582 3651 2639 quas

1998 2652 2274 2709 videlicet
2301 2654 2535 2711 medias
2562 2658 2619 2710 et
2648 2654 3061 2711 indifferentes
3089 2671 3403 2724 vocamus,
3435 2671 3546 2712 nec
3573 2656 3653 2712 ad

2004 2741 2280 2797 virtutem
2326 2757 2438 2798 nec
2471 2742 2547 2797 ad
2579 2742 2791 2798 vitium
2841 2758 2911 2798 ex
2943 2743 3156 2815 scipsis
3183 2744 3651 2815 propendentes.

2003 2831 2229 2903 Ecquid
2250 2832 2410 2887 enim
2455 2831 2599 2888 mali
2638 2832 2821 2889 habet
2857 2848 2956 2888 ars
2998 2831 3377 2903 gubernandi
3402 2839 3505 2889 aut
3531 2849 3654 2890 me-

2001 2921 2182 2977 dendi
2203 2922 2230 2977 ?
2255 2923 2458 2994 Neque
2488 2922 2670 2977 etiam
2698 2921 2845 2994 ipsae
2869 2937 2975 2994 per
3004 2938 3066 2977 se
3094 2928 3236 2977 sunt
3256 2923 3521 2992 virtutes,
3545 2922 3653 2979 sed

2002 3026 2071 3067 ex
2100 3011 2397 3067 utentium
2435 3011 2749 3083 proposito
2788 3011 2867 3067 ad
2914 3011 3205 3067 utramvis
3230 3012 3651 3084 oppositorum

1924 3138 1964 3193 Ο
2003 3105 2239 3193 partem
2269 3099 2615 3157 deﬂectunt.
2648 3101 2789 3193 Quae
2830 3105 3034 3155 autem
3064 3100 3315 3193 Spiritus
3357 3100 3653 3157 divinitati

2002 3205 2173 3245 mens
2201 3189 2594 3258 immiscetur,
2627 3204 2699 3245 ea
2737 3189 2865 3259 jam
2908 3188 3250 3262 speculatur
3276 3204 3520 3262 magna,
3553 3190 3651 3245 di-

2002 3277 2295 3350 vinasque
2342 3278 2606 3335 intuetur
2655 3278 3150 3350 pulchritudines,
3180 3282 3477 3352 quantum
3518 3279 3652 3352 qui-

2002 3366 2143 3423 dem
2174 3366 2367 3437 gratia
2387 3367 2668 3439 impertit,
2701 3367 3009 3439 ipsiusque
3032 3368 3191 3440 capit
3213 3368 3576 3425 constitutio.

2075 3463 2126 3513 2.
2157 3460 2369 3523 Quare,
2404 3458 2648 3513 omissis
2690 3458 2803 3513 illis
2845 3457 3169 3514 dialecticis
3192 3459 3650 3531 quaestionibus,

2002 3562 2127 3602 non
2158 3546 2432 3612 subdole,
2457 3546 2562 3602 sed
2592 3547 2687 3618 pie
2718 3546 3063 3618 expendant
3089 3548 3653 3605 veritatem.Datum

2005 3634 2184 3690 nobis
2214 3640 2306 3691 est
2351 3634 2567 3690 mentis
2608 3635 2904 3705 judicium
2934 3635 3013 3691 ad
3047 3638 3300 3692 veritatis
3327 3637 3655 3707 intelligen-

2007 3724 2169 3779 tiam.
2203 3726 2301 3779 Est
2328 3729 2529 3779 autem
2581 3724 2717 3795 ipsa
2768 3725 2985 3779 veritas
3026 3726 3179 3780 Deus
3227 3729 3447 3780 noster.
3481 3726 3654 3781 Menti

2002 3813 2206 3885 itaque
2222 3814 2592 3886 praecipuum
2611 3829 2680 3870 ac
2696 3814 3053 3886 primarium
3075 3818 3163 3870 est
3177 3814 3363 3871 Deum
3379 3818 3655 3872 nostrum

2006 3917 2368 3973 cognoscere
2392 3918 2405 3970 ;
2439 3918 2805 3974 cognoscere
2821 3909 3025 3961 autem
3041 3908 3339 3978 quantum
3364 3902 3655 3976 cognosci

2006 4328 2257 4404 ililarpum
2289 4329 2530 4387 artium.
2552 4330 2610 4389 Si
2629 4331 2765 4404 quis
2796 4330 3024 4391 faveret
3048 4347 3161 4389 ms.
3181 4330 3659 4393 codex.libenter

2008 4402 2415 4477 eliminassem
2456 4404 2584 4477 haec
2613 4402 2818 4477 verba,
2842 4420 2987 4477 quae
3035 4406 3241 4477 spuria
3283 4422 3412 4461 esse
3453 4407 3656 4461 nullus

290 4477 607 4549 sunt,sive
638 4473 1035 4549 assectant'ur.
1060 4473 1150 4533 Sic
1168 4477 1229 4532 in
1251 4477 1539 4549 epist.272
1562 4478 1641 4533 ait
1662 4479 1899 4547 magnis
1934 4492 1977 4545 Ι)
2009 4473 2243 4549 dubito,
2274 4479 2331 4529 et
2357 4474 2580 4549 idcirco
2617 4476 2678 4530 in
2730 4473 3449 4549 Latiriaqinterpretatione
3479 4480 3655 4533 omit-

292 4547 702 4622 potestatibus
723 4547 1040 4622 illiberales
1058 4547 1497 4622 assentationes
1528 4549 1714 4622 solere
1734 4569 1901 4622 παρα-

294 4619 551 4693 ἷρύεσθαι.
576 4619 945 4693 Multiautem
961 4636 1032 4693 e_x_
1056 4620 1319 4691 antiquis
1343 4620 1733 4693 scriptoribus
1746 4619 1900 4693 duos

298 4690 518 4759 genios
545 4690 719 4745 nobis
734 4690 945 4745 adesse
967 4690 1237 4745 dixerunt
1267 4696 1329 4745 ut
1348 4690 1620 4759 pluribus
1642 4691 1902 4747 testimo-

298 4764 420 4818 niis
444 4760 995 4832 probatCotelerius
1012 4762 1068 4816 in
1086 4763 1241 4816 Notis
1255 4761 1331 4816 ad
1349 4760 1569 4817 librum
1586 4779 1621 4817 ιι
1642 4763 1897 4819 Hermae.

302 4836 405 4889 Hic
423 4831 627 4887 autem
645 4831 890 4903 Basilius
902 4832 1078 4886 bonae
1092 4835 1398 4903 potestatis
1411 4848 1653 4888 nomine
1666 4850 1787 4889 non
1798 4850 1901 4889 an-

299 4905 511 4975 gelum
545 4902 835 4971 intelligit,
862 4903 965 4957 sed
987 4902 1337 4959 diviniorcm
1370 4910 1741 4972 potestatem,
1772 4920 1903 4975 qum

297 4992 413 5032 nos
460 4975 545 5031 ad
586 4976 697 5031 Dei
744 4975 1195 5030 similitudinem
1240 4976 1501 5039 deducit,
1546 4976 1901 5032 diviniorem

288 5053 565 5129 paf‘lem,
583 5046 848 5129 Spiritys
863 5046 1333 5129 ,ξεινιειίςιναείαὶςἶ
1358 5046 1586 5129 Similia
1606 5046 1903 5129 habemus

295 5116 367 5174 in
388 5116 840 5172 Commentario
862 5118 924 5171 in
949 5117 1168 5172 Isaiam
1190 5131 1251 5171 n.
1274 5122 1437 5186 21,p.
1463 5118 1586 5183 394,
1608 5117 1710 5172 ubi
1731 5117 1905 5173 docet

294 5188 565 5244 Basilius
597 5187 879 5258 Spiritum
900 5194 1175 5243 sanctum
1204 5188 1283 5244 ab
1307 5188 1511 5243 anima
1532 5188 1905 5245 infructuosa

291 5259 609 5327 recedere,
628 5263 874 5329 tumque
894 5258 1109 5314 cadere
1123 5274 1315 5329 sepes,
1332 5259 1687 5329 angelorum
1705 5264 1901 5315 custo-

292 5331 506 5397 diam;
532 5334 590 5385 et
605 5330 948 5399 peregrinos
961 5329 1428 5401 irruere,nempe
1437 5334 1753 5398 potestates
1762 5346 1902 5399 pec-

296 5407 582 5459 calorum
604 5402 767 5456 circa
788 5402 1095 5457 scientiam
1116 5401 1457 5470 effectrices.
1487 5401 1712 5457 Ibidem
1747 5418 1901 5456 unus

295 5474 503 5529 codex
533 5473 666 5523 κατά
694 5491 770 5541 γε.
800 5474 937 5526 Tres
969 5472 1086 5537 alii,
1111 5474 1168 5526 in
1198 5473 1289 5527 his
1319 5473 1649 5538 Mediceeus,
1669 5475 1802 5525 κατα
1830 5492 1899 5525 τε.

386 5547 498 5609 (23$)
523 5547 597 5595 Τὰ
623 5543 807 5615 ἑαντῲ.
828 5543 1002 5597 Cois].
1036 5544 1265 5615 primus
1293 5547 1355 5595 τὰ
1386 5544 1433 5595 ἐν
1459 5552 1646 5612 εαύτῷ.

390 5616 504 5687 (20)
533 5622 643 5671 Τὼν
691 5614 969 5687 βαναύσων
1007 5614 1218 5670 τούτων.
1266 5615 1330 5672 ld
1363 5620 1471 5687 est,
1518 5616 1906 5674 illiberalium

2008 4544 2193 4601 tenda
2223 4561 2351 4600 esse
2398 4545 2565 4600 duxi.
2595 4549 2801 4601 Totam
2859 4546 3019 4601 enim
3074 4544 3272 4602 Basilii
3302 4549 3659 4604 sententiam

2012 4616 2249 4688 penitus
2313 4615 2673 4681 deformant,
2724 4633 2860 4688 quae
2916 4633 3054 4672 cum
3123 4626 3276 4674 artes
3325 4621 3658 4687 generatim

2012 4686 2443 4767 complectitur,
2493 4686 2795 4767 immerito
2850 4687 3233 4767 illiberalium
3289 4692 3506 4767 artium
3556 4707 3661 4746 an-

2012 4758 2223 4833 gustiis
2239 4764 2629 4813 coerceretur.
2647 4762 2935 4833 Prmterea
2951 4761 3173 4833 profert
3198 4762 3447 4817 Basilius
3463 4777 3661 4817 exem-

2012 4829 2091 4904 pli
2118 4828 2254 4904 loco
2314 4834 2500 4904 artem
2529 4828 3053 4904 gubernandiLet
3092 4833 3475 4904 medicinam,
3508 4849 3662 4904 quas

2011 4898 2347 4971 absurdum
2403 4900 2477 4955 sit
2516 4899 2678 4971 inter
2728 4905 2885 4955 artes
2941 4901 3263 4959 illiberales
3318 4898 3659 4971 numerare,

2010 4970 2345 5047 praesertim
2392 4970 2778 5047 medicinam.
2814 4974 2974 5047 Hanc
3013 4980 3202 5047 artem
3250 4975 3380 5047 ipse
3408 4975 3659 5030 Basilius

2012 5040 2285 5113 apprime
2343 5040 2615 5113 callebat,
2666 5046 2813 5098 teste
2862 5044 3142 5113 Gregorio
3198 5040 3659 5113 Na'z.,orat.xx.

2011 5112 2154 5185 pag.
2187 5115 2310 5188 333.
2339 5112 2554 5188 Quanti
2594 5112 3139 5188 medicosfaceret,
3180 5112 3437 5188 perspici
3467 5120 3663 5188 potest

2012 5182 2311 5255 ex’epist.
2373 5187 2471 5237 189
2524 5185 2604 5240 ad
2650 5185 3032 5241 Eustals’tium
3091 5182 3489 5254 a'réhiat'rum',
3556 5186 3662 5241 ubi

2014 5254 2285 5339 assentiri
2317 5270 2382 5335 se
2411 5255 2722 5339 profitetur
2750 5256 2841 5339 iis,
2876 5258 3289 5339 qui‘omnibus
3310 5258 3658 5339 rebus,qum

2013 5324 2261 5397 quidem
2325 5324 2569 5382 in_vita
2626 5328 2824 5382 studio
2890 5324 3215 5396 habentur,
3285 5324 3660 5383 medicorum

2015 5396 2324 5452 scientiam
2355 5401 2751 5469 anteponunt.
2786 5398 2924 5470 Vir‘e
2956 5400 3122 5470 epist.
3150 5404 3235 5463 84,
3261 5415 3427 5453 num.
3472 5404 3512 5452 t.

2069 5469 2203 5552 ,(27)
2260 5473 2625 5543 Κεχρημένων.
2682 5473 2767 5526 Ita
2822 5469 3031 5525 dicem
3089 5488 3230 5526 mss.
3280 5470 3432 5526 Editi
3479 5488 3661 5527 κεκτησ

2016 5559 2196 5613 μενων,

2087 5612 2202 5683 (28)
2235 5608 2537 5667 Ἐνδίδωσι.
2562 5612 2880 5676 Medicwuo
2900 5610 3094 5671 codex
3124 5607 3343 5668 δίδωσι.
