4100 6214
548 246 651 301 867

3398 58 3409 79 «-
3436 34 3855 109 ῆ-πιιίαιομν

3478 88 3493 103 .

3478 88 3493 103 ι

1928 240 1988 295 8.
2027 238 2227 297 BASlL

2338 242 2535 301 IAGNI
3742 252 3820 309 868

549 368 750 440 potest
773 364 1010 422 inﬁnita
1037 364 1329 435 majestas
1352 379 1389 420 a
1414 364 1795 421 tenuissimo.
1828 362 2030 436 Neque
2051 362 2214 419 enim

2338 369 2565 431 >ίζεσθαι
2587 371 2675 421 τόν
2719 366 3095 441 ἁπειρομεγέθη
3128 364 3225 415 ὑπὸ
3263 368 3352 414 τοῦ
3388 369 3692 440 μικροτάτου,
3722 369 3829 427 οὐδε

550 460 870 529 propterea
890 450 1057 527 quod
1085 450 1243 508 oculi
1273 452 1352 509 ad
1382 469 1478 509 res
1509 451 1770 509 visibiles
1792 450 2214 526 percipiendas

551 541 948 613 destinantur,
983 541 1120 597 ideo
1143 540 1273 612 jam
1300 558 1395 597 res
1426 556 1639 597 omnes
1669 539 1940 597 visibiles
1990 539 2218 595 cadunt

550 629 613 689 in
644 636 1061 703 conspectum.
1120 631 1247 686 Non
1297 628 1459 685 enim
1513 630 1646 685 cceli
1701 627 2216 700 hemisphaerium

552 735 677 776 uno
703 719 923 775 obtutu
948 718 1332 791 conspicitur,
1360 717 1466 774 sed
1496 717 1737 790 objecta
1762 717 2008 790 quidem
2030 715 2220 772 oculis

554 807 753 882 specie
806 824 920 864 nos
978 806 1343 875 circumstat,
1398 811 1459 863 at
1509 807 1710 879 reipsa
1757 806 1967 872 multa,
2024 810 2090 861 ut
2144 819 2221 860 ne

554 896 757 953 dicam
806 896 1031 959 omnia,
1064 895 1125 951 in
1160 894 1294 967 ipso
1347 895 1702 965 ignorantur
1733 914 1745 950 :
1777 895 2083 950 stellarum
2114 908 2220 949 na-

556 991 711 1057 tura,
768 1000 977 1041 earum
1034 982 1415 1052 magnitudo,
1471 983 1775 1054 distantia,
1820 987 2045 1048 motus,
2080 997 2219 1038 con-

556 1090 793 1140 cursus,
822 1070 1279 1139 declinationes,
1308 1071 1695 1128 habitudines
1746 1071 2037 1143 reliquize,
2086 1072 2224 1144 ipsa

555 1161 924 1218 ﬁrmamenti
982 1165 1225 1230 natura,
1278 1160 1531 1217 altitudo
1583 1177 1718 1234 quae
1761 1177 1823 1217 se
1878 1176 1915 1218 a
1954 1176 2225 1216 concava

558 1248 1039 1308 circumferentia
1088 1248 1165 1305 ad
1215 1265 1409 1323 usque
1459 1265 1797 1306 convexam
1843 1248 2224 1321 superﬁciem

558 1339 842 1395 extendit.
895 1340 1023 1394 Non
1064 1343 1267 1394 tamen
1300 1339 1633 1395 dixerimus
1664 1338 1885 1395 caalum
1916 1354 2049 1394 esse
2078 1337 2227 1394 invi-

557 1427 749 1495 sibile,
796 1426 877 1484 ob
926 1442 997 1482 ea
1051 1443 1189 1499 quas
1236 1427 1595 1499 ignorantur
1639 1445 1652 1483 :
1703 1428 1813 1483 sed
1851 1426 2103 1494 visibile,
2145 1425 2225 1482 ob

558 1532 757 1589 pauca
785 1531 924 1588 quae
957 1515 1016 1570 in
1052 1531 1124 1571 eo
1154 1521 1621 1587 cognoscuntur.
1666 1519 1751 1572 lta
1779 1520 1835 1571 et
1875 1515 1949 1571 de
1995 1517 2131 1571 Deo.
2168 1514 2227 1582 Si

557 1603 860 1661 labefacta
890 1608 979 1660 est
1010 1620 1047 1660 a
1067 1604 1451 1660 daemonibus
1474 1620 1672 1673 mens,
1702 1604 1873 1677 357
1905 1602 2229 1659 simulacra

2322 460 2442 532 γὰρ,
2477 454 2657 516 ἐπειδὴ
2685 454 2941 528 ὀφθαλμοὶ
2970 453 3038 513 εἰς
3077 455 3387 510 κατανόησιν
3428 460 3520 505 τῶν
3559 456 3727 529 ὁρατῶν
3753 462 3834 513 εἱσι

2325 553 2643 620 τεταγμένοι,
2667 543 2773 604 ἤδη
2817 547 2985 597 πάντα
3011 544 3079 595 τὰ
3108 544 3267 618 ὀρατὰ
3294 542 3391 594 ὑπὸ
3434 549 3522 602 τὴν
3546 546 3649 616 ὄψιν
3676 551 3836 620 ἄγεται.

2326 633 2467 689 Οὐδὲ
2494 639 2595 710 γὰρ
2627 640 2683 687 τό
2716 637 3057 708 ἡμισφαίριον
3079 638 3169 683 τοῦ
3195 630 3409 704 οὐρανοῦ
3438 630 3483 683 ἐν
3512 641 3601 705 μιᾷ
3754 640 3839 707 (29)

2328 726 2633 798 καθορᾶται,
2808 727 3069 795 φαντασία
3096 723 3185 792 μὲν
3215 719 3375 791 ὄψεως
3401 723 3531 793 ἡμᾶς
3554 729 3842 798 περιίσταται,

2328 816 2461 866 κατὰ
2495 809 2553 865 δε
2579 818 2671 871 τὴν
2702 810 2795 869 ἀλή
2808 813 2943 864 θειαν
2975 809 3156 877 πολλὰ,
3189 806 3272 860 ἶνα
3310 814 3379 881 μὴ
3412 814 3569 863 πάντα
3593 814 3719 879 εἴπω,
3744 818 3847 866 ἔστιν

2330 901 2378 955 ἐν
2422 902 2562 974 αὐτῷ
2592 904 2657 953 τὰ
2699 899 3020 973 ἀγνοούμενα
3042 921 3055 932 ·
3103 897 3332 969 ἀστέρων
3378 902 3527 971 sum;
3555 903 3673 972 (30),
3702 906 3847 973 μεγέθη

2329 994 2544 1054 τούτων,
2592 987 2957 1062 διαστήματα,
3006 993 3257 1053 κινήσεις,
3311 983 3614 1060 συνδρομαὶ,
3671 989 3851 1043 ἀποστά-

2332 1100 2459 1146 σεις,
2494 1082 2547 1133 αἱ
2571 1078 2749 1132 λοιπαὶ
2774 1082 3011 1149 σχέσεις,
3040 1074 3167 1133 αὐτὴ
3192 1076 3220 1132 ἡ
3257 1074 3412 1127 οὐσία
3430 1084 3517 1128 τοῦ
3545 1085 3853 1151 στερεὼματος,

2328 1168 2387 1221 τὸ
2420 1167 2583 1241 βάθος
2613 1172 2671 1220 τό
2709 1166 2808 1219 ἀπὸ
2831 1176 2925 1227 τῆς
2946 1164 3123 1226 κοῦης
3144 1168 3460 1238 περιφερείας
3482 1163 3560 1218 ἐπὶ
3595 1171 3678 1223 τὴν
3710 1174 3856 1240 κυρτὴν

2330 1260 2649 1331 ἐπιφάνειαν,
2678 1256 2812 1311 Ἀλλ’
2846 1255 2979 1327 ὅμως
3010 1254 3102 1307 οὐκ
3156 1252 3215 1304 ἂν
3270 1256 3493 1325 εἶποιμεν
3544 1253 3738 1327 ἀόρατον
3766 1252 3859 1307 εἶναι

2331 1351 2417 1399 τόν
2452 1345 2665 1421 οὐρανὸν
2716 1341 2810 1397 διὰ
2856 1348 2921 1396 τὰ
2969 1342 3308 1415 ἀγνοούμενα,
3342 1339 3446 1393 ἀλλ’
3473 1344 3646 1415 ὁρατόν
3679 1340 3759 1395 διὰ
3791 1350 3859 1399 τὴν

2331 1440 2544 1509 μετρίαν
2571 1434 2731 1486 αὐτοῦ
2772 1438 3107 1491 κατανόησιν.
3141 1431 3295 1483 Οὕτω
3340 1426 3408 1488 δὴ
3455 1436 3540 1484 καὶ
3583 1437 3689 1503 περὶ
3730 1439 3853 1485 Θεοῦ.

2337 1525 2394 1576 Εἰ
2424 1528 2513 1595 μὲν
2543 1521 2896 1595 βεϐ).αμμένος
2926 1520 3066 1573 ἐστὶν
3096 1520 3197 1571 ὑπὸ
3226 1515 3486 1592 δαιμόνων
3512 1520 3677 1588 όνοῦς,
3702 1516 3863 1571 sidob-

2333 1612 2602 1685 λατρησει,
2637 1612 2665 1670 ἣ
2700 1615 2829 1686 πρός
2859 1610 2980 1663 ἄλλο
3010 1630 3061 1661 τι
3110 1604 3250 1670 εἶδος
3299 1606 3533 1668 ἀσεϐείας
3579 1616 3862 1681 παρατραπή.

560 1693 733 1763 colet,
780 1698 885 1749 aut
928 1693 991 1749 in
1046 1691 1233 1749 aliam
1287 1692 1557 1765 aliquam
1602 1692 1861 1765 speciem
1908 1689 2227 1765 impietatis

2339 1721 2517 1754 σεται·
2571 1700 2613 1753 εἰ
2659 1696 2717 1752 δὲ
2771 1707 2832 1772 τῇ
2900 1706 2991 1751 τοῦ
3050 1700 3347 1768 Πνεύματος
3402 1696 3575 1749 ἑαυτὸν
3634 1694 3866 1749 ἐπιδέδωκε

561 1781 914 1837 abducetur.
947 1781 1003 1838 Si
1045 1796 1190 1837 vero
1238 1781 1492 1853 Spiritus
1524 1798 1655 1837 sese
1697 1780 1930 1837 dederit
1978 1778 2224 1847 auxilio,

560 1870 873 1927 veritatem
904 1869 1211 1940 intelliget,
1232 1876 1288 1926 et
1322 1872 1508 1926 Deum
1538 1875 1878 1941 cognoscet.
1901 1872 2230 1939 Cognoscet

562 1966 787 2031 autem,
819 1966 887 2017 ut
936 1960 1019 2016 ait
1063 1960 1407 2033 Apostolus,
1442 1978 1513 2017 ex
1563 1964 1753 2033 parte,
1789 1960 1894 2015 sed
1926 1959 1986 2014 in
2028 1956 2231 2014 futura

566 2049 689 2107 vita
716 2049 1037 2123 perfectius
1062 2068 1075 2116 ;
1109 2050 1255 2105 Cum
1284 2052 1439 2106 enim
1465 2050 1693 2105 venerit
1717 2049 1878 2120 quod
1900 2048 2229 2120 perfectum

567 2144 676 2205 est,
708 2140 1103 2197 evacuabitur
1128 2139 1292 2210 quod
1326 2153 1401 2194 ex
1444 2144 1618 2210 parte
1647 2138 1814 2194 est“.
1845 2134 2137 2203 Quocirca
2175 2139 2232 2190 et

567 2225 731 2281 bona
777 2229 869 2279 est
920 2225 1136 2279 mentis
1176 2223 1495 2296 judicandi
1544 2225 1817 2292 facultas,
1852 2229 1908 2280 et
1937 2224 2015 2281 ad
2047 2222 2232 2279 ﬁnem

566 2313 796 2382 utilem,
838 2311 943 2367 Dei
992 2313 1422 2383 cognitionem,
1463 2313 1671 2383 tendit,
1706 2314 1810 2370 sed
1854 2316 2057 2371 tamen
2106 2316 2235 2369 tan-

567 2408 703 2460 tum
735 2406 1041 2475 operatur,
1070 2407 1368 2475 quantum
1398 2404 1642 2475 assequi
1672 2407 1887 2476 potest.

1032 2544 1381 2602 EPISTOLA
1422 2546 1767 2603 CCXXXIV'.

2336 1789 2579 1863 βοηθείᾳ,
2612 1794 2706 1847 την
2756 1787 2999 1846 ἀλήθειαν
3041 1793 3313 1859 γνωρίσει,
3358 1790 3447 1837 καὶ
3486 1791 3600 1840 Θεὸν
3646 1785 3866 1857 ἐπιγνώσε-

2338 1901 2425 1931 ται
2454 1878 2589 1951 (31).
2626 1879 3000 1948 Ἐπιγνώσεται
3043 1870 3120 1942 δε,
3151 1876 3216 1936 ὡς
3264 1875 3290 1927 ὀ
3336 1874 3640 1937 Ἀπόστο).ος
3683 1872 3869 1940 εἷπεν,ἐκ

2338 1975 2521 2044 μέρους
2546 1986 2557 1997 ·
2589 1965 2636 2019 ἐν
2664 1964 2722 2019 δὲ
2746 1974 2805 2037 τῇ
2838 1968 2969 2040 μετὰ
2992 1972 3152 2017 ταῦτο
3182 1960 3289 2036 ζωῇ
3314 1964 3600 2038 τελεώτερον
3619 1982 3629 1992 ·
3651 1960 3870 2034 Ὀταιγὰρ

2340 2059 2457 2133 ἔλθη
2507 2061 2563 2109 τό
2615 2055 2823 2125 τέλειον,
2876 2058 2934 2107 τό
2984 2053 3041 2106 ἐκ
3072 2057 3259 2127 μέρους
3309 2055 3741 2128 καταργηθήσεται
3772 2054 3870 2120 (3‘2).

2338 2149 2498 2201 ’ωστε
2548 2150 2637 2197 καὶ
2703 2143 2856 2195 καλόν
2920 2149 3009 2196 τοῦ
3072 2149 3160 2194 νοῦ
3213 2146 3274 2194 τό
3327 2148 3611 2214 κριτήριον,
3662 2142 3875 2211 καὶπρὸς

2342 2241 2639 2310 εὔχρηστον
2687 2234 2844 2299 τέλος,
2894 2237 2988 2289 τὴν
3058 2238 3191 2284 Θεοῦ
3263 2236 3596 2297 κατανόησιν,
3636 2224 3874 2299 διδόμενον,

2344 2322 2575 2398 ἐνεργοῦν
2606 2328 2777 2394 μέντοι
2800 2328 3048 2373 τοσοῦτον
3078 2321 3199 2372 ὅσον
3231 2319 3375 2389 αὐτῷ
3415 2322 3665 2391 χωρητόν.

2873 2539 3211 2589 ΕΠΙΣΤΟΛΗ
3244 2533 3405 2586 ΣΛΔ’.

838 2670 1162 2739 Refellitur
1192 2670 1617 2726 Anommorum
1640 2671 1953 2727 cavillatio
1977 2674 2397 2742 quaerentium,
2442 2661 2685 2719 Cotisne
2708 2658 2867 2731 quod
2895 2660 3074 2725 nosti,
3102 2672 3182 2715 an
3212 2657 3381 2729 quod
3410 2658 3686 2727 ignoras!

762 2812 969 2868 Eidem
990 2812 1064 2869 ad
1094 2814 1278 2870 aliam
1301 2816 1679 2885 quaestionem
1701 2813 2029 2886 responsio.

642 2925 698 2975 1.
747 2919 923 2986 Quod
960 2920 1118 2976 nosti
1165 2919 1331 2989 colis,
1376 2936 1456 2976 an
1499 2920 1664 2993 quod
1696 2920 1985 2991 ignoras?
2037 2919 2093 2975 Si
2142 2933 2229 2973 re-

568 3007 972 3081 spondemus:
994 3008 1165 3072 Quod
1195 3009 1641 3079 cognoscimus,
1657 3009 1774 3065 hoc
1803 3008 2089 3075 colimus;
2114 3007 2230 3063 cito

568 3098 647 3153 ab
684 3097 798 3154 illis
852 3098 1183 3154 occurritur
1232 3115 1246 3154 :
1300 3099 1589 3163 Quaenam
1624 3102 1711 3154 est
1757 3096 2022 3154 essentia
2071 3095 2229 3151 illius

566 3185 735 3258 quod
754 3186 985 3243 colitis?
1007 3186 1181 3252 Quod
1204 3186 1250 3242 si
1274 3203 1392 3244 nos
1408 3186 1686 3257 ignorare
1709 3186 2006 3243 fateamus
2027 3198 2229 3240 essen-

566 3274 739 3343 tiam,
792 3279 1140 3347 retorquent
1187 3276 1436 3332 denuo:
1472 3276 1653 3346 Igitur
1699 3275 1867 3349 quod
1915 3274 2225 3345 ignoratis,

567 3364 684 3419 hoc
713 3363 928 3420 colitis.
960 3367 1077 3420 Nos
1101 3381 1238 3421 vero
1277 3364 1537 3422 dicimus
1562 3364 1711 3421 illud
1748 3367 1904 3421 scire
1950 3363 2228 3435 multipli-

569 3466 702 3508 cem
732 3452 956 3508 habere
987 3454 1368 3510 sententiam.
1402 3457 1550 3511 Nam
1588 3454 1848 3511 dicimus
1876 3470 1913 3510 a
1934 3452 2110 3509 nobis
2132 3469 2224 3509 co-

570 3541 783 3611 gnosci
815 3542 1192 3612 majestatem
1226 3543 1349 3611 Dei,
1402 3548 1460 3599 et
1507 3543 1861 3615 potentiam,
1908 3546 1963 3598 et
1992 3542 2230 3613 sapien-

569 3632 737 3701 tiam,
768 3634 824 3687 et
869 3631 1224 3699 bonitatem,
1272 3636 1329 3688 et
1376 3632 1838 3704 providentiam,
1867 3648 1989 3704 qua
2041 3631 2229 3686 nostri

572 3737 783 3778 curam
818 3722 986 3793 gerit,
1016 3727 1072 3778 et
1100 3722 1394 3793 justitiam
1433 3722 1590 3779 illius
1607 3721 1850 3793 judicii;
1880 3737 2000 3777 non
2031 3721 2229 3792 ipsam

572 3811 923 3868 essentiam.
948 3814 1153 3884 Itaque
1178 3812 1451 3884 captiosa
1488 3811 1893 3882 interrogatio.
1918 3813 2043 3866 Non
2068 3810 2229 3867 enim

572 3900 676 3971 qui
702 3916 765 3955 se
796 3901 1121 3956 essentiam
1145 3916 1272 3957 non
1292 3917 1469 3957 nosse
1510 3901 1675 3970 dicit,
1700 3900 2013 3957 confessus
2041 3904 2130 3955 est
2167 3914 2229 3955 se

575 3990 762 4042 Deum
792 3988 1091 4057 ignorare,
1134 4006 1274 4045 cum
1304 4006 1378 4045 ex
1406 3990 1611 4045 multis
1654 4006 1790 4061 qua:
1816 3989 2229 4045 recensuimus

575 4074 892 4145 colligatur
922 4075 1099 4131 nobis
1130 4078 1231 4131 Dei
1262 4078 1449 4133 notio.
1483 4078 1596 4133 Sed
1640 4080 1816 4146 Deus,
1843 4078 2056 4149 inquit,
2092 4077 2229 4131 sim-

574 4161 706 4232 plex
734 4166 839 4231 est,
874 4166 932 4217 et
956 4163 1256 4234 quidquid
1273 4165 1333 4219 in
1355 4164 1487 4234 ipso
1508 4166 1874 4219 recensueris
1887 4182 1993 4220 ceu
2016 4169 2230 4219 notum

576 4255 634 4305 et
659 4249 1087 4320 cognitum,ad
1116 4252 1447 4306 essentiam
1492 4252 1717 4307 attinet.
1758 4253 2097 4324 Hocipsum
2132 4267 2230 4307 so-

575 4339 817 4412 phisma
845 4345 953 4408 est,
986 4339 1317 4397 innumeris
1364 4340 1601 4414 ineptiis
1640 4340 1949 4397 refertum.
1973 4344 2119 4397 Cum
2149 4344 2234 4397 tot

576 4434 815 4486 ettanta
836 4428 950 4486 sint
966 4429 1627 4501 quaaenumeravimus,
1652 4435 1851 4485 utrum
1868 4429 1995 4485 haec
2025 4430 2235 4488 omnia

577 4519 852 4575 essentiae
887 4518 1068 4574 unius
1092 4523 1233 4575 sunt
1252 4517 1522 4586 nomina,
1550 4518 1835 4591 idemque
1865 4518 2016 4575 inter
2043 4535 2106 4574 se
2132 4533 2230 4577 va-

652 4660 699 4694 “
726 4661 746 4714 l
774 4661 905 4716 Cor.
932 4675 1051 4732 xm,
1076 4664 1129 4717 9.

650 4803 670 4823 '
700 4802 858 4859 Alias
888 4803 995 4858 CD.
1032 4801 1263 4874 Scripta
1290 4818 1453 4860 anno
1480 4808 1605 4862 376.

623 4874 902 4961 ἀξη-’βυ
934 4880 1063 4961 -μιᾴ
1120 4875 1280 4948 ῥοπῇ.
1343 4878 1491 4948 Reg.
1548 4875 1849 4932 secundus
1899 4877 1948 4931 ἐν
2002 4883 2101 4949 μιᾷ
2140 4885 2233 4931 τοῦ

580 4952 801 5020 ούρανοῦ
820 4952 977 5018 ροπῇ.

582 5088 597 5100 ἱ
653 5016 995 5100 (30).Φύσις.
1047 5015 1222 5072 Coisl.
1274 5021 1526 5091 uterque
1572 5034 1711 5076 cum
1758 5018 1999 5075 duobus
2037 5021 2232 5092 Regiis

580 5088 809 5144 habent
845 5090 1041 5158 φύσεις.

652 5162 763 5227 (31)
793 5159 1378 5234 ἘπιγνὼσεταιηΕάὶῐὶ
1422 5159 1517 5215 bis
1556 5161 1782 5219 habent
1810 5162 2228 5234 ἕπιγινὼσκεται.

581 5234 717 5288 Mss.
748 5235 1000 5301 utroque
1028 5230 1161 5285 loco
1193 5230 1551 5301 ἐπιγνώσεται.

655 5303 771 5374 (32)
811 5303 1305 5375 Καταργηθήσεται.
1358 5303 1669 5360 Medicaeus
1720 5304 1912 5361 codex
1967 5312 2232 5382 καταργή-

808 5452 892 5517 Τῷ
924 5446 1083 5517 αὐτῷ,
1125 5449 1241 5517 etc.
1270 5446 1435 5501 Hunc
1464 5445 1698 5503 titulum
1739 5448 2007 5505 eruimus
2034 5464 2107 5506 ex
2136 5466 2233 5507 co-

583 5515 820 5574 dicibus
865 5515 1274 5592 'Med.,’Coisl.
1334 5518 1604 5578 secundo
1648 5520 1931 5579 Vaticano
1984 5526 2041 5579 et
2101 5521 2231 5580 aliis

2652 2808 2736 2871 Τῷ
2764 2802 2905 2871 αὐτῷ
2937 2799 3026 2861 (33
3056 2804 3181 2875 πρὸς
3214 2800 3345 2852 ἀλλο
3376 2801 3630 2873 ἐρώτημα.

2417 2917 2465 2966 1.
2506 2910 2571 2961 ⁸0
2610 2905 2785 2973 οἶδας,
2838 2908 3038 2973 citing;
3094 2909 3123 2967 ᾖ
3176 2908 3202 2959 ὃ
3265 2908 3499 2978 ἁγνοείς;
3550 2907 3659 2959 Ἐὰν
3714 2901 3887 2968 ἀποκρι-

2339 3002 2562 3071 νώμεθα,
2614 2998 2679 3049 Ὀ
2729 2994 2945 3067 οἴδαμεν
2984 2998 3124 3066 (34),
3177 3003 3337 3048 τοῦτο
3390 3001 3769 3069 προσκυνοῦμεν,
3813 3007 3887 3040 τα-

2339 3095 2465 3160 χεῖα
2515 3085 2637 3159 παρ’
2682 3086 2851 3138 αὐτῶν
2906 3087 2934 3142 ἡ
2992 3083 3313 3155 ἀπάντησις,
3346 3090 3434 3145 Τίς
3464 3086 3492 3141 ἠ
3525 3084 3673 3135 οὐσία
3706 3081 3890 3149 (35)τοῡ

2337 3180 2829 3249 προσκυνουμένους
2910 3173 3029 3226 Ἐὰν
3125 3170 3184 3225 δὲ
3261 3173 3469 3245 ἀγνοεῖν
3542 3170 3888 3243 ὁμολογήσωμεν

2337 3272 2432 3324 τὴν
2479 3266 2685 3331 οὐσίαν,
2724 3264 2879 3321 τάλιν
2935 3266 3059 3333 ημῖν
3120 3263 3516 3336 περιτρέψαντες
3554 3261 3785 3330 λέγουσιν,
3833 3254 3891 3305 ότι

2339 3355 2541 3406 Οὗκοῦν
2588 3352 2614 3404 ὃ
2668 3352 2762 3403 οὐκ
2815 3347 2997 3403 οἴδατε
3044 3358 3406 3423 προσκυνεῖτε.
3456 3349 3623 3420 Ἡμεῖς
3675 3341 3727 3397 δε
3776 3343 3891 3410 λέγο-

2336 3462 2427 3514 μεν
2474 3443 2611 3513 (36),
2662 3443 2743 3492 ὅτι
2799 3443 2859 3491 τὸ
2911 3436 3106 3492 εἰδέναι
3163 3438 3491 3511 πολύσημόν.
3543 3442 3637 3490 Καὶ
3685 3436 3774 3505 γὰρ
3820 3436 3891 3485 τὴν

2336 3531 2707 3603 μεγαλειότητα
2735 3537 2826 3582 τοῦ
2860 3535 2995 3582 Θεοῦ
3046 3524 3238 3580 εἰδέναι
3294 3529 3527 3601 λέγομεν,
3565 3530 3647 3577 καὶ
3694 3527 3776 3579 τὴν
3821 3516 3889 3571 δν-

2336 3641 2509 3693 ναμιν,
2557 3625 2646 3672 καί
2694 3625 2789 3678 τὴν
2851 3623 3056 3689 σοφίαν,
3111 3623 3199 3669 καὶ
3247 3623 3348 3676 τὴν
3392 3610 3891 3688 όιγαθότητα,καὶτὴν

2334 3715 2579 3783 πρόνοιαν
2697 3707 3009 3779 ἐπιμελεῖται
3048 3708 3217 3777 ἡμῶν,
3270 3712 3365 3757 καὶ
3420 3710 3476 3757 τὸ
3529 3701 3721 3755 δίκαιον
3765 3696 3891 3749 αὐτοῦ

2334 3807 2431 3859 τῆς
2485 3804 2733 3871 κρίσεως’
2771 3798 2866 3849 οὐκ
2911 3796 3075 3852 αὐτὴν
3126 3800 3221 3853 τὴν
3270 3796 3478 3849 ουσίαν.
3518 3792 3671 3844 Ὠστε
3722 3788 3893 3856 ἐπηρεα-

2338 3893 2492 3945 στικὴ
2541 3889 2571 3945 ἠ
2615 3886 2883 3960 ἐρώτησις.
2920 3885 2995 3936 Οὐ
3034 3887 3135 3956 γὰρ
3176 3885 3203 3934 ό
3234 3889 3331 3942 τὴν
3380 3884 3561 3936 οὐσίαν
3606 3885 3673 3953 μὴ
3720 3878 3891 3947 φάσκων

2337 3974 2529 4029 εἰδέναι
2568 3974 2875 4047 ὡμολόγησε
2913 3977 2997 4025 τὸν
3049 3976 3178 4025 Θεὸν
3218 3978 3291 4043 μὴ
3352 3973 3679 4039 ἐπίστασθαι,
3719 3965 3765 4017 ἐκ
3802 3972 3895 4013 πο).-

2337 4066 2433 4117 λών
2482 4067 2549 4115 ὧν
2599 4064 3093 4139 ἀπηριθμησάμεθα
3145 4067 3503 4133 συναγομένης
3543 4062 3660 4131 ἡμῖν
3689 4064 3771 4113 τῆς
3804 4054 3893 4121 περὶ

2340 4161 2472 4207 Θεοῦ
2521 4154 2729 4213 ἐννοίας.
2777 4152 2908 4204 Ἀλλ’
2956 4152 3175 4219 ἁπλοῦς,
3218 4158 3401 4222 φησιν,
3438 4152 3463 4202 ό
3505 4152 3650 4216 Θεὸς,
3697 4150 3774 4196 καί
3816 4144 3893 4191 πᾶς)

2340 4247 2460 4318 ὅπερ
2520 4242 2579 4294 ἆν
2637 4243 2798 4294 αὑτοῦ
2861 4240 3211 4314 ἀπαριθμήση
3276 4243 3552 4311 γνωστὸν,
3610 4245 3693 4294 τῆς
3746 4232 3892 4283 οὐσίας

2341 4330 2473 4386 ἐστί.
2531 4338 2695 4383 Τοῦτο
2764 4326 2821 4381 δὲ
2888 4332 3123 4402 σόφισμα
3178 4329 3291 4381 ἐστι
3353 4333 3541 4404 μυρίας
3590 4328 3673 4383 τὰς
3714 4320 3892 4373 ἀτοπίας

2342 4422 2487 4494 ἕχον.
2516 4422 2785 4473 Τοσούτων
2840 4427 2940 4470 τῶν
3000 4417 3444 4490 ἀπηριθμημένων
3497 4420 3664 4479 ὄντων,
3716 4413 3890 4476 πότερον

2341 4517 2509 4563 ταῦτα
2559 4513 2729 4562 πάντα
2767 4515 2888 4580 μιᾶς
2929 4508 3115 4569 οὐσίας
3171 4507 3440 4579 όνόματας
3496 4510 3581 4559 καὶ
3629 4495 3892 4565 ίσοδυναμεῖ

2342 4810 2671 4867 nonnullis.
3748 4870 3758 4880 I

2354 4954 2359 4955 ,
2415 4884 2528 4952 (34)
2556 4883 2648 4955 Ὃν
2687 4880 2925 4955 οἴδαμεν.
2954 4881 3231 4955 Quinque
3282 4880 3517 4937 codices
3565 4865 3889 4955 praemittunt

2343 4944 2439 5023 δτιέ
2472 4944 2639 5023 quod
2675 4944 2881 5009 tamen
2910 4944 3020 5009 nec
3064 4944 3397 5017 Médiczeus,
3426 4966 3532 5005 nec
3565 4944 3884 5004 Harlmanua

2343 5038 2453 5079 nec
2485 5024 2884 5080 Coislinianus
2912 5025 3145 5097 primus
3171 5026 3523 5097 agnoscunt.

2415 5078 3263 5165 (35)ίΤίεῆίούσίαῘΜθάὶρωιῖε
3304 5078 3361 5150 et
3394 5091 3605 5163 Regius
3628 5078 3887 5143 secundus

2342 5172 2395 5217 τί
2424 5169 2453 5224 ἡ
2489 5168 2667 5222 οὐσία.

2415 5241 2527 5309 (36)
2564 5240 2919 5311 Λέγομενὸτι.
2952 5240 3124 5294 Deest
3152 5236 3299 5311 illud
3339 5239 3419 5311 ᾷςι
3460 5233 3519 5289 in
3546 5228 3731 5311 tribus
3753 5232 3878 5311 mis];

2340 5283 2465 5364 no\n
2511 5283 2954 5365 iretdsiissimis.
2987 5312 3115 5365 Mox
3146 5308 3285 5364 editi
3315 5304 3500 5360 εἰδέναι
3533 5283 3885 5375 δηλονό-ῖιλξξίξ

2342 5360 2537 5461 ἕβέεί
2556 5360 3034 5461 ﬁb‘s‘t‘r‘ééﬁbf
3046 5360 3126 5437 ab
3152 5360 3592 5452 antiquissimis
3617 5360 3883 5426 codicibus

2341 5455 2400 5507 et
2422 5451 2698 5524 pluribus
2727 5452 2880 5511 aliis.

4000 1654 4001 1729 1

4001 1858 4003 1957 1

4003 2060 4005 2131 1

4000 1654 4001 1729 1

4001 1858 4003 1957 1

4003 2060 4005 2131 1

4000 1654 4001 1729 1

4001 1858 4003 1957 1

4003 2060 4005 2131 1

4007 2468 4009 2595 1

4009 2672 4011 2777 1

4000 1654 4001 1729 1

4001 1858 4003 1957 1

4003 2060 4005 2131 1

4007 2468 4009 2595 1

4009 2672 4011 2777 1
