4100 6214
268 266 377 325 869

1187 267 1673 326 EPISTOLARUM
1712 246 1994 323 ausas
2033 262 2101 319 ιι.
2144 263 2361 323 EPIST.
2405 268 2717 325 ccxxxxv.

3525 266 3632 329 870

269 391 516 452 ἀλλήλοις
552 392 611 443 τὸ
655 386 866 462 φοϐερόν
905 387 1069 442 αὐτοῦ
1107 394 1199 444 καὶ
1252 393 1312 445 τὸ
1359 392 1751 466 φιλανθρωπον,
1810 394 1869 444 τὸ

1982 385 2106 445 lent
2128 393 2316 447 terror
2341 391 2500 448 illius
2528 398 2585 449 et
2613 391 2980 463 benignitas,
3001 392 3239 464 justitia
3266 395 3326 451 et
3352 393 3443 451 vis
3471 410 3634 453 crea-

274 478 486 535 δίκαιον
534 482 625 531 καὶ
670 480 731 529 τό
780 474 1189 553 δημιουργικὸν,
1241 484 1302 533 τὸ
1348 484 1742 557 προγνωστικὸν
1780 484 1871 533 καὶ

270 576 332 625 τό
363 566 801 635 ἁνταποδοτικὸν,
832 572 891 620 τό
941 569 1212 641 μεγαλεῖον
1258 576 1349 624 καὶ
1389 575 1449 624 τό
1485 575 1869 647 προνοητικόνς

273 663 303 719 ἡ
362 666 455 713 καὶ
507 660 631 731 ὅπερ
684 659 746 709 οἷν
795 660 991 710 τούτων
1030 662 1270 732 ιῖπωμεν,
1312 665 1406 720 τήν
1450 661 1635 713 οὐσίαν
1678 657 1872 718 δηλοῦ-

270 769 362 822 μεν
400 766 415 817 ;
458 751 615 819 Εῖπιρ
660 748 762 818 γὰρ
810 754 961 799 τοῦτο
1004 746 1239 819 λέγουσι,
1296 754 1369 822 μὴ
1438 749 1800 825 ἄρωτοίτωσαν,
1828 767 1873 801 ιι

268 843 367 897 τὴν
425 836 605 889 οὐσίαν
661 832 877 908 οἴδαμεν
923 842 1016 887 τοῦ
1060 844 1218 904 Θεοῦ,
1264 837 1392 891 ἀλλὰ
1430 840 1871 891 πυνθανέσθωσαν

270 925 515 1000 ἡμῶν,εἰ
565 923 779 999 φοϐερόν
835 921 1052 996 οἴδαμεν
1106 928 1193 977 τὸν
1236 930 1387 997 Θεὸν,
1450 931 1479 985 ἤ
1545 928 1588 979 εί
1641 924 1869 996 δίκαιον,

268 1016 298 1075 ἦ
336 1014 380 1069 εἰ
428 1014 542 1087 (37)
586 1011 983 1087 φιλάνθρωπονς
1023 1019 1203 1068 Ταῦτα
1260 1011 1607 1088 ὁμολογοῦμεν
1656 1012 1868 1071 εἰδέναι.

266 1109 329 1158 Ei
357 1101 416 1157 δὲ
446 1102 569 1155 ἄλλο
596 1122 648 1154 τι
675 1101 890 1173 λέγουσι
921 1107 1016 1160 τὴν
1054 1103 1257 1175 οὐσίαν,
1299 1110 1371 1178 μὴ
1404 1104 1871 1178 παραλογιζέσθω-

268 1212 366 1246 σαν
394 1195 537 1264 ἡμᾶς
567 1188 661 1243 διὰ
704 1198 801 1254 τῆς
838 1191 1149 1254 ἁπλότητος.
1182 1193 1342 1247 Αὐτοὶ
1380 1196 1481 1269 γὰρ
1525 1194 1871 1267 ὡμολόγησαν

264 1282 392 1334 ἄλλο
419 1286 449 1339 ἧ
479 1278 602 1333 ἄλλο
628 1275 759 1331 εἶναι
788 1285 882 1337 τήν
935 1299 989 1333 τε
1038 1280 1224 1334 οὐσίαν
1280 1287 1369 1334 καὶ
1416 1290 1516 1334 τῶν
1567 1280 1871 1356 ἀπηριθμη-

264 1375 429 1443 μένων
487 1368 725 1423 ⁴ἕκαστον.
787 1366 924 1421 Ἀλλ’
974 1370 1029 1421 αἰ
1087 1372 1177 1442 μὲν
1234 1367 1482 1444 ἐνέργειαι
1528 1372 1784 1438 ποικίλαι,
1834 1373 1865 1430 ἠ

222 1455 327 1551 ‘3':
384 1455 772 1551 oﬁaia‘éalﬂ.
828 1456 1008 1530 Ἡμεῖς
1075 1453 1134 1511 δὲ
1190 1456 1245 1510 ἐκ
1306 1462 1396 1532 μὲν
1452 1466 1554 1551 τῶν
1606 1459 1868 1533 ἐνεργειῶν

240 1548 538 1622 γνωρίζειν
567 1546 779 1618 λέγομεν
822 1550 917 1598 τόν
958 1549 1087 1599 Θεὸν
1130 1548 1295 1619 ἡμῶν,
1328 1555 1391 1620 τῇ
1444 1544 1504 1601 δὲ
1542 1548 1698 1620 οὐσίᾳ
1735 1547 1864 1620 αὐτῇ

222 1636 637 1719 ξπροσεγγίζειν
686 1633 792 1705 οὐχ
843 1634 1268 1707 ὑπισχνούμεθα.
1321 1636 1386 1688 Αἱ
1588 1639 1687 1710 γὰρ
1738 1633 1869 1709 ἐνέΡ”’

212 1722 225 1798 ξι
259 1743 403 1796 γειαι
458 1723 622 1775 αὐτοῦ
666 1726 795 1798 πρὸς
852 1723 993 1795 ἡμᾶς
1044 1722 1473 1796 καταϐαίνουσιν,
1522 1726 1553 1782 ἡ
1607 1721 1667 1777 δὲ
1709 1724 1869 1778 οὐσία

266 1768 403 1796 Ι’“’”“
459 1768 618 1775 ”“’”⁷
670 1768 795 1798 ”Γ”⁸
855 1768 941 1795 "r“

191 1768 221 1857 ί
262 1812 431 1866 αὐτοῦ
461 1816 600 1885 μένει
639 1809 941 1885 ἀπρόσιτος.

332 1905 391 1959 2.
442 1900 579 1953 Ἀλλ’
628 1899 673 1953 εἰ
723 1903 818 1959 τήν
875 1899 1098 1971 οὐσίαν,
1153 1904 1355 1972 φησὶν,
1425 1899 1659 1973 ἀγνοεῖς,
1713 1900 1866 1955 αὐτὸν

259 1990 485 2064 ἀγνοεῖς.
528 1995 595 2044 Σὺ
649 1987 709 2043 δὲ
755 1989 1118 2063 ἀντίστρεψον,
1173 1991 1253 2042 ὅτι
1298 1990 1359 2045 Εἰ
1405 1995 1500 2050 τὴν
1553 1990 1735 2044 οὐσίαν
1791 1991 1869 2046 λέ-

255 2100 372 2153 γεις
411 2077 626 2147 εἰδέναι,
668 2078 821 2131 αὐτὸν
874 2078 969 2131 οὐκ
1016 2078 1325 2134 ἐπίστασαι.
1372 2078 1504 2132 Οὓτε
1541 2082 1640 2152 γὰρ
1673 2082 1698 2133 ό
1730 2080 1866 2134 λυσ-

258 2167 551 2239 σόδηκτος,
600 2165 804 2240 βλέπων
852 2170 939 2219 τόν
992 2169 1122 2218 κύνα
1151 2164 1199 2218 ἐν
1243 2175 1306 2239 τῇ
1349 2168 1530 2240 φιάλη,
1568 2168 1740 2221 πλεῖον
1769 2172 1868 2245 ὁρᾷ

255 2266 368 2310 τῶν
396 2259 733 2329 ὑγιαινόντων
760 2276 773 2289 ·
821 2254 949 2308 ἀλλὰ
989 2252 1084 2307 διὰ
1120 2263 1273 2308 τοῦτο
1312 2255 1541 2326 ἐλεεινός,
1582 2258 1661 2311 ὅτι
1703 2257 1867 2311 οἳεται

258 2344 478 2419 βλέπειν
534 2343 570 2397 ἄ
632 2348 703 2416 μὴ
753 2345 870 2419 ὁρᾷ.
921 2348 1005 2403 Μὴ
1058 2342 1147 2396 οὗ»
1206 2346 1488 2418 θαυμάσῃς
1535 2354 1716 2399 τοῦτον
1774 2354 1866 2407 τῆς

258 2432 615 2505 ἐπαγγελίας,
702 2431 831 2485 ἀλλὰ
894 2439 990 2493 τῆς
1065 2438 1349 2505 παρανοίας
1426 2435 1582 2486 αὐτόν
1656 2432 1867 2487 ἐλεεινὸν

254 2529 460 2598 κρῖνον.
493 2527 721 2574 Γίνωσκε
758 2526 950 2591 τοίνυν,
983 2522 1064 2574 ὅτι
1104 2522 1394 2583 παιζόντων
1426 2522 1566 2575 ἐστὶν
1608 2524 1637 2580 ἠ
1686 2528 1821 2595 φωνή
1850 2545 1864 2557 ·

258 2614 327 2667 Εἰ
374 2616 467 2669 τὴν
520 2611 705 2663 οὐσίαν
758 2618 853 2663 τοὺ
916 2617 1049 2665 Θεοῦ
1098 2609 1319 2682 ἀγνοεῖς,
1370 2616 1402 2663 ὅ
1444 2616 1514 2683 μὴ
1572 2616 1867 2681 γινώσκεις,

262 2699 455 2762 σέϐεις.
481 2700 613 2771 Ἐγὼ
644 2695 725 2767 δὲ,
777 2700 859 2751 ὅτι
907 2702 996 2771 μὲν
1035 2701 1197 2765 ἔστιν,
1248 2695 1371 2751 οἶδα
1396 2720 1409 2732 ·
1444 2719 1494 2750 τι
1539 2695 1597 2752 δὲ
1627 2701 1655 2757 ἠ
1691 2699 1865 2768 οὐσία,

260 2792 395 2863 ὑπὲρ
440 2785 676 2841 διάνοιαν
715 2789 946 2860 τίθεμαι.
990 2794 1106 2850 Πῶς
1159 2784 1245 2840 οὖν
1294 2789 1575 2859 ethicam;
1624 2791 1718 2841 Διὰ
1772 2798 1870 2852 τῆς

261 2884 528 2939 πίστειως.
579 2882 768 2939 Πίστις
805 2873 864 2929 δὲ
902 2878 1166 2952 αὐτάρκης
1196 2873 1408 2948 εἰδέναι,
1452 2877 1531 2929 ὁτι
1582 2880 1694 2931 ἔστι
1724 2882 1867 2951 Θεὸς,

1984 477 2115 549 trix,
2146 481 2440 550 praenotio
2468 486 2527 538 et
2546 482 2975 538 remunerandi
2993 481 3167 551 ratio,
3182 484 3634 553 magniﬁcentia

1982 573 2039 622 et
2064 568 2442 639 providentia
2465 588 2480 637 ;
2503 585 2581 626 an
2604 570 3013 643 quodcunque
3042 570 3260 627 horum
3278 571 3629 643 dixerimus,

1982 657 2305 712 essentiam
2353 658 2732 714 declaramus
2767 659 2794 713 ?
2835 661 2985 713 Nam
3042 659 3091 713 si
3120 659 3269 716 illud
3298 660 3528 727 dicunt,
3555 676 3631 717 ne

1982 743 2348 815 interrogent
2374 762 2452 802 an
2483 748 2808 802 essentiam
2828 746 3172 802 noverimus
3204 748 3327 819 Dei,
3367 749 3472 804 sed
3502 766 3632 822 per-

1980 838 2297 889 contentur
2333 848 2411 890 an
2459 834 2854 891 metuendum
2893 835 3238 890 noverimus
3296 839 3503 913 Deum,
3550 855 3631 894 an

1976 922 2231 993 justum,
2263 939 2340 979 an
2392 923 2842 979 misericordem
2862 923 2890 978 Ἰ
2920 925 3054 978 Hinc
3102 924 3274 979 nobis
3320 930 3465 982 nota
3495 942 3629 984 esse

1980 1010 2355 1069 conﬁtemur.
2397 1011 2570 1078 Quod
2612 1010 2661 1067 si
2684 1011 2827 1084 quid
2858 1010 3023 1068 aliud
3046 1010 3255 1068 dicunt
3281 1014 3628 1085 essentiam,

1979 1116 2055 1156 ne
2080 1116 2191 1156 nos
2217 1099 2603 1158 ludiﬁcentur
2645 1117 2755 1175 per
2800 1100 2958 1157 illius
2996 1100 3464 1174 simplicitatem.
3512 1104 3631 1175 Ipsi

1980 1188 2279 1260 siquidem
2308 1189 2567 1246 confessi
2595 1194 2737 1246 sunt
2767 1189 2930 1246 aliud
2956 1194 3137 1261 atque
3170 1189 3336 1245 aliud
3368 1205 3498 1245 esse
3541 1207 3630 1247 es-

1981 1278 2237 1333 sentiam
2259 1282 2314 1334 et
2338 1278 2823 1351 unumquodque
2854 1293 3064 1333 eorum
3090 1293 3225 1349 quae
3246 1279 3632 1335 enumeravi-

1978 1384 2137 1422 mus.
2169 1368 2283 1423 Sed
2303 1368 2482 1424 variae
2503 1368 2753 1440 quidem
2773 1368 3181 1439 operationes,
3201 1367 3463 1423 essentia
3490 1384 3633 1425 vero

1980 1454 2252 1528 simplex.
2279 1458 2396 1512 Nos
2424 1463 2628 1512 autem
2670 1472 2744 1512 ex
2787 1454 3244 1528 operationibus
3270 1456 3554 1525 cognosci
3596 1471 3636 1515 δ.

1976 1544 2155 1599 nobis
2184 1544 2443 1599 dicimus
2464 1546 2654 1599 Deum
2672 1549 2969 1612 nostrum,
2988 1542 3095 1599 sed
3117 1542 3195 1598 ad
3220 1542 3416 1615 ipsam
3439 1560 3636 1600 essen—

1978 1631 2125 1687 tiam
2148 1648 2504 1688 accessuros
2535 1648 2658 1688 non
2687 1633 3065 1705 pollicemur.
3101 1631 3297 1704 Ipsius
3329 1632 3633 1705 siquidem

1900 1712 1938 1767 Β
1979 1721 2364 1793 operationes
2393 1722 2473 1777 ad
2504 1737 2618 1777 nos
2667 1720 3065 1789 descendunt,
3113 1720 3383 1777 essentia
3426 1726 3632 1779 autem

1978 1808 2137 1866 illius
2167 1815 2373 1866 manet
2401 1811 2736 1866 inaccessa.

2049 1904 2103 1955 2.
2146 1898 2261 1955 Sed
2279 1899 2327 1954 si
2349 1898 2690 1965 essentiam,
2712 1898 2929 1971 inquit,
2950 1897 3214 1969 ignoras,
3234 1898 3438 1973 ipsum
3464 1898 3632 1970 igno-

1976 2004 2095 2045 ras.
2123 1991 2207 2044 Tu
2236 2004 2378 2043 vero
2402 1993 2715 2046 converte:
2746 1987 3080 2044 Essentiam
3099 1988 3149 2044 si
3170 1988 3319 2044 dicis
3339 1992 3395 2045 te
3425 2003 3628 2053 nosse,

1976 2079 2179 2151 ipsum
2202 2093 2326 2133 non
2353 2077 2689 2148 cognoscis.
2731 2079 2934 2148 Neque
2957 2077 3140 2146 enim,
3172 2078 3278 2151 qui
3315 2093 3558 2133 morsus
3594 2092 3633 2135 a

1976 2182 2125 2223 cane
2158 2166 2376 2224 rabido
2415 2167 2580 2223 videt
2632 2181 2845 2221 canem
2893 2165 2953 2220 in
3005 2165 3233 2237 phiala,
3282 2165 3423 2238 plus
3468 2166 3634 2223 videt

1975 2273 2165 2329 quam
2192 2256 2242 2311 si
2270 2256 2399 2312 sani
2426 2261 2602 2323 sunt;
2633 2254 2733 2311 sed
2754 2254 2980 2310 idcirco
3006 2254 3231 2325 dignus
3250 2255 3633 2311 commisera-

1977 2346 2136 2401 tione
2158 2350 2268 2411 est,
2298 2345 2465 2417 quod
2496 2349 2665 2416 putet
2694 2358 2759 2399 se
2791 2342 2971 2416 358
3001 2342 3206 2399 videre
3236 2359 3372 2416 quae
3399 2359 3522 2398 non
3548 2343 3633 2399 vi-

1976 2434 2099 2492 det.
2133 2434 2305 2490 lllum
2337 2450 2480 2503 ergo
2519 2450 2596 2489 ne
2626 2433 2871 2488 mineris
2897 2432 2977 2488 ob
3013 2433 3501 2504 promissionem,
3527 2432 3635 2488 sed

1978 2522 2056 2577 ob
2086 2521 2452 2577 dementiam
2492 2522 2784 2576 miserum
2832 2520 3063 2591 judica.
3097 2523 3486 2593 Perspectum
3529 2520 3635 2578 ita-

1977 2626 2093 2683 que
2116 2610 2220 2666 tibi
2242 2610 2319 2665 sit
2338 2625 2549 2666 vocem
2568 2625 2698 2666 esse
2718 2608 3164 2664 ludiﬁcantium
3189 2625 3203 2663 :
3236 2608 3292 2664 Si
3313 2608 3637 2665 essentiam

1978 2699 2078 2755 Dei
2104 2700 2369 2770 ignoras,
2399 2698 2567 2770 quod
2614 2700 2860 2767 ignoras
2905 2697 3072 2753 colis.
3119 2700 3241 2767 Ego
3285 2713 3425 2753 vero
3464 2697 3634 2754 illum

1977 2803 2106 2843 esse
2130 2786 2305 2842 novi:
2337 2785 2486 2859 quid
2515 2791 2719 2842 autem
2749 2786 3033 2853 essentia,
3074 2800 3261 2856 supra
3305 2785 3635 2855 intelligen-

1979 2878 2120 2934 tiam
2142 2892 2274 2932 esse
2304 2876 2482 2931 duco.
2504 2876 2819 2941 Quomodo
2836 2876 3013 2946 igitur
3034 2876 3235 2930 salvor
3249 2875 3277 2928 ?
3297 2877 3403 2930 Per
3421 2874 3628 2931 ﬁdem.

261 2965 396 3037 οὐχὶ
433 2970 485 3016 τί
525 2963 637 3017 ἐστι
665 2984 679 2997 ·
718 2969 805 3016 καὶ
842 2972 953 3025 τοῖς
998 2964 1308 3024 ἐκζητοῦσιν
1340 2962 1494 3017 αὐτόν
1525 2963 1862 3037 μισθαποδό-

1982 2965 2150 3022 Fides
2181 2981 2361 3038 porro
2390 2965 2535 3021 satis
2556 2963 2776 3020 idonea
2802 2968 2910 3029 est,
2947 2965 3133 3018 Deum
3159 2978 3287 3018 esse
3319 2963 3631 3031 scire,non

261 3075 362 3116 της
413 3058 635 3125 γίνεται.
676 3050 899 3113 Ε’ίὸησις
939 3055 1045 3125 ἄρα
1089 3062 1184 3117 τῆς
1218 3055 1353 3115 θείας
1393 3054 1574 3116 οὐσίας
1602 3056 1630 3113 ἡ
1679 3059 1868 3114 αἰσθη-

268 3163 351 3204 σις
380 3144 538 3196 αὐτοῦ
567 3152 663 3205 τῆς
693 3141 1091 3212 ἀκαταληψίας·
1136 3147 1227 3194 καὶ
1276 3146 1461 3195 σιπτόν
1504 3144 1562 3196 οὐ
1603 3147 1661 3197 τό
1703 3165 1868 3198 κατα-

260 3232 457 3305 ληφθὲν
505 3236 589 3293 τίς
631 3233 662 3289 ἡ
697 3231 872 3299 οὐσία,
920 3229 1026 3283 ἀλλ’
1070 3233 1149 3283 ὅτι
1189 3234 1332 3284 ἔστιν
1374 3233 1404 3291 ἠ
1456 3233 1635 3290 οὐσία.

1976 3054 2126 3127 quid
2156 3054 2264 3123 sit;
2289 3069 2552 3125 eumque
2577 3058 3095 3109 remuneratorem
3124 3066 3257 3106 esse
3284 3066 3497 3106 eorum
3523 3052 3630 3123 qui

1974 3145 2178 3216 ipsum
2228 3147 2529 3215 quaerunt.
2562 3142 2831 3212 Cognitio
2876 3140 3055 3211 igitur
3094 3139 3376 3195 essentia:
3408 3140 3470 3195 in
3513 3139 3631 3195 hoc

1978 3231 2197 3304 posita,
2231 3236 2297 3287 ut
2338 3231 2546 3304 ipsum
2580 3245 2705 3287 non
2737 3244 2914 3302 posse
2943 3226 3376 3302 comprehendi
3400 3228 3634 3301 perspi-

265 3323 500 3378 ciamus
532 3338 546 3376 :
591 3319 864 3394 illudque
902 3318 1179 3389 colimus,
1210 3320 1286 3377 de
1339 3337 1465 3394 quo
1513 3322 1933 3394 cognovimus,
1961 3336 2086 3378 non
2127 3318 2277 3393 quid
2307 3320 2382 3377 sit
2409 3319 2542 3392 ejus
2572 3319 2852 3387 essentia,
2894 3318 3001 3375 sed
3028 3318 3188 3375 hanc
3226 3317 3516 3373 exsistere
3540 3332 3633 3373 es-

266 3411 545 3469 sentiam.

346 3503 401 3555 3.
442 3504 542 3551 ιὶαὶ
593 3498 1067 3573 ἅντερωτάσθωσαν
1128 3499 1300 3552 οὕτω.
1358 3500 1487 3554 Θεόν
1553 3497 1724 3561 οὐδεὶς
1782 3502 1870 3554 ἐώ-

272 3605 405 3662 ρακε
451 3592 692 3640 πώποτε·
758 3590 785 3639 ό
843 3591 1127 3659 πονογενὴς
1200 3591 1320 3649 Υίὸς
1355 3630 1369 3655 ,
1441 3590 1467 3640 ό
1526 3594 1593 3640 ὧν
1652 3590 1719 3650 εἰς
1780 3592 1868 3642 τὸν

703 3680 953 3750 Πατρός,
1032 3672 1187 3738 οὗτος
1247 3676 1580 3749 ἐξηγήσατο.
1655 3684 1719 3732 Τί
1794 3678 1871 3742 ἑξ-

268 3771 512 3837 ηγήσατο
540 3774 630 3818 τοῦ
662 3770 871 3839 Πατρός
901 3768 927 3818 ό
968 3769 1264 3838 Μονογενὴς
1296 3782 1309 3832 ;
1340 3770 1445 3824 Τὴν
1476 3766 1678 3834 οὐσίαν,
1711 3767 1740 3826 ἡ
1774 3771 1869 3825 τὴν

268 3851 493 3927 δύναμιν
540 3873 555 3923 ;
612 3856 675 3909 Εἰ
728 3861 823 3914 τὴν
877 3850 1102 3927 δύναμιν
1155 3856 1312 3925 (38),
1386 3857 1506 3908 ὅσον
1573 3854 1870 3928 ἐξηγήσατο

265 3946 419 4018 ἡμῖν,
474 3951 724 3997 τοσοῦτον
786 3944 1130 4019 γνωρίζομεν.
1174 3944 1235 3997 Εἰ
1297 3948 1393 4002 τὴν
1457 3944 1675 4014 οὐσίαν,
1724 3946 1865 4012 sin-'3,

266 4042 370 4087 ποῦ
436 4035 572 4087 εἶπεν
629 4033 790 4087 αὐτοῦ
849 4038 946 4092 τὴν
1000 4032 1311 4105 ἆγεννησίαν
1362 4034 1546 4086 οὐσίαν
1574 4052 1591 4105 ;
1632 4033 1871 4107 Ἀϐραάμ

263 4128 394 4177 πότε
458 4128 890 4199 προσεκύνησενς
959 4122 1081 4195 Οὐχ
1138 4125 1221 4175 ὅτε
1271 4121 1582 4191 intersum;
1642 4128 1773 4175 Πότε
1812 4119 1873 4176 δὲ

266 4212 619 4282 ἕπίστευσενς
663 4213 784 4285 Οὐχ
839 4213 923 4265 ὅτε
971 4211 1203 4278 ἐκλήθη;
1263 4218 1371 4265 Ποῦ
1424 4209 1512 4264 οὖν
1565 4211 1788 4265 ἐνταῦθα
1836 4214 1867 4271 ἡ

264 4302 568 4373 κατάληψις
626 4303 765 4373 αὐτῷ
824 4301 1203 4376 ἐμαρτυρήθη;
1261 4304 1405 4374 παρὰ
1464 4309 1557 4363 τῆς
1616 4307 1870 4376 Γραφῆς;

270 3676 463 3729 κόλπον
539 3684 628 3729 τοῦ

2052 3501 2103 3554 3.
2147 3496 2263 3554 Sed
2295 3497 2379 3552 sic
2426 3496 2693 3554 vicissim
2739 3497 3203 3567 interrogentur.
3232 3495 3424 3551 Deum
3463 3508 3635 3552 nemo

1977 3588 2128 3643 vidit
2170 3602 2433 3659 unquam
2462 3603 2474 3641 :
2508 3587 2857 3658 unigenitus
2894 3587 3108 3653 Filius,
3146 3586 3255 3657 qui
3280 3591 3369 3641 est
3400 3600 3463 3640 ιη
3498 3585 3636 3640 sinu

1975 3677 2203 3745 Patris,
2244 3677 2350 3732 ille
2389 3680 2701 3733 enarravit
2724 3676 2792 3730 ⁸⁸.
2828 3674 2984 3740 Quid
3010 3674 3317 3730 enarravit
3357 3672 3433 3728 de
3466 3676 3636 3729 Patre

1981 3765 2370 3835 Unigenitus?
2398 3765 2750 3833 Essentiam,
2768 3780 2845 3819 an
2864 3768 3221 3836 potestatem
3242 3762 3271 3816 ?
3295 3763 3351 3817 Si
3377 3766 3636 3833 potesta-

1977 3858 2120 3919 tem,
2150 3857 2446 3925 quantum
2490 3853 2791 3909 nuntiavit
2831 3852 3030 3922 nobis,
3062 3855 3292 3906 tantum
3324 3849 3636 3920 cognosci-

1979 3958 2136 3998 mus.
2153 3942 2209 4018 Si
2231 3940 2692 4010 essentiam,dic
2718 3940 2973 3996 ubinam
2998 3938 3216 3995 dixerit
3238 3938 3635 4010 ingeneratio-

1979 4048 2121 4088 nem
2146 4047 2277 4087 esse
2300 4031 2494 4103 ipsius
2515 4028 3130 4095 essentiam.Quando
3151 4026 3458 4083 Abraham
3488 4027 3636 4083 ado-

1979 4120 2171 4177 ravit?
2199 4122 2415 4187 Nonne
2466 4118 2716 4191 quando
2770 4116 3075 4173 credidit?
3124 4116 3379 4182 Quando
3431 4120 3636 4171 autem

1982 4208 2277 4265 credidit?
2328 4210 2536 4265 Nonne
2591 4205 2845 4279 quando
2897 4209 3149 4261 vocatus
3198 4205 3332 4261 est?
3377 4204 3636 4260 Ubinam

1980 4297 2229 4353 tandem
2251 4296 2421 4352 illum
2454 4296 2759 4367 Scriptura
2784 4298 3033 4351 testatur
3057 4292 3589 4365 comprehendisse
3608 4291 3638 4345 ?

268 4392 339 4443 Οἱ
384 4394 622 4463 μαθηταὶ
675 4388 736 4443 δὲ
784 4392 941 4443 αὐτόν
990 4396 1115 4443 πότε
1144 4392 1583 4463 προσεκύνησαν;
1626 4390 1749 4461 Οὐχ
1792 4391 1869 4443 ὅτι

1984 4385 2239 4453 Quando
2266 4385 2473 4441 itidem
2502 4384 2781 4457 discipuli
2804 4384 3007 4455 ipsum
3027 4382 3358 4437 adoravere
3377 4382 3405 4435 ?
3429 4384 3637 4437 Nonne

265 4486 364 4539 τήν
418 4486 591 4533 κτίσιν
654 4479 796 4551 αὖτῷ
848 4476 987 4532 εἶδον
1039 4480 1503 4550 ὑποτεταγμένην;
1567 4476 1714 4532 Ἀπὸ
1770 4480 1872 4553 γὰρ

267 4569 544 4632 θαλάσσης
600 4574 691 4621 καὶ
742 4567 939 4640 ἀνέμων
999 4568 1408 4620 ὑπακουσάντων
1466 4564 1607 4636 αὐτῷ
1657 4564 1868 4640 ἐγνώρι-

271 4677 371 4711 σαν
424 4656 585 4711 αὐτοῦ
628 4662 725 4717 τήν
779 4659 1018 4714 θεότητα.
1061 4658 1265 4709 Οὐκοῦν
1309 4653 1409 4707 ἀπὸ
1456 4657 1546 4727 μὲν
1593 4662 1693 4705 τῶν
1741 4653 1875 4727 ἑνιρ-

265 4756 425 4819 γςιῶν
455 4749 487 4805 ἠ
527 4754 738 4820 γνῶσις,
773 4744 876 4798 ἀπὸ
909 4742 968 4799 δὲ
1004 4753 1101 4806 τῆς
1143 4748 1379 4816 verbosas;
1410 4744 1440 4801 ἡ
1477 4744 1863 4819 προσκύνησις,

269 4840 587 4904 Πιστεύιις,
647 4837 726 4889 ὅτι
776 4832 1010 4908 δύναμαι
1063 4841 1219 4886 τοῦτο
1255 4840 1526 4898 ποιῆσαις
1591 4834 1871 4901 Πιστεύω,

272 4930 471 5001 Κύριε·
534 4932 625 4979 καὶ
702 4927 1089 4999 προσεκύνησεν
1154 4925 1295 4994 αὐτῷ
1325 4962 1339 4977 .
1425 4922 1603 4982 Οὕτως
1670 4923 1701 4979 ἡ
1782 4923 1873 4992 μὲν

268 5019 630 5091 προσκύνησις
680 5023 742 5088 τῇ
803 5021 980 5068 πίστει
1027 5011 1333 5066 άκολονοεί-
1382 5012 1412 5070 ἡ
1447 5008 1507 5065 δὲ
1543 5014 1721 5070 πίστις
1772 5007 1874 5062 ἀπὸ

270 5102 545 5180 δυνάμεως
594 5103 928 5179 βεϐαιοῦται.
975 5102 1038 5159 Εἰ
1093 5098 1151 5155 δὲ
1201 5100 1367 5174 λέγεις
1418 5104 1507 5154 τὸν
1565 5101 1877 5154 πιστεύοντα

343 5267 394 5305 ⁸⁸
429 5268 601 5326 Joan.
642 5283 682 5337 ι,
725 5269 816 5326 18.
856 5264 900 5301 ⁴⁷
945 5263 1150 5322 Matth.
1193 5279 1262 5334 IX,
1304 5264 1394 5319 28.

347 5415 460 5485 (37)
502 5415 571 5465 Ἥ
609 5410 673 5467 εἰ.
715 5410 1033 5468 Postrema
1056 5405 1277 5465 vocula
1315 5401 1527 5466 addita
1554 5419 1627 5465 ex
1652 5416 1875 5466 novem

270 5499 464 5630 ωῗὲὲ)
497 5556 560 5613 εἰ
587 5560 684 5618 τὴν
715 5551 961 5633 δάνιμινρ
988 5552 1124 5617 nec
1155 5549 1322 5633 αεὶΑᾶ
1348 5568 1421 5612 ex
1438 5562 1590 5613 mss.
1621 5552 1873 5628 decem;

1214 5622 1573 5871 Χ

1983 4490 2124 4530 cum
2150 4478 2488 4529 creaturam
2513 4474 2569 4529 ei
2600 4472 2873 4528 viderent
2904 4486 3034 4526 esse
3066 4468 3403 4539 subjectam
3428 4469 3457 4523 ?
3486 4471 3636 4523 Nam

1982 4578 2057 4619 ex
2087 4562 2241 4619 mari
2286 4567 2344 4619 et
2388 4562 2582 4619 ventis
2629 4561 2684 4617 ei
2728 4558 3290 4631 obtemperantibus
3332 4571 3637 4626 agnovere

1981 4652 2175 4723 ipsius
2202 4650 2596 4707 divinitatem.
2632 4648 2814 4719 Igitur
2843 4664 2916 4704 ex
2946 4644 3401 4719 operationibus
3429 4645 3636 4717 cogni-

1983 4742 2084 4806 tio,
2118 4755 2191 4795 ex
2218 4739 2559 4809 cognitione
2592 4743 2795 4793 autem
2833 4736 3126 4794 adoratio.
3159 4735 3370 4792 Credis
3406 4749 3500 4790 me
3525 4735 3637 4791 hoc

1978 4829 2186 4899 facere
2199 4831 2404 4897 posse!
2417 4828 2627 4894 Credo,
2642 4827 2893 4882 Domine
2910 4831 2989 4880 εει
3011 4825 3292 4881 adoravit
3310 4839 3443 4880 eum
3458 4825 3501 4858 ‘7
3513 4867 3527 4880 .
3541 4824 3637 4879 Sic

1980 4916 2168 4971 ﬁdem
2194 4914 2463 4987 sequitur
2489 4914 2788 4980 adoratio,
2809 4914 2963 4970 ﬁdes
2992 4929 3136 4969 vero
3165 4927 3275 4985 per
3302 4911 3635 4984 potentiam

1983 5004 2428 5060 corroboratur.
2452 5002 2626 5069 Quod
2647 5002 2698 5057 si
2718 5002 2869 5058 dicis
2889 5002 3230 5058 credentem
3258 5001 3385 5071 jam
3411 5014 3637 5070 cogno-

1982 5108 2185 5163 scere;
2218 5108 2325 5167 per
2359 5108 2497 5165 quae
2527 5090 2731 5163 credit,
2760 5105 2869 5163 per
2895 5090 3027 5147 haec
3064 5095 3123 5146 et
3151 5088 3499 5160 cognoscit:
3530 5088 3637 5143 aut

1983 5414 2331 5537 alterorsus
2357 5402 2706 5469 necessaria
2732 5408 2874 5464 sunt
2900 5396 2981 5463 ad
3023 5390 3464 5462 absolvendum
3501 5402 3637 5451 sen-

2131 5495 2251 5537 am.

2131 5495 2251 5538 am.
