4054 6228
256 265 358 320 877

1173 263 1655 320 EPISTOLARUM
1693 260 1985 320 CLASSIS
2024 263 2091 318 Π.
2130 263 2346 320 EPIST.
2388 263 2699 319 CCXXXVI.

3506 269 3611 324 878

258 405 365 452 τος,
426 387 670 459 εἰρῆσθαι
721 388 1064 458 πιστεύομεν·
1125 393 1216 439 καὶ
1259 392 1338 456 τό,
1382 386 1569 450 Οὐδεὶς
1615 386 1727 442 οἶδε
1770 393 1855 440 τόν

1983 391 2223 457 erimus,
2275 389 2508 445 dictum
2551 403 2684 444 esse
2741 388 3080 458 credimus;
3127 395 3184 446 et
3210 389 3360 447 illud
3391 410 3404 447 :
3437 392 3622 448 Nemo

259 479 377 530 Υίὸν
407 476 452 528 εἰ
480 481 552 548 μὴ
587 477 612 526 6
645 480 846 548 Πατήρ.
877 473 1018 529 Οὐδὲ
1053 479 1152 551 γὰρ
1185 479 1288 529 ἐκεῖ
1334 480 1547 548 ἄγνοιαν
1577 487 1670 531 τοῦ
1704 480 1856 531 ΙΙνεὺ-

261 585 424 637 ματος
453 572 756 636 κατηγορεῖ,
791 562 918 616 ἀλλὰ
948 570 1136 637 πρώτῳ
1307 573 1378 636 τῷ
1403 573 1570 642 Πατρὶ
1599 569 1858 640 ὑπάρχειν

263 659 354 712 τὴν
402 661 596 723 γνῶσιν
652 662 746 714 τῆς
786 653 971 706 ἑαυτοῦ
1021 657 1221 726 φύσεως
1277 665 1546 732 μαρτυρεῖ.
1580 658 1732 709 Οὕτω
1771 662 1858 708 καὶ

260 749 340 808 τό,
387 740 576 802 Οὐδεὶς
604 739 732 800 οἶδε,
769 747 862 801 τὴν
906 750 1111 816 πρώτην
1143 741 1349 801 εἴδησιν
1375 754 1473 797 τῶν
1505 766 1558 798 τε
1585 751 1739 798 ὄντων
1772 751 1858 798 καὶ

258 842 360 885 τῶν
399 833 652 904 ἐσομένων
712 831 796 884 ἐπι
860 836 946 885 τὸν
1012 838 1218 907 Πατέρα
1256 833 1553 906 ἀνάγοντος,
1621 841 1709 888 καὶ
1767 832 1862 888 ὃιόι

259 925 464 974 πάντων
500 927 591 980 τὴν
619 928 831 996 πρώτην
863 922 1034 974 αἰτίαν
1060 931 1167 983 τοῖς
1201 921 1485 997 ἀνθρώποις
1525 922 1860 977 ὑποδεικνύνο

257 1029 342 1070 τος
379 1011 628 1084 εἰρῆσθαι
685 1011 982 1083 νομίζομεν.
1042 1012 1178 1064 Ἐπεὶ
1225 1021 1328 1073 πῶς
1386 1014 1413 1071 ἦ
1482 1022 1600 1075 ταῖς
1653 1013 1861 1074 λοιπαῖς

253 1105 578 1175 μαρτυρίαις
633 1108 727 1161 τῆς
770 1106 979 1172 Γραφῆς
1014 1100 1289 1154 ἀκολουθεῖ
1332 1106 1388 1154 τὸ
1445 1104 1625 1176 ῥητόν,
1665 1103 1694 1160 ᾖ
1746 1109 1861 1162 ταῖς

255 1196 462 1249 κοιναῖς
522 1191 665 1260 ἡμῶν
719 1188 937 1250 ἐννοίαις
983 1189 1285 1261 συμϐαίνειν
1339 1188 1579 1262 δύναται,
1610 1200 1709 1244 τῶν
1767 1210 1860 1244 πε-

257 1282 616 1330 πιστευκότων
651 1278 821 1330 εἰκόνα
851 1275 911 1330 δὲ
941 1275 1069 1330 εἶναι
1095 1288 1186 1331 τοῦ
1236 1287 1370 1333 Θεοῦ
1400 1289 1491 1332 τοῦ
1521 1280 1745 1353 ἀοράτου
1776 1285 1862 1331 τὸν

255 1373 548 1437 Μονογενῆ,
581 1367 751 1419 εἰκόνα
779 1365 840 1420 δε
887 1367 946 1419 οὐ
998 1377 1339 1442 χαρακτῆρος
1395 1377 1720 1440 σωματικοῦ,
1754 1368 1862 1420 ἀλλ’

254 1455 423 1516 αὐτῆς
477 1465 568 1515 τῆς
627 1459 889 1526 θεότητος,
947 1463 1037 1508 καὶ
1072 1465 1172 1508 τῶν
1215 1457 1552 1530 ἐπινουμενων
1590 1466 1652 1529 τῇ
1709 1459 1866 1528 οὐσίᾳ

255 1553 352 1597 τοῦ
394 1553 531 1598 Θεοῦ
559 1545 860 1616 μεγαλείων,
903 1546 1076 1599 εἰκόνα
1119 1543 1409 1620 δυνάμεως,
1444 1547 1615 1599 εἰκόνα
1659 1553 1862 1618 σοφίας,

253 1637 393 1688 καθὸ
425 1638 631 1706 εἰρηται
659 1639 888 1708 Χριστός
933 1644 1066 1690 Θεοῦ
1117 1633 1359 1709 δύναμις,
1391 1642 1480 1690 καὶ
1506 1645 1638 1690 Θεοῦ
1668 1642 1861 1708 copia;

1968 479 2132 533 novit
2157 479 2381 534 Filium
2410 478 2528 534 nisi
2556 479 2738 533 Pater
2753 478 2818 534 ⁸ο.
2870 481 3069 550 Neque
3101 479 3259 535 enim
3313 480 3410 536 hic
3450 481 3620 550 igno-

1966 567 2176 622 rantiae
2207 566 2491 637 Spiritum
2523 569 2805 632 accusat;
2839 567 2945 622 sed
2989 570 3220 623 naturae
3259 585 3380 626 suae
3409 568 3622 638 cogni-

1967 655 2193 711 tionem
2229 655 2385 710 Patri
2417 657 2616 726 primo
2667 655 2864 712 inesse
2923 660 3194 712 testatur.
3229 658 3320 714 Sic
3350 662 3406 713 et
3450 657 3618 723 illud,

1967 746 2150 801 Nemo
2181 746 2374 812 scit“,
2407 744 2486 799 ab
2516 760 2586 799 eo
2619 745 2880 816 primam
2929 760 3140 800 eorum
3190 762 3325 817 quae
3374 751 3534 814 sunt,
3565 750 3624 802 et

1967 850 2104 906 qua:
2135 833 2333 889 futura
2360 833 2920 902 suntcognitionem
2945 833 3022 889 ad
3047 836 3278 890 Patrem
3310 835 3618 898 referente,

1966 929 2026 986 et
2054 923 2114 978 in
2137 922 2421 978 omnibus
2444 923 2705 994 primam
2726 938 2975 978 causam
3001 923 3349 978 hominibus
3373 923 3624 979 demon-

1967 1016 2194 1068 strante
2251 1012 2479 1067 dictum
2530 1011 2854 1067 credimus.
2907 1011 3142 1083 Alioqui
3171 1012 3482 1083 quomodo
3521 1018 3626 1068 aut

1962 1118 2110 1157 .cum
2140 1101 2385 1172 reliquis
2432 1101 2750 1173 Scripturaa
2792 1099 3150 1156 testimoniis
3179 1103 3514 1156 consentiat
3537 1101 3624 1156 di-

1971 1195 2132 1244 ctum
2160 1189 2328 1257 illud,
2362 1193 2469 1245 aut
2517 1205 2657 1246 cum
2707 1188 3138 1244 communibus
3177 1189 3394 1244 nostris
3431 1189 3624 1245 notio-

1970 1278 2152 1334 nibus
2199 1278 2501 1350 quadrare
2556 1278 2763 1349 possit,
2795 1278 2899 1349 qui
2939 1277 3242 1332 credimus
3297 1277 3627 1350 imaginem

1971 1385 2102 1424 esse
2133 1368 2232 1423 Dei
2262 1367 2576 1424 invisibilis
2614 1367 2993 1437 Unigenitum
3020 1384 3033 1431 ;
3066 1366 3393 1438 imaginem
3423 1373 3627 1425 autem

1966 1473 2096 1526 non
2135 1457 2346 1526 ﬁguras
2395 1472 2722 1529 corporeae,
2775 1455 2880 1510 sed
2933 1455 3123 1528 ipsius
3179 1456 3528 1524 divinitatis,
3574 1461 3632 1512 et

1969 1549 2440 1618 rmagniticorum
2494 1545 2942 1616 attributorum,
2973 1562 3107 1618 quae
3139 1546 3200 1602 in
3241 1546 3338 1601 Dei
3370 1547 3633 1602 essentia

1975 1637 2436 1707 intelliguntur:
2483 1635 2816 1705 imaginem
2860 1635 3113 1707 virtutis,
3162 1635 3490 1706 imaginem
3539 1651 3632 1690 sa-

255 1729 434 1796 Μέρος
484 1720 543 1777 δὲ
596 1721 842 1781 δηλονότι
890 1733 984 1786 τῆς
1037 1731 1226 1797 σοφίας
1281 1728 1310 1784 ὴ
1369 1735 1593 1797 γνῶσις·
1659 1728 1719 1784 ἣν
1773 1725 1867 1778 οὐκ

1983 1727 2234 1799 pientiaa,
2265 1730 2565 1798 quatenus
2623 1724 2884 1781 Christus
2915 1723 3109 1780 dictus
3161 1728 3254 1780 est
3293 1725 3391 1780 Dei
3419 1725 3629 1793 virtus,

252 1812 559 1876 ἐξεικονίζει
614 1819 808 1880 πᾶσαν,
866 1817 1004 1888 εἰπερ
1044 1824 1193 1866 τινῶν
1262 1813 1611 1870 ἀπολείπεται.
1651 1823 1761 1876 Πῶς
1809 1811 1867 1867 δὲ

253 1907 347 1954 καὶ
392 1903 419 1954 6
469 1907 671 1976 Πατὴρ,
706 1899 866 1955 δι’οὗ
920 1908 1042 1964 τοὺς
1093 1904 1277 1964 αἰῶνας
1331 1903 1565 1972 ἐποίησε,
1608 1909 1770 1976 τούτῳ
1809 1907 1868 1956 τό

254 1991 550 2062 ἐλάχιστον
616 1996 766 2064 μέρος
822 2001 922 2043 τῶν
984 1993 1202 2060 αἰώνων,
1273 1998 1365 2051 τὴν
1424 1996 1619 2068 ἡμέραν
1672 1994 1869 2053 ἐκείνην

243 2087 342 2132 ,καὶ
431 2083 526 2138 τὴν
593 2082 754 2152 ὤραν,
811 2080 905 2133 οῦκ
966 2079 1187 2148 ἔδειξενς
1246 2082 1310 2134 Ἢ
1375 2091 1478 2142 πῶς
1522 2083 1546 2133 6
1594 2091 1695 2134 τῶν
1745 2082 1870 2134 ὅλων

254 2174 491 2230 ποιητὴς
524 2176 614 2220 τοῦ
663 2169 948 2240 ἐλαχίστου
1002 2175 1188 2243 μέρους
1230 2179 1327 2222 τῶν
1381 2173 1467 2222 ὑπ’
1507 2171 1666 2223 αὐτοῦ
1723 2189 1872 2224 κτισ-

257 2261 453 2310 θέντων
481 2266 572 2318 τῆς
620 2265 858 2328 γνώσεως
900 2258 1272 2325 ἀπολείπεται;
1313 2260 1369 2311 Ὀ
1421 2258 1478 2313 δε
1530 2260 1710 2331 λέγων,
1745 2262 1870 2319 πλη-

257 2353 378 2400 σίον
414 2355 510 2398 τοῦ
534 2347 723 2412 τέλους,
756 2345 886 2399 τάδε
923 2354 1013 2401 καὶ
1042 2346 1170 2400 τάδε
1205 2347 1252 2400 ἐν
1298 2357 1368 2418 τῷ
1419 2349 1619 2421 οὐρανῷ
1679 2359 1874 2422 σημεῖα

253 2442 345 2488 καὶ
382 2435 437 2487 έν
477 2444 583 2496 τοῖς
611 2440 746 2488 κατὰ
791 2445 889 2507 γῆν
937 2444 1158 2509 χωρίοις
1207 2441 1553 2509 φανήσεσθαι,
1597 2447 1709 2500 πῶς
1747 2439 1874 2492 αὐτὸ

253 2531 312 2577 τό
391 2525 534 2586 τέλος
595 2524 792 2596 ἀγνοεῖ;
865 2525 946 2578 Ἐν
1013 2525 1089 2588 οἷς
1155 2531 1258 2600 γςὶρ
1323 2527 1459 2597 λέγει
1491 2571 1506 2591 ,
1583 2531 1743 2580 Οὔπω
1815 2533 1872 2580 τὸ

255 2617 425 2683 τέλος,
481 2614 586 2686 οὐχ
638 2619 709 2676 ὡς
760 2615 1111 2687 ἀμφιϐάλλων,
1165 2615 1271 2668 ἀλλ’
1321 2620 1387 2678 ὡς
1443 2613 1592 2678 εἰδὼς
1649 2615 1875 2689 διορίζε-

252 2724 370 2759 ται,
427 2703 647 2756 Ἔπειτα
705 2710 880 2775 μέντοι
936 2704 1268 2776 εὐγνωμόνως
1333 2713 1615 2758 σκοποῦντι
1645 2749 1658 2773 ,
1713 2706 1876 2759 πολλὰ

252 2801 343 2847 καὶ
376 2793 488 2844 ἀπὸ
530 2803 620 2846 τοῦ
667 2793 993 2867 ἀνΰρωπίνον
1042 2799 1230 2867 μέρους
1288 2798 1312 2847 6
1357 2799 1546 2867 Κύριος
1578 2793 1875 2867 διαλέγεται

250 2891 360 2944 τοῖς
419 2881 746 2955 ἀνθρώποις·
793 2881 900 2935 οἷον
928 2883 1058 2954 (37),
1104 2889 1195 2946 Δός
1243 2903 1331 2956 μοι
1385 2893 1541 2951 πιεῖν,
1587 2891 1723 2957 φωνή
1759 2885 1874 2938 ἐστι

252 2981 346 3024 τοῦ
419 2977 618 3044 Κυρίου
699 2977 790 3030 τὴν
869 2978 1174 3044 σωματικὴν
1257 2979 1438 3047 χρείαν
1516 2973 1870 3047 ἐκπληροῦσα.

1976 1821 2033 1872 et
2065 1816 2164 1870 Dei
2189 1815 2585 1886 sapientia“?
2615 1812 2884 1869 Profecto
2907 1817 3106 1868 autem
3129 1829 3270 1885 pars
3293 1817 3380 1868 est
3400 1813 3634 1886 sapien-

1978 1903 2088 1970 tiai,
2121 1903 2408 1972 cognitio,
2461 1918 2649 1974 quam
2703 1917 2826 1956 non
2884 1905 3070 1956 totam
3130 1905 3542 1973 reprtesentat,
3584 1902 3633 1957 si

1975 1974 2137 2065 quid‘
2155 1992 2208 2064 ei
2236 1990 2412 2047 desit.
2440 1990 2756 2057 Quomodo
2783 2003 2984 2046 autem
3016 1990 3188 2045 Pater
3210 1990 3280 2055 ei,
3305 2005 3412 2062 per
3448 2006 3634 2062 quem

1977 2080 2198 2136 saecula
2253 2079 2542 2146 condidit,
2592 2077 2909 2134 minimam
2955 2082 3192 2151 partem
3249 2077 3630 2144 saaculorum,

1979 2170 2140 2224 diem
2199 2168 2367 2224 illum
2419 2175 2476 2224 et
2521 2169 2759 2237 horam,
2813 2182 2934 2222 non
2996 2166 3302 2223 ostendit?
3339 2172 3454 2223 Aut
3489 2183 3637 2239 quo-

1980 2259 2164 2316 modo
2195 2260 2615 2314 universorum
2667 2257 2969 2322 Conditor,
3017 2256 3283 2312 minimae
3316 2257 3502 2330 partis
3542 2273 3638 2313 eo-

1979 2365 2138 2418 rum,
2165 2366 2301 2421 qua:
2333 2365 2368 2404 a
2419 2365 2481 2402 se
2531 2347 2776 2403 condita
2807 2351 2964 2412 sunt,
2995 2347 3335 2416 cognitione
3360 2345 3641 2402 destitue-

1980 2436 2118 2493 tur?
2150 2437 2259 2502 Qui
2308 2442 2509 2492 autem
2567 2435 2730 2497 dicit,
2783 2434 3312 2506 appropinquante
3343 2433 3641 2502 fine,hzec

1983 2530 2038 2582 et
2069 2525 2171 2582 illa
2201 2526 2256 2580 in
2285 2525 2435 2582 caelo
2490 2525 2669 2594 signa
2717 2530 2773 2580 et
2827 2527 2886 2578 in
2937 2524 3108 2579 terris
3145 2524 3335 2580 visum
3371 2523 3460 2591 iri,
3495 2539 3640 2596 quo-

1983 2614 2168 2670 modo
2208 2615 2408 2686 ipsum
2466 2615 2651 2668 ﬁnem
2709 2614 2985 2683 ignorat?
3040 2613 3194 2668 Dum
3243 2613 3403 2668 enim
3451 2612 3640 2669 dicit:

1981 2704 2266 2759 Nondum
2297 2703 2516 2769 finis“,
2549 2717 2670 2757 non
2693 2702 2868 2774 quasi
2896 2700 3202 2768 dubitans,
3229 2701 3333 2757 sed
3356 2706 3420 2757 ut
3445 2703 3642 2758 sciens

1983 2792 2261 2848 afﬁrmat.
2291 2791 2533 2862 Deinde,
2565 2791 2612 2846 si
2651 2791 2789 2863 quis
2827 2806 3004 2862 (equo
3043 2789 3250 2846 animo
3281 2789 3640 2857 consideret,

1981 2881 2171 2938 multa
2201 2887 2257 2937 et
2287 2897 2357 2937 ex
2388 2880 2662 2935 humana
2710 2884 2880 2950 parte
2925 2878 3215 2934 Dominus
3259 2876 3500 2932 disserit
3533 2878 3642 2933 ho-

1983 2971 2250 3028 minibus
2282 2988 2294 3025 :
2325 2986 2470 3026 nam
2521 2968 2691 3039 illud,
2737 2970 2831 3024 Da
2883 2967 3034 3023 mihi
3083 2966 3359 3030 bibere“,
3402 2982 3517 3022 vox
3556 2971 3646 3022 est

252 3067 448 3116 Καίτοι
501 3064 528 3112 6
581 3061 738 3113 αἰτῶν
795 3062 924 3133 οὐχὶ
969 3064 1102 3137 σὰρξ
1151 3060 1210 3121 ἦν
1250 3063 1481 3134 ἄψυχος,
1693 3067 1873 3126 θεότης

1984 3061 2238 3122 Domini,
2272 3074 2626 3132 corpoream
2671 3056 3068 3126 indigentiam
3121 3054 3391 3127 explens.
3448 3061 3644 3128 Atque

251 3157 423 3226 σαρκὶ
494 3150 724 3222 ἐμψύχῳ
776 3155 1096 3223 κεχρημένη.
1149 3155 1299 3204 Οὕτω
1367 3159 1456 3205 καὶ
1515 3161 1603 3204 νῦν
1668 3155 1726 3205 τό
1783 3162 1874 3215 τῆς

245 3239 483 3311 ἀγνοίας
550 3238 633 3291 ἐπὶ
670 3244 754 3292 τόν
821 3240 1161 3311 οἰκονομικῶς
1211 3243 1383 3294 πάντα
1434 3239 1869 3314 καταδεξάμενον,

249 3337 346 3381 καὶ
421 3334 797 3402 προκόπτοντα
851 3332 994 3403 παρὰ
1043 3338 1157 3400 Θεῴ
1223 3335 1312 3382 καὶ
1373 3329 1660 3404 ἀνθρώποις
1715 3337 1875 3403 σοφίᾳ

245 3426 347 3471 καὶ
412 3421 625 3490 χάριτι,
691 3418 962 3488 λαμϐάνων
1012 3438 1107 3489 τις,
1161 3419 1257 3472 οὐκ
1314 3419 1411 3482 ἔξω
1475 3428 1566 3480 τῆς
1630 3420 1874 3481 εὐσεϐοῦς

247 3507 462 3579 ἕνεχΘή
473 3526 618 3559 σεται
651 3504 910 3569 διανοίας.

335 3687 401 3738 2.
439 3691 545 3744 Τῆς
591 3694 684 3745 σῆς
728 3683 781 3737 δ’
815 3685 876 3738 ἂν
925 3690 1001 3744 εἴη
1035 3686 1335 3758 φιλοπονίας
1359 3688 1474 3757 (58)
1505 3686 1746 3741 ἐκθέσθαι
1783 3691 1873 3748 τὰς

239 3773 609 3845 «Iw/721116;;
656 3777 858 3848 ῥήσεις,
912 3781 1003 3827 καὶ
1060 3784 1340 3849 συγκρῖναι
1391 3775 1636 3839 ἀλλήλαις
1675 3783 1768 3834 τήν
1820 3796 1874 3830 τε

231 3867 549 3919 Ματθαίου
606 3870 695 3916 καὶ
757 3870 846 3923 τὴν
898 3867 1138 3939 Μάρκου.
1192 3865 1349 3917 Οὗτοι
1396 3869 1495 3938 γὰρ
1557 3871 1706 3938 μόνοι
1755 3886 1874 3918 συνο

233 3955 562 4026 ινεχθέντες
620 3958 739 4025 περὶ
785 3957 873 4004 τόν
937 3960 1096 4006 τόπον
1155 3963 1333 4006 τοῦτον
1392 3953 1627 4014 ἀλλήλοις
1674 3960 1874 4026 φαίνον-

225 4063 353 4102 ται,
393 4042 462 4095 Ἠ
494 4044 588 4114 μὲν
620 4039 707 4094 οὖν
735 4042 825 4094 τοῦ
847 4045 1122 4096 Ματθαίου
1153 4042 1283 4105 λέξις
1308 4043 1471 4104 οὕτως
1492 4043 1604 4114 ἔχει
1624 4061 1636 4073 °
1669 4049 1792 4117 Περὶ
1815 4040 1874 4097 δὲ

223 4139 330 4192 τῆς
367 4133 586 4202 ἡμέρας
637 4127 829 4191 ἕκείνης
867 4137 957 4182 καὶ
1010 4138 1101 4190 τῆς
1151 4133 1286 4203 ὧρας
1327 4132 1440 4201 (59)
1489 4129 1664 4192 οὐδεὶς
1710 4128 1870 4201 οἶδεν,

216 4217 367 4276 οὐδὶ
404 4223 468 4272 οἰ
508 4217 727 4290 ἄγγελοι
757 4227 856 4270 τῶν
898 4220 1147 4294 οὐρανῶν,
1170 4220 1214 4272 εἰ
1243 4225 1314 4292 μὴ
1344 4222 1369 4271 6
1417 4225 1598 4294 Πατὴρ
1626 4225 1808 4292 μόνος·
1838 4221 1868 4278 ἡ

217 4308 286 4364 δὲ
323 4317 440 4362 τοῦ
480 4309 704 4381 Μᾴρκου
726 4323 738 4336 ⁸
773 4313 897 4382 Περὶ
927 4305 985 4360 δὲ
1030 4315 1120 4368 τῆς
1163 4310 1359 4380 ἡμέρας
1399 4307 1594 4370 ἐκείνης
1620 4315 1709 4361 καὶ
1739 4312 1872 4381 ὧρας

212 4397 430 4461 οὐδεὶς
472 4393 640 4462 οἶδεν,
673 4392 798 4448 οὐδὲ
836 4399 885 4448 οἱ
909 4395 1121 4468 ἄγγελοι
1143 4399 1189 4448 οἱ
1229 4395 1276 4448 ἐν
1306 4397 1504 4471 οὐρανῷ
1526 4399 1658 4468 (60),
1693 4395 1814 4450 οὐδὲ
1844 4400 1868 4449 6

215 4495 378 4561 Υἱός,
447 4488 616 4558 εἰμὴ
661 4488 685 4537 ὁ
741 4493 943 4558 Πατὴρ.
1002 4492 1064 4538 Τί
1129 4492 1300 4539 τοίνυν
1358 4486 1500 4539 ἐστιν
1562 4486 1610 4538 ἐν
1668 4491 1871 4548 τούτοις

207 4577 706 4650 ἐπισημήνασθαι
736 4575 918 4643 ἄξιονς
952 4575 1070 4628 Ὀτι
1102 4578 1126 4627 6
1166 4579 1255 4648 μεν
1288 4577 1551 4636 Ματθαῐος
1589 4574 1738 4629 οὐδὲν
1767 4573 1872 4630 εἶπε

205 4676 348 4741 περὶ
417 4676 532 4727 τῆς
590 4673 682 4718 τοῦ
732 4668 854 4718 Υἰοῦ
900 4664 1193 4737 ἀγνωσία;⁶
1252 4663 1398 4718 δοκεῖ
1438 4662 1497 4718 δὲ
1556 4675 1628 4738 τῷ
1675 4671 1873 4739 Μάρκῳ

284 4851 346 4887 6°
379 4845 618 4906 Matth.
643 4860 714 4910 xx,
737 4847 824 4898 27.
903 4845 946 4879 ⁶¹
978 4845 1176 4899 Matth.
1197 4861 1346 4914 xxxv,
1377 4849 1467 4902 36.

202 4927 306 4979 36.
409 4921 476 4955 5‘
518 4919 696 4972 Marc.
729 4932 846 4985 xui,
873 4919 966 4972 32.

283 5078 423 5142 (ὅθι
480 5069 650 5121 Ἀλλὰ
676 5074 882 5142 πρώτῳ,
911 5071 1045 5142 Duo
1074 5067 1238 5142 Regii
1277 5064 1538 5142 codices,
1570 5066 1726 5131 Vat.,
1745 5062 1880 5142 _Cla-

195 5135 416 5212 roin.,
453 5142 668 5210 Bigot.
703 5135 760 5212 et
789 5135 972 5194 Paris.
1018 5135 1246 5212 habent
1300 5135 1426 5188 ἀλλὰ
1476 5145 1696 5209 πρῶτον.
1733 5139 1881 5192 Cum

194 5219 414 5276 editis
461 5213 580 5269 alii
604 5211 842 5266 codices
867 5211 1270 5264 consentiunt.

280 5291 416 5359 (57)
463 5292 601 5359 Τοῖς
628 5282 949 5359 ανθρώποιςς
977 5283 1107 5359 οἷον.
1135 5285 1278 5359 ilice
1307 5278 1513 5359 addita
1565 5294 1633 5332 ex
1663 5276 1883 5359 codici-

189 5349 328 5420 birs
375 5349 593 5419 Meti,
629 5349 807 5414 ilarl.,
838 5352 1012 5408 Cois].
1060 5354 1274 5424 primo,
1306 5356 1361 5406 et
1407 5366 1525 5404 uno
1557 5366 1627 5404 ex
1663 5349 1881 5416 Regiis.

191 5434 376 5490 Ertiti
421 5427 776 5496 διαλέγεται.
809 5429 896 5496 Τό,
927 5423 1224 5496 γαρξΜοΧ
1263 5423 1355 5496 hie
1398 5437 1608 5496 _v_oces,
1640 5428 1754 5496 τοῦ·
1776 5427 1882 5496 Κυέ

183 5513 366 5580 ρίου,
411 5490 756 5580 des'untin
791 5490 1101 5580 codicibus
1123 5492 1483 5580 ‘Vat.,‘Coisl.
1517 5490 1806 5580 secundo
1830 5494 1888 5546 et

185 5563 509 5636 duobus
553 5567 767 5640 Regiis.
791 5566 974 5626 Paulo
1004 5570 1141 5641 post
1171 5570 1406 5640 septem
1426 5563 1662 5621 codices
1690 5579 1704 5619 :
1734 5563 1887 5616 Οὕτω

1545 4847 1592 4880 ⁸³
1625 4850 1644 4900 Ι
1668 4848 1798 4902 Cor.
1826 4864 1858 4915 ι,
1883 4848 1972 4900 24.

1982 3151 2032 3206 is
2057 3150 2303 3222 quidem
2335 3149 2436 3221 qui
2466 3147 2727 3220 petebat,
2778 3161 2902 3202 non
2944 3161 3084 3201 caro
3115 3147 3244 3200 erat
3283 3143 3641 3217 inanimata,

1984 3239 2092 3294 sed
2135 3237 2413 3294 divinitas
2443 3251 2626 3292 carne
2658 3235 2926 3290 animata
2972 3237 3167 3288 utens.
3200 3236 3288 3288 ita
3317 3236 3372 3287 et
3400 3248 3562 3288 nunc
3593 3233 3644 3288 si

1979 3328 2119 3402 quis
2147 3325 2552 3398 ignorantiam
2586 3323 2748 3380 illam
2775 3322 2855 3380 ad
2876 3339 3015 3378 eum
3043 3322 3278 3387 referat,
3305 3321 3411 3393 qui
3433 3321 3644 3378 omnia

1979 3433 2087 3490 per
2115 3415 2635 3487 dispensationem
2667 3411 2954 3484 suscepit,
2978 3415 3034 3467 et
3061 3426 3268 3468 coram
3299 3413 3421 3467 Deo
3452 3413 3510 3466 et
3536 3411 3645 3467 ho-

1979 3505 2249 3564 minibus
2280 3503 2576 3577 sapientia
2600 3508 2655 3559 et
2680 3501 2873 3574 gratia
2893 3500 3180 3575 profecit;
3211 3501 3264 3557 is
3287 3505 3454 3557 extra
3472 3500 3642 3573 piam

1978 3611 2103 3654 non
2131 3594 2352 3650 feretur
2385 3593 2750 3649 sententiam
2765 3634 2777 3646 .

2049 3690 2101 3740 2.
2130 3685 2268 3739 Jam
2314 3688 2431 3746 tua:
2476 3681 2799 3750 diligentiae
2851 3680 3026 3736 fuerit
3051 3679 3432 3750 evangelicas
3460 3694 3641 3734 voces

1979 3789 2300 3846 exponere,
2333 3776 2390 3826 et
2420 3769 2668 3826 Matthzei
2713 3786 2782 3826 ac
2824 3769 2998 3825 Marci
3027 3769 3188 3824 dicta
3218 3768 3373 3823 inter
3402 3783 3465 3823 se
3495 3784 3638 3823 con-

1979 3865 2153 3919 ferre.
2195 3861 2261 3917 Hi
2315 3861 2474 3916 enim
2525 3858 2637 3914 soli
2691 3858 2849 3915 circa
2900 3858 3061 3914 hunc
3109 3856 3313 3912 locum
3369 3856 3522 3912 inter
3575 3872 3639 3910 se

1979 3951 2359 4008 concurrisse
2419 3949 2891 4020 comperiantur.
2963 3948 3028 4000 Et
3076 3944 3334 4001 Matthaei
3389 3944 3638 4017 quidem

1979 4041 2160 4096 dictio
2193 4039 2278 4095 sic
2325 4054 2390 4094 se
2438 4037 2668 4093 habet:
2721 4037 2810 4092 De
2848 4035 2944 4090 die
3002 4041 3201 4090 autem
3248 4035 3361 4090 illa
3399 4041 3454 4088 et
3486 4032 3640 4088 hora

1977 4147 2149 4186 nemo
2188 4129 2315 4194 scit,
2350 4142 2425 4183 ne
2471 4128 2762 4182 caelorum
2809 4125 3041 4196 quidem
3086 4123 3312 4192 angeli,
3368 4122 3488 4176 nisi
3518 4122 3635 4177 Pa-

1979 4226 2073 4277 ter
2093 4221 2255 4275 solus
2274 4219 2342 4271 ‘5.
2386 4215 2564 4271 Marci
2593 4219 2798 4270 autem
2831 4215 2912 4268 ita
2946 4229 2958 4268 :
2986 4217 3064 4268 De
3096 4212 3190 4267 die
3219 4218 3419 4268 autem
3446 4211 3552 4266 illo
3581 4216 3638 4266 et

1983 4309 2131 4364 hora
2163 4322 2332 4363 nemo
2371 4307 2502 4370 scit,
2545 4319 2735 4374 neque
2779 4303 2988 4372 angeli
3013 4303 3076 4356 in
3125 4301 3290 4369 caelo,
3321 4315 3512 4371 neque
3539 4300 3640 4354 Fi-

1986 4399 2121 4457 lius,
2155 4397 2273 4451 nisi
2299 4397 2488 4450 Pater
2506 4395 2572 4448 δδ.
2627 4392 2782 4456 Quid
2835 4395 3038 4446 autem
3085 4387 3146 4442 in
3193 4388 3285 4442 his
3315 4387 3637 4442 observata

1983 4488 2236 4557 dignum
2285 4486 2420 4539 est?
2474 4482 2622 4537 illud
2686 4494 2933 4550 nempe,
2995 4477 3334 4533 Matthaeum
3390 4475 3638 4548 quidem

1983 4575 2132 4630 nihil
2160 4574 2382 4629 dixisse
2428 4571 2502 4626 de
2547 4569 2673 4624 Filii
2719 4569 2893 4638 362
2942 4565 3306 4635 ignorantia,
3339 4564 3522 4619 videri
3554 4571 3640 4620 ta-

1985 4681 2122 4722 men
2165 4681 2306 4719 cum
2342 4665 2535 4718 Marco
2575 4658 2909 4715 consentire
2950 4655 3155 4728 quoad
3203 4671 3450 4710 sensum
3489 4654 3640 4711 dum

2679 4838 2727 4872 ει
2757 4837 3033 4905 Joan.1v,
3055 4841 3108 4890 7.
3186 4835 3233 4869 ⁸⁵
3255 4833 3455 4890 Matth.
3477 4848 3638 4902 xxxv,

2051 4844 2099 4879 ⁵³
2120 4841 2317 4904 Matth,
2349 4855 2502 4906 xxw,
2537 4842 2594 4892 6.

1989 5066 2157 5113 τοίνυν
2197 5063 2255 5112 τὸ
2305 5068 2396 5119 τῆς
2447 5056 2656 5130 ἀγνοίας
2713 5055 2797 5109 ἐπὶ
2854 5059 2940 5108 τόν
2988 5060 3368 5131 προκόπτοντα.
3420 5057 3646 5111 Cretera

1989 5134 2227 5189 desunt.

2068 5205 2177 5270 (58)
2215 5202 2538 5261 ψιλοπονίας.
2591 5197 2766 5255 Coisl.
2821 5199 3052 5270 primus
3111 5199 3434 5270 φιλοσοφίας,
3469 5200 3525 5250 et
3563 5193 3644 5250 ad

1992 5275 2330 5336 marginem
2366 5280 2426 5327 ut
2454 5273 2510 5327 in
2545 5271 2745 5327 editis.
3027 5315 3031 5320 .

2065 5349 2171 5416 (59,
2207 5351 2305 5397 Καὶ
2337 5352 2422 5404 τῆς
2452 5347 2607 5416 ᾧρας.
2657 5345 2787 5416 Haec
2832 5342 3048 5416 desunt
3098 5341 3154 5394 in
3188 5337 3464 5412 pluribus
3494 5353 3642 5391 mss.

1993 5414 2176 5473 Paulo
2208 5414 2630 5488 postquinque
2652 5415 2947 5470 codices?)
2982 5414 3132 5485 ὥρας-
3247 5480 3260 5488 _
3355 5476 3366 5488 _
3471 5479 3505 5488 Α
3555 5477 3564 5488 ,

2067 5476 2270 5614 (eamdi);
2314 5487 2360 5540 ἐν
2383 5476 2612 5562 ὶοραῡῷ.
2647 5488 2820 5542 Deest
2863 5476 3060 5558 prima
3086 5480 3302 5539 vocula
3349 5476 3413 5539 in
3467 5476 3645 5541 Coisl.

2067 5571 2180 5614 cun
2229 5573 2285 5614 0.

1995 5571 2285 5616 88001100.
