4100 6214
591 272 696 329 870

2768 66 2813 83 ’3
2866 70 2985 83 *-

3130 130 3233 149 --ο

3106 73 4005 241 Ἦ

3294 168 3315 179 9

1968 269 2026 327 s.
2066 270 2319 329 essm:
2356 269 2575 330 nam
3792 282 3879 344 κο

590 398 693 464 ait,
719 395 853 453 Nisi
879 395 1041 453 satus
1070 395 1277 453 Pater.
1326 395 1445 452 Nos
1493 408 1674 468 porro
1731 393 2147 451 existimamus
2175 392 2225 450 il.

2358 398 2713 471 συμφέρεσθαι
2754 400 2889 453 κατὰ
2934 402 3029 459 τὴν
3058 400 3273 469 ἔννοιὰν,
3302 399 3356 455 ἔκ
3382 407 3472 456 τοῦ
3499 402 3663 476 φάναι,
3702 404 3755 458 Εἰ
3779 410 3839 479 μή
3865 408 3887 459 ὁ

588 484 715 554 lud,
746 486 929 551 solus,
979 489 1044 541 ut
1094 484 1326 555 angelis
1358 489 1725 557 opponatur,
1766 483 1995 539 dictum
2033 482 2241 554 fuisse,

589 573 838 630 minime
867 590 1011 630 vero
1040 574 1253 630 Filium
1285 589 1408 630 una
1438 590 1577 630 cum
1606 574 1729 629 suis
1752 572 1938 630 servis
1968 587 2239 644 compre-

588 663 793 731 hendi,
826 670 1127 737 quantum
1144 665 1354 721 attinet
1382 664 1458 719 ad
1488 663 1916 733 ignorantiam.
1948 664 2051 719 Est
2078 661 2241 718 enim

587 770 769 809 verax
798 754 903 827 qui
931 753 1344 825 pronuntiavit
1378 774 1390 809 :
1422 754 1637 810 Omnia
1666 768 2034 826 quarumque
2064 750 2239 808 habet

586 842 795 911 Pater,
854 857 986 899 mea
1033 844 1255 899 sunt".
1316 844 1510 899 Unum
1565 847 1768 898 autem
1819 857 2050 910 eorum,
2104 856 2239 913 quas

586 931 788 1002 habet,
819 936 907 986 est
952 936 1009 987 et
1036 932 1169 1003 ipsa
1212 930 1464 1001 hujusce
1518 930 1637 987 diei
1667 937 1723 987 et
1750 930 1914 986 horae
1955 930 2238 1000 cognitio.

588 1019 832 1078 Silentio
862 1020 1045 1089 igitur
1088 1020 1569 1092 praetermittens,
1602 1025 1667 1077 ut
1709 1020 1957 1076 minime
2005 1024 2241 1076 contro-

584 1125 842 1180 versam,
873 1127 1045 1166 suam
1076 1110 1267 1182 ipsius
1320 1126 1649 1183 personam
1701 1110 1761 1165 in
1794 1109 2045 1166 Matthmi
2075 1108 2238 1165 dicto

585 1198 898 1267 Dominus,
926 1198 1175 1267 angelos
1205 1197 1351 1254 dixit
1376 1199 1676 1268 ignorare.
1708 1197 1859 1255 scire
1903 1203 2106 1255 autem
2138 1200 2240 1257 Pa-

585 1292 737 1343 trem
763 1287 980 1354 solum,
1016 1286 1207 1343 Patris
1227 1286 1631 1358 cognitionem
1653 1287 1827 1343 tacite
1848 1302 2021 1342 suam
2044 1286 2238 1359 ipsius

584 1391 720 1432 esse
745 1376 991 1442 docens,
1024 1392 1095 1432 eo
1119 1376 1286 1449 quod
1316 1380 1373 1432 et
1402 1375 1547 1433 alibi
1590 1375 1993 1449 pronuntiarit
2024 1393 2038 1432 :
2068 1376 2238 1433 Sicut

582 1467 884 1536 cognoscit
935 1480 1025 1521 me
1060 1466 1270 1533 Pater,
1315 1471 1371 1523 et
1414 1481 1513 1535 ego
1562 1482 1853 1536 cognosco
1898 1467 2146 1523 Patrem
2163 1466 2234 1523 ".

583 1553 755 1619 Quod
784 1554 833 1609 si
890 1556 1057 1610 Pater
1114 1553 1324 1610 Filium
1375 1559 1566 1611 totum
1599 1554 1857 1611 totaliter
1904 1555 2232 1628 cognoscit,

581 1644 663 1699 ita
692 1648 755 1699 ut
785 1648 841 1699 et
882 1642 1254 1699 reconditam
1304 1643 1367 1699 in
1414 1643 1547 1715 ipso
1599 1642 1958 1717 sapientiam
1987 1661 2231 1701 omnem

2354 491 2536 560 Πατὴρ
2575 492 2750 560 μόνος.
2780 488 2957 562 ’Πμεῖς
3001 485 3061 542 δι
3090 492 3355 563 ἡγούμεθα
3380 494 3457 562 τὸ,
3490 496 3655 564 μόνος,
3678 498 3792 567 πρὸς
3812 499 3889 554 τὴν

2349 582 2451 627 τῶν
2482 573 2710 648 ἀγγέλων
2740 574 3146 638 ἆντιδιαστολήν
3163 582 3276 651 (61)
3297 579 3536 655 εἰρῆσθαι
3556 596 3570 610 ⁸
3599 583 3679 633 τὸν
3706 577 3759 635 δι
3792 586 3889 637 Υἱόν

2348 666 2419 736 μὴ
2445 664 3056 740 συμπαραλαμϐάνεσθαι
3084 675 3193 729 τοῖς
3221 666 3407 721 ἑαυτοῦ
3437 664 3654 739 δούλοις,
3677 672 3795 723 κατᾶ
3814 676 3889 731 τήν

2348 754 2579 824 ἄγνοιαν.
2614 751 2877 825 Ἀψευδὴς
2916 757 3016 830 γὰρ
3054 757 3082 808 6
3126 755 3299 825 εἰπὼν,
3329 758 3411 810 ὅτι
3438 759 3609 811 Πάντα
3634 759 3728 810 ὅσα
3752 761 3889 830 ἕχειό

2350 846 2531 917 Πατὴρ
2558 842 2655 916 ἐμοί
2684 842 2846 899 ἔστιν.
2877 843 2965 897 Ἐν
2996 840 3076 914 δὶ,
3124 845 3193 897 ὧν
3244 848 3378 917 ἔχει,
3403 849 3494 898 καὶ
3521 847 3550 905 ἠ
3593 851 3768 918 γνῶσίς
3800 847 3891 902 ἐστι

2347 938 2442 993 τῆς
2468 933 2664 1007 ἡμέρας
2692 930 2883 994 ἐκείνης
2908 935 2997 987 καὶ
3017 940 3113 996 τῆς
3133 936 3286 1005 ὥρας.
3303 940 3713 1010 Παρασιωπήσας
3731 942 3888 1006 τοίνυν,

2349 1022 2419 1082 ὡς
2449 1020 2875 1094 ὁμολογούμενον,
2906 1025 2965 1075 τὸ
2997 1021 3181 1076 ἑαυτοῦ
3217 1028 3497 1097 πρόσωπον
3520 1022 3568 1076 ἐν
3591 1031 3650 1098 τῇ
3678 1024 3795 1088 λέξει
3817 1032 3891 1079 τοῦ

2347 1111 2623 1163 Ματθαίου
2650 1110 2675 1161 6
2709 1112 2918 1185 Κύριος,
2944 1113 3067 1174 τούς
3087 1108 3336 1183 ἀγγέλους
3358 1108 3491 1164 εἶπεν
3512 1110 3718 1184 ἀγνοεῖν,
3735 1109 3891 1166 εἰδέναι

2350 1193 2409 1250 δι
2433 1200 2520 1249 τὸν
2552 1201 2757 1271 Πατέρα
2779 1201 2935 1271 μόνον
2952 1214 2966 1227 '
2994 1203 3089 1257 τὴν
3118 1206 3210 1251 τοῦ
3260 1202 3461 1272 Πατρός
3483 1209 3669 1271 γνῶσιν
3696 1203 3814 1252 κατὰ
3846 1204 3892 1253 τὸ

2350 1292 2680 1359 σιωπώμενον
2709 1292 2799 1339 καὶ
2819 1286 3004 1340 ἑαυτοῦ
3036 1285 3164 1341 εἶναι
3192 1286 3373 1360 λέγων,
3403 1284 3496 1342 διὰ
3512 1292 3570 1341 τὸ
3587 1294 3673 1341 καὶ
3691 1287 3736 1341 ἕν
3754 1288 3893 1353 ἄλλοις

2347 1374 2603 1450 εἰρηκέναι
2624 1392 2636 1405 ο
2682 1377 2863 1438 Καθὼς
2890 1381 3135 1447 γινώσκει
3162 1396 3225 1449 με
3245 1378 3272 1430 6
3304 1382 3509 1453 Πατὴρ,
3538 1376 3677 1449 κάγὼ
3691 1383 3894 1450 γινώσκω

2344 1467 2431 1517 τὸν
2473 1469 2697 1537 Πατέρα.
2749 1464 2809 1521 Εἰ
2865 1459 2924 1518 δι
2968 1470 3215 1536 γινώσκει
3252 1467 3279 1518 6
3328 1470 3506 1541 Πατὴρ
3543 1469 3628 1519 τὸν
3672 1470 3778 1522 Υίόν
3803 1467 3894 1521 ὅλον

2346 1548 2420 1606 δι’
2450 1552 2588 1623 ὅλου,
2621 1554 2756 1607 ὥστε
2789 1557 2877 1606 καὶ
2902 1558 2998 1612 τὴν
3022 1552 3421 1627 ἐναποκειμένην
3447 1553 3588 1627 αύτῷ
3615 1556 3718 1627 (62)
3744 1559 3894 1628 σοφίαν

2343 1648 2519 1695 πᾶσαν
2548 1640 2895 1695 ίπίστασθαιο
2928 1645 3063 1696 κατά
3100 1647 3159 1696 τὸ
3197 1647 3314 1697 ’ίσον
3353 1648 3537 1719 μέτρον
3565 1648 3651 1698 καί
3677 1642 3892 1716 ἐπιγνωσ-

580 1733 939 1806 perspiciat:
974 1732 1107 1805 pari
1135 1748 1427 1789 mensura
1451 1738 1508 1789 et
1537 1750 1574 1793 a
1614 1732 1759 1789 Filio
1811 1738 2225 1805 cognoscetur,

2347 1733 2566 1790 θήσεται
2612 1733 2758 1806 παρὰ
2811 1739 2904 1785 τοῦ
2955 1735 3101 1803 Υίοῦ,
3142 1729 3411 1802 δηλονότι,
3462 1736 3591 1807 μετᾶ
3623 1736 3778 1795 πάσης
3818 1742 3892 1795 τῆς

579 1839 719 1878 cum
748 1824 914 1878 omni
945 1822 1123 1878 insita
1149 1821 1234 1878 illi
1279 1823 1577 1894 sapientia
1614 1828 1672 1879 et
1721 1824 2092 1896 praenotione
2137 1824 2231 1881 fu-

577 1916 869 1969 turorum.
904 1912 996 1968 Sic
1038 1911 1220 1981 igitur
1252 1911 1400 1968 illud
1447 1912 1724 1981 Matthaei,
1752 1914 1890 1969 Nisi
1923 1914 2086 1970 solus
2112 1915 2230 1974 Pa-

577 2009 712 2074 ter,
774 2001 1229 2075 interpretando
1281 2001 1631 2059 leniendum
1690 2001 1989 2060 ducimus.
2053 2005 2229 2061 Marci

574 2097 778 2149 autem
804 2091 1009 2161 verba,
1032 2091 1178 2164 quia
1206 2095 1409 2164 aperte
1455 2091 1735 2149 videntur
1780 2092 1983 2167 ipsum
2015 2092 2227 2151 Filium

573 2196 613 2237 a
659 2179 998 2251 cognitione
1056 2179 1392 2244 excludere,
1441 2181 1524 2238 ita
1565 2180 1997 2251 intelligimus:
2039 2183 2227 2240 Nemo

572 2270 761 2336 novit,
811 2285 1007 2343 neque
1052 2268 1251 2339 angeli
1295 2269 1419 2337 Dei,
1468 2268 1577 2325 sed
1621 2285 1733 2327 nec
1771 2269 1953 2325 Filius
1998 2276 2224 2337 nosset,

572 2358 687 2415 nisi
717 2364 918 2415 nosset
947 2361 1155 2425 Pater;
1196 2358 1314 2415 hoc
1360 2363 1466 2427 est,
1527 2374 1716 2416 causa
1766 2364 1822 2415 et
1859 2359 2225 2433 principium

570 2448 934 2520 cognitionis
985 2448 1108 2505 Filii
1137 2464 1172 2504 a
1219 2449 1388 2509 Patre
1435 2451 1540 2504 est.
1575 2452 1656 2504 As
1687 2447 1947 2504 violenta
1974 2448 2225 2522 quidem

567 2555 693 2596 non
723 2544 831 2608 est,
864 2538 914 2593 si
948 2538 1086 2611 quis
1110 2553 1287 2610 aequo
1333 2537 1539 2594 animo
1578 2537 1807 2605 audiat,
1834 2538 1963 2595 haec
1991 2540 2225 2611 exposi-

569 2626 1219 2701 tio;quandoquidem
1271 2642 1396 2682 non
1442 2626 1723 2697 adjicitur
1744 2627 1931 2694 solus,
1972 2632 2037 2684 ut
2059 2627 2226 2701 apud

570 2716 933 2774 Matthaaum.
974 2718 1133 2773 Mens
1185 2716 1366 2785 igitur
1406 2714 1580 2772 Marci
1624 2720 1713 2771 est
1762 2714 2108 2786 ejusmodi:
2144 2718 2224 2774 De

568 2805 667 2863 die
693 2809 895 2862 autem
919 2804 1022 2861 illa
1053 2809 1156 2861 aut
1192 2803 1345 2861 hora
1391 2819 1572 2861 nemo
1621 2804 1749 2873 scit,
1788 2819 1987 2877 neque
2025 2804 2223 2875 angeli

570 2896 694 2963 Dei,
741 2895 848 2953 sed
890 2910 1002 2951 nec
1059 2893 1234 2953 Filius
1277 2892 1526 2966 quidem
1566 2898 1789 2957 nosset,
1846 2894 1960 2951 nisi
2016 2898 2225 2952 nosset

567 2988 769 3052 Pater;
789 2983 1089 3057 siquidem
1109 2984 1210 3039 eia
1228 2982 1400 3039 Patre
1421 2981 1564 3039 data
1574 2982 1858 3055 cognitio.
1881 2985 2001 3039 Hoc
2016 2989 2221 3045 autem

2342 1818 2740 1894 ίνυπαρχούσης
2767 1820 2907 1893 αύτῷ
2948 1826 3132 1894 σοφίας
3177 1826 3268 1875 καὶ
3318 1830 3418 1885 τῆς
3462 1828 3780 1899 προγνώσεως
3809 1829 3892 1875 τῶν

2338 1909 2642 1984 μελλόντων.
2674 1914 2881 1973 Ταύτης
2928 1930 3022 1985 μεν
3066 1907 3155 1964 οὖν
3199 1911 3446 1985 ἀξιοῦμεν
3483 1920 3579 1975 τῆς
3604 1913 3891 1987 παραμυθίας

2338 2002 2397 2053 τὸ
2426 2002 2570 2073 παρὰ
2597 2008 2669 2071 τῷ
2698 2001 2951 2071 Ματθαίῳ
2980 2004 3207 2074 κείμενον
3228 2017 3242 2031 ⁸
3289 2001 3348 2059 Εἰ
3375 2005 3449 2074 μὴ
3496 2002 3522 2054 6
3552 2006 3721 2077 Πατὴρ
3750 2004 3889 2065 μόνος.

2334 2091 2406 2143 Τὸ
2460 2085 2520 2143 δι
2575 2090 2815 2164 Μάρκου,
2869 2086 3050 2148 ἐπειδὴ
3103 2099 3327 2164 φανερῶς
3367 2087 3516 2145 δοκεῖ
3557 2094 3754 2145 καὶτὸν
3793 2091 3892 2149 Υίόν

2337 2176 2670 2253 ἀπομερίζειν
2696 2186 2791 2240 τῆς
2833 2184 3093 2251 γνώσεως,
3152 2179 3292 2232 οὕτω
3342 2188 3588 2254 νοοῦμενο
3639 2182 3714 2233 ὅτι
3745 2177 3891 2245 οὐδεὶς

2335 2264 2495 2339 οἶδεν,
2536 2271 2654 2321 οὔτε
2687 2269 2736 2320 οἱ
2772 2266 2984 2339 ἄγγελοι
3011 2275 3102 2320 τοῦ
3132 2275 3291 2340 Θεοῦ,
3326 2267 3438 2322 ἀλλ’
3466 2266 3588 2324 ούδε
3614 2271 3639 2323 ὀ
3674 2272 3776 2332 Υἱὸς
3800 2271 3887 2342 (63)

2334 2358 2483 2429 ἔγνω,
2509 2355 2551 2409 εἰ
2579 2359 2652 2429 μὴ
2703 2357 2729 2408 6
2769 2360 2949 2432 Πατήρ
2974 2371 2990 2386 ⁸
3028 2362 3321 2425 τουτέστιν,
3355 2360 3387 2419 ἠ
3430 2357 3575 2411 αἰτία
3611 2365 3697 2411 τοῦ
3732 2354 3889 2412 εἰδέναι

2334 2449 2421 2498 τόν
2463 2447 2583 2498 Υίόν
2637 2446 2783 2519 παρὰ
2823 2452 2916 2497 τοῦ
2964 2450 3185 2520 Πατρός.
3246 2450 3352 2501 Καὶ
3402 2444 3648 2511 ἀϐίαστος
3692 2446 3791 2501 ἔστι
3829 2454 3885 2518 τῷ

2334 2534 2662 2608 εύγνώμόνως
2717 2528 2958 2588 ἀκούοντι
3023 2536 3053 2593 ἡ
3115 2534 3373 2607 ἐξήγησις
3421 2538 3593 2596 αύτη⁰
3644 2533 3803 2594 ἐπειδὴ
3839 2534 3886 2588 ού

2331 2629 2642 2699 πρόσκειται
2668 2626 2728 2676 τὸ
2756 2627 2934 2697 μόνος,
2961 2626 3027 2685 ὡς
3055 2628 3146 2677 καὶ
3176 2628 3327 2699 παρὰ
3347 2634 3422 2697 τῷ
3451 2627 3713 2698 Ματθαίῳ.
3741 2624 3887 2679 ἐστιν

2331 2709 2419 2766 οὖν
2449 2714 2475 2766 6
2503 2720 2623 2775 νοῦς
2652 2714 2679 2764 6
2725 2714 2870 2785 παρὰ
2896 2720 2970 2783 τῷ
3017 2715 3215 2787 Μάρκῳ
3243 2722 3482 2777 τοιοῦτος
3504 2736 3519 2749 ·
3573 2720 3691 2789 Περὶ
3735 2710 3787 2768 δε
3816 2720 3887 2774 τῆς

2330 2803 2527 2876 ἡμέρας
2556 2801 2752 2863 ἐκείνης
2774 2803 2881 2861 (64)
2908 2802 2936 2861 ἡ
2961 2803 3099 2879 ὧρας
3118 2799 3296 2865 οὐδεὶς
3324 2800 3489 2876 οἶδεν,
3511 2807 3623 2858 οὔτε
3642 2806 3686 2857 οἰ
3710 2801 3885 2875 ἄγγελοι

2326 2899 2418 2944 τοῦ
2463 2899 2620 2957 Θεοῦ,
2661 2888 2767 2944 ἀλλ’
2797 2886 2914 2943 οὐδ’
2946 2889 3006 2943 ἂν
3053 2892 3079 2944 ὁ
3126 2894 3241 2953 Υίός
3280 2895 3434 2965 ἔγνω,
3467 2893 3513 2947 εί
3538 2897 3606 2967 μὴ
3641 2895 3667 2946 6
3704 2895 3882 2963 ﬂamip'

2330 2980 2385 3035 ἐκ
2412 2982 2511 3054 γὰρ
2541 2987 2635 3033 τοῦ
2666 2983 2871 3055 Πατρός
2906 2978 3048 3051 αύτῷ
3077 2980 3295 3053 ὑπῆρχε
3335 2978 3589 3053 δεδομένη
3624 2982 3653 3041 ἡ
3696 2989 3876 3054 γνῶσις.

568 3074 643 3130 de
665 3073 809 3130 Filio
836 3078 894 3130 et
920 3072 1185 3129 maxime
1220 3071 1391 3144 pium
1412 3074 1471 3128 et
1506 3071 1801 3127 divinitati
1831 3087 1954 3127 non
1977 3070 2220 3129 indeco-

2336 3074 2493 3123 Τοῦτο
2520 3064 2554 3122 δ
2558 3072 2580 3122 ι
2610 3068 2965 3142 εὐφημότατον
2987 3068 3100 3122 ἐστι
3124 3074 3215 3122 καὶ
3242 3071 3525 3145 θεοπρεπες
3547 3075 3659 3145 περὶ
3684 3077 3765 3124 τοῦ
3788 3070 3888 3123 Υίοῦ

569 3179 703 3219 rum
736 3162 899 3218 dictu
918 3166 1025 3229 est,
1048 3177 1188 3217 eum
1213 3159 1293 3217 ab
1313 3174 1407 3228 eo,
1431 3158 1528 3216 cui
1554 3159 2085 3217 consubstantialis
2110 3165 2220 3229 est,

567 3250 793 3307 habere
831 3255 897 3307 ut
927 3253 1275 3320 cognoscat,
1308 3253 1489 3321 atque
1532 3247 1595 3304 in
1642 3248 1811 3305 omni
1845 3248 2138 3322 sapientia
2167 3253 2225 3308 et

567 3342 881 3411 majestate
910 3337 1200 3395 divinitati
1221 3354 1344 3393 suae
1369 3341 1777 3394 consentanea
1796 3338 2222 3411 conspiciatur.

642 3432 695 3485 3.
737 3428 907 3493 Quod
938 3431 1168 3498 spectat
1198 3426 1278 3482 ad
1327 3425 1705 3491 Jechoniam,
1754 3441 1938 3499 quem
1970 3426 2225 3499 proscri-

569 3521 742 3590 ptum
774 3534 845 3573 ex
871 3516 1079 3572 Iudaea
1123 3519 1278 3571 terra
1314 3514 1500 3570 fuisse
1547 3514 1691 3570 dicit
1741 3515 2041 3585 propheta
2066 3518 2222 3573 Jere-

569 3608 722 3663 mias
734 3605 1037 3662 hisverbis
1052 3621 1065 3660 :
1082 3604 1484 3659 Inhonoratus
1501 3609 1583 3660 est
1606 3603 1920 3660 Jec/ionias
1933 3610 2220 3677 tanquam

570 3713 696 3765 vas,
752 3699 925 3767 cujus
983 3710 1102 3750 non
1134 3700 1216 3750 est
1260 3694 1530 3763 utilitas;
1576 3700 1630 3749 et
1661 3694 1805 3764 quia
1854 3696 2109 3763 rejectus
2140 3700 2225 3751 est

570 3789 694 3857 ipse
722 3794 776 3844 et
808 3802 1002 3843 semen
1034 3787 1184 3856 ejus,
1218 3799 1405 3854 neque
1430 3798 1504 3839 ex
1527 3786 1749 3839 semine
1778 3785 1905 3853 eius
1945 3791 2225 3855 exsurget

570 3879 675 3948 qui
688 3875 1303 3944 sedeatsupersotium
1325 3874 1544 3940 David,
1570 3874 1852 3942 princeps
1879 3875 1941 3928 in
1962 3876 2116 3931 Juda
2134 3876 2181 3911 ⁶⁹
2205 3892 2221 3933 :

571 3965 826 4035 simplex
852 3970 907 4019 et
936 3964 1100 4019 clara
1120 3968 1211 4018 est
1230 3963 1441 4017 oratio.
1463 3964 1612 4016 Nam
1634 3963 1859 4018 eversis
1883 3963 2223 4036 Hierosoly-

570 4053 686 4108 mis
707 4068 742 4107 a
765 4048 1708 4111 Nabuchodonosor,dissolutum
1723 4049 1913 4106 fuerat
1932 4067 2217 4121 regnum:

568 4157 679 4197 nec
695 4142 825 4211 jam
849 4139 1053 4212 patriae
1077 4137 1491 4193 successiones
1514 4138 1985 4209 principatuum,
2016 4146 2082 4197 ut
2108 4156 2221 4198 an-

568 4234 685 4297 tea,
708 4229 1017 4301 vigebant:
1036 4226 1139 4283 sed
1162 4231 1322 4296 tunc,
1348 4225 1603 4297 imperio
1623 4225 1858 4297 dejecti,
1882 4227 1943 4283 in
1973 4230 2219 4301 captivi-

569 4326 687 4377 tate
716 4318 1002 4376 vivebant
1024 4315 1264 4373 Davidis
1288 4314 1533 4387 posteri.
1555 4315 1795 4370 Reversi
1823 4321 2024 4373 autem
2058 4318 2217 4374 Sala-

566 4410 707 4467 thiel
728 4414 784 4466 et
816 4406 1147 4465 Zorobabel
1177 4404 1359 4494 modo
1400 4403 1592 4473 magis
1620 4402 1899 4494 pOpulari
1922 4412 2218 4476 praeerant
2254 4436 2296 4494 ο

566 4499 874 4573 populo”,
912 4496 1198 4553 translato
1231 4493 1513 4565 deinceps
1560 4492 1638 4547 ad
1669 4493 2071 4550 sacerdotium
2097 4495 2215 4552 im-

563 4589 751 4661 perio,
776 4593 1091 4660 propterea
1129 4582 1295 4655 quod
1332 4581 1719 4638 sacerdotalis
1749 4586 1805 4638 et
1831 4583 1996 4654 regia
2025 4584 2214 4644 tribus

561 4677 714 4734 inter
741 4694 803 4734 se
829 4674 1380 4733 commiscerentur.
1408 4671 1573 4729 Unde
1613 4672 1902 4731 Dominus
1925 4678 2104 4730 etrex
2124 4680 2213 4733 est

2331 3157 2516 3231 λέγειν,
2563 3159 2646 3211 ὅτι
2696 3158 2852 3232 οὗπίρ
2900 3156 3041 3211 ἐστιν
3089 3159 3391 3231 ὁμοούσιος,
3444 3159 3497 3223 ἐξ
3541 3159 3697 3212 αύτοῦ
3729 3161 3806 3211 καὶ
3844 3158 3888 3209 τὸ

2329 3253 2603 3320 γινώσκειν
2633 3249 2764 3319 ἔχει,
2796 3252 2886 3299 καὶ
2906 3250 2965 3300 τὸ
2988 3246 3038 3299 ἐν
3067 3249 3212 3321 πάσῃ
3249 3254 3409 3322 σοφίᾳ
3451 3252 3540 3303 καί
3566 3244 3689 3313 δόξη
3719 3250 3817 3319 (65)
3837 3252 3885 3318 τῇ

2329 3338 2601 3410 πρεπούσῃ
2635 3336 2797 3388 αὐτοῦ
2824 3343 2884 3409 τῇ
2918 3337 3125 3394 θεότητι
3166 3338 3501 3414 θεωρεῖσθαι.

2403 3428 2454 3482 3.
2489 3429 2615 3499 Περὶ
2663 3420 2724 3478 δι
2770 3422 2864 3476 τοῦ
2902 3422 3175 3496 Ἰεχονίου,
3215 3424 3273 3478 ὃν
3313 3425 3631 3504 ἐκκηρυκτον
3678 3424 3770 3479 διπό
3812 3428 3885 3482 τῆς

2329 3510 2593 3575 Ἰουδαίας
2642 3522 2745 3585 γῆς
2797 3516 3114 3585 γεγενῆσθαί
3178 3534 3344 3587 φησιν
3391 3518 3419 3569 6
3472 3534 3732 3591 προφητης
3767 3512 3882 3587 Ἰερεο

2331 3606 2458 3676 μίας
2533 3602 2733 3655 εἰπών·
2792 3602 3060 3676 ’Πτιμώθη
3117 3602 3373 3674 Ἰεχονίας
3438 3607 3503 3667 ὡς
3583 3612 3784 3668 σκεῦος,
3838 3596 3882 3650 οὗ

2332 3693 2427 3747 οὐκ
2496 3695 2635 3745 ἔστιν
2701 3691 2859 3745 αύτοῦ
2934 3707 3139 3767 χρεια⁶
3196 3697 3292 3746 καὶ
3338 3695 3422 3747 ὅτι
3479 3693 3720 3769 ἀπερρίφη
3761 3689 3881 3748 αὐτὸς

2332 3787 2421 3835 καὶ
2474 3785 2532 3833 τὸ
2592 3786 2800 3855 σπέρμα
2855 3781 3060 3853 αὐτοῦ,
3117 3786 3206 3834 καὶ
3260 3783 3321 3835 ού
3362 3788 3436 3857 μὴ
3491 3782 3681 3855 ἀναστῇ
3727 3782 3774 3834 ἐκ
3811 3780 3879 3831 τοῦ

2334 3876 2626 3946 σπέρματος
2697 3871 2860 3923 αύτοῦ
2933 3873 3217 3943 καθήμενος
3294 3872 3381 3927 ἐπὶ
3455 3882 3547 3926 τοῦ
3600 3875 3764 3947 θρόνου
3802 3876 3877 3921 Δα-

2332 3958 2467 4028 ὁἿδ,
2543 3961 2727 4034 ἄρχων
2801 3958 2850 4013 ἐν
2922 3968 2995 4031 τῷ
3070 3956 3289 4033 Ἰούδου
3369 3961 3563 4025 ἁπλοῦς
3613 3966 3697 4014 καὶ
3744 3960 3877 4029 σαφής

2330 4050 2470 4104 ἐστιν
2523 4051 2549 4102 ὁ
2607 4049 2781 4121 λόγος.
2836 4051 3246 4124 Καθαιρεθείσης
3297 4053 3399 4125 γὰρ
3457 4061 3553 4115 τῆς
3589 4046 3875 4125 Ἰερουσαλὴμ

2329 4140 2428 4192 ύπὸ
2480 4135 2982 4211 Ναϐουχοδονόσορ,
3024 4137 3200 4191 λε’λυτο
3240 4142 3333 4213 μεν
3361 4142 3428 4194 τὰ
3470 4139 3721 4215 βασίλεια,
3741 4136 3874 4189 οὐκέτι

2329 4224 2388 4281 δι
2453 4232 2707 4303 πατρικαὶ
2765 4223 3031 4299 διαδοχαὶ
3094 4236 3193 4280 τῶν
3248 4230 3539 4302 ἡγεμονιῶν
3595 4230 3695 4300 (66)
3750 4226 3872 4282 ἥσατο

2328 4318 2499 4392 ὥσπερ
2559 4321 2649 4369 καὶ
2704 4322 2949 4389 πρότερον
2979 4333 2991 4347 ·
3054 4314 3181 4369 ἀλλὰ
3227 4323 3344 4371 τότε
3390 4324 3481 4391 μεν
3521 4318 3573 4382 ἐξ
3612 4315 3769 4393 ἀρχῆς
3811 4310 3873 4363 ἐπὶ

2328 4414 2425 4468 τῆς
2488 4404 2862 4478 αἰχμαλωσίας
2920 4401 3105 4478 διῆγον
3162 4408 3211 4458 οί
3273 4405 3525 4480 ἁπόγονοί
3587 4414 3671 4459 τοῦ
3706 4395 3869 4457 Δαϐίδο

2326 4495 2681 4557 ἐπανελθόντες
2738 4492 2796 4548 δε
2850 4497 2898 4547 οί
2948 4500 3065 4568 περὶ
3116 4498 3203 4548 τὸν
3243 4496 3503 4556 Σαλαθιην
3552 4501 3633 4547 καὶ
3681 4486 3868 4564 Ζοροϐά-

2326 4584 2429 4651 ϐελ,
2465 4582 2885 4657 δημοτικώτερον
2913 4587 3238 4656 καθηγοῦντο
3282 4594 3378 4639 τοῦ
3420 4585 3569 4655 λαοῦ,
3605 4593 3689 4644 τῆς
3729 4580 3868 4652 ἀρχῆς

2321 4674 2499 4729 λοιπον
2562 4674 2645 4727 ἐπὶ
2705 4679 2793 4733 τὴν
2865 4674 3145 4749 ἱερωσύνην
3208 4679 3640 4749 μεταπεσούσης,
3695 4667 3775 4724 διά
3822 4664 3863 4715 τὸ

629 4926 674 4965 ⁸⁷
708 4926 878 4983 Joan.
909 4938 1030 4995 xvr,
1059 4926 1143 4980 15.
1219 4922 1267 4960 ⁸⁸
1289 4920 1465 4981 Joan.
1496 4938 1557 4996 x,
1586 4926 1669 4980 15.
1746 4922 1793 4962 ⁶⁹
1818 4923 1932 4981 Jer.
1960 4939 2104 4998 χχιι,
2127 4927 2225 4981 28η

2389 4924 2440 4961 ⁷ο
2463 4928 2485 4982 ι
2516 4921 2685 4981 Esdr.
2707 4939 2789 4992 xu,
2811 4926 2863 4982 2.

625 5158 741 5229 (6!)
786 5150 1239 5213 Ἀντιδιαστολὴν.
1291 5153 1451 5211 Harl.
1512 5170 1654 5210 eum
1700 5170 1825 5211 uno
1883 5170 1957 5213 ex
2012 5152 2210 5228 Regiis

557 5225 863 5282 διαστολὴν.

972 5296 1193 5370 Ειὶίιὶμέν
1216 5296 1380 5370 αὐτῷ.
1403 5297 1537 5370 _Sed
1579 5296 1746 5352 deest
1773 5296 2117 5370 prmpositio
2148 5296 2209 5354 in

550 5374 833 5448 pluribus
858 5368 999 5448 mss.
1036 5368 1366 5448 eodieibus,
1398 5368 1589 5448 iisque
1625 5368 2079 5448 optimze‘notie.

622 5446 735 5513 (63)
766 5440 905 5495 Οὐδὲ
934 5445 957 5493 ὁ
991 5445 1132 5501 Υἱός.
1172 5438 1430 5513 Legitur
1484 5436 1544 5494 in
1570 5436 1766 5513 peditis
1798 5436 1911 5513 οὐδ’
1941 5440 1999 5492 ἂν
2036 5443 2062 5491 ὸ
2094 5440 2207 5502 Υἱὸς

550 5510 703 5583 ἔγνω.
745 5515 857 5570 Sed
883 5514 1053 5573 deest
1082 5514 1142 5565 ἄν
1167 5511 1230 5569 in
1269 5510 1441 5568 Coisl.
1490 5511 1709 5584 primo,
1744 5512 1923 5581 llarl.,
1969 5512 2119 5571 Med.
2152 5517 2208 5572 et

550 5599 674 5640 uno
705 5585 912 5656 ltegio.

2388 5155 2501 5228 (64)
2533 5153 2781 5229 Ἰτζκείνης,
2805 5152 2979 5229 Deest
3003 5170 3075 5212 ea
3093 5170 3207 5213 vox
3226 5153 3287 5211 in
3307 5153 3575 5229 pluribus
3594 5145 3853 5209 codicibus

2317 5227 2916 5301 nonantiquissimis.
2997 5298 3053 5301 __
3238 5298 3269 5301 __
3312 5227 3329 5229 ἡ
3400 5298 3414 5301 _
3479 5297 3494 5301 _
3613 5291 3696 5301 _,

2391 5301 2499 5371 (65)
2539 5288 2639 5351 Κοὶὶ
2672 5294 2825 5371 δοξῃ.
2858 5302 2968 5354 Pro
2997 5298 3090 5354 his
3118 5298 3370 5355 vocibus
3399 5297 3575 5354 habet
3606 5288 3762 5350 Cois].
3787 5298 3851 5340 se-

2316 5370 2552 5425 cundus
2582 5376 2670 5422 καὶ
2700 5376 2908 5441 γνώσει,
2935 5376 2988 5425 et
3014 5372 3279 5427 scientia.
3420 5440 3423 5441 ν
3560 5438 3594 5441 μ
3732 5432 3762 5441 ἡ

2388 5444 2500 5511 (66)
2523 5427 2859 5513 Ἠγεμᾶνιῶν.
2895 5427 2977 5497 ita
3002 5458 3214 5497 omnes
3244 5440 3431 5497 nostri
3469 5438 3708 5494 codices.
3731 5427 3845 5513 Editi

2317 5497 2656 5586 ἡγεμονικτένί
2690 5512 2924 5586 Ibidem,
2944 5513 3084 5569 editi
3106 5518 3164 5565 τὸ
3191 5518 3451 5586 προτερον.
3487 5513 3649 5566 Deest
3675 5497 3844 5561 vowla

2314 5584 2379 5642 in
2408 5584 2598 5643 tribus
2625 5585 3049 5643 vetustissimis
3069 5583 3395 5645 codiCihu's.
