  <div class='ocr_page' id='page_1' title='image "/cluster/home/n/w/nwhite01/storage/ocr_20150623/32/hvd.32044048207401/446.png"; bbox 0 0 4054 6228; ppageno 0'>
   <div class='ocr_carea' id='block_1_1' title="bbox 254 332 3617 403">
    <p class='ocr_par' dir='ltr' id='par_1_1' title="bbox 254 332 3617 403">
     <span class='ocr_line' id='line_1_1' title="bbox 254 332 3617 403; baseline 0.004 -15"><span class='ocrx_word' id='word_1_1' title='bbox 254 332 352 388; x_wconf 76' lang='grc'>881</span> <span class='ocrx_word' id='word_1_2' title='bbox 1169 333 1652 392; x_wconf 77' lang='lat' dir='ltr'>EPISTOLARUM</span> <span class='ocrx_word' id='word_1_3' title='bbox 1692 334 1976 393; x_wconf 80' lang='lat' dir='ltr'>CLASSIS</span> <span class='ocrx_word' id='word_1_4' title='bbox 2022 338 2092 394; x_wconf 88' lang='lat' dir='ltr'>ll.</span> <span class='ocrx_word' id='word_1_5' title='bbox 2130 339 2342 396; x_wconf 81' lang='lat' dir='ltr'>EPIST.</span> <span class='ocrx_word' id='word_1_6' title='bbox 2385 339 2700 396; x_wconf 82' lang='lat' dir='ltr'>CCXXXVI.</span> <span class='ocrx_word' id='word_1_7' title='bbox 3509 346 3617 403; x_wconf 72' lang='grc'>882</span> 
     </span>
    </p>
   </div>
   <div class='ocr_carea' id='block_1_2' title="bbox 254 452 1855 535">
    <p class='ocr_par' dir='ltr' id='par_1_2' title="bbox 254 452 1853 530">
     <span class='ocr_line' id='line_1_2' title="bbox 254 452 1853 530; baseline 0.002 -23"><span class='ocrx_word' id='word_1_8' title='bbox 254 452 575 527; x_wconf 71' lang='grc' dir='ltr'>ἀναμιγῆναι</span> <span class='ocrx_word' id='word_1_9' title='bbox 624 454 720 514; x_wconf 77' lang='grc' dir='ltr'>τὴν</span> <span class='ocrx_word' id='word_1_10' title='bbox 760 453 1023 528; x_wconf 77' lang='grc' dir='ltr'>ἱερατικήν</span> <span class='ocrx_word' id='word_1_11' title='bbox 1078 458 1168 509; x_wconf 84' lang='grc' dir='ltr'>καὶ</span> <span class='ocrx_word' id='word_1_12' title='bbox 1214 460 1309 515; x_wconf 77' lang='grc' dir='ltr'>τήν</span> <span class='ocrx_word' id='word_1_13' title='bbox 1359 454 1643 530; x_wconf 78' lang='grc' dir='ltr'>βασιλικὴν</span> <span class='ocrx_word' id='word_1_14' title='bbox 1668 457 1853 530; x_wconf 74' lang='grc' dir='ltr'>φυλήν,</span> 
     </span>
    </p>
   </div>
   <div class='ocr_carea' id='block_1_3' title="bbox 2013 452 3614 535">
    <p class='ocr_par' dir='ltr' id='par_1_3' title="bbox 2013 460 3614 535">
     <span class='ocr_line' id='line_1_3' title="bbox 2013 460 3614 535; baseline 0.004 -19"><span class='ocrx_word' id='word_1_15' title='bbox 2013 460 2322 533; x_wconf 84' lang='lat' dir='ltr'>tpontifex</span> <span class='ocrx_word' id='word_1_16' title='bbox 2346 461 2404 520; x_wconf 89' lang='lat' dir='ltr'>in</span> <span class='ocrx_word' id='word_1_17' title='bbox 2429 463 2502 519; x_wconf 90' lang='lat' dir='ltr'>iis</span> <span class='ocrx_word' id='word_1_18' title='bbox 2534 479 2670 535; x_wconf 68' lang='lat' dir='ltr'>qum</span> <span class='ocrx_word' id='word_1_19' title='bbox 2701 467 2841 522; x_wconf 90' lang='lat' dir='ltr'>sunt</span> <span class='ocrx_word' id='word_1_20' title='bbox 2882 465 2961 521; x_wconf 89' lang='lat' dir='ltr'>ad</span> <span class='ocrx_word' id='word_1_21' title='bbox 3002 467 3274 523; x_wconf 81' lang='lat' dir='ltr'>Deum&quot;.</span> <span class='ocrx_word' id='word_1_22' title='bbox 3318 468 3401 524; x_wconf 82' lang='lat' dir='ltr'>Ac</span> <span class='ocrx_word' id='word_1_23' title='bbox 3426 467 3614 524; x_wconf 88' lang='lat' dir='ltr'>tribus</span> 
     </span>
    </p>
   </div>
   <div class='ocr_carea' id='block_1_4' title="bbox 250 542 1851 627">
    <p class='ocr_par' dir='ltr' id='par_1_4' title="bbox 250 542 1851 621">
     <span class='ocr_line' id='line_1_4' title="bbox 250 542 1851 621; baseline 0.002 -24"><span class='ocrx_word' id='word_1_24' title='bbox 250 542 405 597; x_wconf 87' lang='grc' dir='ltr'>Ὀθεν</span> <span class='ocrx_word' id='word_1_25' title='bbox 450 545 476 595; x_wconf 86' lang='grc' dir='ltr'><strong>ὁ</strong></span> <span class='ocrx_word' id='word_1_26' title='bbox 531 546 722 618; x_wconf 71' lang='grc' dir='ltr'>Κύριος</span> <span class='ocrx_word' id='word_1_27' title='bbox 766 549 857 597; x_wconf 78' lang='grc' dir='ltr'>καὶ</span> <span class='ocrx_word' id='word_1_28' title='bbox 888 542 1140 617; x_wconf 85' lang='grc' dir='ltr'>βασιλεύς</span> <span class='ocrx_word' id='word_1_29' title='bbox 1183 544 1296 597; x_wconf 75' lang='grc' dir='ltr'>ἐστι</span> <span class='ocrx_word' id='word_1_30' title='bbox 1352 550 1442 598; x_wconf 89' lang='grc' dir='ltr'>καὶ</span> <span class='ocrx_word' id='word_1_31' title='bbox 1486 545 1763 621; x_wconf 79' lang='grc' dir='ltr'>ἀρχιερεύς</span> <span class='ocrx_word' id='word_1_32' title='bbox 1790 550 1851 601; x_wconf 81' lang='grc' dir='ltr'>τὰ</span> 
     </span>
    </p>
   </div>
   <div class='ocr_carea' id='block_1_5' title="bbox 2013 542 3614 627">
    <p class='ocr_par' dir='ltr' id='par_1_5' title="bbox 2013 550 3614 627">
     <span class='ocr_line' id='line_1_5' title="bbox 2013 550 3614 627; baseline 0.006 -23"><span class='ocrx_word' id='word_1_33' title='bbox 2013 550 2212 607; x_wconf 92' lang='lat' dir='ltr'>uidem</span> <span class='ocrx_word' id='word_1_34' title='bbox 2241 551 2407 621; x_wconf 87' lang='lat' dir='ltr'>regia</span> <span class='ocrx_word' id='word_1_35' title='bbox 2436 553 2515 609; x_wconf 89' lang='lat' dir='ltr'>ad</span> <span class='ocrx_word' id='word_1_36' title='bbox 2545 568 2739 627; x_wconf 89' lang='lat' dir='ltr'>usque</span> <span class='ocrx_word' id='word_1_37' title='bbox 2770 555 2980 611; x_wconf 90' lang='lat' dir='ltr'>Christi</span> <span class='ocrx_word' id='word_1_38' title='bbox 3012 556 3336 612; x_wconf 77' lang='lat' dir='ltr'>adventum</span> <span class='ocrx_word' id='word_1_39' title='bbox 3365 557 3614 615; x_wconf 90' lang='lat' dir='ltr'>minime</span> 
     </span>
    </p>
   </div>
   <div class='ocr_carea' id='block_1_6' title="bbox 251 632 1852 715">
    <p class='ocr_par' dir='ltr' id='par_1_6' title="bbox 251 632 1852 710">
     <span class='ocr_line' id='line_1_6' title="bbox 251 632 1852 710; baseline 0.001 -23"><span class='ocrx_word' id='word_1_40' title='bbox 251 636 379 710; x_wconf 85' lang='grc' dir='ltr'>πρὸς</span> <span class='ocrx_word' id='word_1_41' title='bbox 417 636 507 685; x_wconf 89' lang='grc' dir='ltr'>τόν</span> <span class='ocrx_word' id='word_1_42' title='bbox 537 637 688 690; x_wconf 84' lang='grc' dir='ltr'>Θεὸν.</span> <span class='ocrx_word' id='word_1_43' title='bbox 721 638 822 687; x_wconf 71' lang='grc' dir='ltr'>[αἱ</span> <span class='ocrx_word' id='word_1_44' title='bbox 865 634 959 687; x_wconf 87' lang='grc' dir='ltr'>ούκ</span> <span class='ocrx_word' id='word_1_45' title='bbox 997 632 1189 698; x_wconf 78' lang='grc' dir='ltr'>ἐξέλιπε</span> <span class='ocrx_word' id='word_1_46' title='bbox 1215 637 1305 708; x_wconf 71' lang='grc' dir='ltr'>μιν</span> <span class='ocrx_word' id='word_1_47' title='bbox 1354 636 1383 693; x_wconf 83' lang='grc' dir='ltr'><strong>ἠ</strong></span> <span class='ocrx_word' id='word_1_48' title='bbox 1437 633 1688 707; x_wconf 81' lang='grc' dir='ltr'>βασιλική</span> <span class='ocrx_word' id='word_1_49' title='bbox 1722 635 1852 709; x_wconf 75' lang='grc' dir='ltr'>φυλὴ</span> 
     </span>
    </p>
   </div>
   <div class='ocr_carea' id='block_1_7' title="bbox 2013 632 3614 715">
    <p class='ocr_par' dir='ltr' id='par_1_7' title="bbox 2013 639 3614 715">
     <span class='ocr_line' id='line_1_7' title="bbox 2013 639 3614 715; baseline 0.005 -21"><span class='ocrx_word' id='word_1_50' title='bbox 2013 639 2216 706; x_wconf 75' lang='lat' dir='ltr'>eiecit,</span> <span class='ocrx_word' id='word_1_51' title='bbox 2260 655 2370 697; x_wconf 86' lang='lat' dir='ltr'>nec</span> <span class='ocrx_word' id='word_1_52' title='bbox 2402 646 2603 698; x_wconf 89' lang='lat' dir='ltr'>tamen</span> <span class='ocrx_word' id='word_1_53' title='bbox 2629 643 2890 715; x_wconf 88' lang='lat' dir='ltr'>amplius</span> <span class='ocrx_word' id='word_1_54' title='bbox 2924 644 3077 701; x_wconf 91' lang='lat' dir='ltr'>sedit</span> <span class='ocrx_word' id='word_1_55' title='bbox 3104 645 3163 700; x_wconf 92' lang='lat' dir='ltr'>in</span> <span class='ocrx_word' id='word_1_56' title='bbox 3195 645 3342 701; x_wconf 90' lang='lat' dir='ltr'>solio</span> <span class='ocrx_word' id='word_1_57' title='bbox 3374 647 3614 702; x_wconf 88' lang='lat' dir='ltr'>Davidis</span> 
     </span>
    </p>
   </div>
   <div class='ocr_carea' id='block_1_8' title="bbox 250 725 1851 805">
    <p class='ocr_par' dir='ltr' id='par_1_8' title="bbox 250 725 1851 799">
     <span class='ocr_line' id='line_1_8' title="bbox 250 725 1851 799; baseline 0.001 -23"><span class='ocrx_word' id='word_1_58' title='bbox 250 729 419 798; x_wconf 70' lang='grc' dir='ltr'>μέχρι</span> <span class='ocrx_word' id='word_1_59' title='bbox 447 732 538 785; x_wconf 82' lang='grc' dir='ltr'>τῆς</span> <span class='ocrx_word' id='word_1_60' title='bbox 576 730 667 776; x_wconf 90' lang='grc' dir='ltr'>τοῦ</span> <span class='ocrx_word' id='word_1_61' title='bbox 716 731 952 799; x_wconf 80' lang='grc' dir='ltr'>Χριστοῦ</span> <span class='ocrx_word' id='word_1_62' title='bbox 983 729 1273 798; x_wconf 76' lang='grc' dir='ltr'>παρουσίας</span> <span class='ocrx_word' id='word_1_63' title='bbox 1299 746 1312 759; x_wconf 88' lang='grc'><strong>·</strong></span> <span class='ocrx_word' id='word_1_64' title='bbox 1366 725 1425 777; x_wconf 86' lang='grc' dir='ltr'>ού</span> <span class='ocrx_word' id='word_1_65' title='bbox 1469 730 1571 799; x_wconf 78' lang='grc' dir='ltr'>μὴν</span> <span class='ocrx_word' id='word_1_66' title='bbox 1620 728 1696 779; x_wconf 80' lang='grc' dir='ltr'>ἱτι</span> <span class='ocrx_word' id='word_1_67' title='bbox 1736 725 1851 778; x_wconf 77' lang='grc' dir='ltr'>ἐκά-</span> 
     </span>
    </p>
   </div>
   <div class='ocr_carea' id='block_1_9' title="bbox 2014 725 3615 805">
    <p class='ocr_par' dir='ltr' id='par_1_9' title="bbox 2014 730 3615 805">
     <span class='ocr_line' id='line_1_9' title="bbox 2014 730 3615 805; baseline 0.006 -22"><span class='ocrx_word' id='word_1_68' title='bbox 2014 743 2171 784; x_wconf 70' lang='lat' dir='ltr'>zmen</span> <span class='ocrx_word' id='word_1_69' title='bbox 2214 730 2533 786; x_wconf 68' lang='lat' dir='ltr'>Jechoniaa.</span> <span class='ocrx_word' id='word_1_70' title='bbox 2578 734 2728 786; x_wconf 81' lang='lat' dir='ltr'>Nam</span> <span class='ocrx_word' id='word_1_71' title='bbox 2777 732 2994 788; x_wconf 87' lang='lat' dir='ltr'>solium</span> <span class='ocrx_word' id='word_1_72' title='bbox 3044 733 3308 805; x_wconf 87' lang='lat' dir='ltr'>profecto</span> <span class='ocrx_word' id='word_1_73' title='bbox 3338 736 3502 805; x_wconf 82' lang='lat' dir='ltr'>regia</span> <span class='ocrx_word' id='word_1_74' title='bbox 3531 736 3615 793; x_wconf 88' lang='lat' dir='ltr'>di-</span> 
     </span>
    </p>
   </div>
   <div class='ocr_carea' id='block_1_10' title="bbox 252 811 1853 893">
    <p class='ocr_par' dir='ltr' id='par_1_10' title="bbox 252 811 1853 889">
     <span class='ocr_line' id='line_1_10' title="bbox 252 811 1853 889; baseline 0.001 -22"><span class='ocrx_word' id='word_1_75' title='bbox 252 816 398 868; x_wconf 88' lang='grc' dir='ltr'>θισεν</span> <span class='ocrx_word' id='word_1_76' title='bbox 438 812 521 867; x_wconf 72' lang='grc' dir='ltr'>ἐπὶ</span> <span class='ocrx_word' id='word_1_77' title='bbox 567 820 659 866; x_wconf 89' lang='grc' dir='ltr'>τοῦ</span> <span class='ocrx_word' id='word_1_78' title='bbox 704 815 886 889; x_wconf 88' lang='grc' dir='ltr'>θρόνου</span> <span class='ocrx_word' id='word_1_79' title='bbox 924 811 1090 867; x_wconf 81' lang='grc' dir='ltr'>Δαϐἱδ</span> <span class='ocrx_word' id='word_1_80' title='bbox 1132 816 1191 867; x_wconf 86' lang='grc' dir='ltr'>τὸ</span> <span class='ocrx_word' id='word_1_81' title='bbox 1224 818 1429 888; x_wconf 77' lang='grc' dir='ltr'>σπέρμα</span> <span class='ocrx_word' id='word_1_82' title='bbox 1456 822 1548 869; x_wconf 86' lang='grc' dir='ltr'>τοῦ</span> <span class='ocrx_word' id='word_1_83' title='bbox 1580 815 1853 887; x_wconf 85' lang='grc' dir='ltr'>Ἰεχονίου.</span> 
     </span>
    </p>
   </div>
   <div class='ocr_carea' id='block_1_11' title="bbox 2010 811 3611 893">
    <p class='ocr_par' dir='ltr' id='par_1_11' title="bbox 2010 818 3611 893">
     <span class='ocr_line' id='line_1_11' title="bbox 2010 818 3611 893; baseline 0.006 -22"><span class='ocrx_word' id='word_1_84' title='bbox 2010 818 2163 874; x_wconf 91' lang='lat' dir='ltr'>nitas</span> <span class='ocrx_word' id='word_1_85' title='bbox 2192 824 2595 892; x_wconf 79' lang='lat' dir='ltr'>nuncupatur.</span> <span class='ocrx_word' id='word_1_86' title='bbox 2629 821 2802 893; x_wconf 81' lang='lat'>363</span> <span class='ocrx_word' id='word_1_87' title='bbox 2833 822 3090 878; x_wconf 87' lang='lat' dir='ltr'>Omnino</span> <span class='ocrx_word' id='word_1_88' title='bbox 3120 829 3320 878; x_wconf 88' lang='lat' dir='ltr'>autem</span> <span class='ocrx_word' id='word_1_89' title='bbox 3350 824 3611 881; x_wconf 70' lang='lat' dir='ltr'>historiae</span> 
     </span>
    </p>
   </div>
   <div class='ocr_carea' id='block_1_12' title="bbox 250 899 1851 977">
    <p class='ocr_par' dir='ltr' id='par_1_12' title="bbox 250 899 1851 977">
     <span class='ocr_line' id='line_1_12' title="bbox 250 899 1851 977; baseline -0.001 -19"><span class='ocrx_word' id='word_1_90' title='bbox 250 907 451 976; x_wconf 87' lang='grc' dir='ltr'>Θρόνος</span> <span class='ocrx_word' id='word_1_91' title='bbox 498 905 600 976; x_wconf 77' lang='grc' dir='ltr'>γὰρ</span> <span class='ocrx_word' id='word_1_92' title='bbox 656 899 899 961; x_wconf 84' lang='grc' dir='ltr'>δηλονότι</span> <span class='ocrx_word' id='word_1_93' title='bbox 958 902 1160 976; x_wconf 74' lang='grc' dir='ltr'>λέγεται</span> <span class='ocrx_word' id='word_1_94' title='bbox 1197 906 1255 957; x_wconf 85' lang='grc' dir='ltr'>τὸ</span> <span class='ocrx_word' id='word_1_95' title='bbox 1300 903 1579 977; x_wconf 80' lang='grc' dir='ltr'>βασιλικόν</span> <span class='ocrx_word' id='word_1_96' title='bbox 1628 903 1851 977; x_wconf 81' lang='grc' dir='ltr'>ἀξίωμα.</span> 
     </span>
    </p>
   </div>
   <div class='ocr_carea' id='block_1_13' title="bbox 2013 899 3614 977">
    <p class='ocr_par' dir='ltr' id='par_1_13' title="bbox 2013 907 3614 976">
     <span class='ocr_line' id='line_1_13' title="bbox 2013 907 3614 976; baseline 0.005 -14"><span class='ocrx_word' id='word_1_97' title='bbox 2013 907 2310 976; x_wconf 74' lang='grc' dir='ltr'>ιεωὶηὶεῑὶ,</span> <span class='ocrx_word' id='word_1_98' title='bbox 2343 908 2615 965; x_wconf 85' lang='lat' dir='ltr'>videlicet</span> <span class='ocrx_word' id='word_1_99' title='bbox 2637 910 2909 966; x_wconf 72' lang='lat' dir='ltr'>Judzeam</span> <span class='ocrx_word' id='word_1_100' title='bbox 2932 927 3177 967; x_wconf 88' lang='lat' dir='ltr'>omnem</span> <span class='ocrx_word' id='word_1_101' title='bbox 3207 912 3411 968; x_wconf 85' lang='lat' dir='ltr'>Davidi</span> <span class='ocrx_word' id='word_1_102' title='bbox 3443 915 3614 970; x_wconf 84' lang='lat' dir='ltr'>vecti-</span> 
     </span>
    </p>
   </div>
   <div class='ocr_carea' id='block_1_14' title="bbox 249 988 1850 1073">
    <p class='ocr_par' dir='ltr' id='par_1_14' title="bbox 249 988 1850 1068">
     <span class='ocr_line' id='line_1_14' title="bbox 249 988 1850 1068; baseline 0.001 -22"><span class='ocrx_word' id='word_1_103' title='bbox 249 994 468 1053; x_wconf 86' lang='grc' dir='ltr'>Πάντως</span> <span class='ocrx_word' id='word_1_104' title='bbox 497 988 556 1044; x_wconf 67' lang='grc' dir='ltr'>δε</span> <span class='ocrx_word' id='word_1_105' title='bbox 607 998 703 1054; x_wconf 76' lang='grc' dir='ltr'>τῆς</span> <span class='ocrx_word' id='word_1_106' title='bbox 749 995 983 1068; x_wconf 85' lang='grc' dir='ltr'>ἱστορίας</span> <span class='ocrx_word' id='word_1_107' title='bbox 1025 997 1311 1067; x_wconf 73' lang='grc' dir='ltr'>μέμνησαι,</span> <span class='ocrx_word' id='word_1_108' title='bbox 1362 995 1442 1046; x_wconf 87' lang='grc' dir='ltr'>ὅτι</span> <span class='ocrx_word' id='word_1_109' title='bbox 1482 994 1737 1067; x_wconf 73' lang='grc' dir='ltr'>ύπόφορος</span> <span class='ocrx_word' id='word_1_110' title='bbox 1763 996 1850 1067; x_wconf 67' lang='grc' dir='ltr'>μὲν</span> 
     </span>
    </p>
   </div>
   <div class='ocr_carea' id='block_1_15' title="bbox 2009 988 3610 1073">
    <p class='ocr_par' dir='ltr' id='par_1_15' title="bbox 2009 995 3610 1073">
     <span class='ocr_line' id='line_1_15' title="bbox 2009 995 3610 1073; baseline 0.004 -23"><span class='ocrx_word' id='word_1_111' title='bbox 2009 995 2162 1052; x_wconf 88' lang='lat' dir='ltr'>alem</span> <span class='ocrx_word' id='word_1_112' title='bbox 2192 995 2395 1067; x_wconf 88' lang='lat' dir='ltr'>fuisse,</span> <span class='ocrx_word' id='word_1_113' title='bbox 2428 1002 2484 1054; x_wconf 89' lang='lat' dir='ltr'>et</span> <span class='ocrx_word' id='word_1_114' title='bbox 2527 998 2875 1067; x_wconf 73' lang='lat' dir='ltr'>ldummam,</span> <span class='ocrx_word' id='word_1_115' title='bbox 2922 1004 2977 1055; x_wconf 88' lang='lat' dir='ltr'>et</span> <span class='ocrx_word' id='word_1_116' title='bbox 3007 1000 3399 1056; x_wconf 83' lang='lat' dir='ltr'>Moabitarum</span> <span class='ocrx_word' id='word_1_117' title='bbox 3424 1003 3610 1073; x_wconf 78' lang='lat' dir='ltr'>regio—</span> 
     </span>
    </p>
   </div>
   <div class='ocr_carea' id='block_1_16' title="bbox 248 1077 1849 1160">
    <p class='ocr_par' dir='ltr' id='par_1_16' title="bbox 248 1077 1849 1157">
     <span class='ocr_line' id='line_1_16' title="bbox 248 1077 1849 1157; baseline 0.002 -25"><span class='ocrx_word' id='word_1_118' title='bbox 248 1082 313 1139; x_wconf 78' lang='grc' dir='ltr'>ἦν</span> <span class='ocrx_word' id='word_1_119' title='bbox 341 1088 414 1151; x_wconf 67' lang='grc' dir='ltr'>τῷ</span> <span class='ocrx_word' id='word_1_120' title='bbox 447 1077 614 1133; x_wconf 78' lang='grc' dir='ltr'>Δαϐὶδ</span> <span class='ocrx_word' id='word_1_121' title='bbox 640 1086 787 1133; x_wconf 83' lang='grc' dir='ltr'>πᾶσα</span> <span class='ocrx_word' id='word_1_122' title='bbox 823 1084 853 1140; x_wconf 85' lang='grc' dir='ltr'>ἡ</span> <span class='ocrx_word' id='word_1_123' title='bbox 889 1078 1145 1150; x_wconf 73' lang='grc' dir='ltr'>Ἰουδαία,</span> <span class='ocrx_word' id='word_1_124' title='bbox 1195 1086 1284 1135; x_wconf 86' lang='grc' dir='ltr'>καὶ</span> <span class='ocrx_word' id='word_1_125' title='bbox 1322 1084 1351 1141; x_wconf 83' lang='grc' dir='ltr'><strong>ἠ</strong></span> <span class='ocrx_word' id='word_1_126' title='bbox 1394 1078 1672 1156; x_wconf 73' lang='grc' dir='ltr'>Ἰδουμαία</span> <span class='ocrx_word' id='word_1_127' title='bbox 1699 1088 1849 1157; x_wconf 86' lang='grc' dir='ltr'>χώρα</span> 
     </span>
    </p>
   </div>
   <div class='ocr_carea' id='block_1_17' title="bbox 2015 1077 3616 1160">
    <p class='ocr_par' dir='ltr' id='par_1_17' title="bbox 2015 1088 3616 1160">
     <span class='ocr_line' id='line_1_17' title="bbox 2015 1088 3616 1160; baseline 0.002 -17"><span class='ocrx_word' id='word_1_128' title='bbox 2015 1102 2125 1155; x_wconf 84' lang='lat' dir='ltr'>em,</span> <span class='ocrx_word' id='word_1_129' title='bbox 2157 1090 2214 1142; x_wconf 88' lang='lat' dir='ltr'>et</span> <span class='ocrx_word' id='word_1_130' title='bbox 2242 1088 2425 1159; x_wconf 77' lang='lat' dir='ltr'>Syriae</span> <span class='ocrx_word' id='word_1_131' title='bbox 2456 1093 2656 1160; x_wconf 89' lang='lat' dir='ltr'>partes</span> <span class='ocrx_word' id='word_1_132' title='bbox 2685 1093 2809 1144; x_wconf 90' lang='lat' dir='ltr'>tum</span> <span class='ocrx_word' id='word_1_133' title='bbox 2832 1089 3151 1145; x_wconf 86' lang='lat' dir='ltr'>viciniores</span> <span class='ocrx_word' id='word_1_134' title='bbox 3184 1095 3308 1145; x_wconf 90' lang='lat' dir='ltr'>tum</span> <span class='ocrx_word' id='word_1_135' title='bbox 3338 1091 3616 1147; x_wconf 87' lang='lat' dir='ltr'>remotio-</span> 
     </span>
    </p>
   </div>
   <div class='ocr_carea' id='block_1_18' title="bbox 245 1171 1846 1251">
    <p class='ocr_par' dir='ltr' id='par_1_18' title="bbox 245 1171 1846 1250">
     <span class='ocr_line' id='line_1_18' title="bbox 245 1171 1846 1250; baseline 0 -25"><span class='ocrx_word' id='word_1_136' title='bbox 245 1176 343 1225; x_wconf 77' lang='grc' dir='ltr'>καὶ</span> <span class='ocrx_word' id='word_1_137' title='bbox 394 1174 425 1231; x_wconf 81' lang='grc' dir='ltr'>ἡ</span> <span class='ocrx_word' id='word_1_138' title='bbox 473 1171 760 1239; x_wconf 81' lang='grc' dir='ltr'>Μωαϐῖτις,</span> <span class='ocrx_word' id='word_1_139' title='bbox 797 1177 887 1226; x_wconf 80' lang='grc' dir='ltr'>καὶ</span> <span class='ocrx_word' id='word_1_140' title='bbox 929 1182 1023 1236; x_wconf 77' lang='grc' dir='ltr'>τῆς</span> <span class='ocrx_word' id='word_1_141' title='bbox 1070 1178 1259 1250; x_wconf 82' lang='grc' dir='ltr'>Συρίας</span> <span class='ocrx_word' id='word_1_142' title='bbox 1307 1173 1408 1227; x_wconf 83' lang='grc' dir='ltr'>ὅσα</span> <span class='ocrx_word' id='word_1_143' title='bbox 1462 1193 1516 1226; x_wconf 92' lang='grc' dir='ltr'>τε</span> <span class='ocrx_word' id='word_1_144' title='bbox 1556 1178 1846 1249; x_wconf 84' lang='grc' dir='ltr'>πρόσχωροι</span> 
     </span>
    </p>
   </div>
   <div class='ocr_carea' id='block_1_19' title="bbox 2012 1171 3613 1251">
    <p class='ocr_par' dir='ltr' id='par_1_19' title="bbox 2012 1175 3613 1251">
     <span class='ocr_line' id='line_1_19' title="bbox 2012 1175 3613 1251; baseline 0.002 -20"><span class='ocrx_word' id='word_1_145' title='bbox 2012 1192 2057 1231; x_wconf 68' lang='lat'><strong>38</strong></span> <span class='ocrx_word' id='word_1_146' title='bbox 2095 1175 2174 1231; x_wconf 90' lang='lat' dir='ltr'>ad</span> <span class='ocrx_word' id='word_1_147' title='bbox 2211 1192 2403 1248; x_wconf 90' lang='lat' dir='ltr'>usque</span> <span class='ocrx_word' id='word_1_148' title='bbox 2444 1178 2962 1250; x_wconf 82' lang='lat' dir='ltr'>Mesopotamiam,</span> <span class='ocrx_word' id='word_1_149' title='bbox 3002 1183 3059 1235; x_wconf 92' lang='lat' dir='ltr'>et</span> <span class='ocrx_word' id='word_1_150' title='bbox 3096 1195 3169 1234; x_wconf 80' lang='lat' dir='ltr'>ex</span> <span class='ocrx_word' id='word_1_151' title='bbox 3219 1178 3408 1235; x_wconf 85' lang='lat' dir='ltr'>altera</span> <span class='ocrx_word' id='word_1_152' title='bbox 3443 1184 3613 1251; x_wconf 89' lang='lat' dir='ltr'>parte</span> 
     </span>
    </p>
   </div>
   <div class='ocr_carea' id='block_1_20' title="bbox 244 1259 1845 1341">
    <p class='ocr_par' dir='ltr' id='par_1_20' title="bbox 244 1259 1845 1336">
     <span class='ocr_line' id='line_1_20' title="bbox 244 1259 1845 1336; baseline 0 -23"><span class='ocrx_word' id='word_1_153' title='bbox 244 1263 441 1313; x_wconf 81' lang='grc' dir='ltr'>καὶτὰ</span> <span class='ocrx_word' id='word_1_154' title='bbox 483 1259 791 1336; x_wconf 74' lang='grc' dir='ltr'>πορρωτέρω</span> <span class='ocrx_word' id='word_1_155' title='bbox 836 1266 1001 1336; x_wconf 76' lang='grc' dir='ltr'>μέχρι</span> <span class='ocrx_word' id='word_1_156' title='bbox 1047 1270 1138 1324; x_wconf 80' lang='grc' dir='ltr'>τῆς</span> <span class='ocrx_word' id='word_1_157' title='bbox 1189 1266 1371 1325; x_wconf 73' lang='grc' dir='ltr'>Μέσης</span> <span class='ocrx_word' id='word_1_158' title='bbox 1420 1270 1520 1315; x_wconf 87' lang='grc' dir='ltr'>τῶν</span> <span class='ocrx_word' id='word_1_159' title='bbox 1572 1271 1845 1335; x_wconf 81' lang='grc' dir='ltr'>ποταμῶν·</span> 
     </span>
    </p>
   </div>
   <div class='ocr_carea' id='block_1_21' title="bbox 2014 1259 3615 1341">
    <p class='ocr_par' dir='ltr' id='par_1_21' title="bbox 2014 1264 3615 1341">
     <span class='ocr_line' id='line_1_21' title="bbox 2014 1264 3615 1341; baseline 0.004 -22"><span class='ocrx_word' id='word_1_160' title='bbox 2014 1280 2155 1337; x_wconf 86' lang='lat' dir='ltr'>sque</span> <span class='ocrx_word' id='word_1_161' title='bbox 2183 1264 2260 1321; x_wconf 88' lang='lat' dir='ltr'>ad</span> <span class='ocrx_word' id='word_1_162' title='bbox 2290 1266 2517 1322; x_wconf 88' lang='lat' dir='ltr'>ﬂumen</span> <span class='ocrx_word' id='word_1_163' title='bbox 2542 1268 2798 1339; x_wconf 69' lang='lat' dir='ltr'>Egypti.</span> <span class='ocrx_word' id='word_1_164' title='bbox 2837 1271 3040 1340; x_wconf 84' lang='lat' dir='ltr'>Itaque</span> <span class='ocrx_word' id='word_1_165' title='bbox 3064 1268 3109 1323; x_wconf 89' lang='lat' dir='ltr'>si</span> <span class='ocrx_word' id='word_1_166' title='bbox 3138 1268 3337 1323; x_wconf 86' lang='lat' dir='ltr'>nullus</span> <span class='ocrx_word' id='word_1_167' title='bbox 3358 1285 3391 1323; x_wconf 91' lang='lat' dir='ltr'>e</span> <span class='ocrx_word' id='word_1_168' title='bbox 3419 1274 3615 1341; x_wconf 84' lang='lat' dir='ltr'>poste-</span> 
     </span>
    </p>
   </div>
   <div class='ocr_carea' id='block_1_22' title="bbox 242 1350 1843 1429">
    <p class='ocr_par' dir='ltr' id='par_1_22' title="bbox 242 1350 1843 1425">
     <span class='ocr_line' id='line_1_22' title="bbox 242 1350 1843 1425; baseline 0.001 -24"><span class='ocrx_word' id='word_1_169' title='bbox 242 1355 342 1402; x_wconf 82' lang='lat' dir='ltr'>xui</span> <span class='ocrx_word' id='word_1_170' title='bbox 380 1350 498 1402; x_wconf 84' lang='grc' dir='ltr'>καθ⁹</span> <span class='ocrx_word' id='word_1_171' title='bbox 558 1351 725 1425; x_wconf 79' lang='grc' dir='ltr'>ἕτερον</span> <span class='ocrx_word' id='word_1_172' title='bbox 781 1350 895 1421; x_wconf 75' lang='grc'>(67)</span> <span class='ocrx_word' id='word_1_173' title='bbox 939 1354 1089 1424; x_wconf 71' lang='grc' dir='ltr'>μέρος</span> <span class='ocrx_word' id='word_1_174' title='bbox 1128 1352 1220 1413; x_wconf 77' lang='grc' dir='ltr'>ἕως</span> <span class='ocrx_word' id='word_1_175' title='bbox 1271 1357 1509 1423; x_wconf 89' lang='grc' dir='ltr'>ποταμοῦ</span> <span class='ocrx_word' id='word_1_176' title='bbox 1551 1351 1843 1423; x_wconf 75' lang='grc' dir='ltr'>Αἰγύπτουε</span> 
     </span>
    </p>
   </div>
   <div class='ocr_carea' id='block_1_23' title="bbox 2013 1350 3614 1429">
    <p class='ocr_par' dir='ltr' id='par_1_23' title="bbox 2016 1352 3614 1429">
     <span class='ocr_line' id='line_1_23' title="bbox 2016 1352 3614 1429; baseline 0.003 -21"><span class='ocrx_word' id='word_1_177' title='bbox 2016 1372 2043 1408; x_wconf 89' lang='lat' dir='ltr'>s</span> <span class='ocrx_word' id='word_1_178' title='bbox 2076 1352 2153 1409; x_wconf 88' lang='lat' dir='ltr'>ad</span> <span class='ocrx_word' id='word_1_179' title='bbox 2187 1358 2415 1410; x_wconf 89' lang='lat' dir='ltr'>tantam</span> <span class='ocrx_word' id='word_1_180' title='bbox 2447 1360 2801 1427; x_wconf 85' lang='lat' dir='ltr'>potestatem</span> <span class='ocrx_word' id='word_1_181' title='bbox 2846 1357 3134 1428; x_wconf 86' lang='lat' dir='ltr'>pervenit,</span> <span class='ocrx_word' id='word_1_182' title='bbox 3175 1358 3486 1429; x_wconf 92' lang='lat' dir='ltr'>quomodo</span> <span class='ocrx_word' id='word_1_183' title='bbox 3517 1374 3614 1414; x_wconf 78' lang='lat' dir='ltr'>ve-</span> 
     </span>
    </p>
   </div>
   <div class='ocr_carea' id='block_1_24' title="bbox 241 1435 1842 1518">
    <p class='ocr_par' dir='ltr' id='par_1_24' title="bbox 241 1435 1842 1513">
     <span class='ocr_line' id='line_1_24' title="bbox 241 1435 1842 1513; baseline -0.001 -20"><span class='ocrx_word' id='word_1_184' title='bbox 241 1438 312 1493; x_wconf 80' lang='grc' dir='ltr'>Εἰ</span> <span class='ocrx_word' id='word_1_185' title='bbox 367 1436 458 1491; x_wconf 80' lang='grc' dir='ltr'>οὖν</span> <span class='ocrx_word' id='word_1_186' title='bbox 514 1435 691 1499; x_wconf 73' lang='grc' dir='ltr'>οὐδεὶς</span> <span class='ocrx_word' id='word_1_187' title='bbox 742 1437 898 1512; x_wconf 66' lang='grc' dir='ltr'>ἕφάνη</span> <span class='ocrx_word' id='word_1_188' title='bbox 950 1440 1035 1493; x_wconf 79' lang='grc' dir='ltr'>ἐπὶ</span> <span class='ocrx_word' id='word_1_189' title='bbox 1077 1442 1330 1495; x_wconf 87' lang='grc' dir='ltr'>τοσούτου</span> <span class='ocrx_word' id='word_1_190' title='bbox 1396 1440 1685 1513; x_wconf 77' lang='grc' dir='ltr'>ἀξιώματος</span> <span class='ocrx_word' id='word_1_191' title='bbox 1754 1447 1842 1492; x_wconf 67' lang='grc' dir='ltr'>τῶι</span> 
     </span>
    </p>
   </div>
   <div class='ocr_carea' id='block_1_25' title="bbox 2013 1435 3614 1518">
    <p class='ocr_par' dir='ltr' id='par_1_25' title="bbox 2013 1443 3614 1518">
     <span class='ocr_line' id='line_1_25' title="bbox 2013 1443 3614 1518; baseline 0.003 -21"><span class='ocrx_word' id='word_1_192' title='bbox 2013 1458 2099 1497; x_wconf 81' lang='lat' dir='ltr'>im</span> <span class='ocrx_word' id='word_1_193' title='bbox 2124 1458 2247 1498; x_wconf 92' lang='lat' dir='ltr'>non</span> <span class='ocrx_word' id='word_1_194' title='bbox 2276 1443 2385 1499; x_wconf 88' lang='lat' dir='ltr'>fuit</span> <span class='ocrx_word' id='word_1_195' title='bbox 2414 1443 2583 1516; x_wconf 92' lang='lat' dir='ltr'>quod</span> <span class='ocrx_word' id='word_1_196' title='bbox 2608 1444 2836 1499; x_wconf 89' lang='lat' dir='ltr'>dictum</span> <span class='ocrx_word' id='word_1_197' title='bbox 2872 1448 2961 1500; x_wconf 86' lang='lat' dir='ltr'>est</span> <span class='ocrx_word' id='word_1_198' title='bbox 3000 1460 3037 1500; x_wconf 89' lang='lat' dir='ltr'>a</span> <span class='ocrx_word' id='word_1_199' title='bbox 3078 1446 3396 1518; x_wconf 85' lang='lat' dir='ltr'>propheta,</span> <span class='ocrx_word' id='word_1_200' title='bbox 3428 1447 3614 1503; x_wconf 88' lang='lat' dir='ltr'>nemi-</span> 
     </span>
    </p>
   </div>
   <div class='ocr_carea' id='block_1_26' title="bbox 242 1526 1843 1602">
    <p class='ocr_par' dir='ltr' id='par_1_26' title="bbox 242 1526 1843 1602">
     <span class='ocr_line' id='line_1_26' title="bbox 242 1526 1843 1602; baseline -0.001 -21"><span class='ocrx_word' id='word_1_201' title='bbox 242 1530 385 1601; x_wconf 83' lang='grc' dir='ltr'>μετά</span> <span class='ocrx_word' id='word_1_202' title='bbox 429 1535 620 1592; x_wconf 86' lang='grc' dir='ltr'>ταῦτα,</span> <span class='ocrx_word' id='word_1_203' title='bbox 653 1535 760 1588; x_wconf 88' lang='grc' dir='ltr'>πῶς</span> <span class='ocrx_word' id='word_1_204' title='bbox 808 1527 903 1581; x_wconf 86' lang='grc' dir='ltr'>ούκ</span> <span class='ocrx_word' id='word_1_205' title='bbox 956 1526 1151 1597; x_wconf 73' lang='grc' dir='ltr'>ἀληθὴς</span> <span class='ocrx_word' id='word_1_206' title='bbox 1194 1530 1220 1582; x_wconf 86' lang='grc' dir='ltr'><strong>ὁ</strong></span> <span class='ocrx_word' id='word_1_207' title='bbox 1258 1536 1349 1583; x_wconf 88' lang='grc' dir='ltr'>τοῦ</span> <span class='ocrx_word' id='word_1_208' title='bbox 1383 1534 1644 1602; x_wconf 68' lang='grc' dir='ltr'>προςοήτου</span> <span class='ocrx_word' id='word_1_209' title='bbox 1670 1528 1843 1599; x_wconf 86' lang='grc' dir='ltr'>λόγος¹</span> 
     </span>
    </p>
   </div>
   <div class='ocr_carea' id='block_1_27' title="bbox 2014 1526 3615 1602">
    <p class='ocr_par' dir='ltr' id='par_1_27' title="bbox 2014 1532 3615 1591">
     <span class='ocr_line' id='line_1_27' title="bbox 2014 1532 3615 1591; baseline 0.002 -5"><span class='ocrx_word' id='word_1_210' title='bbox 2014 1546 2103 1588; x_wconf 89' lang='lat' dir='ltr'>em</span> <span class='ocrx_word' id='word_1_211' title='bbox 2129 1547 2437 1588; x_wconf 85' lang='lat' dir='ltr'>sessurum</span> <span class='ocrx_word' id='word_1_212' title='bbox 2483 1533 2545 1588; x_wconf 90' lang='lat' dir='ltr'>in</span> <span class='ocrx_word' id='word_1_213' title='bbox 2591 1532 2741 1589; x_wconf 88' lang='lat' dir='ltr'>solio</span> <span class='ocrx_word' id='word_1_214' title='bbox 2779 1532 3016 1589; x_wconf 87' lang='lat' dir='ltr'>Davidis</span> <span class='ocrx_word' id='word_1_215' title='bbox 3045 1548 3119 1588; x_wconf 85' lang='lat' dir='ltr'>ex</span> <span class='ocrx_word' id='word_1_216' title='bbox 3157 1534 3383 1590; x_wconf 85' lang='lat' dir='ltr'>semine</span> <span class='ocrx_word' id='word_1_217' title='bbox 3410 1536 3615 1591; x_wconf 79' lang='lat' dir='ltr'>Jecho-</span> 
     </span>
    </p>
   </div>
   <div class='ocr_carea' id='block_1_28' title="bbox 241 1614 1842 1695">
    <p class='ocr_par' dir='ltr' id='par_1_28' title="bbox 241 1614 1842 1695">
     <span class='ocr_line' id='line_1_28' title="bbox 241 1614 1842 1695; baseline -0.001 -26"><span class='ocrx_word' id='word_1_218' title='bbox 241 1616 334 1669; x_wconf 83' lang='grc' dir='ltr'>ὅτι</span> <span class='ocrx_word' id='word_1_219' title='bbox 386 1615 481 1669; x_wconf 86' lang='grc' dir='ltr'>ούκ</span> <span class='ocrx_word' id='word_1_220' title='bbox 525 1618 603 1669; x_wconf 74' lang='grc' dir='ltr'>ἔτι</span> <span class='ocrx_word' id='word_1_221' title='bbox 641 1618 902 1669; x_wconf 79' lang='grc' dir='ltr'>καθιεῖται</span> <span class='ocrx_word' id='word_1_222' title='bbox 949 1615 1032 1670; x_wconf 70' lang='grc' dir='ltr'>ἐπὶ</span> <span class='ocrx_word' id='word_1_223' title='bbox 1073 1625 1166 1671; x_wconf 90' lang='grc' dir='ltr'>τοῦ</span> <span class='ocrx_word' id='word_1_224' title='bbox 1212 1619 1393 1695; x_wconf 86' lang='grc' dir='ltr'>θρόνου</span> <span class='ocrx_word' id='word_1_225' title='bbox 1438 1614 1605 1671; x_wconf 79' lang='grc' dir='ltr'>Δαϐὶδ</span> <span class='ocrx_word' id='word_1_226' title='bbox 1661 1620 1717 1671; x_wconf 77' lang='grc' dir='ltr'>ἐκ</span> <span class='ocrx_word' id='word_1_227' title='bbox 1758 1624 1842 1669; x_wconf 71' lang='grc' dir='ltr'>τοῦ</span> 
     </span>
    </p>
   </div>
   <div class='ocr_carea' id='block_1_29' title="bbox 2014 1614 3615 1695">
    <p class='ocr_par' dir='ltr' id='par_1_29' title="bbox 2014 1620 3615 1694">
     <span class='ocr_line' id='line_1_29' title="bbox 2014 1620 3615 1694; baseline 0.002 -19"><span class='ocrx_word' id='word_1_228' title='bbox 2014 1620 2077 1675; x_wconf 68' lang='lat' dir='ltr'>ias</span> <span class='ocrx_word' id='word_1_229' title='bbox 2101 1622 2129 1675; x_wconf 84' lang='lat'><strong><em>?</em></strong></span> <span class='ocrx_word' id='word_1_230' title='bbox 2158 1623 2344 1677; x_wconf 86' lang='lat' dir='ltr'>Nemo</span> <span class='ocrx_word' id='word_1_231' title='bbox 2374 1620 2535 1677; x_wconf 88' lang='lat' dir='ltr'>enim</span> <span class='ocrx_word' id='word_1_232' title='bbox 2556 1637 2629 1677; x_wconf 80' lang='lat' dir='ltr'>ex</span> <span class='ocrx_word' id='word_1_233' title='bbox 2654 1622 2787 1694; x_wconf 91' lang='lat' dir='ltr'>ipso</span> <span class='ocrx_word' id='word_1_234' title='bbox 2817 1626 3004 1689; x_wconf 89' lang='lat' dir='ltr'>ortus,</span> <span class='ocrx_word' id='word_1_235' title='bbox 3027 1620 3185 1677; x_wconf 90' lang='lat' dir='ltr'>hanc</span> <span class='ocrx_word' id='word_1_236' title='bbox 3202 1622 3452 1691; x_wconf 82' lang='lat' dir='ltr'>gloriam</span> <span class='ocrx_word' id='word_1_237' title='bbox 3476 1639 3615 1679; x_wconf 88' lang='lat' dir='ltr'>con-</span> 
     </span>
    </p>
   </div>
   <div class='ocr_carea' id='block_1_30' title="bbox 243 1697 1844 1783">
    <p class='ocr_par' dir='ltr' id='par_1_30' title="bbox 243 1702 1844 1782">
     <span class='ocr_line' id='line_1_30' title="bbox 243 1702 1844 1782; baseline -0.001 -24"><span class='ocrx_word' id='word_1_238' title='bbox 243 1708 555 1778; x_wconf 78' lang='grc' dir='ltr'>σπέρματος</span> <span class='ocrx_word' id='word_1_239' title='bbox 589 1704 840 1777; x_wconf 74' lang='grc' dir='ltr'>Ἰεχονίου</span> <span class='ocrx_word' id='word_1_240' title='bbox 866 1722 879 1775; x_wconf 79' lang='grc' dir='ltr'>ς</span> <span class='ocrx_word' id='word_1_241' title='bbox 910 1702 1095 1768; x_wconf 76' lang='grc' dir='ltr'>Ούὸεἰς</span> <span class='ocrx_word' id='word_1_242' title='bbox 1138 1709 1239 1782; x_wconf 80' lang='grc' dir='ltr'>γὰρ</span> <span class='ocrx_word' id='word_1_243' title='bbox 1298 1710 1531 1780; x_wconf 77' lang='grc' dir='ltr'>φαίνεται</span> <span class='ocrx_word' id='word_1_244' title='bbox 1560 1714 1655 1768; x_wconf 83' lang='grc' dir='ltr'>τῆς</span> <span class='ocrx_word' id='word_1_245' title='bbox 1701 1704 1844 1770; x_wconf 79' lang='grc' dir='ltr'>ἀξίας</span> 
     </span>
    </p>
   </div>
   <div class='ocr_carea' id='block_1_31' title="bbox 2012 1697 3613 1783">
    <p class='ocr_par' dir='ltr' id='par_1_31' title="bbox 2012 1709 3613 1783">
     <span class='ocr_line' id='line_1_31' title="bbox 2012 1709 3613 1783; baseline 0.002 -18"><span class='ocrx_word' id='word_1_246' title='bbox 2012 1713 2206 1766; x_wconf 70' lang='lat' dir='ltr'>acutus</span> <span class='ocrx_word' id='word_1_247' title='bbox 2228 1710 2612 1783; x_wconf 88' lang='lat' dir='ltr'>comperitur.</span> <span class='ocrx_word' id='word_1_248' title='bbox 2629 1714 2756 1767; x_wconf 85' lang='lat' dir='ltr'>Non</span> <span class='ocrx_word' id='word_1_249' title='bbox 2776 1714 2974 1766; x_wconf 85' lang='lat' dir='ltr'>tamen</span> <span class='ocrx_word' id='word_1_250' title='bbox 2993 1709 3207 1768; x_wconf 83' lang='lat' dir='ltr'>defecit</span> <span class='ocrx_word' id='word_1_251' title='bbox 3231 1712 3419 1767; x_wconf 88' lang='lat' dir='ltr'>tribus</span> <span class='ocrx_word' id='word_1_252' title='bbox 3438 1713 3462 1767; x_wconf 86' lang='lat' dir='ltr'><strong>J</strong></span> <span class='ocrx_word' id='word_1_253' title='bbox 3473 1712 3613 1780; x_wconf 87' lang='lat' dir='ltr'>uda,</span> 
     </span>
    </p>
   </div>
   <div class='ocr_carea' id='block_1_32' title="bbox 238 1792 1839 1873">
    <p class='ocr_par' dir='ltr' id='par_1_32' title="bbox 238 1792 1839 1869">
     <span class='ocr_line' id='line_1_32' title="bbox 238 1792 1839 1869; baseline 0.001 -24"><span class='ocrx_word' id='word_1_254' title='bbox 238 1797 451 1857; x_wconf 82' lang='grc' dir='ltr'>ταύτης</span> <span class='ocrx_word' id='word_1_255' title='bbox 498 1792 864 1867; x_wconf 70' lang='grc' dir='ltr'>ἐπειλημμένος</span> <span class='ocrx_word' id='word_1_256' title='bbox 916 1793 969 1858; x_wconf 76' lang='grc' dir='ltr'>ἕξ</span> <span class='ocrx_word' id='word_1_257' title='bbox 1034 1794 1212 1851; x_wconf 86' lang='grc' dir='ltr'>αύτοῦ.</span> <span class='ocrx_word' id='word_1_258' title='bbox 1270 1795 1345 1848; x_wconf 87' lang='grc' dir='ltr'>Ού</span> <span class='ocrx_word' id='word_1_259' title='bbox 1400 1800 1574 1869; x_wconf 81' lang='grc' dir='ltr'>μέντοι</span> <span class='ocrx_word' id='word_1_260' title='bbox 1631 1794 1839 1858; x_wconf 70' lang='grc' dir='ltr'>ἕξίλιπει</span> 
     </span>
    </p>
   </div>
   <div class='ocr_carea' id='block_1_33' title="bbox 2014 1792 3615 1873">
    <p class='ocr_par' dir='ltr' id='par_1_33' title="bbox 2014 1798 3615 1873">
     <span class='ocr_line' id='line_1_33' title="bbox 2014 1798 3615 1873; baseline 0.002 -19"><span class='ocrx_word' id='word_1_261' title='bbox 2014 1813 2157 1855; x_wconf 86' lang='lat' dir='ltr'>onec</span> <span class='ocrx_word' id='word_1_262' title='bbox 2184 1802 2349 1855; x_wconf 84' lang='lat' dir='ltr'>venit</span> <span class='ocrx_word' id='word_1_263' title='bbox 2379 1799 2476 1855; x_wconf 91' lang='lat' dir='ltr'>cui</span> <span class='ocrx_word' id='word_1_264' title='bbox 2502 1798 2830 1872; x_wconf 88' lang='lat' dir='ltr'>repositum</span> <span class='ocrx_word' id='word_1_265' title='bbox 2854 1804 2980 1855; x_wconf 88' lang='lat' dir='ltr'>erat</span> <span class='ocrx_word' id='word_1_266' title='bbox 2999 1800 3048 1835; x_wconf 77' lang='grc'>⁷³</span> <span class='ocrx_word' id='word_1_267' title='bbox 3082 1817 3095 1855; x_wconf 92' lang='lat'>:</span> <span class='ocrx_word' id='word_1_268' title='bbox 3124 1800 3227 1871; x_wconf 87' lang='lat' dir='ltr'>qui</span> <span class='ocrx_word' id='word_1_269' title='bbox 3246 1816 3321 1855; x_wconf 90' lang='lat' dir='ltr'>ne</span> <span class='ocrx_word' id='word_1_270' title='bbox 3342 1800 3468 1872; x_wconf 90' lang='lat' dir='ltr'>ipse</span> <span class='ocrx_word' id='word_1_271' title='bbox 3487 1800 3615 1873; x_wconf 88' lang='lat' dir='ltr'>qui-</span> 
     </span>
    </p>
   </div>
   <div class='ocr_carea' id='block_1_34' title="bbox 237 1880 1838 1961">
    <p class='ocr_par' dir='ltr' id='par_1_34' title="bbox 237 1880 1838 1956">
     <span class='ocr_line' id='line_1_34' title="bbox 237 1880 1838 1956; baseline 0.002 -21"><span class='ocrx_word' id='word_1_272' title='bbox 237 1885 268 1941; x_wconf 76' lang='grc' dir='ltr'><strong>ἠ</strong></span> <span class='ocrx_word' id='word_1_273' title='bbox 310 1890 409 1935; x_wconf 85' lang='grc' dir='ltr'>τοῦ</span> <span class='ocrx_word' id='word_1_274' title='bbox 451 1880 632 1937; x_wconf 80' lang='grc' dir='ltr'>’ἰούδα</span> <span class='ocrx_word' id='word_1_275' title='bbox 676 1883 831 1956; x_wconf 70' lang='grc' dir='ltr'>φυλὴ,</span> <span class='ocrx_word' id='word_1_276' title='bbox 876 1886 971 1947; x_wconf 79' lang='grc' dir='ltr'>ἕως</span> <span class='ocrx_word' id='word_1_277' title='bbox 1014 1881 1073 1938; x_wconf 85' lang='grc' dir='ltr'>οὖ</span> <span class='ocrx_word' id='word_1_278' title='bbox 1107 1882 1253 1944; x_wconf 74' lang='grc' dir='ltr'>ἦλθεν</span> <span class='ocrx_word' id='word_1_279' title='bbox 1354 1884 1611 1953; x_wconf 80' lang='grc' dir='ltr'>ἀπέκειτο,</span> <span class='ocrx_word' id='word_1_280' title='bbox 1646 1886 1700 1948; x_wconf 86' lang='grc' dir='ltr'>ὃς</span> <span class='ocrx_word' id='word_1_281' title='bbox 1730 1880 1838 1938; x_wconf 78' lang='grc' dir='ltr'>ούδῖ</span> 
     </span>
    </p>
   </div>
   <div class='ocr_carea' id='block_1_35' title="bbox 2015 1880 3616 1961">
    <p class='ocr_par' dir='ltr' id='par_1_35' title="bbox 2015 1886 3616 1961">
     <span class='ocr_line' id='line_1_35' title="bbox 2015 1886 3616 1961; baseline 0.001 -18"><span class='ocrx_word' id='word_1_282' title='bbox 2015 1903 2103 1943; x_wconf 84' lang='lat' dir='ltr'>em</span> <span class='ocrx_word' id='word_1_283' title='bbox 2134 1886 2195 1943; x_wconf 89' lang='lat' dir='ltr'>in</span> <span class='ocrx_word' id='word_1_284' title='bbox 2244 1886 2541 1959; x_wconf 87' lang='lat' dir='ltr'>corporali</span> <span class='ocrx_word' id='word_1_285' title='bbox 2585 1888 2802 1943; x_wconf 89' lang='lat' dir='ltr'>throno</span> <span class='ocrx_word' id='word_1_286' title='bbox 2851 1886 3155 1956; x_wconf 87' lang='lat' dir='ltr'>consedit;</span> <span class='ocrx_word' id='word_1_287' title='bbox 3205 1888 3431 1961; x_wconf 88' lang='lat' dir='ltr'>quippe</span> <span class='ocrx_word' id='word_1_288' title='bbox 3476 1904 3616 1945; x_wconf 88' lang='lat' dir='ltr'>cum</span> 
     </span>
    </p>
   </div>
   <div class='ocr_carea' id='block_1_36' title="bbox 237 1971 1838 2050">
    <p class='ocr_par' dir='ltr' id='par_1_36' title="bbox 237 1971 1838 2050">
     <span class='ocr_line' id='line_1_36' title="bbox 237 1971 1838 2050; baseline 0.001 -25"><span class='ocrx_word' id='word_1_289' title='bbox 237 1973 409 2035; x_wconf 78' lang='grc' dir='ltr'>αὐτὸς</span> <span class='ocrx_word' id='word_1_290' title='bbox 466 1971 723 2032; x_wconf 77' lang='grc' dir='ltr'>ίκαθίσθη</span> <span class='ocrx_word' id='word_1_291' title='bbox 791 1971 875 2027; x_wconf 75' lang='grc' dir='ltr'>ἐπὶ</span> <span class='ocrx_word' id='word_1_292' title='bbox 928 1981 1019 2027; x_wconf 89' lang='grc' dir='ltr'>τοῦ</span> <span class='ocrx_word' id='word_1_293' title='bbox 1072 1980 1374 2047; x_wconf 78' lang='grc' dir='ltr'>σωματικοῦ</span> <span class='ocrx_word' id='word_1_294' title='bbox 1429 1976 1633 2050; x_wconf 82' lang='grc' dir='ltr'>θρόνου,</span> <span class='ocrx_word' id='word_1_295' title='bbox 1690 1993 1838 2047; x_wconf 90' lang='grc' dir='ltr'>μετα-</span> 
     </span>
    </p>
   </div>
   <div class='ocr_carea' id='block_1_37' title="bbox 2016 1971 3617 2050">
    <p class='ocr_par' dir='ltr' id='par_1_37' title="bbox 2016 1975 3617 2047">
     <span class='ocr_line' id='line_1_37' title="bbox 2016 1975 3617 2047; baseline 0.001 -15"><span class='ocrx_word' id='word_1_296' title='bbox 2016 1975 2319 2032; x_wconf 86' lang='lat' dir='ltr'>anslatum</span> <span class='ocrx_word' id='word_1_297' title='bbox 2345 1977 2473 2047; x_wconf 88' lang='lat' dir='ltr'>jam</span> <span class='ocrx_word' id='word_1_298' title='bbox 2506 1981 2661 2031; x_wconf 91' lang='lat' dir='ltr'>esset</span> <span class='ocrx_word' id='word_1_299' title='bbox 2701 1976 3015 2032; x_wconf 72' lang='lat' dir='ltr'>Iudaicum</span> <span class='ocrx_word' id='word_1_300' title='bbox 3046 1992 3303 2045; x_wconf 82' lang='lat' dir='ltr'>regnum</span> <span class='ocrx_word' id='word_1_301' title='bbox 3334 1978 3393 2033; x_wconf 91' lang='lat' dir='ltr'>in</span> <span class='ocrx_word' id='word_1_302' title='bbox 3424 1978 3617 2034; x_wconf 83' lang='lat' dir='ltr'>tilium</span> 
     </span>
    </p>
   </div>
   <div class='ocr_carea' id='block_1_38' title="bbox 234 2060 1835 2139">
    <p class='ocr_par' dir='ltr' id='par_1_38' title="bbox 234 2060 1835 2137">
     <span class='ocr_line' id='line_1_38' title="bbox 234 2060 1835 2137; baseline -0.001 -21"><span class='ocrx_word' id='word_1_303' title='bbox 234 2064 520 2126; x_wconf 75' lang='grc' dir='ltr'>πεσούσης</span> <span class='ocrx_word' id='word_1_304' title='bbox 566 2061 744 2115; x_wconf 86' lang='grc' dir='ltr'>λοιπόν</span> <span class='ocrx_word' id='word_1_305' title='bbox 798 2072 893 2125; x_wconf 82' lang='grc' dir='ltr'>τῆς</span> <span class='ocrx_word' id='word_1_306' title='bbox 954 2060 1256 2127; x_wconf 81' lang='grc' dir='ltr'>Ἰουδαῑκῆς</span> <span class='ocrx_word' id='word_1_307' title='bbox 1304 2062 1575 2137; x_wconf 76' lang='grc' dir='ltr'>βασιλείας</span> <span class='ocrx_word' id='word_1_308' title='bbox 1633 2063 1719 2117; x_wconf 76' lang='grc' dir='ltr'>ἐπὶ</span> <span class='ocrx_word' id='word_1_309' title='bbox 1768 2067 1835 2117; x_wconf 65' lang='grc' dir='ltr'>τότ</span> 
     </span>
    </p>
   </div>
   <div class='ocr_carea' id='block_1_39' title="bbox 2019 2060 3620 2139">
    <p class='ocr_par' dir='ltr' id='par_1_39' title="bbox 2019 2065 3620 2139">
     <span class='ocr_line' id='line_1_39' title="bbox 2019 2065 3620 2139; baseline 0.002 -19"><span class='ocrx_word' id='word_1_310' title='bbox 2019 2065 2318 2121; x_wconf 74' lang='lat' dir='ltr'>scalonitte</span> <span class='ocrx_word' id='word_1_311' title='bbox 2346 2065 2639 2138; x_wconf 82' lang='lat' dir='ltr'>Antipatri</span> <span class='ocrx_word' id='word_1_312' title='bbox 2670 2066 3245 2138; x_wconf 80' lang='lat' dir='ltr'>Herodem,eiusque</span> <span class='ocrx_word' id='word_1_313' title='bbox 3265 2066 3620 2139; x_wconf 89' lang='lat' dir='ltr'>liberos,qui</span> 
     </span>
    </p>
   </div>
   <div class='ocr_carea' id='block_1_40' title="bbox 236 2149 1837 2228">
    <p class='ocr_par' dir='ltr' id='par_1_40' title="bbox 236 2149 1837 2228">
     <span class='ocr_line' id='line_1_40' title="bbox 236 2149 1837 2228; baseline 0.001 -24"><span class='ocrx_word' id='word_1_314' title='bbox 236 2154 363 2204; x_wconf 82' lang='grc' dir='ltr'>υἱὸν</span> <span class='ocrx_word' id='word_1_315' title='bbox 419 2158 513 2204; x_wconf 90' lang='grc' dir='ltr'>τοῦ</span> <span class='ocrx_word' id='word_1_316' title='bbox 570 2150 956 2205; x_wconf 76' lang='grc' dir='ltr'>’Δσκαλωνίτου</span> <span class='ocrx_word' id='word_1_317' title='bbox 1018 2153 1363 2228; x_wconf 76' lang='grc' dir='ltr'>Ἀντιπάτρου</span> <span class='ocrx_word' id='word_1_318' title='bbox 1423 2149 1707 2227; x_wconf 81' lang='grc' dir='ltr'>Ἡρώδην,</span> <span class='ocrx_word' id='word_1_319' title='bbox 1763 2159 1837 2205; x_wconf 88' lang='grc' dir='ltr'>κα</span> 
     </span>
    </p>
   </div>
   <div class='ocr_carea' id='block_1_41' title="bbox 2021 2149 3622 2228">
    <p class='ocr_par' dir='ltr' id='par_1_41' title="bbox 2021 2152 3622 2227">
     <span class='ocr_line' id='line_1_41' title="bbox 2021 2152 3622 2227; baseline 0.002 -19"><span class='ocrx_word' id='word_1_320' title='bbox 2021 2152 2235 2209; x_wconf 61' lang='lat' dir='ltr'>[dinam</span> <span class='ocrx_word' id='word_1_321' title='bbox 2261 2152 2323 2209; x_wconf 92' lang='lat' dir='ltr'>in</span> <span class='ocrx_word' id='word_1_322' title='bbox 2344 2158 2603 2225; x_wconf 87' lang='lat' dir='ltr'>quatuor</span> <span class='ocrx_word' id='word_1_323' title='bbox 2618 2152 2989 2226; x_wconf 86' lang='lat' dir='ltr'>principatus</span> <span class='ocrx_word' id='word_1_324' title='bbox 3005 2153 3622 2227; x_wconf 72' lang='lat' dir='ltr'>diviserunt,pr£eside</span> 
     </span>
    </p>
   </div>
   <div class='ocr_carea' id='block_1_42' title="bbox 236 2236 1837 2317">
    <p class='ocr_par' dir='ltr' id='par_1_42' title="bbox 236 2236 1837 2317">
     <span class='ocr_line' id='line_1_42' title="bbox 236 2236 1837 2317; baseline 0.001 -23"><span class='ocrx_word' id='word_1_325' title='bbox 236 2244 368 2301; x_wconf 79' lang='grc' dir='ltr'>τοὺς</span> <span class='ocrx_word' id='word_1_326' title='bbox 393 2239 585 2294; x_wconf 70' lang='grc' dir='ltr'>ἐκείνου</span> <span class='ocrx_word' id='word_1_327' title='bbox 624 2236 845 2307; x_wconf 77' lang='grc' dir='ltr'>παῖδας,</span> <span class='ocrx_word' id='word_1_328' title='bbox 896 2243 946 2294; x_wconf 87' lang='grc' dir='ltr'>οἰ</span> <span class='ocrx_word' id='word_1_329' title='bbox 994 2241 1064 2303; x_wconf 81' lang='grc' dir='ltr'>εἰς</span> <span class='ocrx_word' id='word_1_330' title='bbox 1105 2245 1365 2317; x_wconf 87' lang='grc' dir='ltr'>τέσσαρας</span> <span class='ocrx_word' id='word_1_331' title='bbox 1413 2240 1588 2316; x_wconf 79' lang='grc' dir='ltr'>ἀρχὰς</span> <span class='ocrx_word' id='word_1_332' title='bbox 1634 2244 1837 2302; x_wconf 34' lang='grc' dir='ltr'>κατενεί,</span> 
     </span>
    </p>
   </div>
   <div class='ocr_carea' id='block_1_43' title="bbox 2017 2236 3618 2317">
    <p class='ocr_par' dir='ltr' id='par_1_43' title="bbox 2017 2242 3618 2315">
     <span class='ocr_line' id='line_1_43' title="bbox 2017 2242 3618 2315; baseline 0.002 -18"><span class='ocrx_word' id='word_1_333' title='bbox 2017 2242 2212 2298; x_wconf 91' lang='lat' dir='ltr'>uidem</span> <span class='ocrx_word' id='word_1_334' title='bbox 2255 2242 2457 2308; x_wconf 85' lang='lat' dir='ltr'>Pilato,</span> <span class='ocrx_word' id='word_1_335' title='bbox 2505 2259 2812 2299; x_wconf 88' lang='lat' dir='ltr'>summam</span> <span class='ocrx_word' id='word_1_336' title='bbox 2862 2248 3063 2298; x_wconf 87' lang='lat' dir='ltr'>autem</span> <span class='ocrx_word' id='word_1_337' title='bbox 3094 2243 3327 2315; x_wconf 88' lang='lat' dir='ltr'>imperii</span> <span class='ocrx_word' id='word_1_338' title='bbox 3360 2243 3618 2300; x_wconf 84' lang='lat' dir='ltr'>Romani</span> 
     </span>
    </p>
   </div>
   <div class='ocr_carea' id='block_1_44' title="bbox 236 2326 1837 2406">
    <p class='ocr_par' dir='ltr' id='par_1_44' title="bbox 236 2326 1837 2404">
     <span class='ocr_line' id='line_1_44' title="bbox 236 2326 1837 2404; baseline 0.001 -22"><span class='ocrx_word' id='word_1_339' title='bbox 236 2350 413 2404; x_wconf 80' lang='grc' dir='ltr'>μαντο</span> <span class='ocrx_word' id='word_1_340' title='bbox 465 2334 554 2388; x_wconf 69' lang='grc' dir='ltr'>τὴν</span> <span class='ocrx_word' id='word_1_341' title='bbox 603 2326 889 2397; x_wconf 76' lang='grc' dir='ltr'>Ἰουδαίαν,</span> <span class='ocrx_word' id='word_1_342' title='bbox 938 2331 1329 2403; x_wconf 72' lang='grc' dir='ltr'>ἡγεμονεύοντος</span> <span class='ocrx_word' id='word_1_343' title='bbox 1375 2333 1465 2403; x_wconf 72' lang='grc' dir='ltr'>μὲν</span> <span class='ocrx_word' id='word_1_344' title='bbox 1501 2331 1747 2401; x_wconf 77' lang='grc' dir='ltr'>Πιλάτου,</span> <span class='ocrx_word' id='word_1_345' title='bbox 1798 2351 1837 2383; x_wconf 70' lang='grc' dir='ltr'>τε</span> 
     </span>
    </p>
   </div>
   <div class='ocr_carea' id='block_1_45' title="bbox 2020 2326 3621 2406">
    <p class='ocr_par' dir='ltr' id='par_1_45' title="bbox 2020 2332 3621 2389">
     <span class='ocr_line' id='line_1_45' title="bbox 2020 2332 3621 2389; baseline 0.001 -2"><span class='ocrx_word' id='word_1_346' title='bbox 2020 2337 2323 2389; x_wconf 78' lang='lat' dir='ltr'>atestatem</span> <span class='ocrx_word' id='word_1_347' title='bbox 2351 2338 2587 2389; x_wconf 88' lang='lat' dir='ltr'>tenente</span> <span class='ocrx_word' id='word_1_348' title='bbox 2612 2332 2864 2389; x_wconf 88' lang='lat' dir='ltr'>Tiberio.</span> <span class='ocrx_word' id='word_1_349' title='bbox 2883 2332 2997 2389; x_wconf 89' lang='lat' dir='ltr'>Sed</span> <span class='ocrx_word' id='word_1_350' title='bbox 3027 2334 3313 2388; x_wconf 88' lang='lat' dir='ltr'>thronum</span> <span class='ocrx_word' id='word_1_351' title='bbox 3341 2333 3480 2389; x_wconf 87' lang='lat' dir='ltr'>dicit</span> <span class='ocrx_word' id='word_1_352' title='bbox 3514 2336 3621 2388; x_wconf 89' lang='lat' dir='ltr'>Da-</span> 
     </span>
    </p>
   </div>
   <div class='ocr_carea' id='block_1_46' title="bbox 238 2417 1839 2495">
    <p class='ocr_par' dir='ltr' id='par_1_46' title="bbox 238 2417 1839 2495">
     <span class='ocr_line' id='line_1_46' title="bbox 238 2417 1839 2495; baseline -0.001 -23"><span class='ocrx_word' id='word_1_353' title='bbox 238 2417 303 2473; x_wconf 66' lang='grc' dir='ltr'>δὶ</span> <span class='ocrx_word' id='word_1_354' title='bbox 379 2422 592 2492; x_wconf 80' lang='grc' dir='ltr'>σύμπαν</span> <span class='ocrx_word' id='word_1_355' title='bbox 652 2426 744 2481; x_wconf 80' lang='grc' dir='ltr'>τῆς</span> <span class='ocrx_word' id='word_1_356' title='bbox 797 2417 1090 2492; x_wconf 79' lang='grc' dir='ltr'>Ῥωμαῖκῆς</span> <span class='ocrx_word' id='word_1_357' title='bbox 1151 2417 1329 2495; x_wconf 78' lang='grc' dir='ltr'>ἀρχῆς</span> <span class='ocrx_word' id='word_1_358' title='bbox 1388 2421 1577 2493; x_wconf 86' lang='grc' dir='ltr'>κράτος</span> <span class='ocrx_word' id='word_1_359' title='bbox 1643 2421 1839 2491; x_wconf 66' lang='grc' dir='ltr'>ἔχοντα</span> 
     </span>
    </p>
   </div>
   <div class='ocr_carea' id='block_1_47' title="bbox 2024 2417 3625 2495">
    <p class='ocr_par' dir='ltr' id='par_1_47' title="bbox 2028 2420 3625 2495">
     <span class='ocr_line' id='line_1_47' title="bbox 2028 2420 3625 2495; baseline 0.002 -19"><span class='ocrx_word' id='word_1_360' title='bbox 2028 2421 2139 2493; x_wconf 88' lang='lat' dir='ltr'>dis,</span> <span class='ocrx_word' id='word_1_361' title='bbox 2191 2421 2250 2477; x_wconf 91' lang='lat' dir='ltr'>in</span> <span class='ocrx_word' id='word_1_362' title='bbox 2303 2438 2425 2495; x_wconf 92' lang='lat' dir='ltr'>quo</span> <span class='ocrx_word' id='word_1_363' title='bbox 2476 2422 2766 2478; x_wconf 89' lang='lat' dir='ltr'>Dominus</span> <span class='ocrx_word' id='word_1_364' title='bbox 2818 2420 2989 2491; x_wconf 89' lang='lat' dir='ltr'>sedit,</span> <span class='ocrx_word' id='word_1_365' title='bbox 3043 2437 3300 2491; x_wconf 86' lang='lat' dir='ltr'>regnum</span> <span class='ocrx_word' id='word_1_366' title='bbox 3332 2421 3625 2479; x_wconf 85' lang='lat' dir='ltr'>eversioni</span> 
     </span>
    </p>
   </div>
   <div class='ocr_carea' id='block_1_48' title="bbox 234 2505 1835 2583">
    <p class='ocr_par' dir='ltr' id='par_1_48' title="bbox 234 2505 1835 2583">
     <span class='ocr_line' id='line_1_48' title="bbox 234 2505 1835 2583; baseline -0.004 -20"><span class='ocrx_word' id='word_1_367' title='bbox 234 2507 487 2583; x_wconf 84' lang='grc' dir='ltr'>Τιϐερίου</span> <span class='ocrx_word' id='word_1_368' title='bbox 546 2509 680 2579; x_wconf 90' lang='grc'>(68).</span> <span class='ocrx_word' id='word_1_369' title='bbox 744 2506 903 2563; x_wconf 79' lang='grc' dir='ltr'>’Δλλὰ</span> <span class='ocrx_word' id='word_1_370' title='bbox 956 2510 1132 2583; x_wconf 87' lang='grc' dir='ltr'>θρόνον</span> <span class='ocrx_word' id='word_1_371' title='bbox 1178 2508 1314 2581; x_wconf 76' lang='grc' dir='ltr'>λέγει</span> <span class='ocrx_word' id='word_1_372' title='bbox 1363 2505 1550 2575; x_wconf 78' lang='grc' dir='ltr'>Δαϐὶδ,</span> <span class='ocrx_word' id='word_1_373' title='bbox 1605 2506 1679 2581; x_wconf 66' lang='grc' dir='ltr'>ἐφ’</span> <span class='ocrx_word' id='word_1_374' title='bbox 1724 2509 1777 2561; x_wconf 86' lang='grc' dir='ltr'>ὃν</span> <span class='ocrx_word' id='word_1_375' title='bbox 1829 2531 1835 2557; x_wconf 71' lang='grc' dir='ltr'>ι</span> 
     </span>
    </p>
   </div>
   <div class='ocr_carea' id='block_1_49' title="bbox 2025 2505 3626 2583">
    <p class='ocr_par' dir='ltr' id='par_1_49' title="bbox 2025 2510 3626 2583">
     <span class='ocr_line' id='line_1_49' title="bbox 2025 2510 3626 2583; baseline 0.002 -17"><span class='ocrx_word' id='word_1_376' title='bbox 2025 2510 2111 2566; x_wconf 80' lang='lat' dir='ltr'>illi</span> <span class='ocrx_word' id='word_1_377' title='bbox 2156 2510 2508 2568; x_wconf 80' lang='lat' dir='ltr'>obnoxium.</span> <span class='ocrx_word' id='word_1_378' title='bbox 2557 2512 2686 2583; x_wconf 85' lang='lat' dir='ltr'>Ipse</span> <span class='ocrx_word' id='word_1_379' title='bbox 2730 2512 2888 2567; x_wconf 85' lang='lat' dir='ltr'>enim</span> <span class='ocrx_word' id='word_1_380' title='bbox 2936 2517 3018 2567; x_wconf 85' lang='lat' dir='ltr'>est</span> <span class='ocrx_word' id='word_1_381' title='bbox 3064 2512 3434 2580; x_wconf 75' lang='lat' dir='ltr'>exspectatio</span> <span class='ocrx_word' id='word_1_382' title='bbox 3481 2527 3626 2581; x_wconf 82' lang='lat' dir='ltr'>gen-</span> 
     </span>
    </p>
   </div>
   <div class='ocr_carea' id='block_1_50' title="bbox 240 2595 1841 2674">
    <p class='ocr_par' dir='ltr' id='par_1_50' title="bbox 240 2595 1841 2674">
     <span class='ocr_line' id='line_1_50' title="bbox 240 2595 1841 2674; baseline -0.001 -25"><span class='ocrx_word' id='word_1_383' title='bbox 240 2601 445 2673; x_wconf 68' lang='grc' dir='ltr'>Κύριος</span> <span class='ocrx_word' id='word_1_384' title='bbox 482 2595 712 2663; x_wconf 78' lang='grc' dir='ltr'>ἐκάθισε,</span> <span class='ocrx_word' id='word_1_385' title='bbox 766 2602 855 2656; x_wconf 76' lang='grc' dir='ltr'>τὴν</span> <span class='ocrx_word' id='word_1_386' title='bbox 928 2596 1266 2674; x_wconf 81' lang='grc' dir='ltr'>ἁκαθαίρετον</span> <span class='ocrx_word' id='word_1_387' title='bbox 1334 2595 1627 2671; x_wconf 80' lang='grc' dir='ltr'>βασιλείαν.</span> <span class='ocrx_word' id='word_1_388' title='bbox 1690 2596 1841 2659; x_wconf 59' lang='grc' dir='ltr'>Αὖτόι</span> 
     </span>
    </p>
   </div>
   <div class='ocr_carea' id='block_1_51' title="bbox 2021 2595 3622 2674">
    <p class='ocr_par' dir='ltr' id='par_1_51' title="bbox 2021 2600 3622 2672">
     <span class='ocr_line' id='line_1_51' title="bbox 2021 2600 3622 2672; baseline 0.001 -18"><span class='ocrx_word' id='word_1_389' title='bbox 2021 2600 2197 2665; x_wconf 76' lang='lat' dir='ltr'>um&quot;,</span> <span class='ocrx_word' id='word_1_390' title='bbox 2222 2616 2344 2656; x_wconf 91' lang='lat' dir='ltr'>non</span> <span class='ocrx_word' id='word_1_391' title='bbox 2368 2605 2569 2656; x_wconf 88' lang='lat' dir='ltr'>autem</span> <span class='ocrx_word' id='word_1_392' title='bbox 2590 2600 2856 2656; x_wconf 68' lang='lat' dir='ltr'>minimas</span> <span class='ocrx_word' id='word_1_393' title='bbox 2886 2600 3076 2672; x_wconf 87' lang='lat' dir='ltr'>partis</span> <span class='ocrx_word' id='word_1_394' title='bbox 3101 2600 3264 2656; x_wconf 92' lang='lat' dir='ltr'>orbis</span> <span class='ocrx_word' id='word_1_395' title='bbox 3290 2606 3622 2669; x_wconf 89' lang='lat' dir='ltr'>terrarum;</span> 
     </span>
    </p>
   </div>
   <div class='ocr_carea' id='block_1_52' title="bbox 237 2681 1838 2763">
    <p class='ocr_par' dir='ltr' id='par_1_52' title="bbox 237 2681 1838 2763">
     <span class='ocr_line' id='line_1_52' title="bbox 237 2681 1838 2763; baseline 0 -24"><span class='ocrx_word' id='word_1_396' title='bbox 237 2687 346 2763; x_wconf 75' lang='grc' dir='ltr'>γὰρ</span> <span class='ocrx_word' id='word_1_397' title='bbox 411 2685 527 2740; x_wconf 78' lang='grc' dir='ltr'>ἔστι</span> <span class='ocrx_word' id='word_1_398' title='bbox 587 2681 890 2759; x_wconf 81' lang='grc' dir='ltr'>προσδοκία</span> <span class='ocrx_word' id='word_1_399' title='bbox 950 2686 1145 2756; x_wconf 75' lang='grc' dir='ltr'>ἐθνῶν,</span> <span class='ocrx_word' id='word_1_400' title='bbox 1206 2686 1334 2759; x_wconf 81' lang='grc' dir='ltr'>ούχὶ</span> <span class='ocrx_word' id='word_1_401' title='bbox 1408 2693 1501 2739; x_wconf 87' lang='grc' dir='ltr'>τοῦ</span> <span class='ocrx_word' id='word_1_402' title='bbox 1566 2684 1838 2758; x_wconf 76' lang='grc' dir='ltr'>ἑλαχίστοτ.</span> 
     </span>
    </p>
   </div>
   <div class='ocr_carea' id='block_1_53' title="bbox 2025 2681 3626 2763">
    <p class='ocr_par' dir='ltr' id='par_1_53' title="bbox 2025 2688 3626 2761">
     <span class='ocr_line' id='line_1_53' title="bbox 2025 2688 3626 2761; baseline 0.002 -18"><span class='ocrx_word' id='word_1_403' title='bbox 2025 2692 2104 2745; x_wconf 81' lang='lat' dir='ltr'>rit</span> <span class='ocrx_word' id='word_1_404' title='bbox 2133 2690 2312 2755; x_wconf 86' lang='lat' dir='ltr'>enim,</span> <span class='ocrx_word' id='word_1_405' title='bbox 2336 2689 2549 2761; x_wconf 90' lang='lat' dir='ltr'>inquit,</span> <span class='ocrx_word' id='word_1_406' title='bbox 2582 2688 2769 2745; x_wconf 69' lang='lat' dir='ltr'>radix</span> <span class='ocrx_word' id='word_1_407' title='bbox 2792 2690 2974 2755; x_wconf 85' lang='lat' dir='ltr'>Jesse,</span> <span class='ocrx_word' id='word_1_408' title='bbox 3000 2695 3055 2745; x_wconf 78' lang='lat' dir='ltr'>et</span> <span class='ocrx_word' id='word_1_409' title='bbox 3088 2691 3195 2761; x_wconf 85' lang='lat' dir='ltr'>qui</span> <span class='ocrx_word' id='word_1_410' title='bbox 3224 2691 3531 2761; x_wconf 78' lang='lat' dir='ltr'>consurgit</span> <span class='ocrx_word' id='word_1_411' title='bbox 3560 2695 3626 2746; x_wconf 85' lang='lat' dir='ltr'>ut</span> 
     </span>
    </p>
   </div>
   <div class='ocr_carea' id='block_1_54' title="bbox 237 2774 1838 2851">
    <p class='ocr_par' dir='ltr' id='par_1_54' title="bbox 237 2774 1838 2851">
     <span class='ocr_line' id='line_1_54' title="bbox 237 2774 1838 2851; baseline 0 -24"><span class='ocrx_word' id='word_1_412' title='bbox 237 2780 435 2851; x_wconf 75' lang='grc' dir='ltr'>μέρους</span> <span class='ocrx_word' id='word_1_413' title='bbox 487 2776 585 2837; x_wconf 75' lang='grc' dir='ltr'>τῆς</span> <span class='ocrx_word' id='word_1_414' title='bbox 636 2775 971 2848; x_wconf 75' lang='grc' dir='ltr'>οἰκουμένης·</span> <span class='ocrx_word' id='word_1_415' title='bbox 1022 2774 1209 2830; x_wconf 77' lang='grc' dir='ltr'>Ἔσται</span> <span class='ocrx_word' id='word_1_416' title='bbox 1254 2777 1378 2851; x_wconf 81' lang='grc' dir='ltr'>γὰρ,</span> <span class='ocrx_word' id='word_1_417' title='bbox 1423 2778 1604 2847; x_wconf 77' lang='grc' dir='ltr'>φησὶν,</span> <span class='ocrx_word' id='word_1_418' title='bbox 1644 2776 1674 2833; x_wconf 82' lang='grc' dir='ltr'><strong>ἠ</strong></span> <span class='ocrx_word' id='word_1_419' title='bbox 1730 2775 1838 2850; x_wconf 83' lang='grc' dir='ltr'>ῥίζι</span> 
     </span>
    </p>
   </div>
   <div class='ocr_carea' id='block_1_55' title="bbox 2021 2774 3622 2851">
    <p class='ocr_par' dir='ltr' id='par_1_55' title="bbox 2021 2778 3622 2848">
     <span class='ocr_line' id='line_1_55' title="bbox 2021 2778 3622 2848; baseline 0 -15"><span class='ocrx_word' id='word_1_420' title='bbox 2021 2780 2236 2848; x_wconf 64' lang='grc' dir='ltr'>’ἰησερε</span> <span class='ocrx_word' id='word_1_421' title='bbox 2265 2781 2340 2834; x_wconf 85' lang='lat' dir='ltr'>sit</span> <span class='ocrx_word' id='word_1_422' title='bbox 2368 2779 2636 2848; x_wconf 86' lang='lat' dir='ltr'>gentium</span> <span class='ocrx_word' id='word_1_423' title='bbox 2666 2794 2691 2835; x_wconf 87' lang='grc'><strong>.·</strong></span> <span class='ocrx_word' id='word_1_424' title='bbox 2718 2779 2781 2833; x_wconf 87' lang='lat' dir='ltr'>in</span> <span class='ocrx_word' id='word_1_425' title='bbox 2809 2780 2935 2847; x_wconf 80' lang='lat' dir='ltr'>ipso</span> <span class='ocrx_word' id='word_1_426' title='bbox 2965 2784 3169 2848; x_wconf 85' lang='lat' dir='ltr'>gentes</span> <span class='ocrx_word' id='word_1_427' title='bbox 3199 2778 3531 2848; x_wconf 82' lang='lat' dir='ltr'>sperabunt</span> <span class='ocrx_word' id='word_1_428' title='bbox 3550 2780 3622 2833; x_wconf 70' lang='grc'>⁷⁸.</span> 
     </span>
    </p>
   </div>
   <div class='ocr_carea' id='block_1_56' title="bbox 235 2861 1836 2939">
    <p class='ocr_par' dir='ltr' id='par_1_56' title="bbox 235 2861 1836 2939">
     <span class='ocr_line' id='line_1_56' title="bbox 235 2861 1836 2939; baseline -0.001 -22"><span class='ocrx_word' id='word_1_429' title='bbox 235 2872 335 2917; x_wconf 88' lang='grc' dir='ltr'>τοῦ</span> <span class='ocrx_word' id='word_1_430' title='bbox 378 2864 600 2935; x_wconf 82' lang='grc' dir='ltr'>Ἰεσσαὶ,</span> <span class='ocrx_word' id='word_1_431' title='bbox 634 2868 725 2916; x_wconf 83' lang='grc' dir='ltr'>καὶ</span> <span class='ocrx_word' id='word_1_432' title='bbox 762 2866 788 2916; x_wconf 89' lang='grc' dir='ltr'>ό</span> <span class='ocrx_word' id='word_1_433' title='bbox 816 2863 1151 2937; x_wconf 80' lang='grc' dir='ltr'>ἀνιστάμενος</span> <span class='ocrx_word' id='word_1_434' title='bbox 1179 2864 1363 2939; x_wconf 78' lang='grc' dir='ltr'>ἆρχειν</span> <span class='ocrx_word' id='word_1_435' title='bbox 1392 2863 1544 2917; x_wconf 75' lang='grc' dir='ltr'>ἐθνῶν</span> <span class='ocrx_word' id='word_1_436' title='bbox 1570 2885 1583 2898; x_wconf 94' lang='grc'><strong>·</strong></span> <span class='ocrx_word' id='word_1_437' title='bbox 1616 2861 1692 2916; x_wconf 76' lang='grc' dir='ltr'>ἐπ’</span> <span class='ocrx_word' id='word_1_438' title='bbox 1713 2864 1836 2936; x_wconf 78' lang='grc' dir='ltr'>αύτᾲ</span> 
     </span>
    </p>
   </div>
   <div class='ocr_carea' id='block_1_57' title="bbox 2026 2861 3627 2939">
    <p class='ocr_par' dir='ltr' id='par_1_57' title="bbox 2026 2868 3627 2937">
     <span class='ocr_line' id='line_1_57' title="bbox 2026 2868 3627 2937; baseline -0.001 -13"><span class='ocrx_word' id='word_1_439' title='bbox 2026 2870 2152 2924; x_wconf 86' lang='lat' dir='ltr'>osui</span> <span class='ocrx_word' id='word_1_440' title='bbox 2171 2869 2326 2924; x_wconf 86' lang='lat' dir='ltr'>enim</span> <span class='ocrx_word' id='word_1_441' title='bbox 2350 2875 2403 2923; x_wconf 92' lang='lat' dir='ltr'>te</span> <span class='ocrx_word' id='word_1_442' title='bbox 2424 2869 2485 2922; x_wconf 87' lang='lat' dir='ltr'>in</span> <span class='ocrx_word' id='word_1_443' title='bbox 2505 2868 2706 2937; x_wconf 76' lang='lat' dir='ltr'>fcedus</span> <span class='ocrx_word' id='word_1_444' title='bbox 2726 2868 2960 2937; x_wconf 78' lang='lat' dir='ltr'>populi,</span> <span class='ocrx_word' id='word_1_445' title='bbox 2977 2868 3037 2922; x_wconf 88' lang='lat' dir='ltr'>in</span> <span class='ocrx_word' id='word_1_446' title='bbox 3060 2868 3248 2922; x_wconf 84' lang='lat' dir='ltr'>lucem</span> <span class='ocrx_word' id='word_1_447' title='bbox 3275 2868 3627 2936; x_wconf 74' lang='lat' dir='ltr'>gentium&quot;.</span> 
     </span>
    </p>
   </div>
   <div class='ocr_carea' id='block_1_58' title="bbox 238 2943 1839 3028">
    <p class='ocr_par' dir='ltr' id='par_1_58' title="bbox 238 2950 1839 3028">
     <span class='ocr_line' id='line_1_58' title="bbox 238 2950 1839 3028; baseline -0.002 -21"><span class='ocrx_word' id='word_1_448' title='bbox 238 2956 362 3012; x_wconf 78' lang='grc' dir='ltr'>ἔθνη</span> <span class='ocrx_word' id='word_1_449' title='bbox 386 2952 649 3008; x_wconf 78' lang='grc' dir='ltr'>ἕλπιοῦσι.</span> <span class='ocrx_word' id='word_1_450' title='bbox 680 2954 896 3006; x_wconf 82' lang='grc' dir='ltr'>Τέθεικα</span> <span class='ocrx_word' id='word_1_451' title='bbox 922 2954 1025 3028; x_wconf 79' lang='grc' dir='ltr'>γὰρ</span> <span class='ocrx_word' id='word_1_452' title='bbox 1054 2972 1113 3007; x_wconf 90' lang='grc' dir='ltr'>σε</span> <span class='ocrx_word' id='word_1_453' title='bbox 1147 2951 1218 3016; x_wconf 80' lang='grc' dir='ltr'>είς</span> <span class='ocrx_word' id='word_1_454' title='bbox 1248 2950 1511 3012; x_wconf 78' lang='grc' dir='ltr'>διαθήκην</span> <span class='ocrx_word' id='word_1_455' title='bbox 1548 2955 1741 3024; x_wconf 82' lang='grc' dir='ltr'>γένους,</span> <span class='ocrx_word' id='word_1_456' title='bbox 1784 2953 1839 3005; x_wconf 64' lang='grc' dir='ltr'>εἶα</span> 
     </span>
    </p>
   </div>
   <div class='ocr_carea' id='block_1_59' title="bbox 2021 2943 3622 3028">
    <p class='ocr_par' dir='ltr' id='par_1_59' title="bbox 2022 2956 3622 3027">
     <span class='ocr_line' id='line_1_59' title="bbox 2022 2956 3622 3027; baseline -0.001 -15"><span class='ocrx_word' id='word_1_457' title='bbox 2022 2962 2042 3012; x_wconf 90' lang='lat' dir='ltr'>t</span> <span class='ocrx_word' id='word_1_458' title='bbox 2070 2972 2316 3027; x_wconf 81' lang='lat' dir='ltr'>ponam,</span> <span class='ocrx_word' id='word_1_459' title='bbox 2363 2956 2574 3027; x_wconf 90' lang='lat' dir='ltr'>inquit,</span> <span class='ocrx_word' id='word_1_460' title='bbox 2604 2957 2668 3012; x_wconf 88' lang='lat' dir='ltr'>in</span> <span class='ocrx_word' id='word_1_461' title='bbox 2698 2956 2987 3011; x_wconf 63' lang='lat' dir='ltr'>saeculum</span> <span class='ocrx_word' id='word_1_462' title='bbox 3017 2956 3227 3011; x_wconf 74' lang='lat' dir='ltr'>saeculi</span> <span class='ocrx_word' id='word_1_463' title='bbox 3252 2970 3445 3011; x_wconf 84' lang='lat' dir='ltr'>semen</span> <span class='ocrx_word' id='word_1_464' title='bbox 3474 2958 3622 3025; x_wconf 85' lang='lat' dir='ltr'>ejus,</span> 
     </span>
    </p>
   </div>
   <div class='ocr_carea' id='block_1_60' title="bbox 238 3040 1839 3116">
    <p class='ocr_par' dir='ltr' id='par_1_60' title="bbox 238 3040 1839 3116">
     <span class='ocr_line' id='line_1_60' title="bbox 238 3040 1839 3116; baseline 0.001 -22"><span class='ocrx_word' id='word_1_465' title='bbox 238 3051 344 3116; x_wconf 71' lang='grc' dir='ltr'>φῶς</span> <span class='ocrx_word' id='word_1_466' title='bbox 374 3041 555 3097; x_wconf 75' lang='grc' dir='ltr'>ἕθνῶν.</span> <span class='ocrx_word' id='word_1_467' title='bbox 590 3045 690 3095; x_wconf 81' lang='grc' dir='ltr'>Καὶ</span> <span class='ocrx_word' id='word_1_468' title='bbox 722 3044 973 3115; x_wconf 76' lang='grc' dir='ltr'>θήσομαι,</span> <span class='ocrx_word' id='word_1_469' title='bbox 1001 3047 1179 3115; x_wconf 70' lang='grc' dir='ltr'>φησὶν,</span> <span class='ocrx_word' id='word_1_470' title='bbox 1214 3041 1285 3106; x_wconf 81' lang='grc' dir='ltr'>εἰς</span> <span class='ocrx_word' id='word_1_471' title='bbox 1314 3045 1400 3094; x_wconf 90' lang='grc' dir='ltr'>τὸν</span> <span class='ocrx_word' id='word_1_472' title='bbox 1427 3040 1589 3095; x_wconf 79' lang='grc' dir='ltr'>αἰῶνα</span> <span class='ocrx_word' id='word_1_473' title='bbox 1616 3048 1708 3094; x_wconf 90' lang='grc' dir='ltr'>τοῦ</span> <span class='ocrx_word' id='word_1_474' title='bbox 1735 3041 1839 3095; x_wconf 79' lang='grc' dir='ltr'>αἰῶ</span> 
     </span>
    </p>
   </div>
   <div class='ocr_carea' id='block_1_61' title="bbox 2023 3040 3624 3116">
    <p class='ocr_par' dir='ltr' id='par_1_61' title="bbox 2051 3044 3624 3115">
     <span class='ocr_line' id='line_1_61' title="bbox 2051 3044 3624 3115; baseline -0.001 -13"><span class='ocrx_word' id='word_1_475' title='bbox 2051 3046 2336 3103; x_wconf 78' lang='lat' dir='ltr'>thronum</span> <span class='ocrx_word' id='word_1_476' title='bbox 2364 3047 2490 3115; x_wconf 85' lang='lat' dir='ltr'>ejus</span> <span class='ocrx_word' id='word_1_477' title='bbox 2529 3046 2683 3101; x_wconf 87' lang='lat' dir='ltr'>sicut</span> <span class='ocrx_word' id='word_1_478' title='bbox 2708 3044 2832 3100; x_wconf 84' lang='lat' dir='ltr'>dies</span> <span class='ocrx_word' id='word_1_479' title='bbox 2858 3046 3070 3101; x_wconf 71' lang='lat' dir='ltr'>caeli&quot;.</span> <span class='ocrx_word' id='word_1_480' title='bbox 3114 3044 3205 3099; x_wconf 93' lang='lat' dir='ltr'>Sic</span> <span class='ocrx_word' id='word_1_481' title='bbox 3235 3044 3413 3113; x_wconf 83' lang='lat' dir='ltr'>igitur</span> <span class='ocrx_word' id='word_1_482' title='bbox 3442 3050 3499 3100; x_wconf 88' lang='lat' dir='ltr'>et</span> <span class='ocrx_word' id='word_1_483' title='bbox 3528 3060 3624 3101; x_wconf 90' lang='lat' dir='ltr'>sa-</span> 
     </span>
    </p>
   </div>
   <div class='ocr_carea' id='block_1_62' title="bbox 235 3130 1836 3209">
    <p class='ocr_par' dir='ltr' id='par_1_62' title="bbox 235 3130 1836 3205">
     <span class='ocr_line' id='line_1_62' title="bbox 235 3130 1836 3205; baseline -0.001 -22"><span class='ocrx_word' id='word_1_484' title='bbox 235 3152 319 3193; x_wconf 90' lang='grc' dir='ltr'>νος</span> <span class='ocrx_word' id='word_1_485' title='bbox 347 3134 408 3184; x_wconf 87' lang='grc' dir='ltr'>τό</span> <span class='ocrx_word' id='word_1_486' title='bbox 443 3134 655 3205; x_wconf 76' lang='grc' dir='ltr'>σπέρμα</span> <span class='ocrx_word' id='word_1_487' title='bbox 692 3130 874 3199; x_wconf 77' lang='grc' dir='ltr'>αὐτοῦ,</span> <span class='ocrx_word' id='word_1_488' title='bbox 916 3135 1007 3185; x_wconf 85' lang='grc' dir='ltr'>καὶ</span> <span class='ocrx_word' id='word_1_489' title='bbox 1050 3134 1139 3185; x_wconf 88' lang='grc' dir='ltr'>τὸν</span> <span class='ocrx_word' id='word_1_490' title='bbox 1192 3133 1370 3205; x_wconf 85' lang='grc' dir='ltr'>θρόνον</span> <span class='ocrx_word' id='word_1_491' title='bbox 1426 3130 1587 3183; x_wconf 81' lang='grc' dir='ltr'>αύτοῦ</span> <span class='ocrx_word' id='word_1_492' title='bbox 1647 3132 1717 3193; x_wconf 80' lang='grc' dir='ltr'>ὡς</span> <span class='ocrx_word' id='word_1_493' title='bbox 1765 3132 1836 3183; x_wconf 79' lang='grc' dir='ltr'>τὰι</span> 
     </span>
    </p>
   </div>
   <div class='ocr_carea' id='block_1_63' title="bbox 2023 3130 3624 3209">
    <p class='ocr_par' dir='ltr' id='par_1_63' title="bbox 2023 3132 3624 3209">
     <span class='ocr_line' id='line_1_63' title="bbox 2023 3132 3624 3209; baseline -0.001 -17"><span class='ocrx_word' id='word_1_494' title='bbox 2023 3136 2176 3192; x_wconf 73' lang='lat' dir='ltr'>:rdos</span> <span class='ocrx_word' id='word_1_495' title='bbox 2214 3135 2565 3209; x_wconf 88' lang='lat' dir='ltr'>permansit,</span> <span class='ocrx_word' id='word_1_496' title='bbox 2594 3150 2950 3207; x_wconf 85' lang='lat' dir='ltr'>quanquam</span> <span class='ocrx_word' id='word_1_497' title='bbox 2974 3132 3198 3189; x_wconf 71' lang='lat' dir='ltr'>Judeeze</span> <span class='ocrx_word' id='word_1_498' title='bbox 3235 3138 3472 3205; x_wconf 89' lang='lat' dir='ltr'>sceptra</span> <span class='ocrx_word' id='word_1_499' title='bbox 3500 3149 3624 3190; x_wconf 92' lang='lat' dir='ltr'>non</span> 
     </span>
    </p>
   </div>
   <div class='ocr_carea' id='block_1_64' title="bbox 242 3216 1843 3299">
    <p class='ocr_par' dir='ltr' id='par_1_64' title="bbox 242 3216 1843 3296">
     <span class='ocr_line' id='line_1_64' title="bbox 242 3216 1843 3296; baseline 0 -23"><span class='ocrx_word' id='word_1_500' title='bbox 242 3223 448 3296; x_wconf 68' lang='grc' dir='ltr'>ἡμέρας</span> <span class='ocrx_word' id='word_1_501' title='bbox 472 3227 567 3273; x_wconf 81' lang='grc' dir='ltr'>τοῦ</span> <span class='ocrx_word' id='word_1_502' title='bbox 615 3219 858 3296; x_wconf 87' lang='grc' dir='ltr'>ούρανοῦ.</span> <span class='ocrx_word' id='word_1_503' title='bbox 899 3221 1081 3283; x_wconf 88' lang='grc' dir='ltr'>Οῦτως</span> <span class='ocrx_word' id='word_1_504' title='bbox 1125 3216 1213 3275; x_wconf 73' lang='grc' dir='ltr'>οὖν</span> <span class='ocrx_word' id='word_1_505' title='bbox 1257 3224 1349 3273; x_wconf 84' lang='grc' dir='ltr'>καὶ</span> <span class='ocrx_word' id='word_1_506' title='bbox 1400 3221 1563 3295; x_wconf 81' lang='grc' dir='ltr'>ἱερεὺς</span> <span class='ocrx_word' id='word_1_507' title='bbox 1591 3220 1707 3289; x_wconf 86' lang='grc'>(69)</span> <span class='ocrx_word' id='word_1_508' title='bbox 1739 3217 1843 3273; x_wconf 78' lang='grc' dir='ltr'>διέ-</span> 
     </span>
    </p>
   </div>
   <div class='ocr_carea' id='block_1_65' title="bbox 2023 3216 3624 3299">
    <p class='ocr_par' dir='ltr' id='par_1_65' title="bbox 2023 3225 3624 3299">
     <span class='ocr_line' id='line_1_65' title="bbox 2023 3225 3624 3299; baseline -0.002 -17"><span class='ocrx_word' id='word_1_509' title='bbox 2023 3226 2213 3299; x_wconf 69' lang='lat' dir='ltr'>icepit,</span> <span class='ocrx_word' id='word_1_510' title='bbox 2272 3229 2328 3281; x_wconf 91' lang='lat' dir='ltr'>et</span> <span class='ocrx_word' id='word_1_511' title='bbox 2374 3241 2479 3280; x_wconf 84' lang='lat' dir='ltr'>rex</span> <span class='ocrx_word' id='word_1_512' title='bbox 2517 3225 2812 3280; x_wconf 74' lang='lat' dir='ltr'>universae</span> <span class='ocrx_word' id='word_1_513' title='bbox 2842 3229 3013 3281; x_wconf 65' lang='lat' dir='ltr'>terra:</span> <span class='ocrx_word' id='word_1_514' title='bbox 3046 3226 3220 3279; x_wconf 90' lang='lat' dir='ltr'>Deus.</span> <span class='ocrx_word' id='word_1_515' title='bbox 3255 3227 3445 3296; x_wconf 83' lang='lat' dir='ltr'>Atque</span> <span class='ocrx_word' id='word_1_516' title='bbox 3474 3239 3624 3279; x_wconf 86' lang='lat' dir='ltr'>con-</span> 
     </span>
    </p>
   </div>
   <div class='ocr_carea' id='block_1_66' title="bbox 238 3305 1839 3383">
    <p class='ocr_par' dir='ltr' id='par_1_66' title="bbox 238 3305 1839 3383">
     <span class='ocr_line' id='line_1_66' title="bbox 238 3305 1839 3383; baseline 0 -21"><span class='ocrx_word' id='word_1_517' title='bbox 238 3329 433 3382; x_wconf 89' lang='grc' dir='ltr'>μεινεν,</span> <span class='ocrx_word' id='word_1_518' title='bbox 469 3309 513 3362; x_wconf 89' lang='grc' dir='ltr'>εἰ</span> <span class='ocrx_word' id='word_1_519' title='bbox 540 3314 631 3361; x_wconf 83' lang='grc' dir='ltr'>καὶ</span> <span class='ocrx_word' id='word_1_520' title='bbox 662 3312 733 3381; x_wconf 76' lang='grc' dir='ltr'>μὴ</span> <span class='ocrx_word' id='word_1_521' title='bbox 765 3310 827 3362; x_wconf 71' lang='grc' dir='ltr'>τὸ</span> <span class='ocrx_word' id='word_1_522' title='bbox 860 3314 1107 3382; x_wconf 74' lang='grc' dir='ltr'>σκῆπτρα</span> <span class='ocrx_word' id='word_1_523' title='bbox 1148 3314 1245 3372; x_wconf 81' lang='grc' dir='ltr'>τῆς</span> <span class='ocrx_word' id='word_1_524' title='bbox 1275 3305 1539 3371; x_wconf 83' lang='grc' dir='ltr'>Ἰουδαίας</span> <span class='ocrx_word' id='word_1_525' title='bbox 1576 3307 1839 3383; x_wconf 61' lang='grc' dir='ltr'>παρελαϐε,</span> 
     </span>
    </p>
   </div>
   <div class='ocr_carea' id='block_1_67' title="bbox 2022 3305 3623 3383">
    <p class='ocr_par' dir='ltr' id='par_1_67' title="bbox 2022 3312 3623 3382">
     <span class='ocr_line' id='line_1_67' title="bbox 2022 3312 3623 3382; baseline 0 -13"><span class='ocrx_word' id='word_1_526' title='bbox 2022 3318 2202 3371; x_wconf 59' lang='grc' dir='ltr'>ξαιαῑδ.</span> <span class='ocrx_word' id='word_1_527' title='bbox 2231 3319 2323 3370; x_wconf 87' lang='lat' dir='ltr'>est</span> <span class='ocrx_word' id='word_1_528' title='bbox 2355 3313 2694 3370; x_wconf 85' lang='lat' dir='ltr'>benedictio</span> <span class='ocrx_word' id='word_1_529' title='bbox 2735 3312 2947 3382; x_wconf 83' lang='lat' dir='ltr'>Jacob,</span> <span class='ocrx_word' id='word_1_530' title='bbox 2989 3315 3061 3370; x_wconf 82' lang='lat' dir='ltr'>Et</span> <span class='ocrx_word' id='word_1_531' title='bbox 3106 3312 3531 3370; x_wconf 83' lang='lat' dir='ltr'>benedicentur</span> <span class='ocrx_word' id='word_1_532' title='bbox 3558 3314 3623 3369; x_wconf 87' lang='lat' dir='ltr'>in</span> 
     </span>
    </p>
   </div>
   <div class='ocr_carea' id='block_1_68' title="bbox 240 3396 1841 3472">
    <p class='ocr_par' dir='ltr' id='par_1_68' title="bbox 240 3396 1841 3470">
     <span class='ocr_line' id='line_1_68' title="bbox 240 3396 1841 3470; baseline 0 -19"><span class='ocrx_word' id='word_1_533' title='bbox 240 3402 333 3452; x_wconf 79' lang='grc' dir='ltr'>καὶ</span> <span class='ocrx_word' id='word_1_534' title='bbox 358 3397 804 3461; x_wconf 81' lang='grc' dir='ltr'>Βασιλεύςπάσης</span> <span class='ocrx_word' id='word_1_535' title='bbox 844 3405 937 3461; x_wconf 82' lang='grc' dir='ltr'>τῆς</span> <span class='ocrx_word' id='word_1_536' title='bbox 959 3404 1056 3470; x_wconf 81' lang='grc' dir='ltr'>γῆς</span> <span class='ocrx_word' id='word_1_537' title='bbox 1081 3399 1107 3451; x_wconf 90' lang='grc' dir='ltr'>ό</span> <span class='ocrx_word' id='word_1_538' title='bbox 1140 3400 1285 3465; x_wconf 87' lang='grc' dir='ltr'>Θεὸς,</span> <span class='ocrx_word' id='word_1_539' title='bbox 1318 3402 1408 3450; x_wconf 86' lang='grc' dir='ltr'>καὶ</span> <span class='ocrx_word' id='word_1_540' title='bbox 1446 3400 1476 3456; x_wconf 77' lang='grc' dir='ltr'>ἡ</span> <span class='ocrx_word' id='word_1_541' title='bbox 1511 3396 1720 3469; x_wconf 83' lang='grc' dir='ltr'>εύλογία</span> <span class='ocrx_word' id='word_1_542' title='bbox 1763 3404 1841 3451; x_wconf 77' lang='grc' dir='ltr'>τοί</span> 
     </span>
    </p>
   </div>
   <div class='ocr_carea' id='block_1_69' title="bbox 2019 3396 3620 3472">
    <p class='ocr_par' dir='ltr' id='par_1_69' title="bbox 2019 3402 3620 3472">
     <span class='ocr_line' id='line_1_69' title="bbox 2019 3402 3620 3472; baseline -0.001 -12"><span class='ocrx_word' id='word_1_543' title='bbox 2019 3406 2183 3461; x_wconf 83' lang='lat' dir='ltr'>mine</span> <span class='ocrx_word' id='word_1_544' title='bbox 2230 3405 2417 3472; x_wconf 80' lang='lat' dir='ltr'>ipsius</span> <span class='ocrx_word' id='word_1_545' title='bbox 2465 3418 2665 3459; x_wconf 89' lang='lat' dir='ltr'>omnes</span> <span class='ocrx_word' id='word_1_546' title='bbox 2718 3402 2906 3458; x_wconf 86' lang='lat' dir='ltr'>tribus</span> <span class='ocrx_word' id='word_1_547' title='bbox 2976 3404 3245 3466; x_wconf 76' lang='lat' dir='ltr'>terrae&quot;,</span> <span class='ocrx_word' id='word_1_548' title='bbox 3297 3406 3354 3459; x_wconf 87' lang='lat' dir='ltr'>et</span> <span class='ocrx_word' id='word_1_549' title='bbox 3406 3418 3620 3460; x_wconf 87' lang='lat' dir='ltr'>omnes</span> 
     </span>
    </p>
   </div>
   <div class='ocr_carea' id='block_1_70' title="bbox 242 3486 1843 3567">
    <p class='ocr_par' dir='ltr' id='par_1_70' title="bbox 242 3486 1843 3559">
     <span class='ocr_line' id='line_1_70' title="bbox 242 3486 1843 3559; baseline -0.001 -18"><span class='ocrx_word' id='word_1_550' title='bbox 242 3486 438 3541; x_wconf 83' lang='grc' dir='ltr'>Ἰακὼϐ</span> <span class='ocrx_word' id='word_1_551' title='bbox 487 3486 767 3546; x_wconf 80' lang='grc' dir='ltr'>ἐϐεϐαιώθη</span> <span class='ocrx_word' id='word_1_552' title='bbox 829 3507 843 3522; x_wconf 88' lang='grc'><strong>·</strong></span> <span class='ocrx_word' id='word_1_553' title='bbox 906 3492 1008 3541; x_wconf 79' lang='grc' dir='ltr'>Καὶ</span> <span class='ocrx_word' id='word_1_554' title='bbox 1073 3486 1570 3559; x_wconf 75' lang='grc' dir='ltr'>ἓνευλογηθήσονται</span> <span class='ocrx_word' id='word_1_555' title='bbox 1615 3495 1687 3558; x_wconf 87' lang='grc' dir='ltr'>τῷ</span> <span class='ocrx_word' id='word_1_556' title='bbox 1742 3486 1843 3558; x_wconf 64' lang='grc'>(70]</span> 
     </span>
    </p>
   </div>
   <div class='ocr_carea' id='block_1_71' title="bbox 1660 3486 3261 3567">
    <p class='ocr_par' dir='ltr' id='par_1_71' title="bbox 1660 3486 3261 3567">
     <span class='ocr_line' id='line_1_71' title="bbox 1660 3486 3261 3567; baseline -0.006 -8"><span class='ocrx_word' id='word_1_557' title='bbox 1660 3495 1687 3558; x_wconf 67' lang='grc' dir='ltr'>ἵ)</span> <span class='ocrx_word' id='word_1_558' title='bbox 1742 3486 1857 3558; x_wconf 77' lang='grc' dir='ltr'>(⁷ο)</span> <span class='ocrx_word' id='word_1_559' title='bbox 1962 3499 2172 3567; x_wconf 81' lang='lat' dir='ltr'>gentes</span> <span class='ocrx_word' id='word_1_560' title='bbox 2204 3493 2503 3551; x_wconf 89' lang='lat' dir='ltr'>Christum</span> <span class='ocrx_word' id='word_1_561' title='bbox 2532 3493 2781 3550; x_wconf 83' lang='lat' dir='ltr'>beatum</span> <span class='ocrx_word' id='word_1_562' title='bbox 2823 3491 3261 3566; x_wconf 68' lang='lat' dir='ltr'>praedicabunt.</span> 
     </span>
    </p>
   </div>
   <div class='ocr_carea' id='block_1_72' title="bbox 248 3575 1855 3651">
    <p class='ocr_par' dir='ltr' id='par_1_72' title="bbox 248 3575 1855 3651">
     <span class='ocr_line' id='line_1_72' title="bbox 248 3575 1855 3651; baseline -0.001 -21"><span class='ocrx_word' id='word_1_563' title='bbox 248 3581 515 3649; x_wconf 75' lang='grc' dir='ltr'>σπέρματι</span> <span class='ocrx_word' id='word_1_564' title='bbox 541 3577 698 3631; x_wconf 75' lang='grc' dir='ltr'>αὑτοῦ</span> <span class='ocrx_word' id='word_1_565' title='bbox 728 3582 896 3631; x_wconf 85' lang='grc' dir='ltr'>πᾶσαι</span> <span class='ocrx_word' id='word_1_566' title='bbox 921 3578 975 3629; x_wconf 89' lang='grc' dir='ltr'>αἱ</span> <span class='ocrx_word' id='word_1_567' title='bbox 1006 3575 1164 3651; x_wconf 74' lang='grc' dir='ltr'>φυλαὶ</span> <span class='ocrx_word' id='word_1_568' title='bbox 1191 3584 1282 3639; x_wconf 81' lang='grc' dir='ltr'>τῆς</span> <span class='ocrx_word' id='word_1_569' title='bbox 1309 3583 1427 3649; x_wconf 86' lang='grc' dir='ltr'>γῆς,</span> <span class='ocrx_word' id='word_1_570' title='bbox 1466 3580 1556 3630; x_wconf 84' lang='grc' dir='ltr'>καὶ</span> <span class='ocrx_word' id='word_1_571' title='bbox 1581 3577 1753 3630; x_wconf 84' lang='grc' dir='ltr'>πάντα</span> <span class='ocrx_word' id='word_1_572' title='bbox 1787 3577 1855 3629; x_wconf 80' lang='grc' dir='ltr'>τὰ</span> 
     </span>
    </p>
   </div>
   <div class='ocr_carea' id='block_1_73' title="bbox 249 3666 1133 3742">
    <p class='ocr_par' dir='ltr' id='par_1_73' title="bbox 249 3666 1133 3742">
     <span class='ocr_line' id='line_1_73' title="bbox 249 3666 1133 3742; baseline 0.005 -25"><span class='ocrx_word' id='word_1_573' title='bbox 249 3666 375 3723; x_wconf 71' lang='grc' dir='ltr'>ἔθνη</span> <span class='ocrx_word' id='word_1_574' title='bbox 405 3673 727 3741; x_wconf 89' lang='grc' dir='ltr'>μακαριοῦσι</span> <span class='ocrx_word' id='word_1_575' title='bbox 756 3669 842 3719; x_wconf 90' lang='grc' dir='ltr'>τόν</span> <span class='ocrx_word' id='word_1_576' title='bbox 874 3669 1133 3742; x_wconf 81' lang='grc' dir='ltr'>Χριστόν.</span> 
     </span>
    </p>
   </div>
   <div class='ocr_carea' id='block_1_74' title="bbox 318 3741 1919 3829">
    <p class='ocr_par' dir='ltr' id='par_1_74' title="bbox 318 3741 1853 3829">
     <span class='ocr_line' id='line_1_74' title="bbox 318 3741 1853 3829; baseline -0.003 -19"><span class='ocrx_word' id='word_1_577' title='bbox 318 3756 373 3810; x_wconf 72' lang='grc'><strong>4.</strong></span> <span class='ocrx_word' id='word_1_578' title='bbox 416 3759 535 3817; x_wconf 85' lang='grc' dir='ltr'>Τοῖς</span> <span class='ocrx_word' id='word_1_579' title='bbox 593 3751 653 3808; x_wconf 68' lang='grc' dir='ltr'>δι</span> <span class='ocrx_word' id='word_1_580' title='bbox 702 3741 929 3828; x_wconf 70' lang='grc' dir='ltr'>κομψοῖς</span> <span class='ocrx_word' id='word_1_581' title='bbox 996 3754 1357 3829; x_wconf 84' lang='grc' dir='ltr'>Ἐγκρατίταις</span> <span class='ocrx_word' id='word_1_582' title='bbox 1407 3755 1533 3829; x_wconf 82' lang='grc' dir='ltr'>πρὸς</span> <span class='ocrx_word' id='word_1_583' title='bbox 1570 3755 1628 3806; x_wconf 86' lang='grc' dir='ltr'>τὸ</span> <span class='ocrx_word' id='word_1_584' title='bbox 1670 3754 1853 3826; x_wconf 81' lang='grc' dir='ltr'>σεμνὸν</span> 
     </span>
    </p>
   </div>
   <div class='ocr_carea' id='block_1_75' title="bbox 2016 3741 3617 3829">
    <p class='ocr_par' dir='ltr' id='par_1_75' title="bbox 2028 3741 3617 3817">
     <span class='ocr_line' id='line_1_75' title="bbox 2028 3741 3617 3817; baseline -0.001 -15"><span class='ocrx_word' id='word_1_585' title='bbox 2028 3747 2086 3803; x_wconf 77' lang='grc'><strong>4.</strong></span> <span class='ocrx_word' id='word_1_586' title='bbox 2127 3743 2363 3817; x_wconf 87' lang='lat' dir='ltr'>Lepidis</span> <span class='ocrx_word' id='word_1_587' title='bbox 2406 3746 2610 3800; x_wconf 88' lang='lat' dir='ltr'>autem</span> <span class='ocrx_word' id='word_1_588' title='bbox 2647 3742 2961 3799; x_wconf 86' lang='lat' dir='ltr'>Encratitis</span> <span class='ocrx_word' id='word_1_589' title='bbox 3011 3741 3091 3798; x_wconf 85' lang='lat' dir='ltr'>ad</span> <span class='ocrx_word' id='word_1_590' title='bbox 3136 3742 3491 3814; x_wconf 76' lang='lat' dir='ltr'>praeclaram</span> <span class='ocrx_word' id='word_1_591' title='bbox 3522 3760 3617 3801; x_wconf 88' lang='lat' dir='ltr'>eo-</span> 
     </span>
    </p>
   </div>
   <div class='ocr_carea' id='block_1_76' title="bbox 234 3831 1835 3918">
    <p class='ocr_par' dir='ltr' id='par_1_76' title="bbox 234 3841 1835 3918">
     <span class='ocr_line' id='line_1_76' title="bbox 234 3841 1835 3918; baseline 0.001 -23"><span class='ocrx_word' id='word_1_592' title='bbox 234 3842 411 3895; x_wconf 83' lang='grc' dir='ltr'>αύτῶν</span> <span class='ocrx_word' id='word_1_593' title='bbox 476 3842 775 3918; x_wconf 82' lang='grc' dir='ltr'>πρόϐλημα,</span> <span class='ocrx_word' id='word_1_594' title='bbox 845 3841 939 3897; x_wconf 78' lang='grc' dir='ltr'>διὰ</span> <span class='ocrx_word' id='word_1_595' title='bbox 993 3847 1047 3897; x_wconf 92' lang='grc' dir='ltr'>τί</span> <span class='ocrx_word' id='word_1_596' title='bbox 1127 3847 1218 3896; x_wconf 84' lang='grc' dir='ltr'>καὶ</span> <span class='ocrx_word' id='word_1_597' title='bbox 1288 3844 1439 3916; x_wconf 74' lang='grc' dir='ltr'>ἡμεῖς</span> <span class='ocrx_word' id='word_1_598' title='bbox 1495 3842 1623 3915; x_wconf 75' lang='grc' dir='ltr'>ούχὶ</span> <span class='ocrx_word' id='word_1_599' title='bbox 1683 3845 1835 3896; x_wconf 82' lang='grc' dir='ltr'>πάντι</span> 
     </span>
    </p>
   </div>
   <div class='ocr_carea' id='block_1_77' title="bbox 2016 3831 3617 3918">
    <p class='ocr_par' dir='ltr' id='par_1_77' title="bbox 2016 3831 3617 3907">
     <span class='ocr_line' id='line_1_77' title="bbox 2016 3831 3617 3907; baseline -0.001 -17"><span class='ocrx_word' id='word_1_600' title='bbox 2016 3851 2094 3890; x_wconf 80' lang='grc' dir='ltr'>ιω</span> <span class='ocrx_word' id='word_1_601' title='bbox 2123 3834 2541 3907; x_wconf 61' lang='lat' dir='ltr'>quaestionem,</span> <span class='ocrx_word' id='word_1_602' title='bbox 2575 3848 2681 3887; x_wconf 91' lang='lat' dir='ltr'>cur</span> <span class='ocrx_word' id='word_1_603' title='bbox 2713 3847 2825 3888; x_wconf 90' lang='lat' dir='ltr'>nos</span> <span class='ocrx_word' id='word_1_604' title='bbox 2846 3832 3027 3887; x_wconf 90' lang='lat' dir='ltr'>etiam</span> <span class='ocrx_word' id='word_1_605' title='bbox 3060 3847 3181 3886; x_wconf 90' lang='lat' dir='ltr'>non</span> <span class='ocrx_word' id='word_1_606' title='bbox 3212 3831 3496 3887; x_wconf 90' lang='lat' dir='ltr'>omnibus</span> <span class='ocrx_word' id='word_1_607' title='bbox 3522 3850 3617 3889; x_wconf 85' lang='lat' dir='ltr'>ve-</span> 
     </span>
    </p>
   </div>
   <div class='ocr_carea' id='block_1_78' title="bbox 232 3921 1833 4007">
    <p class='ocr_par' dir='ltr' id='par_1_78' title="bbox 232 3929 1833 4007">
     <span class='ocr_line' id='line_1_78' title="bbox 232 3929 1833 4007; baseline 0 -22"><span class='ocrx_word' id='word_1_608' title='bbox 232 3929 504 4005; x_wconf 78' lang='grc' dir='ltr'>ἕσθίομεν,</span> <span class='ocrx_word' id='word_1_609' title='bbox 565 3930 724 3986; x_wconf 78' lang='grc' dir='ltr'>ἕκεῖνο</span> <span class='ocrx_word' id='word_1_610' title='bbox 766 3931 1013 4005; x_wconf 72' lang='grc' dir='ltr'>λεγέσθω,</span> <span class='ocrx_word' id='word_1_611' title='bbox 1079 3934 1159 3985; x_wconf 89' lang='grc' dir='ltr'>ὄτι</span> <span class='ocrx_word' id='word_1_612' title='bbox 1222 3935 1310 3984; x_wconf 82' lang='grc' dir='ltr'>καὶ</span> <span class='ocrx_word' id='word_1_613' title='bbox 1363 3933 1428 3984; x_wconf 79' lang='grc' dir='ltr'>τὰ</span> <span class='ocrx_word' id='word_1_614' title='bbox 1481 3937 1833 4007; x_wconf 81' lang='grc' dir='ltr'>περιττώματι</span> 
     </span>
    </p>
   </div>
   <div class='ocr_carea' id='block_1_79' title="bbox 2015 3921 3616 4007">
    <p class='ocr_par' dir='ltr' id='par_1_79' title="bbox 2015 3921 3616 3995">
     <span class='ocr_line' id='line_1_79' title="bbox 2015 3921 3616 3995; baseline -0.001 -14"><span class='ocrx_word' id='word_1_615' title='bbox 2015 3925 2203 3991; x_wconf 76' lang='lat' dir='ltr'>:imur,</span> <span class='ocrx_word' id='word_1_616' title='bbox 2226 3924 2342 3980; x_wconf 89' lang='lat' dir='ltr'>hoc</span> <span class='ocrx_word' id='word_1_617' title='bbox 2371 3923 2546 3979; x_wconf 87' lang='lat' dir='ltr'>detur</span> <span class='ocrx_word' id='word_1_618' title='bbox 2568 3921 2863 3995; x_wconf 89' lang='lat' dir='ltr'>responsi,</span> <span class='ocrx_word' id='word_1_619' title='bbox 2882 3937 2994 3976; x_wconf 91' lang='lat' dir='ltr'>nos</span> <span class='ocrx_word' id='word_1_620' title='bbox 3024 3921 3205 3977; x_wconf 86' lang='lat' dir='ltr'>etiam</span> <span class='ocrx_word' id='word_1_621' title='bbox 3235 3928 3616 3981; x_wconf 84' lang='lat' dir='ltr'>excrementa</span> 
     </span>
    </p>
   </div>
   <div class='ocr_carea' id='block_1_80' title="bbox 228 4010 1829 4097">
    <p class='ocr_par' dir='ltr' id='par_1_80' title="bbox 228 4018 1829 4097">
     <span class='ocr_line' id='line_1_80' title="bbox 228 4018 1829 4097; baseline 0.001 -24"><span class='ocrx_word' id='word_1_622' title='bbox 228 4022 384 4096; x_wconf 73' lang='grc' dir='ltr'>ἡμῶν</span> <span class='ocrx_word' id='word_1_623' title='bbox 425 4018 862 4095; x_wconf 81' lang='grc' dir='ltr'>βδελυσσόμεθα.</span> <span class='ocrx_word' id='word_1_624' title='bbox 921 4023 1069 4076; x_wconf 77' lang='grc' dir='ltr'>Κατά</span> <span class='ocrx_word' id='word_1_625' title='bbox 1122 4024 1213 4096; x_wconf 65' lang='grc' dir='ltr'>μιν</span> <span class='ocrx_word' id='word_1_626' title='bbox 1254 4024 1356 4097; x_wconf 81' lang='grc' dir='ltr'>γὰρ</span> <span class='ocrx_word' id='word_1_627' title='bbox 1405 4024 1500 4080; x_wconf 78' lang='grc' dir='ltr'>τὴν</span> <span class='ocrx_word' id='word_1_628' title='bbox 1552 4020 1727 4086; x_wconf 80' lang='grc' dir='ltr'>ἀξίαν,</span> <span class='ocrx_word' id='word_1_629' title='bbox 1760 4020 1829 4074; x_wconf 90' lang='grc' dir='ltr'>λά</span> 
     </span>
    </p>
   </div>
   <div class='ocr_carea' id='block_1_81' title="bbox 2011 4010 3612 4097">
    <p class='ocr_par' dir='ltr' id='par_1_81' title="bbox 2011 4010 3612 4084">
     <span class='ocr_line' id='line_1_81' title="bbox 2011 4010 3612 4084; baseline -0.001 -13"><span class='ocrx_word' id='word_1_630' title='bbox 2011 4020 2167 4071; x_wconf 85' lang='lat' dir='ltr'>ostra</span> <span class='ocrx_word' id='word_1_631' title='bbox 2198 4013 2482 4071; x_wconf 85' lang='lat' dir='ltr'>aversari.</span> <span class='ocrx_word' id='word_1_632' title='bbox 2530 4017 2611 4068; x_wconf 80' lang='lat' dir='ltr'>Ac</span> <span class='ocrx_word' id='word_1_633' title='bbox 2640 4015 2938 4084; x_wconf 86' lang='lat' dir='ltr'>quantum</span> <span class='ocrx_word' id='word_1_634' title='bbox 2968 4010 3214 4084; x_wconf 90' lang='lat' dir='ltr'>quidem</span> <span class='ocrx_word' id='word_1_635' title='bbox 3247 4012 3325 4067; x_wconf 90' lang='lat' dir='ltr'>ad</span> <span class='ocrx_word' id='word_1_636' title='bbox 3354 4012 3612 4082; x_wconf 88' lang='lat' dir='ltr'>dignita-</span> 
     </span>
    </p>
   </div>
   <div class='ocr_carea' id='block_1_82' title="bbox 226 4100 1827 4186">
    <p class='ocr_par' dir='ltr' id='par_1_82' title="bbox 226 4106 1827 4186">
     <span class='ocr_line' id='line_1_82' title="bbox 226 4106 1827 4186; baseline -0.001 -24"><span class='ocrx_word' id='word_1_637' title='bbox 226 4129 383 4181; x_wconf 82' lang='grc' dir='ltr'>χανα</span> <span class='ocrx_word' id='word_1_638' title='bbox 418 4114 623 4185; x_wconf 81' lang='grc' dir='ltr'>χόρτου</span> <span class='ocrx_word' id='word_1_639' title='bbox 662 4112 788 4183; x_wconf 76' lang='grc' dir='ltr'>ἡμῖν</span> <span class='ocrx_word' id='word_1_640' title='bbox 830 4108 943 4163; x_wconf 73' lang='grc' dir='ltr'>ἔστι</span> <span class='ocrx_word' id='word_1_641' title='bbox 984 4112 1049 4164; x_wconf 76' lang='grc' dir='ltr'>τὰ</span> <span class='ocrx_word' id='word_1_642' title='bbox 1094 4115 1255 4186; x_wconf 75' lang='grc' dir='ltr'>κρίσι⁰</span> <span class='ocrx_word' id='word_1_643' title='bbox 1308 4112 1444 4162; x_wconf 81' lang='grc' dir='ltr'>κατὰ</span> <span class='ocrx_word' id='word_1_644' title='bbox 1497 4106 1557 4163; x_wconf 65' lang='grc' dir='ltr'>δι</span> <span class='ocrx_word' id='word_1_645' title='bbox 1600 4114 1695 4166; x_wconf 78' lang='grc' dir='ltr'>τήν</span> <span class='ocrx_word' id='word_1_646' title='bbox 1747 4118 1827 4161; x_wconf 66' lang='grc' dir='ltr'>τῶε</span> 
     </span>
    </p>
   </div>
   <div class='ocr_carea' id='block_1_83' title="bbox 2011 4100 3612 4186">
    <p class='ocr_par' dir='ltr' id='par_1_83' title="bbox 2011 4100 3612 4174">
     <span class='ocr_line' id='line_1_83' title="bbox 2011 4100 3612 4174; baseline 0.003 -21"><span class='ocrx_word' id='word_1_647' title='bbox 2011 4121 2100 4170; x_wconf 62' lang='grc' dir='ltr'>ιω,</span> <span class='ocrx_word' id='word_1_648' title='bbox 2155 4103 2321 4159; x_wconf 88' lang='lat' dir='ltr'>olera</span> <span class='ocrx_word' id='word_1_649' title='bbox 2361 4101 2563 4158; x_wconf 70' lang='lat' dir='ltr'>herbas</span> <span class='ocrx_word' id='word_1_650' title='bbox 2612 4100 2789 4156; x_wconf 89' lang='lat' dir='ltr'>nobis</span> <span class='ocrx_word' id='word_1_651' title='bbox 2843 4104 2982 4156; x_wconf 89' lang='lat' dir='ltr'>sunt</span> <span class='ocrx_word' id='word_1_652' title='bbox 3024 4115 3234 4155; x_wconf 90' lang='lat' dir='ltr'>carnes</span> <span class='ocrx_word' id='word_1_653' title='bbox 3268 4117 3279 4156; x_wconf 93' lang='lat'>:</span> <span class='ocrx_word' id='word_1_654' title='bbox 3312 4107 3612 4174; x_wconf 90' lang='lat' dir='ltr'>quantum</span> 
     </span>
    </p>
   </div>
   <div class='ocr_carea' id='block_1_84' title="bbox 228 4188 1829 4274">
    <p class='ocr_par' dir='ltr' id='par_1_84' title="bbox 228 4195 1829 4274">
     <span class='ocr_line' id='line_1_84' title="bbox 228 4195 1829 4274; baseline -0.001 -22"><span class='ocrx_word' id='word_1_655' title='bbox 228 4203 609 4274; x_wconf 70' lang='grc' dir='ltr'>συμφερόντων</span> <span class='ocrx_word' id='word_1_656' title='bbox 641 4195 935 4271; x_wconf 82' lang='grc' dir='ltr'>διάκρισιν,</span> <span class='ocrx_word' id='word_1_657' title='bbox 980 4201 1050 4262; x_wconf 82' lang='grc' dir='ltr'>ὡς</span> <span class='ocrx_word' id='word_1_658' title='bbox 1096 4203 1186 4251; x_wconf 78' lang='grc' dir='ltr'>καὶ</span> <span class='ocrx_word' id='word_1_659' title='bbox 1233 4197 1281 4252; x_wconf 72' lang='grc' dir='ltr'>ἂν</span> <span class='ocrx_word' id='word_1_660' title='bbox 1325 4198 1580 4271; x_wconf 87' lang='grc' dir='ltr'>λαχάνοις</span> <span class='ocrx_word' id='word_1_661' title='bbox 1617 4201 1676 4251; x_wconf 88' lang='grc' dir='ltr'>τό</span> <span class='ocrx_word' id='word_1_662' title='bbox 1711 4196 1829 4271; x_wconf 85' lang='grc' dir='ltr'>βλα·</span> 
     </span>
    </p>
   </div>
   <div class='ocr_carea' id='block_1_85' title="bbox 2011 4188 3612 4274">
    <p class='ocr_par' dir='ltr' id='par_1_85' title="bbox 2011 4189 3612 4261">
     <span class='ocr_line' id='line_1_85' title="bbox 2011 4189 3612 4261; baseline 0 -13"><span class='ocrx_word' id='word_1_663' title='bbox 2011 4208 2101 4248; x_wconf 68' lang='lat' dir='ltr'>ero</span> <span class='ocrx_word' id='word_1_664' title='bbox 2130 4191 2209 4248; x_wconf 92' lang='lat' dir='ltr'>ad</span> <span class='ocrx_word' id='word_1_665' title='bbox 2245 4190 2479 4247; x_wconf 90' lang='lat' dir='ltr'>utilium</span> <span class='ocrx_word' id='word_1_666' title='bbox 2523 4189 2967 4255; x_wconf 87' lang='lat' dir='ltr'>discretionem,</span> <span class='ocrx_word' id='word_1_667' title='bbox 3001 4189 3526 4261; x_wconf 88' lang='lat' dir='ltr'>quemadmodum</span> <span class='ocrx_word' id='word_1_668' title='bbox 3556 4196 3612 4248; x_wconf 85' lang='lat' dir='ltr'>et</span> 
     </span>
    </p>
   </div>
   <div class='ocr_carea' id='block_1_86' title="bbox 224 4276 1825 4364">
    <p class='ocr_par' dir='ltr' id='par_1_86' title="bbox 224 4286 1821 4364">
     <span class='ocr_line' id='line_1_86' title="bbox 224 4286 1821 4364; baseline -0.002 -22"><span class='ocrx_word' id='word_1_669' title='bbox 224 4287 385 4364; x_wconf 84' lang='grc' dir='ltr'>ϐερόν</span> <span class='ocrx_word' id='word_1_670' title='bbox 425 4295 521 4341; x_wconf 89' lang='grc' dir='ltr'>τοῦ</span> <span class='ocrx_word' id='word_1_671' title='bbox 579 4288 902 4347; x_wconf 72' lang='grc' dir='ltr'>καταλλὴλου</span> <span class='ocrx_word' id='word_1_672' title='bbox 955 4288 1276 4363; x_wconf 83' lang='grc' dir='ltr'>χωρίζομεν,</span> <span class='ocrx_word' id='word_1_673' title='bbox 1332 4288 1467 4340; x_wconf 82' lang='grc' dir='ltr'>οὕτω</span> <span class='ocrx_word' id='word_1_674' title='bbox 1512 4290 1603 4339; x_wconf 80' lang='grc' dir='ltr'>καὶ</span> <span class='ocrx_word' id='word_1_675' title='bbox 1639 4286 1686 4340; x_wconf 77' lang='grc' dir='ltr'>ἕν</span> <span class='ocrx_word' id='word_1_676' title='bbox 1739 4294 1821 4340; x_wconf 89' lang='grc' dir='ltr'>τοῖ</span> 
     </span>
    </p>
   </div>
   <div class='ocr_carea' id='block_1_87' title="bbox 2007 4276 3608 4364">
    <p class='ocr_par' dir='ltr' id='par_1_87' title="bbox 2007 4276 3608 4349">
     <span class='ocr_line' id='line_1_87' title="bbox 2007 4276 3608 4349; baseline 0 -13"><span class='ocrx_word' id='word_1_677' title='bbox 2007 4301 2014 4336; x_wconf 78' lang='grc' dir='ltr'>ι</span> <span class='ocrx_word' id='word_1_678' title='bbox 2047 4280 2308 4338; x_wconf 88' lang='lat' dir='ltr'>oleribus</span> <span class='ocrx_word' id='word_1_679' title='bbox 2338 4279 2589 4335; x_wconf 85' lang='lat' dir='ltr'>noxium</span> <span class='ocrx_word' id='word_1_680' title='bbox 2620 4294 2656 4334; x_wconf 90' lang='lat' dir='ltr'>a</span> <span class='ocrx_word' id='word_1_681' title='bbox 2687 4276 2915 4333; x_wconf 86' lang='lat' dir='ltr'>salubri</span> <span class='ocrx_word' id='word_1_682' title='bbox 2945 4293 3322 4349; x_wconf 87' lang='lat' dir='ltr'>separamus,</span> <span class='ocrx_word' id='word_1_683' title='bbox 3351 4279 3434 4335; x_wconf 90' lang='lat' dir='ltr'>ita</span> <span class='ocrx_word' id='word_1_684' title='bbox 3463 4285 3518 4336; x_wconf 91' lang='lat' dir='ltr'>et</span> <span class='ocrx_word' id='word_1_685' title='bbox 3546 4280 3608 4337; x_wconf 90' lang='lat' dir='ltr'>in</span> 
     </span>
    </p>
   </div>
   <div class='ocr_carea' id='block_1_88' title="bbox 224 4368 1825 4453">
    <p class='ocr_par' dir='ltr' id='par_1_88' title="bbox 224 4372 1825 4453">
     <span class='ocr_line' id='line_1_88' title="bbox 224 4372 1825 4453; baseline -0.001 -23"><span class='ocrx_word' id='word_1_686' title='bbox 224 4382 426 4453; x_wconf 74' lang='grc' dir='ltr'>κρέασι</span> <span class='ocrx_word' id='word_1_687' title='bbox 457 4384 550 4429; x_wconf 73' lang='grc' dir='ltr'>τοῦ</span> <span class='ocrx_word' id='word_1_688' title='bbox 596 4381 874 4452; x_wconf 85' lang='grc' dir='ltr'>χρησίμου</span> <span class='ocrx_word' id='word_1_689' title='bbox 922 4380 980 4430; x_wconf 90' lang='grc' dir='ltr'>τό</span> <span class='ocrx_word' id='word_1_690' title='bbox 1026 4376 1279 4452; x_wconf 84' lang='grc' dir='ltr'>βλαϐερόν</span> <span class='ocrx_word' id='word_1_691' title='bbox 1328 4372 1677 4451; x_wconf 81' lang='grc' dir='ltr'>διακρίνομεν.</span> <span class='ocrx_word' id='word_1_692' title='bbox 1708 4375 1825 4429; x_wconf 86' lang='grc' dir='ltr'>Ἐπε</span> 
     </span>
    </p>
   </div>
   <div class='ocr_carea' id='block_1_89' title="bbox 2006 4368 3607 4453">
    <p class='ocr_par' dir='ltr' id='par_1_89' title="bbox 2006 4368 3607 4430">
     <span class='ocr_line' id='line_1_89' title="bbox 2006 4368 3607 4430; baseline -0.001 -1"><span class='ocrx_word' id='word_1_693' title='bbox 2006 4372 2234 4430; x_wconf 78' lang='lat' dir='ltr'>irnibus</span> <span class='ocrx_word' id='word_1_694' title='bbox 2264 4371 2342 4427; x_wconf 89' lang='lat' dir='ltr'>ab</span> <span class='ocrx_word' id='word_1_695' title='bbox 2395 4369 2523 4426; x_wconf 91' lang='lat' dir='ltr'>utili</span> <span class='ocrx_word' id='word_1_696' title='bbox 2567 4368 2813 4424; x_wconf 85' lang='lat' dir='ltr'>noxium</span> <span class='ocrx_word' id='word_1_697' title='bbox 2853 4368 3243 4423; x_wconf 85' lang='lat' dir='ltr'>secernimus.</span> <span class='ocrx_word' id='word_1_698' title='bbox 3273 4372 3420 4425; x_wconf 86' lang='lat' dir='ltr'>Nam</span> <span class='ocrx_word' id='word_1_699' title='bbox 3451 4375 3607 4428; x_wconf 87' lang='lat' dir='ltr'>certe</span> 
     </span>
    </p>
   </div>
   <div class='ocr_carea' id='block_1_90' title="bbox 220 4457 1821 4541">
    <p class='ocr_par' dir='ltr' id='par_1_90' title="bbox 220 4464 1821 4541">
     <span class='ocr_line' id='line_1_90' title="bbox 220 4464 1821 4541; baseline -0.004 -18"><span class='ocrx_word' id='word_1_700' title='bbox 220 4487 309 4523; x_wconf 80' lang='grc' dir='ltr'>τοι</span> <span class='ocrx_word' id='word_1_701' title='bbox 336 4467 577 4539; x_wconf 86' lang='grc' dir='ltr'>λάχανόν</span> <span class='ocrx_word' id='word_1_702' title='bbox 607 4465 722 4520; x_wconf 75' lang='grc' dir='ltr'>ἔστι</span> <span class='ocrx_word' id='word_1_703' title='bbox 752 4471 840 4519; x_wconf 85' lang='grc' dir='ltr'>καὶ</span> <span class='ocrx_word' id='word_1_704' title='bbox 868 4469 927 4519; x_wconf 89' lang='grc' dir='ltr'>τὸ</span> <span class='ocrx_word' id='word_1_705' title='bbox 966 4472 1191 4532; x_wconf 83' lang='grc' dir='ltr'>κώνειον,</span> <span class='ocrx_word' id='word_1_706' title='bbox 1224 4468 1397 4541; x_wconf 83' lang='grc' dir='ltr'>ὥσπερ</span> <span class='ocrx_word' id='word_1_707' title='bbox 1436 4467 1585 4541; x_wconf 75' lang='grc' dir='ltr'>κρέας</span> <span class='ocrx_word' id='word_1_708' title='bbox 1615 4464 1730 4517; x_wconf 77' lang='grc' dir='ltr'>ἐστὶ</span> <span class='ocrx_word' id='word_1_709' title='bbox 1755 4485 1821 4516; x_wconf 88' lang='grc' dir='ltr'>κα</span> 
     </span>
    </p>
   </div>
   <div class='ocr_carea' id='block_1_91' title="bbox 2004 4457 3605 4541">
    <p class='ocr_par' dir='ltr' id='par_1_91' title="bbox 2004 4457 3605 4529">
     <span class='ocr_line' id='line_1_91' title="bbox 2004 4457 3605 4529; baseline -0.001 -10"><span class='ocrx_word' id='word_1_710' title='bbox 2004 4462 2231 4519; x_wconf 85' lang='lat' dir='ltr'>;cicuta</span> <span class='ocrx_word' id='word_1_711' title='bbox 2261 4460 2535 4529; x_wconf 79' lang='lat' dir='ltr'>olusest,</span> <span class='ocrx_word' id='word_1_712' title='bbox 2578 4457 2731 4513; x_wconf 90' lang='lat' dir='ltr'>sicut</span> <span class='ocrx_word' id='word_1_713' title='bbox 2773 4457 2952 4512; x_wconf 88' lang='lat' dir='ltr'>etiam</span> <span class='ocrx_word' id='word_1_714' title='bbox 2993 4472 3133 4511; x_wconf 90' lang='lat' dir='ltr'>caro</span> <span class='ocrx_word' id='word_1_715' title='bbox 3171 4461 3259 4511; x_wconf 87' lang='lat' dir='ltr'>est</span> <span class='ocrx_word' id='word_1_716' title='bbox 3303 4457 3605 4517; x_wconf 81' lang='lat' dir='ltr'>vulturina</span> 
     </span>
    </p>
   </div>
   <div class='ocr_carea' id='block_1_92' title="bbox 223 4545 1824 4629">
    <p class='ocr_par' dir='ltr' id='par_1_92' title="bbox 223 4554 1816 4629">
     <span class='ocr_line' id='line_1_92' title="bbox 223 4554 1816 4629; baseline -0.003 -20"><span class='ocrx_word' id='word_1_717' title='bbox 223 4559 285 4609; x_wconf 84' lang='grc' dir='ltr'>τό</span> <span class='ocrx_word' id='word_1_718' title='bbox 317 4558 542 4629; x_wconf 82' lang='grc' dir='ltr'>γύπειον</span> <span class='ocrx_word' id='word_1_719' title='bbox 566 4576 580 4589; x_wconf 88' lang='grc'><strong>·</strong></span> <span class='ocrx_word' id='word_1_720' title='bbox 630 4554 737 4607; x_wconf 74' lang='grc' dir='ltr'>ἀλλ’</span> <span class='ocrx_word' id='word_1_721' title='bbox 777 4556 917 4628; x_wconf 86' lang='grc' dir='ltr'>ὅμως</span> <span class='ocrx_word' id='word_1_722' title='bbox 963 4558 1079 4609; x_wconf 87' lang='grc' dir='ltr'>οῦτε</span> <span class='ocrx_word' id='word_1_723' title='bbox 1125 4556 1425 4627; x_wconf 80' lang='grc' dir='ltr'>ὑοσκύαμον</span> <span class='ocrx_word' id='word_1_724' title='bbox 1465 4556 1622 4626; x_wconf 76' lang='grc' dir='ltr'>φάγοι</span> <span class='ocrx_word' id='word_1_725' title='bbox 1659 4555 1720 4605; x_wconf 81' lang='grc' dir='ltr'>ἄν</span> <span class='ocrx_word' id='word_1_726' title='bbox 1764 4573 1816 4607; x_wconf 89' lang='grc' dir='ltr'>τι</span> 
     </span>
    </p>
   </div>
   <div class='ocr_carea' id='block_1_93' title="bbox 2002 4545 3603 4629">
    <p class='ocr_par' dir='ltr' id='par_1_93' title="bbox 2002 4545 3603 4618">
     <span class='ocr_line' id='line_1_93' title="bbox 2002 4545 3603 4618; baseline -0.004 -11"><span class='ocrx_word' id='word_1_727' title='bbox 2002 4567 2093 4608; x_wconf 70' lang='lat' dir='ltr'>iro</span> <span class='ocrx_word' id='word_1_728' title='bbox 2125 4566 2138 4606; x_wconf 92' lang='lat'><strong>:</strong></span> <span class='ocrx_word' id='word_1_729' title='bbox 2168 4548 2277 4604; x_wconf 89' lang='lat' dir='ltr'>sed</span> <span class='ocrx_word' id='word_1_730' title='bbox 2324 4553 2527 4603; x_wconf 89' lang='lat' dir='ltr'>tamen</span> <span class='ocrx_word' id='word_1_731' title='bbox 2560 4561 2672 4601; x_wconf 84' lang='lat' dir='ltr'>nec</span> <span class='ocrx_word' id='word_1_732' title='bbox 2716 4545 3163 4617; x_wconf 88' lang='lat' dir='ltr'>hyoscyamum</span> <span class='ocrx_word' id='word_1_733' title='bbox 3209 4560 3394 4600; x_wconf 91' lang='lat' dir='ltr'>sanus</span> <span class='ocrx_word' id='word_1_734' title='bbox 3435 4547 3603 4618; x_wconf 89' lang='lat' dir='ltr'>quis-</span> 
     </span>
    </p>
   </div>
   <div class='ocr_carea' id='block_1_94' title="bbox 219 4632 1820 4719">
    <p class='ocr_par' dir='ltr' id='par_1_94' title="bbox 219 4640 1810 4717">
     <span class='ocr_line' id='line_1_94' title="bbox 219 4640 1810 4717; baseline -0.002 -20"><span class='ocrx_word' id='word_1_735' title='bbox 219 4653 353 4698; x_wconf 74' lang='grc' dir='ltr'>νοῦν</span> <span class='ocrx_word' id='word_1_736' title='bbox 398 4646 559 4717; x_wconf 77' lang='grc' dir='ltr'>ἔχων,</span> <span class='ocrx_word' id='word_1_737' title='bbox 599 4647 716 4697; x_wconf 87' lang='grc' dir='ltr'>οῦτε</span> <span class='ocrx_word' id='word_1_738' title='bbox 766 4646 919 4705; x_wconf 88' lang='grc' dir='ltr'>κυνός</span> <span class='ocrx_word' id='word_1_739' title='bbox 964 4642 1158 4715; x_wconf 71' lang='grc' dir='ltr'>ἅψαιτο</span> <span class='ocrx_word' id='word_1_740' title='bbox 1206 4646 1277 4716; x_wconf 86' lang='grc' dir='ltr'>μὴ</span> <span class='ocrx_word' id='word_1_741' title='bbox 1332 4641 1557 4716; x_wconf 81' lang='grc' dir='ltr'>μεγάλης</span> <span class='ocrx_word' id='word_1_742' title='bbox 1614 4640 1810 4715; x_wconf 76' lang='grc' dir='ltr'>ἀνάγκη</span> 
     </span>
    </p>
   </div>
   <div class='ocr_carea' id='block_1_95' title="bbox 2001 4632 3602 4719">
    <p class='ocr_par' dir='ltr' id='par_1_95' title="bbox 2001 4632 3602 4703">
     <span class='ocr_line' id='line_1_95' title="bbox 2001 4632 3602 4703; baseline -0.002 -7"><span class='ocrx_word' id='word_1_743' title='bbox 2001 4655 2136 4696; x_wconf 84' lang='lat' dir='ltr'>nam</span> <span class='ocrx_word' id='word_1_744' title='bbox 2156 4636 2567 4701; x_wconf 91' lang='lat' dir='ltr'>comedet,nec</span> <span class='ocrx_word' id='word_1_745' title='bbox 2588 4649 2737 4690; x_wconf 89' lang='lat' dir='ltr'>cane</span> <span class='ocrx_word' id='word_1_746' title='bbox 2748 4632 3422 4703; x_wconf 84' lang='lat' dir='ltr'>vescetur,nisiurgente</span> <span class='ocrx_word' id='word_1_747' title='bbox 3441 4652 3602 4693; x_wconf 88' lang='lat' dir='ltr'>sum-</span> 
     </span>
    </p>
   </div>
   <div class='ocr_carea' id='block_1_96' title="bbox 221 4721 1822 4805">
    <p class='ocr_par' dir='ltr' id='par_1_96' title="bbox 221 4732 1543 4805">
     <span class='ocr_line' id='line_1_96' title="bbox 221 4732 1543 4805; baseline -0.002 -20"><span class='ocrx_word' id='word_1_748' title='bbox 221 4735 653 4805; x_wconf 82' lang='grc' dir='ltr'>κατεπειγούσης</span> <span class='ocrx_word' id='word_1_749' title='bbox 674 4754 688 4767; x_wconf 72' lang='grc' dir='ltr'><strong>υ</strong></span> <span class='ocrx_word' id='word_1_750' title='bbox 722 4735 791 4796; x_wconf 83' lang='grc' dir='ltr'>ὡς</span> <span class='ocrx_word' id='word_1_751' title='bbox 820 4734 847 4785; x_wconf 87' lang='grc' dir='ltr'><strong><em>ὃ</em></strong></span> <span class='ocrx_word' id='word_1_752' title='bbox 866 4732 919 4786; x_wconf 88' lang='grc' dir='ltr'>λε</span> <span class='ocrx_word' id='word_1_753' title='bbox 949 4737 1125 4805; x_wconf 66' lang='grc' dir='ltr'>φαγὼν</span> <span class='ocrx_word' id='word_1_754' title='bbox 1146 4732 1239 4785; x_wconf 81' lang='grc' dir='ltr'>οὐκ</span> <span class='ocrx_word' id='word_1_755' title='bbox 1264 4732 1543 4804; x_wconf 82' lang='grc' dir='ltr'>ἠνόμησεν.</span> 
     </span>
    </p>
   </div>
   <div class='ocr_carea' id='block_1_97' title="bbox 1998 4721 3599 4805">
    <p class='ocr_par' dir='ltr' id='par_1_97' title="bbox 1998 4721 3599 4796">
     <span class='ocr_line' id='line_1_97' title="bbox 1998 4721 3599 4796; baseline -0.002 -11"><span class='ocrx_word' id='word_1_756' title='bbox 1998 4745 2052 4785; x_wconf 79' lang='lat' dir='ltr'>Ia</span> <span class='ocrx_word' id='word_1_757' title='bbox 2092 4725 2449 4783; x_wconf 85' lang='lat' dir='ltr'>necessitate</span> <span class='ocrx_word' id='word_1_758' title='bbox 2476 4740 2489 4779; x_wconf 90' lang='lat'>:</span> <span class='ocrx_word' id='word_1_759' title='bbox 2522 4723 2626 4795; x_wconf 89' lang='lat' dir='ltr'>qui</span> <span class='ocrx_word' id='word_1_760' title='bbox 2656 4728 2857 4778; x_wconf 90' lang='lat' dir='ltr'>tamen</span> <span class='ocrx_word' id='word_1_761' title='bbox 2888 4721 3167 4792; x_wconf 89' lang='lat' dir='ltr'>comedit,</span> <span class='ocrx_word' id='word_1_762' title='bbox 3201 4737 3323 4778; x_wconf 90' lang='lat' dir='ltr'>non</span> <span class='ocrx_word' id='word_1_763' title='bbox 3368 4729 3599 4796; x_wconf 86' lang='lat' dir='ltr'>peccat.</span> 
     </span>
    </p>
   </div>
   <div class='ocr_carea' id='block_1_98' title="bbox 296 4811 1897 4897">
    <p class='ocr_par' dir='ltr' id='par_1_98' title="bbox 296 4816 1839 4897">
     <span class='ocr_line' id='line_1_98' title="bbox 296 4816 1839 4897; baseline -0.004 -18"><span class='ocrx_word' id='word_1_764' title='bbox 296 4828 360 4879; x_wconf 81' lang='lat'>5.</span> <span class='ocrx_word' id='word_1_765' title='bbox 409 4825 547 4897; x_wconf 84' lang='grc' dir='ltr'>Πρός</span> <span class='ocrx_word' id='word_1_766' title='bbox 578 4818 638 4875; x_wconf 70' lang='grc' dir='ltr'>δι</span> <span class='ocrx_word' id='word_1_767' title='bbox 680 4825 804 4884; x_wconf 84' lang='grc' dir='ltr'>τούς</span> <span class='ocrx_word' id='word_1_768' title='bbox 843 4820 1086 4895; x_wconf 75' lang='grc' dir='ltr'>λέγοντας</span> <span class='ocrx_word' id='word_1_769' title='bbox 1122 4821 1239 4873; x_wconf 88' lang='grc' dir='ltr'>καθ’</span> <span class='ocrx_word' id='word_1_770' title='bbox 1271 4822 1581 4894; x_wconf 79' lang='grc' dir='ltr'>εἱμαρμένην</span> <span class='ocrx_word' id='word_1_771' title='bbox 1620 4816 1839 4873; x_wconf 79' lang='grc' dir='ltr'>διοικεῖ-</span> 
     </span>
    </p>
   </div>
   <div class='ocr_carea' id='block_1_99' title="bbox 1999 4811 3600 4897">
    <p class='ocr_par' dir='ltr' id='par_1_99' title="bbox 2017 4811 3600 4887">
     <span class='ocr_line' id='line_1_99' title="bbox 2017 4811 3600 4887; baseline -0.001 -14"><span class='ocrx_word' id='word_1_772' title='bbox 2017 4822 2071 4873; x_wconf 84' lang='grc'><strong>5.</strong></span> <span class='ocrx_word' id='word_1_773' title='bbox 2108 4819 2240 4873; x_wconf 84' lang='lat' dir='ltr'>Jam</span> <span class='ocrx_word' id='word_1_774' title='bbox 2265 4813 2432 4887; x_wconf 92' lang='lat' dir='ltr'>quod</span> <span class='ocrx_word' id='word_1_775' title='bbox 2462 4812 2672 4868; x_wconf 88' lang='lat' dir='ltr'>attinet</span> <span class='ocrx_word' id='word_1_776' title='bbox 2697 4811 2777 4868; x_wconf 87' lang='lat' dir='ltr'>ad</span> <span class='ocrx_word' id='word_1_777' title='bbox 2806 4827 2909 4867; x_wconf 90' lang='lat' dir='ltr'>eos</span> <span class='ocrx_word' id='word_1_778' title='bbox 2947 4811 3048 4883; x_wconf 90' lang='lat' dir='ltr'>qui</span> <span class='ocrx_word' id='word_1_779' title='bbox 3092 4812 3303 4868; x_wconf 86' lang='lat' dir='ltr'>dicunt</span> <span class='ocrx_word' id='word_1_780' title='bbox 3348 4813 3470 4869; x_wconf 86' lang='lat' dir='ltr'>fato</span> <span class='ocrx_word' id='word_1_781' title='bbox 3497 4829 3600 4884; x_wconf 90' lang='lat' dir='ltr'>gu-</span> 
     </span>
    </p>
   </div>
   <div class='ocr_carea' id='block_1_100' title="bbox 220 4899 1821 4987">
    <p class='ocr_par' dir='ltr' id='par_1_100' title="bbox 220 4907 1816 4987">
     <span class='ocr_line' id='line_1_100' title="bbox 220 4907 1816 4987; baseline -0.002 -23"><span class='ocrx_word' id='word_1_782' title='bbox 220 4913 364 4966; x_wconf 84' lang='grc' dir='ltr'>σθαι</span> <span class='ocrx_word' id='word_1_783' title='bbox 436 4912 504 4964; x_wconf 78' lang='grc' dir='ltr'>τὰ</span> <span class='ocrx_word' id='word_1_784' title='bbox 556 4910 876 4987; x_wconf 80' lang='grc' dir='ltr'>ἀνθρώπινα,</span> <span class='ocrx_word' id='word_1_785' title='bbox 937 4915 1010 4984; x_wconf 80' lang='grc' dir='ltr'>μὴ</span> <span class='ocrx_word' id='word_1_786' title='bbox 1068 4909 1190 4983; x_wconf 87' lang='grc' dir='ltr'>παρ’</span> <span class='ocrx_word' id='word_1_787' title='bbox 1231 4910 1376 4984; x_wconf 72' lang='grc' dir='ltr'>ἡμῶν</span> <span class='ocrx_word' id='word_1_788' title='bbox 1439 4908 1584 4970; x_wconf 77' lang='grc' dir='ltr'>ζήτει</span> <span class='ocrx_word' id='word_1_789' title='bbox 1628 4907 1816 4980; x_wconf 83' lang='grc' dir='ltr'>λόγους</span> 
     </span>
    </p>
   </div>
   <div class='ocr_carea' id='block_1_101' title="bbox 1996 4899 3597 4987">
    <p class='ocr_par' dir='ltr' id='par_1_101' title="bbox 1996 4899 3597 4977">
     <span class='ocr_line' id='line_1_101' title="bbox 1996 4899 3597 4977; baseline -0.002 -15"><span class='ocrx_word' id='word_1_790' title='bbox 1996 4904 2187 4962; x_wconf 88' lang='lat' dir='ltr'>ernari</span> <span class='ocrx_word' id='word_1_791' title='bbox 2215 4918 2311 4960; x_wconf 87' lang='lat' dir='ltr'>res</span> <span class='ocrx_word' id='word_1_792' title='bbox 2336 4902 2659 4971; x_wconf 82' lang='lat' dir='ltr'>humanas,</span> <span class='ocrx_word' id='word_1_793' title='bbox 2692 4915 2770 4957; x_wconf 91' lang='lat' dir='ltr'>ne</span> <span class='ocrx_word' id='word_1_794' title='bbox 2816 4915 2915 4956; x_wconf 91' lang='lat' dir='ltr'>me</span> <span class='ocrx_word' id='word_1_795' title='bbox 2950 4899 3302 4972; x_wconf 79' lang='lat' dir='ltr'>interroges,</span> <span class='ocrx_word' id='word_1_796' title='bbox 3334 4904 3440 4958; x_wconf 92' lang='lat' dir='ltr'>sed</span> <span class='ocrx_word' id='word_1_797' title='bbox 3464 4919 3597 4977; x_wconf 91' lang='lat' dir='ltr'>pro-</span> 
     </span>
    </p>
   </div>
   <div class='ocr_carea' id='block_1_102' title="bbox 286 5104 1887 5184">
    <p class='ocr_par' dir='ltr' id='par_1_102' title="bbox 286 5108 1887 5184">
     <span class='ocr_line' id='line_1_102' title="bbox 286 5108 1887 5184; baseline -0.003 -13"><span class='ocrx_word' id='word_1_798' title='bbox 286 5116 340 5151; x_wconf 75' lang='lat'><strong>&quot;</strong></span> <span class='ocrx_word' id='word_1_799' title='bbox 378 5112 556 5171; x_wconf 81' lang='lat' dir='ltr'>Hebr.</span> <span class='ocrx_word' id='word_1_800' title='bbox 586 5128 646 5181; x_wconf 76' lang='grc' dir='ltr'>ι,</span> <span class='ocrx_word' id='word_1_801' title='bbox 682 5116 732 5169; x_wconf 78' lang='grc' dir='ltr'>ί.</span> <span class='ocrx_word' id='word_1_802' title='bbox 805 5112 1014 5169; x_wconf 77' lang='lat' dir='ltr'>“Gen.</span> <span class='ocrx_word' id='word_1_803' title='bbox 1046 5126 1192 5184; x_wconf 69' lang='grc' dir='ltr'>χιιι,</span> <span class='ocrx_word' id='word_1_804' title='bbox 1232 5116 1317 5168; x_wconf 81' lang='lat' dir='ltr'>to.</span> <span class='ocrx_word' id='word_1_805' title='bbox 1390 5111 1441 5147; x_wconf 77' lang='grc'>⁷³</span> <span class='ocrx_word' id='word_1_806' title='bbox 1467 5108 1613 5168; x_wconf 89' lang='lat' dir='ltr'>ibid.</span> <span class='ocrx_word' id='word_1_807' title='bbox 1654 5111 1887 5166; x_wconf 62' lang='grc' dir='ltr'>πίθου]</span> 
     </span>
    </p>
   </div>
   <div class='ocr_carea' id='block_1_103' title="bbox 1991 5104 3592 5184">
    <p class='ocr_par' dir='ltr' id='par_1_103' title="bbox 1991 5104 3592 5177">
     <span class='ocr_line' id='line_1_103' title="bbox 1991 5104 3592 5177; baseline -0.002 -13"><span class='ocrx_word' id='word_1_808' title='bbox 1991 5112 2059 5168; x_wconf 90' lang='lat'>.0.</span> <span class='ocrx_word' id='word_1_809' title='bbox 2096 5108 2147 5143; x_wconf 80' lang='grc'><strong>⁷⁵</strong></span> <span class='ocrx_word' id='word_1_810' title='bbox 2169 5108 2282 5163; x_wconf 86' lang='lat' dir='ltr'>Isa.</span> <span class='ocrx_word' id='word_1_811' title='bbox 2306 5120 2442 5169; x_wconf 80' lang='lat' dir='ltr'>xui,</span> <span class='ocrx_word' id='word_1_812' title='bbox 2472 5108 2523 5161; x_wconf 84' lang='lat'>6.</span> <span class='ocrx_word' id='word_1_813' title='bbox 2564 5104 2679 5160; x_wconf 78' lang='lat' dir='ltr'>&quot;ll</span> <span class='ocrx_word' id='word_1_814' title='bbox 2705 5106 2846 5176; x_wconf 84' lang='lat' dir='ltr'>Reg.</span> <span class='ocrx_word' id='word_1_815' title='bbox 2868 5119 2965 5160; x_wconf 88' lang='lat' dir='ltr'>vu.</span> <span class='ocrx_word' id='word_1_816' title='bbox 2991 5107 3073 5162; x_wconf 82' lang='lat' dir='ltr'>i3.</span> <span class='ocrx_word' id='word_1_817' title='bbox 3105 5105 3152 5141; x_wconf 76' lang='grc'><strong>⁷⁷</strong></span> <span class='ocrx_word' id='word_1_818' title='bbox 3182 5106 3323 5162; x_wconf 86' lang='lat' dir='ltr'>Gen.</span> <span class='ocrx_word' id='word_1_819' title='bbox 3346 5121 3483 5177; x_wconf 72' lang='grc' dir='ltr'>χιιι,</span> <span class='ocrx_word' id='word_1_820' title='bbox 3508 5108 3592 5161; x_wconf 80' lang='lat' dir='ltr'>t8.</span> 
     </span>
    </p>
   </div>
   <div class='ocr_carea' id='block_1_104' title="bbox 293 5253 3595 5338">
    <p class='ocr_par' dir='ltr' id='par_1_104' title="bbox 293 5253 3595 5338">
     <span class='ocr_line' id='line_1_104' title="bbox 293 5253 3595 5338; baseline -0.003 -18"><span class='ocrx_word' id='word_1_821' title='bbox 293 5264 421 5336; x_wconf 85' lang='lat'>(67)</span> <span class='ocrx_word' id='word_1_822' title='bbox 443 5264 593 5338; x_wconf 24' lang='grc' dir='ltr'>*Καθ’</span> <span class='ocrx_word' id='word_1_823' title='bbox 617 5263 817 5338; x_wconf 55' lang='grc' dir='ltr'>ἔτερον.</span> <span class='ocrx_word' id='word_1_824' title='bbox 862 5263 1130 5338; x_wconf 77' lang='lat' dir='ltr'>ItaRegii</span> <span class='ocrx_word' id='word_1_825' title='bbox 1156 5262 1279 5319; x_wconf 93' lang='lat' dir='ltr'>duo</span> <span class='ocrx_word' id='word_1_826' title='bbox 1300 5262 1628 5338; x_wconf 23' lang='lat' dir='ltr'>cod‘iceset</span> <span class='ocrx_word' id='word_1_827' title='bbox 1657 5260 1832 5338; x_wconf 80' lang='lat' dir='ltr'>Cois].</span> <span class='ocrx_word' id='word_1_828' title='bbox 1944 5258 2068 5338; x_wconf 85' lang='lat' dir='ltr'>ullo</span> <span class='ocrx_word' id='word_1_829' title='bbox 2096 5258 2303 5338; x_wconf 83' lang='lat' dir='ltr'>nititur</span> <span class='ocrx_word' id='word_1_830' title='bbox 2329 5256 2533 5313; x_wconf 89' lang='lat' dir='ltr'>codice</span> <span class='ocrx_word' id='word_1_831' title='bbox 2565 5272 2679 5338; x_wconf 85' lang='lat' dir='ltr'>ms.</span> <span class='ocrx_word' id='word_1_832' title='bbox 2715 5256 2907 5338; x_wconf 49' lang='lat' dir='ltr'>Suprna</span> <span class='ocrx_word' id='word_1_833' title='bbox 2938 5253 3113 5312; x_wconf 88' lang='lat' dir='ltr'>docet</span> <span class='ocrx_word' id='word_1_834' title='bbox 3157 5254 3407 5311; x_wconf 88' lang='lat' dir='ltr'>Basilius</span> <span class='ocrx_word' id='word_1_835' title='bbox 3439 5254 3595 5310; x_wconf 87' lang='lat' dir='ltr'>Chri-</span> 
     </span>
    </p>
   </div>
   <div class='ocr_carea' id='block_1_105' title="bbox 215 5326 3046 5407">
    <p class='ocr_par' dir='ltr' id='par_1_105' title="bbox 215 5326 3046 5407">
     <span class='ocr_line' id='line_1_105' title="bbox 215 5326 3046 5407; baseline -0.004 -15"><span class='ocrx_word' id='word_1_836' title='bbox 215 5326 561 5407; x_wconf 73' lang='lat' dir='ltr'>secundus,</span> <span class='ocrx_word' id='word_1_837' title='bbox 580 5326 1832 5407; x_wconf 58' lang='lat' dir='ltr'>sicq&#39;uelegitintErpresEditian&#39;ixgirapov.</span> <span class='ocrx_word' id='word_1_838' title='bbox 1949 5336 2109 5407; x_wconf 88' lang='lat' dir='ltr'>stum</span> <span class='ocrx_word' id='word_1_839' title='bbox 2139 5335 2196 5407; x_wconf 83' lang='lat' dir='ltr'>et</span> <span class='ocrx_word' id='word_1_840' title='bbox 2218 5345 2420 5407; x_wconf 77' lang='lat' dir='ltr'>regem</span> <span class='ocrx_word' id='word_1_841' title='bbox 2444 5344 2575 5407; x_wconf 82' lang='lat' dir='ltr'>esse</span> <span class='ocrx_word' id='word_1_842' title='bbox 2600 5333 2658 5384; x_wconf 88' lang='lat' dir='ltr'>et</span> <span class='ocrx_word' id='word_1_843' title='bbox 2679 5326 3046 5407; x_wconf 59' lang='lat' dir='ltr'>pontificem.</span> 
     </span>
    </p>
   </div>
   <div class='ocr_carea' id='block_1_106' title="bbox 296 5397 1897 5484">
    <p class='ocr_par' dir='ltr' id='par_1_106' title="bbox 296 5397 1841 5481">
     <span class='ocr_line' id='line_1_106' title="bbox 296 5397 1841 5481; baseline -0.001 -20"><span class='ocrx_word' id='word_1_844' title='bbox 296 5408 425 5477; x_wconf 77' lang='lat'>(68)</span> <span class='ocrx_word' id='word_1_845' title='bbox 444 5397 713 5481; x_wconf 59' lang='grc' dir='ltr'>Τιϐερίουῖ</span> <span class='ocrx_word' id='word_1_846' title='bbox 736 5397 895 5461; x_wconf 72' lang='grc' dir='ltr'>Εάἰιῖ</span> <span class='ocrx_word' id='word_1_847' title='bbox 909 5397 1143 5462; x_wconf 78' lang='lat' dir='ltr'>addunt</span> <span class='ocrx_word' id='word_1_848' title='bbox 1173 5411 1457 5479; x_wconf 83' lang='grc' dir='ltr'>Καίσαρος,</span> <span class='ocrx_word' id='word_1_849' title='bbox 1484 5404 1651 5478; x_wconf 91' lang='lat' dir='ltr'>quod</span> <span class='ocrx_word' id='word_1_850' title='bbox 1673 5397 1841 5460; x_wconf 78' lang='lat' dir='ltr'>déest</span> 
     </span>
    </p>
   </div>
   <div class='ocr_carea' id='block_1_107' title="bbox 1996 5397 3597 5484">
    <p class='ocr_par' dir='ltr' id='par_1_107' title="bbox 2021 5397 3597 5484">
     <span class='ocr_line' id='line_1_107' title="bbox 2021 5397 3597 5484; baseline -0.001 -31"><span class='ocrx_word' id='word_1_851' title='bbox 2021 5404 2132 5471; x_wconf 84' lang='lat'>(‘70)</span> <span class='ocrx_word' id='word_1_852' title='bbox 2177 5397 2822 5484; x_wconf 44' lang='lat' dir='ltr'>‘Evac‘for/neriaovra‘ircfi.</span> <span class='ocrx_word' id='word_1_853' title='bbox 2846 5400 2930 5484; x_wconf 76' lang='lat' dir='ltr'>Ita</span> <span class='ocrx_word' id='word_1_854' title='bbox 2948 5397 3155 5483; x_wconf 74' lang='lat' dir='ltr'>decem</span> <span class='ocrx_word' id='word_1_855' title='bbox 3187 5398 3597 5484; x_wconf 43' lang='lat' dir='ltr'>ms‘szexeepto</span> 
     </span>
    </p>
   </div>
   <div class='ocr_carea' id='block_1_108' title="bbox 216 5455 1817 5556">
    <p class='ocr_par' dir='ltr' id='par_1_108' title="bbox 216 5455 1811 5556">
     <span class='ocr_line' id='line_1_108' title="bbox 218 5455 1811 5491; baseline -0.001 -11"><span class='ocrx_word' id='word_1_856' title='bbox 218 5479 233 5491; x_wconf 67' lang='grc'><strong><em>.</em></strong></span> <span class='ocrx_word' id='word_1_857' title='bbox 299 5455 424 5477; x_wconf 67' lang='grc' dir='ltr'><em>““”Ι</em></span> <span class='ocrx_word' id='word_1_858' title='bbox 454 5455 680 5481; x_wconf 64' lang='grc' dir='ltr'>”“’”Γ”⁷</span> <span class='ocrx_word' id='word_1_859' title='bbox 703 5455 712 5459; x_wconf 87' lang='grc'><em>’</em></span> <span class='ocrx_word' id='word_1_860' title='bbox 736 5455 889 5461; x_wconf 73' lang='grc'>““”“”’““</span> <span class='ocrx_word' id='word_1_861' title='bbox 909 5455 1143 5462; x_wconf 75' lang='grc'>-““’“”-’</span> <span class='ocrx_word' id='word_1_862' title='bbox 1174 5455 1457 5479; x_wconf 68' lang='lat' dir='ltr'>&quot;&quot;&quot;&quot;r&quot;’</span> <span class='ocrx_word' id='word_1_863' title='bbox 1489 5455 1651 5478; x_wconf 55' lang='lat'>‘1&quot;—</span> <span class='ocrx_word' id='word_1_864' title='bbox 1679 5455 1811 5460; x_wconf 51' lang='grc'>’⁷⁷⁷⁷</span> 
     </span>
     <span class='ocr_line' id='line_1_109' title="bbox 216 5493 1773 5556; baseline -0.004 -20"><span class='ocrx_word' id='word_1_865' title='bbox 216 5495 285 5536; x_wconf 80' lang='lat' dir='ltr'>1n</span> <span class='ocrx_word' id='word_1_866' title='bbox 317 5493 749 5556; x_wconf 16' lang='lat' dir='ltr'>_IE§S.VDAO_VCII_1.</span> <span class='ocrx_word' id='word_1_867' title='bbox 808 5550 844 5556; x_wconf 73' lang='lat'><strong><em>_</em></strong></span> <span class='ocrx_word' id='word_1_868' title='bbox 958 5548 971 5556; x_wconf 44' lang='grc' dir='ltr'>ι</span> <span class='ocrx_word' id='word_1_869' title='bbox 1304 5547 1320 5556; x_wconf 52' lang='grc'><strong>·</strong></span> <span class='ocrx_word' id='word_1_870' title='bbox 1500 5546 1516 5556; x_wconf 50' lang='lat'><strong>-</strong></span> <span class='ocrx_word' id='word_1_871' title='bbox 1763 5549 1773 5556; x_wconf 40' lang='grc' dir='ltr'>ι</span> 
     </span>
    </p>
   </div>
   <div class='ocr_carea' id='block_1_109' title="bbox 1996 5455 3597 5556">
    <p class='ocr_par' dir='ltr' id='par_1_109' title="bbox 1996 5455 3597 5556">
     <span class='ocr_line' id='line_1_110' title="bbox 1996 5455 3597 5556; baseline -0.001 -28"><span class='ocrx_word' id='word_1_872' title='bbox 1996 5455 2154 5556; x_wconf 63' lang='lat' dir='ltr'>tmen</span> <span class='ocrx_word' id='word_1_873' title='bbox 2181 5455 2440 5556; x_wconf 56' lang='lat' dir='ltr'>quodin</span> <span class='ocrx_word' id='word_1_874' title='bbox 2465 5455 2748 5529; x_wconf 83' lang='lat' dir='ltr'>nonnulis</span> <span class='ocrx_word' id='word_1_875' title='bbox 2771 5455 2986 5541; x_wconf 71' lang='lat' dir='ltr'>legitur</span> <span class='ocrx_word' id='word_1_876' title='bbox 3016 5467 3064 5520; x_wconf 83' lang='grc' dir='ltr'>ἐν</span> <span class='ocrx_word' id='word_1_877' title='bbox 3090 5475 3184 5538; x_wconf 86' lang='grc' dir='ltr'>τῷ.</span> <span class='ocrx_word' id='word_1_878' title='bbox 3208 5467 3359 5524; x_wconf 87' lang='lat' dir='ltr'>Editi</span> <span class='ocrx_word' id='word_1_879' title='bbox 3389 5455 3597 5541; x_wconf 66' lang='grc' dir='ltr'>εὐλογη-</span> 
     </span>
    </p>
   </div>
   <div class='ocr_carea' id='block_1_110' title="bbox 305 5546 1906 5624">
    <p class='ocr_par' dir='ltr' id='par_1_110' title="bbox 305 5546 1842 5624">
     <span class='ocr_line' id='line_1_111' title="bbox 305 5546 1842 5624; baseline -0.001 -20"><span class='ocrx_word' id='word_1_880' title='bbox 305 5552 430 5624; x_wconf 83' lang='lat'>(69)</span> <span class='ocrx_word' id='word_1_881' title='bbox 462 5554 566 5624; x_wconf 74' lang='lat' dir='ltr'>K_ui_</span> <span class='ocrx_word' id='word_1_882' title='bbox 594 5551 777 5624; x_wconf 63' lang='grc' dir='ltr'>ἱερεύς.</span> <span class='ocrx_word' id='word_1_883' title='bbox 808 5550 918 5624; x_wconf 72' lang='lat' dir='ltr'>Pro</span> <span class='ocrx_word' id='word_1_884' title='bbox 954 5548 1074 5624; x_wconf 69' lang='lat' dir='ltr'>hac</span> <span class='ocrx_word' id='word_1_885' title='bbox 1109 5546 1653 5624; x_wconf 82' lang='lat' dir='ltr'>_voce__legendu_m__</span> <span class='ocrx_word' id='word_1_886' title='bbox 1673 5548 1842 5620; x_wconf 85' lang='lat' dir='ltr'>putat</span> 
     </span>
    </p>
   </div>
   <div class='ocr_carea' id='block_1_111' title="bbox 801 5546 2402 5624">
    <p class='ocr_par' dir='ltr' id='par_1_111' title="bbox 808 5546 2402 5624">
     <span class='ocr_line' id='line_1_112' title="bbox 808 5546 2402 5624; baseline -0.003 -20"><span class='ocrx_word' id='word_1_887' title='bbox 808 5550 918 5624; x_wconf 69' lang='lat' dir='ltr'>Pro</span> <span class='ocrx_word' id='word_1_888' title='bbox 954 5548 1074 5624; x_wconf 69' lang='lat' dir='ltr'>hac</span> <span class='ocrx_word' id='word_1_889' title='bbox 1109 5546 1842 5624; x_wconf 75' lang='lat' dir='ltr'>_voce__legendum__putat</span> <span class='ocrx_word' id='word_1_890' title='bbox 1954 5546 2203 5604; x_wconf 69' lang='grc' dir='ltr'>θήσονται</span> <span class='ocrx_word' id='word_1_891' title='bbox 2231 5546 2279 5598; x_wconf 78' lang='grc' dir='ltr'>έν</span> <span class='ocrx_word' id='word_1_892' title='bbox 2308 5552 2402 5616; x_wconf 82' lang='grc' dir='ltr'>τῷ.</span> 
     </span>
    </p>
   </div>
   <div class='ocr_carea' id='block_1_112' title="bbox 224 5618 1844 5694">
    <p class='ocr_par' dir='ltr' id='par_1_112' title="bbox 224 5618 1844 5694">
     <span class='ocr_line' id='line_1_113' title="bbox 224 5618 1844 5694; baseline -0.004 -13"><span class='ocrx_word' id='word_1_893' title='bbox 224 5618 648 5681; x_wconf 72' lang='lat' dir='ltr'>Combeﬁsius&#39;</span> <span class='ocrx_word' id='word_1_894' title='bbox 675 5618 945 5694; x_wconf 73' lang='grc' dir='ltr'>βασιλεὺς.</span> <span class='ocrx_word' id='word_1_895' title='bbox 963 5618 1081 5677; x_wconf 88' lang='lat' dir='ltr'>Sed</span> <span class='ocrx_word' id='word_1_896' title='bbox 1106 5618 1334 5678; x_wconf 84' lang='lat' dir='ltr'>inutilis</span> <span class='ocrx_word' id='word_1_897' title='bbox 1354 5618 1844 5689; x_wconf 64' lang='lat' dir='ltr'>emendatiomec</span> 
     </span>
    </p>
   </div>
  </div>
