4100 6214
265 309 366 364 885

1165 307 1662 365 EPISTOLARUM
1699 307 1982 364 CLASSIS
2021 308 2094 364 ΙΙ.
2132 307 2350 381 EplST.
2389 307 2730 366 CCXXXVII.

3525 311 3632 367 886

261 411 527 506 Ἀϐραὰμ,
583 435 674 484 καὶ
720 437 792 502 τῷ
825 429 941 485 Ἰὼϐ
969 433 1108 504 (79),
1138 437 1228 484 καὶ
1279 441 1386 494 τοῖς
1429 433 1703 494 τοιοτούις·
1753 439 1864 494 τοῖς

1985 432 2284 489 nonnullis
2322 433 2400 490 ad
2435 431 2920 490 distribuendum
2963 433 3185 490 dantur
3225 449 3263 490 a
3293 435 3418 492 Deo
3471 433 3632 492 velut

266 517 326 574 δὲ
351 520 682 594 φαυλοτέρως
711 520 1005 596 πρόκλησίς
1035 521 1148 574 ἐστι
1191 529 1284 574 τοῦ
1337 520 1686 593 βελτιωθῆναι
1731 527 1864 574 κατά

259 613 348 664 τὸν
396 613 606 682 τρόπον·
659 613 726 672 ὡς
775 611 864 680 ὅγε
914 613 1044 682 μετά
1071 613 1332 668 τοσαύτην
1385 614 1528 682 παρὰ
1579 618 1712 662 Θεοῦ
1772 609 1864 663 δε-

261 700 444 762 ξίωσιν
519 697 766 772 ἐπιμένων
829 707 890 771 τῇ
960 696 1148 772 ἀδικίᾳ
1221 699 1594 774 ἀναντιρρήτως
1683 702 1864 752 ἑαυτόν

259 785 520 840 ὑπόδικον
568 796 630 860 τῇ
699 793 1006 860 κατακρίσει
1053 791 1393 846 καθίστησιν,
1441 788 1499 840 Ὀ
1556 793 1730 861 μέντοι
1774 786 1863 841 δι-

258 896 410 936 καιος
457 881 574 928 οὔτε
624 881 874 952 παρόντος
921 875 1284 952 ἐπιστρέφεται
1323 885 1416 929 τοῦ
1453 877 1700 942 πλούτου,
1747 881 1864 930 οὔτε

257 969 338 1036 μή
393 969 626 1038 παρόντα
695 966 952 1026 ἐπιζητεῖ·
1032 967 1090 1018 οὗ
1143 969 1244 1040 γάρ
1303 965 1684 1026 ἀπολαυστικός
1753 965 1864 1018 ἐστι

253 1061 366 1105 τῶν
391 1051 706 1126 δεδομένων,
763 1053 870 1106 ἀλλ’
901 1055 1246 1128 οἰκονομικός.
1301 1052 1490 1116 Οὐδεὶς
1521 1053 1580 1107 δὲ
1607 1063 1709 1106 τῶν
1745 1063 1862 1106 νοῦν

253 1141 488 1214 ἐχόντων
547 1142 816 1218 ἐπιτρέχει
865 1151 927 1215 τῇ
963 1143 1197 1216 ἀσχολίᾳ
1250 1153 1343 1204 τῆς
1395 1163 1498 1196 των
1584 1143 1862 1218 ἀλλοτρίων

255 1229 542 1303 διανομῆς,
593 1231 680 1283 ἐὰν
735 1236 806 1304 μὴ
857 1237 986 1302 πρός
1038 1237 1132 1290 τὴν
1187 1241 1286 1284 τῶν
1339 1231 1534 1284 πολλῶν
1597 1231 1858 1306 ἀποϐλέπῃ

253 1317 444 1386 δόξαν,
497 1319 546 1372 οἱ
603 1321 929 1392 θανμάζουσι
973 1325 1062 1374 καὶ
1117 1321 1336 1384 ζηλοῦσι
1389 1324 1506 1381 τούς
1549 1319 1598 1372 ἐν
1651 1320 1864 1394 ἐξουσίᾳ

249 1415 365 1462 τινὶ
395 1411 750 1472 καθεστῶτας.
773 1415 878 1468 Τὴν
911 1407 970 1462 δὲ
989 1415 1140 1462 νόσον
1187 1413 1256 1472 ὡς
1286 1409 1510 1468 ἄθλησιν
1561 1413 1610 1462 οἱ
1663 1407 1860 1462 δίκαιοι

252 1495 537 1569 δέχονται,
583 1499 840 1570 μεγάλους
885 1498 966 1550 ἐπί
1017 1507 1076 1572 τῇ
1127 1501 1360 1572 ὑπομονῇ
1413 1503 1533 1560 τοὺς
1585 1503 1862 1572 στεφάνους

251 1585 616 1658 ἀναμένοντες.
661 1585 844 1640 Ἀλλον
915 1585 974 1640 δέ
1041 1607 1156 1638 τινα
1203 1587 1415 1660 ἐφιστᾷν
1471 1597 1534 1660 τῇ
1596 1584 1860 1648 διοικήσει

246 1679 450 1729 τούτων
477 1677 572 1728 οὐκ
597 1676 916 1748 ἀπεμφαίνον
940 1683 1114 1750 μόνον,
1147 1677 1276 1730 ἀλλὰ
1299 1683 1390 1730 καὶ
1416 1676 1616 1740 ἀσεϐές.

1973 522 2300 592 Abraham,
2349 523 2478 585 Job,
2529 526 2586 578 et
2617 521 2937 577 similibus.
2977 521 3278 595 lmprobis
3309 537 3455 580 vero
3485 537 3632 596 pro-

1971 611 2206 666 vocatio
2230 615 2387 680 sunt,
2421 615 2484 668 ut
2510 626 2574 666 se
2605 611 2684 666 ad
2715 610 3022 666 meliorem
3053 611 3288 682 frugem
3313 611 3627 685 recipiant,

1971 701 2054 756 ita
2085 705 2148 756 ut
2167 702 2272 773 qui
2299 707 2436 772 post
2469 705 2752 757 tantama
2781 703 2898 756 Deo
2927 701 3312 772 benignitatis
3329 701 3628 772 signiﬁca-

1973 790 2194 845 tionem
2227 793 2568 862 perseverat
2596 789 2658 844 in
2685 789 3021 860 iniquitate,
3057 805 3122 844 se
3167 789 3300 861 ipse
3329 791 3458 846 sine
3508 789 3630 848 ulla

1971 879 2380 934 excusationis
2411 878 2590 933 venia
2617 877 2950 933 obnoxium
2973 878 3464 934 condemnationi
3483 893 3628 934 con-

1971 969 2198 1024 stituat.
2221 969 2333 1033 Qui
2363 967 2614 1039 quidem
2639 967 2840 1037 justus
2869 970 2978 1032 est,
3009 979 3208 1038 neque
3256 966 3336 1022 ad
3363 965 3624 1038 divitias,

1970 1073 2110 1112 cum
2163 1057 2408 1125 adsunt,
2442 1055 2720 1127 adjungit
2759 1055 3062 1110 animum:
3095 1069 3292 1128 neque
3321 1069 3448 1124 eas,
3488 1071 3628 1112 eum

1969 1143 2216 1210 absunt,
2246 1145 2538 1218 exquirit;
2571 1143 2873 1216 siquidem
2909 1159 3032 1200 non
3063 1143 3278 1200 fruitur
3319 1143 3630 1200 concredi-

1967 1235 2042 1290 tis
2097 1235 2206 1290 sed
2247 1249 2458 1291 earum
2515 1233 2971 1290 administrator
3033 1237 3140 1288 est.
3205 1235 3390 1290 Nemo
3420 1237 3624 1290 autem

1965 1325 2235 1397 prudens
2265 1324 2574 1394 negotium
2601 1323 2792 1380 ambit
2835 1322 2896 1378 in
2927 1321 3140 1380 alienis
3191 1321 3370 1378 rebus
3425 1321 3626 1379 distri-

1965 1415 2242 1481 buendis,
2275 1415 2388 1470 nisi
2412 1414 2738 1487 respexerit
2761 1412 2838 1468 ad
2876 1411 3124 1468 laudem
3153 1412 3341 1484 vulgi,
3373 1412 3470 1468 cui
3519 1411 3628 1468 ho-

1965 1504 2160 1558 mines
2191 1503 2254 1558 in
2277 1503 2481 1574 aliqua
2511 1503 2862 1558 auctoritate
2909 1499 3212 1556 constituti
3235 1499 3626 1556 admirationi

1967 1597 2109 1647 sunt
2135 1607 2204 1647 ac
2237 1591 2631 1648 aemulationi.
2663 1589 2902 1646 Morbus
2926 1595 3128 1646 autem
3159 1593 3454 1661 tanquam
3499 1603 3624 1644 cer-

1965 1685 2168 1736 tamen
2191 1679 2527 1751 suscipiunt
2548 1679 2716 1750 justi,
2731 1694 2988 1736 coronas
3007 1693 3266 1748 magnas
3283 1677 3364 1734 ob
3385 1677 3624 1750 patien-

247 1766 406 1822 tiam
439 1771 876 1836 exspectantes.
910 1766 1204 1822 Caeterum
1235 1767 1511 1840 quemvis
1544 1767 1729 1823 alium
1759 1767 1854 1822 his
1885 1768 2063 1826 rebus
2095 1767 2506 1839 gubernandis
2527 1769 2832 1840 praeficere
2879 1783 2998 1824 non
3035 1766 3236 1824 solum
3283 1769 3372 1824 est
3414 1765 3625 1822 absur-

247 1853 433 1920 dum,
470 1855 580 1910 sed
609 1855 1102 1928 etiamimpium.

723 1969 1058 2016 ΕΠΙΣΤΟΛΙΙ
1097 1961 1254 2017 ΣΛΖ.

2220 1963 2396 2036 365
2435 1965 2768 2020 EPISTOLA
2805 1963 3160 2020 CCXXXVH'.

249 2067 598 2124 Nonnulla?
633 2069 844 2124 Basilii
869 2071 1084 2124 litterae
1107 2069 1188 2124 ad
1216 2068 1536 2124 Eusebium
1565 2085 1686 2125 non
1709 2069 1984 2138 perlatae.
2028 2071 2102 2125 In
2133 2071 2223 2126 his
2268 2076 2467 2126 autem
2505 2071 2750 2126 nuntiat
2787 2069 2860 2126 de
2888 2069 3154 2126 adventu
3185 2069 3624 2126 Demosthenis.

337 2139 410 2194 de
431 2141 660 2209 synodo
691 2141 764 2196 ab
783 2157 848 2196 eo
864 2147 1070 2194 coacta
1099 2142 1162 2196 in
1189 2141 1453 2204 Galatia,
1469 2141 1541 2196 de
1561 2143 1810 2210 expulso
1831 2143 2120 2212 Hypsino,
2138 2145 2310 2212 eique
2337 2143 2583 2212 su/Iecto
2604 2143 2868 2210 Ecdicio,
2898 2141 3180 2212 Gregorio
3201 2141 3423 2198 abduci
3429 2144 3625 2210 jusso,

335 2211 604 2266 omnibus
622 2213 856 2284 clericis
885 2212 1350 2267 Caesariensibus
1377 2214 1562 2267 curiae
1604 2211 1903 2280 addictis,
1924 2215 2117 2270 eodem
2147 2211 2325 2270 onere
2355 2215 2633 2269 Sebastiar
2657 2215 2930 2282 imposito
2970 2211 3061 2268 his
3087 2215 3192 2284 qui
3231 2227 3366 2268 cum
3397 2213 3630 2268 Basilio

335 2283 878 2338 communicabant.
911 2285 1140 2338 Rursus
1169 2285 1296 2338 alia
1325 2285 1589 2352 synodus
1619 2286 1824 2353 Nyssae
1854 2296 1928 2340 et
1949 2287 2184 2341 Galatis
2201 2293 2254 2341 et
2283 2285 2574 2350 Ponticis,
2601 2285 2708 2354 qui
2749 2285 2946 2342 nescio
2995 2283 3167 2354 quem
3195 2285 3278 2340 ad
3331 2284 3630 2340 Ecclesias

333 2357 594 2408 mittunt.
641 2355 790 2410 Cum
821 2355 1142 2408 Eustathio
1173 2357 1525 2422 conspirant
1551 2355 1625 2410 (te
1650 2358 1922 2424 episcopo
1965 2358 2407 2426 Nicopolitanis
2451 2355 2653 2411 dando
2705 2356 2768 2409 in
2819 2357 3012 2412 locum
3069 2357 3351 2412 Theodoti
3383 2354 3628 2426 mortui.

337 2425 1102 2498 liesisluntANicopolitani.
1131 2426 1359 2498 Rumor
1404 2427 1628 2496 synodi
1671 2427 1752 2481 ad
1778 2427 2077 2482 Basiliam
2109 2425 2216 2484 aut
2237 2427 2568 2498 cogendum
2594 2443 2728 2482 cum
2754 2427 2878 2482 illis
2917 2431 3361 2484 communicare
3385 2432 3492 2482 aut
3507 2425 3635 2496 pel-

337 2497 602 2552 lendum.
635 2495 918 2551 Graviter
933 2497 1280 2566 a’grotabat.

621 2585 689 2637 Εὖ
700 2584 875 2654 σεϐίῳ,
909 2585 1178 2656 ἐπισκόπῳ
1204 2589 1522 2657 Σαμοσάτων

339 2680 388 2728 l'
449 2673 584 2745 Ἐγὼ
637 2679 727 2725 καὶ
781 2670 876 2724 διὰ
931 2683 1021 2725 τοῦ
1083 2673 1330 2748 βικαρίου
1363 2675 1478 2742 (80)
1525 2681 1620 2734 τῆς
1667 2675 1879 2748 Θρᾴκης

257 2763 534 2816 ἐπέστειλα
579 2771 640 2834 τῇ
707 2763 964 2835 θεοσεϐείᾳ
1019 2783 1134 2834 σου,
1202 2769 1291 2816 καὶ
1349 2760 1442 2814 διά
1497 2767 1626 2823 τινός
1655 2783 1878 2836 προειπο-

261 2857 418 2904 σίτου
481 2860 582 2904 τῶν
633 2855 766 2904 κατὰ
839 2851 1250 2904 Φιλιππούπολιν
1315 2853 1594 2924 Θησαυρῶν
1665 2852 1719 2903 ἐκ
1775 2861 1871 2916 τῆς

259 2945 518 3014 ἡμετέρας
575 2941 656 2993 ἐπὶ
710 2948 802 3000 τὴν
861 2945 1075 3014 Θρᾴκην
1132 2939 1490 3004 διαϐαίνοντος
1543 2942 1752 3016 ἔγραψα
1780 2943 1879 2994 ἐτέ-

258 3051 356 3106 ρας
407 3030 686 3092 ἐπιστολὰς
735 3031 869 3101 (8i),

261 3119 542 3182 σῦαιρταν
587 3117 805 3192 ἁπαίρη.
859 3119 991 3172 Ἀλλ’
1045 3119 1160 3171 οὗτε
1216 3121 1240 3170 ό
1293 3118 1538 3192 βικάριος
1585 3116 1868 3182 ὑπεδέξατο

947 3037 1036 3082 καὶ
1085 3031 1416 3106 παρεκάλεσα
1489 3031 1644 3082 αὐτόν
1709 3031 1877 3083 ἄνελέ-

261 3211 412 3280 ἠμῶν
477 3211 544 3260 τά
616 3211 924 3282 γράμματα.
985 3205 1394 3280 Περιοὸευόντων
1441 3211 1540 3281 γὰρ
1581 3209 1728 3280 ἡμῶν
1775 3213 1870 3266 τὴν

261 3303 564 3370 παροικίαν,
633 3295 846 3357 ἐπιστὰς
897 3305 956 3356 τῆ
1017 3296 1162 3349 πόλει
1221 3297 1454 3371 ἑσπέρας,
1527 3299 1716 3370 ὀρθρου
1773 3296 1874 3369 βα-

270 3387 388 3444 θέος
437 3385 587 3436 πάλιν
646 3383 925 3441 ἀπήλασεν·
974 3389 1108 3437 ὥστε
1155 3389 1272 3447 τοὺς
1335 3385 1640 3458 οἰκονόμους
1695 3385 1866 3438 λαϐεῖν

270 3483 368 3534 τῆς
419 3473 686 3535 ἐκκλησίας
731 3481 826 3534 τὴν
873 3483 964 3527 τοῦ
1023 3472 1214 3549 ἀνδρὸς
1244 3472 1530 3547 ἐπιδημίαν
1583 3477 1713 3542 (82},
1767 3481 1871 3528 καὶ

271 3561 414 3614 οὕτω
469 3571 630 3634 μεῖναι
672 3565 798 3639 παρ’
838 3566 962 3635 ἡμῖν
1013 3566 1080 3616 τὰ
1129 3565 1437 3636 γράμματα.
1490 3571 1534 3617 0
1587 3561 1646 3616 δὲ
1701 3583 1872 3636 πραι-

267 3655 510 3718 πόσιτος,
563 3655 706 3724 τάχα
777 3651 1068 3710 ἀϐουλήτου
1115 3655 1256 3714 τινὸς
1313 3653 1468 3705 αὐτὸν
1505 3654 1868 3727 περιστάσεως

261 3743 670 3812 κατασχούσης,
738 3741 1027 3816 ἐξώρμησε,
1104 3747 1234 3814 μήτε
1300 3745 1388 3802 τὰς
1441 3741 1718 3802 ἐπιστολὰς
1779 3740 1872 3794 ἀν-

261 3829 516 3900 ελόμενος,
577 3835 708 3902 μήτε
751 3833 890 3902 ἡμᾶς
918 3833 1256 3902 θεασάμενος,
1315 3829 1506 3884 Ἀλλου
1549 3827 1610 3883 δὴ
1661 3827 1870 3892 οὐδενός

261 3917 324 3980 ἦν
393 3921 684 3992 ἐπιτυχεῖν·
737 3921 848 3974 ὅθεν
907 3920 1172 3995 ἐμείναμεν
1225 3921 1560 3995 λυπούμενοι,
1613 3923 1694 3974 ὅτι
1741 3927 1874 3996 μήτε

257 4009 580 4064 ἐπιστέλλειν
651 4012 774 4082 ἡμῖν
833 4011 1018 4078 ἔξεστι,
1079 4017 1210 4082 μήτε
1265 4008 1524 4083 δέχεσθαι
1589 4013 1732 4084 παρά
1779 4017 1874 4072 τῆς

257 4110 360 4161 σῆς
404 4097 696 4162 Θεοσεϐείας
717 4103 1024 4172 γράμματα.
1061 4105 1310 4170 Καίτοιγε
1341 4099 1646 4172 ἐϐουλόμην,
1691 4099 1734 4152 εἲ
1776 4120 1869 4172 μοι

257 4190 324 4246 ἧν
371 4185 614 4253 δυνατὸν,
655 4190 722 4239 τὰ
757 4187 834 4260 ἐφ’
863 4187 1090 4250 ἑκάστης
1121 4191 1316 4262 ἡμέρας
1346 4195 1714 4262 συμπίπτοντα
1749 4197 1872 4262 ημῖν

257 4274 588 4348 διαγίελλειν
633 4295 738 4332 σοι.
788 4279 936 4330 Οὕτω
963 4279 1065 4350 ’γάρ
1092 4277 1256 4328 πολλὰ
1301 4283 1392 4330 καὶ
1429 4275 1708 4352 παράδοξά
1757 4277 1874 4330 ἐστι

253 4371 324 4418 τὰ
389 4385 696 4439 πραγματα,
743 4367 874 4418 ὥστε
911 4371 1144 4440 ίστοριας
1189 4362 1502 4438 ἐφημερίδος
1535 4369 1778 4441 χρῄζειν,
1811 4370 1874 4425 ἦν

2271 2586 2546 2652 Eusebio,
2577 2585 2846 2655 episcopo
2879 2587 3339 2642 Samosatorum.

2063 2681 2112 2729 1.
2139 2681 2255 2746 Ego
2285 2681 2342 2730 et
2391 2691 2498 2746 per
2535 2673 2828 2728 vicarium
2875 2675 3138 2730 Thraciae
3171 2673 3386 2746 scripsi
3431 2673 3638 2746 pietati

1987 2767 2136 2830 ture;
2169 2769 2226 2818 et
2253 2779 2360 2835 per
2395 2763 2786 2836 praepositum
2815 2762 3148 2834 quemdam
3202 2761 3638 2834 Philippopolis

1987 2853 2406 2909 thesaurorum
2421 2894 2432 2916 ,
2445 2869 2516 2906 ex
2529 2855 2734 2907 nostra
2747 2851 2986 2920 regione
2999 2851 3058 2906 in
3071 2850 3382 2906 Thraciam
3403 2850 3638 2904 abeun-

1987 2945 2127 3008 tem,
2153 2941 2362 3012 scripsi
2389 2939 2536 2996 alias
2557 2939 2864 3012 epistolas,
2887 2953 3150 3010 eumque
3175 2936 3399 3006 rogavi,
3417 2941 3480 2992 ut
3501 2936 3636 2993 illas

1985 3031 2371 3104 proficiscens
2403 3033 2686 3084 sumeret.
2731 3027 2842 3084 Sed
2875 3041 3072 3100 neque
3115 3025 3372 3082 vicarius
3415 3025 3638 3082 litteras

1984 3125 2224 3176 nostras
2243 3119 2522 3190 suscepit.
2551 3116 3021 3188 Peragrantibus
3045 3116 3208 3171 enim
3235 3113 3412 3171 nobis
3446 3127 3638 3188 parm-

1986 3209 2162 3278 ciam,
2193 3225 2332 3263 cum
2361 3207 2706 3262 advenisset
2733 3207 2794 3261 in
2819 3205 3034 3260 urbem
3079 3219 3346 3277 vespere,
3395 3219 3638 3260 summo

1985 3313 2165 3353 mane
2183 3312 2388 3352 rursus
2415 3295 2594 3363 abiit;
2631 3295 2786 3351 adeo
2807 3299 2872 3350 ut
2893 3309 3244 3350 oeconomos
3266 3293 3531 3348 ecclesias
3556 3292 3642 3350 la-

1983 3391 2132 3442 teret
2161 3387 2272 3442 viri
2289 3385 2605 3452 adventus,
2657 3387 2864 3456 sicque
2893 3385 3210 3439 manerent
3236 3381 3402 3456 apud
3427 3397 3526 3438 me
3545 3381 3641 3438 lit-

1981 3479 2144 3532 terae.
2171 3475 2538 3546 Prtepositus
2551 3471 2878 3540 vero,forte
2898 3472 3310 3544 inexspectata
3329 3471 3536 3544 aliqua
3565 3469 3632 3525 il-

1981 3565 2110 3620 lum
2141 3563 2498 3620 necessitate
2528 3565 2798 3633 urgente,
2831 3561 3136 3634 profectus
3156 3565 3270 3620 est.
3294 3575 3405 3616 nec
3431 3559 3640 3616 litteris

1983 3655 2304 3726 susceptis,
2331 3652 2653 3708 nec'nobis
2694 3650 2985 3708 salutatis.
3013 3651 3177 3706 Alius
3201 3655 3407 3706 autem
3435 3649 3640 3705 nullus

1981 3744 2227 3816 reperiri
2249 3747 2517 3816 poterat;
2543 3741 2704 3796 unde
2733 3741 2930 3797 tristes
2963 3741 3316 3812 mansimus,
3340 3739 3508 3812 quod
3525 3755 3642 3795 nec

1985 3834 2245 3890 scribere
2270 3833 2450 3888 nobis
2481 3831 2706 3898 liceret,
2739 3847 2850 3887 nec
2889 3831 3160 3904 accipere
3190 3847 3226 3887 a
3277 3835 3380 3886 tua
3417 3829 3638 3902 pietate

1983 3923 2226 3980 litteras.
2258 3923 2450 3994 Atque
2480 3919 2765 3992 equidem
2813 3919 3118 3986 volebam,
3152 3919 3200 3974 si
3241 3934 3336 3974 res
3377 3917 3506 3974 ﬁeri
3535 3933 3641 3988 po-

1981 4012 2213 4079 tuisset,
2238 4025 2376 4082 quae
2415 4009 2670 4078 singulis
2707 4007 2922 4064 diebus
2951 4007 3130 4063 nobis
3175 4005 3480 4074 accidunt,
3527 4004 3640 4062 tibi

1983 4101 2282 4155 nuntiare.
2315 4101 2458 4154 Tam
2489 4098 2680 4154 multa
2709 4097 2872 4152 enim
2909 4101 3070 4164 sunt,
3119 4101 3366 4168 tamque
3419 4099 3638 4168 praeter

1983 4187 2353 4260 opinionem,
2377 4192 2443 4242 ut
2465 4185 2852 4258 ephemeride
2875 4201 3030 4258 opus
3050 4189 3210 4241 esset
3227 4202 3240 4241 :
3256 4199 3442 4258 quam
3455 4183 3636 4239 etiam

1983 4277 2171 4350 probe
2203 4277 2378 4343 scias,
2413 4275 2921 4348 composuissem,
2949 4273 3064 4330 nisi
3089 4273 3442 4330 assiduitate
3461 4285 3635 4328 even-

1983 4369 2156 4422 tuum
2181 4369 2446 4420 mentem
2477 4381 2508 4420 e
2537 4362 2852 4436 proposito
2886 4365 3204 4418 avocatam
3249 4359 3625 4416 habuissem.

333 4455 346 4466 ‘
493 4459 502 4468 ι
576 4453 600 4472 ν
715 4455 844 4472 νυνι
945 4455 956 4464 ι
1043 4459 1126 4472 ι-
1367 4459 1376 4470 ι
1487 4463 1504 4470 ..
1871 4459 1878 4468 .

2108 4458 2118 4470 ι
2181 4455 2199 4472 \
2419 4457 2428 4470 ι
2522 4449 2558 4472 κ’
2614 4471 2619 4472 ,
2707 4459 2760 4472 κ·-
2832 4453 3169 4472 Ῠᾼκγ--κηέ,ημ.
3206 4448 3484 4472 ξ-------.---Δ

251 4455 350 4510 καί
381 4455 656 4516 συνέταξα,
685 4455 738 4506 εὖ
755 4456 888 4518 iam,
917 4455 960 4506 εἰ
987 4459 1126 4526 μὴτῇ
1165 4459 1412 4526 συνεχείᾳ
1441 4463 1540 4506 τῶν
1581 4459 2015 4529 προσπιπτόντων
2037 4458 2153 4514 τοὺς
2181 4455 2468 4526 λογισμοὺς
2512 4455 2656 4524 εἰχον
2699 4459 2796 4503 τῶν
2825 4455 3170 4523 προκειμένων
3202 4455 3631 4524 ἐκκρουομένους,

329 4548 388 4598 2.
447 4540 810 4614 Ἐπεδήμησεν
871 4543 994 4614 ἡμῖν
1059 4541 1322 4615 βικάριος,
1391 4545 1446 4593 τὸ
1513 4551 1715 4616 πρῶτον
1781 4549 1871 4594 καὶ

251 4635 512 4704 μέγιστον
587 4639 686 4681 τῶν
748 4633 1006 4706 ἡμετέρων
1061 4639 1254 4682 κακῶν·
1325 4630 1594 4704 ἅνθρωπος
1671 4631 1714 4681 εἱ
1781 4633 1870 4700 μὲν

253 4725 349 4772 καὶ
428 4721 692 4792 αὶρετικὸς
752 4719 808 4772 τό
861 4725 1122 4792 φρόνημα,
1177 4720 1270 4772 οὐκ
1343 4717 1630 4786 ἐπίσταμαι
1680 4713 1870 4790 (οἶμαι

251 4815 362 4884 γὰρ
441 4809 598 4860 αὐτὸν
645 4812 836 4870 παντὸς
901 4811 1112 4884 ἄπειρον
1165 4806 1292 4862 εἶναι
1337 4808 1513 4878 λόγου,
1573 4811 1662 4858 καὶ
1729 4803 1868 4878 μηδὲ

255 4903 405 4970 ἕχειν
455 4901 572 4950 τινὰ
612 4895 852 4956 σπουδήν
899 4897 1038 4972 μηδὲ
1089 4899 1304 4972 μελέτην
1344 4903 1462 4971 περὶ
1509 4899 1576 4948 τὰ
1625 4905 1866 4950 τοιαῦτα.

2051 4549 2106 4600 2.
2137 4543 2390 4599 Advenit
2415 4541 2590 4598 nobis
2613 4539 2872 4596 vicarius
2903 4539 3172 4611 primum
3200 4542 3258 4593 et
3291 4537 3632 4595 maximum

1977 4633 2278 4688 malorum
2305 4635 2688 4688 nostrorum:
2721 4628 2930 4698 homo,
2963 4643 3042 4683 an
3071 4627 3367 4684 sententia
3399 4623 3631 4682 haareti-

1978 4737 2110 4790 cus,
2135 4721 2333 4776 nescio
2367 4718 2649 4792 (arbitror
2677 4717 2838 4772 enim
2875 4715 3048 4772 illum
3077 4715 3278 4772 omnis
3324 4719 3632 4788 expertem

1978 4825 2110 4866 esse
2147 4807 2455 4872 doctrinae,
2505 4821 2616 4860 nec
2669 4805 2896 4860 habere
2949 4803 3218 4860 studium
3273 4803 3466 4860 ullum
3531 4805 3634 4860 aut

1977 4913 2160 4952 usum
2187 4893 2488 4966 ejusmodi
2515 4908 2759 4960 rerum;
2791 4907 2936 4948 nam
2963 4891 3028 4948 in
3065 4892 3198 4948 aliis
3235 4893 3406 4950 illum
3451 4891 3630 4950 video

255 4989 307 5044 ἓν
367 4989 542 5050 ἀλλοις
598 4993 698 5062 γάρ
759 4991 914 5042 αὑτὸν
967 4993 1070 5066 ὁρῶ
1127 4999 1189 5063 τῇ
1433 4993 1524 5041 καὶ
1595 4995 1658 5060 τῇ
1708 4993 1866 5061 σαρκὶ

1985 4985 2186 5043 anima
2217 4989 2271 5040 et
2299 4997 2497 5052 carne,
2529 4985 2714 5037 noctu
2745 4985 2802 5037 et
2829 4981 3092 5038 interdiu
3131 4983 3536 5056 occupatum),
3570 4985 3632 5038 at

255 5081 462 5152 νύκτωρ
545 5083 636 5130 καὶ
697 5079 820 5150 μηθ’
889 5083 1084 5152 ἡμέραν
1150 5079 1534 5150 ἐνασχούμενον
1585 5079 1641 5146 ),
1729 5077 1862 5136 πλὴν

257 5239 438 5311 epist.
475 5243 562 5294 31.
597 5241 728 5294 "me
759 5239 1162 5310 interpretatio
1185 5237 1586 5311 confirmatur
1605 5253 1678 5311 ex
1699 5253 1864 5311 com-

263 5309 568 5366 mentario
595 5313 656 5364 in
687 5309 994 5366 Isaiam’n.
1029 5313 1118 5374 54,
1151 5325 1208 5380 p.
1242 5315 1365 5372 420,
1403 5309 1506 5364 ubi
1533 5309 1746 5364 divites
1775 5309 1862 5364 di—

261 5389 484 5436 cuntur
516 5397 664 5452 opes
687 5381 1010 5452 accepisse,
1039 5389 1098 5436 ut
1131 5381 1678 5453 pauperesjuvent.

339 5457 454 5518 (‘29)
485 5450 586 5524 Καςί
613 5463 682 5522 τῷ
709 5450 846 5508 Ἰὼίῖζ
883 5455 966 5508 lta
1003 5450 1272 5524 codi—ces'
1299 5450 1452 5524 mss.
1506 5457 1654 5524 sept.
1711 5450 1866 5524 Editi

265 5531 334 5592 τῷ
373 5523 585 5578 Ἰακὼϐ.
617 5521 896 5580 Neutrum
925 5523 1140 5593 legitur
1167 5524 1228 5578 in
1274 5521 1444 5578 Cnisl.
1487 5521 1700 5592 primo,
1761 5521 1868 5578 sed

265 5593 488 5650 desunt
517 5601 634 5654 tres
653 5597 746 5654 hae
775 5595 1024 5652 voculae.

1981 5079 2136 5132 certe
2161 5071 2578 5130 haereticorum
2623 5070 2890 5126 amicum
2945 5085 3056 5127 nec
3103 5071 3298 5142 magis
3339 5085 3442 5126 eos
3493 5067 3630 5124 dili-

2048 5235 2162 5305 (80)
2208 5231 2476 5306 βικριριου,
2513 5235 2638 5306 Duo
2679 5231 2916 5306 codices
2957 5231 3226 5288 Vaticani
3253 5235 3352 5306 aut
3385 5224 3494 5306 diu
3534 5235 3627 5280 τοῦ

1974 5302 2250 5380 Μακαρίου
2285 5302 2552 5380 βίκαρίου,
2587 5305 2796 5380 E't_p_er
2824 5303 3170 5380 Macarium
3202 5302 3516 5380 vicarium.

2047 5367 2160 5447 (δι’)
2239 5367 2446 5448 ’ἑτέρας
2489 5367 2784 5434 ἐπιστολάς.
2865 5375 2997 5430 Hth
3043 5373 3268 5428 desunt
3305 5369 3366 5426 in
3418 5367 3626 5426 codice

1979 5449 2156 5534 00.1331:
2177 5447 2392 5534 PrimP-
2563 5521 2601 5534 ..
2864 5515 2888 5534 .
3103 5511 3252 5534 .m-
3305 5509 3318 5524 .

2051 5507 2530 5590 (82)ῗΕπιδημιαν.
2563 5521 2644 5590 lla
2675 5533 2825 5590 mss.
2851 5511 3258 5590 decem_.l£_diti
3297 5507 3620 5584 ἀποδημίαν.

2125 5583 2282 5646 Alias
2311 5583 2573 5647 CCLXIV.
2605 5588 2836 5664 Scripta
2865 5600 3026 5642 anno
3054 5583 3178 5638 376.
