4100 6214
579 320 682 377 895
1951 315 2009 372 S.
2052 311 2303 372 BASILII
2339 311 2557 369 MAGNI
3761 315 3846 369 ΒΜ

578 442 759 499 etiam
785 439 863 498 ad
884 443 1141 496 vestram
1163 439 1448 513 pietatem
1475 438 1672 496 scribo
1703 456 1715 495 :
1750 439 1952 496 multis
1974 439 2101 511 jam
2130 454 2224 494 ea-

2335 457 2420 488 νυν
2477 435 2678 495 ἑαυτοῖς
2755 431 3170 506 συμϐουλεύομεν
3207 431 3360 505 (l5),
3425 437 3582 485 ταῦτα
3623 435 3700 487 καὶ
3751 437 3855 508 πρὸς

578 529 717 586 dem
742 546 811 586 ac
845 529 1016 585 vobis
1039 529 1393 598 contigisse;
1423 545 1494 584 ac
1523 543 1644 585 non
1667 529 1861 584 solum
1887 529 2002 584 hac
2029 533 2224 591 aetate,

579 619 683 674 sed
713 619 1007 689 prteterito
1053 619 1230 674 etiam
1267 625 1533 689 tempore
1564 617 1883 672 innumera
1927 615 2226 688 ejusmodi

577 706 873 778 exempla,
899 708 1114 778 partim
1152 708 1540 764 historiarum
1591 707 1999 761 monumentis
2029 705 2225 761 consi-

576 802 781 866 gnata,
807 797 1021 868 partim
1068 797 1245 852 nobis
1303 812 1426 853 non
1487 797 1700 867 scripta
1753 795 2226 852 recordationea

576 887 781 958 peritis
839 886 1053 942 tradita
1107 887 1308 953 fuisse,
1340 887 1862 959 quemadmodum
1905 887 2124 941 viritim
2172 890 2227 941 et

578 975 917 1046 oppidatim
967 975 1325 1031 tentationes
1356 991 1465 1047 pro
1496 975 1739 1030 nomine
1774 975 2005 1030 Domini
2046 973 2224 1029 corri-

577 1063 817 1136 puerint
843 1079 965 1131 eos,
998 1064 1101 1136 qui
1145 1064 1206 1120 in
1252 1065 1450 1136 ipsum
1504 1064 1849 1134 sperabant.
1881 1063 1994 1120 Sed
2024 1067 2228 1119 tamen

579 1152 990 1224 preterierunt
1021 1155 1364 1218 omnia,nec
1385 1169 1657 1209 aerumna
1688 1169 1932 1225 prorsus
1964 1152 2084 1208 ulla
2101 1168 2230 1224 per-

577 1247 822 1314 petuam
861 1241 1043 1298 habet
1089 1241 1446 1297 molestiam.
1490 1242 2016 1307 Quemadmodum
2067 1241 2229 1296 enim

584 1331 922 1401 grandines,
955 1335 1367 1402 torrentesque
1390 1336 1446 1386 et
1485 1347 1864 1403 quaecunque
1897 1331 2059 1386 mala
2084 1347 2230 1386 casu

579 1421 1167 1490 accidunt,mollibus
1196 1421 1441 1493 quidem
1463 1420 1634 1476 facile
1664 1426 1882 1477 nocent
1903 1437 1972 1476 ac
1999 1437 2069 1477 ea
2098 1437 2228 1477 vas-

578 1512 738 1577 tant;
769 1509 876 1563 sed
913 1509 962 1564 si
983 1509 1044 1564 in
1075 1509 1320 1565 duriora
1350 1510 1638 1578 incidant,
1671 1511 1981 1582 patiuntur
2001 1510 2228 1582 aliquid

577 1598 777 1668 potius
807 1614 988 1668 quem
1018 1597 1245 1653 laedunt
1268 1615 1279 1650 :
1300 1599 1381 1653 ita
1408 1598 1854 1654 etvehcmentes
1876 1599 2228 1654 tentationes

577 1686 638 1742 in
663 1685 984 1740 Ecclesiam
1017 1687 1348 1752 concitate,
1369 1687 1787 1743 imbecilliores
1807 1687 1948 1743 ﬁdei
1979 1689 2036 1742 in
2069 1688 2228 1743 Chri-

2333 530 2427 585 τὴν
2480 527 2727 599 ὑμετέραν
2785 523 3046 578 εὐλάϐειαν
3111 525 3386 596 γράφομεν·
3441 523 3517 575 ὁτι
3552 522 3729 584 πολλοῖς
3761 545 3853 577 συν·

2335 614 2424 673 έϐη
2475 623 2659 681 ταῦτα,
2703 614 2736 666 ἄ
2782 618 2871 666 καὶ
2928 615 3068 686 ὑμῖν⁶
3118 617 3206 664 καὶ
3257 612 3314 663 οὑ
3366 615 3496 663 κατὰ
3547 614 3624 663 τόν
3673 618 3857 685 παρόντα

2334 707 2514 778 καιρὸν
2595 709 2748 777 μόνον
2777 747 2792 771 ,
2835 701 2962 755 ἀλλὰ
3039 706 3128 754 καὶ
3178 700 3225 753 ἓν
3277 710 3348 772 τῷ
3403 700 3684 776 παρελθόντι
3724 708 3856 774 χρόνῳ

2335 799 2500 867 μυρία
2540 802 2638 846 τῶν
2702 794 2949 844 τοιούτων
3000 793 3068 843 τὰ
3135 788 3497 862 ὑποδείγματα
3529 810 3542 824 ·
3589 792 3647 842 τὰ
3691 794 3764 862 ᾡν

2333 885 2544 958 γράφως
2589 884 2643 934 αἱ
2696 884 2926 956 ἱστορίαι
2978 879 3377 933 καταλελοίπασι
3403 920 3417 948 ,
3449 879 3513 931 τὰ
3562 875 3616 932 δι
3654 887 3707 950 τῇ
3736 877 3859 950 ἀγρά-

2337 994 2412 1045 φῳ
2462 977 2638 1045 μνήμῃ
2699 973 2842 1044 παρὰ
2891 978 2990 1022 τῶν
3039 965 3253 1022 εἰδότων
3281 965 3647 1040 διεδεξάμεθκ·
3692 969 3758 1020 ὃτι
3797 973 3860 1020 καὶ

2335 1065 2471 1114 κατὰ
2513 1059 2684 1137 ἄνδρα
2747 1062 3002 1126 ἕκαστον,
3063 1063 3151 1111 καὶ
3220 1060 3356 1111 κατὰ
3413 1056 3578 1120 πόλεις
3637 1064 3862 1131 πειρασμοὶ

2336 1155 2617 1224 περιέσχον
2682 1151 2808 1222 ὑπερ
2853 1156 2945 1202 τοῦ
2993 1147 3244 1221 ὀνόματος
3291 1154 3384 1200 τοῦ
3439 1152 3623 1219 Κυρίου
3679 1149 3779 1206 τοὺς
3815 1147 3864 1207 ti;

2337 1241 2492 1292 αὑτὸν
2546 1240 2834 1301 ἠλπικότας
2864 1277 2878 1290 .
2939 1237 3074 1292 Ἀλλ’
3120 1237 3258 1309 ὅμως
3305 1236 3536 1312 παρῆλθε
3579 1238 3766 1301 πάντα,
3802 1241 3867 1288 καὶ

2336 1326 2487 1383 οὐδὲν
2542 1338 2642 1381 τῶν
2697 1330 3018 1402 σκυθρωπῶν
3075 1325 3330 1379 ἀθάνατον
3389 1329 3516 1398 ἔσχε
3552 1328 3606 1378 τὸ
3657 1325 3861 1398 λυπηρόν.

2333 1417 2418 1478 Ὠς
2459 1420 2560 1492 γὰρ
2602 1419 2716 1489 (16)
2771 1417 2825 1469 αἱ
2874 1415 3153 1488 χάλαζαι,
3201 1419 3290 1467 καὶ
3347 1416 3398 1467 οἱ
3445 1413 3750 1489 χείμαρροι,
3801 1417 3868 1464 καὶ

2337 1508 2436 1559 ὃσα
2481 1516 2580 1559 τῶν
2631 1515 2802 1558 κακῶν
2860 1502 3213 1577 αὐτοσχέδια,
3242 1506 3308 1557 τὰ
3356 1507 3446 1577 μὶν
3474 1503 3671 1576 μαλακὰ
3717 1499 3871 1576 ῥᾳδίως

2337 1595 2525 1666 ἔϐλαψε
2574 1600 2665 1648 καὶ
2713 1593 3058 1667 διελυμήνατο
3089 1638 3104 1666 ,
3157 1600 3267 1655 τοῖς
3326 1590 3386 1646 δι
3439 1591 3721 1652 ἀντιτύποις
3760 1609 3873 1664 περι-

2337 1690 2572 1756 τυχόντα
2630 1687 2785 1738 επαθί
2834 1703 2884 1736 τι
2935 1683 3126 1756 μᾶλλον
3177 1687 3208 1741 ἧ
3269 1679 3523 1758 ἔδρασεν·
3563 1683 3688 1734 οὑτω
3728 1685 3802 1731 καὶ
3839 1682 3875 1731 oi

579 1779 738 1830 stum
781 1775 1059 1830 ﬁrmitate
1088 1775 1477 1847 deprehensae
1509 1781 1664 1830 sunt.
1699 1775 2226 1842 Quemadmodum

2338 1772 2520 1849 λάϐροι
2567 1776 2703 1826 κατὰ
2756 1780 2850 1835 τῆς
2908 1772 3220 1832 Ἐκκλησίας
3293 1776 3578 1845 πειρασμοὶ
3640 1771 3877 1829 κινηθέντες

578 1879 722 1931 ergo
755 1865 1066 1931 grandinis
1097 1865 1290 1921 nubes
1316 1865 1614 1937 praeteriit,
1645 1871 1701 1921 et
1733 1872 1961 1921 torrens
1987 1865 2228 1922 alveum

579 1953 1100 2026 praeterﬂuxitﬁlla
1144 1953 1305 2008 enim
1344 1953 1404 2008 in
1465 1955 1841 2009 serenitatem
1887 1953 2226 2021 dissoluta;

577 2041 672 2098 hic
691 2057 828 2097 vero
852 2042 1094 2097 evanuit
1118 2042 1177 2096 in
1205 2043 1598 2114 profundum,
1621 2044 1804 2111 viam,
1829 2060 1952 2115 qua
1981 2043 2228 2114 efﬂuxit,

576 2130 799 2187 siccam
823 2135 878 2186 et
898 2131 1131 2186 aridam
1159 2131 1543 2203 relinquens);
1573 2133 1652 2187 ita
1681 2138 1737 2188 et
1765 2149 1924 2187 nunc
1950 2134 2231 2204 ingruen-

578 2225 663 2277 tes
693 2220 868 2276 nobis
899 2221 1175 2292 procellae
1208 2221 1390 2293 paulo
1422 2228 1699 2294 postnon
1731 2229 1920 2277 erunt.
1953 2226 2232 2278 Tantum-

577 2310 761 2367 modo
792 2309 851 2365 in
885 2310 1154 2366 animum
1213 2309 1574 2366 inducamus
1631 2327 1753 2367 non
1790 2312 1868 2366 ad
1912 2313 2231 2384 praesentia

576 2400 895 2473 respicere,
921 2400 1027 2458 sed
1058 2399 1239 2472 paulo
1269 2402 1591 2459 remotiora
1621 2416 1725 2474 spe
1756 2401 1988 2460 intueri.

645 2668 700 2725 2.
741 2665 870 2723 Sive
920 2665 1118 2738 igitur.
1150 2666 1381 2734 fratres,
1419 2668 1618 2739 gravis
1676 2669 1956 2736 tentatio;
1988 2667 2230 2724 labores

574 2771 647 2814 ac
678 2755 1059 2813 difﬁcultates
1091 2756 1504 2828 perferamus;
1542 2774 1720 2813 nemo
1753 2759 1914 2813 enim
1941 2773 2063 2812 non
2096 2773 2230 2829 per-

576 2861 791 2901 cussus
830 2845 892 2901 in
936 2845 1279 2918 certamine,
1312 2863 1420 2902 nec
1453 2849 1698 2918 pulvere
1731 2863 2036 2919 aspersus,
2065 2864 2232 2904 coro-

572 2940 788 3001 natur;
824 2935 949 2990 sive
998 2934 1154 2991 levia
1205 2935 1327 2990 haec
1370 2935 1597 2992 diaboli
1642 2936 1924 3000 ludibria,
1958 2941 2012 2991 et
2037 2937 2140 3007 qui
2169 2936 2230 2992 in

573 3038 685 3080 nos
716 3027 856 3080 sunt
902 3023 1176 3091 immissi,
1214 3026 1446 3081 molesti
1477 3026 1725 3096 quidem
1781 3032 1939 3093 sunt,
1963 3041 2033 3080 eo
2065 3026 2227 3097 quod

574 3113 702 3184 ejus
736 3113 852 3168 sint
903 3112 1177 3179 ministri,
1211 3115 1634 3169 contemnendi
1669 3120 1866 3170 tamen
1899 3117 2042 3187 quia
2073 3118 2226 3170 Deus

570 3201 810 3261 illorum
839 3201 1117 3273 nequitiae
1149 3201 1516 3258 debilitatem
1542 3204 1772 3273 junxit;
1799 3220 2125 3260 caveamus
2154 3219 2227 3260 ne

573 3289 651 3346 ob
700 3305 958 3358 magnos
988 3291 1047 3345 in
1080 3291 1282 3362 parvis
1333 3291 1738 3348 incommodis
1797 3294 2053 3364 ejulatus
2088 3310 2228 3350 con-

573 3377 955 3434 demnemur.
1011 3381 1204 3434 Unum
1263 3381 1423 3436 enim
1477 3381 1683 3438 dolore
1735 3382 2010 3452 dignum,
2070 3382 2228 3437 illius

571 3466 759 3539 ipsius
791 3467 1103 3538 pernicies,
1137 3468 1239 3540 qui
1282 3485 1342 3525 se
1386 3468 1465 3524 ob
1513 3471 1938 3542 temporariam
1971 3470 2226 3539 gloriam

571 3555 638 3626 (si
675 3559 874 3611 tamen
929 3555 1118 3624 gloria
1161 3555 1437 3628 dicenda,
1465 3557 1666 3629 palam
1728 3575 1789 3614 se
1841 3558 2227 3626 dedecorare)

571 3647 794 3700 aaterno
822 3644 1127 3715 justorum
1172 3644 1398 3701 honore
1446 3647 1744 3718 spoliavit.
1780 3647 1905 3703 Filii
1931 3648 2230 3703 confesso-

569 3733 838 3804 rum,tilii
871 3734 1010 3789 estis
1037 3738 1396 3806 martyrum,
1420 3736 1524 3806 qui
1557 3735 1632 3790 ad
1661 3737 2018 3806 sanguinem
2037 3753 2228 3809 usque

568 3828 818 3894 peccato
882 3823 1263 3880 restiterunt.
1316 3825 1662 3879 Domesticis
1717 3830 1918 3880 utatur
1967 3825 2227 3896 quisque

571 3911 862 3982 exemplis
889 3912 963 3967 ad
990 3912 1176 3966 robur
1200 3928 1309 3983 pro
1331 3913 1548 3984 pietate
1571 3913 2227 3970 ostenclenduin.Nemo

569 4003 844 4054 nostrum
877 3999 1067 4069 plagis
1115 4001 1436 4055 dilaniatus
1468 4006 1555 4056 est
1605 4003 1782 4073 370
1814 4002 2034 4058 nullius
2066 4003 2227 4058 aedes

570 4085 894 4156 publicane
958 4092 1133 4155 sunt;
1193 4089 1395 4142 exules
1451 4104 1572 4144 non
1632 4091 1906 4155 ﬁnimus;
1961 4108 2228 4147 carceres

570 4175 797 4244 experti
830 4189 949 4229 non
981 4191 1214 4230 sumus.
1249 4176 1554 4240 Quidnam
1589 4179 1727 4233 mali
1753 4179 1929 4234 nobis
1956 4180 2228 4238 accidit?

569 4262 683 4320 nisi
723 4262 870 4318 forte
925 4262 1038 4318 hoc
1071 4263 1142 4318 sit
1189 4264 1531 4330 molestum,
1564 4267 1728 4338 quod
1780 4268 1924 4322 nihil
1955 4271 2227 4340 perpessi

572 4369 806 4420 sumus,
832 4368 1028 4424 neque
1081 4353 1247 4421 digni
1290 4352 1496 4416 habiti,
1531 4356 1633 4425 qui
1665 4371 1774 4426 pro
1807 4356 2035 4411 Christo
2066 4364 2226 4428 pate-

566 4457 771 4498 remur
793 4443 860 4496 ⁸ο.
896 4442 994 4497 Sin
1044 4448 1244 4498 autem
1293 4443 1460 4514 quod
1518 4443 1613 4497 ille
1667 4443 1919 4499 domum
1969 4451 2223 4517 occupat

569 4531 1090 4602 precationis,vos
1143 4537 1343 4586 autem
1396 4532 1508 4587 sub
1559 4532 1658 4588 dio
1702 4532 1970 4588 adoratis
2015 4535 2144 4590 cmli
2170 4541 2227 4592 et

568 4623 741 4674 terras
801 4619 1143 4687 Dominum,
1175 4619 1236 4675 id
1267 4636 1373 4674 vos
1425 4621 1608 4690 angit,
1636 4622 1911 4689 cogitate,
1946 4623 2225 4680 undecim

570 4707 898 4779 discipulos
916 4708 975 4763 in
1000 4708 1310 4764 caenaculo
1341 4709 1659 4765 conclusos
1692 4711 1898 4780 fuisse,
1933 4717 2058 4767 tum
2090 4730 2225 4770 cum

569 4796 749 4869 ii,qui
775 4797 1096 4853 Dominum
1127 4798 1633 4871 cruciﬁxerant,in
1665 4801 2052 4858 celeberrimo
2081 4807 2230 4860 tem-

645 4920 693 4956 ⁸ο
730 4923 855 4977 Act.
888 4937 945 4992 v,
969 4921 1057 4977 41.

646 5028 752 5104 (15)
789 5026 1230 5104 ξυμϐουλεὺομεν.
1260 5029 1453 5104 Codex
1485 5030 1636 5104 Med.
1679 5030 2009 5104 βουλεύομεν.

645 5099 758 5169 (l6)
784 5097 885 5173 _'Q'g
912 5101 1034 5173 γάρ.
1081 5097 1385 5173 _P_osterior
1432 5102 1648 5156 vocula
1679 5097 1915 5158 'addita
1953 5119 2025 5158 ex
2084 5105 2223 5173 Reg.

575 5169 842 5225 secundo
887 5176 944 5224 et
985 5169 1167 5223 Cois].
1214 5173 1500 5230 secundo.
1537 5173 1686 5227 lllud
1726 5180 1926 5230 autem
1975 5177 2076 5226 ὅσα
2127 5169 2227 5226 sfw

574 5250 745 5314 κακῶν
793 5238 1122 5311 αὐτοσχέδια
1172 5241 1679 5312 interpretandum
1730 5251 1899 5314 putat
1933 5245 2227 5301 Combeli-

573 5313 716 5372 sius,
742 5328 1108 5382 qua’cunque
1130 5314 1292 5367 mala
1315 5314 1508 5382 subito
1531 5313 1832 5374 accidunt.
1851 5317 1953 5370 sed
1980 5318 2123 5372 milii
2149 5318 2228 5372 vi.

574 5381 759 5459 detur
778 5381 1021 5459 Basilius
1052 5399 1122 5438 ea
1146 5381 1476 5459 αὐτοσχέδια
1507 5393 1814 5459 vocare.ut
1841 5394 2229 5459 Opponantur

573 5454 662 5517 iis,
693 5470 829 5525 qua:
860 5454 1173 5509 hominum
1201 5454 1425 5509 malitia
1447 5455 1798 5525 inferuntur.

646 5522 759 5593 (l7)
801 5531 938 5577 Διότι
992 5529 1194 5580 τούτου.
1249 5526 1400 5583 Med.
1444 5522 1585 5580 διότι
1640 5537 1889 5584 τοιοῦτοι.
1945 5531 2083 5586 Tres
2127 5530 2228 5589 alii

579 5593 817 5652 codices
846 5593 984 5653 διότι
1008 5599 1269 5655 τοιούτου.

2340 1861 2700 1935 ἀσθενέστεροι
2780 1869 2872 1915 τοῦ
2950 1866 3307 1936 στερεὼματος
3395 1870 3493 1922 τῆς
3564 1859 3633 1922 εἰς
3695 1861 3878 1930 Χριστὸν

2337 1957 2562 2015 πίστεως
2604 1949 3010 2024 διεδείχθησαν.
3058 1951 3145 2014 Ὠς
3197 1947 3284 2003 οὖν
3346 1949 3578 2026 παρῆλθε
3613 1957 3697 2010 τῆς
3741 1947 3879 2019 χαλά-

2341 2043 2432 2103 ζης
2472 2045 2530 2093 τό
2578 2046 2739 2113 νέφος,
2791 2047 2881 2094 καὶ
2937 2039 3200 2116 παρερῥὺη
3259 2043 3359 2099 τὴν
3412 2035 3682 2112 χαράδραν
3732 2039 3754 2089 ό
3797 2040 3884 2108 χεί-

2339 2129 2534 2204 μαρρος
2585 2131 2665 2191 (τό
2720 2133 2809 2202 μεν
2853 2131 2954 2205 γὰρ
3011 2131 3083 2191 εἰς
3137 2131 3350 2202 αἰθρίαν
3405 2126 3685 2196 διελύθη,ό
3735 2123 3784 2178 δι
3821 2123 3884 2176 iv-

2340 2221 2602 2291 ηφανίσθη
2631 2227 2701 2289 τῷ
2752 2217 2922 2290 βυθῷ,
2952 2219 3112 2291 ξηρὰν
3165 2223 3254 2270 καὶ
3309 2217 3529 2290 ἆνικμον
3573 2220 3661 2274 τήν
3696 2212 3798 2267 ὁδὸν
3827 2209 3882 2265 δι’

2340 2309 2398 2368 ἧς
2451 2308 2605 2382 ἐρρύη
2660 2307 2998 2379 καταλιπών)’
3051 2307 3185 2360 οὑτω
3232 2312 3326 2360 καὶ
3382 2310 3451 2360 τὰ
3494 2314 3581 2359 νῦν
3625 2309 3749 2378 ἡμᾶς
3790 2321 3883 2374 χει-

2338 2398 2574 2470 μάζοντα
2620 2400 2804 2470 μικρὸν
2853 2397 3068 2472 ὑστερον
3113 2397 3208 2450 οὑκ
3251 2399 3436 2452 ἔσται.
3491 2401 3652 2450 Μόνον
3702 2393 3775 2446 ἐὰν
3817 2410 3884 2442 κα-

2339 2483 2676 2558 ταδεξὼμεθα
2731 2490 2800 2559 μὴ
2868 2489 2926 2538 τό
2969 2489 3134 2560 παρὸν
3186 2486 3311 2559 ὁρᾲν
3338 2528 3355 2556 ,
3415 2485 3546 2538 ἀλλὰ
3597 2490 3697 2545 τοῖς
3739 2483 3883 2554 μικρὸν

2339 2575 2645 2650 πορρωτέρῳ
2670 2583 2787 2636 ταῖς
2817 2574 3016 2628 ἐλπίσιν
3047 2574 3378 2636 ἐνατενίξειν.

2411 2670 2464 2720 2.
2509 2668 2622 2718 Εἴτε
2669 2662 2757 2718 οὖν
2799 2664 2964 2738 βαρὺς
2996 2665 3020 2716 ό
3050 2667 3363 2740 πειρασμὸς,
3427 2660 3636 2736 ἀδελφοὶ
3663 2707 3678 2734 ,
3725 2662 3889 2730 ὑπομεί-

2339 2774 2502 2826 νωμεν
2553 2757 2618 2806 τὰ
2672 2753 2907 2806 ἐπίπονα·
2965 2751 3136 2815 οὐδεὶς
3172 2756 3274 2829 γὰρ
3320 2757 3396 2826 μὴ
3456 2753 3663 2824 πληγεὶς
3713 2749 3753 2802 ἐν
3790 2747 3889 2818 ἀγῶ-

2343 2862 2434 2907 σι,
2495 2839 2634 2915 μηδὲ
2717 2845 3092 2915 κονισάμενος,
3164 2849 3538 2914 στεφανοῦταιο
3605 2845 3698 2893 εἴτε
3763 2845 3892 2907 κοῦφα

2339 2939 2507 2984 ταῦτα
2544 2939 2635 2983 τοῦ
2690 2928 2938 2984 διαϐόλου
2995 2933 3062 2984 τὰ
3098 2936 3343 3003 παίγνια,
3371 2936 3464 2983 καὶ
3515 2932 3563 2983 οἱ
3612 2928 3892 2998 ἐπιπεμφθέν-

2339 3039 2421 3082 τες
2468 3023 2611 3093 ἡμῖν,
2642 3019 2864 3093 ὀχληροὶ
2915 3022 3027 3092 μεν,
3073 3016 3218 3072 διὺτι
3265 3023 3461 3073 τούτου
3508 3021 3618 3090 (17)
3672 3018 3785 3070 εἰσιν
3823 3015 3894 3066 ὑπο

2269 3136 2310 3192 C
2340 3115 2538 3184 ηρέται,
2576 3111 3016 3183 εὐκαταφρόνητοι
3048 3107 3128 3179 δὲ,
3179 3110 3259 3162 ὁτι
3309 3120 3376 3183 τῇ
3438 3115 3661 3183 πονηρίᾳ
3714 3103 3893 3159 αὑτῶνὸ

2341 3203 2465 3260 Θεὸς
2514 3196 2806 3273 ἀδυναμίαν
2858 3199 3079 3270 συνῆψε·
3133 3198 3487 3272 φυλαξὼμεθα
3531 3204 3624 3258 τὴν
3667 3198 3893 3267 κατάγνω·

2341 3309 2444 3357 σιν,
2493 3290 2562 3350 ὡς
2614 3287 2697 3340 ἐπὶ
2752 3295 2960 3361 μικροῖς
3009 3289 3293 3361 παθήμασι
3355 3289 3557 3362 μεγάλα
3612 3284 3891 3359 ὀδυρόμενοι.

2335 3376 2422 3432 Ἐν
2451 3380 2552 3450 γάρ
2586 3376 2725 3430 ἐστιν
2773 3374 2966 3440 ὀδύνης
3013 3376 3177 3445 ἀξιον,
3210 3379 3238 3435 ἠ
3271 3377 3439 3430 αὑτοῦ
3464 3377 3652 3430 ἐκείνου
3691 3372 3890 3436 ἀπώλεια,

2335 3475 2425 3520 τοῦ
2455 3476 2547 3527 τῆς
2609 3470 2936 3540 προσκαίρου
2998 3468 3156 3519 ἕνεκεν
3211 3462 3376 3529 δόξης
3431 3468 3592 3542 (εἴπερ
3637 3462 3720 3517 οὖν
3770 3459 3891 3522 δόξαν

2335 3559 2445 3628 χρὴ
2488 3557 2650 3628 λέγειν
2689 3558 2746 3608 τὸ
2779 3553 3019 3628 δημοσίᾳ
3050 3553 3404 3628 ἀσχημονεῖν)
3437 3565 3534 3619 τῆς
3585 3555 3780 3614 αἰωνίας
3817 3557 3890 3602 τῶν

2338 3641 2558 3697 δικαίων
2615 3653 2773 3716 τιμῆς
2830 3644 3010 3697 ἑαυτὸν
3065 3643 3552 3720 ἀποστερήσαντος.
3599 3648 3751 3698 Τεκνα
3798 3641 3891 3712 ὁμο·

2335 3733 2586 3804 λογητῶν,
2641 3739 2730 3786 καὶ
2786 3738 2939 3785 τέκνα
3011 3737 3288 3809 μαρτύρων
3350 3733 3469 3788 ἐστὶ
3513 3774 3528 3800 ,
3587 3742 3683 3786 τῶν
3741 3734 3892 3804 μέχρις

2337 3826 2556 3896 αἵματος
2602 3821 3089 3875 ἆντικαταστάντων
3131 3827 3260 3898 πρὸς
3327 3828 3428 3883 τὴν
3474 3823 3724 3898 ἁμαρτίαν
3750 3863 3761 3875 .
3800 3824 3891 3874 Τοῖς

2336 3911 2546 3972 οἰκείοις
2574 3911 2786 3970 ἕκαστος
2816 3912 3120 3981 χρησάσθω
3151 3906 3519 3984 ὑποδείγμασι
3543 3912 3771 3984 πρὸςτὴν
3796 3907 3890 3975 ὑπὶρ

2337 4009 2432 4062 τῆς
2458 3999 2714 4060 εὐσεϐείας
2743 4000 2986 4052 ἔνστασιν
3018 4002 3153 4068 (l8).
3187 3996 3550 4072 Οὑδεὶςὴμῶν
3577 4003 3688 4068 (19)
3715 3996 3892 4064 πληγαῖς

2336 4090 2646 4152 κατεξάνθη,
2701 4086 2912 4150 οὑδενὸς
2979 4089 3114 4149 οἶκος
3171 4084 3468 4161 ἓδημεὺθη’
3518 4089 3578 4142 οὑ
3624 4092 3712 4145 τὴν
3765 4085 3890 4152 ὑπερ-

2336 4186 2482 4254 ορίαν
2541 4180 2817 4250 ᾠκήσαμεν
2851 4219 2866 4245 ,
2917 4177 2976 4230 οὑ
3028 4175 3396 4251 δεσμωτήριον
3452 4178 3801 4254 ἐγνωρίσαμεν.
3845 4173 3890 4222 Τί

2337 4271 2658 4340 πεπόνθαμεν
2708 4263 2873 4319 δεινόν
2907 4283 2921 4334 ;
2955 4267 3000 4320 εἰ
3041 4271 3112 4340 μὴ
3163 4268 3310 4339 τάχα
3363 4276 3520 4320 τοῦτο
3576 4267 3804 4338 λυπηρὸν,
3831 4260 3890 4311 ὃτι

2336 4355 2502 4430 μηδὲν
2569 4357 2935 4425 πεπόνθαμεν,
2985 4353 3122 4428 μηδι
3189 4355 3546 4430 ἐτομίσθημεν
3623 4356 3751 4419 ἄξιοι
3813 4357 3890 4401 τῶν

2338 4448 2462 4522 ὑπὲρ
2516 4453 2752 4520 Χριστοῦ
2805 4447 3146 4517 παθημάτων.
3207 4445 3266 4498 Εἰ
3323 4442 3383 4499 δε
3442 4447 3521 4498 ὃτι
3575 4446 3600 4498 ό
3655 4442 3786 4496 δεῖνα
3822 4440 3888 4489 τὸν

2336 4533 2473 4588 οἶκον
2515 4540 2731 4606 κατέχει
2781 4543 2871 4595 τῆς
2916 4542 3225 4607 προσευχῆς
3253 4577 3267 4602 ,
3313 4537 3461 4607 ὑμεῖς
3492 4532 3552 4588 δε
3589 4533 3636 4587 ἓν
3662 4539 3729 4603 τῷ
3769 4528 3892 4581 ὑπαί·

2336 4628 2440 4697 θρῳ
2501 4629 2835 4698 προσκυνεῖτε
2906 4627 2994 4675 τὸν
3047 4623 3267 4697 οὐρανοῦ
3330 4630 3422 4676 καὶ
3489 4632 3590 4695 γῆς
3647 4623 3884 4681 Δεσπότην,

2333 4721 2486 4766 τοῦτο
2515 4715 2651 4786 ὑμᾶς
2703 4711 2841 4782 ἀνιᾷ,
2875 4712 3199 4784 ἐνθυμήθητε
3237 4713 3365 4782 (20),
3394 4714 3478 4764 ὅτι
3515 4714 3565 4764 οἱ
3610 4713 3696 4784 μεν
3739 4702 3888 4760 ἕνδεκα

2333 4805 2569 4876 μαθηται
2612 4801 2661 4854 ἓν
2718 4810 2790 4872 τῷ
2848 4803 3062 4874 ὑπερῴῳ
3136 4798 3270 4860 ἦσαν
3346 4800 3814 4873 ἀποκεκλεισμένοι,
3850 4791 3887 4843 οἱ

2405 5034 2520 5102 (18)
2557 5032 2859 5086 Ἐνστασιν.
2909 5031 3054 5088 Male
3122 5031 3515 5088 Combeﬁsius
3575 5024 3886 5102 vertendum

2333 5099 2702 5176 pronuntiat,
2735 5105 3021 5159 adversus
3067 5104 3203 5175 vim,
3237 5121 3371 5176 quae
3414 5104 3612 5176 pietati
3658 5099 3884 5176 infertur.

2406 5178 2421 5251 ς
2434 5175 2519 5245 19)
2558 5171 2747 5247 ἸΙμῶν.
2781 5179 2843 5230 ln
2865 5181 2986 5231 tota
3017 5176 3130 5230 hac
3162 5171 3486 5251 verborum
3517 5171 3886 5251 complexione

2334 5245 2592 5319 primam
2621 5245 2966 5318 personam
3019 5247 3451 5319 apposuimus,
3475 5246 3615 5319 quia
3657 5245 3732 5297 sic
3755 5248 3887 5319 rep?

2335 5314 2524 5372 rimus
2568 5314 2772 5372 in‘sex
2824 5314 3344 5388 mss.rcodicibus.
3376 5314 3522 5372 Editi
3569 5318 3722 5388 ὑμῶν,
3750 5314 3799 5365 et
3822 5316 3886 5359 sic

2337 5389 2622 5474 deinceps
2647 5387 3315 5474 ξῄκήσριτε...ἐνρμίσθητε.

2409 5462 2518 5532 (20)
2555 5447 2933 5532 ‘Evo'ugwaoam.
2974 5447 3120 5515 Edi'ti
3181 5462 3494 5532 apponunt
3543 5457 3636 5512 hic
3687 5447 3880 5520 ἀδελφοί.

2337 5531 2454 5587 Sed
2483 5547 2554 5588 ea
2580 5531 2888 5589 vox'deest
2905 5533 2968 5589 in
2999 5547 3102 5588 sex
3127 5531 3432 5588 codicibus
3456 5545 3601 5586 mss.

4007 3535 4018 3576 ι

4015 3631 4020 3648 l

4011 3655 4020 3668 ,ι
