4100 6214
247 272 355 332 897

1214 262 1701 326 EPISTOLARUM
1737 263 2019 323 CLASSIS
2057 264 2124 323 ll.
2164 263 2382 325 EPIST.
2425 267 2646 327 CCXLI.

3502 273 3608 331 898

252 395 729 472 δὶσταυρὼσαντες
782 393 871 446 τόν
919 392 1113 469 Κύριον
1172 390 1221 445 ἐν
1262 396 1337 464 τῷ
1390 389 1684 466 περιϐοήτῳ
1746 396 1852 460 ναῷ

1968 388 2061 462 ρΙο
2081 389 2307 449 cultum
2335 392 2653 449 Iudaicum
2681 391 3099 467 adimplerent.
3117 393 3308 453 Judas
3327 394 3485 452 enim
3504 395 3611 469 qui

248 491 344 546 τήν
400 480 703 543 Ἰουδαίκὴν
758 481 995 557 λατρείαν
1033 479 1307 559 ἐπλήρουν.
1351 476 1560 542 Ἰούδας
1614 481 1852 554 γὰρ,τὸν

250 572 332 632 δι’
369 573 606 649 ἀγχόνης
645 575 862 628 θάνατον
900 579 992 626 τοῦ
1038 572 1149 645 μετ’
1180 570 1444 643 αἰσχύνης
1477 570 1573 643 ζῇν
1598 573 1855 643 προτιμή-

255 685 371 733 σας,
398 662 564 728 ἔδειξε
611 665 759 737 τάχα
794 669 895 716 τῶν
936 669 1024 715 νῦν
1054 660 1548 736 ἁπερυθριασάντων
1577 660 1692 730 (21)
1722 661 1852 734 πρὸς

251 760 430 807 πᾶσαν
460 751 741 828 ἀνθρώπων
771 752 1122 824 κατάγνωσιν,
1152 754 1244 803 καί
1274 745 1368 802 διὰ
1415 756 1570 802 τοῦτο
1625 744 1853 809 ἀναιδῶς

252 846 386 920 πρός
403 845 471 898 τὰ
493 842 704 917 αἰσχρὰ
723 837 1085 913 διακειμένων,
1116 838 1296 894 ἐαυτὸν
1327 840 1679 913 αἱρετώτερον.

326 973 380 1028 3.
419 971 587 1024 Μόνον
632 971 705 1042 μὴ
761 965 1119 1031 ἐξαπατηθῆτε
1170 971 1287 1028 ταῖς
1340 959 1714 1037 ψευδολογίαις
1752 962 1852 1016 αὖ-

249 1066 353 1113 τῶν
391 1058 504 1129 (22)
548 1054 992 1130 ἐπαγγελλομένων
1053 1053 1315 1131 ὀρθότητα
1390 1058 1656 1116 πίστεως.
1715 1060 1853 1125 Χρι-

252 1152 542 1221 στέμποροι
567 1148 670 1221 γὰρ
718 1147 768 1199 οἱ
814 1151 1069 1213 τοιοῦτοι,
1094 1146 1185 1195 καὶ
1219 1142 1277 1195 οῦ
1317 1145 1651 1217 Χριστιανοὶ,
1684 1145 1742 1194 τὸ
1774 1140 1852 1194 ἀεὶ

248 1237 429 1299 αὐτοῖς
491 1238 626 1290 κατὰ
674 1238 763 1288 τόν
820 1233 938 1309 βίον
991 1241 1173 1287 τοῦτον
1233 1232 1532 1285 λυσιτελοῦν
1596 1240 1688 1285 τοῦ
1735 1232 1852 1285 κατ’

248 1324 495 1385 ἀλήθειαν
547 1325 645 1399 ζῇν
714 1332 1084 1400 προτιμῶντες.
1142 1322 1267 1376 Ὅτε
1314 1321 1558 1395 ἐνόμισαν
1623 1322 1852 1374 κτᾶσθαι

246 1419 348 1475 τήν
401 1418 551 1474 κενὴν
613 1415 807 1473 ταύτην
874 1414 1071 1488 ἀρχὴν,
1112 1413 1418 1485 προσέθεντο
1461 1418 1574 1474 τοῖς
1637 1409 1851 1483 ἐχθροῖς

246 1511 345 1559 τοῦ
397 1510 635 1577 Χριστοῦ
664 1519 677 1534 ⁶
734 1502 818 1556 ὁτε
873 1498 1012 1555 εἶδον
1072 1504 1196 1563 τοὺς
1249 1499 1402 1563 λαοὺς
1465 1498 1849 1573 ἁγριαίνοντας,

248 1593 684 1667 σχηματίζονται
720 1591 874 1645 πάλιν
929 1595 1024 1649 τὴν
1077 1589 1370 1664 ὀρθότητα.
1404 1589 1516 1642 Οὐκ
1562 1585 1688 1642 οἶδα
1734 1587 1850 1641 ἐπί-

250 1700 487 1748 σκοπον,
546 1676 686 1755 μηδὲ
729 1678 1089 1754 ἀριθμήσαιμι
1132 1676 1180 1730 ἐν
1231 1679 1424 1753 ἱερεῦσι
1477 1684 1713 1752 Χριστοῦ
1762 1680 1850 1729 τόν

1961 479 2288 552 suspendio
2334 479 2571 539 interire
2613 481 2844 549 maluit,
2888 500 3077 555 quam
3130 500 3271 541 cum
3317 484 3610 541 dedecore

1958 568 2179 636 vivere,
2206 568 2457 625 forsitan
2486 571 2558 626 iis
2598 570 2702 643 qui
2732 586 2893 627 nunc
2916 573 2995 628 ad
3015 588 3261 630 omnem
3288 572 3607 629 hominum

1958 656 2526 714 condemnationem
2565 658 2693 714 sine
2726 659 2944 715 rubore
3001 675 3130 715 sese
3176 661 3524 731 obﬁrmant,
3551 664 3609 717 et

1957 745 2183 802 idcirco
2222 745 2661 819 impudentiam
2682 748 2761 805 ad
2790 748 2993 821 turpia
3014 765 3139 822 prae
3166 765 3230 807 se
3260 749 3455 808 ferunt
3478 763 3607 807 me-

1958 834 2169 892 liorem
2194 851 2256 892 se
2280 836 2566 893 exhibuit.

2030 965 2083 1019 3.
2126 962 2386 1018 Tantum
2433 978 2509 1018 ne
2538 960 2926 1036 decipiamini
2971 961 3211 1019 illorum
3255 962 3604 1037 mendaciis,

1959 1049 2109 1106 dum
2151 1057 2379 1108 rectam
2425 1050 2610 1107 ﬁdem
2653 1067 2776 1123 prae
2833 1068 2895 1108 se
2940 1052 3157 1108 ferunt.
3187 1052 3400 1109 Christi
3445 1053 3608 1110 enim

1959 1145 2321 1196 mercatores
2368 1140 2669 1211 ejusmodi
2727 1140 3025 1210 homines,
3065 1157 3188 1197 non
3252 1140 3606 1207 Christiani;

1962 1244 2204 1301 semper
2226 1228 2495 1301 id,quod
2540 1230 2688 1301 ipsis
2734 1230 2795 1285 in
2824 1230 2941 1285 hac
2987 1230 3112 1286 vita
3155 1229 3295 1286 utile
3342 1235 3450 1297 est,
3474 1229 3607 1286 vitae

1962 1318 2041 1375 ad
2083 1319 2391 1375 veritatem
2448 1320 2923 1375 accommodata
2976 1324 3429 1391 anteponentes.
3462 1320 3608 1375 Cum

1960 1413 2351 1480 speraverunt
2380 1408 2706 1478 adepturos
2736 1423 2798 1462 se
2842 1407 3086 1463 inanem
3116 1407 3283 1463 illum
3310 1407 3610 1479 principa-

1960 1500 2108 1563 tum,
2140 1496 2545 1567 adjunxerunt
2571 1511 2632 1552 se
2665 1495 2923 1551 inimicis
2954 1496 3196 1551 Christi:
3217 1496 3320 1551 ubi
3349 1496 3608 1567 populos

1957 1586 2047 1642 ira
2075 1586 2350 1642 efferatos
2379 1584 2815 1654 vident,rursus
2834 1589 3058 1641 rectam
3086 1584 3268 1640 ﬁdem
3300 1584 3604 1640 simulant.

1960 1679 2090 1732 Non
2133 1690 2397 1747 agnosco
2453 1675 2842 1746 episcopum,
2872 1688 2984 1729 nec
3031 1672 3403 1729 numerarim
3454 1673 3608 1729 inter

247 1771 397 1845 παρά
442 1736 558 1822 τῶνι
601 1736 863 1843 βεϐήλρψν⁶
888 1736 1083 1843 χειρῶν
1138 1765 1220 1820 ἐπὶ
1270 1736 1556 1819 καταλύσέι
1610 1774 1703 1827 τῆς
1756 1770 1850 1819 πί-

1968 1766 2169 1822 Christi
2196 1763 2536 1819 sacerdotes
2567 1779 2707 1819 eum
2730 1763 2836 1835 qui
2862 1778 2897 1819 a
2918 1762 3184 1835 profanis
3218 1763 3501 1818 manibus
3526 1763 3607 1819 ad

250 1878 417 1922 στεως
468 1858 541 1921 είς
589 1862 921 1933 προστασίαν
968 1854 1398 1930 προϐεϐλημένον.
1434 1855 1576 1914 Ᾱῦτη
1619 1853 1760 1908 ἐστὶν
1816 1857 1846 1915 ἡ

246 1944 351 2022 ἐμὴ
395 1951 593 2024 κρίσις.
624 1952 780 2020 Υμεῖς
811 1940 870 1999 δὲ
899 1947 944 1998 εἰ
970 1964 1087 1997 τινα
1120 1945 1268 2016 ἔχετε
1312 1941 1424 2017 μεθ’
1461 1945 1605 2017 ἡμῶν
1636 1940 1847 2018 μερίδα,

248 2038 417 2090 ταῦτὰ
444 2037 571 2109 ἡμῖν
602 2040 881 2110 φρονήσετε
924 2029 1187 2093 δηλονότι*
1230 2032 1273 2086 εἰ
1312 2028 1371 2086 δὲ
1414 2031 1487 2106 ἐφ’
1516 2032 1707 2085 ἑαυτῶν
1735 2032 1848 2106 (23)

249 2122 587 2198 βουλεύεσθε,
616 2132 712 2187 τῆς
760 2118 899 2184 ἰδίας
934 2127 1146 2196 γνώμης
1189 2122 1405 2183 ἕκαστος
1445 2123 1627 2195 κύριός
1684 2121 1848 2192 ἐστιν,

250 2215 405 2287 ἡμεῖς
476 2212 638 2268 ἀθῶοι
712 2210 813 2266 ἀπὸ
893 2218 984 2265 τοῦ
1068 2211 1285 2283 αἵματος
1352 2212 1541 2264 τούτου
1571 2251 1585 2267 .
1671 2218 1851 2264 Ταῦτα

250 2299 313 2357 (ἴε
333 2302 558 2379 ἔγραψα,
590 2302 697 2376 οὐχ
717 2302 840 2376 ὑμῖν
860 2301 1119 2372 ἀπιστῶν,
1143 2298 1272 2353 ἀλλὰ
1294 2303 1353 2354 τὸ
1383 2320 1535 2353 τινων
1567 2299 1849 2374 ἀμφίϐολον

250 2393 518 2467 στηρίζων
565 2390 621 2445 ἐκ
677 2398 768 2444 τοῦ
805 2394 1064 2466 γνωρίσαι
1108 2393 1203 2449 τὴν
1244 2388 1469 2463 ἐμαυτοῦ
1520 2395 1753 2462 γνώμην,
1785 2391 1851 2452 ὡς

248 2485 321 2555 μὴ
366 2480 732 2556 προληφθῆναί
766 2481 877 2551 (24)
924 2498 1044 2533 τινα
1094 2478 1164 2542 εἰς
1215 2484 1509 2551 κοινωνίαν,
1564 2475 1704 2551 μηδέ
1760 2487 1851 2541 τῆς

248 2574 429 2648 χειρὸς
457 2569 626 2624 αὐτῶν
656 2566 897 2628 ἐπιϐολὴν
920 2564 1250 2641 δεςαμένους,
1283 2569 1416 2641 μετὰ
1437 2575 1605 2621 ταῦτα
1642 2567 1849 2642 εἰρήνης

246 2662 545 2733 γενομένης,
578 2656 867 2732 βιάζεσθαι
919 2655 1135 2718 ἐαυτοῦς
1182 2653 1471 2731 ἐναριθμεῖν
1502 2664 1576 2728 τῷ
1607 2657 1849 2730 ἱερατικῷ

246 2748 595 2822 πληρώματι.
659 2749 837 2801 Πάντα
890 2748 978 2798 τὸν
1045 2744 1273 2819 κλῆρον,
1331 2748 1418 2798 τόν
1465 2764 1519 2799 τε
1574 2748 1709 2797 κατὰ
1756 2749 1851 2804 τὴν

245 2836 421 2903 πόλιν,
445 2840 536 2891 καὶ
566 2840 654 2891 τὸν
705 2835 791 2889 ἐπὶ
849 2842 940 2897 τῆς
976 2838 1301 2910 παροικίας,
1350 2836 1482 2907 μετὰ
1527 2836 1721 2896 παντὸς
1758 2841 1851 2887 τοῦ

244 2927 379 2981 λαοῦ
424 2934 519 2980 τοῦ
576 2924 893 3001 φοϐουμένου
956 2926 1045 2979 τόν
1104 2925 1293 2998 Κύριον
1319 2965 1335 2996 ,
1377 2923 1725 2998 ἀσπαζόμεθα
1777 2919 1849 2979 δι’

246 3018 396 3090 ὑμῶν
423 3016 562 3090 (25).

776 3208 1118 3262 ΕΠΙΣΤΟΛΗ
1155 3206 1323 3264 ΣΜΑ’.

1960 1854 2330 1910 eversionem
2360 1853 2498 1908 ﬁdei
2529 1853 2933 1925 principatum
2963 1853 3216 1924 accepit.
3251 1854 3371 1909 Hoc
3401 1868 3606 1908 meum

1960 1948 2049 1999 est
2070 1941 2388 2014 judicium.
2423 1944 2536 1996 Vos
2571 1947 2772 1997 autem
2813 1941 2863 1996 si
2892 1956 3077 2013 quam
3101 1945 3335 2013 partem
3364 1956 3606 1997 mecum

1957 2031 2214 2101 habetis,
2237 2029 2450 2086 eadem
2477 2030 2684 2103 utique
2713 2045 2784 2085 ac
2804 2045 2935 2099 ego,
2969 2030 3258 2086 sentietis:
3284 2029 3377 2085 sin
3403 2035 3607 2087 autem

1956 2121 2128 2179 vobis
2148 2121 2265 2193 ipsi
2290 2136 2564 2176 seorsum
2594 2118 2914 2176 consilium
2944 2119 3166 2191 capitis,
3199 2135 3323 2176 suae
3350 2120 3607 2192 quisque

1958 2210 2264 2269 sententiae
2307 2210 2590 2266 dominus
2628 2214 2735 2280 est,
2766 2224 2878 2265 nos
2921 2208 3001 2264 ad
3028 2209 3146 2264 hoc
3192 2212 3484 2280 sanguine
3513 2209 3609 2265 in-

1959 2306 2161 2358 sontes
2195 2316 2427 2355 sumus.
2465 2300 2597 2353 Haec
2625 2302 2826 2354 autem
2858 2296 3086 2369 scripsi,
3107 2313 3231 2353 non
3253 2298 3419 2370 quod
3440 2298 3609 2354 vobis

1958 2389 2254 2456 difﬁdam,
2284 2387 2392 2444 sed
2414 2392 2476 2443 ut
2502 2386 2934 2443 nonnullorum
2959 2385 3398 2443 dubitationem
3429 2386 3611 2457 signi-

1959 2479 2235 2535 ﬁcatione
2248 2493 2398 2533 meae
2411 2476 2719 2532 sententia;
2740 2475 3195 2543 conﬁrmem,ne
3216 2476 3320 2548 qui
3341 2491 3611 2533 commu-

1958 2569 2139 2625 nione
2159 2571 2677 2640 praeoccupentur,
2700 2580 2870 2631 neve,
2899 2570 3146 2637 accepta
3173 2564 3252 2621 ab
3273 2565 3357 2621 eis
3386 2581 3608 2627 manus

1958 2656 2359 2730 impositione,
2385 2660 2597 2727 postea
2635 2669 2785 2726 pace
2817 2652 3071 2721 reddita,
3105 2654 3228 2709 vim
3270 2653 3512 2723 faciant,
3543 2643 3611 2712 ut

1958 2746 2021 2803 in
2052 2750 2288 2803 sacrato
2319 2748 2475 2800 coetu
2495 2745 2936 2799 recenseanlur.
2960 2741 3194 2798 Clerum
3214 2757 3460 2800 omnem
3481 2748 3606 2800 tum

1960 2834 2067 2909 qui
2095 2835 2155 2890 in
2184 2832 2354 2903 urbe,
2378 2837 2506 2888 tum
2550 2832 2653 2903 qui
2704 2832 2767 2887 in
2812 2829 3079 2903 parmcia
3120 2845 3243 2888 una
3280 2845 3418 2887 cum
3443 2831 3610 2888 omni

1960 2922 2188 2999 populo
2218 2921 2543 2980 Dominum
2571 2921 2815 2977 timente
2840 2934 2948 2993 per
2970 2933 3082 2977 vos
3110 2918 3465 2977 salutamus.

2471 3197 2806 3257 EPISTOLA
2845 3196 3095 3255 CCXLI'.

249 3380 568 3442 Rationem
590 3383 791 3442 reddit
813 3386 1099 3457 Basilius,
1121 3402 1235 3445 cur
1259 3402 1416 3457 saepe
1442 3387 1507 3445 in
1536 3388 1753 3445 litteris
1782 3402 1878 3445 res
1903 3385 2183 3444 molestas
2220 3381 2760 3457 Egseeiornuntiet,
2781 3393 2992 3457 nempe
3020 3383 3084 3436 ut
3112 3391 3173 3436 se
3197 3377 3325 3448 ipse
3346 3377 3612 3437 sublevet

806 3454 1117 3532 gemenda,
1153 3466 1208 3519 el
1238 3454 1560 3520 Eusebium
1591 3460 1672 3519 ad
1708 3461 2085 3521 intentiorem
2113 3472 2227 3527 pro
2255 3454 2532 3512 Ecclesia
2559 3467 2794 3523 precem
2826 3454 3059 3509 excitet.

606 3639 857 3713 Εὔσεϐίῳ,
878 3638 1146 3716 ἐπισκόπῳ
1172 3642 1509 3717 Σαμοσάτων.

2265 3639 2512 3697 Eusebio
2551 3639 2817 3710 episcopo
2852 3638 3318 3695 Samosatorum.

332 3806 457 3880 Οὐχ
486 3809 621 3870 ᾧστε
660 3810 867 3874 πλείους
916 3820 1140 3872 ποιῆσαι
1178 3814 1271 3876 τὰς
1314 3810 1557 3887 ἀθυμίας,
1594 3820 1697 3866 τῶν
1728 3807 1853 3865 dua-

2038 3810 2165 3865 Non
2198 3812 2261 3863 ut
2282 3824 2603 3864 maerorem
2626 3821 3071 3879 augeam,sa3pe
3100 3818 3300 3862 rerum
3339 3802 3615 3861 molesta-

251 3905 436 3970 χερῶν
500 3898 740 3961 πολλάκις
793 3898 842 3952 ἐν
907 3909 1013 3962 τοῖς
1078 3904 1208 3976 πρὸς
1263 3906 1357 3962 τὴν
1412 3903 1695 3977 τιμιότητά
1762 3921 1857 3955 σου

250 3989 570 4058 γράμμασιν
627 3986 687 4039 οὗ
763 3984 1089 4062 φειδόμεθα,
1150 3988 1262 4059 ἀλλ,
1335 3990 1469 4045 ὥστε
1529 3990 1730 4052 ἑαυτοῖς
1804 3993 1859 4043 τέ

251 4093 379 4127 τινα
408 4076 522 4145 (26)
560 4079 898 4150 παραμυθίαν
953 4074 1138 4131 δοῦναι
1169 4075 1264 4132 διὰ
1320 4088 1419 4132 τῶν
1459 4088 1778 4152 στεναγμῶν,
1810 4078 1860 4130 οἱ

251 4166 527 4236 πεφύκασί
563 4184 667 4226 πως
713 4168 772 4219 τό
834 4165 881 4218 ἐν
933 4174 1007 4237 τῷ
1063 4164 1220 4238 βάθει
1288 4166 1515 4240 ἀλγεινόν
1570 4165 1857 4242 διαγορεῖν,

252 4253 384 4305 ὃταν
426 4257 690 4324 γίνωνται’
739 4259 831 4307 καὶ
871 4258 967 4313 τὴν
1022 4259 1120 4315 σὴν
1158 4257 1493 4329 μεγαλόνοιαν
1535 4261 1666 4334 πρὸς
1713 4256 1859 4310 ἐκτε-

249 4346 499 4416 νεστέραν
551 4346 644 4401 τὴν
686 4344 813 4418 ὑπερ
874 4352 974 4396 τῶν
1024 4344 1344 4404 Ἐκκλησιῶν
1423 4347 1590 4417 εὐχὴν
1663 4365 1861 4419 παρορ-

250 4439 454 4504 μῆσαι.
488 4431 624 4485 Ἐπεὶ
680 4438 770 4485 καὶ
818 4439 1045 4494 Μωῦσῆς
1100 4437 1297 4505 ηὔχετο
1339 4437 1429 4507 μεν
1477 4433 1551 4487 ἀεὶ
1607 4436 1732 4509 ὑπὲρ
1770 4441 1862 4488 τοῦ

249 4520 387 4573 λαοῦ
415 4517 677 4577 δηλονότι·
707 4522 791 4574 ὅτε
827 4527 1001 4595 μέντοι
1028 4526 1160 4596 πρὸς
1180 4526 1264 4575 τὸν
1298 4523 1530 4595 ’Δμαλὴκ
1552 4526 1692 4595 ἀγὼν
1724 4524 1861 4593 αὐτῷ

254 4616 615 4677 συνειστήκει,
638 4610 697 4662 οῦ
718 4613 913 4670 καθῆκι
930 4615 1018 4672 τὰς
1040 4620 1225 4686 χεῖρας
1247 4610 1299 4675 ἐξ
1323 4613 1386 4665 ἐω
1408 4613 1861 4687 μέχρις)ἐσπέρας’

253 4698 373 4751 ἀλλ’
412 4700 442 4757 ἠ
499 4702 711 4761 ἕκτασις
764 4709 863 4752 τῶν
909 4709 1104 4775 χειρῶν
1141 4708 1236 4755 τοῦ
1277 4701 1430 4775 ἁγίου
1469 4710 1544 4775 τῷ
1586 4702 1717 4756 τέλει
1769 4711 1866 4763 τῆς

253 4790 450 4862 μάχης
483 4789 923 4866 συναπηρτίζετο.

335 4966 381 5002 θ’
423 4965 610 5025 Exod.
637 4983 779 5041 xvn,
815 4972 901 5025 l2.

1966 3916 2100 3956 rum
2129 3899 2190 3955 in
2212 3899 2364 3955 datis
2385 3899 2465 3955 ad
2488 3904 2653 3955 tuam
2684 3898 3039 3968 dignitatem
3068 3897 3271 3953 litteris
3290 3909 3411 3952 non
3434 3906 3616 3968 parce

1968 3989 2238 4053 memini,
2260 3988 2365 4044 sed
2402 3993 2467 4045 ut
2523 3992 2578 4044 et
2622 3988 2772 4043 mihi
2801 3990 2928 4060 ipse
2978 3986 3263 4043 solatium
3292 3984 3479 4041 {eram
3511 3998 3619 4056 per

1968 4078 2356 4150 gemitus,qui
2374 4076 2565 4133 solent
2584 4076 3042 4149 quodammodo
3058 4075 3334 4130 intimum
3354 4073 3621 4130 doloren:

1968 4165 2322 4235 dissolvere,
2350 4166 2498 4221 dum
2529 4170 2887 4237 erumpunt;
2916 4174 2975 4220 et
3003 4179 3295 4234 magnum
3344 4164 3617 4219 animum

1969 4259 2138 4311 tuum
2159 4255 2235 4311 ad
2257 4256 2635 4312 intentiorem
2661 4270 2772 4327 pro
2789 4254 3058 4310 Ecclesiis
3083 4268 3322 4327 precem
3344 4255 3621 4311 excitem.

1970 4348 2117 4401 Nam
2154 4350 2210 4401 et
2235 4344 2423 4401 Moses
2452 4358 2691 4417 semper
2721 4344 2964 4417 quidem
2994 4358 3104 4416 pro
3134 4342 3355 4415 populo
3377 4342 3619 4399 orabat:

1971 4440 2183 4489 atcum
2210 4450 2478 4507 pugnam
2512 4450 2651 4490 cum
2680 4433 2919 4489 Amalec
2943 4431 3357 4500 committeret,
3378 4445 3499 4486 non
3532 4446 3622 4487 re~

1973 4523 2132 4578 misit
2159 4540 2379 4579 manus
2403 4524 2480 4579 ab
2502 4539 2722 4580 aurora
2753 4522 2833 4577 ad
2856 4537 3165 4593 vesperam
3192 4521 3233 4557 ⁸¹
3261 4538 3274 4589 ;
3308 4520 3413 4576 sed
3432 4520 3623 4577 sanet!

1972 4626 2269 4667 manuum
2316 4613 2583 4669 extensio
2612 4627 2736 4669 non
2786 4612 2926 4679 alio,
2947 4627 3135 4683 quam
3164 4625 3392 4683 pugna,
3422 4609 3623 4668 termi-

1973 4705 2119 4758 nata
2132 4704 2221 4759 est
2234 4700 2375 4760 ﬁne.

334 5140 457 5219 (2i)_
488 5139 1030 5219 Ἀπερυθριασάντων.
1064 5148 1149 5203 Ita
1194 5160 1341 5201 mss.
1388 5144 1680 5219 quinque.
1714 5144 1853 5203 Edill

1975 5148 2089 5219 τοῦ.
2137 5140 2313 5219 Coisl.
2339 5143 2593 5219 uterque
2622 5143 2679 5219 et
2702 5138 2922 5219 Regius
2949 5144 3201 5215 uterque
3230 5144 3295 5199 ut
3320 5142 3395 5219 tu»
3426 5140 3615 5199 tm?»

255 5211 771 5285 ἀπερυθριαζόντών.

335 5284 442 5362 (fg?)
468 5284 680 5362 ᾼύτῷν.
707 5287 791 5341 Ita
832 5285 1015 5343 iidem
1042 5303 1332 5362 sex_mss._
1359 5286 1511 5344 Editi
1559 5285 1862 5362 ἀνθρώπων,

330 5356 602 5434 φωςεφζ
632 5356 842 5434 ἑαυτῶν.
894 5362 981 5413 lta
1028 5359 1203 5416 Coisl.
1243 5360 1478 5432 primus
1502 5356 1863 5417 cum'tribns

258 5426 421 5499 aliis.
456 5428 605 5482 Editi
637 5427 720 5499 ἀφ’
756 5429 969 5483 ἑαυτῶν.

333 5496 449 5567 (24)
489 5503 575 5557 Μὴ
618 5496 976 5573 προληφθῆναί
1020 5520 1153 5557 τινα.
1187 5501 1370 5558 Paris.
1394 5507 1451 5558 et
1484 5505 1622 5573 Reg.
1652 5517 1864 5559 secun-

256 5568 381 5627 dus
420 5573 494 5642 μὴ
528 5568 888 5644 προληφθῆναι
939 5593 1101 5636 τινας.
1134 5574 1361 5631 [bidem
1392 5574 1533 5633 editi
1559 5568 1737 5648 inpos
1765 5575 1864 5632 αὐ-

2049 5215 2161 5286 (25)
2201 5214 2275 5286 Δι’
2324 5213 2484 5285 ὑμῶν.
2538 5214 2711 5286 Lied.,
2765 5213 2939 5271 Coisl.
2972 5213 3223 5286 uterque-
3261 5219 3317 5270 ct
3364 5216 3505 5282 Hoc.
3533 5224 3628 5273 9‘7

1972 5283 2209 5344 cundus
2230 5283 2323 5338 διὰ
2340 5283 2454 5338 σοῦ.

2040 5361 2148 5428 (26)
2190 5358 2425 5419 Ἐαυτοῖς
2480 5359 2534 5409 τέ
2584 5374 2722 5411 τινα.
2775 5356 2963 5412 Coisl.
3025 5352 3326 5428 secund:s
3370 5354 3429 5414 κε
3478 5352 3623 5423 ΗΘΒ.

1972 5427 2275 5487 seCundus
2330 5432 2446 5481 τινὰ
2497 5428 2731 5489 ἑαυτοῖς.
2791 5428 2967 5493 Harl,
3019 5427 3212 5485 αὐτοῖς.

2045 5503 2062 5523 '
2096 5500 2255 5560 Alias
2314 5502 2517 5558 CCXL.
2568 5499 2800 5572 Scripta
2854 5513 3016 5555 anno
3073 5500 3195 5554 376.
