4054 6228
518 286 628 354 90'!

1914 276 1971 346 S.
2012 274 2160 343 3A8]

2294 274 2519 353 metu
3724 286 3806 376 δσδ

522 420 741 475 vestras
761 413 1121 488 multiplices
1142 416 1383 472 nostras
1404 413 1778 472 calamitates
1803 414 2156 471 nuntiamus

2296 415 2492 509 captaa
2509 428 2603 482 τῆς
2640 419 2810 483 λύπης
2838 424 2897 474 τὸ
2942 417 3129 495 βάρος,
3162 414 3235 476 δι’
3283 415 3348 476 δέ
3383 416 3609 503 aptarit
3655 428 3808 509 ομεέε-

525 506 577 561 si
605 521 729 578 quo
758 504 946 561 modo
973 504 1393 560 vehementius
1422 502 1500 561 ad
1528 503 1905 578 precandum
1934 517 2044 575 pro
2070 518 2180 558 no-

522 594 618 650 bis
656 593 964 658 commoti.
994 594 1318 649 Dominum
1372 594 1631 650 exoretis
1672 598 1738 649 ut
1766 591 2183 649 reconcilietur

523 683 725 740 nobis.
773 683 946 748 Quod
975 682 1025 738 si
1082 698 1369 738 aerumnas
1411 698 1549 755 qua:
1596 698 1709 738 nos
1738 680 2013 751 afﬂigunt
2042 679 2179 735 solas

520 778 746 840 essent,
799 771 1222 828 statuissemus
1270 772 1477 844 utique
1557 771 1722 844 apud
1774 769 2179 841 nosmetipsos

522 866 740 932 tacere,
781 866 961 932 atque
1006 860 1068 916 in
1113 859 1539 931 incommodis
1575 874 1685 933 pro
1725 859 1955 915 Christo
1989 858 2179 931 prefe-

520 950 729 1007 rendis
760 948 1030 1020 gaudere
1061 965 1074 1004 :
1108 950 1231 1004 Non
1261 950 1423 1005 enim
1452 960 1591 1005 sunt
1619 949 1933 1020 condigna
1954 949 2177 1018 passio-

521 1054 629 1096 nes
657 1039 839 1109 hujus
866 1039 1146 1107 temporis
1176 1038 1257 1093 ad
1293 1039 1575 1107 futuram
1604 1039 1885 1108 gloriam,
1917 1052 2051 1109 qua:
2088 1052 2177 1094 re-

521 1129 827 1186 velabitur
860 1129 925 1183 in
980 1127 1151 1183 nobis
1171 1128 1240 1181 ⁸⁸.
1286 1130 1454 1183 Nunc
1505 1131 1708 1184 autem
1740 1141 2039 1192 veremur,
2070 1142 2174 1183 ne-

520 1215 772 1289 quando
792 1213 1220 1284 ingravescens
1251 1213 1505 1283 malum,
1536 1213 1700 1269 velut
1732 1214 1983 1270 ﬂamma
2010 1229 2174 1285 que-

518 1304 664 1361 dam
712 1304 1025 1359 ardentem
1100 1302 1420 1358 materiam
1466 1302 2173 1375 pervadens,postquam

518 1391 961 1465 consumpserit
987 1406 1124 1463 quae
1145 1391 1420 1463 proxima
1447 1396 1607 1461 sunt,
1639 1393 1894 1461 attingat
1913 1391 2091 1447 etiam
2118 1395 2176 1447 et

514 1482 864 1539 remotiora.
892 1481 1244 1553 Depascitur
1281 1482 1443 1537 enim
1494 1481 1795 1538 haereseos
1832 1480 2085 1550 malum,
2115 1478 2174 1537 et

512 1572 694 1628 timor
723 1574 925 1637 estne,
957 1571 1180 1626 voratis
1211 1570 1487 1626 Ecclesiis
1516 1571 1760 1637 nostris,
1792 1575 1996 1643 serpat
2035 1586 2172 1642 pos-

512 1664 609 1717 tea
634 1675 832 1732 usque
861 1659 941 1716 ad
970 1674 1185 1715 sanam
1212 1665 1447 1731 partem
1474 1665 1682 1716 vestrm
1716 1659 2006 1732 parmciae.
2034 1660 2170 1715 For-

2289 523 2391 599 ραν
2437 504 2645 578 ἀγάπην
2696 512 2791 572 τὰς
2842 506 3134 599 πολυειδεῖς
3202 511 3345 583 ἡμῶν
3400 522 3642 592 συμφορὰς
3687 504 3812 599 fieri.

2287 593 2546 667 γέλλομεν,
2586 600 2630 649 εἶ
2670 618 2780 661 πως
2825 598 2886 650 ἂν
2939 596 3286 674 σφοδρότερον
3341 600 3408 664 εἰς
3444 608 3529 667 τὰς
3560 609 3669 682 ὑπὲρ
3695 593 3810 684 ἠμάιν

2287 687 2593 775 προσευχὰς
2651 690 2960 753 κινηθέντες,
3016 684 3366 747 δυσωπήσητε
3415 694 3520 763 (57)
3557 700 3632 747 τὸν
3661 703 3813 775 Κύριον

2289 765 2636 843 διαλλαγῆναι
2674 774 2819 845 ἡμῖν.
2863 774 2925 827 Εἰ
2952 777 3041 847 μὲν
3091 775 3177 827 οὖν
3208 779 3264 828 αἰ
3295 776 3485 848 θλίψεις
3524 777 3645 839 ἦσαν
3690 765 3813 858 tam

2287 858 2342 908 αἱ
2400 869 2791 914 καταπονοῦσαι
2830 864 2989 935 ἡμᾶς,
3022 858 3116 914 κᾶν
3167 863 3614 941 συνεϐουλεΰσαμεν
3658 872 3816 945 ἑαυτοῖς

2284 950 2379 1004 τήν
2440 949 2679 1021 ἡσυχίαν
2735 950 2899 1023 ἄγειν,
2934 956 3023 1004 καὶ
3073 958 3258 1026 χαίρεν
3311 962 3411 1016 τοῖς
3454 958 3571 1033 ὑπὲρ
3622 956 3815 1037 Χριστοῦ

2284 1036 2609 1109 παθήμασιν,
2680 1037 2861 1099 ἐπειδὴ
2932 1040 3041 1094 Οὐκ
3107 1041 3232 1105 ἄξια
3298 1045 3363 1096 τὰ
3430 1049 3689 1119 παθήματα
3746 1046 3818 1105 τοῦ

2283 1134 2371 1179 νῦν
2461 1122 2649 1205 καιροῦ
2728 1126 2858 1208 πρὸς
2937 1136 3028 1192 τὴν
3094 1132 3377 1207 μέλλουσαν
3457 1134 3604 1201 δόξαν
3662 1140 3820 1196 ἀποκα-

2281 1212 2649 1287 λυφθήσεσθαι
2713 1218 2784 1282 εἷς
2831 1221 2990 1294 ἡμᾶς·
3050 1230 3137 1274 νῦν
3194 1219 3254 1276 δε
3306 1223 3609 1299 φοϐούμεθα,
3656 1235 3822 1302 μήποτε

2283 1303 2624 1378 αὐξανόμενον
2690 1312 2749 1361 τὸ
2810 1314 2992 1381 κακὸν,
3060 1313 3233 1387 ὥσπερ
3299 1333 3375 1375 τις
3440 1315 3560 1387 φλὸξ
3615 1313 3698 1371 διὰ
3747 1328 3822 1383 τῆς

2282 1394 2559 1467 καιομένης
2588 1396 2710 1460 ὕλης
2752 1394 3059 1472 βαδίζουσα
3105 1402 3241 1472 (58),
3269 1400 3478 1457 ἐπειδᾶν
3526 1408 3821 1483 καταναλώσῃ

2279 1483 2347 1535 τὰ
2383 1482 2626 1557 πλησίον,
2690 1486 2895 1558 ἅψηται
2961 1494 3050 1542 καὶ
3117 1497 3214 1543 τῶν
3280 1491 3505 1568 πόρρῥω.
3548 1482 3828 1568 Ἐπινέμεται

2278 1572 2380 1643 γὰρ
2434 1576 2493 1625 τὸ
2548 1578 2706 1627 κακὸν
2758 1585 2848 1637 τῆς
2885 1570 3145 1653 αῗρὲσεως·
3197 1583 3288 1631 καὶ
3327 1577 3441 1642 δέος
3491 1581 3613 1651 ἐστὶ,
3653 1587 3826 1655 μὴ,τὰς

2279 1661 2530 1736 ἡμετέρας
2583 1664 2895 1727 Ἐκκλησίας
2946 1676 3348 1740 καταφαγοῦσα,
3381 1669 3509 1744 ἔρψη
3560 1671 3721 1725 λοιπόν
3756 1679 3829 1727 καὶ

509 1754 671 1807 tasse
696 1749 895 1819 igitur,
925 1748 1072 1820 quia
1101 1749 1267 1820 apud
1304 1764 1420 1804 nos
1451 1748 1788 1805 abundavit
1827 1752 2160 1819 peccatum,

2280 1749 2363 1802 ἐπὶ
2401 1754 2459 1803 τὸ
2498 1752 2730 1824 ὑγιαῖνον
2768 1760 2919 1835 μέρος
2946 1763 3038 1817 τῆς
3067 1757 3183 1809 καθ’
3216 1760 3354 1830 ὑμᾶς
3381 1766 3660 1835 παροικίας.
3698 1765 3830 1835 Τάχα

509 1840 691 1912 primi
727 1840 789 1895 in
819 1853 1023 1894 escam
1056 1837 1253 1894 traditi
1282 1854 1494 1893 sumus
1521 1837 1868 1893 crudelibus
1898 1836 2169 1893 inimico-

509 1943 648 1984 rum
676 1927 778 1983 Dei
797 1926 1098 1983 dentibus.
1132 1927 1405 1983 Fortasse
1435 1927 1637 1991 etiam,
1683 1926 1852 1999 quod
1881 1931 1938 1982 et
1964 1926 2169 1983 verisi-

508 2017 716 2074 milius
768 2019 877 2084 est,
905 2015 1198 2088 quoniam
1250 2015 1635 2087 Evangelium
1680 2016 1872 2086 regni,
1917 2022 2091 2088 capto
2131 2030 2168 2072 ιι

506 2106 730 2164 nostris
758 2106 906 2163 locis
935 2105 1125 2175 initio,
1162 2106 1225 2161 in
1256 2121 1503 2162 omnem
1545 2106 1818 2178 pervenit
1873 2110 2165 2161 terrarum

508 2197 741 2266 orbem,
810 2196 1035 2252 idcirco
1106 2195 1447 2251 communis
1528 2195 1873 2250 animarum
1929 2199 2163 2251 nostra-

505 2302 645 2342 rum
697 2286 885 2341 hostis
932 2283 1220 2358 perﬁcere
1270 2288 1542 2347 conatur,
1567 2288 1631 2340 ut
1686 2283 2037 2339 defectionis
2078 2298 2165 2339 se-

504 2375 677 2432 mina
719 2376 967 2445 sumpto
1006 2371 1085 2427 ab
1114 2371 1327 2427 iisdem
1360 2370 1507 2426 locis
1526 2371 1715 2438 initio,
1747 2372 1809 2426 in
1833 2376 2021 2427 totum
2057 2377 2165 2427 ler-

505 2478 715 2519 rarum
747 2459 958 2517 orbem
1002 2458 1438 2514 diffundantur.
1471 2459 1701 2524 Quibus
1727 2459 1887 2514 enim
1942 2459 2165 2516 affulsit

507 2550 871 2608 illuminatio
897 2549 1252 2621 cognitionis
1280 2548 1572 2618 Christi”,
1598 2548 1678 2604 ad
1698 2563 1802 2604 eos
1832 2553 1895 2604 ut
1919 2550 2165 2607 veniant

510 2640 694 2699 etiam
721 2638 1044 2710 impietatis
1072 2636 1354 2709 tenebrae,
1387 2636 1789 2694 machinatur.

578 2911 634 2965 4.
661 2910 897 2964 Vestras
928 2904 1110 2976 igitur
1139 2904 1475 2961 existimate
1513 2903 1866 2961 aﬂlictiones
1903 2907 2163 2974 nostras,

509 3003 577 3056 ut
621 2996 746 3055 veri
789 2994 1069 3069 discipuli
1129 2995 1388 3052 Domini.
1442 2997 1570 3050 Non
1595 2993 1671 3049 de
1712 2993 2005 3066 pecuniis,
2038 3009 2162 3049 non

512 3088 690 3161 375
724 3086 799 3143 de
826 3085 1034 3156 gloria,
1067 3099 1191 3139 non
1221 3084 1296 3139 de
1327 3083 1448 3139 ulla
1478 3082 1598 3140 alia
1622 3098 1693 3139 ex
1727 3082 1912 3139 rebus
1934 3088 2161 3156 tempo-
2201 3113 2242 3169 ρ

507 3177 681 3235 rariis
709 3175 937 3232 bellum
968 3173 1334 3229 sustinemus
1358 3190 1371 3227 :
1405 3171 1513 3227 sed
1540 3172 1615 3228 de
1640 3172 1951 3228 communi
1979 3171 2165 3229 hzere-

510 3267 715 3335 ditate,
739 3264 932 3337 patrio
966 3262 1244 3319 thesauro
1288 3278 1454 3318 sanae
1504 3261 1648 3317 ﬁdei
1699 3265 1929 3317 stamus
1956 3261 2164 3317 decer-

508 3358 727 3411 tantes.
782 3352 1053 3408 Dolorem
1089 3356 1369 3407 nostrum
1418 3350 1635 3418 dolete,
1669 3366 1706 3407 ο
1751 3366 1862 3406 vos
1908 3349 2162 3406 fratrum

508 3446 806 3510 amantes,
836 3441 1127 3513 quoniam
1157 3439 1399 3496 occlusa
1425 3443 1564 3495 sunt
1591 3439 1755 3511 apud
1785 3455 1897 3495 nos
1921 3439 2162 3510 piorum

506 3546 637 3599 ora,
669 3533 881 3603 aperta
930 3543 1074 3585 vero
1112 3517 1312 3584 omnis
1339 3527 1541 3584 audax
1571 3530 1627 3583 et
1666 3526 2026 3599 blasphema
2044 3527 2162 3583 lin-

506 3636 631 3692 gua
673 3618 1050 3692 loquentium
1098 3617 1391 3674 adversus
1438 3619 1627 3673 Deum
1678 3616 2057 3688 iniquitatem
2088 3619 2157 3674 9‘.

508 3709 818 3768 Columnas
856 3711 914 3764 et
937 3706 1199 3763 fulcrum
1228 3705 1496 3762 veritatis
1525 3705 1587 3761 in
1613 3704 1989 3777 dispersione
2012 3723 2025 3774 ;
2048 3720 2160 3762 nos

501 3815 668 3869 vero,
686 3798 791 3867 qui
810 3798 891 3854 ob
911 3798 1261 3853 tenuitatem
1280 3796 1605 3866 contempti
1621 3794 2161 3867 fuimusloquendi

503 3887 886 3943 destituimur
935 3885 1226 3942 libertate.
1263 3885 1565 3940 Decertate
1606 3899 1714 3956 pro
1763 3883 2027 3955 populis,
2048 3900 2157 3940 nec

504 3979 769 4047 spectate
811 3973 997 4029 modo
1048 3977 1317 4028 vestrum
1381 3977 1623 4041 statum,
1673 3972 1943 4028 videlicet
1992 3972 2158 4044 quod

502 4063 565 4119 in
596 4061 872 4134 portibus
900 4060 1237 4132 tranquillis
1263 4059 1450 4127 statis,
1482 4061 1582 4116 Dei
1614 4061 1807 4131 gratia
1842 4062 2091 4117 omnino
2121 4077 2158 4118 a

499 4150 739 4208 turbine
777 4148 1080 4205 maiorum
1121 4152 1443 4203 ventorum
1479 4164 1589 4204 vos
1618 4154 1989 4220 protegente.
2039 4149 2155 4207 Sed

2277 1840 2367 1911 μὲν
2402 1838 2511 1905 οὖν,
2563 1838 2656 1893 διὰ
2711 1846 2769 1895 τὸ
2801 1833 2924 1917 παρ’
2960 1847 3083 1917 ἡμῖν
3138 1845 3421 1900 πλεονάσαι
3459 1853 3549 1907 τὴν
3586 1833 3828 1922 ἁμαρτίαν,

2277 1935 2475 1999 πρῶτοι
2522 1927 2884 2004 παρεδόθημεν
2915 1932 2984 1995 εἰς
3040 1932 3374 2009 κατάϐρωσιν
3424 1944 3533 1999 τοῖς
3573 1938 3831 2011 ὠμοφάγοις

2278 2011 2470 2068 ὀδοῦσι
2524 2027 2625 2070 τῶν
2682 2019 2884 2093 ἐχθρῶν
2938 2029 3029 2074 τοῦ
3078 2031 3211 2076 Θεοῦ
3262 2028 3399 2094 (59)·
3448 2028 3591 2097 τάχα
3619 2023 3835 2096 deﬁxa}.

2276 2103 2466 2176 μᾶλλόν
2505 2108 2647 2159 ἔστιν
2705 2108 2935 2178 εἰκάσαι,
2967 2113 3068 2181 ὅτι,
3113 2109 3297 2172 ἐπειδὴ
3339 2118 3399 2166 τὸ
3426 2115 3716 2187 Εὑαγγέλιον
3756 2125 3834 2177 τῆς

2278 2190 2573 2263 βασιλείας,
2631 2194 2731 2249 ἀπὸ
2786 2206 2884 2249 τῶν
2936 2201 3192 2273 ἡμετέρων
3231 2206 3408 2255 τόπων
3454 2202 3735 2276 ἀρξάμενον,
3778 2204 3835 2265 εἰς

2273 2288 2446 2334 πᾶσαν
2480 2284 2658 2346 ἐξῆλθε
2712 2292 2805 2345 τὴν
2842 2286 3163 2361 οἰκουμένην·
3198 2286 3297 2343 διὰ
3341 2301 3495 2345 τοῦτο
3525 2295 3549 2344 ὀ
3577 2297 3732 2353 κοινὸς
3754 2302 3836 2345 τῶν

2273 2369 2465 2441 ψυχῶν
2532 2374 2677 2444 ἡμῶν
2740 2377 2947 2449 ἐχθρὸς,
3015 2381 3081 2429 τὰ
3144 2387 3236 2439 τῆς
3324 2379 3649 2445 ἆποστασίας
3704 2386 3837 2455 σπέρο

2272 2479 2436 2531 ματα,
2486 2458 2586 2513 ἀπὸ
2632 2471 2729 2514 τῶν
2762 2465 2930 2517 αὐτῶν
2996 2471 3164 2518 τόπων
3239 2473 3340 2526 τὴν
3410 2468 3583 2543 ἀρχὴν
3631 2469 3834 2536 λαϐόντα,

2273 2546 2347 2609 εἰς
2372 2554 2546 2601 πᾶσαν
2599 2551 2903 2624 οἰκουμένην
2947 2549 3268 2614 διαδοθῆναι
3312 2557 3601 2629 φιλονεικεῖ.
3642 2559 3738 2630 Ἐφ’
3765 2557 3838 2617 οὓς

2270 2638 2371 2709 ⁹γὰρ
2425 2638 2648 2711 ἔλαμψεν
2681 2643 2706 2692 ὁ
2737 2646 3005 2715 φωτισμός
3051 2652 3147 2706 τῆς
3190 2651 3441 2717 ’γνώσεως
3484 2655 3573 2699 τοῦ
3616 2654 3837 2722 Χριστοῦ,

2271 2724 2353 2777 ἐπὶ
2406 2730 2620 2792 τούτους
2681 2729 2842 2784 ἐλθειν
2921 2732 3011 2785 καί
3087 2737 3146 2785 τὸ
3220 2743 3323 2796 τῆς
3393 2734 3621 2797 ἀσεϐείας
3683 2741 3839 2796 σκότος

2272 2824 2478 2872 ἐπινοεῖ.

2351 2914 2401 2966 4.
2470 2906 2715 2982 ’Υμέτερα
2780 2906 2866 2961 οὖν
2927 2909 3214 2982 λογίσασθε
3282 2915 3353 2966 τὰ
3420 2915 3563 2972 πάθη
3608 2915 3759 2986 ἡμῶν,
3787 2915 3842 2971 ὡς

2269 3002 2482 3070 γνήσιοι
2520 2997 2752 3067 μαθηταὶ
2806 3004 2897 3049 τοῦ
2950 3003 3168 3072 Κυρίου.
3210 2999 3342 3073 Οὐχ
3396 3002 3526 3076 ὑπὲρ
3563 3004 3845 3077 χρημάτων,

2271 3087 2375 3159 οὐχ
2440 3086 2569 3158 ὑπερ
2628 3081 2810 3151 δόξης,
2872 3086 2977 3158 οὐχ
3007 3091 3134 3162 νπὲρ
3174 3088 3339 3142 ἄλλου
3389 3095 3531 3153 τινὸς
3575 3099 3672 3142 τῶν
3706 3108 3845 3163 προσ-

2270 3180 2463 3249 καίρων
2527 3173 3025 3247 καταπολεμούμεθα
3054 3176 3186 3247 (60)“
3230 3175 3351 3229 ἀλλ’
3390 3179 3521 3254 ὑπὲρ
3558 3187 3647 3232 τοῦ
3700 3182 3848 3230 κοινοῦ

2269 3281 2554 3336 κτηματος,
2608 3269 2698 3314 τοῦ
2754 3270 3013 3337 πατρικοῦ
3070 3266 3348 3340 θησαυροῦ
3393 3275 3489 3328 τῆς
3541 3268 3848 3338 ὑγιαινούσης

2268 3356 2514 3416 πίστεως,
2624 3350 2914 3424 ἑστήκαμεν
3008 3350 3410 3427 ἀγωνιζόμενοι.
3518 3356 3849 3428 Συναλγησατε

2269 3442 2394 3512 ἡμῖν
2436 3437 2477 3491 ὦ
2520 3435 2842 3512 φιλάδελφοι,
2884 3441 2964 3492 ὅτι
3007 3441 3415 3496 ἄποκέκλεισται
3464 3448 3557 3517 μὲν
3594 3444 3713 3519 παρ’
3747 3446 3849 3515 ἡμῖν

2267 3537 2369 3581 τῶν
2413 3526 2755 3581 εὐσεϐούντων
2792 3530 2858 3580 τὰ
2908 3532 3165 3602 στόματα,
3206 3535 3459 3589 ἧνοικται
3483 3535 3599 3601 (61)
3628 3530 3685 3585 δὲ
3726 3536 3850 3584 πᾶσα

2271 3619 2490 3690 θρασεῖα
2549 3621 2639 3668 καὶ
2667 3615 2997 3691 ’βλάσφημός
3023 3618 3240 3691 γλῶσσα
3280 3630 3386 3674 τῶν
3434 3622 3723 3675 λαλούντων
3741 3621 3851 3672 κατὰ

2266 3714 2360 3759 τοῦ
2415 3713 2549 3759 Θεοῦ
2607 3702 2842 3764 ἀδικίαν.
2899 3710 2963 3760 Οἱ
3023 3708 3204 3761 στῦλοι
3252 3715 3350 3763 καὶ
3390 3715 3451 3763 τὸ
3485 3707 3750 3787 ἑδραίωμα
3774 3716 3849 3766 τῆς

2268 3795 2510 3856 ἀληθείας
2565 3795 2613 3848 ἐν
2662 3792 2977 3869 διασπορᾷ·
3043 3798 3189 3870 ἡμεῖς
3248 3795 3334 3867 δὲ,
3397 3802 3450 3853 οἱ
3535 3797 3629 3854 διὰ
3669 3800 3851 3871 σμικρό·

2264 3903 2400 3942 τητα
2441 3886 2551 3955 (62)
2594 3886 2959 3957 παροφθέντες,
3007 3883 3468 3961 ἆπαρῥησίαστοι.
3532 3889 3850 3960 Ἀγωνιάσατε

2265 3975 2392 4049 ὑπὲρ
2458 3981 2559 4025 τῶν
2614 3972 2767 4025 λαῶν’
2830 3978 2917 4026 καὶ
2986 3979 3056 4047 μὴ
3115 3978 3174 4027 τὸ
3222 3978 3351 4029 καθ’
3408 3977 3624 4039 ἑαυτοός
3650 3981 3853 4030 σκοπεῖτε

2265 4066 2439 4134 μόνον,
2466 4062 2546 4114 ὅτι
2576 4060 2624 4114 ἐν
2648 4061 2851 4134 λιμέσιν
2890 4058 3082 4124 εὐδίοις
3108 4064 3423 4137 ὁρμίζεσθε,
3454 4074 3556 4127 τῆς
3602 4074 3691 4117 τοῦ
3739 4067 3853 4116 Θεοῦ

2265 4152 2491 4224 χάριτος
2545 4155 2719 4202 πᾶσαν
2763 4152 2884 4222 ὑμῖν
2935 4154 3129 4209 σκέπην
3193 4160 3577 4228 χαρισαμένης
3615 4155 3720 4225 (63)

496 4254 753 4297 manum
779 4237 961 4294 etiam
988 4236 1259 4293 Ecclesiis
1288 4240 1641 4309 tempestate
1679 4237 1993 4306 exagitatis
2018 4253 2152 4310 por-

2272 4247 2355 4302 τῆς
2404 4238 2565 4301 ζάλης
2606 4246 2705 4290 τῶν
2734 4241 3037 4312 πνευμάτων
3085 4247 3181 4307 τῆς
3230 4248 3525 4319 πονηρίας.
3588 4242 3737 4297 Ἀλλὰ
3777 4242 3851 4290 καὶ

492 4328 690 4400 rigite,
728 4325 1059 4400 nequando
1105 4324 1426 4393 derelictas,
1454 4325 1691 4397 peditus
1732 4324 1875 4381 ﬁdei
1906 4326 2152 4405 naufra-

2261 4336 2373 4389 ταῖς
2444 4329 2852 4401 χειμάζομέναις
2896 4336 2997 4381 τῶν
3045 4328 3378 4388 Ἐκκλησιῶν
3447 4339 3617 4407 χεῖρα
3675 4327 3853 4405 ὀρίξατε

566 4454 614 4491 δ’
653 4455 825 4510 Rom.
856 4430 980 4522 vui,
1014 4452 1108 4511 18.
1192 4451 1240 4485 ⁸ο
1279 4452 1325 4506 lI
1356 4450 1487 4507 Cor.
1518 4465 1599 4517 iv,
1624 4453 1677 4507 6.
1755 4450 1800 4487 ⁹¹
1843 4447 2000 4507 Psal.
2024 4467 2214 4520 Lxxrv,
2239 4456 2298 4510 6.

565 4579 675 4648 (5'7)
706 4581 1084 4648 Δυσῳπήσητε.
1117 4577 1202 4648 ita
1232 4589 1336 4648 sex
1372 4590 1519 4630 mss.
1571 4573 1721 4648 Editi
1774 4571 2142 4648 δυσωπήσετε.

565 4642 680 4719 (58)
731 4644 1061 4729 βαδίζουσα,
1131 4642 1811 4729 ίπειδὰνιυκαταναλῴσῃτ.
1844 4646 1945 4729 Ita.
2008 4652 2145 4729 octo

488 4716 669 4789 mss,
691 4716 809 4775 nisi
832 4718 997 4789 quod
1027 4718 1104 4789 in_
1131 4716 1437 4789 nonnullis
1471 4716 1910 4789 recentioribus
1929 4716 2145 4789 legitur

491 4786 796 4863 βαδίσασα.
859 4785 1019 4846 ἘάΙῦ
1073 4785 1406 4862 βαδίζουσα,
1463 4785 1673 4842 ἐπειδὰν
1722 4785 2016 4842 καταλάϐοι
2056 4792 2144 4843 καὶ

486 4861 823 4915 ααταναλώσε
831 4880 867 4912 ι.

560 4932 778 5008 (59)_EZ;
796 4931 1331 5008 xardepwctyfoig...
1367 4940 1461 4986 τοῦ
1491 4939 1645 5008 Θεοῦ.
1687 4935 1773 4989 Ita
1800 4936 1919 4989 tres
1947 4936 2143 4988 vetus-

483 5003 701 5061 tisSimi
749 5003 1008 5078 cgdiqes.
1078 5004 1226 5060 Editi
1289 5004 1361 5078 εἰς
1420 5003 1745 5078 κατάϐροιμα
1799 5011 1980 5064 τοῖς...
2046 5011 2139 5078 τοῦ

481 5082 755 5152 Χριστοῦ.-
789 5075 972 5152 Paulo
1031 5079 1170 5152 post
1199 5075 1486 5152 quinque
1532 5075 1772 5132 cddices
1824 5090 1952 5132 non
1990 5075 2139 5131 anti-

478 5144 759 5221 quissimi
789 5144 1122 5221 ἀποστασίας
1144 5144 1373 5221 ῥιέιιιὶοιϊατ

554 5220 688 5299 (60).
704 5214 1234 5299 Καταπσλεμοθέμέθαξ
1250 5218 1542 5299 ,ριιὶηςῃιρ
1573 5216 1815 5299 codices
1850 5214 2138 5299 recentio-

475 5286 573 5347 res
602 5286 1009 5363 wolruoﬁyzea;
1044 5286 1138 5363 Sic
1185 5288 1367 5363 etiam
1423 5286 1649 5363 habent
1675 5287 1968 5363 editiones
2014 5286 2136 5363 Ha-

478 5358 803 5429 ganoensis
833 5358 915 5416 'et
966 5359 1385 5416 Frobeniana.
1433 5358 1660 5414 Ibidem
1685 5358 2133 5431 editién‘tp‘roﬁ

473 5440 654 5484 κοινοῦ
684 5434 955 5514 θησαυροῦ
979 5438 1088 5514 reti
1102 5436 1360 5514 πατρικοῦ
1388 5429 2128 5514 κτήματος..,σοᾶὶϐθὶέῐῃρι

472 5515 689 5558 omnes
745 5508 811 5559 ut
859 5500 926 5559 in
973 5506 1158 5561 textu.
1208 5500 1284 5559 ’In
1326 5500 1533 5559 codice
1579 5500 1864 5564 Vaticano
1914 5500 2135 5575 legitur

469 5580 827 5653 arvisarqu
853 5577 1142 5653 κτήματος.

2321 4577 2443 4647 (61)
2482 4573 2777 4630 Ἥνοίκται.
2831 4578 2918 4635 Ita
2967 4580 3087 4634 tres
3138 4579 3556 4637 vetustissimi
3611 4578 3849 4637 codices.

2252 4646 2404 4703 Editi
2431 4649 2634 4707 ἠνοίγη.

2325 4719 2437 4793 (62)
2462 4723 2527 4793 σε
2549 4717 2643 4793 διὰ
2676 4723 3020 4793 σμικρότητα.
3054 4718 3170 4793 _His
3200 4737 3275 4777 ex
3308 4722 3524 4780 verbis
3569 4717 3853 4793 concludit

2249 4790 2649 4863 Combeﬁsius
2677 4790 2834 4863 hanc
2855 4790 3175 4863 epistolam
3200 4794 3404 4863 arsolo
3441 4796 3662 4851 Basilio
3692 4792 3852 4861 scrip-

2250 4865 2373 4917 tam
2400 4877 2520 4917 non
2552 4861 2756 4935 fuisse.
2782 4862 2855 4935 Id
2882 4861 3059 4932 enim,
3094 4862 3314 4935 inquit,
3346 4866 3411 4920 in
3432 4881 3549 4922 sua
3603 4863 3849 4921 Basilius

2243 4948 2524 5004 persona,
2558 4933 2738 5003 idque
2758 4933 2956 5003 solius,
2985 4949 3105 4988 non
3127 4933 3317 5002 facile
3343 4938 3539 5004 dicat,
3575 4943 3754 4994 tanta
3778 4946 3849 5004 se-

2243 5002 2334 5077 dis
2364 5002 2649 5077 antistes,
2666 5007 2907 5077 ipseque
2933 5002 3014 5059 εἰς
3043 5005 3264 5077 clarus.
3300 5007 3488 5063 Nulla
3520 5002 3746 5077 ratione
3774 5002 3845 5058 ni-

2245 5074 2387 5130 titur
2431 5074 2647 5131 eruditi
2701 5074 2819 5131 viri‘
2854 5075 3217 5132 observatio.
3282 5077 3358 5133 Ut
3408 5078 3689 5135 omittam
3728 5074 3846 5131 loca

2238 5160 2396 5271 Pene
2417 5146 2904 5211 innumerabilia,
2936 5147 2999 5202 in
3027 5145 3253 5219 quibus
3285 5148 3370 5203 de
3416 5166 3483 5205 se
3529 5150 3663 5230 ipso
3706 5146 3845 5201 Basi-

2262 5233 2354 5271 ius
2375 5216 2808 5271 demississime
2837 5217 3135 5271 loauitur:
3182 5223 3347 5271 certe
3376 5220 3439 5271 in
3471 5218 3725 5271 emstola
3750 5219 3841 5270 225

2262 5233 2279 5272 ι

2284 5233 2354 5272 us
2375 5216 2812 5292 demississime
2837 5216 3135 5292 loquitur;
3182 5223 3355 5292 certe
3374 5216 3725 5292 iniepistola
3750 5219 3841 5292 ξεδ

2240 5293 2655 5360 contemptum
2680 5304 2750 5363 se
2785 5285 3216 5363 fuissedicita
3239 5285 3592 5359 judicibus,
3626 5288 3728 5363 qui
3761 5285 3839 5363 fu-

2236 5374 2436 5415 rorem
2469 5359 2645 5415 suum
2675 5361 2737 5416 in
2768 5359 3115 5429 Gregorium
3148 5361 3509 5431 Nyssenum
3531 5359 3834 5431 verterant.

2308 5432 2423 5503 (63)
2460 5435 2851 5504 Χαρισαμένης.
2878 5432 2966 5504 Ita
2989 5436 3104 5504 tres
3146 5430 3552 5504 vetustissimi
3611 5430 3834 5490 codices

2235 5500 2377 5563 cum
2404 5500 2527 5563 uno
2547 5500 2631 5563 'ex
2660 5500 2832 5577 Regis
2864 5500 3016 5559 Editi
3042 5501 3435 5579 χαριζομένης.
