4054 6228
260 40 445 65 nati?
470 42 489 65 ι
510 44 531 49 αν
556 46 567 51 -

237 376 341 432 913
1179 350 1663 435 EPI‘STOLARUM
1693 375 1977 433 cmssrs
2018 378 2078 431 ιι.
2124 379 2340 436 EPIST.
2381 379 2643 437 ccxuv.
3495 388 3598 440 m

234 497 480 562 ἔκπληξιν
527 500 852 556 πεπονθέναι.
884 497 1004 573 ’Ἆρ’
1041 496 1129 551 οὖν
1192 506 1280 554 καὶ
1334 504 1400 554 σὺ
1466 504 1525 554 τὸ
1555 509 1654 553 τῶν
1700 501 1825 553 πολ-

1994 500 2277 569 itcndunt,
2305 505 2573 575 ﬁuntque
2604 519 2725 560 non
2756 503 3015 559 veritatis
3056 502 3460 575 inquisitores,
3491 508 3595 564 sed

230 587 333 641 λῶν
416 591 699 657 πέπονθας,
767 588 837 655 οἳ,
908 588 1273 651 καταλιπόντες
1342 599 1441 643 τῶν
1507 591 1827 665 πραγμάτων

1993 587 2296 647 iﬁ'erentiae
2328 608 2723 664 personarum
2754 593 3169 660 aestimatores,
3190 593 3354 649 obliti
3388 596 3594 652 admo-

231 675 490 740 ἔξετάςειν
556 680 651 735 τὴν
719 679 896 749 φύσιν,
952 684 1062 740 τοῖς
1121 677 1410 752 ἀνθρώποις
1473 683 1824 753 προσέχουσι,

1991 678 2180 734 itionis
2202 680 2374 748 illius,
2395 683 2757 752 Cognoscere
2769 696 3090 750 personam
3122 684 3183 736 in
3204 684 3439 752 judicio
3474 703 3592 742 non

228 769 352 837 περὶ
398 768 467 816 ὡν
504 766 553 818 οἱ
609 765 775 837 λόγοι,
843 771 931 818 καὶ
995 771 1224 838 γίνονται
1262 767 1389 839 οὐχὶ
1450 776 1545 829 τῆς
1586 766 1829 828 ἀληθείας
1937 773 2021 823 est
2052 769 2267 825 bonum
2299 770 2368 827 9³,

228 852 525 922 ἐξετασταὶ,
583 852 711 906 ἀλλὰ
766 861 861 917 τῆς
914 852 1169 929 διαφορᾶς
1207 865 1308 908 τῶν
1373 862 1664 933 προσώπων
1716 853 2060 927 δοκιμασταὶ,
2094 858 2451 931 ἐπιλαθόμενοι
2498 867 2589 920 τῆς
2654 862 3025 934 παραινέσεως,
3087 860 3165 912 ὅτι
3198 859 3589 932 Ἐπιγινὼσκειν

223 946 506 1015 πρόσωπον
536 941 583 994 ἐν
622 947 794 1017 κρίσει
825 945 955 1015 (74),
985 944 1043 996 οὐ
1073 944 1248 1001 καλὸν.

294 1034 352 1086 2.
393 1031 533 1089 Πλὴν
564 1030 670 1084 ἀλλ’
703 1028 885 1089 ἐπειδὴ
942 1035 1067 1094 Θεὸς
1122 1038 1399 1107 πρόσωπον
1452 1033 1500 1086 ἐν
1531 1034 1701 1107 κρίσει
1734 1031 1827 1084 ἁν-

2008 1035 2061 1087 2.
2107 1034 2216 1090 Sed
2249 1036 2395 1108 quia
2425 1039 2581 1092 Deus
2631 1051 2956 1111 personam
2989 1037 3048 1091 in
3080 1037 3585 1109 hominisjudicio

228 1121 439 1193 θρώπου
488 1120 547 1172 οὐ
594 1119 865 1192 λαμϐάνει,
900 1120 962 1179 ἣν
1000 1125 1131 1196 πρὸς
1186 1125 1245 1175 τὸ
1289 1127 1425 1195 μέγα
1482 1119 1826 1196 δικαστήριον

1987 1138 2057 1176 on
2075 1124 2513 1197 accipit,quam
2537 1127 2684 1182 mihi
2703 1125 2865 1196 apud
2890 1140 3181 1196 magnum
3210 1126 3469 1182 tribunal
3488 1129 3588 1184 dc-

224 1206 514 1279 ἀπολογίαν
568 1212 961 1282 παρεσκεύασα,
1038 1213 1230 1271 ταύτην
1293 1216 1377 1263 καὶ
1436 1217 1519 1265 σοὶ
1566 1217 1825 1286 γνωρίσαι

1983 1212 2269 1268 :nsionem
2308 1215 2536 1285 paravi,
2564 1231 2696 1270 eam
2718 1219 2772 1269 et
2795 1214 2894 1269 tibi
2914 1220 3117 1268 notam
3140 1213 3333 1269 facere
3355 1231 3474 1270 non
3499 1234 3584 1271 rc-

225 1297 287 1349 οῦ
348 1302 769 1372 παραιτήσομαι.
827 1299 948 1353 Ὀτι
983 1297 1135 1353 οὐδὲν
1189 1299 1309 1374 παρ’
1342 1303 1487 1373 ἡμῶν
1551 1305 1608 1353 τὸ
1654 1299 1706 1363 ἐξ
1734 1299 1823 1376 ἁρ-

1981 1300 2179 1355 ιεᾶὺο.
2237 1302 2530 1358 Nimirum
2575 1302 2741 1357 nulla
2790 1318 2825 1357 a
2874 1302 3049 1357 nobis
3083 1302 3162 1357 ab
3193 1304 3354 1357 initio
3385 1320 3582 1376 neque

227 1392 308 1456 χῆ
322 1405 365 1449 ς,
407 1387 522 1438 οὔτε
551 1390 737 1461 μικρὸν
764 1390 882 1440 οὔτε
921 1388 1099 1460 μεῖζον
1135 1392 1312 1461 γέγονε
1353 1397 1448 1451 τῆς
1496 1385 1531 1441 δ
1537 1390 1821 1451 ιάστάσεως

1979 1404 2324 1461 arvaneque
2346 1392 2542 1462 major
2571 1396 2701 1446 orta
2734 1395 2823 1445 est
2846 1389 3078 1444 dissidii
3110 1406 3296 1445 causa
3322 1409 3334 1445 :
3356 1393 3458 1447 sed
3479 1395 3580 1448 ho-

220 1476 427 1526 αῖτιονο
458 1473 563 1527 ἀλλ’
586 1477 850 1549 ἅνθρωποι
886 1484 1159 1549 μισοῦντες
1188 1479 1347 1550 ἡμᾶς,
1416 1474 1451 1530 δ
1458 1478 1490 1530 ι’
1542 1478 1602 1539 ἃς
1640 1480 1819 1530 ἴσασιν

1977 1478 2121 1534 lines
2142 1479 2320 1535 nobis
2348 1497 2472 1536 non
2493 1480 2787 1550 amici,ob
2804 1496 2959 1551 quas
2992 1480 3105 1550 ipsi
3138 1482 3334 1536 sciunt
3362 1499 3578 1539 causas

216 1564 513 1635 προειοίσεις
542 1566 655 1636 (75)
694 1564 842 1617 αὐτοὶ
875 1565 956 1629 (οὗ
989 1567 1091 1640 γὰρ
1124 1564 1210 1631 ἐμὲ
1238 1570 1348 1638 χρὴ
1389 1565 1550 1637 λέγειν
1574 1571 1692 1641 περὶ
1719 1567 1817 1618 αὖ·

1972 1582 2068 1622 ion
2100 1568 2259 1623 enim
2291 1584 2444 1640 opus
2478 1574 2568 1624 est
2611 1585 2706 1624 me
2738 1568 3077 1640 quidquam
3108 1568 3183 1624 de
3213 1569 3306 1623 his
3331 1569 3573 1643 dicere),

214 1659 323 1702 τῶν
375 1649 570 1723 οὐδὲν),
638 1661 874 1725 συνεχεῖς
922 1652 1186 1707 ἐποιοῦντο
1252 1657 1341 1715 τὰς
1393 1651 1660 1717 διαϐολάς.
1717 1660 1815 1709 Καὶ

1974 1654 2242 1712 )ntinuas
2274 1657 2419 1713 mihi
2443 1657 2777 1712 calumnias
2801 1662 3166 1712 struxerunt.
3190 1662 3270 1712 Ac
3296 1657 3426 1712 illas
3447 1660 3575 1730 qui-

210 1739 366 1803 ἅπαξ
399 1744 491 1813 μὲν
537 1744 729 1805 ταύτας
754 1748 843 1795 καὶ
870 1739 954 1806 δὶς
984 1740 1393 1816 ἁπεδυσάμεθω
1448 1747 1512 1804 ὡς
1565 1742 1625 1797 δί
1689 1742 1811 1797 ἁπέ-

1970 1761 2060 1800 em
2074 1745 2404 1818 repulimus
2426 1746 2606 1818 semel
2629 1752 2808 1819 atque
2828 1745 3042 1800 iterum
3068 1763 3081 1799 :
3107 1746 3207 1800 sed
3231 1763 3368 1801 cum
3390 1748 3571 1803 tinem

201 1846 403 1899 ραντον
456 1831 518 1886 ἣν
579 1832 637 1881 τὸ
681 1836 919 1904 πρᾶγμα,
974 1835 1064 1882 καὶ
1127 1827 1277 1883 οὐδὲν
1331 1830 1501 1903 ὄφελος
1551 1840 1645 1893 τῆς
1696 1852 1802 1884 συν-

1970 1832 2002 1888 li
2033 1850 2154 1889 non
2175 1834 2459 1902 facerent,
2476 1850 2584 1889 nec
2599 1835 2935 1906 quidquam
2959 1834 3571 1905 prodessetcontinua

198 1923 377 1987 εχοῦς
429 1916 729 1989 ἀπολογίας,
789 1920 934 1991 ἡμῶν
990 1922 1081 1991 μὲν
1141 1923 1346 1993 μακρὰν
1413 1919 1799 1993 ἀπῳκισμένων,

1966 1922 2215 1991 efensio,
2280 1922 2786 1995 proptereaquod,
2830 1922 3007 1978 nobis
3065 1923 3274 1994 procul
3324 1922 3567 1989 dissitis,

196 2014 315 2056 τῶν
386 2001 445 2057 δέ
482 2002 818 2078 ψευδολόγων
859 2006 1071 2079 ἐγγύθεν
1098 2006 1321 2080 ἐχόντων
1359 2016 1475 2070 ταῖς
1522 2010 1638 2062 καθ’
1665 2011 1797 2082 ἠμῶι

1969 2011 2221 2067 ιθῐιάειοὶἱ
2264 2018 2538 2068 auctores
2563 2012 2839 2067 cominus
2877 2016 3153 2083 poterant
3199 2013 3323 2067 suis
3362 2019 3570 2069 contra

194 2100 521 2169 τιτρώσκειν
592 2092 864 2159 διαϐολαῖς
918 2094 1143 2170 καρδίαν
1192 2097 1654 2169 εὐκαταγώνιστον,
1717 2104 1795 2151 καὶ

1968 2115 2031 2155 os
2070 2100 2385 2156 vulnerare
2414 2100 2733 2156 calumniis
2756 2116 2857 2155 cor
2876 2100 3046 2155 facile
3077 2100 3436 2173 superabile,
3458 2118 3569 2157 nec

195 2183 263 2235 οὐ
341 2180 733 2257 δεδιδαγμένην
790 2190 882 2244 τὴν
943 2185 1115 2261 ἑτέραν
1166 2195 1265 2239 τῶν
1326 2186 1489 2239 ἀκοῶν
1566 2186 1796 2263 ἀκεραὶαπ

1965 2188 2198 2244 doctum
2230 2205 2437 2245 aurem
2467 2189 2713 2245 alteram
2737 2189 2973 2245 absenti
2991 2190 3283 2260 integram
3300 2206 3566 2259 servare;

203 2271 493 2343 φυλάττειν
536 2282 609 2343 τῷ
683 2279 756 2346 μὴ
817 2279 1067 2349 παρόντιο
1108 2284 1207 2328 τῶν
1236 2274 1587 2329 Νικοπολιτῶν
1646 2276 1804 2329 ἀπαι-

1967 2276 2342 2349 icopolitani’s
2361 2277 2567 2349 aliqua
2585 2276 2724 2332 fidei
2738 2277 2959 2332 indicia
2974 2277 3051 2332 ad
3072 2278 3568 2348 persuadendum

112 2372 115 2373 '
197 2364 435 2412 τούντων
484 2364 601 2413 τινὰ
649 2362 1006 2438 πληροφορίαν
1060 2369 1283 2425 πίστεως
1336 2366 1385 2429 (ὃ
1440 2367 1644 2427 πάντως
1686 2385 1711 2418 ο

1968 2370 2059 2437 pta
2088 2366 2557 2438 exposcentibus
2580 2366 2769 2438 (quod
2799 2382 2873 2421 ne
2902 2382 3012 2420 vos
3039 2366 3285 2438 quidem
3316 2382 3569 2438 prorsus

199 2450 362 2521 ὑμεῖς
392 2449 728 2520 ἠγνοὴσατε),
795 2448 968 2515 ἔδοξεν
1034 2453 1159 2524 ἡμῖν
1220 2456 1313 2511 τὴν
1372 2449 1642 2505 διακονίαν
1714 2461 1800 2507 τοῦ

1968 2454 2277 2520 :norastis),
2296 2453 2472 2509 nobis
2495 2454 2690 2509 visum
2704 2457 2797 2509 est
2814 2454 3013 2525 scripti
3029 2454 3421 2509 ministerium
3442 2472 3569 2509 sus-

200 2541 523 2611 γράμματος
552 2534 931 2602 ὑποδέξασθαι.
993 2541 1373 2613 Ἐλογισάμεθα
1399 2544 1501 2617 γὰρ
1542 2539 1639 2595 δύο
1677 2562 1801 2596 κατ-

1972 2557 2131 2613 pere.
2160 2542 2368 2597 Putavi
2400 2542 2558 2598 enim
2620 2558 2716 2597 me
2768 2542 2889 2597 duo
2916 2541 3320 2613 perfecturum
3362 2559 3485 2598 una
3514 2547 3570 2598 et

202 2628 464 2699 ορθώσειν
512 2626 560 2679 ἐν
624 2637 827 2700 ratur-qr
908 2632 1025 2691 τούς
1089 2649 1143 2683 τι
1216 2630 1565 2694 Νικοπολίτας
1609 2636 1803 2684 πείσειν

1967 2629 2128 2685 idem
2180 2646 2407 2702 opera;
2454 2636 2511 2687 et
2562 2630 2988 2703 Nicopolitanis
3009 2646 3464 2702 persuasurum,
3492 2647 3568 2687 ne

195 2720 269 2786 μὴ
307 2724 489 2777 κακῶς
515 2725 712 2791 φρονεῖν
759 2722 878 2792 πέρὶ
908 2725 1000 2771 τοῦ
1051 2715 1260 2794 ἀνδρὸς,
1328 2723 1415 2771 καὶ
1455 2728 1552 2772 τῶν
1580 2716 1796 2772 διαϐαλ-

1966 2717 2072 2773 lale
2101 2717 2176 2773 de
2199 2718 2327 2774 viro
2359 2718 2667 2786 sentirent,
2700 2724 2756 2773 et
2787 2718 3293 2773 calumniatorum
3335 2724 3567 2775 nostro-

193 2804 395 2857 λόντων
455 2807 595 2878 ἡμᾶς
652 2804 924 2882 ἐμφράξειν
966 2809 1033 2859 τὰ
1062 2812 1319 2880 στόματα,
1378 2816 1469 2869 τῆς
1524 2812 1658 2861 κατὰ
1708 2814 1794 2869 τὴν

1965 2821 2048 2860 ιω
2079 2821 2188 2862 ora
2225 2807 2671 2877 obturaturum,
2714 2805 2856 2861 ﬁdei
2883 2821 3190 2861 consensu
3228 2807 3566 2863 calumnias

192 2898 388 2945 πίστιν
429 2899 736 2966 συμφωνίας
783 2897 877 2958 τὰς
933 2895 1237 2970 ἑκατέρωθεν
1295 2902 1642 2969 συκοφαντίας
1679 2896 1793 2951 ἀπο-

1964 2892 2193 2965 trinque
2232 2893 2608 2951 excludente.
2639 2899 2720 2949 Ac
2749 2893 2902 2949 ﬁdes
2946 2894 3191 2966 quidem
3225 2898 3565 2966 conscripta

193 2980 500 3041 κλειούσης.
581 2988 681 3036 Καὶ
744 2979 812 3042 δή
866 2989 955 3037 καὶ
1010 2989 1379 3057 συγγέγραπτο
1407 2988 1497 3057 μὲν
1541 2988 1570 3046 ἡ
1604 2991 1794 3048 πίστις,

1964 2985 2021 3049 st,
2054 2986 2112 3036 et
2138 2996 2175 3037 a
2201 2981 2380 3037 nobis
2402 2981 2584 3037 allata
2617 2997 2631 3036 :
2665 2980 3006 3051 subscripta
3048 2986 3139 3037 est
3177 2982 3377 3037 etiam.
3406 2985 3565 3038 Post-

192 3072 547 3141 προσηνέχθη
626 3068 687 3125 δὲ
755 3072 880 3145 παρ’
959 3074 1137 3146 ἡμῶν*
1195 3075 1467 3148 ὑπεγράφη
1557 3071 1636 3127 δέ·
1715 3075 1793 3136 Ὠς

1962 3085 2097 3125 uam
2159 3069 2525 3142 subscripta,
2572 3069 2755 3152 locus.
2790 3069 3140 3140 designatus
3196 3075 3284 3125 est
3323 3070 3563 3126 alterius

190 3140 476 3233 ὑπεγράφη
510 3159 649 3231 (76),
705 3165 795 3213 καὶ
825 3140 1023 3236 χωρίον
1076 3140 1371 3234 ὑπεδείχνθη
1406 3140 1633 3216 συνόδου
1683 3160 1791 3216 δευ-

1963 3162 2263 3227 >nventus,
2294 3162 2352 3215 et
2381 3140 2618 3230 tempus
2640 3140 2805 3215 aliud
2830 3159 3243 3227 constitutum,
3276 3164 3338 3214 ut
3371 3165 3427 3215 et
3450 3159 3564 3215 fra-

189 3250 373 3320 τέρας,
444 3252 538 3300 καὶ
605 3252 787 3317 καιρὸς
844 3250 1041 3325 ἕτερος·
1105 3252 1238 3304 ὥστε
1274 3255 1363 3304 καὶ
1393 3255 1516 3313 τοὺς
1544 3254 1680 3305 κατὰ
1707 3255 1790 3311 τήι

1964 3261 2026 3303 es
2046 3247 2255 3318 nostri,
2279 3247 2386 3320 qui
2407 3248 2467 3304 in
2487 3248 2754 3320 parcecia
2772 3253 2931 3316 sunt,
2955 3247 3399 3311 convenientes,
3422 3264 3565 3304 con-

188 3340 483 3409 παροικίαν
526 3333 780 3410 ἀδελφοὺς
826 3340 971 3411 ἡμῶν
1033 3339 1371 3402 συνελθόντας
1422 3341 1672 3399 ὼωθῆναι
1710 3340 1789 3393 ἀλ-

1961 3340 2298 3405 mgerentur
2308 3336 2461 3392 inter
2477 3352 2559 3408 se,
2585 3341 2641 3392 et
2657 3336 2920 3406 genuina
2942 3352 3012 3391 ac
3028 3336 3261 3392 sincera
3276 3336 3562 3409 deinceps

184 3422 389 3492 λῆλοις,
419 3431 513 3478 καὶ
531 3432 751 3498 γνησίαν
802 3432 891 3480 καὶ
945 3425 1136 3481 ἄδολον
1181 3436 1274 3481 τοῦ
1315 3429 1500 3482 λοιποῦ
1542 3433 1675 3483 εἶναι
1703 3434 1785 3488 τὴι

1963 3429 2059 3480 >ret
2093 3426 2464 3481 communio.
2499 3430 2704 3498 Itaque
2746 3441 2859 3481 nos
2915 3425 3161 3497 quidem
3207 3426 3564 3481 advenimus

181 3518 485 3568 κοινωνίαν.
544 3514 719 3588 Ἡμεῖς
770 3518 859 3588 μὲν
909 3513 996 3569 οὖν
1066 3516 1441 3591 ἁπηντὴσαμεν
1506 3522 1643 3571 κατά
1705 3523 1782 3578 τηε

1964 3516 2246 3569 rzestituto
2271 3519 2560 3586 tempore,
2585 3514 2766 3586 etqui
2798 3530 3039 3569 mecum
3072 3514 3375 3584 conjuncti
3395 3519 3565 3571 erant

177 3604 543 3676 προθεσμίαν,
578 3608 667 3657 καὶ
698 3606 748 3657 οἱ
778 3607 872 3656 σὺν
913 3606 1038 3678 ἡμῖν
1089 3603 1304 3679 ἀδελφοὶ
1340 3610 1388 3659 οἱ
1414 3610 1504 3680 μὲν
1530 3615 1776 3682 παρῆσαν

1959 3606 2145 3668 θεῖος,
2178 3603 2394 3675 partim
2424 3603 2696 3673 aderant,
2736 3602 2956 3676 partim
2995 3602 3404 3672 conﬂuebant,
3444 3603 3560 3660 laeti

178 3692 238 3742 οἱ
311 3687 378 3742 δὲ
442 3690 686 3767 ἐπέρρεον,
747 3690 964 3769 φαιδροὶ
1012 3697 1203 3757 πάντες
1260 3700 1350 3748 καὶ
1406 3699 1692 3769 πρόθυμοι,
1734 3699 1774 3749 ὡ

1958 3695 2309 3761 mnesatque
2340 3690 2675 3756 alacres,ut
2698 3691 2776 3746 ad
2808 3705 3020 3762 pacem
3053 3695 3386 3746 currentes:
3412 3690 3559 3747 litte»

177 3777 266 3831 ἐπὶ
332 3778 543 3854 εἰρήνην
604 3785 912 3856 τρέχοντες*
990 3788 1081 3836 καὶ
1132 3785 1423 3858 γράμματα
1467 3786 1591 3859 παρ’
1629 3787 1775 3858 ἡμῶν

1956 3779 2181 3835 eetiam
2206 3779 2431 3835 anobis
2462 3795 2533 3836 ac
2562 3781 2976 3852 cursores,qui
2990 3796 3102 3835 nos
3132 3780 3347 3834 adesse
3378 3780 3557 3847 signi—

179 3872 279 3920 καὶ
349 3865 713 3944 ἡμεροδρόμοι
777 3876 1136 3944 σημαίνοντες,
1208 3873 1289 3924 ὅτι
1360 3875 1659 3947 πάρεσμεν·
1710 3893 1777 3925 κα

1953 3872 2174 3935 carent,
2199 3868 2501 3940 siquidem
2533 3873 2737 3924 noster
2757 3874 2881 3923 erat
2902 3868 2998 3922 ille
3026 3867 3196 3923 locus
3220 3866 3298 3922 ad
3319 3882 3423 3922 eos
3449 3868 3554 3938 qui

174 3957 282 4029 γὰρ
339 3957 594 4032 ἡμέτερον
644 3954 706 4017 ἦν
760 3962 818 4012 τὸ
861 3965 1058 4034 χωρίον
1125 3963 1181 4013 τὸ
1240 3957 1679 4033 ἀποδεδειγμένον
1733 3962 1775 4014 εἰ

1953 3955 2343 4012 )ncurrebant
2360 3956 2745 4028 excipiendos
2769 3956 3139 4025 designatus.
3187 3956 3300 4011 Sed
3321 3972 3458 4011 cum
3481 3972 3554 4012 ex

174 4042 476 4117 ὑποδοχήν
532 4055 634 4098 τῶν
693 4053 1100 4121 συντρεχόντων.
1154 4048 1239 4109 Ὡς
1281 4045 1341 4102 δε
1379 4049 1434 4102 ἐκ
1486 4058 1578 4103 τοῦ
1627 4050 1775 4125 ἐτέροι

1953 4044 2091 4101 itera
2133 4050 2301 4117 parte
2355 4060 2536 4101 nemo
2593 4045 2850 4113 adesset,
2879 4048 2984 4101 aut
3026 4060 3422 4116 praecurrens,
3452 4050 3554 4101 aut

169 4138 377 4209 μέρους
432 4131 611 4197 οὐδεὶς
668 4132 748 4202 ἧν,
797 4141 913 4189 οὔτε
951 4141 1278 4212 προτρέχων,
1356 4142 1470 4191 οὔτε
1527 4138 1770 4211 εὐαγγελιι

1951 4133 2189 4188 untians
2201 4133 2531 4189 adventum
2545 4148 2749 4189 eorum
2764 4133 2868 4205 qui
2900 4149 2969 4188 ex
2978 4132 3407 4205 spectabantur
3422 4133 3552 4206 ;qui

169 4222 400 4296 ξομε-νος
452 4228 551 4282 τὴν
617 4231 911 4298 παρουσίαν
978 4235 1076 4279 τῶν
1121 4223 1599 4300 προσδοκωμένων·
1657 4230 1705 4280 οἱ
1737 4225 1770 4280 δ

1949 4226 2104 4276 utem
2132 4238 2167 4277 a
2192 4222 2369 4277 nobis
2401 4222 2571 4277 missi
2594 4227 2783 4291 erant,
2802 4237 2941 4277 cum
2965 4221 3550 4278 rediissentmultam

165 4313 299 4388 παρ’
359 4316 517 4386 ἡμῶν
564 4312 937 4375 ἀποσταλέντες
1021 4315 1306 4373 ἐπανῆλθον
1356 4322 1632 4386 κατήφειαν
1675 4316 1766 4369 πολ

1948 4325 2112 4365 orum
2138 4310 2242 4382 qui
2281 4309 2396 4366 illic
2422 4315 2563 4367 sunt
2593 4311 2889 4365 tristitiam
2920 4326 2988 4365 ac
3011 4312 3549 4367 murmurationem

164 4399 260 4459 λην
318 4407 419 4454 καὶ
462 4406 766 4475 γογγυσμὼ
824 4412 923 4455 τῶν
965 4403 1071 4455 ἐκεῖ
1108 4399 1465 4476 διηγούμενοι,
1518 4407 1583 4466 ὡς
1610 4413 1760 4464 καινῆ

1948 4404 2272 4468 narrantes,
2312 4400 2486 4471 quasi
2517 4414 2678 4454 nova
2706 4398 2857 4455 ﬁdes
2884 4414 2920 4454 a
2955 4398 3135 4454 nobis
3165 4398 3549 4470 promulgata

160 4496 409 4553 πίστεως
467 4489 593 4564 παρ’
656 4491 803 4563 ἡμῶν
874 4490 1349 4562 καταγγελθείσης·
1410 4496 1500 4543 καὶ
1564 4489 1761 4563 ἕλέγοντ

1946 4490 2080 4555 sset,
2110 4487 2292 4559 hique
2323 4488 2603 4544 statuisse
2627 4488 2985 4549 dicerentur,
3018 4502 3080 4542 se
3108 4491 3265 4542 certe
3294 4501 3404 4542 suo
3428 4487 3547 4559 epi-

162 4575 544 4654 διορίζεσθαι,
580 4575 609 4637 ἦ
643 4584 747 4651 μὴν
785 4583 856 4652 μὴ
891 4578 1180 4653 ἐπιτρέψειν
1210 4580 1280 4651 τῷ
1311 4578 1580 4651 ἐπισκόπῳ
1620 4580 1760 4633 αὐτῶ

1944 4590 2086 4647 :opo
2126 4575 2204 4630 ad
2232 4591 2345 4631 nos
2363 4574 2786 4647 proﬁciscendi
2824 4574 3063 4647 copiam
3121 4574 3383 4629 facturos
3420 4590 3545 4631 non

157 4672 296 4743 πρὸς
355 4670 511 4741 ἡμᾶς
570 4664 821 4726 διαϐῆναι
842 4689 855 4702 ·
904 4665 1025 4727 ἦλθε
1055 4666 1114 4721 δέ
1142 4688 1225 4731 τις
1252 4672 1343 4720 καὶ
1379 4671 1597 4741 γράμμα
1627 4674 1758 4743 φέρω

1943 4680 2058 4729 sse;
2087 4680 2350 4736 cumque
2362 4665 2627 4721 venisset
2637 4664 2886 4737 quidam
2901 4663 3157 4719 afferens
3177 4663 3351 4720 nobis
3366 4664 3544 4735 378

157 4756 289 4827 ἡμῖν
335 4756 743 4827 ἀφωσιωμένον,
808 4762 897 4808 καὶ
955 4752 1202 4828 οὐδεμίαν
1254 4759 1377 4829 ἔχον
1430 4762 1639 4828 μνήμην
1686 4766 1758 4809 τῶ

1942 4754 2211 4825 pistolam
2251 4754 2649 4826 perfunctorie
2706 4755 3009 4827 scriptam,
3052 4758 3109 4809 et
3146 4770 3282 4827 qua:
3313 4755 3543 4811 nullam

154 4842 209 4907 ἐξ
277 4843 477 4917 ἀρχῆς
534 4846 920 4916 συγκειμένων·
953 4848 1043 4896 καὶ
1077 4846 1102 4896 ὁ
1160 4848 1337 4907 πάσης
1390 4842 1449 4897 δέ
1490 4865 1581 4918 μοι
1601 4842 1755 4897 αἰδοῦ

1940 4859 2101 4899 arum
2134 4844 2209 4899 de
2247 4844 2469 4916 quibus
2493 4844 2572 4899 ab
2601 4844 2765 4899 initio
2780 4847 3541 4913 convenerat,mentionem

150 4940 244 4987 καὶ
300 4942 485 5007 τιμῆς
555 4931 697 4994 ἄξιος
756 4929 971 5005 ἀδελφὸς
1035 4933 1297 5005 Θεόφιλος,
1354 4935 1439 4987 ἕνα
1486 4943 1585 4986 τῶν
1643 4934 1751 4986 αὖτε

1940 4932 2188 5000 abebat;
2231 4938 2288 4989 et
2325 4948 2463 4987 cum
2486 4932 2652 4987 omni
2684 4933 2830 4988 mihi
2868 4934 3197 4989 reverentia
3236 4939 3291 4989 et
3314 4934 3541 4990 honore

157 5030 441 5076 συνόντων
495 5019 826 5087 ἀποστείλας,
881 5019 1109 5081 ἐδήλωσέ
1169 5043 1305 5089 τινα,
1368 5021 1402 5075 ἂ
1436 5022 1639 5097 ἐνόμισε
1694 5045 1758 5077 κα

1937 5022 2112 5091 ignus
2152 5022 2332 5078 frater
2375 5021 2735 5093 Theophilus
2778 5037 2901 5078 uno
2957 5038 3030 5079 ex
3048 5023 3142 5078 his
3164 5023 3267 5096 qui
3297 5040 3434 5079 cum
3468 5038 3538 5078 eo

152 5113 302 5185 αὐτῷ
368 5108 726 5164 ἐπιϐάλλοντα
784 5107 912 5164 εἶναι
973 5110 1150 5179 εἰπεῖν,
1230 5116 1320 5164 καὶ
1366 5114 1491 5185 ἡμῖν
1558 5111 1753 5167 δικοῦσα

1937 5115 2033 5168 unt
2080 5110 2275 5181 missi,
2325 5109 2618 5167 nonnulla
2665 5110 3050 5181 declarasset,
3098 5127 3236 5185 qua:
3283 5129 3395 5169 nec
3426 5110 3538 5167 sibi

224 5274 280 5313 ”
326 5272 518 5330 Deut.
542 5287 579 5342 ι,
614 5274 713 5340 17;
748 5274 917 5328 Prov.
948 5286 1100 5340 mu,
1133 5274 1185 5326 5.

224 5434 352 5501 (τι)
374 5504 381 5505 ί
402 5431 492 5484 Ἐν
529 5436 723 5505 κρίσει.
755 5433 891 5505 Haec
918 5429 1137 5505 desunt
1172 5430 1233 5505 in
1261 5430 1533 5504 quinque
1562 5434 1784 5491 nostris
1891 5434 2061 5489 tustas
2093 5430 2381 5505 editiones
2401 5433 2465 5487 ut
2492 5430 2555 5487 in
2583 5433 2765 5505 textu.

152 5504 517 5569 codicibus,
546 5502 829 5578 leguntur
857 5503 918 5557 in
946 5502 1116 5558 Coisl.
1147 5502 1364 5574 primo.
1432 5502 1454 5504 “
1580 5575 1590 5578 _
1721 5577 1729 5578 ί
1963 5504 2076 5574 (76)
2110 5503 2196 5564 Ὠς
2223 5504 2517 5578 ὑπεγράφη.
2577 5504 2727 5578 Editi
2760 5503 2855 5578 his
2880 5502 3135 5559 vocibus
3166 5504 3536 5578 praemittunt

228 5578 353 5649 (‘75)
402 5576 722 5649 [ξρρφοὶσεις.
772 5576 853 5649 Ita
879 5580 1106 5649 septem
1150 5590 1361 5649 omnes
1404 5575 1783 5649 nostricodi-
1890 5580 2001 5645 καὶ,
2042 5590 2177 5646 qum
2200 5574 2543 5649 conjunctio
2570 5574 2742 5649 deest
2764 5574 2843 5649 ri_n_
2870 5590 2971 5649 sex
3010 5580 3248 5649 mss._et
3274 5575 3536 5649 editione

152 5643 278 5715 θεέ,
315 5643 751 5718 _Editi’airia;_.
784 5643 977 5718 Paulo
1024 5649 1162 5718 post
1212 5645 1392 5718 editio
1434 5647 1751 5704 Parisiensi

1931 5643 2118 5716 lagah.
2168 5650 2226 5701 et
2253 5643 2434 5718 Basil,
2494 5644 2706 5718 prima.
2763 5643 2991 5718 Ibidem
3037 5643 3181 5702 editi
3226 5643 3532 5709 ἀπεδείκθη.

155 5714 619 5789 ἀέαδυσοὶμεθα.
644 5715 821 5775 Coisl.
853 5714 1127 5789 uterque,
1158 5715 1314 5774 Harl.
1346 5720 1405 5774 et
1432 5718 1580 5776 Med.
1615 5724 1671 5777 et
1688 5735 1789 5778 ve-
1891 5714 2031 5775 Tres
2048 5714 2436 5774 vetustissimi
2459 5714 2697 5773 codices
2714 5719 2782 5772 ut
2799 5715 2862 5771 in
2885 5718 3070 5773 textu.
