4054 6228
459 293 560 368 915

1840 301 1896 356 S.
1932 295 2182 354 BASILII
2211 297 2430 358 MAGNI

3707 305 3813 362 916

462 419 747 477 indecora
776 421 939 480 dictu
989 428 1048 482 et
1094 427 1274 484 nobis
1313 428 1525 486 auditu
1558 424 1952 498 congruentia
1979 436 2112 478 esse

2244 429 2502 498 τρέποντα.
2557 429 2876 484 Ἐπιστεῖλαι
2917 431 3019 504 γὰρ
3063 428 3157 482 οὐκ
3195 427 3437 498 ἠξίωσεν,
3497 429 3557 481 οὐ
3617 430 3706 496 τὸν
3762 430 3819 481 εκ

465 509 745 566 ducebat.
790 513 1054 570 Scribere
1085 517 1242 573 enim
1266 535 1385 574 non
1406 519 1686 590 dignatus
1716 521 1824 582 est,
1845 529 1967 571 non
1986 518 2110 568 tam

465 605 739 656 metuens
773 619 847 657 ne
877 620 949 659 ex
979 605 1183 662 litteris
1215 615 1583 678 argueretur,
1609 624 1793 680 quam
1829 603 2116 660 sollicitus

469 703 543 742 ne
571 704 680 744 nos
711 707 954 747 necesse
975 693 1223 751 haberet
1255 703 1317 751 ut
1346 698 1662 769 episcopos
1687 694 1980 759 salutare;
2009 690 2120 746 sed

473 783 627 834 certe
649 780 836 837 verba
865 789 1036 840 erant
1083 786 1483 854 vehementia,
1539 792 1594 842 et
1622 803 1695 843 ex
1733 789 1973 857 pectore
2002 782 2117 837 fer-

470 871 642 922 vente
663 869 915 940 prolata.
970 875 1033 927 In
1067 873 1159 928 his
1209 875 1618 944 discessimus,
1651 875 1876 946 pudore
1902 870 2117 938 affecti,

471 955 976 1030 concidentesque
1019 962 1246 1027 animo,
1297 980 1408 1020 nec
1446 963 1738 1036 habentes
1761 960 2120 1034 quodinter-

471 1045 828 1113 rogantibus
869 1051 1396 1120 responderemus.
1445 1053 1683 1108 Interim
1709 1065 1832 1106 non
1862 1047 2121 1105 multum

473 1137 736 1206 tempus.
783 1141 840 1192 et
865 1138 973 1192 iter
1011 1139 1070 1194 in
1120 1141 1384 1198 Ciliciam
1413 1161 1424 1197 :
1459 1143 1600 1198 inde
1629 1141 1874 1208 reditus,
1905 1154 1975 1193 ac
2003 1142 2119 1192 sta-

474 1221 583 1277 tim
610 1223 817 1280 litterae
849 1229 1341 1285 communionem
1370 1229 1548 1286 nobis
1574 1230 2004 1286 renuntiantes.

548 1405 599 1456 3.
633 1404 840 1474 Ruptae
870 1410 1071 1462 autem
1104 1409 1547 1464 communionis
1564 1404 1951 1478 causa,quod
1975 1409 2125 1475 Apo-

474 1488 706 1559 linario,
731 1492 949 1561 aiebat,
981 1495 1449 1567 scripsissemus,
1473 1502 1528 1553 et
1548 1497 1715 1568 quod
1735 1492 2126 1566 compresby-

474 1580 672 1633 terum
704 1585 976 1637 nostrum
994 1584 1317 1640 Diodorum
1330 1585 1694 1642 haberemus
1706 1582 2124 1640 communica-

477 1667 688 1722 torem.
720 1671 838 1739 Ego
861 1678 1060 1728 autem
1094 1674 1506 1746 Apolinarium
1529 1675 1774 1746 quidem
1806 1686 2124 1744 nunquam

2221 521 2322 566 τῶν
2361 521 2682 590 γραμμάτων
2725 519 2940 591 ὓεγχον
3006 521 3328 593 ὑφορώμενος
3379 525 3651 584 τοσοῦτον,
3697 519 3820 571 ὅσον

2226 606 2511 678 φροντίζων
2548 616 2641 660 τοῦ
2689 613 2761 680 μὴ
2795 610 2863 669 είς
2895 607 3124 680 ἀνάγκην
3156 607 3315 659 ἐλθεῖν
3349 614 3649 680 προσειπεῖν
3686 608 3822 678 ἡμᾶς

2227 694 2296 753 ὡς
2356 692 2702 756 ἐπισκόπους·
2741 696 2875 754 πλὴν
2915 716 2972 769 γε
3003 693 3093 767 δὴ,
3148 697 3225 748 ὅτι
3271 691 3477 769 σφοδρά
3517 691 3578 752 ἧν
3622 697 3687 758 τὰ
3734 696 3822 768 ῥή-

2227 801 2386 853 ματα,
2449 787 2538 836 καὶ
2586 783 2685 837 ἀπὸ
2736 782 2960 861 καρδίας
2999 784 3433 858 ἐκθερμανθείσης
3474 783 3822 854 ἐξενεχθέντα.

2231 868 2345 922 Ἐπὶ
2403 874 2599 933 τούτοις
2652 870 2957 946 διελύθημεν
3005 876 3464 944 κατησχυριμένοι,
3529 877 3618 923 καὶ
3683 891 3824 943 συμ-

2229 965 2549 1023 πεπτωκότες
2602 969 2664 1033 τῇ
2714 968 2922 1034 γνώμη,
2981 961 3076 1013 οὐκ
3127 964 3330 1031 ἔχοντες
3377 961 3404 1011 ὃ
3455 979 3506 1011 τι
3549 965 3660 1024 τοῖς
3706 957 3826 1031 ἐρω-

2229 1055 2391 1099 τῶσιν
2443 1047 2884 1124 ἀποκρινούμεθα.
2940 1054 3133 1122 Χρόνος
3189 1045 3246 1100 δὲ
3298 1047 3357 1100 οὐ
3421 1047 3582 1109 πολὺς
3642 1045 3692 1098 ἐν
3755 1054 3828 1114 τῷ

2230 1139 2393 1207 μέσῳ,
2453 1143 2542 1189 καὶ
2609 1135 2886 1210 ἀποδημία
2914 1142 3077 1210 μέχρι
3106 1137 3352 1210 Κιλίκων
3408 1137 3640 1206 κάκεῖθεν
3673 1133 3826 1187 ἐπάν-

2231 1221 2372 1294 οδος,
2422 1232 2512 1280 καὶ
2549 1229 2836 1300 γράμματα
2889 1227 3054 1294 εὐθὺς,
3113 1226 3464 1300 ἀπαγόρευσιν
3503 1228 3693 1297 ἔχοντα
3733 1232 3828 1286 τῆς

2230 1335 2355 1390 προς
2393 1317 2530 1388 ἡμᾶς
2562 1321 2848 1378 κοινωνίας.

2303 1408 2354 1461 3.
2387 1405 2443 1458 Ἠ
2507 1402 2566 1457 δὲ
2613 1406 2758 1458 αἰτία
2802 1414 2895 1468 τῆς
2937 1403 3286 1479 ἀπορρήξεως,
3322 1405 3404 1471 ὅτι
3456 1400 3825 1474 ῗΑπολιναρίῳ,

2234 1497 2416 1564 φησὶν,
2475 1492 2858 1566 ἐπεστείλαμεν,
2906 1499 2996 1545 καὶ
3035 1497 3122 1545 τόν
3168 1489 3622 1565 συμπρεσϐύτερον
3677 1490 3827 1560 ἡμῶν

2234 1579 2492 1658 Διόδωρον
2524 1585 2712 1654 ἔχομεν
2769 1588 3065 1635 κοινωνικόν
3104 1583 3238 1650 (77).
3293 1582 3424 1652 Ἐγώ
3461 1577 3519 1632 δε
3558 1577 3829 1630 Ἀπολινα-

2233 1691 2343 1746 ριον
2393 1675 2481 1743 μὲν
2536 1670 2728 1744 ἐχθρόν
2761 1669 3010 1725 οὐδέποτε
3066 1674 3374 1743 ἡγησάμην,
3430 1668 3533 1720 ἀλλ’
3579 1671 3722 1720 ἔστιν
3753 1664 3829 1736 ἐφ’

475 1753 787 1813 inimicum
820 1758 986 1826 duxi,
1013 1762 1137 1816 imo
1167 1778 1287 1817 non
1318 1763 1539 1818 desunt
1564 1762 1644 1818 ob
1670 1779 1806 1834 quae
1828 1761 2008 1816 etiam
2033 1774 2123 1812 re-

2244 1762 2313 1821 οἷς
2373 1766 2463 1812 καὶ
2515 1758 2771 1834 αἰδοῦμαι
2799 1765 2885 1814 τόν
2939 1758 3138 1835 ἄνδρα·
3190 1761 3249 1814 οὐ
3289 1765 3391 1833 μὴν
3421 1759 3576 1818 οὕτως
3604 1756 3832 1828 ἐμαυτόν

479 1859 683 1900 verear
708 1846 904 1902 virum
933 1869 945 1904 :
978 1851 1084 1905 sed
1123 1855 1321 1906 tamen
1346 1867 1466 1907 non
1495 1851 1576 1910 ita
1606 1867 1703 1906 me
1727 1848 1954 1906 homini
1988 1861 2126 1904 con-

476 1932 672 2002 junxi,
702 1935 942 1992 utillius
974 1938 1226 1995 crimina
1271 1941 1400 2011 ipse
1427 1940 1774 2011 suscipiam,
1809 1953 1947 2008 cum
1974 1940 2128 1992 certe

482 2022 680 2093 etipse
702 2026 994 2082 nonnulla
1007 2027 1288 2095 habeam,
1304 2045 1439 2100 quae
1461 2029 1519 2084 in
1544 2028 1643 2084 illo
1665 2025 2127 2100 reprehendam,

490 2111 828 2168 lectisillius
849 2114 1016 2170 libris
1059 2117 1389 2172 nonnullis.
1425 2121 1552 2182 Non
1584 2123 1784 2176 tamen
1811 2116 1886 2171 de
1911 2113 2130 2184 Spiritu

483 2206 693 2258 sancto
739 2209 842 2259 aut
889 2205 1110 2261 librum
1171 2223 1265 2262 me
1314 2207 1392 2263 ab
1413 2223 1484 2263 eo
1517 2212 1711 2278 petere
1737 2204 2004 2274 memini,
2027 2206 2132 2259 aut

480 2291 734 2347 missum
767 2294 1054 2365 accipere.
1079 2295 1190 2350 Sed
1215 2296 1698 2367 copiosissimum
1736 2295 1903 2350 illum
1945 2291 2129 2348 audio

480 2380 752 2434 omnium
771 2383 1128 2454 scriptorum
1143 2385 1434 2440 exstitisse
1452 2403 1463 2441 :
1478 2384 1592 2453 legi
1607 2388 1808 2440 autem
1824 2396 2130 2455 perpauca.

481 2482 552 2522 ex
583 2468 739 2524 illius
778 2471 1035 2542 scriptis,
1061 2489 1257 2544 neque
1288 2475 1446 2530 enim
1475 2474 1622 2531 mihi
1651 2474 1838 2530 otium
1865 2476 1954 2526 est
1984 2469 2129 2526 talia

479 2559 783 2614 scrutandi
805 2578 818 2625 ;
851 2575 919 2616 ac
934 2567 1221 2632 praeterea
1233 2562 1488 2620 difﬁcilis
1501 2563 1752 2635 quidam
1771 2577 1905 2617 sum
1921 2575 1990 2615 ac
2004 2573 2128 2614 mo-

478 2661 654 2702 rosus
676 2649 752 2703 ad
778 2651 1109 2707 recentiora
1129 2653 1501 2709 admittenda
1527 2671 1541 2718 ;
1572 2653 1800 2724 quippe
1829 2667 1966 2706 cum
1985 2647 2129 2708 mihi

479 2749 589 2806 per
617 2752 836 2808 corpus
859 2755 932 2794 ne
962 2741 1021 2796 in
1054 2741 1307 2797 lectione
1359 2743 1605 2814 quidem
1637 2741 1919 2798 divinitus
1947 2739 2131 2811 inspi-

480 2830 623 2879 rata;
643 2827 1278 2898 Scripturtelaboriose
1303 2836 1482 2902 atque
1515 2836 1708 2902 utpar
1737 2835 1844 2896 est,
1861 2833 2128 2901 perstare

477 2911 670 2969 liceat.
706 2916 859 2980 Quid
879 2918 994 2973 hoc
1012 2919 1191 2987 igitur
1217 2921 1294 2975 ad
1322 2936 1437 2984 me,
1472 2920 1518 2976 si
1550 2920 1683 2993 quis
1704 2919 1850 2991 quid
1873 2917 2126 2989 scripsit,

479 3003 644 3074 quod
670 3005 910 3061 cuidam
951 3023 1072 3063 non
1097 3009 1377 3080 placeat?
1427 3012 1789 3081 Quanquam
1818 3012 1874 3063 et
1895 3010 2129 3078 oportet

481 3091 666 3147 alium
688 3109 799 3164 pro
855 3095 973 3152 alio
1007 3097 1300 3153 rationem
1328 3098 1599 3162 reddere,
1621 3098 1672 3153 is
1703 3097 1807 3169 qui
1834 3111 1930 3152 me
1955 3111 2130 3152 accu-
2158 3106 2200 3162 ε

483 3185 575 3236 sat
603 3181 676 3238 de
705 3182 1067 3254 Apolinario,
1105 3186 1471 3258 respondeat
1515 3187 1692 3242 nobis
1725 3185 1800 3241 de
1829 3185 1964 3244 Ario
1990 3199 2128 3254 pro-

484 3269 615 3340 prio
657 3287 768 3326 suo
801 3274 1106 3343 magistro,
1147 3280 1204 3331 et
1246 3275 1320 3332 de
1369 3277 1533 3332 Aetio
1550 3275 1792 3348 proprio
1819 3289 1928 3330 suo
1955 3271 2130 3327 disci-

487 3359 651 3430 pulo.
686 3363 801 3416 Nos
824 3368 1024 3419 autem
1047 3379 1244 3436 neque
1295 3365 1659 3438 discipulum
1699 3363 1898 3420 ullain
1936 3378 1999 3418 re
2029 3362 2132 3417 ha-

488 3446 752 3512 buimus,
787 3465 981 3522 neque
1011 3453 1367 3522 magistrum
1383 3453 1546 3509 hunc
1575 3453 1907 3512 hominem.
1961 3449 2133 3518 cujus

489 3535 741 3591 crimina
785 3537 846 3592 in
893 3554 1004 3594 nos
1055 3545 1429 3599 convertunt.
1465 3541 1790 3596 Diodorum
1817 3544 2042 3603 autem,
2070 3540 2136 3592 ut

490 3624 651 3682 beati
701 3626 942 3698 Sylvani
997 3630 1336 3695 alumnum,
1377 3631 1456 3687 ab
1509 3630 1678 3686 initio
1706 3627 2131 3700 suscepimus:

489 3732 652 3773 nunc
672 3733 815 3774 vero
864 3723 920 3774 et
965 3719 1272 3788 diligimus
1325 3726 1383 3776 et
1411 3719 1866 3792 complectimur
1888 3717 1968 3774 ob
1998 3717 2136 3772 insi-

489 3812 615 3864 tam
667 3807 749 3862 illi
800 3808 1094 3864 sermonis
1135 3809 1412 3879 gratiam,
1469 3826 1588 3880 qua
1639 3807 1810 3881 multi
1839 3821 1910 3863 ex
1933 3806 2002 3865 iis
2031 3805 2136 3878 qui

489 3895 660 3950 illum
691 3897 1078 3966 conveniunt,
1110 3897 1386 3953 meliores
1412 3897 1585 3954 ﬁunt.

565 3987 617 4038 4.
661 3987 903 4055 Propter
941 3985 1052 4041 has
1107 3986 1353 4057 litteras,
1392 3991 1457 4043 ut
1485 3986 1755 4054 decebat,
1783 3985 2051 4049 affectus,
2083 3986 2141 4040 et

496 4070 576 4124 ad
606 4074 726 4124 tam
754 4071 1224 4142 inexspectatam
1247 4090 1318 4128 ac
1338 4073 1598 4128 subitam
1613 4074 2008 4130 mutationem
2037 4073 2142 4128 ob-

498 4162 874 4228 stupescens,
901 4174 975 4214 ne
999 4160 1364 4231 respondere
1389 4161 1638 4232 quidem
1665 4161 1853 4231 potui.
1888 4161 2143 4218 Constri-

498 4249 659 4302 ctum
687 4246 838 4302 enim
864 4252 990 4303 erat
1019 4247 1164 4302 mihi
1202 4263 1327 4312 cor,
1371 4248 1634 4304 resoluta
1659 4248 1890 4318 lingua,
1921 4265 2142 4305 manus

498 4333 795 4407 torpebat,
828 4339 1009 4407 atque
1038 4336 1100 4391 in
1154 4337 1342 4392 animi
1382 4351 1504 4392 non
1530 4336 1695 4392 fortis
1723 4337 1934 4393 vitium
1963 4337 2145 4393 incidi

2234 1859 2306 1920 τῷ
2354 1849 2607 1924 ἀνθρώπῳ
2670 1851 2902 1922 συνῆψα,
2955 1854 3090 1903 ὥστε
3149 1853 3216 1911 τὰ
3283 1849 3473 1902 ἐκείνου
3526 1845 3836 1918 ἐγκὶὴματα

2237 1939 2394 2001 αὐτὸς
2448 1937 2840 2011 ὑποδέχεσθαι’
2872 1941 3000 1992 ὅπου
3055 1959 3116 2009 γε
3161 1941 3270 2010 ἔχω
3289 1939 3405 1990 τινά
3433 1939 3523 1988 καὶ
3553 1934 3709 2000 αὐτὸς
3739 1932 3833 2004 ἑγ-

2237 2028 2408 2080 καλεῑν
2439 2029 2602 2099 αὐτῷ,
2635 2028 2864 2100 ἐντυχών
2919 2048 3032 2093 τισι
3081 2037 3182 2080 τῶν
3223 2028 3592 2098 συνταγμάτων
3643 2025 3832 2076 αὑτοῦ.

2239 2118 2314 2170 Οὐ
2363 2122 2465 2189 μὴν
2504 2122 2629 2195 περὶ.
2674 2126 2764 2170 τοῦ
2816 2120 3108 2189 [ινεύματος
3159 2123 3250 2168 τοῦ
3317 2115 3467 2186 ἁγίου
3526 2113 3556 2172 ἧ
3617 2111 3835 2172 αἰτήσας

2238 2206 2389 2258 αὐτὸν
2416 2203 2538 2258 οἶδα
2569 2205 2793 2279 βιϐλίον,
2849 2207 2879 2269 ἦ
2927 2204 3213 2258 ἀποσταλεν
3244 2201 3640 2274 ὑποδεξάμενος.
3673 2199 3836 2253 Ἀ).λά

2239 2295 2661 2366 πολυφωνότατον
2733 2298 2822 2367 μὲν
2902 2294 3056 2346 αὐτὸν
3115 2292 3286 2345 ἀκούω
3331 2295 3534 2343 πάντων
3597 2307 3834 2360 συγγραο

2237 2387 2363 2454 φέων
2411 2386 2752 2454 γεγενῆσθαι⁸
2803 2382 2994 2454 ὀλίγοις
3043 2379 3102 2434 δὲ
3140 2380 3460 2452 ἐντετύχηκα
3500 2388 3599 2432 τῶν
3631 2396 3832 2431 συντα-

2236 2473 2443 2543 γμάτων
2475 2476 2588 2537 (78)
2629 2471 2818 2523 αὐτοῦ·
2865 2468 2990 2523 οὐδὲ
3053 2473 3155 2542 γὰρ
3227 2469 3394 2541 σχολή
3465 2472 3556 2541 μοὶ
3600 2465 3711 2526 ἔστι
3765 2467 3832 2516 τὰ

2237 2567 2455 2612 τοιαῦτα
2494 2557 2879 2632 διερευνᾶσθαι,
2913 2565 3003 2610 καὶ
3034 2559 3144 2630 ἅμα
3163 2555 3431 2632 δυσχερής
3458 2576 3538 2619 τις
3564 2555 3667 2626 εἰμί
3695 2557 3836 2624 πρὸς

2235 2654 2329 2708 τὴν
2384 2657 2483 2702 τῶν
2527 2653 2779 2722 νεωτέρων
2808 2644 3150 2722 παραδοχὴν,
3178 2643 3218 2717 ᾧ
3246 2666 3305 2716 γε
3334 2649 3392 2698 τὸ
3425 2653 3577 2716 σῶμα
3613 2639 3738 2695 οὐδὲ

2237 2736 2528 2808 ἀναγνώσει
2563 2746 2660 2788 τῶν
2717 2739 3064 2800 θεοπνεύστων
3122 2741 3334 2808 Γραφῶν
3396 2733 3676 2805 φιλοπόνως
3740 2734 3836 2802 καὶ

2237 2827 2355 2878 καθ’
2395 2829 2448 2878 ὃν
2489 2823 2569 2878 δεῖ
2622 2830 2811 2898 τρόπον
2898 2833 3170 2899 συγχωρεῖ
3231 2825 3562 2898 παραμένειν.
3625 2826 3690 2882 Τί
3743 2817 3837 2872 οὖν

2240 2919 2363 2990 πρὸς
2407 2915 2492 2988 ἐμὲ
2522 2922 2698 2980 τοῦτο,
2762 2918 2806 2968 εἰ
2845 2935 2924 2976 τις
2965 2913 3258 2988 συνέγραψέ
3295 2932 3345 2964 τι
3394 2917 3466 2984 μὴ
3504 2907 3723 2983 ἀρέσκον
3761 2917 3838 2977 τῷ

2240 3002 2403 3072 asin;
2439 3010 2623 3070 Καίτοι
2685 3005 2727 3058 εἰ
2784 3001 2865 3068 ὸῗεί
2895 3002 3044 3056 ἄλλον
3095 3005 3222 3076 ὑπὲρ
3279 3001 3434 3068 ἄλλου
3477 3003 3570 3063 τὰς
3615 2999 3840 3062 εὐθύνας

2243 3095 2474 3165 ὓπέχειν,
2534 3094 2560 3144 ό
2615 3091 2729 3164 ἐμοὶ
2771 3091 2994 3163 ἐγκαλῶν
3041 3093 3166 3166 ὑπὶρ
3225 3089 3586 3160 Ἄπολιναρίου
3649 3086 3840 3140 ἀπολο-

2238 3184 2434 3253 γείσθω
2464 3183 2578 3245 (79)
2619 3182 2766 3253 ἡμῖν,
2797 3182 2924 3253 ὑπὲρ
2957 3181 3156 3252 Ἀρείου
3182 3187 3273 3231 τοῦ
3307 3176 3446 3241 ἰδίου
3475 3174 3841 3247 διδασκάλου,

2240 3274 2330 3322 καὶ
2377 3271 2501 3342 ὑπὲρ
2546 3269 2751 3322 ’Δετίου
2799 3275 2891 3320 τοῦ
2951 3264 3090 3320 ἰδίου
3141 3267 3300 3319 αὑτοῦ
3337 3267 3598 3340 μαθητοῦ,
3654 3264 3841 3334 Ἡμεῖς

2243 3355 2304 3410 δὲ
2333 3361 2446 3410 οὔτε
2485 3353 2852 3428 ἐδιδάχθημεν
2898 3377 2973 3424 τι,
3028 3359 3144 3420 οὔτε
3182 3353 3602 3427 ἕμαθητεύθημεν
3634 3361 3704 3423 τῷ
3741 3351 3838 3402 Ea-

2244 3445 2357 3520 δρὶ,
2422 3447 2482 3498 οὗ
2528 3449 2592 3498 τά
2647 3445 2949 3516 ἐγκλήματα
3012 3447 3136 3515 ἡμῖν
3178 3448 3565 3517 περιτρέπουσι.
3627 3437 3838 3506 Διόδω-

2243 3557 2332 3612 ρον
2368 3535 2447 3605 δὲ,
2498 3539 2562 3596 ὡς
2604 3537 2806 3610 θρέμμα
2861 3542 2952 3587 τοῦ
2998 3538 3258 3607 μακαρίου
3307 3532 3605 3600 Σιλουανοῦ,
3655 3532 3714 3581 τὸ
3787 3528 3841 3590 ἐξ

2247 3626 2422 3699 ἀρχῆς
2479 3621 2837 3696 ὑπεδεξάμεθα
2869 3624 3006 3690 (80)*
3065 3631 3152 3673 νῦν
3192 3618 3250 3674 δὲ
3279 3625 3368 3672 καὶ
3423 3619 3700 3692 ἀγαπώμεν
3748 3622 3840 3668 καὶ

2245 3718 2548 3786 πέριέπομεν
2596 3709 2689 3764 διὰ
2725 3717 2816 3778 τῂν
2846 3717 3150 3783 προσοῦσαν
3187 3709 3328 3779 αὐτῷ
3357 3707 3620 3778 τοῦὶόγου
3650 3708 3840 3777 χάριν,

2249 3801 2282 3857 ἃ
2289 3805 2322 3856 ι’
2353 3805 2412 3864 ἧς
2437 3802 2614 3866 πολλοὶ
2635 3810 2733 3854 τῶν
2764 3797 3177 3872 ἐντυγχανόντων
3205 3797 3442 3871 βελτίους
3460 3802 3707 3867 γίνονται.

2320 3987 2375 4040 4.
2417 3983 2534 4044 Ἐπὶ
2573 3984 2777 4042 τούτοις
2813 3987 2920 4046 τοῖς
2963 3981 3239 4053 γράμμασι
3271 3973 3547 4040 διατεθεὶς,
3602 3975 3674 4037 ὡς
3703 3972 3850 4034 εἰκός

2252 4070 2334 4135 ἧν,
2375 4076 2464 4124 καὶ
2514 4070 2780 4142 ἐκπλαγεὶς
2842 4073 2969 4144 πρὸς
3022 4073 3115 4126 τὴν
3207 4068 3342 4130 οὕτω
3400 4064 3694 4138 παράλογον
3756 4067 3849 4114 καὶ

2253 4149 2444 4235 ἀθρόαν
2509 4157 2818 4232 μεταϐολὴν,
2872 4154 2995 4210 οὐδὲ
3050 4149 3489 4228 ἀντιφθέγξασθαι
3545 4149 3846 4219 ἠδυνήθην.

2253 4244 2535 4306 Συνὸέὸετο
2566 4251 2654 4320 μὲν
2678 4249 2779 4319 γάρ
2805 4266 2896 4320 μοι
2923 4249 2951 4305 ἡ
2985 4242 3201 4319 καρδία,
3224 4252 3438 4319 παρεῖτο
3459 4239 3518 4296 δὲ
3549 4245 3576 4310 ᾖ
3604 4241 3849 4314 γλῶσσα,

2253 4341 2545 4410 νπαρκήκει
2611 4333 2668 4389 δὲ
2727 4337 2756 4394 ἡ
2821 4341 2980 4408 χείρ’
3056 4338 3145 4386 καὶ
3201 4335 3390 4396 ἔπαθον
3447 4333 3606 4391 πάθος
3653 4330 3849 4401 ψυχῆς

500 4425 755 4492 (dicetur
793 4426 950 4481 enim
979 4425 1142 4498 quod
1167 4442 1379 4482 verum
1400 4430 1508 4492 est,
1567 4425 1674 4482 sed
1727 4432 1926 4484 tamen
1968 4427 2129 4484 venia

2256 4427 2492 4498 ἀγεννοῦς
2523 4419 2808 4497 (εἰρήσεται
2870 4426 2971 4495 γὰρ
3037 4421 3271 4488 τάληθὲς,
3338 4421 3472 4479 πλὴν
3529 4419 3655 4472 ἀλλά
3713 4437 3847 4488 συγ-

451 4578 462 4591 ,
501 4514 780 4585 dignum)
814 4533 826 4570 :
853 4531 1037 4588 prOpe
1051 4516 1273 4571 factum
1300 4521 1409 4581 est,
1431 4519 1496 4570 ut
1517 4530 1613 4571 me
1638 4515 1872 4585 generis
1891 4516 2144 4572 humani

501 4603 709 4658 odium
738 4609 997 4674 caperet,
1028 4619 1138 4660 nec
1169 4603 1272 4659 ulli
1304 4619 1505 4660 mores
1529 4604 1794 4675 suspecti
1834 4603 1980 4662 mihi
2020 4620 2144 4661 non

503 4696 726 4757 essent,
771 4691 1199 4762 crederemque
1238 4707 1360 4748 non
1388 4707 1522 4748 esse
1551 4692 1610 4748 in
1648 4693 1910 4748 hominis
1930 4698 2146 4750 natura

503 4779 808 4835 charitatis
831 4779 1061 4836 bonum
1087 4799 1101 4848 ;
1135 4781 1240 4836 sed
1263 4797 1485 4837 nomen
1511 4797 1641 4837 esse
1691 4783 2033 4853 speciosum
2054 4782 2146 4837 his

503 4869 606 4939 qui
638 4867 781 4923 illud
809 4869 1201 4939 pronuntiant
1236 4867 1464 4942 aliquid
1503 4870 1750 4925 honoris
1779 4869 1994 4935 ferens,
2023 4886 2148 4926 non

505 4963 706 5013 tamen
728 4971 932 5013 revera
973 4958 1168 5013 inesse
1213 4958 1477 5014 hominis
1509 4959 1675 5015 cordi
1699 4958 1858 5016 hanc
1879 4959 2147 5015 affectio-

505 5062 667 5103 nem.
699 5047 755 5102 Si
776 5047 936 5102 enim
967 5045 1069 5118 qui
1085 5046 1396 5104 videbatur
1425 5063 1458 5102 a
1485 5063 1673 5119 puero
1695 5047 1769 5103 ad
1796 5048 2150 5119 379mm-

575 5190 688 5257 (77)
731 5193 1054 5240 Κοινωνικόν.
1088 5192 1173 5244 Ita
1191 5204 1294 5244 sex
1318 5205 1463 5244 mss.
1498 5194 1752 5241 κοινωνόν.

573 5264 681 5329 (78)
715 5263 1119 5331 Συνταγμοὶτων.
1185 5263 1292 5331 Ita
1323 5265 1440 5314 tres
1505 5260 1883 5315 vetustissimi
1907 5260 2145 5316 codices

502 5349 640 5388 cum
667 5329 940 5400 pluribus
962 5331 1112 5385 aliis.
1150 5329 1294 5384 Editi
1325 5334 1768 5403 συγγραμμάτων.
1806 5331 1982 5403 Paulo
2010 5337 2147 5403 post

501 5403 641 5459 editi
668 5404 721 5454 ὄν
741 5423 800 5474 γε
820 5407 877 5453 τὸ
906 5410 1106 5474 σῶμα.-
1133 5403 1386 5471 Uterque
1433 5401 1640 5474 Coisl...
1704 5401 1874 5464 Med.,
1904 5401 2064 5458 Harl.
2089 5401 2144 5460 et

501 5477 641 5544 Reg.
671 5471 931 5544 primus
981 5471 1044 5527 ut
1093 5471 1152 5526 in
1210 5474 1390 5526 textu.
1424 5472 1614 5528 Editio
1643 5474 1867 5541 llagan.
1891 5478 1949 5528 et
1979 5474 2141 5529 Basi-

496 5543 932 5614 leensisprima
958 5545 1021 5603 ὦς
1048 5561 1107 5614 γε
1135 5545 1190 5595 τὸ
1226 5550 1396 5614 σῶμα.

569 5564 717 5598 armis
739 5564 932 5614 prima
958 5564 1021 5603 ως
1088 5564 1107 5595 ε
1135 5564 1190 5595 το
1226 5564 1396 5596 σωαα.

569 5613 686 5682 (‘79)
726 5564 1133 5684 ’Anoloyciqgw.
1175 5597 1332 5670 Harl.
1391 5615 1448 5690 et
1502 5614 1673 5670 Coisl.
1731 5612 1966 5686 primus
2016 5614 2142 5667 imo.

2252 4520 2463 4586 γνώμης
2505 4513 2709 4579 ἄξιον)·
2764 4518 2954 4586 μικροῦ
3018 4514 3108 4562 καὶ
3169 4510 3238 4574 εἰς
3306 4511 3699 4582 μισανθρωπίαν
3759 4506 3845 4570 ἐξ·

2255 4610 2458 4670 ἐπεσον,
2508 4603 2596 4655 καί
2643 4608 2743 4655 πᾶν
2774 4622 2862 4674 μοι
2907 4599 3032 4665 ἦθος
3077 4601 3308 4664 ὕποπτον
3338 4599 3608 4671 ἐνομίσθη,
3639 4601 3726 4648 καὶ
3766 4600 3839 4668 μὴ

2257 4692 2385 4748 εἶναι
2442 4692 2490 4745 ἐν
2548 4691 2819 4766 ἀνθρώπου
2847 4694 2992 4762 φύσει
3022 4691 3135 4758 (8i)
3177 4693 3236 4752 τὸ
3277 4697 3369 4750 τῆς
3413 4688 3624 4759 ἀγάπης
3648 4683 3840 4750 ualer-

2256 4781 2385 4834 ana
2450 4782 2595 4854 ῥῆμα
2662 4777 2791 4831 εἶναι
2862 4778 3194 4851 εὐπρόσωπον
3273 4776 3640 4847 καλλωπισμόν
3725 4790 3838 4823 τινα

2257 4875 2488 4944 παρέχον
2544 4875 2648 4929 τοῖς
2699 4871 3061 4942 κεχρημένοις,
3111 4866 3170 4930 οὐ
3235 4869 3336 4937 μὴν
3387 4865 3694 4936 ἐνυπάρχειν
3722 4861 3835 4911 κατ’

2260 4959 2501 5017 ἀλήθειαν
2568 4954 2766 5030 καρδίᾳ
2805 4955 3074 5030 ἀνθρώπου
3117 4961 3209 5013 τὴν
3247 4951 3485 5006 διάθεσιν
3529 4955 3735 5008 ταύτην.
3772 4948 3828 5002 Εἰ

2256 5050 2359 5119 γὰρ
2388 5049 2414 5098 ό
2456 5043 2623 5098 δοκῶν
2666 5045 2722 5099 ἐκ
2787 5042 2980 5112 παιδὸς
3033 5043 3102 5106 εἰς
3156 5052 3326 5117 γῆρας
3375 5041 3516 5115 βαθὺ
3558 5039 3827 5113 imprium

2256 5187 2592 5258 λογησάσθω.
2612 5253 2628 5258 _
2667 5257 2671 5258 ν
2925 5256 2942 5258 λ
3761 5248 3794 5258 ν

2328 5248 2437 5327 iSO)
2477 5253 2882 5327 ’Υπεδεξάμεθα.
2924 5256 3008 5327 Ita
3040 5271 3185 5310 mss.
3209 5271 3312 5311 sex
3352 5260 3409 5312 et
3452 5258 3694 5311 vetusta:
3714 5248 3822 5308 edi-

2255 5325 2464 5386 tiones.
2501 5325 2851 5401 Parisiensis
2875 5325 3254 5401 ἀπεδεξάμεθα.
3301 5398 3311 5401 _
3338 5397 3354 5401 _
3769 5393 3778 5401 .

2321 5401 2432 5471 (8t)
2472 5402 2646 5453 Φύσει.
2667 5399 2736 5453 In
2766 5406 2992 5471 natura
3017 5397 3360 5471 hoininjsjd
3389 5397 3817 5471 est,non__e_ssein

2252 5465 2495 5527 homine
2521 5486 2725 5526 veram
2749 5474 2803 5525 et
2833 5470 3130 5526 sinceram
3175 5468 3546 5526 charitatem.
3589 5465 3719 5522 Vide
3737 5478 3819 5518 su-

2251 5558 2362 5614 pra
2377 5544 2549 5600 notas
2569 5541 2628 5598 in
2660 5543 2834 5614 epist.
2860 5544 2950 5596 23.
