4100 6214
268 272 380 337 917

1210 265 1699 326 EPISTOLARUM
1738 258 2022 321 CLASSIS
2059 262 2129 319 ll.
2170 262 2391 328 EPIST.
2429 264 2696 323 CCXLIV.

3529 271 3641 331 018

273 397 460 469 έριυτοῦ
531 394 854 453 πεποιῆσθαι
918 391 974 444 ἐκ
1038 394 1281 445 τοιούτων
1356 393 1660 467 προφάσεων
1735 388 1861 440 οὕτω

1986 400 2152 441 mam
2179 401 2367 460 usque
2398 393 2702 447 senectam
2734 390 2849 446 sibi
2879 390 2993 463 ipsi
3018 388 3377 463 invigilasse,
3412 393 3637 453 talibus

269 482 469 562 ῥᾳδίως
514 483 827 557 ἐξηγριώθη,
868 477 1036 553 μηδὲν
1081 489 1181 532 τῶν
1238 482 1495 553 ἡμετέρων
1544 478 1869 549 ὑπολογισά-

272 594 439 646 μενος,
480 569 619 646 μηδὲ
659 576 751 629 τὴν
791 570 839 623 ἑν
887 578 960 640 τῷ
1012 569 1317 645 παρελθόντι
1346 577 1527 644 πεῖραν
1570 577 1666 630 τῆς
1707 567 1873 628 οὕτως

272 663 507 723 εὐτελοῦς
551 659 804 722 διαϐολῆς
850 663 1165 733 κυριωτέραν
1219 662 1452 731 θέμενος*
1488 657 1594 710 ἀλλ’
1640 654 1743 709 οἶόν
1791 676 1869 716 τις

270 752 437 813 πῶλος
490 748 817 823 ἀδάμαστος,
857 752 1000 801 οὔπω
1048 754 1213 822 φέρειν
1259 748 1425 812 καλῶς
1475 752 1559 799 τόν
1609 745 1870 803 ἀναϐάτην

273 837 676 912 δεδιδαγμένος,
747 836 802 891 ἑκ
860 844 1053 910 μικρᾶς
1117 836 1347 907 ὑποψίας
1413 836 1715 908 ἀνεχαίτισε
1780 839 1870 887 καὶ

270 928 632 996 ἀπεσείσατο,
687 932 777 980 καὶ
830 931 1009 1000 χαμαὶ
1067 926 1270 1002 ἔρριψεν
1320 928 1395 989 οἷς
1460 930 1706 1001 πρότερον
1774 924 1869 976 ἑπ-

272 1018 523 1090 ηγαλλετο
547 1033 559 1045 ·
601 1020 652 1071 τί
680 1020 787 1090 χρὴ
816 1020 935 1091 περὶ
979 1023 1079 1067 τῶν
1118 1014 1283 1066 ἄλλων
1332 1016 1583 1084 ὑπονοεῖν,
1612 1017 1737 1087 πρὸς
1781 1012 1868 1077 οὓς

269 1110 392 1161 οὔτε
443 1110 568 1180 ἡμῖν
618 1113 853 1158 τοσαῦτα
897 1112 994 1167 τῆς
1046 1103 1217 1176 φιλίας
1268 1102 1406 1156 ἑστὶν
1454 1102 1710 1177 ἐνέχυρα,
1752 1105 1869 1156 οὔτε

268 1196 399 1271 παρ’
449 1195 615 1248 αὐτῶν
674 1197 890 1252 τοιαύτη
947 1202 1043 1255 τῆς
1122 1201 1219 1245 τῶν
1295 1197 1498 1268 τρόπων
1583 1190 1869 1264 ἐπιμελείας

270 1280 563 1351 ἑπίδειξις;
630 1290 810 1337 Ταῦτα
871 1280 985 1335 κατ’
1053 1281 1275 1355 ἑμαυτὸν
1334 1280 1616 1333 ἀνελίσσων
1692 1278 1740 1332 ἑν
1801 1288 1864 1352 τῇ

269 1373 451 1445 ψυχῇ,
492 1378 582 1425 καὶ
614 1380 847 1444 συνεχῶς
879 1374 1108 1446 στρέφων
1147 1369 1196 1423 ἑν
1238 1378 1300 1443 τῇ
1330 1365 1547 1443 καρδίᾳ,
1588 1368 1776 1441 μᾶλλον
1808 1364 1867 1421 δε

272 1460 715 1537 ἀναστρεφόμενος
770 1461 881 1534 (82)
934 1459 1021 1512 ὑπ’
1071 1460 1239 1512 αὐτῶν
1290 1464 1380 1519 τήν
1437 1454 1681 1531 καρδίαν,
1733 1458 1868 1510 ούτω

271 1548 568 1604 δακνόντων
606 1570 669 1624 με
711 1554 803 1602 καὶ
848 1553 1140 1603 νυσσὸντων
1186 1545 1281 1601 διὰ
1323 1556 1417 1609 τῆς
1447 1553 1664 1621 μνήμης,
1715 1543 1867 1600 οὐδὲν

269 1639 482 1702 ἐκείνοις
538 1639 891 1714 ἀπεκρινάμην
933 1646 1042 1702 τοῖς
1072 1640 1379 1711 γράμμασιν
1405 1659 1417 1671 ο
1452 1636 1557 1709 οὐχ
1606 1636 1867 1711 ὑπεροψίᾳ

1983 473 2059 530 de
2103 477 2301 531 causis
2333 478 2415 534 ita
2456 478 2625 535 facile
2668 477 2950 535 efferatus
2988 482 3097 544 est,
3129 479 3363 537 nullam
3398 481 3637 542 habens

1982 579 2182 620 rerum
2210 570 2553 624 nostrarum
2574 568 2891 635 rationem,
2916 584 3027 624 nec
3048 569 3326 641 praeteriti
3349 574 3637 646 temporis

1981 654 2410 726 experientiam
2433 656 2740 712 calumnia
2761 657 2912 713 adeo
2934 657 3035 712 vili
3055 658 3350 729 potiorem
3371 660 3633 720 ducens:

1982 743 2089 799 sed
2130 744 2311 800 veluti
2350 744 2601 817 quidam
2642 746 2843 818 pullus
2878 745 3209 802 indomitus
3249 763 3634 809 ascensorem

1979 838 2135 889 recte
2156 833 2306 889 ferre
2327 834 2603 890 nondum
2629 834 2902 899 edoctus,
2926 834 3005 890 ob
3032 834 3313 905 exiguam
3345 840 3634 911 suspicio-

1979 937 2119 977 nem
2140 923 2556 993 recalcitravit,
2579 924 2961 995 excussitque
2990 928 3047 980 et
3068 924 3239 980 humi
3256 926 3508 998 projecit
3527 945 3635 986 eos

1979 1011 2054 1067 de
2080 1010 2301 1084 quibus
2331 1017 2508 1068 antea
2537 1012 2930 1083 gloriabatur.
2968 1011 3121 1077 Quid
3157 1012 3231 1067 de
3266 1013 3395 1069 aliis
3428 1018 3634 1101 suSpi.

1980 1101 2645 1173 candum,quibuscum
2665 1118 2862 1175 neque
2887 1101 3065 1158 nobis
3095 1104 3179 1158 tot
3207 1117 3277 1159 ac
3308 1107 3474 1162 tanta
3493 1111 3636 1169 sunt

1979 1189 2255 1247 amicitias
2276 1190 2790 1265 pignora,quique
2813 1194 2898 1248 tot
2916 1206 2986 1247 ac
3008 1194 3173 1248 tanta
3194 1206 3318 1249 non
3338 1192 3635 1259 dederunt

1978 1294 2219 1343 morum
2248 1279 2562 1351 probitatis
2591 1279 2959 1355 specimina?
2989 1280 3124 1336 Haec
3150 1296 3393 1339 mecum
3424 1283 3632 1341 animo

1978 1383 2119 1425 cum
2156 1366 2479 1437 volverem,
2522 1383 2593 1425 ac
2635 1367 3043 1425 indesinenter
3081 1368 3261 1425 corde
3301 1386 3626 1446 versarem,

1976 1457 2101 1514 imo
2131 1457 2331 1530 potius
2374 1473 2511 1513 cum
2544 1456 2622 1514 ab
2650 1457 2743 1513 bis
2785 1473 2889 1513 cor
2917 1473 3121 1514 meum
3150 1464 3507 1528 versaretur,
3540 1461 3629 1519 sic

1976 1546 2396 1605 mordentibus
2448 1562 2546 1603 me
2602 1550 2659 1603 et
2707 1547 3123 1603 recordatione
3178 1549 3629 1621 pungentibus;

1974 1634 2125 1692 nihil
2149 1634 2260 1691 illis
2281 1635 2568 1708 respondi
2589 1635 2815 1703 litteris;
2835 1651 2956 1691 non
2979 1651 3052 1691 ex
3072 1640 3422 1710 contemptu
3443 1637 3626 1695 silens

270 1733 552 1791 σιωπήσας
590 1730 685 1801 (μὴ
734 1736 887 1782 τοῦτο
925 1728 1131 1800 οἰηθῇς,
1166 1724 1388 1799 ἀδελφέ’
1431 1725 1489 1779 ού
1518 1726 1620 1799 γὰρ
1662 1724 1861 1799 ἀνθρὼ-

1975 1740 2051 1781 ne
2103 1724 2163 1780 id
2201 1724 2451 1793 cogites,
2503 1724 2714 1789 frater;
2758 1739 2883 1780 non
2932 1724 3091 1781 enim
3134 1725 3299 1799 apud
3340 1726 3622 1784 homines

266 1837 384 1877 ποις
445 1816 859 1890 ἀπολογούμεθα,
918 1815 1047 1869 ἀλλά
1102 1821 1416 1869 κατενώπιον
1480 1822 1572 1867 τοῦ
1630 1822 1763 1868 Θεοῦ
1816 1813 1864 1867 ἑν

267 1913 488 1982 Χριστῷ
540 1906 812 1980 λαλοῦμεν)
857 1904 1051 1979 ἀπορίᾳ
1093 1902 1152 1958 δε
1198 1910 1289 1959 καὶ
1341 1903 1619 1978 ἀμηχανίᾳ
1664 1908 1754 1971 καὶ
1791 1910 1864 1975 τῷ

265 2000 338 2066 μὴ
375 1998 518 2067 ἔχειν
555 1995 713 2061 εἰπεῖν
741 2015 791 2049 τι
830 2003 920 2055 τῆς
946 1995 1116 2059 λύπης
1143 1994 1307 2059 ἄξιον.

340 2090 395 2141 5.
435 2083 567 2147 Ἕως
602 2083 652 2138 ἑν
695 2086 898 2146 τούτοις
938 2080 1095 2157 ἦμεν,
1136 2080 1498 2137 ίπικατέλαϐεν
1532 2083 1671 2155 ἡμᾶς
1718 2083 1867 2155 ἕτερα

262 2176 558 2247 γράμματα
602 2176 733 2248 πρὸς
785 2172 1015 2234 Δαζίζαν
1048 2173 1159 2244 (83)
1213 2174 1329 2226 τινὰ
1370 2175 1703 2245 γεγραμμένα
1759 2167 1863 2230 δῆ-

269 2265 373 2332 θεν,
404 2270 465 2335 τῇ
520 2258 578 2315 δε
626 2260 831 2335 ἑληθείᾳ
872 2267 1035 2314 πᾶσιν
1066 2259 1351 2335 ἀνθρώποις
1399 2259 1765 2332 ἐπεσταλμένα,
1795 2262 1865 2322 ὡς

268 2348 430 2411 δηλοῖ
467 2351 633 2404 αὐτῶν
668 2352 698 2410 ἠ
750 2351 915 2413 οὕτως
958 2349 1098 2413 ὀξεῖα
1150 2346 1413 2417 διάδοσις,
1455 2351 1522 2411 ὡς
1566 2348 1615 2400 ἑν
1663 2348 1862 2420 ὀλίγαις

264 2444 487 2514 ἡμέραις
534 2438 582 2493 ἑν
626 2444 777 2493 παντὶ
826 2442 916 2511 μεν
968 2448 1039 2511 τῷ
1083 2443 1260 2510 Πόντῳ
1315 2446 1719 2511 κατασπαρῆναι
1774 2442 1865 2499 καὶ

261 2534 365 2589 τὴν
414 2528 669 2583 Γαλατίαν
726 2524 1051 2603 ἐπιδραμεῖν.
1108 2532 1242 2583 Φασὶ
1296 2522 1355 2580 δέ
1414 2546 1580 2594 τινες,
1638 2527 1719 2578 ὅτι
1773 2531 1863 2579 καὶ

262 2616 513 2679 Βιθυνοῦς
561 2613 900 2681 διελελθόντες
957 2620 1006 2669 οἱ
1061 2624 1161 2669 τῶν
1200 2613 1408 2688 ἀγαθῶν
1463 2617 1657 2667 τούτων
1709 2615 1864 2686 ἄγγε-

260 2706 346 2759 λοι
404 2710 596 2781 μέχρις
653 2706 812 2759 αὐτοῦ
879 2708 1107 2779 ἔφθασαν
1160 2705 1558 2763 Ἑλλησπόντου.
1611 2709 1740 2759 Τίνα
1804 2700 1863 2757 δε

264 2792 328 2854 ἓν
370 2798 437 2847 τὰ
482 2798 597 2847 καθ’
644 2797 790 2868 ἡμῶν
842 2797 969 2869 πρὸς
1020 2794 1250 2858 Δαζίζαν
1306 2792 1676 2866 ἐπεσταλμένα,
1724 2795 1861 2845 πάν-

259 2903 364 2945 τως
410 2886 501 2955 μεν
540 2880 711 2945 οἶδας.
766 2884 842 2935 Oi}
880 2886 981 2956 γὰρ
1014 2884 1148 2936 οὕτω
1200 2901 1256 2936 σε
1297 2884 1502 2955 μακρὰν
1547 2891 1638 2943 τῆς
1666 2882 1859 2936 ἑαυτῶν

260 2972 437 3044 φιλίας
474 2974 722 3039 τίθενται,
768 2974 903 3024 ὥστε
952 2991 1008 3025 σε
1053 2975 1206 3044 μόνον
1254 2968 1537 3045 ἀγέραστον
1584 2978 1674 3043 τῇς
1709 2977 1861 3043 τιμῆς

1975 1830 2222 1871 causam
2252 1813 2531 1881 dicimus,
2559 1812 2663 1869 sed
2692 1829 2893 1871 coram
2934 1816 3054 1871 Deo
3083 1813 3146 1870 in
3173 1813 3400 1872 Christo
3426 1815 3625 1889 loqui-

1972 1903 2155 1974 mur),
2188 1902 2294 1959 sed
2343 1902 2719 1959 haasitatione
2766 1918 2837 1959 ac
2865 1900 3098 1959 consilii
3124 1903 3329 1977 inopia
3357 1908 3416 1963 et
3454 1906 3623 1978 quod

1971 1991 2121 2050 nihil
2150 2007 2409 2049 maerore
2438 1991 2690 2063 dignum
2715 1990 2913 2048 dicere
2941 2007 3279 2065 possemus.

2046 2087 2097 2138 5.
2142 2086 2203 2138 ln
2246 2081 2340 2137 his
2381 2080 2530 2137 dum
2558 2095 2960 2149 versaremur,
2990 2086 3353 2154 exceperunt
3389 2097 3501 2141 nos
3530 2083 3622 2149 lit-

1971 2174 2111 2228 terae
2159 2170 2309 2243 aliae,
2342 2169 2423 2227 ad
2470 2170 2724 2226 Dazizan
2760 2169 3086 2242 quemdam
3132 2170 3369 2243 scriptas
3414 2170 3623 2229 videli-

1970 2264 2081 2331 cet,
2112 2257 2219 2314 sed
2247 2272 2458 2314 revera
2487 2257 2567 2313 ad
2610 2272 2823 2313 omnes
2861 2255 3140 2314 homines
3179 2256 3397 2324 missae,
3426 2263 3493 2317 ut
3521 2259 3631 2316 de.

1970 2348 2158 2404 clarat
2193 2362 2404 2403 earum
2448 2345 2758 2403 celerrima
2793 2344 3155 2412 distributio,
3186 2346 3269 2402 ita
3308 2350 3375 2404 ut
3405 2349 3622 2420 paucis

1969 2435 2186 2492 diebus
2208 2450 2314 2509 per
2338 2450 2581 2491 omnem
2613 2438 2866 2491 Pontum
2890 2434 3395 2507 dispergerentur,
3426 2441 3482 2493 et
3512 2439 3622 2495 Ga-

1967 2524 2177 2583 latiam
2224 2528 2656 2598 percurrerent.
2709 2522 3047 2589 Quinetiam
3089 2524 3361 2581 nonnulli
3413 2524 3622 2585 dicunt

1968 2613 2189 2671 horum
2211 2613 2511 2670 bonorum
2537 2611 2781 2669 nuntios
2807 2612 2987 2668 etiam
3007 2617 3327 2686 peragrata
3345 2613 3622 2688 Bithynia

1968 2717 2163 2776 usque
2193 2701 2272 2759 ad
2296 2701 2496 2774 ipsum
2527 2699 2972 2773 Hellespontum
3004 2706 3375 2774 penetrasse.
3406 2704 3621 2771 Qualia

1967 2808 2111 2849 vero
2140 2791 2359 2848 fuerint
2399 2790 2479 2847 ad
2529 2791 2775 2847 Dazizan
2817 2795 3027 2849 contra
3061 2807 3175 2848 nos
3215 2792 3457 2866 scripta,
3488 2810 3631 2851 om-i

1967 2881 2112 2937 nino
2158 2880 2406 2953 quidem
2455 2878 2633 2936 nosti.
2665 2881 2795 2941 Non
2834 2878 2995 2935 enim
3036 2884 3089 2936 te
3128 2879 3283 2937 adeo
3330 2880 3509 2952 longe
3538 2882 3619 2938 ab

1968 2969 2231 3027 amicitia
2252 2984 2363 3026 sua
2381 2972 2713 3031 removent,
2736 2972 2802 3023 ut
2821 2966 3016 3024 solum
3038 2972 3093 3024 te
3117 2968 3345 3026 honore
3370 2968 3474 3025 illo
3493 2984 3619 3027 non

259 3064 464 3125 ἐκείνης
506 3060 833 3119 καταλιπεῖν.
865 3061 923 3115 Εἰ
964 3057 1022 3113 δε
1052 3060 1146 3113 οὐκ
1194 3056 1343 3118 ἦλθεν
1393 3059 1465 3120 εἰς
1505 3062 1562 3112 σε
1590 3062 1655 3112 τά
1682 3061 1859 3131 γράμ-

1975 3060 2263 3115 donatum
2304 3056 2667 3130 reliquerint.
2710 3056 2882 3123 Quod
2932 3055 2983 3112 si
3025 3055 3232 3114 litterae
3277 3057 3357 3114 ad
3398 3060 3455 3115 te
3493 3073 3635 3116 non-

258 3169 427 3223 ματα,
481 3148 588 3203 ἀλλ’
643 3149 742 3221 ἐγώ
791 3170 875 3203 σοι
932 3147 1225 3203 ἀποστέλλω
1256 3149 1393 3220 (84).
1442 3148 1525 3202 Ἐν
1578 3145 1651 3209 οἷς
1704 3150 1861 3221 εύρή-

263 3258 375 3299 σεις
424 3241 557 3311 ἡμᾶς
595 3242 1100 3312 κατηγορουμένους,
1151 3234 1301 3290 δόλον
1359 3240 1450 3289 καὶ
1488 3233 1859 3311 ῥᾳδιουργίαν,

263 3330 463 3402 φθορὰν
522 3327 841 3385 Ἐκκλησιῶν
898 3333 989 3380 καὶ
1051 3327 1242 3400 ψυχῶν
1302 3325 1584 3394 ἀπώλειαν,
1652 3332 1740 3379 καὶ
1803 3330 1862 3380 τὸ

266 3418 494 3483 πάντων,
543 3419 610 3478 ὡς
668 3416 819 3469 αὐτοὶ
870 3417 1198 3489 νομίζουσιν,
1245 3414 1584 3489 ἀληθέστερον
1615 3416 1751 3487 (85),
1783 3417 1863 3469 ὅτι

269 3502 545 3573 ὶγκάθετον
588 3507 782 3562 εκείνην
828 3509 924 3562 τὴν
966 3502 1225 3579 προϐολὴν
1267 3511 1357 3564 τῆς
1408 3508 1633 3564 πίστεως
1679 3506 1862 3562 ἐποιη-

271 3592 502 3662 σάμεθα,
559 3592 613 3644 ού
664 3591 1031 3653 Νικοπολίταις
1085 3588 1496 3663 διακονούμενοι,
1556 3588 1663 3641 ἀλλ’
1714 3590 1863 3644 αύτοὶ

265 3678 445 3732 λαϐεῖν
495 3677 710 3756 δολερῶς
763 3681 1033 3754 ὁμολογίαν
1078 3679 1459 3741 ἐπινοήσαντες.
1514 3682 1719 3732 Τούτων
1771 3682 1860 3751 μεν

262 3766 356 3821 οὖν
407 3776 583 3844 κριτὴς
638 3774 848 3845 Κύριος.
900 3776 1001 3824 Καὶ
1053 3773 1152 3845 γὰρ
1196 3775 1272 3831 τίς
1319 3768 1378 3821 ἂν
1419 3774 1618 3840 γένοιτο
1664 3778 1759 3822 τῶν
1811 3768 1859 3821 ἑν

259 3857 465 3932 καρδία
515 3860 775 3933 λογισμῶν
818 3859 1037 3933 ἐναργὴς
1078 3856 1378 3925 ἀποδειξις;
1423 3861 1612 3912 Ἐκεῖνο
1652 3855 1712 3911 δέ
1759 3859 1859 3910 αύ-

256 3957 364 3999 τῶν
394 3948 688 4020 ἐθαύμασα,
723 3948 787 4014 εἰ,
828 3950 908 4000 ότι
949 3952 1038 4020 μεν
1079 3948 1191 4018 (86)
1226 3955 1299 4017 τῷ
1343 3947 1468 4019 παρ’
1509 3948 1652 4017 ἡμῶν
1682 3943 1857 3999 ἑπιδο·

259 4040 401 4089 θέντι
451 4036 642 4109 βιϐλίῳ
680 4036 1006 4111 ὑπέγραψαν,
1038 4039 1269 4108 τοσαύτη
1310 4041 1598 4110 κέχρηνται
1626 4031 1857 4087 διαστά-

258 4144 363 4191 σει,
402 4127 536 4178 ὥστε
584 4130 673 4177 καὶ
722 4129 843 4177 ὄντα
888 4131 978 4179 καὶ
1020 4130 1091 4198 μη
1142 4128 1264 4177 ὄντα
1306 4124 1371 4185 εἰς
1416 4128 1510 4183 τὴν
1557 4132 1658 4176 τῶν
1696 4123 1857 4195 ἔγκα-

256 4215 483 4267 λούντων
523 4213 705 4276 αὐτοῖς
749 4214 1103 4289 πληροφορίαν
1143 4216 1459 4287 συμφύρειν
1490 4215 1571 4267 ὅτι
1602 4210 1660 4267 δε
1703 4210 1751 4266 ἑν
1790 4221 1851 4286 τῇ

254 4302 427 4375 Ῥώμῃ
504 4305 761 4375 ἔγγραφος
836 4303 1004 4356 αὐτῶν
1070 4302 1320 4375 ὁμολογία
1390 4311 1483 4363 τῆς
1548 4301 1596 4354 ἑν
1660 4307 1858 4375 Νικαίᾳ

1968 3151 2280 3214 venerunt,
2313 3151 2374 3203 at
2401 3161 2513 3217 ego
2544 3145 2648 3201 tibi
2686 3160 2789 3201 eas
2832 3144 3090 3202 mittam.
3130 3147 3195 3201 In
3222 3145 3316 3203 his
3352 3146 3483 3203 huic
3511 3164 3618 3205 no-

1970 3237 2084 3301 bis,
2116 3235 2324 3306 aﬁingi
2362 3235 2617 3292 crimina
2652 3232 2911 3304 videbis,
2942 3234 3152 3291 dolum
3184 3239 3243 3292 et
3276 3234 3615 3310 perﬁdiam,

1970 3326 2419 3398 corruptionem
2459 3323 2877 3391 Ecclesiarum,
2919 3327 2977 3380 et
3021 3324 3364 3382 animarum
3419 3325 3621 3398 perni-

1971 3415 2145 3481 ciem,
2169 3419 2228 3470 et
2255 3412 2422 3487 quod
2441 3412 2738 3480 omnium,
2763 3416 2827 3468 ut
2846 3412 2965 3485 ipsi
2993 3413 3361 3487 existimant,
3388 3414 3623 3471 verissi-

1970 3521 2143 3561 mum
2184 3508 2294 3572 est,
2325 3502 2493 3576 quod
2520 3519 2595 3559 ex
2631 3501 2863 3558 insidiis
2907 3501 3073 3559 illam
3109 3501 3253 3559 ﬁdei
3292 3502 3623 3562 formulam

1969 3593 2492 3666 proposuerimus,
2514 3606 2636 3647 non
2666 3590 3091 3663 Nicopolitanis
3120 3607 3369 3663 cperam
3394 3608 3621 3648 navan-

1969 3687 2088 3751 tes,
2136 3681 2243 3736 sed
2292 3680 2407 3753 ipsi
2453 3677 2759 3736 eliciendae
2806 3695 2914 3751 per
2965 3678 3174 3736 dolum
3222 3680 3619 3737 confessionis

1968 3770 2286 3826 consilium
2324 3768 2721 3824 intendentes.
2757 3769 2978 3823 Horum
3020 3767 3268 3839 quidem
3307 3767 3494 3838 judex
3533 3773 3622 3829 est

1971 3858 2277 3914 Dominus.
2306 3858 2595 3922 Quaenam
2626 3855 2787 3910 enim
2814 3871 2945 3912 esse
2975 3855 3161 3927 possit
3184 3855 3616 3926 cogitationum

1967 3947 2164 4004 cordis
2186 3947 2349 4001 clara
2367 3944 2802 4000 demonstratio
2814 3944 2842 3998 ‘I
2865 3944 2985 3999 Hoc
3007 3948 3207 4001 autem
3228 3945 3291 4000 in
3313 3945 3462 4016 ipsis
3480 3960 3619 4001 sum

1966 4038 2242 4101 miratus,
2265 4050 2371 4089 cur
2395 4033 2474 4089 ob
2505 4032 2915 4104 subscriptum
2944 4032 3435 4105 libellum,quem
3464 4033 3616 4105 ipsis

1965 4124 2314 4190 obtulimus,
2349 4126 2513 4178 tanto
2551 4126 2800 4177 utantur
2845 4119 3178 4177 dissidendi
3218 4121 3437 4193 studio,
3468 4125 3533 4179 ut
3561 4126 3618 4180 et

1964 4231 2099 4287 quae
2146 4217 2304 4278 sunt,
2340 4216 2396 4267 et
2441 4227 2578 4284 quas
2617 4225 2741 4267 non
2788 4214 2948 4277 sunt,
2981 4210 3072 4280 iis,
3102 4226 3138 4267 a
3166 4210 3389 4283 quibus
3436 4226 3616 4268 accu-

1964 4308 2197 4367 santur,
2242 4300 2651 4357 satisfaciendi
2703 4316 2910 4369 causa,
2954 4301 3424 4369 commisceam;
3465 4300 3615 4359 illud

256 4396 487 4453 πίστεως
550 4390 840 4459 ἀπόκειται,
895 4398 1048 4443 τοῦτο
1102 4391 1195 4443 οὐκ
1245 4388 1540 4443 ἑννοοῦσιν·
1599 4388 1724 4444 οὐδε
1776 4393 1854 4444 ὃτι

1975 4398 2170 4448 autem
2209 4406 2332 4446 non
2368 4390 2648 4462 cogitent,
2695 4404 2873 4445 suam
2910 4388 3054 4444 ﬁdei
3090 4389 3340 4444 Nicaeum
3383 4388 3615 4446 confes-

260 4477 357 4532 διὰ
394 4489 489 4542 τῆς
535 4480 727 4533 ἑαυτῶν
777 4484 956 4552 χειρὸς
999 4477 1263 4532 ἑπέδωκαν
1301 4486 1363 4551 τῇ
1398 4478 1446 4530 ἑν
1487 4482 1705 4543 Τυάνοις
1738 4500 1859 4533 συν-

258 4566 369 4641 ὁδῳ
412 4573 472 4623 τὸ
517 4568 619 4622 ἀπὸ
647 4570 842 4641 Ῥώμης
893 4567 1115 4642 βιϐλίον,
1146 4568 1171 4620 ὁ
1209 4566 1331 4643 παρ’
1373 4569 1498 4640 ἡμῖν
1528 4588 1852 4633 κατακειται,

258 4664 353 4719 τὴν
385 4658 545 4718 αὐτὴν
584 4662 776 4716 ταύτην
819 4663 997 4711 πίστιν
1028 4661 1173 4729 ἕχον.
1207 4662 1308 4710 Καὶ
1352 4664 1447 4719 τῆς
1478 4653 1619 4719 ἰδίας
1663 4657 1855 4710 ἑαυτῶν

259 4745 595 4821 δημηγορίας
642 4746 965 4814 ἐπελάθοντο,
1015 4746 1075 4804 ἣν
1124 4746 1195 4809 εἰς
1243 4750 1299 4798 τό
1357 4764 1514 4819 μεσον
1565 4748 1857 4799 καταστάν-

330 4926 445 4996 (82)
485 4925 970 4997 ’Δναστρεγφόμενοφ
1021 4926 1106 4981 Ita
1159 4927 1277 4997 tres
1322 4922 1711 4997 vetustissimi
1758 4937 1852 4997 co-

255 4994 434 5052 dices
467 5012 605 5051 cum
646 4994 777 5051 aliis
802 4994 1068 5050 duobus.
1107 4994 1251 5050 Editi
1282 4998 1638 5067 στρεφόμενος..
1672 4994 1853 5067 Paulo

258 5074 399 5139 post
424 5067 567 5139 editi
594 5070 934 5139 ἀμυσσόντων
956 5064 1452 5139 ᾀὶιασρναηιίὺηὲ.
1470 5064 1650 5139 tloisl.
1674 5066 1853 5138 primi

260 5137 317 5195 et
347 5138 503 5193 Ilarl.
540 5137 833 5210 scriptura
867 5137 1053 5210 multo
1090 5138 1284 5210 aptior
1326 5141 1383 5194 et
1414 5137 1637 5207 sanior,
1665 5137 1851 5209 quam

259 5210 317 5265 in
353 5214 635 5265 contextu
663 5207 1058 5263 adscivimus.

332 5282 446 5349 (83)
486 5282 735 5342 Δαζίζαν.
781 5283 838 5334 ιη
880 5278 1132 5350 epistola
1178 5278 1673 5350 adOlympium,
1717 5294 1853 5350 quae

261 5358 349 5407 est
382 5355 504 5413 15!,
538 5353 753 5417 legitur
793 5349 1032 5413 Δαζίναν,
1065 5349 1326 5421 exceptis
1356 5349 1666 5421 codicibus
1706 5349 1853 5407 Med.

263 5427 329 5495 et
364 5425 489 5481 Vat.
516 5423 624 5495 qui
652 5422 897 5495 habent
937 5420 1245 5495 Arii-mmet
1272 5420 1602 5495 Harlzeano,
1636 5421 1857 5495 quisic

260 5494 443 5566 etiam
476 5492 689 5550 habuit
716 5495 917 5566 prima
935 5508 1136 5549 manu.
1173 5492 1503 5566 Utralectio
1532 5492 1728 5565 potibr
1752 5492 1853 5566 ha-

261 5564 466 5623 benda
501 5566 576 5623 sit
620 5562 747 5622 non
788 5563 959 5621 facile
1000 5569 1283 5648 statuam.
1322 5562 1437 5643 Sed
1466 5562 1667 5647 tamen
1713 5563 1859 5639 quia

1966 4481 2197 4537 sionem
2240 4482 2443 4535 Romaa
2494 4479 2778 4550 scriptam
2831 4477 3082 4547 servari,
3129 4492 3315 4549 seque
3364 4478 3612 4552 propria

1963 4585 2153 4625 manu
2198 4567 2490 4625 obtulisse
2528 4566 2764 4638 synodo
2805 4565 3107 4638 Tyanensi
3143 4564 3392 4624 allatum
3421 4569 3614 4627 Roma

1962 4656 2253 4723 libellum,
2288 4656 2393 4729 qui
2432 4655 2596 4727 apud
2632 4671 2746 4711 nos
2787 4659 3077 4724 servatur,
3108 4656 3386 4713 eamdem
3424 4657 3610 4714 ﬁdem

1962 4747 2295 4802 continens.
2344 4744 2499 4810 Quin
2545 4748 2602 4800 et
2652 4743 2961 4801 concionis
3001 4750 3145 4801 tunc
3192 4760 3230 4802 a
3276 4761 3342 4801 se
3388 4746 3610 4803 habitas

1960 4937 2173 4980 omnes
2197 4922 2432 4977 codices
2454 4920 2517 4977 in
2547 4921 2659 4993 hac
2698 4918 2975 4993 epistola
2996 4922 3395 4992 consentiunt,
3426 4923 3609 4981 etiam

1960 4995 1999 5050 ii
2046 4994 2150 5066 qui
2197 4993 2257 5048 in
2310 4993 2507 5066 priore
2548 4992 2857 5049 habebant
2902 4992 3139 5066 Διξεναν,
3185 4995 3395 5052 malim
3445 4994 3607 5051 hunc

1960 5063 2269 5122 hominem
2302 5063 2547 5119 Dazizan
2576 5079 2806 5119 vocare.

2034 5138 2144 5207 (84)
2183 5134 2525 5207 ’Δποστέλλω
2568 5138 2710 5205 Reg.
2752 5134 3055 5193 secundus
3097 5140 3155 5194 et
3191 5136 3365 5195 Coisl.
3397 5150 3607 5193 secun-

1960 5205 2077 5263 du's
2110 5205 2398 5259 ἀποστέλῶ.

2035 5279 2147 5349 (85)
2186 5275 2790 5361 Ἀληθέστερρνεμθόη
2832 5276 3003 5334 Coisl.
3051 5278 3352 5334 secundus
3399 5281 3458 5334 et
3501 5279 3609 5333 Re-

1964 5348 2098 5420 gius
2124 5348 2426 5404 secundus
2458 5348 2825 5407 ἀληθέστατον.

2036 5421 2149 5492 (86)
2192 5420 2269 5485 Εἰ,
2292 5421 2384 5492 ῥτι
2412 5424 2521 5492 μὲν.
2546 5424 2629 5492 Ita
2655 5425 2771 5492 tres
2796 5418 3182 5477 vetustissimi
3200 5417 3440 5492 codices
3469 5432 3610 5492 cum

1964 5488 2209 5565 duobus
2251 5488 2497 5565 aliis,'et
2532 5489 2833 5565 editiones
2870 5488 3280 5565 ﬂaganoensis
3323 5493 3381 5565 et
3416 5490 3614 5565 prima

1968 5560 2335 5645 Basileensis.
2369 5561 2599 5645 Habent
2628 5560 2758 5643 alim
2794 5562 2857 5628 εἴ,
2890 5560 2979 5614 ὅτε
3000 5564 3109 5641 μέν.
3330 5562 3331 5565 ‘
3418 5560 3438 5601 .'
3594 5564 3599 5569 ί
