4054 6228
524 298 629 357 919
1780 304 1791 333 ι

1907 295 1963 351 S.
2006 291 2253 348 BASlLll
2294 290 2511 346 MAGNl

3731 300 3819 352 920

524 422 692 481 obliti
730 424 889 487 sunt,
920 435 1037 476 cun
1077 419 1134 476 in
1184 419 1455 476 medium
1501 420 1867 493 prodeuntes
1907 418 2182 474 fraudem

2297 434 2371 475 τες
2423 420 2550 481 τότε,
2588 412 2851 487 ὠδύροντο
2904 418 2993 487 μὲν
3041 418 3132 472 την
3182 413 3399 480 ἀπάτην,
3436 412 3503 465 δι’
3537 416 3593 476 ἧς
3620 418 3829 489 funale“.

525 512 1077 587 deplorarunt,qua
1097 510 1532 583 decepti,tomo
1556 510 1632 566 ab
1656 510 1905 566 Eudoxii
1926 509 2181 564 factione

526 602 864 675 composito
896 606 1352 665 consenserant;
1381 600 1545 656 unde
1571 606 1627 656 et
1647 602 1804 656 hanc
1828 600 2183 655 invenerunt

528 692 708 749 errati
755 690 912 746 illius
960 689 1265 762 purgandi
1312 689 1630 759 rationem,
1659 693 1722 745 ut
1751 692 2003 744 Romam
2050 701 2184 757 pro-

528 779 687 848 fecti,
720 779 859 835 inde
888 778 1073 834 ﬁdem
1121 780 1361 833 Patrum
1412 778 1771 849 acciperent,
1802 778 1883 833 ita
1917 782 1982 831 ut
2018 773 2184 848 quod

530 869 711 942 380
743 866 1019 924 Ecclesiis
1049 866 1378 922 detrimenti
1418 866 1738 922 intulerant
1768 865 1929 921 malo
1960 879 2181 936 appro-

527 957 758 1028 bando,
790 955 853 1012 id
896 954 1140 1011 meliore
1178 954 1618 1011 introducendo
1648 954 2065 1011 emendarent.
2114 954 2186 1007 At

529 1046 635 1119 qui
678 1044 892 1101 itinera
933 1043 1288 1114 longissima
1330 1058 1440 1115 pro
1482 1042 1602 1099 ﬁde
1649 1044 2088 1110 sustinuerunt,
2128 1044 2187 1095 ct

530 1133 869 1206 sapientem
916 1131 1081 1187 illam
1113 1132 1467 1187 concionem
1494 1131 1854 1201 habuerunt,
1881 1146 2043 1186 nunc
2080 1145 2188 1185 no-

531 1221 626 1279 bis
655 1221 1088 1289 conviciantur,
1128 1225 1191 1277 ut
1238 1220 1448 1276 dolose
1493 1220 1947 1293 ambulantibus
1987 1223 2044 1275 et
2072 1217 2186 1274 sub

532 1310 870 1369 dilectionis
916 1310 1111 1382 specie
1151 1325 1222 1365 ea.
1265 1325 1401 1381 quae
1451 1310 1868 1367 insidiatorum
1917 1313 2075 1375 sunt,
2106 1309 2189 1365 fa-

534 1398 852 1456 cientibus.
898 1400 1061 1454 Patet
1109 1400 1312 1453 autem
1353 1396 1533 1452 etiam
1583 1413 1655 1453 ex
1706 1398 1802 1467 iis,
1842 1415 1978 1470 quae
2026 1413 2187 1453 nunc

536 1487 1057 1553 circumferuntur,
1086 1486 1555 1542 condemnatam
1597 1487 1674 1543 ab
1703 1487 1816 1543 illis
1845 1504 1973 1543 esse
2003 1488 2186 1543 ﬁdem

535 1578 862 1635 Nicaenam.
898 1575 1182 1632 Viderunt
1230 1576 1389 1631 enim
1434 1575 1737 1650 Cyzicum,
1779 1581 1835 1633 et
1879 1593 2017 1633 cum
2071 1577 2189 1633 alia

533 1665 656 1723 ﬁde
682 1665 905 1722 reversi
938 1668 1099 1720 sunt.

608 1759 661 1812 6.
704 1754 819 1812 Sed
847 1753 997 1827 quid
1033 1754 1094 1809 in
1124 1754 1324 1810 verbis
1371 1754 1834 1810 inconstantiam
1864 1754 2019 1821 dico,
2048 1771 2186 1811 cum

533 1844 729 1903 multo
750 1843 985 1915 majora
1004 1859 1077 1899 ex
1098 1842 1243 1916 ipsis
1262 1843 1444 1899 rebus
1467 1844 1645 1915 gestis
1667 1844 1926 1899 habeam
1950 1844 2188 1900 illorum

534 1935 596 1992 in
614 1934 913 1991 contraria
929 1934 1279 1989 mutationis
1296 1938 1652 2002 argumenta
1665 1933 1692 1988 ‘?
1712 1934 1821 1999 Qui
1839 1937 1998 1989 enim
2021 1935 2190 2006 quin-

534 2026 851 2097 gentorum
872 2021 1294 2095 episcoporum
1318 2022 1624 2076 sententiae
1647 2027 1854 2077 contra
1874 2022 2187 2095 ipsoslatee

532 2127 659 2170 non
684 2115 1011 2179 cesserunt,
1043 2125 1238 2183 neque
1270 2126 1305 2166 a
1336 2110 1761 2179 gubernaculis
1791 2111 2187 2167 Ecclesiarum

533 2200 842 2257 discedere
861 2199 1194 2262 voluerunt,
1209 2199 1492 2270 quamvis
1513 2202 1597 2255 tot
1617 2200 1879 2273 episcopi
1900 2200 1958 2256 in
1981 2216 2187 2256 eorum

533 2287 931 2362 depositionis
990 2286 1283 2342 sententia
1330 2287 1800 2359 conspirassent,
1851 2294 2188 2361 propterea,

532 2377 755 2450 inquit,
776 2375 942 2447 quod
986 2375 1235 2446 Spiritus
1265 2375 1455 2431 sancti
1485 2377 1805 2448 participes
1844 2394 1965 2433 non
1999 2383 2187 2448 erant,

533 2481 647 2523 nec
672 2464 773 2520 Dei
798 2464 987 2534 gratia
1011 2463 1302 2519 Ecclesias
1324 2464 1763 2537 gubernabant,
1782 2467 1889 2521 sed
1919 2468 2191 2523 humana

532 2552 803 2629 potentia
844 2567 915 2608 ac
956 2552 1153 2608 inanis
1201 2551 1405 2621 gloria:
1453 2553 1779 2624 cupiditate
1818 2554 2191 2626 principatus

534 2646 894 2716 rapuerant:
927 2641 986 2697 hi
1014 2657 1179 2697 nunc
1218 2657 1322 2697 eos
1354 2640 1458 2713 qui
1489 2641 1568 2696 ab
1596 2641 1709 2697 illis
1740 2644 1997 2699 ordinati
2029 2649 2189 2710 sunt,

535 2736 601 2789 ut
635 2730 953 2805 episcopos
985 2730 1337 2802 suscipiunt.
1369 2731 1530 2795 Quos
1561 2745 1696 2786 meo
1729 2732 1976 2788 nomine
2013 2747 2189 2802 roges

534 2821 738 2888 velim,
769 2820 1004 2877 etiamsi
1032 2820 1311 2875 homines
1340 2835 1553 2875 omnes
1587 2826 1995 2889 contemnant,
2018 2822 2192 2894 quasi

535 2926 736 2984 neque
778 2909 985 2967 oculos
1031 2908 1316 2974 habeant,
1356 2924 1554 2981 neque
1602 2925 1798 2981 aures,
1843 2927 2040 2983 neque
2092 2928 2194 2967 cor

536 3016 720 3057 sensu
742 2998 1084 3072 praeditum,
1117 3003 1185 3055 ut
1212 2997 1539 3069 intelligere
1561 3000 1795 3071 possint
1821 3015 2029 3057 eorum
2056 3016 2193 3073 quae

2297 524 2391 556 σαν
2434 506 2717 556 συνθέσθαι
2768 512 2840 574 τῷ
2888 509 3031 575 τόμῳ
3088 511 3159 572 τῷ
3208 506 3348 575 παρά
3400 511 3487 554 τοῦ
3544 512 3830 577 nominare;

2291 589 2548 655 Ευδοξίου
2618 598 3006 665 συντεταγμένῳ
3043 612 3056 626 ⁸
3124 589 3264 643 διότι
3341 595 3527 649 ταύτην
3590 592 3830 652 ἐπενόησαν

2292 686 2383 730 τοῦ
2429 679 2727 751 σφάλματος
2781 680 2971 733 ἐκείνου
3015 681 3314 753 ἀπολογίαν,
3348 682 3425 743 τό,
3470 679 3749 741 ἀπελθόντας
3780 684 3833 744 εἰς

2290 768 2525 841 Ῥώμην,
2578 768 2763 823 ἐκεῖθεν
2818 769 2988 822 λαϐεῖν
3046 774 3137 828 τὴν
3202 778 3301 821 τῶν
3358 774 3587 840 Πατέρων
3646 776 3830 822 πίστινε

2294 858 2394 919 ἱνα,
2451 857 2510 915 ἢν
2558 856 2808 917 ἐποίησαν
2859 857 3060 931 βλάϐην
3099 866 3215 920 ταῖς
3262 858 3586 920 Ἐκκλησίαις
3626 866 3681 931 τῇ
3730 862 3836 934 πρὸς

2291 949 2347 998 τό
2385 950 2545 998 κακὸν
2600 950 2858 1021 συνθήκη,
2913 952 3108 1006 ταύτην
3166 947 3618 1021 ἐπανορθὼσωνται
3668 957 3722 1019 τῇ
3771 948 3836 1000 ἑπ-

2294 1045 2560 1109 εισαγωγῇ
2593 1044 2685 1089 τοῦ
2719 1036 3001 1109 βελτίονος.
3038 1036 3172 1090 Ἀλλ’
3203 1039 3251 1088 οἱ
3280 1039 3369 1097 τὰς
3407 1039 3715 1109 μακροτάτας
3741 1036 3838 1089 Euroo

2296 1121 2494 1197 δημίοις
2535 1127 2661 1199 ὑπὲρ
2708 1135 2805 1199 τῇς
2850 1130 3074 1188 πίστεως
3124 1127 3457 1189 ὑποσταντες,
3506 1131 3591 1177 καὶ
3630 1129 3690 1177 τὰ
3735 1130 3841 1198 σοφὰ

2293 1221 2459 1265 ταῦτα
2515 1210 3000 1287 δημηγορήσαντες,
3052 1222 3139 1267 νῦν
3187 1212 3544 1289 λοιδοροῦνται
3606 1216 3749 1285 ἡμᾶς,
3790 1219 3843 1275 ὡς

2298 1300 2479 1364 δολίως
2522 1324 2919 1377 πορευομενους,
2953 1309 3041 1356 καὶ
3073 1302 3120 1356 ἐν
3163 1310 3409 1376 σχήματι
3453 1302 3651 1374 ἀγάπης
3684 1308 3741 1355 τὰ
3765 1313 3844 1355 τῶν

2296 1391 2724 1445 ἕπιϐουλευόντων
2772 1401 3069 1455 ποιοῦντας.
3105 1393 3263 1451 Δηλοί
3300 1390 3360 1445 δὲ
3397 1398 3485 1445 καὶ
3522 1396 3585 1445 τά
3618 1400 3696 1443 νῦν
3721 1412 3840 1467 περι-

2297 1486 2548 1556 φερόμενα
2603 1487 2978 1554 κατεγνωκέναι
3044 1483 3230 1542 αὐτοὺς
3294 1491 3390 1543 τῆς
3460 1480 3506 1533 ἐν
3560 1486 3740 1553 Νικαίᾳ
3782 1487 3848 1534 πί-

2299 1589 2476 1632 στεως.
2522 1567 2676 1623 Εἶδον
2722 1573 2822 1644 γὰρ
2876 1570 3123 1639 Κύζικον,
3168 1574 3257 1622 καὶ
3310 1571 3420 1642 μετ’
3472 1568 3620 1628 ἀλλης
3660 1574 3846 1630 πίστεως

2297 1657 2598 1718 ὶπανῆλθον,

2228 1768 2267 1821 Β
2366 1752 2418 1803 6.
2464 1755 2565 1801 Καὶ
2602 1752 2655 1800 τί
2697 1752 2756 1800 τὸ
2804 1747 2853 1800 ἐν
2904 1755 3013 1810 τοῖς
3067 1750 3300 1822 ῥήμασιν
3359 1748 3675 1821 εὖμετάθετον
3720 1746 3845 1817 λέγω,

2296 1836 2464 1907 πολλῷ
2521 1838 2766 1908 μείζονας
2812 1835 2865 1899 ἐξ
2918 1838 3085 1889 αὐτῶν
3145 1846 3243 1888 τῶν
3290 1840 3607 1909 πραγμάτων
3656 1844 3734 1896 τῆς
3784 1834 3847 1887 ἐπὶ

2294 1930 2358 1980 τὰ
2418 1925 2622 1978 ἐναντία
2677 1935 2994 2001 περιτροπῆς
3056 1928 3193 1997 ἔχων
3259 1929 3355 1986 τὰς
3420 1923 3697 1987 ἀποδείξεις
3729 1928 3846 1993 (87);

2298 2018 2363 2067 Οἱ
2406 2018 2507 2089 γὰρ
2553 2020 2899 2067 πεντακοσίων
2939 2014 3233 2067 ἐπισκόπων
3277 2012 3508 2086 δόγματι
3558 2015 3667 2065 κατ’
3712 2014 3848 2065 αὐτῶν

2298 2102 2613 2175 ἐξενεχθέντι
2679 2108 2749 2175 μὴ
2822 2103 3060 2169 εἴξαντες,
3129 2100 3268 2175 μηδὲ
3333 2100 3726 2174 καταδεξάμενοι
3780 2109 3852 2159 τῆς

2298 2192 2595 2264 οἰκονομίας
2632 2200 2732 2243 τῶν
2782 2191 3097 2249 Ἐκκλησιῶν
3158 2193 3476 2258 ἀποστῆναι,
3522 2194 3758 2244 τοσούτων
3800 2190 3853 2248 εἰς

2297 2286 2391 2339 τὴν
2447 2289 2543 2342 τῆς
2599 2282 2952 2355 καθαιρέσεως
3013 2281 3181 2333 αὐτῶν
3243 2287 3458 2353 γνώμην
3517 2281 3853 2352 συμφωνησάν-

2296 2389 2417 2432 των,
2463 2366 2623 2436 διότι,
2681 2375 2860 2442 φησὶν,
2908 2370 3001 2421 οὐκ
3059 2370 3194 2427 ἦσαν
3245 2372 3542 2441 ΙΙνεύματος
3590 2368 3726 2440 ἀγίου
3760 2373 3855 2439 μέτ-

2299 2478 2442 2531 οχοι,
2488 2455 2612 2511 οὐδὲ
2658 2467 2791 2512 Θεοῦ
2819 2460 2934 2529 (88)
2974 2462 3161 2533 χάριτι
3206 2462 3298 2520 τὰς
3352 2459 3655 2520 Ἐκκλησίας
3697 2458 3855 2509 οἰκονο-

2299 2557 2532 2622 μοῦντες,
2600 2547 2709 2600 ἀλλ’
2776 2547 3067 2623 ἀνθρωπίνῇ
3141 2545 3432 2620 δυναστεία
3496 2554 3582 2600 καὶ
3645 2547 3855 2617 ἐπιθυμίᾳ

2302 2635 2460 2700 δόξης
2508 2646 2658 2699 κενῆς
2709 2641 2775 2689 tr}.
2817 2642 3146 2711 προστασίας
3205 2637 3573 2711 ἁρπάσαντες·
3624 2637 3751 2688 οὗτοι
3787 2642 3854 2685 νῦν

2298 2726 2421 2787 τούς
2472 2726 2593 2800 παρ’
2660 2725 2860 2778 ἐκείνων
2923 2728 3389 2800 χειροτονηθέντας
3456 2729 3519 2787 ὡς
3584 2725 3857 2782 ἐπισκόπους

2302 2812 2574 2887 δέχονται.
2604 2814 2710 2877 Οὓς
2752 2814 3012 2889 ἐρώτησον
3052 2814 3161 2866 ἀντ’
3191 2814 3343 2887 ἐμοῦ,
3375 2815 3418 2867 εἰ
3455 2819 3544 2867 καὶ
3572 2823 3661 2867 τῶν
3690 2812 3856 2883 ανθρώ-

2300 2924 2408 2957 πων
2483 2906 2687 2957 πάντων
2759 2910 3208 2976 καταφρονοῦσιν,
3277 2906 3352 2965 ὦς
3426 2904 3533 2956 οὔτ’
3607 2902 3857 2975 ὀφθαλμοὺς

2303 2991 2547 3063 ἐχόντων,
2608 2993 2714 3044 οὔτ’
2767 2990 2894 3060 ὦτα,
2940 2996 3055 3044 οὔτε
3110 2988 3340 3064 καρδίαν
3403 2992 3727 3059 αἰσθητικὴν,
3762 2994 3857 3041 ὅσον

536 3090 691 3147 ﬁunt
704 3088 1191 3161 repugnantiam;
1209 3102 1406 3157 roges,
1420 3087 1693 3160 inquam,
1711 3089 1918 3145 saltem
1938 3090 1996 3145 in
2017 3091 2189 3146 corde

2302 3089 2427 3154 γοῦν
2479 3078 2742 3134 δύνασθαι
2794 3077 3024 3133 συνιδεῖν
3070 3089 3168 3133 τῶν
3216 3086 3501 3153 γενομένων
3543 3083 3646 3151 (89)
3700 3082 3751 3131 τὸ
3797 3076 3861 3128 ἀν-

539 3194 651 3234 suo
681 3176 975 3251 quidnam
1003 3175 1272 3232 habeant
1300 3177 1648 3232 sententiae?
1667 3179 1982 3243 Quomodo
2012 3179 2197 3235 ambo

539 3270 797 3340 possunt
823 3281 954 3322 esse
976 3265 1244 3337 episcopi
1284 3270 1341 3321 et
1360 3265 1465 3338 qui
1487 3265 1564 3321 ab
1591 3267 1841 3339 Evippio
1863 3266 2197 3340 depositus,

544 3361 600 3412 et
619 3355 724 3428 qui
745 3355 823 3411 ab
843 3370 915 3410 eo
936 3355 1287 3410 ordinatus?
1310 3370 1453 3410 nam
1474 3371 1570 3411 res
1596 3360 1851 3429 utraque
1874 3363 1961 3413 est
1979 3374 2198 3413 manus

544 3443 819 3516 ejusdem
862 3459 1035 3515 opus.
1085 3443 1195 3508 Qui
1244 3442 1359 3498 nisi
1397 3443 1605 3499 datum
1654 3446 1920 3501 Jeremiae
1965 3446 2197 3501 donum

543 3532 856 3591 habuisset
882 3530 1158 3586 diruendi
1184 3546 1253 3587 ac
1290 3531 1717 3597 remdiﬁcandi,
1751 3534 2098 3590 eradicandi
2128 3551 2199 3590 ac

544 3621 958 3697 plantandi",
1006 3620 1209 3692 utique
1252 3636 1377 3676 non
1434 3620 1595 3677 hunc
1653 3623 2039 3693 eradicassct,
2093 3640 2198 3680 ne-

548 3727 667 3786 que
700 3710 868 3766 illum
897 3708 1249 3781 plantasset.
1279 3710 1451 3774 Quod
1489 3711 1538 3765 si
1577 3710 1831 3767 alterum
1863 3712 1915 3767 ei
1939 3713 2195 3779 dederis,

548 3801 804 3861 alterum
843 3798 1023 3856 etiam
1062 3798 1116 3855 ei
1156 3800 1469 3855 concedes.
1514 3800 1629 3858 Sed
1666 3800 1803 3873 illis,
1836 3807 1902 3859 ut
1942 3803 2197 3871 videtur,

621 3964 671 3999 “
707 3964 921 4018 Jerem.
952 3976 989 4031 ι,
1027 3963 1110 4015 l0.

622 4105 734 4171 (87)
777 4098 1115 4167 Ἀποδείξεις.
1144 4104 1229 4158 Ita
1259 4119 1405 4158 mss.
1438 4118 1563 4158 sex.
1591 4103 1741 4159 Edili
1766 4101 2071 4168 ὑποδείξεις.

621 4173 734 4245 (88)
777 4182 931 4228 Θεοῦ.
988 4178 1160 4230 Deest
1217 4189 1289 4229 ea
1351 4188 1462 4228 vox
1522 4173 1580 4229 in
1641 4174 1844 4231 codice
1901 4178 2197 4235 Medicmo.

552 4244 736 4306 Paulo
766 4251 903 4320 post
942 4245 1194 4303 nonnuli
1242 4244 1479 4300 codices
1522 4246 1882 4301 recentiores
1928 4250 2047 4299 κατ’
2095 4248 2203 4301 ἐπι-

553 4322 765 4376 θυμίαν.

618 4341 886 4461 ἴέῧΐτω
914 4392 1214 4461 γινομένων.
1248 4390 1331 4443 lta
1368 4390 1486 4443 tres
1517 4387 1905 4444 vetustissimi
1937 4390 2177 4447 codices

552 4462 702 4519 Edlll
733 4466 1028 4533 γινομένων.

623 4529 890 4602 (90)”Υττὸ
924 4532 1203 4584 Εὐιππίου.
1236 4529 1347 4602 Sic_
1369 4533 1483 4585 tres
1526 4530 1912 4587 vetustissimi
1941 4533 2199 4590 codices.

548 4600 872 4678 Ed‘iti'mpfk
899 4602 1185 4678 βᾴιππίου.
1225 4600 1453 4655 Ibidem
1486 4602 1797 4678 hjeclicteus
1841 4604 2028 4678 codex
2062 4608 2202 4678 παρά

546 4678 755 4750 τούτου,
805 4671 987 4750 Cois].
1059 4677 1309 4750 uterque
1359 4678 1427 4750 _et
1499 4675 1638 4742 Reg.
1706 4675 2009 4750 secundus
2069 4671 2202 4750 ταρὰ

545 4753 638 4797 τοῦ
688 4744 868 4799 αὐτοῦ.
906 4742 1588 4799 ΟοηεθηῐὶίΗωΙωαηιιε
1632 4760 1771 4799 cum
1826 4745 2018 4802 editis.
2069 4742 2198 4804 Mox

545 4816 686 4872 editi
737 4815 1040 4887 ἀμφότερον.
1099 4814 1383 4887 Quinque
1431 4830 1579 4887 mss.
1632 4820 1695 4871 ut
1750 4816 1809 4871 in
1866 4821 2050 4874 textu.
2107 4819 2198 4874 Sic

539 4869 724 5015 {etiam
771 4869 960 4943 habet
1008 4869 1418 4957 Haganoénsis
1472 4869 2193 4960 edi'tionctiprima—Das;

564 4974 777 5014 eensns.

564 4974 777 5014 θθηειε.

614 5031 726 5103 (91)
769 5029 1101 5103 Ἐφύτενσιν.
1146 5028 1371 5103 Ηοοηὶη
1420 5028 1553 5084 loco
1601 5033 1655 5083 et
1698 5029 1758 5103 in
1807 5029 1935 5086 aliis
1986 5032 2192 5088 simili-

535 5099 677 5183 bus,
706 5099 935 5183 nempe
972 5100 1049 5183 in“
1073 5100 1339 5183 epistolis
1378 5106 1481 5183 2_26
1522 5106 1579 5183 et
1610 5102 1734 5183 251“,
1773 5117 1907 5183 n_on_
1936 5119 2047 5183 suo
2087 5119 2191 5158 no-

536 5174 700 5245 mine
721 5171 986 5245 loquitur
1016 5171 1285 5232 Basilius.
1319 5173 1425 5227 sed
1458 5172 1658 5243 potius
1688 5174 1972 5228 Eustathii
2005 5190 2187 5244 quem

534 5244 907 5300 deducto’ex
952 5244 1142 5313 ipsius
1190 5245 1481 5298 sententia
1526 5250 1881 5312 argumento
1912 5245 1968 5299 in
2001 5260 2188 5313 angu—

533 5317 676 5371 stias
708 5315 1029 5372 concludit.
1063 5315 1375 5386 Depositus
1411 5315 1570 5369 enim
1617 5329 1651 5367 a
1686 5315 2028 5384 quingentis
2066 5318 2186 5386 epi-

532 5388 758 5459 scopis,
821 5402 1029 5443 eorum
1093 5385 1398 5439 sententim
1458 5400 1577 5439 non
1639 5386 1859 5440 cessit:
1907 5388 2019 5459 sed
2080 5385 2182 5441 eos

528 5457 772 5530 negavit
797 5460 1113 5530 episcopos
1145 5472 1291 5525 esse,
1313 5461 1531 5530 utpote
1562 5470 1683 5530 non
1714 5457 2029 5530 participes
2058 5460 2180 5529 Spi-

524 5527 675 5601 ritus
728 5525 941 5593 sancti,
982 5525 1047 5585 ut
1087 5542 1272 5601 supra
1311 5525 1584 5601 legimus
1617 5526 1678 5601 in
1723 5526 1838 5601 hac
1882 5525 2017 5601 ipsa
2054 5525 2178 5601 epi-

521 5598 695 5658 stola.
731 5601 1089 5674 Sequeretur
1117 5597 1190 5656 ei
1213 5597 1330 5656 hac
1360 5597 1653 5655 Eustathii
1697 5597 2177 5671 ratiocinatione,

2306 3170 2606 3234 ακόλουοον,
2641 3170 2688 3222 ἐν
2713 3178 2775 3243 τῇ
2812 3170 3002 3222 ἑαυτῶν
3032 3166 3231 3244 καρδίᾳ
3260 3174 3382 3222 τίνα
3411 3167 3643 3222 διάνοιαν
3669 3172 3861 3241 ἔχουσι,

2307 3267 2419 3320 Πῶς
2466 3256 2716 3311 δύνανται
2765 3255 2862 3311 δύο
2911 3258 3040 3311 εἶναι
3090 3258 3396 3327 ἐπίσκοποι,
3447 3261 3473 3311 ὃ
3511 3279 3564 3311 τε
3609 3258 3863 3329 καθῃρημέ·

2306 3369 2390 3411 νος
2434 3350 2533 3401 ὑπὸ
2581 3349 2836 3401 Εὗιππίου
2870 3348 3002 3419 (90),
3040 3353 3129 3400 καὶ
3174 3349 3199 3399 ὀ
3242 3350 3372 3423 παρ’
3407 3349 3565 3401 αὑτοῦ
3611 3362 3862 3419 κεχειροτοο

2306 3442 2559 3511 νημένος;
2615 3445 2705 3498 τῆς
2770 3439 2871 3510 γὰρ
2932 3437 3094 3498 αὐτῆς
3148 3441 3335 3509 χειρὸς
3402 3441 3548 3510 ἔργον
3610 3436 3858 3508 ἀμφότερα.

2306 3528 2421 3597 “Ος,
2468 3527 2510 3579 εἰ
2553 3532 2624 3599 μὴ
2678 3524 2789 3598 εἶχε
2837 3531 2930 3584 την
2990 3523 3274 3598 δεδομένην
3325 3535 3397 3597 τῷ
3460 3527 3674 3598 Ἱερεμίᾳ
3718 3526 3863 3595 χάριν,

2307 3618 2696 3668 κατασκάπτειν
2749 3620 2839 3667 καὶ
2888 3611 3265 3686 ἀνοικοδομεῖν,
3326 3616 3567 3689 ἐκριζοῡν
3613 3620 3697 3666 καὶ
3740 3629 3865 3663 κατα·

2309 3708 2557 3778 φυτεύειν,
2604 3706 2712 3756 οὔτ’
2765 3703 2823 3755 ἂν
2872 3703 3174 3778 ἐξερρίζωσε
3212 3711 3416 3775 τοῦτον,
3458 3705 3565 3757 οὔτ’
3612 3703 3668 3754 ἆν
3714 3701 3863 3753 ἐκεῖνον

2309 3794 2575 3867 ἐφύτευσεν
2607 3793 2738 3866 (91).
2771 3792 2831 3846 Εἰ
2870 3789 2928 3846 δὲ
2979 3796 3038 3845 τὸ
3082 3794 3246 3867 ἕτερον
3276 3792 3426 3865 αὐτῷ
3474 3790 3659 3860 δίδως,
3692 3808 3863 3860 συγχω·

2312 4107 2363 4163 si
2398 4104 2657 4161 strictius
2694 4108 3048 4171 sumeretur,
3078 4101 3284 4158 datam
3315 4103 3395 4157 ab
3426 4103 3710 4159 haereticis
3737 4097 3863 4156 ordi-

2310 4180 2617 4233 nationem
2661 4191 2782 4230 non
2823 4175 3007 4230 modo
3038 4191 3158 4229 non
3205 4174 3563 4243 legitimam,
3596 4175 3693 4229 sed
3719 4174 3864 4228 etiam

2312 4248 2642 4304 invalidam
2674 4263 2745 4301 ac
2782 4262 3028 4317 prorsus
3058 4245 3289 4301 nullam
3328 4262 3486 4313 esse,
3516 4263 3584 4301 ac
3624 4245 3865 4317 Spiritum

2315 4324 2593 4375 sanctum
2645 4318 2722 4371 ab
2762 4314 2844 4371 eis
2886 4316 3137 4371 conferri
3181 4332 3300 4371 non
3346 4333 3548 4389 posse.
3594 4314 3698 4389 Sed
3736 4314 3779 4389 si
3810 4325 3866 4364 ea

2314 4391 2425 4446 fuit
2456 4389 2744 4444 Eustathii
2773 4390 3087 4452 sententia,
3120 4395 3273 4442 certe
3310 4387 3527 4444 Basilio
3554 4387 3747 4454 atlingi
3768 4396 3865 4438 non

2237 4460 2280 4514 D
2315 4467 2535 4535 potest.
2571 4465 2623 4515 Is
2654 4461 2814 4535 enim
2857 4433 3123 4535 testatur,
3154 4474 3287 4535 can.
3326 4461 3346 4512 -Ι
3368 4461 3669 4535 ,ΔΙΖΟῙΠᾏΙΙὪ
3696 4433 3863 4535 CetSa-

2314 4526 2621 4589 turninum
2642 4546 2710 4585 ex
2728 4532 3157 4585 Encratitarum
3181 4530 3396 4585 haeresi
3420 4533 3478 4585 in
3504 4526 3863 4601 episcopalem

2312 4602 2657 4659 cathedram
2692 4618 2722 4655 a
2752 4618 2814 4656 se
2845 4607 3154 4672 susceptos
3184 4616 3334 4655 esse.
3368 4596 3574 4669 Rejici't
3601 4601 3656 4654 in
3686 4596 3862 4671 eodeni

2310 4689 2542 4730 canone
2592 4672 2953 4744 principium
2997 4671 3275 4743 Cypriani
3323 4678 3380 4727 et
3434 4671 3861 4744 Firmiliani,qu1

2309 4746 2455 4801 nulli
2482 4741 2727 4815 prorsus
2757 4741 3035 4798 haeretico
3064 4741 3168 4815 aut
3197 4744 3582 4800 schismatico
3610 4741 3861 4815 relinque-

2308 4817 2457 4871 bant
2486 4812 2848 4885 baptizandi
2893 4819 2996 4869 aut
3042 4814 3364 4888 ordinandi
3411 4819 3781 4888 potestatem.
3813 4812 3860 4857 ut

2306 4890 2410 4960 qui
2440 4903 2555 4941 non
2588 4893 2826 4960 possent
2852 4887 3395 4960 amplius-Spiritus
3421 4886 3616 4960 sancti
3633 4886 3853 4960 gratiam

2304 4946 2443 5015 ἁίίίε
2473 4946 2753 5026 ρνεῑῖὺθνθ,
2788 4973 2823 5011 a
2854 4946 2973 5027 qua
3005 4958 3119 5025 ipsi
3147 4946 3519 5011 exciderant.
3560 4946 3857 5027 InEpistola

2303 5035 2503 5085 autem
2534 5032 2659 5087 240,
2694 5045 2831 5082 cum
2860 5026 3171 5082 denuntiat
3201 5026 3623 5098 Nicopolitanis
3651 5039 3717 5077 nc
3744 5033 3853 5089 quis

2300 5100 2725 5157 communione
2758 5100 3064 5154 Frontonis
3097 5103 3567 5168 praeoccupetur,
3603 5108 3744 5168 neve.
3769 5104 3851 5168 ac-

2299 5177 2472 5243 cepta
2510 5171 2587 5243 ab
2628 5186 2697 5243 eo
2728 5186 2946 5243 manus
2990 5161 3393 5243 impositione,
3423 5174 3630 5239 postea
3655 5161 3851 5219 reddita

2344 5240 2446 5299 a'ce
2490 5242 2611 5296 vim
2659 5240 2838 5296 faciat
2887 5245 2950 5295 ut
2998 5240 3057 5295 in
3102 5240 3258 5295 clero
3304 5244 3707 5297 recensentur;
3736 5243 3847 5285 cum

2344 5259 2446 5299 ace
2490 5259 2611 5296 Vim
2659 5259 2838 5296 [aetat
2887 5259 2950 5295 nt
2998 5259 3057 5295 in
3102 5259 3258 5295 eiero
3304 5259 3707 5297 recensentur;
3736 5259 3846 5285 cum

2298 5259 2432 5377 ξος,
2466 5313 2739 5383 inquam,
2774 5312 3106 5375 denuntiat,
3138 5311 3399 5366 declarat
3425 5305 3766 5383 illequidem
3796 5313 3846 5351 se

2295 5386 2407 5441 hac
2436 5385 2490 5438 in
2520 5380 2581 5437 ri:
2622 5383 2695 5435 de
2729 5398 3033 5437 canonum
3064 5383 3374 5435 severitate
3420 5380 3557 5435 nihil
3598 5380 3845 5445 remissa:

2293 5438 2467 5521 rum;
2502 5454 2606 5508 sed
2646 5459 2845 5509 tamen
2891 5469 3015 5508 non
3058 5453 3309 5507 obscure
3346 5452 3558 5506 fatetur
3582 5438 3843 5521 ejusmodi

2292 5510 2701 5583 ordinationes
2728 5524 2962 5581 validas
2987 5540 3137 5589 esse,
3171 5540 3239 5579 ac
3272 5522 3569 5580 interdum
3599 5510 3656 5575 in
3682 5510 3842 5572 Eccle-

2290 5598 2380 5656 sia
2404 5597 2572 5671 pacis
2604 5612 2793 5653 causa
2819 5600 2986 5655 ratas
3014 5595 3244 5653 haberi.
