4054 6228
240 252 337 337 92,
1183 289 1663 346 EPISTOLARUM
1703 288 1985 347 CLASSIS
2026 295 2093 349 ιι.
2138 297 2347 357 EPIST.
2394 303 2666 360 ccxuv.

3505 320 3608 372 922

241 411 428 482 ρήσεις
484 407 626 476 αὐτῷ
686 412 776 460 καὶ
845 412 902 461 τό
952 409 1138 486 ἕτερον.
1196 412 1330 466 Ἀλλ’
1386 411 1455 475 εἷς
1509 418 1723 479 σκοπός,
1782 416 1838 473 ὡς

1963 423 2339 491 propositum
2358 442 2545 483 unum
2565 433 2670 489 est,
2690 446 2865 485 suum
2886 430 3161 501 ipsorum
3183 437 3609 508 compendium

243 500 397 559 ἔοικε,
448 500 507 547 τό
584 498 776 548 ἑαυτῶν
838 501 1008 561 ζητεῖν
1071 510 1368 573 πανταχοῦ,
1426 508 1515 555 καὶ
1563 507 1702 574 φίλον
1760 506 1848 574 μὲν

245 588 495 657 ἡγεῖσθαι
552 590 639 638 τόν
694 595 810 648 ταῖς
884 586 1180 661 ἐπιθυμίαις
1252 592 1417 643 αὐτῶν
1484 600 1846 665 συνεργοῦντα,

245 676 489 747 πολέμιον
523 672 581 728 δὲ
610 682 820 751 κρίνειν,
854 682 942 729 καὶ
992 676 1258 752 μηδεμιᾶς
1296 681 1410 733 κατ’
1462 683 1620 735 αὑτοῦ
1668 679 1849 734 διαϐο-

242 763 340 826 λῆς
395 762 689 837 φείδεσθαι,
731 770 816 818 τὸν
870 775 986 828 ταῖς
1042 768 1345 841 ἐπιθυμίαις
1392 772 1560 824 αὐτῶν
1606 771 1851 824 ἀνθιστά-

244 873 417 926 μενον.

313 948 366 998 7.
403 942 526 995 Οἶαι
555 945 656 1017 γὰρ
686 943 854 995 αὐτῶν
880 949 969 997 καὶ
999 948 1054 998 αἱ
1108 953 1196 999 νῦν
1226 951 1362 1001 κατὰ
1402 958 1499 1011 τῆς
1538 949 1849 1013 Ἐκκλησίας

240 1031 571 1103 οἰκονομίαι;
624 1037 844 1106 Φρικταὶ
882 1037 972 1104 μὲν
1006 1032 1100 1087 διὰ
1130 1040 1222 1092 τὴν
1263 1046 1362 1089 τῶν
1418 1042 1701 1093 ποιούντων
1733 1041 1851 1111 (92)

241 1120 498 1189 εὐκολίαν,
531 1119 738 1173 ἐλεειναὶ
792 1119 851 1173 δὲ
898 1119 992 1174 διὰ
1030 1128 1122 1182 τήν
1176 1134 1274 1177 τῶν
1340 1133 1657 1198 πασχόντων
1701 1126 1847 1179 ἀναι-

242 1211 499 1266 σθησίαν,
550 1210 809 1262 Εὐιππίου
860 1216 1029 1277 τέκνα,
1078 1218 1164 1265 καὶ
1219 1214 1475 1267 Εὐιππίου
1515 1219 1700 1287 ἔκγονα
1756 1214 1849 1268 διὰ

236 1297 519 1371 πρεσϐείας
583 1298 891 1361 ἀξιοπίστου
968 1300 1023 1352 ἐκ
1088 1311 1179 1363 τῆς
1248 1305 1519 1377 ὑπερορίας
1582 1305 1845 1376 μετακλη-

238 1388 406 1447 θέντες
456 1387 526 1449 εἰς
582 1393 676 1445 τήν
738 1388 1062 1458 Σεϐάστειαν,
1107 1390 1488 1451 ἐπιστεύθησαν
1541 1398 1628 1445 τὸν
1692 1393 1839 1449 λαόν.

236 1476 535 1549 Παρέλαϐον
573 1482 632 1529 τὸ
688 1480 1086 1551 θυσιαστήριον,
1153 1484 1289 1552 ζύμη
1340 1480 1567 1551 ἐγένοντο
1622 1481 1847 1544 τῆςέκεῖ

236 1564 580 1627 Ἐκκλησίας.
656 1568 787 1641 Παρ’
841 1570 909 1618 ὧν
970 1570 1119 1639 ἡμεῖς
1180 1575 1269 1641 μεν
1336 1574 1400 1631 ὡς
1465 1573 1845 1644 ὁμοουσιασταὶ

239 1652 563 1727 διωκόμεθα.
610 1643 902 1719 Εὐστάθιος
956 1655 1015 1710 δὲ
1070 1661 1095 1710 ὁ
1165 1658 1446 1731 βαστάσας
1521 1661 1630 1732 (93)
1682 1664 1730 1713 ἐν
1772 1670 1844 1732 τῷ

1964 506 2190 580 ubique
2222 529 2508 583 quagrere,
2541 522 2595 573 et
2631 520 2895 574 amicum
2927 522 3172 592 quidem
3200 506 3417 582 ducere
3448 544 3608 595 eum,

1960 597 2065 666 qui
2094 599 2364 669 ipsorum
2397 606 2823 677 cupiditatibus
2863 609 3266 668 obseeundat:
3299 614 3608 672 inimicum

1959 700 2102 741 vero
2124 688 2415 762 judicare,
2456 710 2565 749 nec
2606 696 2704 753 ulli
2732 696 2793 751 in
2825 712 2964 751 eum
2996 698 3317 758 calumniae
3339 719 3603 777 parcere,

1960 775 2063 845 qui
2089 775 2360 848 ipsorum
2392 782 2822 854 cupiditatibus
2853 785 3106 843 obsistit.

2030 956 2082 1005 '7.
2118 954 2332 1019 Quales
2372 958 2532 1013 enim
2563 964 2703 1016 sunt
2727 960 3059 1017 etiamnum
3090 962 3361 1035 ipsorum
3399 972 3608 1026 contra

1958 1040 2285 1099 Ecclesiam
2316 1048 2709 1104 oeconomiaa?
2740 1050 3059 1106 Horrenda:
3097 1052 3344 1123 quidem
3386 1056 3465 1111 ob
3504 1072 3605 1111 eo-

1956 1141 2112 1197 rum,
2158 1131 2263 1201 qui
2314 1133 2376 1187 id
2427 1134 2669 1199 faciunt,
2725 1136 3194 1207 instabilitatem,
3246 1142 3607 1199 miserandas

1955 1231 2099 1272 vero
2131 1218 2209 1273 ob
2234 1235 2467 1287 eorum,
2494 1224 2596 1294 qui
2626 1226 2951 1296 patiuntur,
2984 1228 3413 1299 stupiditatem.
3438 1231 3609 1303 Evip-

1956 1306 2039 1377 pii
2071 1307 2173 1362 ﬁlii
2215 1314 2271 1364 et
2300 1312 2531 1383 Evippii
2559 1318 2808 1384 nepotes
2842 1331 2948 1386 per
2977 1315 3337 1385 legationem
3376 1319 3489 1375 fide
3520 1321 3609 1375 di-

1957 1409 2141 1462 gnam
2169 1397 2246 1451 ab
2276 1404 2475 1455 extera
2500 1402 2743 1469 regione
2767 1404 3069 1457 aceersisti
3097 1410 3235 1459 sunt
3252 1406 3607 1463 Sebastiam.

1956 1483 2059 1537 His
2110 1486 2368 1541 creditus
2401 1492 2491 1543 est
2540 1488 2805 1560 populus
2841 1507 2853 1545 :
2907 1492 3076 1562 potiti
3117 1498 3255 1548 sunt
3291 1494 3604 1566 altaribus,

1957 1573 2087 1641 ejus
2110 1590 2244 1644 qum
2268 1574 2384 1629 illic
2423 1582 2514 1632 est
2544 1578 2813 1633 Ecclesiae
2846 1579 3206 1636 fermentum
3247 1580 3385 1637 facti
3433 1590 3596 1639 sunt.

1957 1660 2023 1715 Hi
2045 1676 2157 1716 nos
2175 1667 2469 1734 tanquam
2493 1666 2979 1722 homoousiastas
3001 1673 3472 1740 persequuntur;
3501 1673 3607 1727 Eu-

238 1746 421 1818 χσίρτη
447 1742 548 1797 ἀπὸ
578 1745 774 1817 Ῥώμης
827 1752 989 1821 μέχρι
1046 1752 1253 1800 Τυανων
1311 1754 1367 1801 τὸ
1422 1752 1720 1822 όμοούσιον,
1762 1751 1838 1803 οὗ-

1956 1750 2209 1805 sthatius
2234 1758 2455 1817 autem,
2473 1754 2574 1824 qui
2598 1755 2657 1809 in
2670 1755 2876 1811 charta
2889 1756 3401 1813 consubstantiale
3418 1762 3607 1816 Roma

238 1852 326 1892 τος
350 1840 438 1883 νῦν
475 1833 653 1894 αὐτοῖς
690 1833 1057 1909 ἁνακέκραται·
1101 1857 1142 1890 ει
1183 1843 1270 1890 καὶ
1312 1840 1391 1890 ὅτι
1437 1837 1844 1912 παραδεχθήναι

238 1920 313 1981 εἰς
358 1926 453 1979 τὴν
491 1922 850 1981 πολυπόθητον
882 1925 1048 1977 αὐτῶν
1101 1933 1367 1979 κοινωνίαν
1422 1930 1514 1979 οὐκ
1573 1925 1839 1986 ἠδυνήθη·

237 2012 268 2069 ἦ
321 2009 642 2082 φοϐηθέντων
671 2016 730 2064 τὸ
787 2013 984 2075 πλῆθος
1039 2024 1138 2066 τῶν
1173 2018 1287 2067 κατ’
1340 2015 1497 2068 αὐτοῦ
1564 2036 1839 2089 συμφωνη-

239 2102 458 2165 σάντων,
493 2103 522 2160 ἧ
553 2099 892 2154 αἰδεσθέντων
917 2108 974 2155 τό
1004 2104 1328 2167 ἀξιόπιστον.
1368 2110 1508 2165 Τίνες
1550 2109 1651 2180 γὰρ
1708 2103 1840 2163 ἦσαν

237 2192 289 2241 οἱ
324 2190 719 2263 συνειλεγμένοι,
751 2198 841 2243 καί
872 2202 981 2255 πῶς
1009 2198 1098 2266 μὲν
1155 2197 1545 2268 χειροτονηθεὶς
1597 2198 1837 2263 ἕκαστος,

240 2280 344 2330 ἀπό
382 2285 534 2332 ποίου
576 2277 635 2333 δὲ
688 2278 778 2333 τοῦ
838 2282 893 2344 ἐξ
942 2282 1266 2357 ἀρχῆςβίου
1334 2284 1416 2336 ἐπὶ
1444 2289 1638 2343 ταύτην
1703 2306 1839 2358 παρη

239 2368 498 2437 ῆλθε(94)
548 2375 643 2427 τὴν
676 2367 986 2423 δυναστείαν
1016 2381 1125 2433 νῦν,
1167 2373 1266 2445 ἐγὼ
1316 2378 1405 2446 μὲν
1436 2380 1505 2446 μὴ
1551 2394 1674 2427 ποτε
1705 2377 1838 2427 οὕτω

236 2458 594 2530 σχολάσαιμι,
663 2462 796 2511 ὥστε
877 2464 965 2521 τὰς
1046 2465 1246 2514 ἐκείνων
1317 2464 1525 2537 πράξεις
1578 2461 1839 2535 ἐκδιηγείο

236 2550 369 2599 σθαι
400 2550 535 2616 (95).
604 2547 833 2620 Ἐμαθον
890 2552 990 2624 γὰρ
1054 2555 1449 2625 προσεύχεσθαι
1524 2552 1699 2614 Ὅπως
1778 2552 1837 2604 ἂν

234 2643 313 2711 μή
364 2638 564 2710 λαλήσῃ
612 2641 671 2690 τὸ
740 2643 910 2711 στόμα
957 2660 1055 2711 μου
1100 2644 1164 2692 τὰ
1204 2644 1331 2713 ἔργα
1383 2651 1481 2693 τῶν
1536 2642 1834 2716 ἀνθρώπων·

234 2728 395 2788 αὐτὸς
444 2725 503 2779 δὲ
544 2727 825 2800 ἐρευνήσας
880 2732 1118 2802 μαθήσηο
1178 2733 1273 2783 κοίν
1338 2750 1394 2784 σε
1439 2729 1693 2805 διαφύγῃ,
1750 2736 1836 2784 τὸν

230 2822 423 2891 κριτὴν
450 2820 649 2879 πάντως
678 2818 736 2870 οὐ
766 2818 826 2877 λή
838 2838 1002 2874 σεται.

308 2997 359 3047 8.
401 2992 467 3045 Ὀ
508 2996 682 3065 μέντοί
710 2996 940 3047 πέπονθα
984 2996 1167 3057 πάθος,
1202 2994 1259 3047 οὐ
1309 3000 1709 3070 παραιτήσομαι
1748 3017 1839 3050 και

1954 1841 2191 1909 Tyanos
2239 1856 2429 1913 usque
2481 1843 2655 1915 385
2700 1844 2911 1914 attulit,
2955 1860 3115 1900 nunc
3160 1845 3274 1901 illis
3312 1847 3606 1904 admistus

1953 1930 2044 1983 est
2075 1945 2087 1982 :
2121 1944 2479 2003 quanquam
2512 1932 2746 1987 admitti
2768 1933 2827 1987 in
2858 1933 3303 2005 optatissimam
3331 1936 3604 2008 ipsorum

1952 2018 2448 2075 communionem
2506 2036 2629 2076 non
2669 2022 2883 2094 potuit,
2934 2025 3057 2078 sive
3087 2023 3254 2095 quod
3288 2026 3605 2082 metuerint

1953 2106 2399 2163 multitudinem
2440 2124 2650 2165 eorum
2687 2111 2791 2183 qui
2840 2111 3128 2167 adversus
3157 2111 3324 2167 illum
3354 2128 3606 2168 consen-

1952 2200 2171 2262 serant,
2198 2196 2321 2251 sive
2344 2197 2510 2268 quod
2536 2214 2745 2253 eorum
2765 2200 3001 2255 reveriti
3027 2200 3146 2255 sint
3165 2201 3602 2257 auctoritatem.

1952 2282 2164 2348 Quales
2211 2285 2373 2340 enim
2415 2291 2614 2341 essent
2649 2292 2753 2359 qui
2797 2288 3147 2358 congregati
3178 2293 3334 2358 sunt,
3382 2294 3437 2344 et
3457 2305 3603 2361 quo-

1948 2372 2133 2428 modo
2162 2389 2370 2429 eorum
2400 2376 2660 2447 quisque
2688 2377 3019 2444 ordinatus,
3039 2382 3096 2435 et
3120 2377 3338 2451 aquali
3374 2377 3605 2449 vitaﬂab

1947 2462 2118 2520 initio
2140 2463 2321 2519 (lucta
2344 2464 2423 2518 ad
2445 2465 2606 2520 hunc
2624 2465 3002 2522 dominatum
3023 2468 3377 2537 pervenerit,
3392 2483 3606 2539 precor

1947 2550 2231 2622 equidem
2282 2566 2602 2623 nunquam
2634 2554 2782 2608 mihi
2832 2558 3067 2610 tantum
3102 2554 3206 2610 otii
3235 2555 3601 2625 contingere,

1948 2644 2012 2693 ut
2041 2654 2135 2693 res
2169 2639 2409 2695 illorum
2434 2656 2729 2696 enarrem.
2756 2642 2943 2697 Didici
2974 2643 3134 2698 enim
3164 2643 3417 2714 precari,
3443 2646 3513 2700 Ut
3538 2660 3602 2701 os

1946 2742 2139 2783 meum
2170 2744 2355 2797 opera
2380 2730 2686 2785 hominum
2708 2747 2829 2786 non
2855 2733 3141 2803 loquatur
3160 2733 3376 2804 95.1pse
3397 2738 3599 2789 autem

1946 2816 2097 2883 haec,
2157 2818 2205 2872 si
2244 2822 2541 2873 scrutatus
2576 2819 2779 2886 fueris,
2835 2820 3099 2887 edisces;
3136 2821 3260 2877 etsi
3284 2825 3339 2877 te
3365 2820 3596 2891 etinge-

1946 2907 2083 2972 rint,
2109 2906 2373 2978 profecto
2392 2908 2659 2978 judicem
2686 2924 2810 2965 non
2830 2909 3121 2965 latebunt.

2020 3000 2072 3052 8.
2099 2998 2228 3062 Quo
2260 3002 2463 3053 tamen
2494 2997 2709 3053 fuerim
2740 2999 2964 3067 animo,
3005 3014 3129 3055 non
3181 2997 3483 3068 gravabor
3536 3003 3595 3057 et

227 3087 364 3160 πρὸς
424 3089 520 3141 τήν
572 3089 669 3142 σήν
726 3084 938 3148 ἐξειπεῖν
996 3084 1226 3157 ἀγάπην,
1287 3088 1367 3137 ὅτι
1404 3091 1641 3159 πέρυσιν,
1694 3086 1838 3141 ἀσθὶ.

1955 3088 2067 3140 tua:
2099 3102 2397 3157 exponere
2423 3086 2723 3143 dilectioni
2757 3106 2769 3143 :
2798 3088 3083 3143 nimirum
3113 3102 3275 3143 anno
3300 3088 3594 3159 praeterito

224 3180 400 3235 νήσας
456 3183 661 3246 πυρετῷ
708 3173 1012 3247 λαϐροτάτῳ
1068 3178 1204 3245 (96),
1236 3179 1325 3227 καὶ
1379 3174 1598 3247 ἐγγίσας
1652 3180 1844 3249 μέχρις

233 3264 408 3315 αὐτῶν
461 3271 561 3314 τῶν
609 3262 781 3315 πυλῶν
833 3272 925 3316 τοῦ
984 3267 1229 3335 θανάτου,
1262 3261 1373 3316 εἶτα
1428 3266 1529 3317 ὑπὸ
1586 3272 1680 3325 τῆς
1744 3272 1842 3317 τοῦ

233 3358 364 3405 Θεοῦ
452 3351 841 3425 φιλανθρωπίας
930 3352 1254 3419 ἀνακληθεὶς,
1335 3350 1615 3428 δυσχερῶς
1699 3353 1842 3425 εἶχον

230 3444 370 3513 πρὸς
422 3445 515 3498 τήν
570 3439 842 3503 ἐπάνοδον,
902 3442 1227 3515 λογιζόμενος
1282 3442 1353 3503 εἰς
1413 3440 1496 3493 οἶα
1551 3441 1704 3494 πάλιν
1766 3446 1843 3517 ἔρ-

241 3549 423 3601 χομαι
468 3533 619 3580 κακά’
680 3536 769 3582 καὶ
822 3534 943 3584 κατ’
998 3532 1216 3605 ἐμαυτόν
1275 3532 1548 3597 ἐσκόπουν,
1612 3535 1663 3583 τί
1718 3548 1841 3584 ποτε

250 3620 360 3689 ἄρα
424 3616 529 3669 ἐστὶ
568 3623 620 3670 τό
669 3619 717 3671 ἓν
783 3630 854 3691 τῷ
910 3620 1062 3693 βάθει
1130 3631 1221 3683 τῆς
1277 3626 1459 3693 σοφίας
1509 3620 1839 3692 ἀποκείμενον

237 3714 336 3760 τοῦ
368 3713 518 3770 Θεοῦ,
552 3704 667 3761 δι’ὂ
723 3709 835 3781 ἐμοὶ
873 3710 1026 3763 πάλιν
1064 3721 1157 3772 τῆς
1209 3710 1257 3762 ἐν
1320 3716 1476 3785 σαρκὶ
1526 3711 1659 3771 ζωῆς
1717 3713 1839 3781 ἠμέ-

233 3817 327 3872 ραι
372 3800 842 3871 συνεχωρήθησαν.
894 3796 1106 3857 Ἐπειδὴ
1156 3796 1214 3852 δὲ
1279 3802 1433 3871 ἔγνων
1487 3807 1669 3865 ταῦτα,
1734 3799 1839 3851 ἐλοο

234 3889 497 3958 γισαμην,
530 3889 611 3939 ὅτι
659 3887 912 3946 ἐϐουλήθη
963 3891 1102 3960 ἡμᾶς
1150 3890 1174 3941 ὁ
1223 3893 1410 3964 Κύριος
1450 3886 1577 3940 ἰδεῖν
1634 3908 1838 3941 παυσα-

231 3979 392 4047 μένας

228 4068 425 4117 τούτου
482 4068 567 4116 ἐπὶ
630 4074 701 4134 τῷ
754 4074 1017 4137 χωρισμῷ
1065 4074 1162 4117 τῶν
1220 4063 1313 4117 διὰ
1357 4072 1448 4125 τὴν
1522 4066 1833 4139 περιπεπλα-

470 3983 560 4027 τοῦ
615 3976 774 4028 σοὶλού
830 3979 923 4037 τὰς
971 3976 1299 4041 Ἐκκλησίας,
1360 3979 1412 4029 ὃν
1470 3979 1656 4029 ἔπαθον
1734 3980 1834 4049 πρό

230 4158 429 4225 σμένην
481 4154 589 4222 (97)
631 4153 802 4214 αὐτοῖς
852 4158 1143 4224 σεμνότητα
1206 4158 1373 4207 πάντα
1427 4160 1827 4227 πίστευομένων.

224 4242 296 4294 Ἠ
325 4247 418 4293 καὶ
447 4245 595 4313 τάχα
624 4250 847 4294 τονὼσαι
906 4262 1005 4314 μου
1056 4248 1147 4300 τὴν
1199 4242 1387 4314 ψυχήν
1445 4249 1533 4295 καὶ
1570 4263 1829 4301 νηπτικω-

219 4336 381 4406 τέραν
412 4335 543 4405 πρὸς
588 4350 647 4401 γε
676 4334 733 4382 τό
784 4331 958 4402 ἐφεξῆς
1014 4340 1350 4389 καταστῆσαι
1380 4334 1404 4383 ὁ
1453 4336 1641 4405 Κύριος
1689 4332 1831 4384 ἐϐου-

217 4420 384 4489 λήθη,
420 4422 488 4482 ὡς
547 4424 618 4492 μὴ
678 4425 958 4492 προσέχειν
1008 4419 1317 4494 ἀνθρώποις,
1384 4420 1509 4472 ἀλλά
1573 4418 1666 4473 διὰ
1728 4430 1828 4473 τῶν

217 4510 575 4581 εὐαγγελικῶν
635 4509 842 4563 ἐντολῶν
893 4511 1323 4584 καταρτίζεσθαι,
1375 4510 1427 4560 αἳ
1475 4514 1589 4563 οὔτε
1626 4518 1829 4579 καιροῖς

216 4605 342 4652 οὔτε
402 4602 777 4674 περιστάσεσιν
855 4597 1185 4671 ἀνθρωπίνων
1243 4601 1557 4670 πραγμάτων
1631 4619 1830 4671 συμμε-

215 4689 587 4759 ταϐάλλονται,
624 4688 733 4740 ἀλλ’
790 4692 844 4741 αἱ
892 4690 1045 4741 αὐταὶ
1104 4686 1461 4761 διαμένουσιν,
1504 4690 1570 4749 ὡς
1616 4693 1828 4761 προηνέ-

213 4782 443 4852 χθησαν
490 4778 590 4830 ἀπὸ
648 4786 739 4830 τοῦ
794 4776 1052 4849 ἀψευδοῦς
1113 4784 1202 4830 καὶ
1238 4782 1499 4853 μακαρίου
1556 4782 1827 4849 στόματος,

217 4869 363 4920 οὕτω
407 4864 834 4928 διαιωνίξονσαι.

298 4977 348 5009 θδ
376 4974 541 5029 Psal.
572 4989 712 5044 xvr,
745 4976 802 5029 4.

293 5067 412 5131 (92)
450 5071 562 5115 Τῶν
602 5066 901 5119 ποιούντων.
936 5066 1022 5119 lta
1051 5079 1151 5119 sex
1183 5079 1330 5117 mss.
1353 5062 1501 5117 Editi
1540 5070 1637 5114 τῶν
1668 5066 1833 5113 τοιού-

212 5156 324 5187 των
335 5179 345 5189 .

293 5207 411 5279 (973)
439 5214 481 5259 Ο
529 5205 826 5279 βαστάσας.
878 5207 992 5262 Pro
1036 5207 1128 5262 his
1154 5204 1424 5279 vocibus
1450 5221 1600 5279 qua}
1631 5204 1689 5258 in
1726 5220 1829 5259 sex

212 5275 541 5333 codicibus
577 5295 723 5332 mss.
749 5278 1291 5346 leguntur,habent
1320 5276 1461 5331 editi
1490 5275 1827 5335 ’Eeéaatsiag.

213 5353 357 5413 Quo
387 5349 635 5419 quidem
672 5357 869 5405 errato
913 5366 1049 5405 cum
1102 5365 1312 5419 sensus
1346 5348 1713 5419 pertubatus
1744 5363 1829 5401 es-

215 5426 338 5484 set,
381 5418 611 5493 librarii
674 5426 811 5492 post
850 5423 1123 5493 ὁμοούσιον
1175 5418 1538 5477 addiderunt
1586 5424 1828 5490 κομίσας,

214 5490 401 5564 quod
430 5490 785 5564 delevimus.

298 5564 423 5632 (94)
452 5563 708 5635 Παρῆλθε.
744 5563 960 5633 Regius
1008 5567 1270 5635 uterque
1296 5566 1351 5617 et
1394 5560 1567 5616 Coisl.
1619 5574 1829 5615 secun-

216 5634 353 5690 dus
390 5633 672 5707 παρελθών.
702 5635 930 5692 Ibidem
959 5641 1046 5685 νῦν
1067 5633 1416 5697 addidimus
1447 5647 1521 5690 ex
1552 5646 1655 5689 sex
1680 5647 1827 5697 mss.

1951 3190 2086 3230 cum
2145 3181 2536 3245 aegrotassem
2589 3176 2751 3232 febre
2803 3177 3183 3248 gravissima,
3218 3181 3273 3232 et
3307 3176 3386 3232 ad
3426 3176 3595 3248 ipsas

1951 3265 2160 3319 mortis
2192 3268 2395 3336 portas
2418 3266 3029 3338 appropinquassem,
3048 3281 3119 3322 ac
3139 3264 3356 3320 deinde
3379 3264 3571 3320 Deibe

1950 3353 2237 3422 nignitate
2268 3370 2464 3409 essem
2499 3356 2739 3410 sanitati
2774 3356 3103 3421 restitutus,
3135 3369 3290 3424 aegre
3325 3353 3594 3409 ferebam

1948 3443 2206 3498 reditum
2232 3450 2521 3516 reputans
2538 3461 2776 3499 mecum
2800 3445 2878 3499 ad
2907 3444 3110 3515 qualia
3125 3444 3383 3499 redirem
3401 3442 3592 3511 mala;

1948 3536 2128 3601 atque
2159 3532 2323 3603 apud
2352 3548 2447 3587 me
2475 3533 2599 3603 ipse
2624 3532 3091 3587 considerabam
3124 3531 3416 3603 quidnam
3462 3534 3595 3586 tan-

1947 3620 2087 3675 dem
2117 3626 2271 3676 esset
2299 3622 2358 3675 in
2389 3621 2688 3692 profundo
2721 3621 2819 3676 Dei
2845 3621 3153 3693 sapientiae
3192 3618 3589 3687 reconditum,

1947 3714 2192 3781 propter
2228 3711 2393 3781 quod
2435 3710 2582 3765 mihi
2618 3726 2824 3765 rursus
2866 3709 2995 3765 dies
3040 3709 3120 3765 ad
3159 3706 3485 3763 vivendum
3528 3705 3589 3759 in

1946 3814 2123 3853 carne
2158 3799 2424 3853 concessi
2452 3798 2721 3853 fuissent.
2752 3797 2861 3854 Ubi
2903 3803 3104 3854 autem
3142 3797 3265 3853 haec
3310 3792 3588 3862 cognovi,

1944 3886 2201 3941 voluisse
2235 3887 2555 3942 Dominum
2578 3886 2901 3941 arbitratus
2932 3903 3089 3949 sum,
3112 3890 3176 3940 ut
3202 3882 3469 3939 viderem
3489 3884 3587 3935 Ee-

1943 3974 2152 4030 clesias
2179 3979 2531 4046 tempestate
2562 3976 2863 4045 liberatas,
2893 3991 3081 4048 quam
3120 3978 3296 4029 antea
3323 3970 3587 4042 pertule-

1941 4068 2078 4119 rant
2108 4080 2180 4119 ex
2207 4064 2583 4135 separatione
2623 4080 2850 4133 eorum,
2885 4063 3108 4136 quibus
3138 4060 3345 4117 omnia
3392 4058 3470 4113 ob
3516 4058 3585 4112 ﬁ-

1941 4158 2100 4208 ctam
2131 4169 2337 4208 eorum
2370 4154 2718 4220 gravitatem
2748 4153 3168 4208 credebantur.
3188 4154 3300 4205 Aut
3328 4148 3586 4205 fortasse

1940 4242 2120 4297 etiam
2151 4241 2432 4297 roborare
2460 4242 2733 4296 animum
2760 4258 2962 4296 meum
2996 4246 3051 4296 et
3071 4240 3283 4295 saltem
3304 4241 3361 4293 in
3388 4241 3589 4309 poste-

1940 4346 2077 4386 rum
2111 4330 2547 4400 vigilantiorem
2587 4330 2822 4385 efficere
2856 4330 3044 4385 voluit
3081 4328 3388 4395 Dominus,
3427 4330 3587 4379 utne

1940 4419 2293 4475 hominibus
2329 4418 2615 4487 attendat,
2647 4418 2752 4473 sed
2782 4434 2889 4490 per
2918 4415 3260 4484 evangelica
3287 4417 3588 4486 praecepta

1942 4510 2483 4583 perﬁciaturzqure
2540 4524 2737 4581 neque
2781 4524 2918 4563 curn
2968 4505 3361 4578 temporibus,
3389 4518 3586 4574 neque

1942 4616 2080 4655 cum
2106 4600 2513 4654 humanarum
2538 4615 2737 4653 rerum
2764 4595 3229 4652 circumstantiis
3256 4595 3585 4649 immutan-

1939 4692 2055 4748 tur,
2088 4687 2192 4741 sed
2222 4687 2435 4742 eadem
2468 4691 2845 4757 permanent,
2876 4691 2939 4741 ut
2970 4702 3005 4740 a
3051 4687 3248 4740 veraci
3303 4700 3373 4740 ac
3406 4683 3585 4738 beato

1939 4792 2040 4833 ore
2072 4775 2304 4847 prolata
2335 4781 2493 4841 sunt,
2526 4776 2605 4830 ita
2630 4774 3093 4847 perseverantia.

2012 5064 2120 5129 (95)
2173 5056 2587 5129 'Ezri‘cnysto-Oaz.
2658 5061 2748 5129 _lta
2812 5057 2991 5127 llarl.,
3069 5057 3245 5115 Coisl.
3310 5061 3582 5128 uterque,

1940 5126 2081 5201 Reg.
2109 5126 2377 5202 uterque.
2417 5129 2563 5184 Editi
2586 5126 3036 5202 ἐκδιηγήσασθαι.
3070 5131 3294 5186 Ibidem
3327 5126 3588 5202 tres—ve,-

1941 5200 2221 5259 tutissimi
2262 5200 2510 5258 codices
2576 5203 2665 5261 τὰς
2730 5200 2928 5253 ἐκείνων
2996 5201 3227 5274 πράξεις.
3302 5200 3453 5255 Editi
3520 5200 3587 5249 τὰ

1940 5295 2158 5328 εκεινων.

2012 5348 2147 5417 (96),
2184 5343 2537 5417 Δαϐροτάτωη
2568 5345 2657 5417 ita
2706 5347 2823 5417 tres
2854 5415 2861 5417 _
2890 5341 3277 5417 vetustissimi
3298 5416 3301 5417 ν
3325 5339 3583 5417 codices.

1940 5408 2421 5490 Εόίζῗβαρυέάτῳ.
2460 5408 2683 5469 ibidem
2704 5415 2865 5490 editi
2897 5414 3107 5483 ἐγγίσας
3140 5408 3358 5481 σχεδόν.
3382 5408 3584 5463 Melius

1939 5487 2310 5551 Harl.,’Med.,
2343 5503 2497 5561 quos
2531 5487 2713 5541 secuti
2744 5502 2974 5561 §umus-
3178 5555 3187 5561 _
3434 5552 3472 5561 η

2012 5550 2125 5630 (97)
2176 5550 2686 5630 Περιπεπλασμένην.
2740 5556 2832 5612 Sic
2883 5570 3032 5611 mss.
3087 5555 3375 5629 quinque.
3432 5550 3583 5608 Editi

1936 5629 2309 5702 κεπλασμένην.
