4054 6228
541 272 658 331 923

613 401 664 453 9.
698 392 980 451 Homines
1007 405 1148 449 vero
1176 389 1448 447 nubibus
1472 390 1697 448 similes
1726 392 1887 457 sunt,
1914 403 2049 461 quae
2081 398 2193 457 pro
2221 383 2269 439 A

540 488 859 542 ventorum
889 480 1223 537 mutatione
1266 479 1413 535 alias
1461 480 1523 536 in
1566 480 1747 537 aliam
1780 478 1933 535 aeris
1963 480 2195 549 partem

541 574 832 630 feruntur.
865 572 931 624 Et
956 569 1220 625 maxime
1259 568 1378 637 isti,
1406 569 1481 624 de
1525 568 1751 642 quibus
1781 566 1957 623 nobis
1998 577 2196 620 sermo

544 666 652 725 est,
694 658 987 717 omnium.
1026 672 1288 729 quorum
1337 657 1673 728 periculum
1720 655 2060 720 fecerimus,
2086 649 2197 705 visi

545 754 687 803 sunt
714 745 1274 802 inconstantissimi.
1304 749 1393 800 An
1443 745 1717 801 etiamin
1759 742 2006 814 reliquis
2060 739 2197 794 vitae

542 838 744 901 rebus,
777 835 1032 891 dixerint
1058 834 1163 904 qui
1208 849 1332 889 una
1371 849 1511 889 cum
1550 834 1700 905 ipsis
1739 833 2051 896 vixerunt;
2092 826 2197 882 sed

543 940 731 998 quam
762 924 824 979 in
856 921 999 994 ipsis
1026 922 1185 977 circa
1214 921 1398 976 ﬁdem
1426 920 1892 978 inconstantiam
1940 933 2010 973 ac
2048 914 2197 971 levi-

545 1018 728 1071 tatem
761 1010 1062 1084 perspexi,
1084 1026 1208 1066 non
1236 1010 1487 1066 memini
1516 1026 1612 1066 me
1641 1010 1706 1066 in
1744 1007 1874 1065 aliis
1909 1008 2199 1062 hactenus

545 1105 650 1158 aut
711 1116 817 1173 per
856 1100 1159 1171 meipsum
1191 1098 1411 1154 vidisse
1439 1103 1541 1153 aut
1573 1106 1658 1165 fex
1696 1097 1830 1153 aliis
1873 1093 2195 1151 audivisse.

541 1190 749 1247 Arium
768 1188 936 1245 initio
964 1187 1393 1260 sequebantur.
1418 1187 1501 1243 Ad
1537 1190 1969 1255 Hermogenem
1990 1186 2200 1254 postea

543 1293 673 1333 sese
703 1275 1157 1342 transtulerunt,
1190 1291 1264 1331 ex
1290 1275 1585 1331 diametro
1612 1275 1922 1330 inimicum
1967 1285 2200 1343 perver-

543 1382 623 1429 sae
647 1366 764 1423 Arii
794 1364 1116 1436 opinionis,
1147 1368 1210 1419 ut
1234 1363 1611 1420 demonstrat
1631 1362 1727 1418 illa
1748 1362 1880 1435 ipsa
1896 1360 2045 1416 ﬁdes
2061 1374 2197 1431 quas

542 1454 749 1510 Nicaea:
778 1452 857 1507 ab
882 1451 982 1507 illo
1016 1452 1141 1508 viro
1182 1452 1511 1523 praedicata
1540 1456 1632 1507 est
1661 1450 1738 1508 ab
1764 1450 1949 1506 initio.
1972 1447 2198 1505 Obdor-

541 1541 707 1596 mivit
748 1543 1171 1609 Hermogenes,
1215 1546 1272 1596 et
1311 1556 1520 1599 rursus
1569 1539 1649 1595 ad
1688 1538 2009 1595 Eusebium
2038 1542 2199 1593 tran-

542 1628 790 1693 sierunt,
828 1643 1068 1684 coronas
1112 1628 1345 1684 Arianae
1388 1628 1783 1701 coriphaaum,
1833 1630 1899 1683 ut
1942 1623 2202 1682 afferunt

1897 264 1956 322 s.
1996 257 2245 318 BASILII
2284 257 2504 314 MAGNI
3727 265 3814 321 ou

2375 385 2427 447 9,
2488 380 2788 457 ’Ἄνθρωποι
2850 379 2910 437 δί
2959 388 3072 443 ταῖς
3116 380 3339 453 νεφέλαις
3386 379 3589 448 ἰοίκασι,
3614 385 3725 455 πρὸς
3748 387 3825 446 τὰς

2303 478 2400 522 τῶν
2474 475 2776 543 πνευμάτων
2840 470 3125 545 μεταϐολὰς
3182 469 3357 522 ἄλλοτε
3408 470 3513 522 κατ’
3555 469 3660 523 ἄλλο
3711 477 3829 545 μέρος

2305 566 2395 611 τοῦ
2436 557 2578 634 ἀέρος
2657 560 3043 635 έμφερομέναις.
3106 564 3207 613 Καὶ
3294 558 3511 631 μάλιστα
3569 556 3629 617 δὴ
3696 561 3828 631 οὗτοι,

2304 655 2421 721 περὶ
2478 646 2597 701 ὦνὸ
2652 650 2818 722 λόγος,
2868 650 3328 722 πολυτροπώτατοι
3374 658 3467 702 τῶν
3514 649 3575 709 εἰς
3628 651 3831 722 ἡμετέραν

2304 745 2484 812 πεῖραν
2540 744 2767 796 ἡκόντων
2812 739 3093 812 ἐφάνησαν.
3150 738 3209 792 Εἰ
3259 741 3345 810 μεν
3383 743 3469 789 καὶ
3516 737 3579 798 εἰς
3618 737 3678 789 τὰ
3710 738 3833 791 λοιπὰ

2304 834 2395 879 τοῦ
2459 825 2580 899 βίου
2636 830 2943 901 πράγματα,
2992 832 3178 880 εἴποιεν
3252 826 3311 877 ἂν
3358 828 3406 879 οἱ
3460 824 3830 898 συμϐεϐιωκοτις·

2306 914 2331 967 ὃ
2389 912 2440 967 δ’
2504 912 2591 968 οὖν
2648 915 2761 989 ἐμοὶ
2827 917 3008 989 ἐφάνη,
3068 921 3126 969 τὸ
3200 921 3318 990 περὶ
3367 919 3458 974 τὴν
3492 920 3653 967 πίστιν
3702 916 3834 968 αὐτῶν

2306 1003 2662 1075 εύμετοίθετον,
2726 1006 2821 1057 οὐκ
2882 1002 3007 1058 οἶδα
3061 1009 3224 1078 μέχρι
3284 1010 3375 1056 τοῦ
3428 1010 3512 1055 νῦν
3564 1002 3608 1055 έν
3684 1002 3835 1075 ἄλλοις,

2306 1092 2422 1145 οὔτε
2468 1093 2623 1156 αύτὸς
2684 1096 2993 1169 ἱστορήσας,
3050 1097 3167 1146 οὔτε
3211 1091 3435 1153 ἀκούσας
3486 1091 3838 1166 έτέρων.“Δρείῳ

2305 1180 2725 1237 κατηκολούθουν
2776 1186 2834 1235 τὸ
2879 1182 2933 1245 ἐξ
2984 1182 3197 1255 ἀρχῆς·
3241 1182 3500 1252 μετέθεντο
3546 1182 3665 1251 πρὸς
3691 1179 3839 1252 Ἑρμο-

2304 1274 2452 1339 γένην
2520 1272 2653 1337 (98),
2706 1274 2792 1323 τὸν
2836 1273 2974 1323 κατὰ
3030 1267 3309 1345 διάμετρον
3380 1268 3563 1341 ἔχθρόν
3614 1271 3714 1337 (99)
3747 1272 3842 1321 ὄντα

2304 1367 2401 1422 τῆς
2463 1358 2666 1431 Ἀρείου
2718 1358 3053 1426 κακοδοξίας,
3108 1362 3180 1423 ὡς
3228 1355 3383 1417 δηλοῖ
3428 1358 3551 1417 αύτὴ
3586 1359 3613 1416 ἠ
3646 1359 3839 1417 πίστιςή

2305 1452 2439 1503 κατὰ
2493 1455 2718 1505 Νίκαιαν
2763 1456 2885 1522 παρ’
2930 1448 3121 1503 έκείνου
3177 1456 3270 1502 τοῦ
3312 1444 3499 1521 ἀνδρὸς
3542 1445 3843 1518 έκφωνηθιὶσα

2307 1538 2359 1601 ἐξ
2386 1538 2580 1615 ἀρχῆς.
2626 1540 2911 1612 Ἐκοιριὴθη
2944 1539 3276 1614 Ἑρμογένης,
3308 1541 3401 1590 καὶ
3451 1536 3596 1590 παλιν
3642 1540 3843 1608 μετέστη-

2309 1647 2404 1680 σαν
2477 1632 2609 1702 πρός
2670 1626 2937 1692 Εύσέϐιον,
3022 1624 3195 1702 ἄνδρα
3249 1632 3527 1701 κορυφαῖον
3595 1632 3679 1676 τοῦ
3740 1625 3847 1675 κατὰ

542 1718 647 1788 qui
676 1716 901 1789 experti
934 1721 1096 1781 sunt.
1125 1717 1270 1773 Hinc
1326 1733 1463 1771 cum
1504 1716 1865 1772 excidissent
1903 1713 1983 1770 ob
2020 1728 2196 1785 quas-

2306 1716 2511 1791 ’Ἃρειον
2568 1715 2781 1785 κύκλου,
2824 1719 2889 1777 ὡς
2937 1718 2986 1769 oi
3043 1718 3369 1789 πειραθέντες
3441 1718 3612 1787 φασίν.
3667 1712 3845 1766 Ἐκεῖθεν

544 1805 632 1862 vis
662 1804 906 1861 tandem
928 1820 1169 1873 causas,
1190 1805 1409 1861 iterum
1429 1805 1650 1861 reversi
1674 1809 1815 1859 sunt
1833 1804 1894 1860 in
1914 1802 2197 1874 patriam,

546 1898 603 1950 et
642 1894 859 1950 iterum
888 1894 1173 1950 Arianam
1214 1892 1602 1950 occultabant
1654 1891 2031 1951 sententiam.
2064 1893 2200 1946 Pro-

544 1982 692 2038 moti
721 1980 801 2037 ad
829 1982 1275 2053 episcopatum,
1304 1988 1369 2038 ut
1428 1981 1649 2049 media,
1716 1980 2004 2045 incidam,
2053 1982 2199 2051 quot

542 2070 683 2126 ﬁdei
712 2070 1005 2128 formulas
1034 2070 1395 2127 ediderunt?
1458 2070 1647 2127 Aliam
1690 2072 1966 2142 Ancyrae,
2015 2067 2197 2123 aliam

545 2158 842 2225 Seleuciae,
866 2157 1048 2214 aliam
1076 2158 1616 2230 Constantinopoli,
1641 2174 1900 2229 eamque
1940 2155 2199 2212 celeber-

538 2248 781 2315 rimam,
833 2247 1009 2318 382
1065 2248 1377 2319 Lampsaci
1416 2246 1620 2312 aliam,
1671 2247 1923 2318 posthac
1970 2246 2106 2302 Nice
2136 2244 2197 2299 in

539 2336 790 2392 Thracia
833 2336 1038 2406 aliam,
1070 2350 1232 2391 nunc
1289 2351 1499 2391 rursus
1556 2335 1738 2392 aliam
1779 2333 1992 2406 Cyzici,
2022 2333 2198 2403 cujus

543 2424 792 2497 quidem
832 2424 1066 2496 reliqua
1123 2424 1358 2494 ignoro,
1393 2424 1499 2480 sed
1542 2424 1658 2480 hoc
1704 2428 1939 2480 tantum
1991 2421 2192 2485 audio,

538 2528 643 2570 eos
669 2511 1164 2569 consubstantiali
1195 2513 1622 2584 praetermisso,
1643 2512 1833 2568 simile
1860 2510 2196 2567 secundum

537 2602 859 2657 essentiam
889 2616 1050 2657 nunc
1080 2601 1320 2667 inferre,
1355 2606 1535 2674 atque
1566 2616 1690 2659 una
1720 2618 1860 2659 cum
1902 2599 2196 2657 Eunomio

538 2690 950 2763 blasphemias
1009 2690 1071 2747 in
1119 2691 1403 2762 Spiritum
1458 2696 1735 2748 sanctum
1798 2689 2195 2753 conscribere.

544 2783 673 2835 Ista:
705 2786 906 2837 autem
938 2779 1076 2835 ﬁdei
1109 2779 1404 2851 formulae,
1427 2797 1582 2854 quas
1613 2780 1908 2845 recensui,
1938 2778 2047 2837 etsi
2074 2792 2199 2834 non

542 2884 757 2924 omnes
810 2868 963 2924 inter
1012 2884 1073 2924 se
1114 2874 1407 2940 pugnant,
1444 2874 1505 2925 at
1553 2874 1709 2925 certe
1754 2869 1972 2941 pariter
2010 2867 2200 2924 animi

546 2956 875 3014 ostendunt
930 2957 1428 3027 inconstantiam,
1487 2962 1805 3030 propterea
1841 2956 2005 3029 quod
2045 2971 2197 3012 nun-

2307 1806 2604 1867 έκπεσοντες
2669 1802 2741 1859 δι’
2804 1804 2866 1867 ἃς
2905 1802 3100 1865 δήποτε
3162 1806 3360 1873 αἰτίας,
3406 1805 3556 1858 πάλιν
3604 1798 3847 1874 ἀνέδραμον

2308 1895 2379 1959 εἰς
2436 1900 2529 1957 τὴν
2584 1892 2839 1968 πατρίδα,
2880 1900 2971 1948 καί
3034 1894 3187 1948 πάλιν
3245 1898 3305 1947 τὸ
3356 1895 3609 1968 Ἀρειανὸν
3662 1892 3848 1962 ὑπεκρυ-

2306 2003 2432 2036 πτον
2480 1987 2738 2055 φρόνημα.
2785 1983 3127 2057 Παρελθόντες
3207 1983 3279 2045 εἰς
3326 1988 3419 2041 τὴν
3468 1981 3749 2045 ἐπισκοπὴν,
3784 1978 3849 2029 ἵνα

2306 2074 2373 2125 τὰ
2432 2071 2483 2124 έν
2559 2076 2702 2144 μέσῳ
2758 2071 3060 2147 παραλίπω,
3141 2074 3271 2133 ὅσας
3356 2071 3573 2135 ἐξέθεντο
3643 2073 3845 2130 πίστειςί

2309 2160 2420 2214 Ἐπ’
2474 2161 2736 2234 Ἀγκύρας
2792 2161 2968 2228 ἄλλην,
3024 2161 3197 2233 ἑτέραν
3264 2160 3316 2213 έν
3383 2159 3650 2231 Σελευκείᾳ,
3708 2155 3847 2229 ἑτέραν

2306 2250 2354 2303 ἐν
2401 2250 2958 2316 Κωνσταντινουπόλει,
3000 2256 3094 2311 τὴν
3142 2250 3578 2324 πολυθρύλ).ητον,
3633 2251 3676 2300 έν
3726 2254 3849 2315 Δαμ-

2304 2338 2458 2411 ψάκῳ
2513 2338 2708 2414 έτέραν,
2737 2342 2813 2411 (Ι)
2860 2343 2991 2411 μετὰ
3024 2348 3191 2392 ταῦτα
3222 2345 3320 2398 τὴν
3367 2339 3415 2391 έν
3473 2342 3603 2410 Νίκῃ
3632 2345 3715 2397 ’ἧς
3738 2336 3848 2407 Θρά-

2303 2448 2421 2495 κης,
2449 2435 2536 2479 νῦν
2568 2429 2719 2481 πάλιν
2749 2433 2842 2487 τὴν
2870 2428 2919 2481 ἐν
2952 2433 3162 2500 Κυζίκῳ
3189 2432 3289 2500 (2)ο
3344 2426 3402 2489 ἧς
3430 2432 3495 2480 τὰ
3521 2432 3605 2499 μὲν
3633 2424 3747 2477 ἄλλα
3776 2423 3849 2474 οὐχ

2305 2516 2615 2590 ἐπίσταμαι,
2668 2526 2917 2572 τοσοῦτον
2968 2515 3026 2571 δε
3092 2520 3268 2571 ἀκούω
3310 2522 3368 2571 τὸ
3405 2520 3669 2591 ὁμοούσιον
3716 2532 3849 2565 κατα-

2308 2608 2636 2678 σιγασαντες,
2668 2610 2726 2659 τὸ
2756 2608 2871 2659 κατ’
2910 2609 3093 2660 οὐσίαν
3116 2608 3291 2679 ὅμοιον
3333 2615 3421 2659 νῦν
3460 2607 3735 2680 ἐπιφέρουσι
3774 2603 3848 2671 (3),

2305 2698 2511 2757 καὶτὰς
2552 2696 2621 2759 εἰς
2677 2703 2886 2769 Πνεῦμα
2922 2700 2980 2749 τὸ
3024 2696 3172 2767 ἅγιον
3227 2695 3569 2769 βλασφημίας
3605 2693 3702 2766 μετ’
3726 2690 3848 2743 Εύνο-

2306 2788 2428 2855 μίου
2476 2787 2863 2859 συγγράφουσι.
2921 2788 3125 2839 Τούτων
3176 2782 3236 2840 δε
3287 2795 3389 2837 τῶν
3418 2790 3635 2838 πίστεων
3682 2780 3735 2843 ἃς
3775 2776 3851 2829 ἅπ-

2308 2875 2705 2945 ηριθμησάμην,
2748 2873 2791 2926 εἶ
2820 2878 2911 2926 καὶ
2943 2879 3015 2946 μὴ
3072 2880 3243 2927 πᾶσαι
3271 2879 3401 2949 πρὸς
3441 2872 3647 2931 ἀλλήλας
3674 2873 3849 2941 ἔχουσιν

2306 2959 2563 3028 έναντίως,
2596 2960 2703 3013 ἀλλ’
2745 2962 2833 3015 οὖν
2862 2966 2920 3016 τὸ
2969 2962 3307 3034 εὐμετάϐολον
3339 2971 3432 3016 τοῦ
3481 2967 3663 3037 τρόπον
3702 2960 3851 3029 ὁμοίως

546 3062 735 3116 quam
787 3046 1007 3103 iisdem
1063 3046 1126 3101 in
1182 3047 1379 3103 verbis
1436 3050 1815 3119 permanent.
1872 3049 2003 3101 Haec
2056 3061 2196 3101 vera

2310 3058 2614 3113 συνιστῶσι,
2667 3046 2760 3103 διὰ
2796 3054 2854 3103 τὸ
2912 3048 3175 3123 μηδέποτε
3220 3052 3415 3115 αὐτοὺς
3452 3051 3535 3104 ἐπὶ
3591 3057 3681 3101 τῶν
3717 3045 3851 3098 αὐτῶν

545 3140 704 3200 sunt,
733 3135 1065 3191 innumeris
1103 3134 1233 3193 aliis
1266 3134 1500 3192 silentio
1528 3136 1861 3207 praeteritis.
1900 3135 2195 3201 Quoniam

544 3229 745 3279 autem
789 3239 949 3279 nunc
997 3224 1177 3281 etiam
1217 3224 1297 3279 ad
1337 3240 1441 3279 vos
1487 3225 1869 3292 transierunt,
1902 3223 2198 3281 rescribas

543 3312 723 3366 velim
745 3327 851 3383 per
876 3312 1159 3367 eumdem
1185 3311 1380 3368 virum
1428 3313 1588 3373 (dico
1641 3318 1845 3369 autem
1895 3327 2199 3384 compres-

544 3398 825 3471 byterum
870 3404 1144 3456 nostrum
1203 3401 1604 3472 Strategium),
1652 3405 1852 3457 utrum
1893 3416 2035 3471 erga
2085 3415 2197 3455 nos

544 3502 675 3543 esse
703 3502 941 3558 pergas,
969 3502 1046 3542 an
1075 3488 1155 3543 sis
1214 3504 1286 3543 ex
1339 3504 1666 3558 congressu
1698 3488 2011 3545 alienatus.
2046 3491 2195 3546 Nam

546 3590 657 3631 nec
707 3590 810 3630 eos
859 3574 1180 3632 verisimile
1209 3579 1298 3631 est
1331 3577 1610 3648 tacuisse,
1646 3593 1757 3633 nec
1789 3578 2068 3650 teipsum,
2093 3576 2197 3649 qui

547 3662 686 3719 talia
711 3663 887 3721 nobis
913 3663 1221 3736 scripsisti.
1244 3679 1367 3719 non
1397 3665 1576 3721 etiam
1600 3681 1742 3736 erga
1766 3666 1897 3722 illos
1924 3665 2197 3721 discendi

543 3751 814 3809 libertate
846 3768 1025 3809 usum
1054 3752 1263 3811 fuisse.
1312 3754 1485 3820 Quod
1528 3755 1576 3810 si
1618 3770 1830 3811 manes
1878 3756 1938 3812 in
1989 3759 2197 3811 nostra

546 3842 994 3913 communione,
1056 3842 1355 3914 optimum
1412 3842 1526 3899 hoc
1575 3848 1632 3899 et
1680 3844 1965 3900 omnibus
2042 3844 2197 3900 votis

545 3930 978 4001 exoptandum.
1001 3930 1098 3987 Sin
1129 3935 1329 3986 autem
1360 3935 1412 3985 te
1443 3931 1523 3987 ad
1551 3948 1615 3987 se
1644 3938 2009 4005 pertraxere,
2028 3933 2193 3988 triste

472 4064 485 4073 .
543 4018 607 4074 id
633 4018 915 4089 quidem:
950 4019 1163 4090 quidni
1208 4020 1367 4075 enim
1409 4020 1606 4077 fratris
1652 4022 1789 4078 talis
1826 4023 2195 4094 disjunctio?

548 4105 663 4163 Sed
712 4110 914 4162 tamen
956 4107 1007 4161 si
1060 4107 1207 4165 nihil
1252 4107 1439 4179 aliud,
1498 4109 1710 4165 saltem
1763 4111 1823 4167 in
1896 4110 2193 4182 ejusmodi

544 4192 877 4264 dispendiis
902 4194 1163 4251 ferendis
1191 4194 1436 4253 abunde
1467 4196 1545 4253 ab
1584 4197 1697 4253 illis
1722 4197 1869 4271 ipsis
1891 4198 2193 4255 exercitati

544 4297 778 4338 sumus.

616 4458 735 4587 (98)
763 4457 1094 4547 ἰΕρμογνένην.
1128 4459 1281 4516 Harl.
1320 4460 1622 4532 Ἑρμογένη.

641 4530 730 4587 99)
789 4531 1016 4587 Εγθρον.
1050 4534 1174 4586 Νοη
1225 4530 1382 4585 male
1431 4532 1601 4587 abest

641 4530 730 4602 99)
771 4528 1016 4602 Ἐχθρόν.
1050 4534 1174 4586 Νοη
1225 4528 1383 4585 male
1410 4528 1601 4587 abest
1654 4547 1724 4588 ea
1752 4548 1868 4588 vox
1915 4549 1951 4589 a
1984 4534 2189 4591 codice

546 4597 1171 4655 Medicteofliaronius
1203 4601 1279 4655 ad
1319 4616 1546 4656 annum
1579 4603 1790 4657 Christi
1818 4608 1941 4663 325.
1978 4621 2047 4660 ex
2098 4606 2190 4661 his

543 4668 766 4745 verbis,
792 4676 856 4725 ut
898 4671 1269 4745 demonstrat
1321 4673 1451 4745 ipsa
1488 4673 1635 4739 ﬁdes
1677 4689 1807 4745 qua:
1862 4677 2080 4732 Nicaea?
2111 4678 2187 4732 ab

544 4740 654 4793 illo
709 4742 836 4795 viro
862 4744 1196 4810 praedicata
1246 4747 1326 4797 est
1372 4742 1446 4795 ab
1478 4740 2012 4810 initiofconcludit
2070 4764 2190 4803 me-

542 4811 733 4864 moria
755 4812 990 4887 lapsurn
1022 4828 1152 4887 esse
1186 4810 1471 4887 Basilium
1502 4832 1513 4868 :
1540 4816 1846 4887 rsiquidem
1877 4833 1998 4871 non
2046 4820 2189 4873 Her-

542 4896 851 4959 mogenes,
880 4884 983 4959 sed
1020 4884 1296 4959 Leontius
1336 4884 1711 4959 gresarien‘sis
1742 4889 2062 4959 episcopus
2103 4890 2187 4945 in-

544 4951 740 5005 terfuit
769 4954 1020 5008 concilio
1044 4956 1306 5009 Nicreno.
1341 4953 1475 5012 Haec
1517 4964 1717 5013 autem
1758 4951 2065 5013 verba-sic
2094 4977 2190 5015 ac-

539 5022 655 5101 cipi
678 5029 945 5101 possent,
981 5030 1042 5101 ut
1069 5026 1472 5101 Hermogenes
1503 5029 1797 5101 Hicmnam
1832 5029 2013 5085 ﬁdem
2041 5047 2188 5101 prte-

539 5092 772 5168 dicasse
803 5094 881 5149 ab
911 5096 1079 5168 initio
1119 5092 1433 5161 diceretur,
1468 5099 1527 5154 id
1567 5106 1676 5167 est,
1726 5100 1890 5161 olim.
1941 5092 2185 5168 jamdu-

539 5162 707 5238 dum.
736 5180 854 5238 non
889 5165 1076 5238 multo
1101 5172 1239 5238 post
1269 5171 1573 5237 synodum
1605 5162 1823 5238 ipsam.
1853 5177 1914 5224 ut
1941 5162 2010 5226 in
2051 5189 2183 5227 can.

546 5239 566 5287 l
608 5252 619 5288 :
674 5232 857 5318 Ἐᾃοξε
895 5243 1005 5296 τοῖς
1058 5232 1341 5318 έξλὰρζῆξ,
1388 5242 1571 5318 visum
1624 5232 1724 5318 est
1758 5244 2187 5318 antiguz’s.__Sed

542 5312 765 5373 cogunt
794 5322 888 5382 me
916 5308 1197 5382 assentiri
1226 5310 1479 5382 Baronio
1521 5328 1657 5382 quae
1688 5311 1762 5366 de
1793 5308 2004 5367 eodem
2052 5315 2188 5369 Her-

545 5391 799 5448 mogene
856 5376 1135 5450 leguntur
1184 5378 1246 5435 in
1295 5381 1467 5451 epist.
1523 5376 1611 5451 81,
1645 5385 1857 5455 p.174.
1902 5383 1985 5439 lbi
2025 5384 2184 5442 enim

2307 3137 2517 3191 ἑστάναι
2566 3140 2834 3213 ῥημάτων.
2883 3144 3061 3194 Ταῦτά
3117 3140 3256 3193 ἐστιν
3317 3141 3508 3207 ἀληθῆ,
3560 3142 3739 3212 μυρίων
3776 3132 3853 3184 ἐτί-

2304 3246 2406 3301 ρων
2464 3226 2954 3286 ἁποσιωπηθέντων.
3024 3227 3237 3287 Ἐπειδὴ
3306 3228 3368 3283 δί
3427 3235 3516 3282 καὶ
3573 3231 3689 3299 πρὸς
3746 3225 3853 3293 ὑμᾶς

2307 3313 2560 3374 διέϐησαν
2606 3324 2693 3369 νῦν
2725 3318 2824 3388 (4),
2870 3318 3109 3391 ἀξιοῦμεν
3140 3318 3465 3391 ἀντιγράψαι
3503 3315 3593 3371 διὰ
3618 3321 3701 3368 τοῦ
3726 3312 3851 3363 αὑτοῦ

2306 3401 2496 3476 ἀνδρὸς
2525 3405 2674 3477 (λέγω
2730 3403 2789 3459 δὲ
2827 3415 2919 3459 τοῦ
2962 3407 3428 3484 συμπρεσϐυτέρου
3485 3410 3625 3479 ἡμῶν
3666 3412 3851 3473 Στρατητ

2303 3495 2460 3565 γίου),
2508 3498 2605 3547 εἴτε
2653 3496 2678 3546 ὁ
2743 3495 2896 3556 αὐτὸς
2958 3494 3217 3568 διέμεινας
3246 3500 3380 3571 πρὸς
3440 3500 3597 3569 ἤμᾶς,
3642 3496 3729 3546 εἴτε
3781 3490 3849 3539 καὶ

2305 3584 2593 3646 momen;
2649 3583 2749 3637 ἀπὸ
2804 3593 2895 3645 τῆς
2957 3591 3269 3657 συντυχίας.
3332 3590 3465 3639 Οὔτε
3525 3588 3620 3659 ’γὰρ
3673 3582 3851 3635 ίκείνους

2305 3674 2437 3734 εἰκὸς
2488 3670 2548 3731 ἦν
2589 3684 2881 3743 σιωπῆσαι,
2904 3678 3021 3727 οὔτε
3062 3675 3216 3727 αύτόν
3264 3679 3347 3743 σὶ,
3377 3680 3467 3727 τὸν
3530 3677 3648 3744 ἡμῖν
3677 3674 3850 3722 τοιαῦτα

2302 3760 2597 3833 Ἱράψαντα,
2630 3766 2701 3833 μὴ
2752 3762 2880 3833 οὐχὶ
2937 3766 3026 3814 καὶ
3072 3765 3203 3837 πρὸς
3255 3761 3482 3825 έκείνους
3526 3770 3587 3834 τῇ
3626 3756 3851 3832 παρρησίᾳ

2303 3851 2641 3921 χρήσασθαι.
2696 3850 2755 3903 Εἰ
2808 3854 2899 3923 μὲν
2937 3847 3024 3902 οὖν
3062 3856 3233 3924 μένοις
3260 3852 3337 3922 (5)
3382 3851 3431 3904 ἐν
3473 3858 3534 3923 τῇ
3583 3852 3697 3921 πρὸς
3746 3846 3849 3913 ὑμᾶς

2302 3942 2561 4009 κοινωνίᾳ,
2614 3946 2767 3991 τοῦτο
2816 3941 3047 4007 ἄριστον,
3111 3946 3201 3992 καὶ
3265 3940 3436 4012 εὐχῆς
3506 3947 3595 3999 τῆς
3649 3934 3848 3988 ἀνωτάτω

2302 4027 2465 4090 ἄξιον·
2513 4028 2556 4080 εἰ
2615 4024 2673 4080 δέ
2723 4048 2779 4081 σε
2844 4033 2975 4101 πρὸς
3030 4029 3245 4090 ἑαυτούς
3297 4032 3606 4103 μετέθηκαν,
3661 4022 3847 4093 λυπηρὸν

2301 4120 2412 4188 μέν’
2467 4126 2575 4179 πῶς
2599 4119 2700 4190 γὰρ
2750 4116 2844 4169 ούκ
2892 4114 3116 4191 ἀδελφοῦ
3140 4122 3379 4172 τοιούτου
3408 4120 3703 4193 χωρισμός
3739 4109 3847 4166 Πλὴν

2302 4207 2345 4258 εί
2388 4210 2479 4257 καὶ
2534 4203 2699 4278 μηδὲν
2741 4207 2883 4270 ἄλλο,
2931 4212 2989 4259 τὸ
3027 4216 3152 4279 γοῦν
3194 4213 3361 4283 φέρειν
3406 4212 3498 4271 τὰς
3540 4208 3761 4263 τοιαύτας
3780 4204 3847 4262 ζη-

2222 4293 2267 4350 D
2301 4298 2427 4365 μίας
2446 4295 2568 4368 παρ’
2599 4295 2765 4347 αὐτῶν
2787 4294 2985 4348 ἐκείνων
3014 4298 3195 4357 ἱκανῶς
3223 4294 3639 4372 ἐγυμνάσθημεν.

2299 4469 2602 4541 conceptis
2628 4470 2825 4525 verbis
2854 4470 3071 4526 dicitur
3101 4488 3113 4526 :
3173 4471 3465 4540 Magnam
3496 4470 3653 4525 illam
3692 4465 3845 4541 et_in-

2297 4536 2893 4613 superabilem/idem
2917 4543 3219 4611 scripsisse
3247 4536 3309 4597 in
3338 4557 3562 4613 magna
3585 4536 3801 4609 synodo.

2369 4612 2611 4686 (iii/ide
2642 4611 2953 4686 Addenda.
3134 4682 3150 4686 _
3442 4611 3499 4686 λ
3571 4681 3593 4686 Α
3638 4681 3647 4686 _
3759 4676 3769 4686 .

2369 4683 2447 4749 (2)
2480 4683 2561 4733 Ἐν
2594 4683 2824 4752 Κυζίκῳ.
2856 4685 3017 4739 Unus
3040 4682 3229 4740 codex
3268 4699 3305 4739 a
3334 4681 3686 4740 Combeﬂsio
3728 4679 3842 4732 cita-

2300 4755 2395 4806 tus
2428 4752 2527 4804 ἀπὸ
2563 4754 2814 4813 Κυζίκου.

2366 4825 2438 4891 (3)
2462 4824 2813 4897 Ἐπιφέρουσι,
2864 4827 2948 4897 lta
2988 4823 3149 4880 Harl.
3210 4829 3266 4880 et
3296 4824 3470 4897 Cogis].
3504 4824 3733 4897 primus.
3766 4819 3841 4872 Le-

2298 4892 2455 4969 gitur
2484 4891 2819 4969 περὶφίέρουσι
2863 4896 2922 4949 in
2978 4898 3116 4965 Reg.
3160 4896 3428 4951 secundo
3477 4891 3531 4951 et
3582 4891 3737 4951 Coisl.
3778 4902 3843 4941 Se-

2298 4964 2518 5040 cundo.
2548 4964 2694 5040 Editi
2731 4964 3079 5040 ἐπιφέρουσινέ

2370 5038 2442 5103 (4)
2476 5036 2752 5097 Διέϐηςσαν
2782 5028 2888 5091 νύνί
2925 5038 3021 5092 Hic
3054 5037 3345 5107 virgulam
3387 5028 3841 5109 apposuirmlsgqt

2296 5105 2353 5159 in
2375 5096 2645 5176 quatuor
2672 5125 2816 5162 mss.
2850 5096 3213 5181 invenimus,
3249 5096 3666 5181 nemp'e'HarL
3697 5096 3838 5159 Coisl.

2296 5182 2552 5249 utroque
2575 5184 2631 5234 et
2665 5182 2842 5247 Hegio
2874 5180 3165 5243 secundo,

2370 5240 2698 5315 (ὅ)’Μένοις.
2746 5240 2928 5307 ’(ὶοὶεΙ.
2975 5240 3223 5324 uterque
3275 5256 3332 5310 et
3384 5254 3522 5322 Heg.
3582 5240 3840 5304 secundus

2296 5321 2480 5389 μένεις.
