4054 6228
263 329 367 385 925

788 455 1125 511 ΕΠΙΣΤΟΛΗ
1162 454 1325 511 ΣΜῘΞΪ.

1210 329 1702 387 EPISTOLARUH
1738 329 2024 397 CLASSIS
2061 331 2130 389 Il.
2168 332 2381 392 EPIST.
2413 336 2677 392 CCXLVI.

3512 340 3617 399 926

2467 459 2807 515 EPISTULA
2854 459 3111 517 CCXLV‘.

256 556 787 640 Per..S‘lrategiu_nz.
813 560 1126 639 respondet
1160 560 1486 640 Theophila
1508 559 1777 640 Basilius
1803 573 1876 615 ac
1905 559 2177 640 declarat
2201 577 2261 619 se
2282 562 2685 640 nunquamne
2706 578 2771 619 eo
2787 565 3046 620 amando
3069 566 3391 636 dicessisse,
3414 585 3623 640 quam-

332 630 420 685 vis
452 630 655 705 multa:
684 629 909 683 doloris
934 645 1132 687 causae
1157 631 1487 687 acciderint
1514 644 1536 702 ,'
1585 637 1865 688 calerum
1893 646 1955 688 se
1984 647 2118 689 cum
2151 629 2490 691 hominibus
2518 636 2696 704 ﬁdem
2737 640 2858 691 tam
2887 651 3039 705 saepe
3068 629 3441 697 mutantibus
3471 658 3619 698 com-

329 702 642 756 municare
663 716 780 755 non
804 715 991 768 posse.

773 807 1006 880 Θεοφίλῳ
1047 807 1334 881 ἐπισκὸπῳ.

328 896 501 951 Πάλαι
554 893 831 969 δεξάμενος
894 900 961 949 τὰ
1016 900 1161 970 παρὰ
1218 909 1310 963 τῆς
1362 907 1461 962 σῇς
1520 897 1724 970 ᾄγάπης
1779 899 1853 971 (6)

256 988 565 1059 γράμματα,
608 984 842 1057 ἀνέμενον
891 981 985 1037 διὰ
1032 992 1253 1057 γνησίου
1310 992 1593 1061 προσώπου
1653 987 1857 1040 ἀντεπι-

261 1074 481 1142 στεῖλαι,
516 1074 599 1123 ίνα
635 1077 725 1124 καὶ
765 1073 865 1123 ὅσα
898 1077 992 1130 τὴν
1022 1071 1299 1132 ἐπιστολὴν
1343 1069 1575 1146 διαφύγῃ
1619 1076 1644 1125 ὁ
1677 1072 1858 1127 διακο-

259 1180 339 1222 νος
378 1169 475 1213 τῶν
520 1150 840 1235 γραμμάτων
885 1159 1260 1236 ἀναπληρώσῃ.
1314 1163 1453 1216 Ἐπεὶ
1501 1160 1589 1215 οὖν
1642 1167 1856 1235 παρεγέ-

260 1269 372 1302 νετο
423 1251 548 1322 ἡμῖν
599 1251 624 1300 ὁ
667 1251 1029 1311 ποθεινότατος
1076 1256 1166 1303 καὶ
1217 1250 1590 1313 εὐλαϐέστατος
1636 1248 1855 1324 ἀδελφὸς

261 1340 412 1410 ἡμῶν
442 1342 780 1411 Στρατηγιος,
996 1337 1211 1410 ἐνόμίσα
1242 1336 1447 1391 δίκαιον
1492 1337 1619 1392 εἶναι
1644 1344 1857 1413 χρησα-

264 1428 394 1479 σθαι
422 1423 671 1497 διακόνῳ,
692 1433 765 1496 τῷ
792 1430 882 1479 καὶ
914 1423 1078 1480 εἰδότι
1105 1432 1200 1485 τὴν
1225 1429 1476 1500 ἡμετέραν
1513 1434 1743 1501 γνώμην,
1767 1431 1856 1480 καὶ

263 1511 534 1587 δυναμένῳ
562 1520 788 1585 γνησίως
826 1535 879 1567 τε
918 1516 1029 1588 ἅμα
1066 1521 1155 1570 καὶ
1186 1516 1409 1581 εὐλαϐῶς
1442 1514 1759 1577 διακονῆσαι
1786 1518 1855 1586 (7)

258 1604 329 1656 τὰ
358 1604 483 1676 παρ’
522 1605 685 1676 ἡμῶν,
730 1608 957 1657 Γίνωσκε
1002 1609 1196 1667 τοίνυν,
1237 1607 1561 1658 ποθεινότατε
1603 1608 1727 1677 ἡμῖν
1765 1610 1855 1671 καὶ

256 1698 547 1763 τιμιώτατε
576 1694 675 1763 (8),
707 1692 895 1755 πολλοῦ
929 1690 1075 1756 ἀξίαν
1118 1696 1360 1746 τίθεσθαι
1403 1697 1542 1766 ἡμᾶς
1584 1699 1678 1757 τὴν
1730 1698 1855 1768 πρὸς

261 1784 321 1834 σὶ
352 1779 585 1851 ἀγάπην,
612 1783 693 1849 ης,
733 1782 879 1834 ἕνεκα
906 1786 996 1854 μὲν
1039 1790 1131 1845 τῆς
1171 1785 1306 1834 κατά
1335 1782 1521 1854 ψυχὴν
1550 1779 1853 1851 διαθέσεως,

255 1866 511 1943 οὐδεμίαν
534 1871 667 1942 ὤραν
697 1870 773 1939 (9)
801 1868 1184 1942 ἀπολειφθεῖσιν
1217 1870 1419 1932 ἑαυτοῖς
1446 1877 1852 1942 συνεγνώκαμεν,

256 1958 302 2010 εἰ
334 1963 425 2011 καὶ
464 1958 545 2009 ὅτι
586 1957 766 2010 πολλαὶ
808 1963 898 2010 καί
938 1958 1161 2032 μεγάλαι
1189 1959 1358 2020 λυπης
1387 1958 1600 2030 εὐλόγου
1634 1961 1741 2030 (10)
1771 1980 1855 2031 γε·-

254 2051 475 2117 γόνασιν
508 2044 764 2119 ἀφορμαί,
805 2046 942 2099 Ἀλλ’
974 2044 1061 2109 οὖν
1092 2047 1359 2123 ἐκρίναμεν
1388 2056 1558 2115 τοῦτο,
1601 2051 1774 2123 ὥσπερ
1806 2049 1855 2101 ἐν
1888 2055 1927 2107 Β

250 2138 510 2209 τρυτάνῇ,
557 2138 623 2187 τὰ
671 2142 1010 2211 χρηστότερα
1049 2145 1158 2201 τοῖς
1201 2134 1539 2211 ἀηδεστέροις
1577 2137 1854 2205 ἀντιτιθέν-

251 2244 344 2289 τες
383 2227 519 2301 (11),
578 2232 640 2296 τῇ
696 2232 798 2275 τῶν
862 2216 1136 2297 ἀμεινόνων
1191 2227 1323 2301 ῥοπῇ
1383 2228 1708 2298 προσθέσθαι
1762 2230 1857 2284 τὴν

253 2319 475 2389 γνώμην
507 2314 643 2387 (12).
681 2309 892 2373 Ἐπειδὴ
932 2311 991 2367 δὲ
1030 2317 1095 2367 τὰ
1130 2308 1418 2390 πράγματα
1448 2316 1702 2373 ἠλλοιώθη
1734 2313 1857 2390 παρ’

256 2402 331 2452 ὧν
354 2402 553 2465 ἢχίστα
580 2399 745 2475 ἐχρῆν
778 2409 931 2465 τοῦτο
956 2406 1218 2475 γενέσθαι,
1250 2408 1576 2475 συγγίνωσκε
1612 2409 1702 2455 καὶ
1732 2405 1856 2475 ἡμῖν

258 2489 395 2561 οὐχὶ
441 2494 537 2565 τὴν
575 2495 786 2563 γνώμην
827 2489 1204 2555 ἁλλοιωθείσιν,
1252 2491 1381 2553 ἀλλὰ
1422 2497 1515 2561 τὴν
1554 2492 1700 2557 τάξιν
1744 2494 1857 2561 (t3)

257 2580 642 2655 μεταθεμένοις.
686 2579 890 2645 Μᾶλλον
957 2577 1016 2633 δὲ
1070 2583 1222 2653 ἡμεῖς
1276 2584 1365 2653 μὲν
1414 2579 1496 2633 ἐπὶ
1552 2589 1646 2643 τῆς
1700 2580 1859 2643 αὐτῆς

255 2676 511 2740 μενοῦμεν
543 2667 749 2735 τάξεως,
794 2670 956 2745 ξτεροι
990 2666 1047 2722 δὲ
1090 2669 1221 2722 εἰσιν
1253 2670 1301 2721 οἰ
1333 2678 1564 2741 συνεχῶς
1593 2671 1858 2742 μετατιθέ-

254 2775 424 2828 μενοι,
456 2764 544 2807 νῦν
577 2753 636 2808 δὲ
671 2760 759 2808 καὶ
790 2766 1015 2830 φανερῶς
1044 2761 1169 2829 πρὸς
1197 2762 1319 2821 τοὺς
1349 2756 1609 2823 ἐναντίους
1638 2758 1859 2829 αὖτομοτ

252 2845 481 2906 λοῦντες·
516 2846 583 2896 ὧν
627 2847 752 2909 ὅσου
794 2845 941 2909 ἀξίαν
986 2846 1254 2919 ἐτιθέμεθα
1301 2853 1394 2911 τὴν
1444 2852 1731 2913 κοινωνίαν,
1766 2848 1858 2908 ἔως

254 2931 397 2993 ἦσαν
430 2935 540 3002 (14)
600 2932 682 2986 ἐπὶ
724 2942 818 3002 τῆς
865 2936 1206 3006 ὑγιαινούσης
1243 2933 1472 3008 μερίδος,
1528 2932 1649 2988 οὐδὲ
1702 2936 1858 2998 αὐτὸς

253 3023 494 3094 ἀγνοεῖς.
552 3029 660 3076 Νῦν
717 3020 795 3089 δὲ,
858 3024 1062 3100 εἱμὴτε
1112 3023 1321 3087 ἐκείνοις
1375 3026 1715 3096 συνεπόμεθα,
1768 3026 1857 3093 καὶ

249 3116 375 3173 τοὺς
419 3114 485 3175 τὰ
524 3111 658 3162 αὐτά
695 3120 1001 3187 φρονοῦντας
1047 3114 1226 3176 αὐτοῖς
1269 3113 1584 3186 ἑκκλίνομεν,
1627 3118 1858 3183 aur/va}.

252 3221 361 3272 μης
413 3198 474 3250 ἂν
527 3196 743 3260 δικαίως
774 3200 890 3270 (15)
939 3203 1212 3274 τύχοιμεν,
1268 3198 1433 3274 μηδὲν
1486 3206 1856 3273 προτιμότερον

1885 815 1932 866 Α

2482 812 2805 882 Theophila
2835 815 3107 883 episcopo

2034 899 2180 954 Cum
2204 900 2571 973 jampridem
2594 902 2965 973 accepissem
2997 918 3033 957 a
3062 908 3163 959 tua
3188 904 3505 963 dilectione
3521 907 3617 963 lit-

1962 989 2139 1053 teras,
2172 989 2512 1061 exspectavi
2542 989 2688 1045 dum
2729 1004 2837 1061 per
2865 989 3144 1046 idoneam
3179 1007 3501 1062 personam
3531 1011 3620 1050 re-

1963 1075 2306 1139 scriberem,
2342 1083 2405 1133 ut
2425 1083 2481 1133 et
2501 1076 2795 1149 quidquid
2818 1077 3039 1133 litteras
3062 1078 3391 1150 effugisset,
3422 1082 3481 1135 id
3504 1082 3618 1137 mi-

1962 1164 2146 1220 nister
2164 1164 2492 1222 litterarum
2529 1167 2854 1239 suppleret.
2892 1169 3041 1223 Cum
3083 1168 3262 1237 igitur
3300 1171 3621 1226 accesserit

1963 1251 2041 1307 ad
2080 1268 2191 1307 nos
2232 1253 2785 1310 desideratissimus
2824 1270 2896 1309 ac
2924 1252 3410 1325 religiosissimus
3440 1257 3621 1313 frater

1962 1345 2168 1395 noster
2220 1342 2569 1412 Strategius.
2616 1358 2862 1414 asquum
2910 1342 3058 1397 mihi
3103 1343 3293 1398 visum
3334 1348 3423 1400 est
3452 1348 3517 1401 ut
3547 1360 3619 1401 eo

1964 1432 2159 1485 uterer
2183 1430 2475 1502 ministro,
2500 1432 2725 1504 quippe
2755 1430 2859 1503 qui
2891 1436 2947 1487 et
2975 1446 3181 1487 meum
3215 1432 3487 1489 animum
3518 1449 3618 1490 co-

1963 1519 2195 1586 gnitum
2226 1518 2466 1589 habeat,
2503 1535 2575 1576 ac
2618 1521 2805 1591 possit
2850 1524 2988 1591 apte
3021 1519 3199 1575 simul
3229 1526 3284 1576 et
3342 1521 3619 1590 religiose

1962 1619 2060 1661 res
2096 1609 2333 1665 nostras
2379 1607 2742 1665 ministrare.
2785 1608 2949 1664 Scias
2986 1610 3186 1678 igitur,
3235 1608 3619 1666 desideratis-

1962 1692 2111 1749 sime
2140 1708 2210 1750 ac
2240 1693 2727 1764 honoratissime,
2755 1695 2999 1768 plurimi
3020 1712 3056 1752 a
3085 1712 3183 1756 me
3212 1696 3339 1753 ﬁeri
3365 1698 3619 1754 charita-

1962 1785 2084 1836 tem
2128 1782 2274 1837 mihi
2327 1789 2520 1840 tecum
2569 1783 3059 1853 intercedentem,
3105 1800 3142 1840 a
3195 1800 3320 1857 qua
3365 1786 3615 1857 quidem

1962 1876 2258 1942 quantum
2298 1871 2377 1927 ad
2415 1872 2600 1928 animi
2648 1873 3027 1931 affectionem
3058 1874 3285 1943 attinet,
3328 1890 3401 1929 ne
3427 1889 3616 1930 unam

1962 1958 2211 2032 quidem
2240 1959 2455 2017 horam
2482 1960 2628 2016 mihi
2658 1962 2934 2017 conscius
2960 1978 3094 2017 sum
3116 1977 3213 2018 me
3243 1962 3614 2028 discessisse;

1964 2049 2240 2119 quamvis
2267 2048 2470 2105 multae
2501 2065 2570 2104 ac
2603 2065 2839 2120 magna:
2864 2050 3009 2121 justi
3038 2050 3263 2107 doloris
3296 2066 3496 2107 causes
3522 2066 3618 2107 ac-

1966 2136 2236 2195 ciderint.
2271 2137 2384 2193 Sed
2406 2136 2553 2194 illud
2577 2139 2915 2210 statuimus,
2940 2138 3099 2197 velut
3124 2140 3187 2196 in
3217 2141 3459 2207 trutina,
3493 2154 3619 2196 mo-

1964 2224 2130 2303 lestis
2141 2226 2415 2295 jucunda
2434 2227 3155 2299 opponentes,meliorum
3170 2234 3477 2287 momento
3495 2228 3620 2284 ani-

1966 2330 2135 2369 mum
2157 2313 2437 2385 adjicere.
2474 2315 2587 2371 Sed
2619 2316 2762 2388 quia
2786 2332 2881 2383 res
2905 2320 3150 2373 mutatae
3177 2320 3316 2379 sunt
3336 2332 3371 2371 a
3396 2315 3620 2390 quibus

1966 2402 2213 2461 minime
2259 2394 2574 2479 oportebat
2617 2403 2678 2460 id
2724 2403 2872 2469 ﬁeri,
2904 2404 3147 2473 ignosce
3185 2410 3243 2461 et
3272 2405 3469 2473 nobis,
3513 2403 3621 2476 qui

1965 2506 2088 2547 non
2116 2492 2320 2565 animo
2348 2498 2403 2565 et
2424 2494 2717 2553 sententia
2735 2494 2970 2555 mutati,
2994 2493 3101 2551 sed
3127 2494 3401 2565 partibus
3431 2498 3619 2551 trans-

1965 2579 2144 2651 positi
2166 2596 2399 2635 sumus.
2426 2584 2548 2636 lmo
2572 2597 2713 2635 vero
2744 2596 2858 2636 nos
2884 2581 3129 2654 quidem
3155 2582 3215 2638 in
3240 2581 3454 2638 iisdem
3487 2597 3616 2638 ma.-

1966 2666 2245 2723 nebimus
2268 2668 2757 2741 partibus,383
2786 2669 2891 2739 sed
2919 2669 3016 2724 alii
3039 2671 3295 2742 suntqui
3325 2677 3616 2741 perpetuo

1966 2760 2465 2831 transmutantur,
2500 2762 2556 2813 et
2586 2774 2747 2813 nunc
2776 2762 2977 2829 aperte
3018 2757 3197 2813 etiam
3229 2758 3307 2815 ad
3340 2758 3617 2819 adversa-

1965 2844 2087 2901 rios
2115 2844 2537 2914 transfugiunt.
2573 2846 2842 2910 Quorum
2872 2846 3079 2917 quanti
3110 2844 3419 2901 fecerimus
3449 2860 3616 2905 com-

1968 2934 2344 2999 munionem,
2377 2934 2651 3005 quandiu
2695 2950 2731 2991 a
2756 2934 2918 2993 sanis
2947 2933 3220 3005 partibus
3248 2932 3510 3003 stabant,
3540 2949 3617 2989 ne

1966 3023 2095 3098 ipse
2130 3023 2378 3096 quidem
2417 3025 2683 3094 ignoras.
2721 3027 2886 3091 Nunc
2921 3030 3121 3081 autem
3158 3023 3205 3078 si
3245 3037 3440 3095 neque
3482 3022 3615 3078 illos

1967 3111 2297 3185 sequimur,
2327 3115 2384 3166 et
2412 3128 2516 3179 eos
2545 3113 2650 3185 qui
2674 3112 2834 3168 idem
2856 3128 2925 3167 ac
2947 3111 3027 3177 illi
3049 3112 3308 3175 sentiunt
3330 3111 3613 3182 fugimus,

1969 3200 2142 3255 venia
2182 3216 2326 3255 sane
2357 3201 2653 3255 immerito
2691 3200 2867 3256 nobis
2904 3201 3253 3270 denegetur,
3293 3198 3439 3257 nihil
3471 3199 3618 3255 anti-

253 3299 351 3348 τῆς
396 3286 637 3349 ἀληθείας
683 3293 898 3351 καὶτῆς
940 3289 1129 3351 οἰκείας
1169 3290 1361 3343 ἑαυτῶν
1407 3289 1693 3361 ἀσφαλείας
1721 3290 1854 3341 τιθέ-

1972 3286 2144 3359 quius
2164 3287 2405 3343 veritate
2428 3302 2497 3343 ac
2520 3288 2764 3360 propria
2790 3288 3103 3343 securitate
3132 3286 3515 3343 habentibus.

257 3395 427 3449 μενοι.

798 3471 1135 3521 ΕΠΙΣΤΟΛΗ
1173 3467 1333 3552 ΕΜς.

2442 3464 2779 3522 EPISTOLA
2818 3465 3138 3527 CCXLVI".

264 3555 534 3615 Basilius
565 3557 1002 3626 Nicopolz'tanis
1024 3558 1175 3615 cieri
1201 3560 1433 3614 animos
1462 3558 1683 3683 aggere
1713 3561 1967 3611 conatur
1992 3568 2095 3622 spe
2122 3554 2595 3693 ιὲυξηίίααπὶιιί,
2628 3554 3025 3640 hortaturque
3048 3562 3115 3611 ut
3144 3553 3304 3626 quod
3332 3554 3617 3609 hactenus

1552 3642 1781 3693 acuere,
1821 3640 1997 3693 opere
2032 3639 2140 3693 per
2188 3640 2321 3681 czan
2357 3666 2372 3681 .

1552 3642 1781 3696 οειιθνθ,
1821 3640 1997 3697 opere
2032 3639 2372 3694 pernetam.

872 3716 1261 3783 Νικοπολίταις.

338 3802 501 3855 Ὀταν
538 3800 639 3856 ἴδω
686 3807 776 3856 καὶ
825 3807 881 3855 τὸ
924 3807 1081 3855 κακὸν
1108 3807 1219 3873 (16)
1261 3802 1615 3877 εὖοὸούμενον,
1646 3808 1736 3855 καὶ
1767 3807 1860 3869 τὴν

252 3893 516 3963 ὑμετέραν
579 3891 842 3944 εὐλάϐειαν
943 3899 1265 3966 κεκμηκυῖαν
1350 3898 1438 3945 καὶ
1501 3890 1859 3965 ἀπαγορεύου-

253 4000 362 4033 σαν
418 3982 528 4049 (17)
586 3983 715 4054 πρὸς
770 3985 827 4033 τὸ
880 3984 1100 4053 συνεχὲς
1156 3990 1254 4033 τῶν
1304 3976 1571 4057 ἕπηρειῶν,
1634 3979 1861 4052 ἀθυμίας

246 4069 587 4142 πληροῦμαι.
629 4067 789 4121 Ὀταν
849 4065 907 4121 δὲ
952 4069 1105 4121 πάλιν
1148 4073 1240 4127 τὴν
1294 4069 1519 4142 μεγάλην
1562 4076 1720 4145 χεῖρα
1770 4075 1859 4120 τοῦ

247 4164 401 4211 Θεοῦ
445 4150 690 4227 ἐννοήσω,
745 4162 831 4209 καὶ
884 4162 963 4210 ὄτι
1020 4153 1161 4210 οἶδεν
1210 4156 1455 4234 ἀνορθοῦν
1503 4160 1619 4219 τοὺς
1683 4156 1860 4231 κατερ-

240 4250 605 4323 ῥαγμένους,
662 4251 751 4299 καὶ
812 4245 1016 4319 ἀγαπᾷν
1084 4244 1366 4313 δικαίους,
1448 4246 1736 4323 συντρίϐειν
1804 4241 1863 4298 δὲ

244 4328 653 4407 ὑπερηφάνους,
711 4339 800 4388 καὶ
855 4338 1119 4410 καθαιρεῖν
1155 4334 1286 4400 ⁵ὄιτινό
1336 4338 1524 4411 θρόνων
1574 4332 1859 4407 δυνάστάςσ

342 4494 421 4563 (6)
462 4499 568 4556 Τῆς
611 4503 704 4554 σῆς
742 4493 966 4565 ἀγάπης.
992 4493 1269 4551 Nonnulli
1311 4510 1455 4549 mss.
1496 4493 1705 4565 ἀγάπης
1744 4514 1864 4550 σου.

2554 3713 3020 3781 Nicopolitanis.

2039 3799 2187 3877 Cum
2218 3800 2394 3857 video
2421 3805 2475 3857 et
2509 3801 2733 3857 malum
2770 3801 2847 3857 ad
2866 3805 3100 3874 optatos
3131 3800 3323 3857 exitus
3346 3798 3614 3872 perduci,

1967 3882 2318 3959 et'vestram
2370 3891 2653 3962 pietatem
2701 3889 3033 3959 defatigari,
3080 3889 3473 3960 animumque
3517 3886 3617 3943 de-

1967 3976 2263 4057 spondere
2289 3978 2367 4036 ob
2398 3979 2714 4035 continuas
2758 3978 3174 4045 calamitates;
3212 3977 3498 4034 maestitia
3534 3991 3617 4033 re-

1968 4066 2155 4140 pleor.
2198 4067 2308 4123 Sed
2341 4084 2549 4123 rursus
2580 4084 2717 4124 cum
2750 4084 3039 4139 magnam
3065 4067 3164 4123 Dei
3198 4082 3444 4122 manum
3478 4080 3616 4122 con-

1968 4154 2185 4221 sidero,
2236 4171 2496 4228 eumque
2542 4172 2719 4212 nosse
2758 4161 2816 4212 et
2866 4156 3204 4212 confractos
3266 4157 3511 4225 erigere,
3562 4157 3618 4213 et

1963 4232 2160 4316 justos
2199 4243 2463 4317 diligere,
2514 4245 2806 4317 superbos
2856 4262 3000 4302 vero
3044 4250 3372 4314 conterere,
3420 4249 3477 4302 et
3512 4260 3615 4317 po-

1969 4338 2158 4391 tentes
2207 4334 2281 4419 de
2331 4334 2454 4389 suis
2501 4332 2749 4417 sedibus
2798 4333 3091 4405 dejicere;
3151 4349 3356 4393 rursus
3402 4333 3618 4389 immu-

1968 4493 2087 4549 lctii
2117 4497 2366 4549 vocatur
2411 4494 2657 4557 σύνταξις
2698 4493 2760 4549 in
2813 4494 2985 4565 epist.
3010 4494 3151 4565 214.
3194 4491 3510 4565 Gregorius
3540 4491 3615 4548 de

239 4566 386 4623 Sed
406 4566 581 4621 Coisl.
605 4563 838 4637 primus
878 4571 933 4620 et
966 4565 1117 4621 Med.
1161 4563 1546 4637 consentiunt
1568 4582 1706 4621 cum
1744 4566 1865 4621 edi-
1895 4571 1937 4625 Ι)
1972 4566 2408 4637 monachorum
2441 4570 2618 4632 coetu,
2652 4566 2752 4637 qui
2784 4563 2865 4619 ab
2908 4564 3095 4636 ipsius
3125 4563 3309 4636 patris
3342 4578 3613 4637 commu-

243 4640 363 4702 tis,
391 4642 644 4707 excepto
669 4636 832 4707 quod
856 4637 990 4691 editi
1019 4637 1313 4707 haberent
1337 4636 1540 4707 ἀγάπης
1572 4646 1683 4696 σῆς.

334 4714 422 4772 (7)
465 4705 804 4765 Διάκονῆσαι.
838 4708 929 4765 Sic
965 4707 1109 4764 Med.
1134 4712 1189 4762 οἱ
1222 4705 1392 4779 COiSL
1429 4708 1679 4779 primu?
1718 4705 1865 4779 Ediﬁ

238 4779 616 4858 decipulo—ai.
641 4780 767 4833 Non
796 4783 985 4858 exstat
1008 4776 1509 4858 btecepistplain
1546 4776 1681 4858 cod.
1708 4777 1861 4858 Harl:

333 4845 748 4921 (8)'7Ttp.td»7ars
801 4849 1042 4904 Addunt
1076 4845 1217 4905 editi
1258 4845 1444 4920 ἀδελφὶ
1485 4847 1715 4919 Θεόφιλε.
1750 4847 1865 4903 Sed

231 4918 401 4978 hac
422 4918 643 4975 desunt
661 4918 721 4973 in
746 4925 970 4989 septem
993 4937 1135 4974 mss.

321 4994 415 5061 (9)
436 4990 637 5065 inp-ap.
658 4990 749 5047 Sic
774 4990 923 5065 Med.
949 4996 1005 5046 et
1026 4990 1196 5046 Coisl.
1216 4989 1625 5065 primttsﬁditi
1648 4990 1862 5062 ἡμέραν.

327 5064 453 5134 (10)
498 5062 747 5131 Εὐλόγου.
806 5064 969 5117 Hanc
1016 5078 1225 5117 vocem
1274 5062 1621 5117 addidimus
1661 5076 1731 5116 ex
1778 5077 1865 5115 se-

223 5143 603 5210 ptenrmss.

321 5206 451 5265 (11)
490 5204 869 5276 Ἀντιτιθέντες·
898 5206 982 5260 lta
1011 5202 1184 5259 Coisl.
1204 5204 1436 5276 primus
1465 5219 1601 5261 cum
1625 5201 1863 5258 duobus

223 5277 421 5335 aliis.
452 5275 598 5329 Editi
634 5274 938 5335 ἀντιθέντες.

321 5350 456 5413 (12)
516 5350 621 5417 Τὴν
671 5352 901 5417 γώνμην.
956 5343 1153 5400 Codex
1194 5345 1509 5401 Medicaeus
1562 5352 1623 5415 τῇ
1657 5349 1860 5416 γνώμη.

222 5419 435 5477 Idem
469 5416 652 5487 paulo
673 5416 811 5481 post
831 5417 1015 5471 habet
1032 5423 1183 5468 τοῦτο
1211 5418 1470 5487 γίνεσθαι.

320 5486 597 5569 (13mm
623 5488 789 5551 τάξιν.
820 5487 905 5567 .Id
937 5490 1047 5569 est,
1081 5502 1203 5569 non
1224 5488 1361 5569 jam
1392 5501 1607 5567 sumus
1634 5486 1707 5569 in
1730 5500 1865 5569 par-

221 5562 432 5622 tibus
452 5562 510 5619 et
525 5558 953 5621 communione
975 5557 1282 5619 Eustathii.
1296 5557 1650 5617 Communia
1676 5557 1731 5612 S.
1754 5558 1863 5614 Me-

1970 4636 2149 4690 nione
2177 4637 2553 4703 discesserat,
2581 4636 2685 4694 ait.
2705 4637 3120 4708 peOappdCerct
3146 4639 3235 4708 ml
3284 4636 3617 4708 μετατάσσε-

1969 4725 2078 4783 ται,
2105 4712 2256 4761 orat.
2287 4710 2338 4771 3,
2368 4722 2426 4777 p.
2458 4708 2544 4783 5_l.
2571 4706 2818 4783 Basilius
2851 4706 3017 4783 hom.
3045 4707 3062 4760 l
3092 4707 3179 4761 De
3192 4706 3428 4783 jejunio
3465 4706 3615 4783 pe,

1970 4776 2183 4850 eadem
2231 4775 2384 4850 voce
2424 4777 2626 4850 utitur,
2671 4778 2751 4850 Ade
2801 4794 2872 4833 eo
2918 4777 3195 4850 loquens.
3245 4777 3350 4846 qui
3400 4775 3619 4830 relictis

1971 4846 2462 4951 carnisrpartibus
2486 4847 2564 4903 ad
2590 4848 2864 4919 spiritum
2888 4846 3117 4918 transit,
3135 4849 3159 4899 6
3180 4851 3311 4921 πρὸς
3335 4850 3394 4899 τὸ
3416 4853 3617 4917 πνεῦμα

2013 4936 2395 4979 εταταςαμενος.

1969 4938 2395 4989 μεταταξάμενος.

2039 4990 2151 5055 (14)
2188 4987 2315 5048 Ἐως
2340 4986 2494 5045 ἦσαν.
2526 4986 2696 5043 Coisl.
2730 4988 2960 5055 primus
2989 4990 3078 5050 ἕως
3108 4988 3167 5041 ἂν
3194 4988 3349 5047 ἦσαν.

2042 5064 2155 5127 (15)
2191 5063 2432 5118 Δικαίως.
2464 5058 2610 5112 Med.
2637 5064 2693 5113 et
2713 5056 2885 5131 Cnisl.
2915 5059 3145 5131 primus
3177 5056 3410 5120 δικαίας.

2040 5134 2152 5198 (16)
2199 5135 2297 5182 Καὶ
2318 5134 2374 5181 τὸ
2407 5128 2958 5199 κακόν.(ἓοῐι]ιιηοιὶὸ
2978 5131 3182 5185 addita
3213 5146 3284 5184 ex
3316 5128 3615 5199 Medicaao.

1972 5200 2452 5275 Coislsrutroque
2484 5206 2537 5254 et
2568 5198 2745 5269 Regio
2770 5202 2986 5275 primo.
3027 5205 3194 5257 Deest
3215 5202 3342 5256 haec
3364 5198 3620 5271 epistola

1969 5272 2029 5326 in
2052 5271 2256 5326 codice
2291 5271 2619 5325 Harlteano.

2041 5347 2147 5407 (17)
2187 5342 2661 5414 Ἀπαγορεῦουσαν.
2709 5345 2794 5396 tta
2842 5342 3015 5398 COiSI.
3077 5346 3324 5413 uterque
3371 5344 3429 5395 et
3476 5340 3615 5408 Reg.

2041 5366 2085 5407 (ι
2109 5366 2147 5406 Ι]
2203 5366 2661 5414 Απατηορευουσαν.
2714 5366 2794 5396 ιιδ,
2842 5366 2913 5397 μυ

1970 5418 2239 5486 uterque.
2269 5366 2414 5468 Etfiti
2457 5412 2913 5486 ὰπαγορεύσασαν.

2041 5485 2060 5504 ⁶
2098 5483 2258 5555 Alias
2291 5486 2509 5541 CCCIX.
2543 5483 2770 5555 Scripta
2794 5498 2955 5539 anno
2975 5486 3100 5538 376.

2035 5556 2073 5575 "
2109 5553 2271 5612 Alias
2301 5556 2474 5612 LXVI.
2509 5553 2740 5627 Scripta
2768 5569 2930 5612 anno
2960 5556 3081 5609 376.
