4054 6228
510 329 613 384 92⁸1

1879 327 1935 382 S.
1978 321 2229 379 BASILII
2267 319 2491 376 MAGNI
3708 318 3798 372 928

513 457 670 512 tatus
718 469 822 527 spe
869 456 1159 527 concepta
1205 453 1474 511 allevor:
1536 468 1604 509 ac
1655 449 1893 506 conﬁdo
1944 445 2155 503 vestris

2276 444 2420 496 πάλιν
2459 441 2758 516 μεταϐαλών
2789 445 3100 514 κουφότερος
3146 443 3351 512 γίνομαι
3388 447 3490 501 ταῖς
3534 441 3686 495 ἐλπίσι
3724 451 3798 497 καὶ

511 544 792 616 precibus
822 543 1112 612 futurum,
1144 549 1209 599 ut
1245 543 1497 599 celerem
1527 541 1704 597 nobis
1744 538 2033 594 Dominus
2061 551 2160 608 pa-

513 648 643 688 cem
674 633 972 688 ostendat.
1000 636 1256 688 Tantum
1286 647 1361 687 ne
1390 629 1797 699 defatigemini
1817 625 2119 700 precando
2145 639 2158 678 :

513 720 618 775 sed
648 736 784 793 quae
833 722 1031 776 verbis
1064 721 1309 783 docetis,
1343 736 1553 776 eorum
1583 735 1745 774 nunc
1786 731 1965 790 opere
1999 714 2162 770 clara

511 808 794 866 omnibus
827 809 1058 867 studete
1083 808 1360 882 exempla
1389 821 1750 882 proponere.

975 1026 1310 1084 EPISTULA
1349 1023 1666 1082 CCXLVII'.

2268 531 2411 600 οἶδα,
2462 536 2538 585 ὅτι
2588 529 2682 584 διὰ
2733 542 2831 583 τῶν
2875 538 3184 604 προσευχῶν
3234 531 3371 600 ὑμῶν
3419 539 3619 601 ταχεῖαν
3670 531 3801 595 δείξει

2266 627 2391 696 ἡμῖν
2431 622 2547 693 (18)
2580 625 2606 673 ό
2643 624 2828 696 Κύριος
2859 626 2951 678 τὴν
2977 620 3222 690 γαλήνην.
3259 625 3417 671 Μόνον
3445 626 3511 690 μη
3544 620 3800 692 ἀποκαμητε

2266 717 2376 783 (19)
2413 714 2862 784 ’προσευχόμενον
2911 709 3016 760 ἀλλ’
3050 706 3117 758 ὧν
3149 707 3320 778 λόγοις
3358 707 3466 760 ἐστὲ
3509 705 3800 778 διδάσκαλοι,

2264 801 2458 853 τούτων
2503 798 2585 850 ἐπὶ
2624 806 2716 850 τοῦ
2754 801 3008 870 παρόντος
3055 802 3241 869 καιροῦ
3288 797 3412 868 ἔργῳ
3449 801 3600 846 πᾶσιν
3652 795 3800 870 ἐναργῆ

2267 884 2610 940 σπουδάσατε
2640 889 2906 959 προθεῖναι
2937 889 3049 946 (20)
3090 887 3157 935 τὰ
3187 880 3564 956 ὑποδείγματα.

2768 1015 3054 1065 ΕΠΙΣΤΟΛ
3064 1015 3106 1062 ΙΙ
3147 1006 3308 1065 ΣΜΖ’.

513 1145 965 1216 Nicopolitanos
990 1149 1148 1204 inter
1176 1161 1479 1204 (erumnas
1509 1161 1612 1214 spe
1639 1143 1834 1218 divini
1856 1141 2082 1199 auxilii
2111 1138 2684 1218 consolatu_rj,_seque
2712 1137 2795 1218 ait
2827 1136 2900 1192 de
2928 1135 3176 1191 illorum
3205 1133 3382 1191 rebus
3411 1147 3539 1189 cum
3567 1135 3813 1202 potentio-

669 1211 679 1243 ⁵
1495 1211 1660 1272 ribus
1689 1216 1833 1272 viris
1871 1220 1924 1270 et
1956 1227 2157 1268 coram
2188 1216 2242 1267 et
2266 1225 2377 1280 per
2406 1211 2642 1265 litteras
2685 1211 2878 1278 egisse.

1110 1323 1569 1392 Nicopolitanis.

588 1429 733 1484 Cum
779 1429 1106 1484 sanctitatis
1155 1435 1365 1484 vestrae
1417 1429 1642 1485 litteras
1686 1426 1820 1498 legi,
1867 1429 2162 1498 quantum

2793 1310 3165 1373 Νικοπολίταις
3204 1313 3257 1382 (2
3269 1315 3284 1365 I

2341 1417 2465 1472 Ὀτε
2495 1418 2736 1490 ἐνέτυχον
2773 1425 2881 1481 τοῖς
2931 1420 3210 1492 γράμμασι
3258 1425 3351 1476 τῆς
3398 1417 3655 1478 ὁσιότητος
3682 1416 3818 1487 ὑμῶν,

513 1515 781 1584 ingemui
803 1521 858 1572 et
886 1517 1250 1573 lamentatus
1284 1535 1439 1585 sum,
1472 1516 1638 1589 quod
1660 1516 1808 1570 meis
1841 1516 2031 1587 ipsius
2061 1530 2162 1569 au-

2276 1509 2394 1561 ὄσον
2425 1508 2672 1570 ἔστέναξα
2701 1512 2790 1559 καὶ
2821 1504 3130 1579 ὡὸυραμην,
3170 1507 3249 1558 ὅτι
3297 1510 3388 1557 καὶ
3426 1512 3586 1556 ταῦτα
3627 1507 3685 1556 τὰ
3710 1507 3819 1555 κακὰ

513 1601 682 1658 ribus
713 1603 841 1657 hmo
860 1604 1038 1659 etiam
1070 1605 1228 1660 mala
1261 1605 1650 1676 accepissem.
1678 1602 1928 1657 verbera
1950 1603 2005 1656 ct
2032 1614 2166 1654 con-

515 1691 792 1746 tumelias
825 1690 884 1746 in
912 1708 1016 1747 vos
1044 1694 1230 1765 ipsos,
1252 1693 1780 1765 depOpulationem
1810 1691 2052 1756 aedium,
2081 1687 2166 1742 ci-

513 1780 714 1835 vitatis
737 1782 1097 1852 vastitatem,
1121 1783 1327 1855 patriae
1351 1783 1528 1838 totius
1559 1783 1952 1844 eversionem,
1984 1794 2163 1835 vexa-

516 1869 740 1925 tionem
793 1871 1086 1942 Ecclesiae,
1140 1872 1523 1928 sacerdotum
1580 1871 2020 1942 expulsionem,
2079 1871 2164 1923 in-

519 1957 857 2013 cursionem
890 1958 1193 2031 luporum,
1238 1966 1294 2016 et
1323 1961 1517 2031 gregis
1547 1959 2006 2030 dispersionem.
2051 1956 2164 2012 Sed

516 2050 845 2117 postquam
879 2049 1106 2103 cessavi
1136 2049 1439 2118 ingemere
1469 2065 1539 2104 ac
1567 2047 1913 2118 lacrymari,
1948 2046 2024 2101 ad
2058 2049 2165 2100 Do-

518 2135 778 2203 minum,
836 2136 940 2208 qui
995 2137 1056 2192 in
1107 2137 1267 2192 caelis
1325 2141 1436 2206 est,
1490 2137 1834 2209 respiciens,
1892 2135 2054 2203 novi,
2110 2140 2166 2190 et

516 2237 878 2294 persuasum
901 2224 1119 2293 habeo,
1154 2227 1317 2298 quod
1351 2231 1407 2283 et
1433 2226 1606 2281 vobis
1627 2231 1835 2280 notum
1859 2240 1987 2280 esse
2008 2224 2163 2294 volo,

520 2311 771 2367 celerem
818 2312 1163 2368 adfuturam
1197 2330 1396 2385 opem,
1439 2330 1549 2368 nec
1592 2317 1944 2385 perpetuam
1993 2312 2166 2368 dere-

519 2399 822 2456 lictionem
853 2400 1134 2458 futuram.
1180 2403 1349 2468 Quod
1395 2403 1555 2458 enim
1598 2403 1760 2475 passi
1803 2419 2033 2471 sumus,
2087 2400 2166 2456 ob

519 2493 768 2559 peccata
798 2495 1003 2546 nostra
1030 2491 1195 2562 passi
1229 2508 1471 2559 sumus;
1518 2492 1623 2546 sed
1650 2507 1827 2563 opem
1859 2507 2054 2558 suam,
2087 2490 2166 2545 ob

522 2592 700 2631 suum
725 2576 787 2632 in
822 2578 1115 2634 Ecclesias
1141 2595 1408 2636 amorem
1440 2596 1510 2636 ac
1540 2579 2030 2648 misericordiam,
2062 2578 2163 2634 be-

519 2664 742 2733 nignus
771 2667 1069 2724 ostendet.
1121 2669 1354 2725 Minime
1401 2674 1602 2724 tamen
1633 2669 1945 2724 omisimus
1986 2671 2044 2723 et
2070 2683 2166 2723 co-

519 2768 652 2809 ram
682 2756 1022 2826 supplicare
1051 2757 1486 2828 potentioribus
1519 2758 1675 2814 viris.
1710 2762 1767 2813 et
1803 2757 1879 2812 ad
1923 2772 2024 2812 eos
2063 2756 2166 2828 qui

2273 1605 2386 1658 ταῖς
2433 1595 2657 1668 ἐμαυτοῦ
2716 1594 2898 1657 ἀκοαῖς
2956 1592 3312 1666 ὑπεδεξάμην,
3383 1593 3581 1663 πληγὰς
3623 1596 3703 1665 μὶν
3750 1599 3820 1644 καὶ

2273 1685 2447 1760 ὕϐρεις
2477 1685 2544 1745 εἰς
2573 1685 2708 1756 ὑμᾶς
2739 1686 2949 1752 αύτούς,
2989 1686 3249 1757 πόρθησιν
3298 1679 3356 1735 δε
3407 1685 3573 1747 οἴκων,
3606 1688 3687 1733 καὶ
3726 1684 3820 1754 ερή.

2274 1794 2440 1848 μωσιν
2467 1773 2680 1842 πόλεως,
2715 1777 2804 1824 καὶ
2835 1770 3088 1845 πατρίδος
3127 1772 3249 1834 ὅλης
3284 1771 3594 1844 ἀνατροπὴν,
3626 1767 3823 1840 διωγμὸν

2274 1863 2582 1924 Ἐκκλησίας
2635 1867 2724 1914 καὶ
2788 1867 2952 1934 φυγὴν
3021 1865 3210 1936 ἱερέων,
3276 1861 3622 1912 ἐπανάστασιν
3667 1859 3824 1924 λύκων,

2273 1958 2362 2005 καὶ
2417 1957 2668 2024 ποιμνίων
2729 1949 3045 2023 διασποροίν.
3113 1950 3248 2004 Ἀλλ’
3315 1947 3494 2007 ἐπειδὴ
3561 1947 3827 2019 ἐπαυσάμην

2271 2049 2362 2095 τοῦ
2403 2049 2693 2112 στεναγμοῦ
2725 2041 2813 2093 καί
2846 2049 2944 2092 τῶν
2991 2037 3252 2114 δακρύων,
3316 2043 3446 2111 πρός
3496 2042 3579 2090 τόν
3620 2038 3662 2089 ἐν
3699 2037 3828 2109 ούρα-

2274 2139 2379 2193 νοῖς
2428 2136 2690 2187 Δεσπότην
2739 2128 3057 2199 ἀποϐλέψας,
3091 2125 3216 2180 οἶδα
3257 2133 3351 2180 καὶ
3390 2133 3685 2199 πέπεισμαι,
3712 2126 3733 2177 ὃ
3758 2130 3829 2177 καί

2275 2219 2409 2292 ὑμᾶς
2448 2225 2721 2290 ’γινώσκειν
2769 2217 3050 2290 βούλομαι,
3100 2219 3181 2269 ὅτι
3232 2224 3432 2288 ταχεῖα
3461 2218 3603 2268 ἔσται
3647 2217 3672 2273 ἠ
3711 2213 3830 2265 ἀντί-

2275 2307 2452 2378 ληψις,
2479 2313 2568 2360 καὶ
2598 2307 2692 2358 οὐκ
2723 2306 2792 2368 εἰς
2823 2305 2964 2366 τέλος
2994 2308 3142 2357 ἔσται
3183 2307 3212 2362 ἠ
3262 2304 3642 2376 ἐγκατάλειψις.
3677 2303 3733 2355 Ὀ
3758 2305 3830 2374 μὲν

2273 2400 2374 2470 γὰρ
2407 2398 2751 2466 πεπόνθαμεν,
2785 2391 2878 2446 διὰ
2904 2397 2993 2454 τὰς
3043 2393 3306 2467 ἁμαρτίας
3355 2396 3500 2466 ἡμῶν
3527 2393 3829 2462 πεπόνθαμεν·

2274 2490 2368 2543 τὴν
2419 2482 2476 2537 δὲ
2506 2485 2664 2536 αὐτοῦ
2709 2483 2957 2555 βοήθειαν
3007 2480 3100 2535 διὰ
3139 2486 3232 2540 τὴν
3278 2487 3399 2555 περὶ
3437 2485 3528 2544 τὰς
3562 2481 3832 2538 Ἐκκλησίας

2275 2573 2459 2625 ἑαυτοῦ
2487 2573 2694 2644 ἀγάπην
2721 2577 2809 2623 καὶ
2849 2571 3211 2642 εύσπλαγχίαν
3242 2572 3267 2622 ὁ
3299 2570 3650 2644 φιλάνθρωπος
3675 2565 3834 2621 ἐπιδεί-

2276 2663 2436 2726 ξεται.
2490 2663 2564 2714 Ού
2604 2667 2777 2735 μέντοι
2819 2661 3162 2736 παρελίπομεν
3193 2665 3285 2712 καὶ
3329 2667 3576 2736 παρόντες
3601 2661 3705 2729 (22)
3741 2662 3836 2718 τοὺς

2277 2752 2323 2804 ἐν
2357 2749 2575 2824 δυνάμει
2617 2753 3051 2818 καθικετεύοντες,
3104 2754 3194 2802 καὶ
3235 2750 3325 2803 ἐπὶ
3375 2759 3466 2803 τοῦ
3522 2744 3837 2822 στρατοπέδου

522 2857 636 2898 nos
668 2841 728 2897 in
762 2843 899 2900 aula
928 2843 1205 2915 diligunt,
1246 2845 1523 2912 scribere,
1557 2851 1622 2900 ut
1666 2845 1860 2901 rabidi
1905 2845 2167 2900 hominis

2276 2848 2377 2902 τοῖς
2419 2839 2693 2912 ἀγαπῶσιν
2743 2843 2882 2912 ἡμᾶς
2942 2839 3324 2901 ἐπιστέλλοντες
3378 2840 3713 2912 ἐπισχεθῆναι
3763 2845 3840 2894 τῆς

521 2932 611 2988 ira
639 2934 1095 3005 comprimatur.
1120 2939 1198 2990 Ac
1224 2934 1349 2990 fore
1371 2934 1626 2991 arbitror
1646 2939 1710 2990 ut
1730 2951 1767 2990 ει
1795 2934 1999 2991 multis
2031 2950 2168 2990 con-

521 3019 858 3085 demnetur.
875 3021 990 3077 nisi
1010 3022 1157 3079 forte
1177 3027 1417 3095 tempus
1438 3021 1900 3095 perturbationis
1920 3020 2170 3092 plenum

519 3107 634 3172 his,
668 3109 774 3181 qui
823 3125 953 3167 rem
997 3111 1306 3183 publicam
1354 3115 1586 3182 gerunt,
1629 3110 1775 3166 nihil
1804 3110 1882 3167 ad
1911 3109 2026 3166 ista
2069 3107 2172 3166 otii

521 3197 843 3270 reliquerit.

878 3332 1056 3405 384
1089 3335 1423 3392 EPISTOLA
1463 3334 1800 3392 CCXLVIII‘.

2277 2931 2436 3004 ὀργῆς
2479 2933 2566 2981 τόν
2605 2929 2901 2984 λυσσῶντα.
2954 2932 3055 2981 Καὶ
3103 2935 3251 3000 οἶμαι
3311 2931 3457 3000 παρὰ
3509 2927 3694 2981 πολλῶν
3728 2924 3839 2986 ἥξειν

2278 3017 2418 3089 αύτῷ
2443 3020 2791 3089 κατάγνωσιν,
2841 3016 2923 3069 ἐὰν
2961 3021 3032 3090 μὴ
3070 3018 3174 3088 ἄρα
3220 3019 3245 3068 ό
3289 3021 3474 3092 καιρός
3515 3014 3721 3089 θορύϐου
3749 3014 3841 3082 (23)

2277 3107 2674 3182 πεπληρωμένος
2704 3104 2970 3180 μηδεμίαν
3020 3104 3097 3179 δῷ
3148 3106 3356 3179 σχολὴν
3400 3110 3518 3182 περί
3562 3112 3716 3157 ταῦτα
3755 3107 3843 3160 τοῖς

2280 3196 2362 3250 ἐπὶ
2387 3205 2485 3248 τῶν
2505 3198 2843 3270 πραγμάτων.

2781 3332 3121 3386 ΕΠΙΣΤΟΛΗ
3162 3330 3338 3385 ΣΜῙΥ.

525 3451 728 3529 Minus
757 3456 1069 3510 molestum
1096 3458 1327 3513 Basilio
1359 3457 1556 3514 abesse
1580 3457 2088 3526 Amphilochium,
2116 3471 2180 3513 eo
2205 3457 2366 3529 quod
2393 3457 2548 3513 absit
2579 3472 2614 3513 a
2639 3458 3050 3529 persecutione
3079 3471 3264 3526 usque
3290 3455 3376 3512 ad
3399 3453 3845 3529 sanguinise/Iu:

595 3525 816 3599 sionem
847 3530 1136 3582 saeviente.
1169 3529 1419 3594 Quidam
1451 3531 1606 3584 enim
1645 3523 1958 3597 Asclepius
1988 3544 2063 3584 ea:
2091 3523 2289 3599 plaéis
2324 3535 2614 3584 mortuus.
2639 3523 2826 3597 _Spem
2858 3528 3032 3584 habet
3063 3523 3334 3584 Basilius
3378 3531 3442 3584 in
3476 3523 3846 3598 A'mphilochii

595 3596 912 3666 precibus;
940 3603 1135 3652 monet
1165 3604 1230 3652 ut
1256 3600 1453 3654 mittat
1486 3602 1590 3670 qui
1621 3596 1841 3655 librum
1872 3602 1956 3656 De
1975 3596 2432 3672 Spiritu'sancto
2453 3601 2640 3669 ferat.

852 3701 1287 3771 Amphilochia.
1331 3703 1525 3762 Iconii
1560 3707 1851 3775 episcopo.

594 3807 684 3862 Ad
724 3807 1088 3864 desiderium
1137 3815 1411 3866 nostrum
1458 3811 1604 3867 dum
1646 3812 2022 3885 respicimus,
2068 3827 2172 3867 an-

526 3895 726 3965 gimur
752 3897 916 3968 quod
947 3902 1254 3971 tantopere
1293 3915 1329 3955 a
1351 3904 1452 3956 tua
1473 3900 1689 3971 pietate
1725 3902 1913 3956 simus
1938 3900 2131 3955 dissiti
2156 3917 2169 3955 :

526 3986 672 4041 dum
701 4002 840 4042 vero
871 3988 944 4043 ad
979 3994 1094 4044 tua:
1120 3990 1253 4043 vitae
1284 3991 1777 4061 tranquilitatem,
1811 3992 2030 4060 gratias
2057 4006 2173 4060 ago

528 4077 803 4140 Domino,
832 4078 935 4148 qui
969 4083 1131 4133 tuam
1165 4079 1444 4150 pietatem
1471 4081 1686 4134 exemit
1719 4081 1795 4135 ab
1829 4083 1940 4137 hoc
1970 4082 2172 4136 incen-

527 4164 646 4229 dio,
661 4165 823 4235 quod
844 4167 1134 4236 majorem
1160 4169 1218 4221 in
1241 4168 1489 4221 modum
1509 4170 1879 4238 provinciam
1900 4176 2171 4224 nostram

526 4255 882 4311 devastavit.
937 4256 1104 4312 Dedit
1155 4256 1315 4310 enim
1359 4256 1534 4311 nobis
1582 4259 1918 4314 secundum
1967 4264 2172 4316 nostra

2620 3704 2968 3778 Ἀμφιλοχίῳ,
3003 3705 3272 3778 ἑπισκόπῳ
3307 3706 3547 3760 Ἰκονίου.

2351 3816 2511 3869 Ὀταν
2559 3820 2648 3889 μὲν
2714 3822 2844 3891 πρὸς
2905 3822 2998 3877 τὴν
3043 3820 3298 3894 ἡμετέραν
3365 3819 3535 3871 αὐτῶν
3607 3818 3846 3887 ἐπιθυμίαν

2284 3903 2573 3978 ἀπίδωμεν,
2615 3905 2892 3979 ἀχθόμεθα
2929 3915 3176 3959 τοσοῦτον
3227 3905 3576 3980 διῳκισμένοι
3617 3913 3701 3965 τῆς
3734 3902 3847 3956 εύλα-

2283 3993 2421 4056 Θείας
2490 4013 2606 4047 σου·
2667 3998 2788 4048 ὅταν
2825 3993 2883 4048 δὲ
2939 4000 3070 4068 πρὸς
3133 4000 3189 4049 τὸ
3231 3997 3496 4068 εἰρηνικόν
3554 4005 3646 4056 τῆς
3683 3996 3847 4046 σαυτοῦ

2285 4079 2590 4156 διαγωγῆς,
2667 4088 3083 4159 εὐχαριστοῦμεν
3148 4094 3220 4155 τῷ
3291 4091 3520 4161 Κυρίῳ,
3587 4092 3656 4136 τῶ
3720 4080 3848 4142 ἐξελο-

2283 4176 2414 4244 μένῳ
2447 4174 2560 4243 (24)
2623 4179 2716 4231 τὴν
2783 4173 3046 4226 εὐλάϐειαν
3113 4194 3207 4226 σου
3256 4173 3360 4226 ἀπὸ
3421 4182 3515 4227 τοῦ
3572 4174 3847 4247 ἐμπρησμοῦ

2285 4265 2491 4333 τούτου,
2535 4264 2585 4323 ὃς
2623 4263 2772 4316 πλέον
2827 4263 3122 4336 ἐπενείματο
3174 4269 3262 4322 την
3330 4266 3452 4316 καθ’
3505 4266 3643 4337 ἡμας
3697 4278 3850 4330 παροί-

526 4359 711 4415 opcra
753 4346 954 4416 justus
996 4345 1184 4416 judex
1248 4345 1534 4415 angelum
1589 4348 1844 4416 Satanm,
1898 4349 2002 4420 qui
2055 4364 2167 4404 nos

2285 4356 2422 4406 κίαν.
2478 4349 2679 4406 Ἔδωκε
2750 4355 2852 4427 γὰρ
2911 4355 3036 4426 ἡμῖν
3101 4356 3234 4406 κατὰ
3279 4356 3349 4406 τὰ
3388 4357 3519 4430 ἔργα
3562 4356 3700 4426 ἡμῶν
3736 4343 3847 4402 όδιο

599 4681 619 4701 ’
657 4680 816 4735 Alias
839 4683 990 4738 CXC.
1021 4683 1250 4739 Scrinta
1275 4699 1434 4738 anno
1457 4687 1581 4739 376.

598 4751 640 4824 ff
681 4751 840 4824 Alias
864 4753 1102 4807 CCCCV.
1129 4751 1357 4824 Scripta
1379 4770 1539 4809 anno
1570 4759 1694 4810 376.

527 4821 720 4946 Edtlttiil
748 4822 920 4908 'llptv.
953 4827 1036 4879 Ita
1066 4825 1237 4881 Cois].
1258 4821 1523 4897 'uterque
1554 4833 1611 4882 et
1651 4829 1791 4896 Reg.
1845 4826 2168 4881 secundus.

617 4909 630 4946 I
700 4913 840 4946 υιιιν.

617 4908 676 4946 ιιι
700 4913 840 4948 IIl-LW.

594 4914 1220 5039 Iltltll',w":ty1.roxatpnri._Sic
1259 4967 1426 5035 led,
1473 4967 1649 5024 Coisl.
1688 4972 1938 5039 uterque
1983 4972 2040 5024 et
2069 4971 2173 5024 Re-

525 5034 658 5104 gius
687 5034 1117 5104 primus.’Editi
1149 5034 1485 5107 ἀποκάμοιτι.

752 5107 1041 5182 Προθείναι.
1075 5107 1244 5182 CoisI_.
1278 5106 1508 5182 primus
1538 5113 1594 5163 et
1621 5110 1742 5162 Vat.
1771 5111 2097 5182 προσθεῖναι.

598 5177 709 5245 (21)
749 5177 1136 5238 Νικοπολίταις.
1199 5177 1397 5236 Codex
1454 5177 1952 5234 Claromontanus
2005 5180 2173 5236 addit

523 5247 912 5322 πρεσϐυτέροις.
952 5248 1338 5322 Qui_quidem
1366 5249 1566 5322 titulus
1600 5250 1944 5304 conﬁrmari
1977 5256 2172 5321 potest

524 5319 594 5391 ex
627 5319 935 5374 codicibus
968 5319 1136 5384 Medi,
1169 5319 1345 5391 Cois].
1380 5321 1575 5391 primo
1626 5326 1681 5373 et
1724 5322 1904 5391 Hegio
1949 5319 2168 5391 primo,

522 5388 578 5442 in
599 5391 956 5462 quibusliaec
975 5390 1224 5462 epistola
1245 5388 1830 5462 proix’imeran‘tccedit
1851 5388 2168 5462 epistolam

521 5463 624 5532 2:96
662 5461 735 5514 ad
767 5460 1152 5531 presbyteros
1183 5477 1317 5515 cum
1352 5461 1465 5532 hoc
1495 5460 1662 5532 titqu
1711 5460 2020 5532 scriptam,
2065 5472 2170 5523 τοῖς

523 5529 884 5612 εὐτοῖςιυὶιάε
902 5529 1214 5612 utramque
1236 5529 1895 5612 presbyterisscriptam
1913 5529 2040 5612 esse
2056 5535 2171 5591 col-

522 5599 830 5667 ﬁgendum
855 5599 1158 5661 esseLSed
1172 5599 1386 5662 melius
1401 5599 1590 5665 codex
1619 5599 1958 5675 Vaticanus,
1971 5605 2032 5662 in
2044 5620 2168 5678 quo

2282 4687 2410 4764 haec
2441 4687 2692 4764 epistola
2720 4687 3201 4764 ducentesimam
3242 4690 3616 4764 trigesimam
3642 4687 3712 4743 ad
3741 4699 3846 4764 ma-

2284 4760 2566 4827 gistratus
2599 4759 3039 4830 Nicopolitanos
3067 4762 3347 4832 scriptam
3430 4763 3655 4816 roxime
3683 4759 3846 4827 sequi-

2284 4836 2377 4884 tur
2397 4845 2534 4884 cum
2557 4829 2671 4884 hoc
2697 4831 2887 4886 titulo.
2916 4839 3023 4886 τοῖς
3054 4832 3251 4886 αὐτοῖς.
3276 4777 3508 4886 ίὶειλίέηι.
3526 4831 3607 4886 Ad
3632 4829 3845 4884 eosdem

2283 4836 2377 4884 tur
2397 4845 2534 4884 cum
2557 4829 2671 4884 hoc
2697 4829 2887 4889 titulo.
2916 4839 3023 4893 τοῖς
3054 4829 3251 4898 αὐτοῖς,
3276 4829 3508 4888 iisdem.
3526 4831 3607 4886 Ad
3632 4829 3845 4884 eosdem

2281 4899 2562 4973 libentius
2592 4902 2893 4973 retulerim
2917 4903 3074 4957 hanc
3098 4903 3437 4973 epistolam,
3465 4903 3557 4958 vel
3586 4901 3659 4955 ad
3689 4900 3841 4973 cives.

2284 4971 2520 5044 Videtur
2537 4972 2694 5025 enim
2718 4973 2925 5026 iisdem
2950 4973 3023 5027 de
3041 4970 3219 5027 rebus
3245 4989 3422 5042 agere
3445 4991 3514 5028 ac
3533 4970 3843 5044 prmcedens

2279 5057 2415 5113 quae
2438 5042 2662 5096 clericis
2691 5044 2910 5113 scripta
2941 5049 3050 5100 est.
3081 5045 3375 5099 I—"razterea
3408 5045 3499 5099 his
3527 5042 3840 5102 verbis,ver-

2281 5112 2422 5167 bera
2453 5119 2505 5167 et
2538 5116 2925 5170 contumelias
2955 5117 3017 5169 in
3049 5131 3148 5171 vos
3177 5118 3351 5182 ipsos,
3374 5116 3738 5171 sacerdotum
3755 5123 3840 5182 er-

2277 5184 2629 5256 pulsionem,
2659 5186 3063 5256 nonobscnre
3098 5181 3344 5242 Basilius
3377 5203 3502 5253 eos,
3541 5201 3686 5256 quos
3719 5181 3840 5236 allo-

2277 5254 2499 5328 quitur,
2531 5270 2569 5309 a
2597 5255 3014 5311 sacerdotibus
3039 5257 3369 5326 distinguit.
3555 5254 3588 5328 ξ,
3689 5326 3728 5328 η
3780 5320 3811 5328 ,,

2349 5326 2460 5394 (22)
2500 5330 2600 5377 Καὶ
2628 5331 2897 5400 παρόντες.
2941 5331 3071 5383 Ηεθο
3111 5320 3331 5384 desunt
3371 5328 3430 5384 in
3461 5326 3657 5382 codice
3686 5320 3837 5380 Medi-

2280 5410 2423 5450 οξεο.

2498 5466 2757 5544 Θορύςου.
2791 5468 2972 5544 Coisl.
2998 5470 3231 5544 primus
3263 5469 3507 5544 θορύβων.

2351 5529 2461 5605 (24)
2499 5529 2583 5607 τῷ
2615 5537 2906 5612 ἐξελομένῳ.
2935 5529 3108 5597 Coisl.
3133 5529 3360 5613 primu's
3381 5539 3676 5611 ἐξελουμὲνῳ
3703 5529 3830 5592 Med.

2276 5604 2596 5680 ἅξειλαμένῳ.
3221 5622 3223 5624 ·
3283 5614 3285 5616 ·
