4100 6214
229 288 332 344 929
1188 279 1675 343 EPISTOLARUM
1713 278 1992 339 CLASSIS
2029 282 2098 338 Il.
2136 281 2347 341 EPIST.
2390 280 2543 342 CCL.
3477 290 3582 351 930

226 412 535 485 καιὸκρίτης
585 406 802 482 ἄγγελον
858 407 1060 476 Σατὰν,
1122 408 1308 471 ἱκανῶς
1372 410 1511 482 ἦμᾶς
1572 424 1823 461 κατακον-

1963 403 2085 461 tatis
2118 421 2420 480 superque
2457 411 2655 478 vexat,
2684 406 3084 482 haeresimque
3122 410 3337 469 acriter
3373 410 3582 469 defen-

230 495 537 568 δυλίςοντα,
566 503 656 550 καὶ
703 493 947 573 σφοδρῶς
990 500 1081 570 μὲν
1120 493 1430 551 ἐκδικοῦντα
1476 502 1568 556 τὴν
1600 497 1819 569 αἵρεσιν·

1963 492 2043 561 lit,
2066 498 2122 550 et
2145 494 2369 552 bellum
2396 498 2458 554 in
2492 514 2604 555 nos
2648 513 2719 554 eo
2750 498 3047 570 perduxit,
3080 504 3144 556 ut
3180 515 3256 557 ne
3298 502 3582 571 sanguini

226 592 392 663 μέχρι
416 590 672 640 τοσούτου
705 583 763 639 δὲ
790 590 878 639 τὸν
915 590 1041 660 πρὸς
1071 587 1205 659 ἡμᾶς
1235 586 1555 659 ἐξαγαγόντα
1581 585 1822 658 πόλεμον,

1959 582 2183 655 [uidem
2218 591 2429 656 parcat
2458 586 2830 643 credentium
2859 588 2919 643 in
2947 590 3153 644 Deum.
3185 592 3333 646 Nam
3371 590 3578 662 profe-

226 679 366 730 ὥστε
389 673 530 751 μηδὲ
567 677 783 749 αἵματος
814 678 1098 748 φείσασθαι
1140 684 1239 728 τῶν
1274 676 1340 737 εἰς
1377 679 1513 745 ¹Θεὸν
1551 693 1829 728 πεπιστευ-

1960 677 2029 728 :to
2056 672 2433 731 dilectionem
2466 680 2629 731 tuam
2658 691 2782 731 non
2806 675 2968 745 latet,
2998 677 3339 749 Asclepium
3368 695 3579 751 quem-

225 770 409 819 κὸτων.
464 767 679 828 Πάντως
719 767 820 840 γὰρ
878 764 971 817 ούκ
1030 764 1179 818 ἵλαθέ
1223 783 1318 818 σου
1361 770 1454 825 τὴν
1486 763 1829 836 ἀγάπην,ξὸτι

1961 760 2100 830 lam,
2123 777 2194 817 eo
2224 763 2390 833 quod
2416 763 2910 819 communionem
2935 779 3073 819 cum
3098 767 3254 821 Doec
3280 766 3426 822 inire
3454 766 3580 823 nol-

227 854 552 917 ’Δσκλήπιὸς
578 874 680 920 τις,
710 850 804 907 διὰ
840 856 899 905 τὸ
929 857 998 926 μὴ
1026 852 1232 907 ελέσθαι
1272 858 1367 913 τὴν
1407 856 1534 927 πρὸς
1564 856 1650 905 τὸν
1676 856 1827 910 Δωὴκ

1958 853 2031 917 et,
2058 849 2139 906 ab
2168 849 2283 906 illis
2312 851 2719 921 verberatum,
2768 867 2840 907 ex
2870 849 3065 923 plagis
3095 858 3404 910 mortuum
3429 871 3577 927 esse,

225 948 516 1011 κοινωνίαν,
548 946 867 1015 τυπτόμενος
890 942 1015 1015 παρ’
1047 942 1215 996 αὐτῶν
1258 949 1373 1005 ταῖς
1402 942 1626 1014 πληγαῖς
1655 940 1828 993 ἐναπέ-

1959 937 2028 993 rel
2054 938 2253 1010 potius
2296 955 2404 1011 per
2446 939 2660 1012 plagas
2702 939 2782 996 ad
2812 939 3002 996 vitam
3046 955 3175 996 esse
3206 942 3578 1000 translatum.

227 1034 367 1102 θανε,
399 1030 591 1104 μᾶλλον
624 1026 659 1084 δ
662 1034 683 1084 's
706 1027 801 1083 διὰ
819 1039 918 1083 τῶν
948 1030 1160 1102 πληγῶν
1185 1031 1256 1094 εἰς
1276 1036 1369 1092 της
1399 1032 1537 1093 ζωὴν
1558 1031 1823 1097 μετετέθη.

1965 1030 2348 1084 Ionsentanea
2390 1033 2591 1085 autem
2636 1028 2776 1084 huic
2811 1028 3062 1084 facinori
3102 1028 3334 1101 reliqua
3378 1031 3584 1088 omnia

224 1120 516 1175 Ἀκολουθα
559 1117 619 1173 δὲ
670 1118 842 1191 ἐκείνῳ
888 1121 1060 1172 πάντα
1107 1122 1217 1172 οἴου
1256 1122 1496 1191 γίνεσθαι
1542 1122 1609 1172 τὰ
1647 1118 1822 1171 λοιπάο

1971 1133 2063 1172 ssc
2111 1117 2403 1184 existima,
2468 1116 2916 1189 persecutiones
2969 1116 3459 1189 presbyterorum
3514 1134 3586 1175 ac

226 1206 493 1282 διωγμοὺς
521 1207 883 1284 πρεσϐυτέρων
925 1213 1015 1261 καὶ
1058 1205 1418 1277 διδασκάλων,
1459 1211 1524 1261 τὰ
1573 1207 1703 1261 ἄλλα
1728 1209 1829 1260 ὃσα

1964 1204 2385 1275 nagistrorum,
2419 1210 2475 1261 et
2519 1221 2921 1278 quascumque
2961 1205 3079 1261 alia
3117 1206 3363 1262 fecerint
3395 1207 3583 1263 homi-

225 1297 285 1350 ἂν
315 1303 594 1356 ποιήσειαν
638 1298 903 1369 ἄνθρωποι
955 1304 1017 1369 τῇ
1075 1296 1131 1349 ἐκ
1177 1305 1270 1358 τῆς
1325 1296 1496 1369 ἀρχῆς
1543 1292 1827 1367 δυναστείᾳ

1965 1309 2041 1348 les
2081 1293 2317 1365 imperii
2358 1295 2707 1350 auctoritate
2757 1294 2835 1349 ad
2884 1311 3061 1349 suum
3111 1295 3383 1366 ipsorum
3424 1296 3584 1351 arbi-

223 1390 358 1462 πρὸς
393 1390 451 1439 τό
494 1385 687 1439 ἑαυτῶν
738 1383 984 1458 βούλημα
1035 1389 1371 1460 κεχρημένοι.
1434 1385 1590 1439 Ἀλλὰ
1635 1387 1826 1437 τούτων

1967 1379 2112 1436 rium
2164 1380 2498 1438 abutentes.
2566 1380 2681 1437 Sed
2737 1381 2955 1436 horum
3000 1381 3359 1437 solutionem
3410 1382 3586 1439 nobis

222 1480 315 1547 μεν
346 1480 441 1534 τὴν
469 1474 619 1528 λύσιν
661 1475 786 1546 ἡμῖν
817 1476 843 1526 ὁ
878 1476 1066 1547 Κύριος
1102 1482 1219 1536 ταῖς
1252 1493 1368 1535 σαις
1419 1473 1603 1546 εύχαῖς
1642 1470 1825 1543 δώσει,

1968 1468 2221 1525 ὀωἱτιιιε
2268 1468 2549 1540 precibus
2595 1469 2713 1526 tuis
2769 1470 2937 1525 dabit
2997 1474 3053 1525 et
3099 1470 3470 1541 patientiam,
3522 1475 3587 1528 ut

220 1569 315 1617 καὶ
354 1568 450 1622 τὴν
479 1565 762 1635 ὑπομονὴν·
808 1561 942 1615 ὥστε
971 1560 1245 1635 βαστάσαι
1273 1564 1408 1635 ἡμᾶς
1436 1566 1495 1614 τὸ
1536 1561 1697 1637 βάρος
1727 1570 1826 1613 τῶν

1965 1556 2328 1612 entationum
2359 1557 2599 1629 pondus
2643 1558 2930 1625 feramus,
2982 1559 3061 1615 ita
3104 1563 3171 1615 ut
3216 1574 3323 1631 spe
3356 1559 3416 1614 in
3451 1559 3584 1631 ipso

221 1659 530 1725 πειρασμῶν
562 1650 717 1714 ἀξίως
747 1659 844 1714 τῆς
873 1649 949 1703 ἐπ’
979 1651 1134 1703 αὐτὸν
1163 1648 1392 1712 ἐλπίδος·
1429 1651 1580 1712 αύτὸς
1611 1647 1669 1703 δὲ
1696 1669 1826 1702 κατ-

1968 1645 2197 1717 eposita
2225 1644 2479 1716 dignum
2529 1650 2639 1702 est.
2675 1651 2805 1719 Ipse
2849 1662 2991 1703 vero
3042 1647 3308 1717 digneris
3356 1647 3435 1704 ad
3472 1663 3585 1704 nos

221 1741 375 1804 αξίου
422 1760 511 1793 και
562 1738 871 1792 ἐπιστέλλειν
927 1741 1050 1812 ἡμῖν
1101 1748 1331 1811 συνεχῶς
1381 1743 1501 1813 περὶ
1542 1748 1640 1791 τῶν
1691 1740 1827 1790 κατὰ

1963 1740 2276 1807 requenter
2306 1736 2565 1793 scribere
2593 1736 2668 1792 de
2714 1736 2897 1793 rebus
2929 1736 3067 1792 tuis.
3105 1743 3187 1792 Ac
3232 1737 3282 1793 si
3317 1739 3582 1810 reperias

224 1833 472 1887 σεαυτόν.
524 1827 629 1882 Κᾶν
675 1828 825 1901 εὕρῃς
866 1830 981 1881 τινὰ
1029 1830 1118 1879 τὸν
1168 1836 1363 1889 πιστῶς
1409 1847 1493 1880 σοι
1543 1824 1824 1900 δυνάμενον

1965 1825 2043 1897 [ui
2089 1823 2341 1880 fideliter
2385 1825 2575 1897 possit
2620 1825 2697 1882 ad
2750 1829 2805 1881 te
2853 1824 3112 1897 perferre
3144 1826 3516 1884 elaboratum
3547 1844 3584 1885 a

223 1916 545 1991 διακομίσαι
582 1920 642 1969 τὸ
672 1919 891 1974 πονηθεν
938 1918 1065 1989 ἡμῖν
1111 1916 1334 1989 βιϐλίον,
1374 1917 1693 1979 καταξίωσον
1740 1935 1827 1988 με·

1966 1929 2034 1968 ne
2057 1912 2300 1982 librum,
2331 1929 2634 1970 accersere
2684 1928 2757 1969 ne
2789 1914 3071 1984 graveris,
3113 1918 3179 1973 ut
3220 1921 3324 1972 tua
3370 1932 3585 1989 appro-

220 2006 624 2074 ταστείλασθαι,
662 2006 763 2077 ἵνα,
801 2012 861 2077 τῇ
916 2013 981 2078 σῇ
1031 2003 1290 2079 ἐπικρίσει
1331 2005 1695 2081 θαρρήσαντες,
1738 2009 1828 2056 καὶ

1964 2002 2180 2057 »δῐὶοῐιθ
2232 2002 2465 2067 confisi,
2519 2002 2576 2057 in
2629 2001 2884 2058 aliorum
2929 2003 3111 2059 etiam
3155 2019 3373 2061 manus
3416 2005 3583 2061 illum

221 2095 300 2158 εἰς
344 2095 507 2148 ἄλλων
551 2101 742 2169 χεῖρας
791 2093 917 2146 αὐτὸ
994 2090 1431 2167 διαπεμψώμεθα.
1493 2092 1825 2169 Ἐρρωμένος,

1965 2090 2434 2147 ransmittamus.
2466 2089 2708 2157 ‘Valens,
2737 2090 2906 2146 laetus
2939 2092 3003 2147 in
3048 2094 3327 2164 Domino,
3372 2099 3429 2151 et
3455 2110 3584 2167 pre-

220 2186 445 2257 εύθυμος
470 2191 542 2255 τῷ
576 2187 774 2257 Κυρίῳ,
802 2183 1217 2256 ὑπερευχόμενος
1238 2184 1369 2254 (25),
1397 2184 1711 2257 χαρισθείης
1738 2200 1828 2253 μοι

1965 2196 2102 2252 :ans,
2148 2180 2295 2236 mihi
2346 2184 2403 2236 et
2449 2179 2687 2237 Domini
2726 2180 3001 2239 Ecclesiae
3055 2184 3426 2256 concedaris,
3478 2199 3584 2257 per

222 2278 318 2327 καὶ
349 2280 412 2346 τῇ
461 2279 553 2325 τοῦ
588 2276 783 2345 Κυρίου
832 2270 1120 2344 Ἐκκλησία
1148 2273 1337 2344 χάριτι
1364 2279 1455 2324 τού
1483 2270 1660 2344 Ἀγίου
1691 2271 1824 2342 (26).

832 2270 1120 2344 Ἐκκλησία
1148 2273 1337 2344 χάριτι
1364 2279 1455 2324 τού
1483 2270 1660 2344 Ἀγίου
1691 2271 1824 2342 (26).
1939 2268 2138 2326 Sancti
2167 2269 2445 2339 gratiam.

754 2384 1084 2433 ΕΡΙΣΤΟΛΗ
1124 2376 1300 2434 ΣΜΘ’.

2418 2378 2526 2432 ΕΡΙ
2535 2378 2756 2435 STOLA
2806 2378 3092 2435 CCXLIX'.

230 2485 621 2545 Commendat
640 2486 898 2558 aliquem
928 2486 991 2541 in
1014 2484 1129 2541 hac
1156 2484 1410 2555 epistola
1437 2484 1724 2558 Basilius,
1748 2497 1921 2558 quem
1953 2481 2187 2558 beatum
2217 2482 2520 2558 eguistimat
2544 2483 2706 2558 quod
2740 2486 2899 2558 hisce
2925 2485 3284 2550 tumultibus
3303 2486 3588 2544 liberetur

973 2563 1030 2613 et
1060 2558 1392 2613 convictum
1440 2571 1574 2612 cum
1615 2554 1952 2612 hominibus
1982 2555 2169 2609 Deum
2213 2554 2549 2611 timentibus
2579 2555 2841 2625 elegerit.

565 2663 963 2736 ’Δνεπίγραφος,
989 2661 1069 2715 ἐπ’
1098 2658 1248 2738 ἀνδρὶ
1273 2661 1492 2717 εύλαϐεῖ.

2232 2661 2369 2716 Sine
2395 2661 2806 2728 inscriptione,
2836 2662 2956 2716 viri
2978 2662 3066 2733 pii
3084 2678 3279 2719 causa.

300 2776 586 2846 Συγχαίρω
615 2779 688 2842 τῷ
734 2768 938 2843 ἀδελφῷ
975 2767 1134 2841 τῷδε,
1178 2775 1266 2823 καὶ
1296 2778 1395 2822 τῶν
1423 2769 1643 2822 ἐνταῦθα
1672 2769 1829 2842 θορύ-
1863 2834 1897 2846 Α

2006 2765 2280 2823 Gratulor
2317 2765 2458 2822 huic
2498 2765 2683 2834 fratri,
2729 2767 2896 2839 quod
2934 2773 2992 2824 et
3034 2768 3200 2825 hisce
3233 2770 3453 2826 nostris
3498 2775 3586 2826 tu-

228 2861 334 2915 ϐων
363 2861 833 2933 ἁπαλλασσομὲνῳ,
881 2864 971 2912 καὶ
996 2864 1090 2918 τὴν
1127 2868 1224 2919 σῆν
1256 2858 1518 2912 εὐλάϐειαν
1565 2856 1828 2929 καταλαμ-

1965 2856 2229 2914 uultibus
2260 2855 2560 2925 liberetur,
2607 2860 2664 2912 et
2692 2834 2975 2929 pietatem
3011 2864 3174 2914 tuam
3206 2860 3403 2916 adeat.
3434 2864 3584 2917 Nam

226 2950 457 3006 ϐάνοντι.
508 2950 733 3021 Ἀγαθὸν
779 2950 881 3023 γὰρ
929 2948 1069 3019 αύτῷ
1108 2944 1315 3020 ὶφὸδιον
1364 2951 1491 3021 πρὸς
1519 2950 1606 2999 τὸν
1649 2945 1829 3018 ἐφεξῆς

1965 2962 2167 3003 bonum
2211 2944 2324 3000 sibi
2373 2946 2659 3001 viaticum
2690 2946 2769 3001 ad
2799 2946 3060 3003 futuram
3100 2948 3305 3015 vitam,
3353 2948 3584 3004 bonum

222 3038 412 3100 αἰῶνα,
448 3042 536 3096 τὴν
581 3039 713 3109 μετὰ
744 3044 844 3088 τῶν
893 3035 1217 3108 φοϐουμένων
1255 3039 1343 3089 τὸν
1393 3038 1579 3110 Κύριον
1625 3034 1828 3106 ἀγαθὴν

1963 3053 2073 3092 ιιιω
2105 3033 2455 3091 hominibus
2487 3033 2811 3089 Dominum
2842 3036 3191 3091 timentibus
3222 3036 3582 3106 convictum,

224 3124 261 3180 δ
267 3125 900 3199 ιαγονίήν,ἐξελέξατο.⁶ον
916 3129 1006 3177 καὶ
1026 3125 1414 3198 παρατιθέμεθά
1444 3143 1537 3175 σου
1567 3131 1629 3195 τῇ
1662 3128 1830 3196 τιμιό-

1971 3125 2132 3195 legit.
2164 3125 2352 3191 Quem
2382 3128 2438 3179 et
2477 3128 2593 3179 tuae
2632 3122 2907 3193 dignitati
2936 3125 3320 3193 commendo,
3371 3131 3427 3183 et
3475 3126 3584 3182 ad—

222 3235 370 3284 τητι,
397 3220 488 3267 καὶ
516 3213 801 3289 παρακαλῶ
827 3209 900 3265 δι’
931 3212 1093 3265 αὐτοῦ
1141 3214 1396 3284 εὔχεσθαι
1437 3214 1689 3287 ὑπερζτῆς
1719 3211 1826 3265 ἐλε-

1966 3220 2141 3271 ιοτῐον
2170 3229 2277 3286 per
2314 3229 2476 3279 eum,
2521 3217 2587 3267 ut
2630 3212 2890 3287 preceris
2936 3228 3045 3286 pro
3089 3230 3224 3272 mea
3254 3215 3585 3272 miserabili

227 3313 365 3365 εινῆς
394 3306 541 3375 ἡμῶν
581 3304 743 3372 ζωῆς,
790 3304 895 3372 ἵνα,
940 3303 1215 3377 ῥυσθέντες
1240 3310 1341 3354 τῶν
1369 3309 1673 3376 πειρασμῶν
1700 3303 1828 3354 τού-

1965 3303 2078 3371 'ita,
2134 3308 2199 3359 ut
2223 3301 2509 3359 liberatus
2545 3300 2624 3357 ab
2671 3301 2766 3357 his
2806 3302 3256 3374 tentationibus,
3300 3305 3584 3379 incipiam

227 3410 352 3457 των,
376 3390 649 3465 ἀρξώμεθα
671 3392 784 3465 (27)
816 3387 1077 3444 δουλεύειν
1104 3398 1177 3462 τῷ
1208 3395 1381 3463 Κυρίῳ
1409 3392 1547 3443 κατὰ
1568 3392 1627 3443 τό
1658 3389 1825 3462 Εὐαγ-

1621 3411 1627 3440 »
1658 3389 1825 3462 Εὐαγ-
1937 3392 2161 3449 servire
2182 3390 2437 3449 Domino
2467 3390 2804 3447 secundum
2823 3392 3240 3463 Evangelium.

234 3480 426 3552 γέλων.

666 3637 679 3649 ,
762 3591 1091 3640 ΕΡῙΣΤΟΛΗ
1132 3585 1244 3641 ΣΝ.

2352 3590 2529 3661 335
2571 3590 2906 3647 EPISTOLA
2945 3590 3140 3650 CCL“.

232 3712 480 3769 Gratias
502 3713 626 3783 agit
652 3710 1003 3781 Patrophilo
1018 3709 1498 3783 Basilius,iquad
1527 3710 1609 3767 ad
1637 3725 1698 3767 se
1719 3725 1830 3780 per
1847 3712 2212 3783 Strategium
2241 3713 2565 3782 scripserit,
2594 3718 2646 3768 et
2686 3727 2724 3767 a
2752 3727 2812 3769 se
2840 3712 3146 3783 diligendo
3171 3729 3291 3770 non
3321 3714 3588 3775 discedat

869 3783 1180 3838 Rationem
1220 3782 1415 3838 reddit
1448 3797 1558 3837 cur
1587 3798 1720 3838 cum
1751 3782 2075 3840 Eustathio
2105 3787 2543 3841 communicare
2578 3799 2697 3839 non
2733 3786 2941 3853 possit.

336 3889 668 3965 Πατροφίλῳ,
692 3888 959 3961 ἐπισκόπῳ
980 3897 1075 3951 τῆς
1099 3886 1146 3940 ἓν
1172 3889 1377 3960 Αἰγεαῐς
1409 3888 1721 3951 Ἐκκλησίας

2087 3892 2447 3962 PatrOphilo,
2478 3892 2803 3962 zEgeensis
2830 3893 3118 3950 Ecclesia:
3148 3895 3438 3965 episcopo.

298 3997 432 4068 Ὀψὲ
480 4000 571 4069 μὲν
621 3994 878 4069 ἐδεξάμην
916 3998 1009 4058 τὰς
1069 3997 1154 4049 ἐπὶ
1212 4003 1323 4056 τοῖς
1359 4000 1621 4071 προτέροις
1662 3997 1831 4071 γράμ-

2013 4001 2155 4057 Sero
2196 3998 2445 4072 quidem
2491 4001 2697 4071 accepi
2745 4004 2849 4056 tua
2890 4000 3190 4072 prioribus
3248 4001 3455 4059 litteris
3492 4019 3586 4060 re-

220 4106 391 4161 μασιν
446 4084 771 4159 ἀποκρίσεις·
824 4082 1081 4158 ἐδεξάμην
1140 4081 1189 4137 δ’
1244 4081 1331 4137 οὖν
1380 4085 1515 4157 ὅμως
1581 4081 1674 4138 διὰ
1739 4091 1831 4137 τοῦ

1977 4104 2199 4161 ponsa;
2237 4088 2344 4145 sed
2368 4094 2570 4145 tamen
2600 4089 2807 4161 accepi
2826 4104 2933 4161 per
2952 4091 3398 4161 optatissimum
3426 4094 3589 4150 Stra-

218 4178 601 4231 ποθεινοτάτου
632 4180 973 4251 Στρατηγίου,
1006 4180 1094 4227 καὶ
1123 4174 1494 4247 εύχαρίστησα
1517 4183 1590 4246 τῷ
1633 4180 1828 4251 Κυρίῳ.

1971 4179 2185 4250 egium,
2233 4183 2289 4235 et
2318 4178 2542 4249 gratias
2576 4178 2670 4249 egi
2698 4179 2975 4249 Domino,
3014 4180 3182 4251 quod
3212 4181 3371 4237 idem
3408 4182 3470 4238 in
3503 4184 3590 4240 di-

218 4267 307 4319 ὃτι
334 4263 605 4337 διαμένεις
633 4266 659 4316 ὁ
699 4264 851 4325 αὐτὸς
882 4263 930 4316 ἓν
981 4272 1044 4337 τῇ
1086 4267 1212 4337 πρὸς
1251 4266 1388 4336 ἡμᾶς
1432 4263 1631 4338 ἀγάπῃ.
1679 4264 1741 4318 Ἀ
1776 4262 1834 4317 δε

1971 4269 2190 4323 actione
2219 4283 2360 4338 erga
2404 4283 2517 4323 nos
2564 4283 2943 4339 permaneas.
3003 4270 3145 4333 Qua:
3191 4274 3390 4325 autem
3427 4287 3590 4329 nunc

216 4363 312 4407 νῦν
344 4354 689 4416 κατηξίωσας
718 4358 833 4425 περὶ
862 4362 958 4414 τῆς
1008 4353 1167 4412 αὐτῆς
1197 4354 1489 4415 ὑποθέσεως
1521 4353 1830 4407 ἐπιστεῖλαι.

1970 4357 2226 4426 lignatus
2272 4374 2335 4413 es
2374 4358 2448 4413 de
2491 4356 2704 4413 eodem
2754 4356 3113 4426 argumento
3170 4359 3447 4425 scribere,
3491 4360 3589 4417 dc-

218 4440 506 4505 ἰιπόδειξιν
559 4446 672 4514 ἔχει
723 4451 821 4503 τῆς
877 4439 1079 4513 ἀγαθῆς
1153 4460 1248 4493 σου
1315 4445 1685 4515 προαιρέσεως·
1754 4443 1835 4494 ὅτι

1968 4447 2440 4504 nonstrationem
2464 4445 2691 4501 habent
2710 4444 2885 4501 bona:
2917 4450 3031 4501 tuae
3060 4446 3411 4513 voluntatis;
3448 4465 3587 4505 cum

217 4539 432 4608 φρονεῖς
478 4535 544 4584 τὰ
592 4529 796 4597 δέοντα,
849 4535 938 4583 καὶ
1000 4529 1369 4603 συμϐουλεύεις
1429 4532 1640 4603 ἡμῖντὰ
1688 4530 1835 4583 λυσι-

1967 4536 2168 4591 ιευιὶἂε
2196 4552 2267 4592 ea
2286 4552 2422 4609 quae
2453 4536 2667 4591 decent
2695 4538 2751 4589 et
2782 4533 3040 4589 suadeas
3069 4534 3244 4590 nobis
3266 4535 3451 4592 utilia.
3475 4537 3586 4595 Sed

214 4622 347 4679 τελῆ
387 4663 401 4675 .
485 4620 627 4679 Πλὴν
710 4617 816 4671 ἀλλ’
888 4616 1068 4677 ἐπειδὴ
1136 4619 1289 4671 πάλιν
1347 4620 1448 4694 ὁρῶ
1517 4624 1833 4693 μακρότερον

1971 4640 2143 4680 amen
2164 4625 2308 4696 quia
2332 4641 2539 4679 rursus
2568 4623 2744 4679 video
2786 4622 3124 4692 longiorem
3172 4624 3321 4679 mihi
3369 4641 3590 4683 sermo«

215 4729 318 4782 μοι
358 4710 483 4779 (28)
558 4712 645 4761 τὸν
710 4708 857 4779 λόγον
938 4712 1221 4780 γινόμενον,
1290 4707 1335 4759 εἰ
1397 4706 1633 4779 μέλλοιμι
1704 4712 1834 4781 πρὸς

1968 4728 2081 4767 lem
2134 4712 2422 4778 futurum,
2468 4712 2516 4767 si
2567 4712 2744 4767 velim
2792 4711 3118 4782 unicuique
3172 4727 3404 4782 eorum,
3449 4730 3587 4787 quas

216 4800 457 4851 ἕκαστον
515 4806 615 4849 τῶν
668 4795 1052 4869 ἐπεσταλμένων
1107 4799 1249 4871 παρὰ
1304 4804 1395 4858 τῆς
1439 4805 1537 4858 σῆς
1588 4800 1835 4858 συνέσεως

1974 4800 2164 4872 cripta
2190 4804 2331 4856 sunt
2380 4816 2418 4857 a
2462 4804 2565 4856 tua
2612 4799 2954 4871 prudentia,
3012 4801 3411 4872 respondere:
3456 4807 3588 4861 tan-

294 5061 919 5190 (2'5).'Y1rcpw§o'ptvoc.
953 5061 1168 5144 Codex.
1193 5062 1694 5145 Claromontanus
1730 5063 1835 5146 ad-

294 5145 517 5190 ῐημων.
547 5150 672 5190 auo
746 5149 871 5190 non
910 5133 1128 5190 legitur
1153 5150 1213 5189 1n
1246 5135 1520 5190 Medicaeo
1557 5139 1613 5190 et
1653 5135 1830 5190 C0131.

1968 5060 2264 5119 ecundus.
2306 5060 2457 5118 Editi
2486 5060 2768 5135 ἀξιὼμεθα,
2798 5068 2864 5118 ut
2894 5063 3113 5134 dignus
3152 5065 3296 5133 ﬁam
3342 5064 3449 5135 qui
3474 5062 3587 5117 Do-

1968 5136 2102 5190 nino
2133 5134 2413 5190 serviam.
2440 5135 2611 5189 Deest
2640 5134 2769 5190 hac
2809 5134 3061 5190 epistola
3092 5136 3156 5190 in
3202 5135 3408 5190 codice
3448 5136 3587 5188 Har-

215 5133 314 5193 dit'
338 5139 517 5207 ἡμῶν,
547 5133 715 5206 quod
746 5133 871 5190 non
900 5133 1128 5207 legitur
1153 5134 1520 5207 inittedicseo
1557 5139 1613 5191 et
1653 5135 1830 5191 Coisl.
1940 5136 2102 5207 mino
2133 5134 2413 5191 serviam.
2440 5133 2622 5189 Deest
2640 5134 2769 5190 hac
2809 5133 3061 5207 epistola
3092 5136 3156 5191 in
3202 5133 3408 5192 codice
3448 5136 3587 5188 Har-

260 5204 452 5272 rinio,
476 5204 588 5278 nec
614 5205 1023 5278 necessarium
1043 5209 1152 5261 est.
1172 5204 1328 5261 Alios
1349 5206 1411 5261 in
1432 5206 1591 5278 hanc
1616 5207 1832 5278 episto-
1939 5206 2155 5263 laeano.

237 5297 347 5335 am
375 5276 617 5333 codices
645 5292 767 5333 non
793 5276 1128 5333 habuimus
1150 5281 1363 5349 praeter
1382 5282 1501 5333 tres
1522 5272 1831 5350 illos'quos
1979 5278 2126 5350 ⁸(28)
2166 5279 2496 5349 Μακρότερόν
2535 5294 2648 5348 μοι.
2689 5277 2829 5332 Tres
2870 5276 3109 5335 codices
3148 5291 3271 5333 non
3302 5272 3585 5346 antiquis-

214 5351 570 5407 citavimus.
784 5418 789 5419 ί
1152 5347 1199 5419 ί
1404 5417 1412 5419 Α
1578 5418 1589 5419 7
1694 5347 1711 5350 ’

1152 5347 1199 5419 ί
1404 5417 1412 5419 Α
1578 5418 1589 5419 γ
1694 5347 1711 5350 ’
1942 5347 2082 5403 simi
2112 5352 2310 5419 μακρόν
2339 5347 2447 5418 μοι.

292 5423 421 5489 (26)
444 5421 636 5495 Χάριτι
661 5426 756 5472 τοῦ
779 5418 979 5491 Ἀγίου.
1005 5419 1139 5474 Haec
1163 5417 1383 5474 desunt
1399 5417 1460 5474 in
1481 5418 1687 5477 codice
1715 5419 1831 5475 Me-

1608 5418 1687 5477 ice
1715 5419 1831 5475 Me-
2012 5421 2057 5495 :A
2071 5417 2230 5495 Alias
2260 5417 2612 5495 QC¥X_X_X_YII_I.
2653 5417 2882 5495 Scripta
2912 5417 3227 5495 annoA376.

215 5488 443 5548 dieeo.
527 5488 538 5495 ’
822 5488 856 5561 ξ
1022 5559 1031 5561 _
1071 5559 1085 5561 _
1548 5559 1558 5561 4
1682 5559 1709 5561 η
2010 5488 2057 5512 ¹¹
2094 5488 2253 5547 Alias
2281 5491 2518 5547 LXXXV.
2558 5488 2970 5561 Scripta‘anno
2997 5492 3121 5544 376.

296 5564 423 5635 (27)
464 5561 784 5636 Ἀρξώμεθα.
818 5559 905 5619 Ita
934 5559 1111 5619 Coisl.
1133 5562 1403 5632 uterque,
1440 5559 1565 5619 Med
1594 5565 1651 5619 et
1679 5559 1825 5633 Reg.
