4100 6214
240 330 339 388 933

746 448 1085 509 summa
1146 453 1288 511 ZNA'

1234 310 1717 389 EPlSTOLARUlii
1755 308 2039 385 εἱλίξεις
2078 312 2151 388 i1.
2186 326 2401 392 EPIST.
2441 331 2617 391 acu.

3484 326 3591 397 634

2360 456 2538 529 333
2579 454 2917 513 EPISTOLA
2956 456 3151 515 σοιν.

224 559 535 634 Eumene;
568 558 784 634 laudat
815 561 1085 619 Basilius
1115 563 1274 633 quod
1316 568 1473 619 stent
1522 564 1583 618 in
1610 559 1749 631 ﬁde,
1782 575 1854 617 ac
1901 563 2130 630 gratias
2160 563 2309 633 agit,
2340 565 2499 634 quod
2527 562 2701 619 aures
2732 578 2851 619 non
2876 564 3241 633 przebucrint
3264 560 3590 623 calumniis

297 647 445 708 quas
474 632 833 708 Eustatliius
861 635 917 688 ei
936 632 1265 708 struxerat,
1296 634 1503 689 dolens
1532 649 1612 699 se,
1653 648 1719 689 eo
1766 634 2132 708 postulante,
2162 632 2303 702 fidei
2331 632 2588 708 Nicama’
2633 634 3068 703 subscripsisse,
3103 653 3373 708 quamvis
3406 645 3589 695 antea

297 704 492 778 eidem
509 703 650 778 ﬁdei
677 705 875 760 Roma’
897 705 1356 778 subscripsisset.
1384 708 1764 761 Demonstrat
1793 704 2177 778 Eustathium
2206 708 2266 761 in
2297 707 2436 762 aliis
2467 706 2640 761 rebus
2666 720 2863 760 secum
2894 708 3089 773 ipsum
3113 703 3407 778 pugnare.
3429 710 3587 767 Nam

296 789 429 833 cum
457 775 739 847 Arianos,
774 790 811 831 a
839 775 1053 845 quibus
1080 777 1381 845 depositus
1402 778 1634 846 fuerat,
1664 784 1937 844 negasset
1971 777 2112 847 olim
2155 778 2457 844 episcopos
2487 792 2626 839 esse,
2670 791 2831 832 nunc
2861 778 2952 839 iis,
2978 775 3123 847 quos
3146 775 3245 835 illi
3264 780 3584 838 ordinave-

296 851 467 912 runt,
488 845 792 914 supplicat
821 864 833 900 :
868 853 920 902 et
962 862 1094 903 cum
1129 845 1417 904 violenter
1441 849 1800 916 exagitasset
1843 861 1935 902 eos
1976 846 2079 917 qui
2125 863 2258 903 cum
2290 849 2533 902 Arianis
2564 845 3106 908 communicabant,
3140 865 3301 905 nunc
3325 851 3585 907 Ariano-

295 932 432 971 rum
464 918 934 973 communionem
959 920 1315 987 suppliciter
1340 920 1487 987 petit
1514 935 1530 971 :
1562 918 1658 972 sui
1682 933 1911 985 semper
1939 919 2273 986 compendii
2327 933 2510 973 causa
2542 918 2800 973 laudans
2831 924 2934 972 aut
2967 924 3331 987 vituperans,
3362 936 3434 976 ac
3464 923 3584 977 Ba-

294 986 434 1042 silio
457 988 677 1043 bellum
709 987 999 1052 indicens,
1024 986 1088 1045 ut
1108 986 1349 1058 placeat
1378 989 1909 1044 Euzozo.Declarat
1936 988 2201 1044 Basilius
2228 989 2402 1056 ﬁdem
2424 1004 2593 1044 suam
2618 1004 2799 1043 unam
2819 1003 3051 1055 semper
3074 996 3128 1045 et
3146 991 3408 1046 eamdem
3429 1007 3577 1047 esse:

294 1064 479 1128 negat
504 1073 565 1115 se
586 1059 882 1127 Spiritum
911 1060 1092 1117 Patri
1119 1067 1225 1117 aut
1253 1060 1408 1117 Filio
1425 1060 1741 1130 pra/erre,
1766 1065 1828 1113 ut
1850 1060 2133 1115 maledici
2178 1060 2563 1117 dictitabant.
2594 1061 2902 1115 Hortatur
2923 1059 3256 1129 Evassenos,
3288 1066 3354 1116 ut
3384 1061 3448 1117 in
3464 1063 3587 1130 ﬁde

288 1136 691 1217 perseverent.

701 1259 823 1316 Τοῖς
851 1254 1164 1316 Εὐαισηνοῖς
1194 1254 1331 1325 (36).

299 1347 347 1397 ί.
392 1341 452 1395 Εἰ
492 1346 582 1393 καὶ
632 1342 763 1395 πολὺ
806 1345 866 1395 τό
922 1342 1121 1405 πλῆθος
1161 1348 1264 1395 τῶν
1306 1344 1654 1416 περιεχόντών
1711 1340 1821 1410 (37)

220 1434 367 1503 ἡμᾶς
432 1433 774 1503 πραγμάτων,
836 1436 924 1483 καὶ
986 1436 1224 1505 φροντίσι
1273 1435 1488 1506 μυρίαις
1544 1433 1823 1501 συνέχεται

217 1520 370 1590 ἡμῶν
420 1519 453 1575 ἡ
510 1515 739 1586 διάνοια,
800 1520 939 1592 ὅμως
993 1515 1246 1572 οὐδέποτε
1291 1526 1383 1578 τῆς
1427 1521 1637 1590 μνήμης
1675 1518 1821 1588 ἡμῶν

213 1604 523 1677 ἐξεϐάλομεν
578 1612 673 1665 τὴν
727 1612 846 1682 περὶ
923 1615 1018 1669 τῆς
1087 1609 1334 1681 ὑμετέρας
1411 1608 1618 1677 ἀγάπης
1670 1609 1820 1680 μέρι-

212 1715 375 1767 μναν,
415 1692 649 1768 δεόμενοι
703 1703 795 1748 τοῦ
834 1698 949 1749 θεοῦ
1009 1698 1155 1769 ἡμῶν
1201 1693 1468 1768 διαμεῖναι
1506 1696 1643 1767 ὑμᾶς
1671 1697 1720 1746 ἐν
1754 1699 1816 1766 τῇ

210 1789 423 1853 πίστει,
477 1784 525 1836 ἑν
564 1785 738 1856 ᾗ(38)
769 1784 1023 1843 ἑστήκατε
1059 1790 1149 1839 καὶ
1194 1786 1473 1857 καυχᾶσθε
1521 1782 1599 1835 ἄπ’
1647 1780 1820 1835 ἑλπίδι

210 1882 316 1934 τῆς
348 1869 512 1935 δόξης
537 1880 628 1925 τοῦ
686 1880 840 1927 Θεοῦ.
880 1879 963 1944 Τῷ
993 1878 1099 1926 ὄντι
1135 1877 1236 1947 γὰρ
1283 1871 1596 1945 δυσεύρετον
1642 1871 1820 1924 λοιπόν

208 1967 309 2015 καὶ
379 1964 514 2013 πάνυ
563 1963 778 2014 σπάνιον
833 1958 961 2014 ἰδεῖν
993 1963 1304 2021 Ἐκκλησίαν
1352 1961 1621 2033 εἰλικρινῆ,
1654 1958 1820 2032 μηδὲν

209 2049 274 2102 ἐκ
328 2058 424 2109 τῆς
473 2055 571 2101 τῶν
617 2058 812 2121 καιρῶν
844 2052 957 2119 (39)
985 2049 1345 2123 χαλεπότητος
1372 2047 1816 2122 παραϐλαϐεῖσαν,

204 2136 330 2189 ἀλλ’
377 2136 616 2211 ἀκεραίαν
832 2143 923 2190 καὶ
962 2139 1261 2213 ἄθραυστον
1318 2142 1413 2196 τήν
1463 2136 1818 2195 ἰιποστολικήν

208 2223 596 2287 διασώζουσαν
628 2222 1004 2294 διδασκαλίαν,
1056 2228 1168 2279 οἵαν
1199 2232 1293 2285 τὴν
1322 2226 1439 2279 καθ’
1471 2227 1604 2298 ὑμᾶς
1628 2222 1818 2288 ἔδειξεν

214 2318 274 2370 ἐν
310 2324 423 2378 τοῖς
468 2322 699 2389 παροῦσι
752 2323 956 2391 καιροῖς
992 2319 1018 2369 ό
1057 2314 1364 2378 ἁναδεικνὺς
1400 2320 1516 2376 τοὺς
1546 2316 1663 2368 καθ’
1694 2316 1817 2368 ἐκά-

213 2424 358 2462 ms
406 2408 579 2476 γενεὰν
627 2403 800 2467 ἀξίους
845 2414 941 2467 τῆς
993 2405 1178 2458 εαυτοῦ
1239 2406 1485 2465 κλήσεως.
1547 2408 1646 2457 Καὶ
1704 2401 1814 2474 δῴη

212 2497 413 2568 Κύριος
476 2494 596 2565 ὑμῖν
652 2496 719 2545 τὰ
782 2492 958 2565 ἄγαθὰ
1001 2494 1342 2569 Ἰερουσαλὴμ
1399 2501 1494 2555 τῆς
1544 2495 1666 2552 ἄνω,
1705 2492 1817 2545 ἀνθ’

1854 1255 1903 1307 Α

2590 1254 2914 1311 Eumenis.

2007 1344 2056 1395 t.
2096 1340 2216 1396 Etsi
2242 1346 2501 1411 magnus
2527 1344 2818 1397 numerus
2850 1341 3245 1397 detinentium
3267 1358 3381 1399 nos
3400 1344 3587 1414 nego;

1931 1427 2172 1493 tlorum,
2199 1428 2818 1501 sollicitudinibusque
2845 1429 3091 1485 inﬁnitis
3116 1436 3451 1503 occupatur
3476 1447 3585 1488 no-

1931 1520 2052 1572 ster
2087 1516 2347 1584 animus,
2376 1533 2692 1590 nunquam
2736 1523 2937 1574 tamen
2981 1532 3012 1573 e
3056 1518 3349 1574 memoria
3377 1523 3586 1576 nostra

1930 1605 2292 1676 projecimus
2349 1609 2558 1662 vestrae
2614 1606 2917 1662 charitatis
2969 1621 3198 1673 curam,
3263 1610 3581 1678 precantes

1931 1695 2119 1749 Deum
2147 1699 2424 1750 nostrum
2446 1699 2511 1750 ut
2530 1696 2933 1767 permaneatis
2960 1695 3020 1750 in
3050 1695 3189 1760 ﬁde,
3236 1694 3299 1751 in
3323 1710 3447 1768 qua
3463 1700 3583 1751 sta-

1931 1782 2002 1837 tis
2033 1786 2088 1837 et
2117 1781 2455 1851 gloriamini
2511 1783 2574 1837 in
2629 1799 2734 1854 spe
2784 1783 2986 1852 glorias
3032 1783 3153 1839 Dei.
3187 1782 3337 1839 Nam
3370 1790 3583 1838 reVera

1929 1869 2169 1926 difﬁcile
2193 1872 2321 1942 jam
2346 1872 2595 1927 inventu
2651 1887 2721 1927 ac
2768 1887 3014 1942 prorsus
3050 1886 3277 1938 rarum,
3322 1871 3584 1927 Ecclesia

1931 1960 2185 2027 sincera,
2217 1960 2361 2015 nihil
2402 1976 2476 2015 ex
2532 1964 2873 2031 temporum
2908 1959 3256 2016 difﬁcultate
3277 1960 3439 2030 laesa,
3475 1956 3583 2015 sed

1928 2049 2224 2118 integram
2238 2054 2293 2103 et
2304 2049 2665 2104 inoffensam
2680 2064 2927 2105 servans
2941 2048 3337 2120 apostolicam
3356 2048 3580 2103 doctri-

1928 2151 2092 2206 nam,
2147 2137 2392 2208 qualem
2440 2141 2704 2193 vestram
2758 2137 3019 2192 ostendit
3058 2137 3150 2192 his
3207 2136 3582 2209 temporibus

1929 2224 2251 2281 Ecclesiam
2266 2227 2370 2297 qui
2386 2225 2737 2281 manifestos
2756 2225 2814 2280 in
2835 2223 3584 2294 singulisgenerationibus

1927 2313 2068 2369 facit
2089 2329 2230 2397 eos”
2270 2314 2377 2387 qui
2428 2314 2618 2387 ipsius
2639 2314 2953 2370 vocatione
2984 2314 3151 2385 digni
3178 2318 3335 2369 sunt.
3369 2318 3451 2368 Ac
3480 2313 3582 2368 det

1926 2402 2101 2457 vobis
2127 2403 2417 2458 Dominus
2448 2403 2613 2459 bona
2650 2403 2979 2459 Jerusalem
3014 2418 3311 2474 supernae,
3361 2417 3471 2473 pro
3509 2408 3582 2456 eo

1927 2491 2093 2562 quod
2117 2491 2300 2547 falsas
2330 2498 2539 2548 contra
2588 2507 2702 2547 nos
2728 2492 3065 2547 calumnias
3086 2491 3145 2545 in
3170 2491 3584 2546 mentientium

211 2584 287 2634 ὧν
342 2585 437 2642 τὰς
499 2579 711 2653 ψευδεῖς
777 2582 893 2635 καθ’
946 2584 1091 2655 ἡμῶν
1150 2580 1395 2643 διαϐολὰς
1447 2581 1529 2634 ἐπὶ
1576 2585 1666 2642 τὰς
1716 2590 1815 2633 τῶν

1935 2580 2128 2651 capita
2174 2580 2485 2650 rejecistis,
2545 2580 2790 2635 minime
2840 2582 3053 2635 dantes
3107 2580 3190 2634 eis
3247 2580 3479 2634 aditum
3521 2579 3584 2634 in

212 2666 559 2741 ψευδολόγων
640 2669 860 2742 κεφαλὰς
915 2670 1309 2743 ἀπεπέμψασθε,
1357 2674 1428 2741 μὴ
1491 2665 1666 2730 δόντες
1722 2669 1814 2721 αὐ-

208 2765 330 2819 τοῖς
370 2755 577 2810 εἷσοδον
636 2757 722 2810 ἐπὶ
770 2761 860 2819 τὰς
915 2755 1137 2832 καρδίας
1196 2758 1358 2830 ὑμῶν.
1411 2762 1511 2811 Καὶ
1565 2754 1688 2809 οἶδα
1724 2761 1815 2809 καὶ

207 2851 508 2917 πέπεισμαι
555 2844 605 2896 ἐν
655 2850 848 2918 Κυρίῳ,
918 2848 999 2897 ὃτι
1051 2849 1076 2898 ό
1125 2849 1317 2918 μισθὸς
1368 2847 1509 2919 ὑμῶν
1556 2846 1716 2908 πολὺς
1768 2846 1817 2898 ἐν

206 2942 325 2995 τοῖς
376 2934 613 3005 οὐρανοῖς
643 2935 772 3005 (41),
818 2939 907 2987 καὶ
963 2934 1047 2987 ἐπὶ
1092 2942 1153 3007 τῇ
1195 2936 1379 3009 πράξει
1427 2938 1614 3007 ταύτῃ.
1669 2935 1817 2988 Ἐλο-

206 3024 441 3093 γίσασθε
485 3025 587 3094 γὰρ
645 3023 795 3075 τοῦτο
836 3032 1004 3096 σοφῶς
1058 3024 1181 3097 παρ’
1258 3024 1475 3090 ἑαυτοῖς,
1516 3026 1542 3076 ὅ
1589 3029 1678 3076 καὶ
1705 3027 1817 3076 ἔστι

214 3111 339 3163 κατ’
388 3110 655 3178 ἀληθειαν,
704 3113 781 3163 ὅτι
843 3115 894 3165 οἱ
962 3108 1403 3175 ἀνταποδιδόντες
1464 3132 1555 3185 μοι
1614 3115 1819 3187 πονηρὰ

208 3198 333 3252 ἀντὶ
353 3199 521 3251 καλῶν
552 3203 684 3265 (42),
717 3205 807 3253 καὶ
838 3209 994 3272 μῖσος
1024 3199 1135 3253 ἀντὶ
1155 3210 1249 3262 τῆς
1281 3200 1596 3272 ἀγαπήσειέκ
1616 3210 1818 3273 μουτῆς

212 3289 285 3348 εἰς
315 3288 529 3353 αὐτοὺς,
562 3285 599 3341 δ
603 3288 912 3342 ιαϐιίλλουσί
935 3310 997 3362 με
1026 3297 1114 3341 νῦν
1153 3289 1229 3341 ἐπ’
1258 3288 1487 3360 Exciso“,
1508 3288 1579 3350 εἰς
1604 3289 1639 3341 ἆ
1668 3290 1817 3343 αὐτοὶ

217 3377 550 3449 εὑρίσκονται
579 3376 867 3451 ἂγγράφους
887 3379 1001 3451 (43)
1036 3378 1316 3450 ὁμολογίας
1348 3377 1628 3451 ἐκθίμενοι.

294 3468 350 3519 2.
392 3471 491 3518 Καὶ
545 3466 605 3518 οὐ
650 3472 803 3538 μόνον
859 3467 926 3528 εἰς
981 3471 1177 3524 ταύτην
1235 3465 1470 3519 ἐνέπεσον
1534 3472 1628 3525 τὴν
1680 3466 1818 3520 ἐναν-

220 3556 431 3620 τίωσιν,
478 3550 593 3606 ἴδια
635 3557 872 3628 ἔγγραφα
925 3554 1049 3627 ὑμῖν
1100 3554 1215 3607 ἀντὶ
1256 3560 1579 3630 κατηγορίας
1632 3560 1819 3631 προφέ-

217 3660 396 3714 ροντες
452 3642 585 3711 (ﬂ),
634 3642 739 3695 ἀλλ’
786 3646 867 3696 ὅτι
916 3648 1006 3696 καὶ
1066 3643 1321 3717 παμψηφὶ
1362 3645 1472 3716 (45)
1520 3647 1664 3718 παρὰ
1717 3653 1817 3696 τῶν

216 3730 565 3783 συνελθόντων
631 3732 702 3792 εἰς
758 3737 854 3791 τὴν
910 3733 1454 3787 Κωνσταντινούπολιν
1492 3735 1815 3807 καθαιρεθένο

209 3840 317 3887 τες,
381 3820 476 3873 οὐκ
534 3818 770 3884 ἐδέξαντο
837 3827 930 3880 τήν
996 3825 1301 3899 καθαίρεσιν
1346 3824 1537 3892 αὐτῶν,
1598 3820 1815 3876 σύνοδον

208 3908 534 3962 ἀθετοῦντων
588 3914 1081 3987 προσαγορεύοντες,
1140 3916 1230 3964 καὶ
1277 3915 1349 3983 μὴ
1396 3908 1815 3985 καταδεχόμενοι

207 3996 538 4059 ἐπισκόπους
594 3998 787 4059 αὐτοὺς
841 3998 1024 4071 λέγειν,
1077 4002 1160 4052 ἶνα
1205 4004 1276 4072 μὴ
1328 4004 1421 4057 τὴν
1482 4007 1595 4051 κατ’
1644 4000 1814 4052 αὐτῶν

207 4084 574 4156 ἐξενεχθεῖσα)
644 4085 817 4159 ψῆφον
895 4094 1198 4163 κυρώσωσι.
1289 4093 1389 4140 Καὶ
1464 4093 1557 4147 τὴν
1646 4089 1814 4141 αἰτίαν

207 4176 593 4249 προσετίθεσαν
637 4183 727 4227 τοῦ
774 4180 845 4247 μὴ
896 4173 1025 4229 εἶναι
1064 4176 1249 4236 αὐτοὺς
1295 4175 1636 4245 ἐπισκόπους,
1672 4175 1814 4231 διότι

205 4264 477 4337 αἱρέσεως,
529 4270 679 4336 φησὶ,
762 4271 993 4340 πονηρᾶς
1054 4271 1437 4340 προεστήκασι.
1501 4272 1679 4320 Ταῦτα
1754 4264 1814 4321 δι

278 4363 331 4397 ’⁸
370 4362 527 4418 Psal.
555 4377 709 4429 cvm,
737 4368 787 4419 5.

280 4460 401 4533 (36)
442 4459 983 4533 Εὖαισηνοῖςεεοὶεἰ.
1016 4460 1250 4533 primus
1300 4467 1656 4530 Ευαιισηνοις,
1683 4466 1812 4519 tum

208 4529 429 4606 eadem
456 4547 647 4606 manu
671 4529 1038 4606 addimus/pf.
1073 4538 1373 4606 Θυσιανοίς.
1402 4529 1691 4602 scriptum
1722 4537 1813 4589 in-

208 4602 475 4675 uenitur,
518 4602 878 4675 Thysianis.‘
905 4602 1099 4659 codex
1141 4602 1458 4659 Medicams
1519 4606 1812 4675 Εὐασινοῑς,

206 4672 429 4740 Regius
447 4672 750 4727 secundus
780 4672 1104 4737 Εὐϐισηνοῖς.

282 4745 399 4813 (37)
442 4749 817 4816 Περιεχοντῳν.
876 4748 960 4800 lta
1016 4762 1118 4801 sex
1180 4762 1329 4803 mss.
1374 4746 1631 4804 codices.
1664 4747 1815 4803 Editi

207 4820 596 4936 περισδχὸντων.
632 4815 859 4869 ibidem
890 4816 1012 4871 duo
1050 4818 1410 4874 recentiores
1459 4835 1605 4874 mss.
1655 4838 1812 4891 φρον-

207 4890 321 4936 τίσι
394 4892 573 4941 ειναῖς.
606 4886 892 4941 aravibus
923 4888 1104 4941 curis.

205 4903 321 4936 τισι
354 4902 573 4952 οειναις,
606 4902 892 4952 gravious
923 4903 1104 4942 curis.

279 4905 321 4936 τι
354 4902 573 4952 οειναις,
606 4902 892 4955 gravious
923 4903 1104 4942 curis.

279 4955 520 5029 (πόλεις
564 4957 628 5029 ᾖ.
684 4957 1031 5029 Praepositio
1086 4956 1341 5029 addita,
1374 4974 1446 5014 ex
1500 4959 1811 5014 codicibus

207 5025 597 5099 Med.,_Coisl'.
649 5025 847 5099 primo
900 5033 957 5083 et
990 5027 1197 5099 tribus
1247 5028 1402 5084 aliis.
1474 5032 1643 5086 Deest
1682 5030 1813 5086 haec

206 5096 469 5172 epistola
505 5098 568 5152 in
616 5096 821 5172 codice
871 5097 1201 5172 Harlaeano.
1230 5099 1458 5155 Ibidem
1490 5102 1703 5172 Regius
1725 5116 1813 5156 se-

205 5168 452 5243 cundus
502 5172 559 5243 et
605 5169 1124 5243 Coislasecundus
1153 5168 1813 5243 xauxaaOai,_et'glorie-

206 5241 381 5295 mini.
410 5239 764 5319 Paulopost
780 5239 1458 5319 iidemcpdicesbabent
1482 5239 1810 5319 δυσεύρετον,

205 5325 321 5387 pro
352 5325 426 5387 eo
456 5309 771 5382 quod—erat
794 5311 861 5387 in
885 5311 1059 5387 editis
1092 5309 1437 5387 δυσάρεστον.

276 5383 397 5453 (39)
433 5388 544 5434 Τῶν
570 5382 1137 5455 καιρῶνηνθϋοαηυε
1162 5382 1371 5451 codex,
1402 5384 1575 5441 Coisl.
1603 5400 1811 5443 secun-

197 5452 320 5528 dus
340 5458 401 5528 et
421 5455 564 5528 Reg.
585 5452 893 5528 secundus
923 5460 1015 5528 τοῦ
1045 5461 1250 5528 καιροῦ.

273 5526 393 5596 (40)
458 5522 905 5597 ’Δλλίὰκιραίανη
928 5526 1063 5580 llam
1092 5522 1311 5597 desunt
1337 5524 1398 5579 in
1420 5523 1808 5597 Coisl.primo

193 5599 257 5651 et
286 5594 415 5673 uno
436 5594 730 5673 extribus
749 5596 963 5673 Regiis.
978 5597 1106 5656 Non
1132 5594 1323 5654 multo
1342 5601 1477 5673 post
1498 5594 1809 5655 Medicaeus

190 5666 399 5745 podex
419 5672 523 5728 Καὶ
550 5665 671 5727 δοίη
701 5665 910 5748 Κύριος,

1842 5292 1887 5350 D

1928 2667 2114 2723 corda
2140 2672 2358 2722 vestra.
2403 2670 2468 2722 Et
2518 2667 2640 2722 scio
2668 2672 2725 2722 et
2751 2682 3115 2738 persuasum
3146 2666 3342 2723 habeo
3372 2667 3433 2721 in
3469 2669 3581 2721 Do-

1926 2756 2115 2824 mino,
2147 2755 2488 2810 mercedem
2515 2759 2776 2809 vestram
2808 2756 3122 2825 copiosam
3144 2770 3272 2809 esse
3302 2755 3363 2809 in
3389 2754 3579 2824 ccelis,

1925 2844 2021 2900 vel
2049 2844 2129 2899 ob
2155 2844 2313 2899 hanc
2336 2845 2655 2899 actionem.
2691 2842 2837 2897 illud
2850 2844 3013 2898 enim
3041 2842 3463 2898 considerastis
3485 2857 3581 2897 sa-

1926 2934 2156 3005 pienter
2184 2932 2348 3005 apud
2366 2948 2499 3000 vos,
2541 2931 2706 3004 quod
2724 2931 2971 3003 quidem
2993 2936 3050 2986 et
3076 2930 3306 2985 veritati
3328 2944 3582 2984 consen-

1926 3028 2195 3090 taneum,
2228 3037 2331 3078 eos
2379 3022 2482 3094 qui
2520 3021 2860 3077 retributh
2888 3019 3035 3075 mihi
3071 3018 3232 3074 mala
3261 3034 3373 3090 pro
3402 3017 3580 3073 bonis

1927 3114 1984 3167 et
2012 3111 2222 3167 odium
2247 3127 2359 3183 pro
2382 3126 2521 3166 mea
2553 3110 2613 3165 in
2636 3108 2769 3165 illos
2796 3107 3113 3163 dilectione
3144 3109 3217 3176 νδ,
3246 3106 3583 3162 calumnias

1925 3200 2075 3256 mihi
2122 3216 2285 3255 nunc
2348 3201 2427 3255 ob
2475 3215 2547 3255 ea
2593 3203 2839 3267 struere,
2871 3213 3010 3270 quas
3048 3196 3165 3269 ipsi
3202 3196 3585 3270 reperiuntur

1925 3289 2161 3361 scriptis
2184 3287 2666 3344 confessionibus
2688 3286 3119 3359 comprobasse
3133 3329 3146 3341 .

1993 3471 2048 3521 2.
2088 3469 2293 3538 Neque
2339 3465 2401 3521 in
2443 3464 2607 3521 hanc
2637 3463 2830 3521 solam
2873 3463 3213 3519 inciderunt
3235 3475 3581 3534 repugnan-

1922 3555 2091 3624 tiam,
2116 3561 2178 3612 ut
2204 3555 2451 3627 propria
2476 3555 2697 3627 scripta
2739 3553 2918 3610 nobis
2974 3551 3241 3609 criminis
3268 3551 3403 3608 loco
3432 3549 3581 3622 obji-

1923 3648 2144 3713 ccrent,
2192 3644 2297 3699 sed
2354 3644 2537 3699 etiam
2584 3643 2870 3699 omnibus
2912 3642 3215 3712 suffragiis
3244 3640 3435 3708 abiis,
3471 3638 3577 3711 qui

1923 3748 2253 3789 convenere
2282 3731 2887 3804 Constantinopolim,
2920 3729 3194 3803 depositi,
3229 3728 3465 3784 illorum
3497 3726 3575 3782 de

1922 3821 2294 3893 depositione
2338 3820 2643 3875 decretum
2691 3836 2814 3875 non
2857 3823 3228 3891 receperunt,
3268 3814 3573 3888 synodum

1921 3909 2245 3981 impiorum
2277 3908 2671 3981 appellantes,
2696 3925 2807 3965 nec
2832 3908 3061 3981 dignati
3089 3907 3409 3979 episcopos
3440 3903 3575 3959 illos

1923 3998 2248 4071 appellare,
2282 4015 2357 4054 ne
2396 3997 2583 4055 latam
2610 4003 2819 4054 contra
2871 4014 2937 4052 se
2976 3996 3330 4052 sententiam
3361 3992 3575 4049 conﬁr-

1921 4091 2175 4143 marent.
2211 4088 2277 4142 Et
2323 4103 2571 4143 causam
2630 4087 3002 4157 adjecerunt,
3046 4100 3153 4141 cur
3206 4099 3332 4140 non
3377 4082 3578 4137 essent

1921 4176 2190 4249 episcopi
2223 4194 2236 4232 :
2270 4192 2341 4232 eo
2366 4176 2532 4249 quod
2556 4175 2822 4243 haeresis,
2846 4172 3363 4243 aiebant,nefariae
3374 4175 3579 4227 essent

1923 4264 2212 4335 signiferi.
2272 4267 2405 4320 Haec
2450 4268 2654 4320 autem
2706 4267 3037 4320 evenerunt
3086 4266 3225 4318 ante
3276 4260 3489 4317 decem
3518 4262 3577 4315 et

1993 4462 2105 4533 (41)
2127 4460 2314 4533 ,Πολὺς
2347 4458 2551 4533 iv,_etc.
2584 4458 2898 4515 Medicaaus
2947 4473 3088 4533 cum
3141 4454 3409 4533 quinque
3439 4453 3571 4533 aliis

1920 4524 2169 4606 πολύς’ὶν
2208 4540 2272 4606 τῇ
2317 4524 2502 4606 πράξει
2554 4534 2741 4606 ταύτῃ,
2796 4524 3334 4606 cmteris__qniis_s_isl
3366 4524 3573 4606 COiS‘l‘i-

1921 4604 2141 4659 nianus
2185 4595 2418 4674 primus
2447 4595 2749 4674 consentit
2793 4598 3189 4674 cum_ed_itis.~
3217 4598 3344 4653 Non
3380 4595 3571 4674 multo

1919 4663 2337 4747 postquatuor
2351 4672 2729 4747 codicesnon
2752 4668 3147 4747 vetustissimi
3169 4663 3404 4747 ἀνταποδ
3409 4671 3567 4728 ὀντες.

1992 4739 2115 4811 (42Ῑ
2151 4743 2357 4815 Italas.
2385 4742 2674 4815 ItaCoisl.
2702 4744 2933 4815 primus
2989 4746 3047 4797 et
3103 4739 3252 4796 Med.
3278 4755 3417 4794 cum
3448 4754 3570 4794 uno

1922 4832 1991 4871 ex
2036 4815 2250 4883 Regiis.
2282 4813 2430 4868 Editi
2462 4812 2685 4884 ἀγαθῶν.

1995 4878 2623 4958 (43ΓἘγγρςέςξουςζῌξο
2649 4884 2819 4958 locus
2842 4881 3169 4958 illustratur
3195 4896 3278 4958 ex
3317 4878 3572 4958 epistola

1920 4960 2047 5020 244,
2085 4951 2147 5010 n.
2190 4951 2386 5019 5,'ubi
2424 4955 2669 5009 Basilius
2695 4954 2965 5019 miratur,
3015 4968 3122 5008 cur
3146 4951 3327 5007 bilem
3357 4951 3571 5005 Eusta-

1920 5027 2028 5083 thii
2062 5026 2217 5082 adeo
2246 5026 2500 5099 moverit
2553 5025 2631 5080 ob
2663 5024 3028 5099 postulatam
3067 5023 3146 5099 ab
3173 5038 3263 5099 eo
3307 5020 3448 5099 ﬁdei
3480 5020 3571 5099 Ni-

1921 5114 2104 5153 caanae
2131 5097 2601 5162 confessionem;
2642 5092 2780 5152 c'um
2812 5095 3082 5166 ejusdem
3108 5094 3246 5166 ﬁdei
3272 5092 3570 5148 confessio

1922 5172 2125 5225 Romae
2170 5175 2435 5223 servetur
2478 5167 2762 5223 Eustathii
2813 5164 3001 5223 manu
3062 5164 3303 5237 scripta,
3356 5179 3393 5219 a
3445 5175 3570 5232 quo

1920 5242 2101 5295 etiam
2135 5238 2372 5311 synodo
2392 5239 2693 5311 Tyanensi
2720 5238 2925 5311 oblata
2950 5242 3060 5311 est.

2014 5312 2103 5380 44)
2147 5302 2505 5390 [ipseiam-E5.
2556 5314 2637 5365 Ita
2668 5309 2841 5390 Coisl.
2870 5309 3105 5382 primus
3151 5309 3208 5362 et
3248 5302 3397 5360 Med.
3426 5316 3567 5357 cum

1918 5381 2113 5438 tribus
2136 5381 2297 5455 aliis.
2317 5381 2471 5437 Editi
2499 5381 2895 5455 προσφέροντες.

1992 5456 2105 5531 (45)
2146 5451 2425 5531 Πᾳμψῃφί.
2480 5441 3027 5531 Ῡὲιὶοὲι-ὀῃεμοοιιθχ
3051 5444 3349 5531 «ap-inpii.
3376 5441 3567 5531 Paulo

1914 5513 2057 5596 post
2088 5513 2517 5596 multa'désunt
2561 5525 2619 5580 in
2661 5513 3336 5596 Coislinianoprimojet
3374 5513 3567 5572 tribus

1915 5590 2075 5667 aliis,
2100 5596 2162 5650 in
2190 5595 2412 5667 quibus
2440 5595 2655 5667 legitur
2675 5590 3177 5659 ἕπισκόπους,διότι
3204 5590 3469 5664 αἱρέσεως.

1986 5665 2153 5727 Alias
2180 5665 2383 5730 LXXII.
2423 5665 2656 5741 Scripta.
2686 5678 2850 5727 anno
2878 5667 3007 5739 δτι,
